  <div class='ocr_page' id='page_1' title='image "/cluster/home/n/w/nwhite01/storage/ocr_20150623/60/hvd.32044019207810/234.png"; bbox 0 0 3978 6512; ppageno 0'>
   <div class='ocr_carea' id='block_1_1' title="bbox 179 299 280 354">
    <p class='ocr_par' dir='ltr' id='par_1_1' title="bbox 179 299 280 354">
     <span class='ocr_line' id='line_1_1' title="bbox 179 299 280 354; baseline 0.02 -1"><span class='ocrx_word' id='word_1_1' title='bbox 179 299 280 354; x_wconf 69' lang='lat'><strong>229</strong></span> 
     </span>
    </p>
   </div>
   <div class='ocr_carea' id='block_1_2' title="bbox 177 420 1753 511">
    <p class='ocr_par' dir='ltr' id='par_1_2' title="bbox 177 420 1753 511">
     <span class='ocr_line' id='line_1_2' title="bbox 177 420 1753 511; baseline 0.023 -36"><span class='ocrx_word' id='word_1_2' title='bbox 177 420 349 479; x_wconf 77' lang='lat' dir='ltr'><strong>viden&#39;</strong></span> <span class='ocrx_word' id='word_1_3' title='bbox 370 427 695 489; x_wconf 74' lang='lat' dir='ltr'><strong>desiderium</strong></span> <span class='ocrx_word' id='word_1_4' title='bbox 726 435 937 496; x_wconf 78' lang='lat' dir='ltr'><strong>fervens</strong></span> <span class='ocrx_word' id='word_1_5' title='bbox 964 450 1021 498; x_wconf 87' lang='lat' dir='ltr'><strong>et</strong></span> <span class='ocrx_word' id='word_1_6' title='bbox 1043 449 1369 504; x_wconf 84' lang='lat' dir='ltr'><strong>accensum?</strong></span> <span class='ocrx_word' id='word_1_7' title='bbox 1410 450 1472 507; x_wconf 85' lang='lat' dir='ltr'><strong>In</strong></span> <span class='ocrx_word' id='word_1_8' title='bbox 1506 453 1753 511; x_wconf 81' lang='lat' dir='ltr'><strong>eamdem</strong></span> 
     </span>
    </p>
   </div>
   <div class='ocr_carea' id='block_1_3' title="bbox 169 518 1750 615">
    <p class='ocr_par' dir='ltr' id='par_1_3' title="bbox 169 518 1750 615">
     <span class='ocr_line' id='line_1_3' title="bbox 169 518 1750 615; baseline 0.025 -49"><span class='ocrx_word' id='word_1_9' title='bbox 169 527 353 569; x_wconf 79' lang='lat' dir='ltr'><strong>rursus</strong></span> <span class='ocrx_word' id='word_1_10' title='bbox 399 518 618 580; x_wconf 91' lang='lat' dir='ltr'><strong>intravit</strong></span> <span class='ocrx_word' id='word_1_11' title='bbox 670 529 981 601; x_wconf 82' lang='lat' dir='ltr'><strong>civitatem,</strong></span> <span class='ocrx_word' id='word_1_12' title='bbox 1026 546 1087 592; x_wconf 92' lang='lat' dir='ltr'><strong>ut</strong></span> <span class='ocrx_word' id='word_1_13' title='bbox 1122 542 1497 599; x_wconf 73' lang='lat' dir='ltr'><strong>ostenderetur</strong></span> <span class='ocrx_word' id='word_1_14' title='bbox 1536 545 1709 615; x_wconf 91' lang='lat' dir='ltr'><strong>ipsum</strong></span> <span class='ocrx_word' id='word_1_15' title='bbox 1733 587 1750 615; x_wconf 85' lang='lat'><strong>,</strong></span> 
     </span>
    </p>
   </div>
   <div class='ocr_carea' id='block_1_4' title="bbox 165 607 1752 698">
    <p class='ocr_par' dir='ltr' id='par_1_4' title="bbox 165 607 1752 698">
     <span class='ocr_line' id='line_1_4' title="bbox 165 607 1752 698; baseline 0.024 -39"><span class='ocrx_word' id='word_1_16' title='bbox 165 607 334 663; x_wconf 81' lang='lat' dir='ltr'><strong>sicubi</strong></span> <span class='ocrx_word' id='word_1_17' title='bbox 373 616 620 685; x_wconf 83' lang='lat' dir='ltr'><strong>recessit,</strong></span> <span class='ocrx_word' id='word_1_18' title='bbox 652 618 708 675; x_wconf 88' lang='lat' dir='ltr'><strong>id</strong></span> <span class='ocrx_word' id='word_1_19' title='bbox 736 622 945 691; x_wconf 83' lang='lat' dir='ltr'><strong>fecisse,</strong></span> <span class='ocrx_word' id='word_1_20' title='bbox 988 631 1131 698; x_wconf 90' lang='lat' dir='ltr'><strong>quod</strong></span> <span class='ocrx_word' id='word_1_21' title='bbox 1156 634 1318 690; x_wconf 85' lang='lat' dir='ltr'><strong>vellet</strong></span> <span class='ocrx_word' id='word_1_22' title='bbox 1357 607 1582 693; x_wconf 76' lang='lat' dir='ltr'><strong>verbum</strong></span> <span class='ocrx_word' id='word_1_23' title='bbox 1609 607 1752 695; x_wconf 52' lang='lat' dir='ltr'><strong>inse:</strong></span> 
     </span>
    </p>
   </div>
   <div class='ocr_carea' id='block_1_5' title="bbox 164 708 1750 789">
    <p class='ocr_par' dir='ltr' id='par_1_5' title="bbox 164 708 1750 789">
     <span class='ocr_line' id='line_1_5' title="bbox 164 708 1750 789; baseline 0.023 -36"><span class='ocrx_word' id='word_1_24' title='bbox 164 712 301 764; x_wconf 82' lang='lat' dir='ltr'><strong>rere.</strong></span> <span class='ocrx_word' id='word_1_25' title='bbox 332 712 390 758; x_wconf 89' lang='lat' dir='ltr'><strong>et</strong></span> <span class='ocrx_word' id='word_1_26' title='bbox 407 708 551 776; x_wconf 89' lang='lat' dir='ltr'><strong>quod</strong></span> <span class='ocrx_word' id='word_1_27' title='bbox 578 726 685 766; x_wconf 92' lang='lat' dir='ltr'><strong>non</strong></span> <span class='ocrx_word' id='word_1_28' title='bbox 708 727 980 784; x_wconf 90' lang='lat' dir='ltr'><strong>oporteret</strong></span> <span class='ocrx_word' id='word_1_29' title='bbox 1010 721 1246 781; x_wconf 89' lang='lat' dir='ltr'><strong>furorem</strong></span> <span class='ocrx_word' id='word_1_30' title='bbox 1272 727 1486 786; x_wconf 90' lang='lat' dir='ltr'><strong>illorum</strong></span> <span class='ocrx_word' id='word_1_31' title='bbox 1526 748 1750 789; x_wconf 84' lang='lat' dir='ltr'><strong>succen-</strong></span> 
     </span>
    </p>
   </div>
   <div class='ocr_carea' id='block_1_6' title="bbox 162 789 1750 893">
    <p class='ocr_par' dir='ltr' id='par_1_6' title="bbox 162 789 1750 893">
     <span class='ocr_line' id='line_1_6' title="bbox 162 789 1750 893; baseline 0.026 -50"><span class='ocrx_word' id='word_1_32' title='bbox 162 789 307 847; x_wconf 84' lang='lat' dir='ltr'><strong>dere.</strong></span> <span class='ocrx_word' id='word_1_33' title='bbox 338 794 469 853; x_wconf 68' lang='lat' dir='ltr'><strong>llaee</strong></span> <span class='ocrx_word' id='word_1_34' title='bbox 506 816 612 858; x_wconf 92' lang='lat' dir='ltr'><strong>non</strong></span> <span class='ocrx_word' id='word_1_35' title='bbox 652 806 830 865; x_wconf 88' lang='lat' dir='ltr'><strong>minus</strong></span> <span class='ocrx_word' id='word_1_36' title='bbox 866 827 1027 882; x_wconf 90' lang='lat' dir='ltr'><strong>quam</strong></span> <span class='ocrx_word' id='word_1_37' title='bbox 1074 815 1225 888; x_wconf 88' lang='lat' dir='ltr'><strong>signa</strong></span> <span class='ocrx_word' id='word_1_38' title='bbox 1266 823 1589 893; x_wconf 86' lang='lat' dir='ltr'><strong>conspicuos</strong></span> <span class='ocrx_word' id='word_1_39' title='bbox 1628 826 1750 883; x_wconf 90' lang='lat' dir='ltr'><strong>illos</strong></span> 
     </span>
    </p>
   </div>
   <div class='ocr_carea' id='block_1_7' title="bbox 161 883 1745 989">
    <p class='ocr_par' dir='ltr' id='par_1_7' title="bbox 161 883 1745 989">
     <span class='ocr_line' id='line_1_7' title="bbox 161 883 1745 989; baseline 0.025 -54"><span class='ocrx_word' id='word_1_40' title='bbox 161 883 493 957; x_wconf 82' lang='lat' dir='ltr'><strong>reddebant,</strong></span> <span class='ocrx_word' id='word_1_41' title='bbox 532 902 589 949; x_wconf 90' lang='lat' dir='ltr'><strong>et</strong></span> <span class='ocrx_word' id='word_1_42' title='bbox 626 898 799 968; x_wconf 84' lang='lat' dir='ltr'><strong>majus</strong></span> <span class='ocrx_word' id='word_1_43' title='bbox 843 903 1095 973; x_wconf 75' lang='lat' dir='ltr'><strong>gaudium</strong></span> <span class='ocrx_word' id='word_1_44' title='bbox 1126 883 1425 979; x_wconf 65' lang='lat' dir='ltr'><strong>pariebant.</strong></span> <span class='ocrx_word' id='word_1_45' title='bbox 1473 916 1745 989; x_wconf 81' lang='lat' dir='ltr'><strong>Nusquam</strong></span> 
     </span>
    </p>
   </div>
   <div class='ocr_carea' id='block_1_8' title="bbox 158 979 1743 1084">
    <p class='ocr_par' dir='ltr' id='par_1_8' title="bbox 158 979 1743 1084">
     <span class='ocr_line' id='line_1_8' title="bbox 158 979 1743 1084; baseline 0.027 -58"><span class='ocrx_word' id='word_1_46' title='bbox 158 988 288 1030; x_wconf 80' lang='lat' dir='ltr'><strong>vero</strong></span> <span class='ocrx_word' id='word_1_47' title='bbox 324 979 462 1037; x_wconf 84' lang='lat' dir='ltr'><strong>dicit</strong></span> <span class='ocrx_word' id='word_1_48' title='bbox 488 984 632 1055; x_wconf 88' lang='lat' dir='ltr'><strong>ipsos</strong></span> <span class='ocrx_word' id='word_1_49' title='bbox 657 1006 905 1050; x_wconf 81' lang='lat' dir='ltr'><strong>reVersos</strong></span> <span class='ocrx_word' id='word_1_50' title='bbox 941 1013 1081 1067; x_wconf 86' lang='lat' dir='ltr'><strong>esse,</strong></span> <span class='ocrx_word' id='word_1_51' title='bbox 1112 1005 1404 1074; x_wconf 78' lang='lat' dir='ltr'><strong>gaudentes</strong></span> <span class='ocrx_word' id='word_1_52' title='bbox 1425 1010 1568 1080; x_wconf 89' lang='lat' dir='ltr'><strong>quod</strong></span> <span class='ocrx_word' id='word_1_53' title='bbox 1594 1012 1743 1084; x_wconf 82' lang='lat' dir='ltr'><strong>signa</strong></span> 
     </span>
     <span class='ocr_line' id='line_1_9' title="bbox 159 1064 558 1084; baseline 0.028 0"><span class='ocrx_word' id='word_1_54' title='bbox 159 1064 198 1084; x_wconf 71' lang='grc' dir='ltr'><strong>ρ-</strong></span> <span class='ocrx_word' id='word_1_55' title='bbox 219 1067 255 1084; x_wconf 74' lang='grc'><strong>,.</strong></span> <span class='ocrx_word' id='word_1_56' title='bbox 402 1082 409 1084; x_wconf 39' lang='grc' dir='ltr'>λ</span> <span class='ocrx_word' id='word_1_57' title='bbox 546 1077 558 1084; x_wconf 85' lang='grc'><strong><em>-</em></strong></span> 
     </span>
    </p>
   </div>
   <div class='ocr_carea' id='block_1_9' title="bbox 156 1064 1744 1171">
    <p class='ocr_par' dir='ltr' id='par_1_9' title="bbox 156 1064 1744 1171">
     <span class='ocr_line' id='line_1_10' title="bbox 156 1064 1744 1171; baseline 0.028 -52"><span class='ocrx_word' id='word_1_58' title='bbox 156 1064 436 1168; x_wconf 75' lang='lat' dir='ltr'><strong>fecissent,</strong></span> <span class='ocrx_word' id='word_1_59' title='bbox 463 1077 560 1133; x_wconf 89' lang='lat' dir='ltr'><strong>sed</strong></span> <span class='ocrx_word' id='word_1_60' title='bbox 590 1084 733 1151; x_wconf 89' lang='lat' dir='ltr'><strong>quod</strong></span> <span class='ocrx_word' id='word_1_61' title='bbox 775 1086 921 1159; x_wconf 88' lang='lat' dir='ltr'><strong>digni</strong></span> <span class='ocrx_word' id='word_1_62' title='bbox 947 1064 1142 1149; x_wconf 50' lang='lat' dir='ltr'><strong>babitiv</strong></span> <span class='ocrx_word' id='word_1_63' title='bbox 1157 1096 1382 1155; x_wconf 79' lang='lat' dir='ltr'><strong>fuissent</strong></span> <span class='ocrx_word' id='word_1_64' title='bbox 1407 1064 1504 1171; x_wconf 66' lang='lat' dir='ltr'><strong>pro</strong></span> 
     </span>
    </p>
   </div>
   <div class='ocr_carea' id='block_1_10' title="bbox 150 1156 1738 1255">
    <p class='ocr_par' dir='ltr' id='par_1_10' title="bbox 150 1156 1738 1255">
     <span class='ocr_line' id='line_1_11' title="bbox 150 1156 1738 1255; baseline 0.028 -44"><span class='ocrx_word' id='word_1_65' title='bbox 150 1156 263 1227; x_wconf 85' lang='lat' dir='ltr'><strong>ejus</strong></span> <span class='ocrx_word' id='word_1_66' title='bbox 302 1172 688 1229; x_wconf 80' lang='lat' dir='ltr'><strong>contumeliam</strong></span> <span class='ocrx_word' id='word_1_67' title='bbox 733 1156 888 1247; x_wconf 80' lang='lat' dir='ltr'><strong>pati:</strong></span> <span class='ocrx_word' id='word_1_68' title='bbox 918 1198 1039 1239; x_wconf 87' lang='lat' dir='ltr'><strong>nam</strong></span> <span class='ocrx_word' id='word_1_69' title='bbox 1065 1187 1246 1245; x_wconf 87' lang='lat' dir='ltr'><strong>ethoc</strong></span> <span class='ocrx_word' id='word_1_70' title='bbox 1271 1206 1302 1246; x_wconf 90' lang='lat' dir='ltr'><strong>a</strong></span> <span class='ocrx_word' id='word_1_71' title='bbox 1331 1156 1542 1251; x_wconf 66' lang='lat' dir='ltr'><strong>Christo</strong></span> <span class='ocrx_word' id='word_1_72' title='bbox 1564 1197 1738 1255; x_wconf 89' lang='lat' dir='ltr'><strong>edocti</strong></span> 
     </span>
    </p>
   </div>
   <div class='ocr_carea' id='block_1_11' title="bbox 151 1251 1740 1351">
    <p class='ocr_par' dir='ltr' id='par_1_11' title="bbox 151 1251 1740 1351">
     <span class='ocr_line' id='line_1_12' title="bbox 151 1251 1740 1351; baseline 0.027 -48"><span class='ocrx_word' id='word_1_73' title='bbox 151 1251 366 1310; x_wconf 82' lang='lat' dir='ltr'><strong>fuerant</strong></span> <span class='ocrx_word' id='word_1_74' title='bbox 392 1258 605 1320; x_wconf 87' lang='lat' dir='ltr'><strong>dicente</strong></span> <span class='ocrx_word' id='word_1_75' title='bbox 633 1283 649 1319; x_wconf 89' lang='lat'><strong>:</strong></span> <span class='ocrx_word' id='word_1_76' title='bbox 682 1267 857 1326; x_wconf 85' lang='lat' dir='ltr'><strong>Nolite</strong></span> <span class='ocrx_word' id='word_1_77' title='bbox 878 1276 1101 1345; x_wconf 85' lang='lat' dir='ltr'><strong>gaudere</strong></span> <span class='ocrx_word' id='word_1_78' title='bbox 1119 1321 1135 1347; x_wconf 94' lang='lat'><strong>,</strong></span> <span class='ocrx_word' id='word_1_79' title='bbox 1165 1285 1286 1351; x_wconf 87' lang='lat' dir='ltr'><strong>quia</strong></span> <span class='ocrx_word' id='word_1_80' title='bbox 1317 1251 1585 1342; x_wconf 67' lang='lat' dir='ltr'><strong>diemonia</strong></span> <span class='ocrx_word' id='word_1_81' title='bbox 1603 1251 1740 1345; x_wconf 71' lang='lat' dir='ltr'><strong>uobis</strong></span> 
     </span>
    </p>
   </div>
   <div class='ocr_carea' id='block_1_12' title="bbox 146 1342 1740 1452">
    <p class='ocr_par' dir='ltr' id='par_1_12' title="bbox 146 1342 1740 1452">
     <span class='ocr_line' id='line_1_13' title="bbox 146 1342 1740 1452; baseline 0.015 -38"><span class='ocrx_word' id='word_1_82' title='bbox 146 1342 488 1414; x_wconf 48' lang='lat' dir='ltr'><strong>“ficiuntur</strong></span> <span class='ocrx_word' id='word_1_83' title='bbox 508 1353 658 1427; x_wconf 85' lang='lat' dir='ltr'><strong>(Luc.</strong></span> <span class='ocrx_word' id='word_1_84' title='bbox 677 1360 764 1416; x_wconf 78' lang='grc'><strong>10.</strong></span> <span class='ocrx_word' id='word_1_85' title='bbox 798 1342 910 1434; x_wconf 56' lang='lat'><strong>20).</strong></span> <span class='ocrx_word' id='word_1_86' title='bbox 929 1342 1131 1425; x_wconf 78' lang='lat' dir='ltr'><strong>Verum</strong></span> <span class='ocrx_word' id='word_1_87' title='bbox 1159 1342 1301 1429; x_wconf 82' lang='lat' dir='ltr'><strong>enim</strong></span> <span class='ocrx_word' id='word_1_88' title='bbox 1323 1378 1588 1435; x_wconf 88' lang='lat' dir='ltr'><strong>sincerum</strong></span> <span class='ocrx_word' id='word_1_89' title='bbox 1609 1342 1740 1452; x_wconf 58' lang='lat' dir='ltr'><strong>gatt;</strong></span> 
     </span>
    </p>
   </div>
   <div class='ocr_carea' id='block_1_13' title="bbox 98 1434 1734 1532">
    <p class='ocr_par' dir='ltr' id='par_1_13' title="bbox 98 1434 1734 1532">
     <span class='ocr_line' id='line_1_14' title="bbox 98 1434 1734 1532; baseline 0.027 -47"><span class='ocrx_word' id='word_1_90' title='bbox 98 1478 103 1485; x_wconf 91' lang='lat'><strong>.</strong></span> <span class='ocrx_word' id='word_1_91' title='bbox 147 1434 293 1491; x_wconf 89' lang='lat' dir='ltr'><strong>dium</strong></span> <span class='ocrx_word' id='word_1_92' title='bbox 337 1438 447 1499; x_wconf 77' lang='lat' dir='ltr'><strong>hoc</strong></span> <span class='ocrx_word' id='word_1_93' title='bbox 487 1456 602 1513; x_wconf 90' lang='lat' dir='ltr'><strong>est,</strong></span> <span class='ocrx_word' id='word_1_94' title='bbox 645 1451 844 1524; x_wconf 89' lang='lat' dir='ltr'><strong>aliquid</strong></span> <span class='ocrx_word' id='word_1_95' title='bbox 884 1460 991 1527; x_wconf 90' lang='lat' dir='ltr'><strong>pati</strong></span> <span class='ocrx_word' id='word_1_96' title='bbox 1032 1477 1129 1532; x_wconf 90' lang='lat' dir='ltr'><strong>pro</strong></span> <span class='ocrx_word' id='word_1_97' title='bbox 1161 1464 1395 1523; x_wconf 86' lang='lat' dir='ltr'><strong>Christo.</strong></span> <span class='ocrx_word' id='word_1_98' title='bbox 1430 1434 1734 1529; x_wconf 37' lang='lat' dir='ltr'><strong>naualis}.</strong></span> 
     </span>
    </p>
   </div>
   <div class='ocr_carea' id='block_1_14' title="bbox 145 1530 1731 1636">
    <p class='ocr_par' dir='ltr' id='par_1_14' title="bbox 145 1530 1731 1636">
     <span class='ocr_line' id='line_1_15' title="bbox 145 1530 1731 1636; baseline 0.03 -56"><span class='ocrx_word' id='word_1_99' title='bbox 145 1530 393 1589; x_wconf 71' lang='lat' dir='ltr'><strong>civitates</strong></span> <span class='ocrx_word' id='word_1_100' title='bbox 419 1538 538 1595; x_wconf 87' lang='lat' dir='ltr'><strong>illas</strong></span> <span class='ocrx_word' id='word_1_101' title='bbox 576 1557 766 1602; x_wconf 90' lang='lat' dir='ltr'><strong>omnes</strong></span> <span class='ocrx_word' id='word_1_102' title='bbox 805 1564 1088 1622; x_wconf 85' lang='lat' dir='ltr'><strong>venerunt,</strong></span> <span class='ocrx_word' id='word_1_103' title='bbox 1131 1557 1184 1613; x_wconf 93' lang='lat' dir='ltr'><strong>in</strong></span> <span class='ocrx_word' id='word_1_104' title='bbox 1216 1562 1410 1631; x_wconf 90' lang='lat' dir='ltr'><strong>quibus</strong></span> <span class='ocrx_word' id='word_1_105' title='bbox 1450 1570 1731 1636; x_wconf 82' lang='lat' dir='ltr'><strong>periclitati</strong></span> 
     </span>
    </p>
   </div>
   <div class='ocr_carea' id='block_1_15' title="bbox 145 1620 1731 1716">
    <p class='ocr_par' dir='ltr' id='par_1_15' title="bbox 145 1620 1731 1716">
     <span class='ocr_line' id='line_1_16' title="bbox 145 1620 1731 1716; baseline 0.028 -44"><span class='ocrx_word' id='word_1_106' title='bbox 145 1620 373 1681; x_wconf 83' lang='lat' dir='ltr'><strong>inerant.</strong></span> <span class='ocrx_word' id='word_1_107' title='bbox 406 1628 477 1683; x_wconf 87' lang='lat' dir='ltr'><strong>Et</strong></span> <span class='ocrx_word' id='word_1_108' title='bbox 506 1645 706 1700; x_wconf 85' lang='lat' dir='ltr'><strong>postera</strong></span> <span class='ocrx_word' id='word_1_109' title='bbox 730 1638 813 1692; x_wconf 87' lang='lat' dir='ltr'><strong>die</strong></span> <span class='ocrx_word' id='word_1_110' title='bbox 858 1620 1112 1715; x_wconf 83' lang='lat' dir='ltr'><strong>profectus</strong></span> <span class='ocrx_word' id='word_1_111' title='bbox 1153 1620 1373 1706; x_wconf 50' lang='lat' dir='ltr'><strong>est-cum</strong></span> <span class='ocrx_word' id='word_1_112' title='bbox 1414 1620 1650 1713; x_wconf 50' lang='lat' dir='ltr'><strong>Brarnaba</strong></span> <span class='ocrx_word' id='word_1_113' title='bbox 1678 1662 1731 1716; x_wconf 90' lang='lat' dir='ltr'><strong>in</strong></span> 
     </span>
    </p>
   </div>
   <div class='ocr_carea' id='block_1_16' title="bbox 143 1712 1731 1816">
    <p class='ocr_par' dir='ltr' id='par_1_16' title="bbox 143 1712 1731 1816">
     <span class='ocr_line' id='line_1_17' title="bbox 143 1712 1731 1816; baseline 0.028 -52"><span class='ocrx_word' id='word_1_114' title='bbox 143 1712 365 1775; x_wconf 76' lang='lat' dir='ltr'><strong>Derben.</strong></span> <span class='ocrx_word' id='word_1_115' title='bbox 380 1720 473 1780; x_wconf 74' lang='lat'><strong>‘20.</strong></span> <span class='ocrx_word' id='word_1_116' title='bbox 492 1724 713 1798; x_wconf 86' lang='lat' dir='ltr'><strong>Cumque</strong></span> <span class='ocrx_word' id='word_1_117' title='bbox 727 1712 1345 1805; x_wconf 67' lang='lat' dir='ltr'><strong>evangelisassentcivitati</strong></span> <span class='ocrx_word' id='word_1_118' title='bbox 1359 1748 1455 1816; x_wconf 90' lang='lat' dir='ltr'><strong>illi,</strong></span> <span class='ocrx_word' id='word_1_119' title='bbox 1474 1762 1520 1804; x_wconf 89' lang='lat' dir='ltr'><strong>et</strong></span> <span class='ocrx_word' id='word_1_120' title='bbox 1531 1753 1731 1809; x_wconf 84' lang='lat' dir='ltr'><strong>docuis-</strong></span> 
     </span>
    </p>
   </div>
   <div class='ocr_carea' id='block_1_17' title="bbox 138 2001 1723 2094">
    <p class='ocr_par' dir='ltr' id='par_1_17' title="bbox 138 2001 1723 2094">
     <span class='ocr_line' id='line_1_18' title="bbox 138 2001 1723 2094; baseline 0.028 -54"><span class='ocrx_word' id='word_1_121' title='bbox 138 2001 405 2065; x_wconf 74' lang='lat' dir='ltr'><strong>(artesque</strong></span> <span class='ocrx_word' id='word_1_122' title='bbox 446 2010 501 2052; x_wconf 88' lang='lat' dir='ltr'><strong>ut</strong></span> <span class='ocrx_word' id='word_1_123' title='bbox 545 2020 891 2069; x_wconf 82' lang='lat' dir='ltr'><strong>permanerent</strong></span> <span class='ocrx_word' id='word_1_124' title='bbox 924 2013 977 2066; x_wconf 89' lang='lat' dir='ltr'><strong>in</strong></span> <span class='ocrx_word' id='word_1_125' title='bbox 1006 2016 1129 2083; x_wconf 79' lang='lat' dir='ltr'><strong>fide,</strong></span> <span class='ocrx_word' id='word_1_126' title='bbox 1156 2028 1202 2071; x_wconf 87' lang='lat' dir='ltr'><strong>et</strong></span> <span class='ocrx_word' id='word_1_127' title='bbox 1247 2023 1383 2089; x_wconf 86' lang='lat' dir='ltr'><strong>quod</strong></span> <span class='ocrx_word' id='word_1_128' title='bbox 1410 2042 1500 2094; x_wconf 84' lang='lat' dir='ltr'><strong>per</strong></span> <span class='ocrx_word' id='word_1_129' title='bbox 1537 2031 1723 2085; x_wconf 86' lang='lat' dir='ltr'><strong>multas</strong></span> 
     </span>
    </p>
   </div>
   <div class='ocr_carea' id='block_1_18' title="bbox 137 2086 1482 2183">
    <p class='ocr_par' dir='ltr' id='par_1_18' title="bbox 137 2086 1482 2183">
     <span class='ocr_line' id='line_1_19' title="bbox 137 2086 1482 2183; baseline 0.028 -48"><span class='ocrx_word' id='word_1_130' title='bbox 137 2086 490 2147; x_wconf 79' lang='lat' dir='ltr'><strong>tribulationes</strong></span> <span class='ocrx_word' id='word_1_131' title='bbox 517 2108 711 2164; x_wconf 79' lang='lat' dir='ltr'><strong>Oportet</strong></span> <span class='ocrx_word' id='word_1_132' title='bbox 736 2117 827 2157; x_wconf 84' lang='lat' dir='ltr'><strong>nos</strong></span> <span class='ocrx_word' id='word_1_133' title='bbox 854 2105 1042 2162; x_wconf 90' lang='lat' dir='ltr'><strong>intrare</strong></span> <span class='ocrx_word' id='word_1_134' title='bbox 1057 2111 1110 2163; x_wconf 87' lang='lat' dir='ltr'><strong>in</strong></span> <span class='ocrx_word' id='word_1_135' title='bbox 1136 2128 1343 2183; x_wconf 82' lang='lat' dir='ltr'><strong>regnum</strong></span> <span class='ocrx_word' id='word_1_136' title='bbox 1367 2117 1482 2172; x_wconf 90' lang='lat' dir='ltr'><strong>Dei.</strong></span> 
     </span>
    </p>
   </div>
   <div class='ocr_carea' id='block_1_19' title="bbox 196 2178 1715 2283">
    <p class='ocr_par' dir='ltr' id='par_1_19' title="bbox 196 2178 1715 2283">
     <span class='ocr_line' id='line_1_20' title="bbox 196 2178 1715 2283; baseline 0.025 -52"><span class='ocrx_word' id='word_1_137' title='bbox 196 2178 253 2231; x_wconf 74' lang='lat'><strong>2.</strong></span> <span class='ocrx_word' id='word_1_138' title='bbox 300 2181 415 2237; x_wconf 88' lang='lat' dir='ltr'><strong>lloc</strong></span> <span class='ocrx_word' id='word_1_139' title='bbox 438 2184 718 2257; x_wconf 81' lang='lat' dir='ltr'><strong>dicebant,</strong></span> <span class='ocrx_word' id='word_1_140' title='bbox 755 2193 855 2250; x_wconf 90' lang='lat' dir='ltr'><strong>hoc</strong></span> <span class='ocrx_word' id='word_1_141' title='bbox 885 2178 1271 2258; x_wconf 77' lang='lat' dir='ltr'><strong>monstrabant.</strong></span> <span class='ocrx_word' id='word_1_142' title='bbox 1323 2206 1715 2283; x_wconf 81' lang='lat' dir='ltr'><strong>Conﬁrmantes,</strong></span> 
     </span>
    </p>
   </div>
   <div class='ocr_carea' id='block_1_20' title="bbox 132 2270 1713 2369">
    <p class='ocr_par' dir='ltr' id='par_1_20' title="bbox 132 2270 1713 2369">
     <span class='ocr_line' id='line_1_21' title="bbox 132 2270 1713 2369; baseline 0.026 -50"><span class='ocrx_word' id='word_1_143' title='bbox 132 2270 322 2339; x_wconf 88' lang='lat' dir='ltr'><strong>inquit,</strong></span> <span class='ocrx_word' id='word_1_144' title='bbox 352 2276 553 2333; x_wconf 86' lang='lat' dir='ltr'><strong>animas</strong></span> <span class='ocrx_word' id='word_1_145' title='bbox 580 2280 967 2351; x_wconf 85' lang='lat' dir='ltr'><strong>discipulorum.</strong></span> <span class='ocrx_word' id='word_1_146' title='bbox 1015 2290 1199 2363; x_wconf 87' lang='lat' dir='ltr'><strong>Itaque</strong></span> <span class='ocrx_word' id='word_1_147' title='bbox 1227 2298 1528 2356; x_wconf 80' lang='lat' dir='ltr'><strong>confirmati</strong></span> <span class='ocrx_word' id='word_1_148' title='bbox 1556 2318 1713 2369; x_wconf 88' lang='lat' dir='ltr'><strong>sunt,</strong></span> 
     </span>
    </p>
   </div>
   <div class='ocr_carea' id='block_1_21' title="bbox 131 2360 1715 2456">
    <p class='ocr_par' dir='ltr' id='par_1_21' title="bbox 131 2360 1715 2456">
     <span class='ocr_line' id='line_1_22' title="bbox 131 2360 1715 2456; baseline 0.026 -45"><span class='ocrx_word' id='word_1_149' title='bbox 131 2360 232 2414; x_wconf 86' lang='lat' dir='ltr'><strong>into</strong></span> <span class='ocrx_word' id='word_1_150' title='bbox 261 2375 394 2418; x_wconf 89' lang='lat' dir='ltr'><strong>sunt</strong></span> <span class='ocrx_word' id='word_1_151' title='bbox 418 2372 668 2439; x_wconf 88' lang='lat' dir='ltr'><strong>appositi.</strong></span> <span class='ocrx_word' id='word_1_152' title='bbox 701 2374 1069 2435; x_wconf 77' lang='lat' dir='ltr'><strong>Przedicabant</strong></span> <span class='ocrx_word' id='word_1_153' title='bbox 1095 2360 1255 2456; x_wconf 83' lang='lat' dir='ltr'><strong>ergo,</strong></span> <span class='ocrx_word' id='word_1_154' title='bbox 1309 2403 1376 2444; x_wconf 88' lang='lat' dir='ltr'><strong>ne</strong></span> <span class='ocrx_word' id='word_1_155' title='bbox 1408 2392 1458 2445; x_wconf 92' lang='lat' dir='ltr'><strong>in</strong></span> <span class='ocrx_word' id='word_1_156' title='bbox 1486 2394 1715 2451; x_wconf 78' lang='lat' dir='ltr'><strong>offendi-</strong></span> 
     </span>
    </p>
   </div>
   <div class='ocr_carea' id='block_1_22' title="bbox 129 2455 1712 2552">
    <p class='ocr_par' dir='ltr' id='par_1_22' title="bbox 129 2455 1712 2552">
     <span class='ocr_line' id='line_1_23' title="bbox 129 2455 1712 2552; baseline 0.025 -48"><span class='ocrx_word' id='word_1_157' title='bbox 129 2455 305 2509; x_wconf 84' lang='lat' dir='ltr'><strong>culum</strong></span> <span class='ocrx_word' id='word_1_158' title='bbox 352 2458 630 2516; x_wconf 90' lang='lat' dir='ltr'><strong>caderent.</strong></span> <span class='ocrx_word' id='word_1_159' title='bbox 683 2464 752 2520; x_wconf 85' lang='lat' dir='ltr'><strong>Et</strong></span> <span class='ocrx_word' id='word_1_160' title='bbox 780 2471 930 2537; x_wconf 90' lang='lat' dir='ltr'><strong>quasi</strong></span> <span class='ocrx_word' id='word_1_161' title='bbox 973 2470 1040 2528; x_wconf 90' lang='lat' dir='ltr'><strong>de</strong></span> <span class='ocrx_word' id='word_1_162' title='bbox 1081 2474 1339 2533; x_wconf 83' lang='lat' dir='ltr'><strong>industria</strong></span> <span class='ocrx_word' id='word_1_163' title='bbox 1370 2480 1472 2537; x_wconf 90' lang='lat' dir='ltr'><strong>hoc</strong></span> <span class='ocrx_word' id='word_1_164' title='bbox 1501 2483 1578 2552; x_wconf 87' lang='lat' dir='ltr'><strong>fit,</strong></span> <span class='ocrx_word' id='word_1_165' title='bbox 1607 2502 1712 2543; x_wconf 91' lang='lat' dir='ltr'><strong>non</strong></span> 
     </span>
    </p>
   </div>
   <div class='ocr_carea' id='block_1_23' title="bbox 132 2554 1715 2643">
    <p class='ocr_par' dir='ltr' id='par_1_23' title="bbox 132 2554 1715 2643">
     <span class='ocr_line' id='line_1_24' title="bbox 132 2554 1715 2643; baseline 0.023 -48"><span class='ocrx_word' id='word_1_166' title='bbox 132 2554 329 2600; x_wconf 88' lang='lat' dir='ltr'><strong>tantum</strong></span> <span class='ocrx_word' id='word_1_167' title='bbox 369 2564 470 2618; x_wconf 92' lang='lat' dir='ltr'><strong>per</strong></span> <span class='ocrx_word' id='word_1_168' title='bbox 514 2556 809 2625; x_wconf 84' lang='lat' dir='ltr'><strong>apostolos,</strong></span> <span class='ocrx_word' id='word_1_169' title='bbox 844 2562 938 2616; x_wconf 88' lang='lat' dir='ltr'><strong>sed</strong></span> <span class='ocrx_word' id='word_1_170' title='bbox 964 2567 1123 2619; x_wconf 90' lang='lat' dir='ltr'><strong>etiam</strong></span> <span class='ocrx_word' id='word_1_171' title='bbox 1157 2582 1252 2636; x_wconf 91' lang='lat' dir='ltr'><strong>per</strong></span> <span class='ocrx_word' id='word_1_172' title='bbox 1279 2569 1607 2643; x_wconf 86' lang='lat' dir='ltr'><strong>discipulos;</strong></span> <span class='ocrx_word' id='word_1_173' title='bbox 1656 2586 1715 2633; x_wconf 88' lang='lat' dir='ltr'><strong>ut</strong></span> 
     </span>
    </p>
   </div>
   <div class='ocr_carea' id='block_1_24' title="bbox 130 2634 1712 2737">
    <p class='ocr_par' dir='ltr' id='par_1_24' title="bbox 130 2634 1712 2737">
     <span class='ocr_line' id='line_1_25' title="bbox 130 2634 1712 2737; baseline 0.025 -52"><span class='ocrx_word' id='word_1_174' title='bbox 130 2634 331 2691; x_wconf 82' lang='lat' dir='ltr'><strong>discant</strong></span> <span class='ocrx_word' id='word_1_175' title='bbox 360 2643 545 2694; x_wconf 84' lang='lat' dir='ltr'><strong>statim</strong></span> <span class='ocrx_word' id='word_1_176' title='bbox 575 2644 643 2698; x_wconf 91' lang='lat' dir='ltr'><strong>ab</strong></span> <span class='ocrx_word' id='word_1_177' title='bbox 674 2647 826 2703; x_wconf 91' lang='lat' dir='ltr'><strong>initio</strong></span> <span class='ocrx_word' id='word_1_178' title='bbox 853 2660 907 2705; x_wconf 91' lang='lat' dir='ltr'><strong>et</strong></span> <span class='ocrx_word' id='word_1_179' title='bbox 928 2634 1320 2721; x_wconf 59' lang='lat' dir='ltr'><strong>praedicationis</strong></span> <span class='ocrx_word' id='word_1_180' title='bbox 1342 2662 1470 2727; x_wconf 90' lang='lat' dir='ltr'><strong>vim,</strong></span> <span class='ocrx_word' id='word_1_181' title='bbox 1494 2673 1548 2721; x_wconf 91' lang='lat' dir='ltr'><strong>et</strong></span> <span class='ocrx_word' id='word_1_182' title='bbox 1568 2667 1712 2737; x_wconf 89' lang='lat' dir='ltr'><strong>ipsos</strong></span> 
     </span>
    </p>
   </div>
   <div class='ocr_carea' id='block_1_25' title="bbox 132 2726 1711 2823">
    <p class='ocr_par' dir='ltr' id='par_1_25' title="bbox 132 2726 1711 2823">
     <span class='ocr_line' id='line_1_26' title="bbox 132 2726 1711 2823; baseline 0.023 -44"><span class='ocrx_word' id='word_1_183' title='bbox 132 2726 279 2781; x_wconf 76' lang='lat' dir='ltr'><strong>etiam</strong></span> <span class='ocrx_word' id='word_1_184' title='bbox 308 2742 568 2799; x_wconf 80' lang='lat' dir='ltr'><strong>Oportere</strong></span> <span class='ocrx_word' id='word_1_185' title='bbox 597 2737 718 2792; x_wconf 87' lang='lat' dir='ltr'><strong>talia</strong></span> <span class='ocrx_word' id='word_1_186' title='bbox 757 2742 901 2809; x_wconf 89' lang='lat' dir='ltr'><strong>pati;</strong></span> <span class='ocrx_word' id='word_1_187' title='bbox 934 2753 1097 2813; x_wconf 89' lang='lat' dir='ltr'><strong>utque</strong></span> <span class='ocrx_word' id='word_1_188' title='bbox 1144 2749 1351 2807; x_wconf 87' lang='lat' dir='ltr'><strong>fortiter</strong></span> <span class='ocrx_word' id='word_1_189' title='bbox 1392 2764 1554 2823; x_wconf 86' lang='lat' dir='ltr'><strong>stent,</strong></span> <span class='ocrx_word' id='word_1_190' title='bbox 1588 2726 1711 2815; x_wconf 46' lang='lat' dir='ltr'><strong>&#39;nott</strong></span> 
     </span>
    </p>
   </div>
   <div class='ocr_carea' id='block_1_26' title="bbox 134 2822 1704 2916">
    <p class='ocr_par' dir='ltr' id='par_1_26' title="bbox 134 2822 1704 2916">
     <span class='ocr_line' id='line_1_27' title="bbox 134 2822 1704 2916; baseline 0.024 -45"><span class='ocrx_word' id='word_1_191' title='bbox 134 2822 281 2876; x_wconf 82' lang='lat' dir='ltr'><strong>modo</strong></span> <span class='ocrx_word' id='word_1_192' title='bbox 308 2824 381 2877; x_wconf 89' lang='lat' dir='ltr'><strong>ad</strong></span> <span class='ocrx_word' id='word_1_193' title='bbox 410 2827 560 2898; x_wconf 83' lang='lat' dir='ltr'><strong>signa</strong></span> <span class='ocrx_word' id='word_1_194' title='bbox 592 2830 874 2902; x_wconf 87' lang='lat' dir='ltr'><strong>inhiantes,</strong></span> <span class='ocrx_word' id='word_1_195' title='bbox 905 2838 999 2893; x_wconf 88' lang='lat' dir='ltr'><strong>sed</strong></span> <span class='ocrx_word' id='word_1_196' title='bbox 1031 2843 1199 2897; x_wconf 91' lang='lat' dir='ltr'><strong>multo</strong></span> <span class='ocrx_word' id='word_1_197' title='bbox 1224 2847 1393 2916; x_wconf 79' lang='lat' dir='ltr'><strong>magis</strong></span> <span class='ocrx_word' id='word_1_198' title='bbox 1421 2849 1487 2903; x_wconf 90' lang='lat' dir='ltr'><strong>ad</strong></span> <span class='ocrx_word' id='word_1_199' title='bbox 1527 2822 1704 2907; x_wconf 85' lang='lat' dir='ltr'><strong>tema-</strong></span> 
     </span>
    </p>
   </div>
   <div class='ocr_carea' id='block_1_27' title="bbox 138 2912 1704 3012">
    <p class='ocr_par' dir='ltr' id='par_1_27' title="bbox 138 2912 1704 3012">
     <span class='ocr_line' id='line_1_28' title="bbox 138 2912 1704 3012; baseline 0.026 -50"><span class='ocrx_word' id='word_1_200' title='bbox 138 2912 313 2968; x_wconf 88' lang='lat' dir='ltr'><strong>tiones.</strong></span> <span class='ocrx_word' id='word_1_201' title='bbox 350 2915 477 2971; x_wconf 92' lang='lat' dir='ltr'><strong>Ideo</strong></span> <span class='ocrx_word' id='word_1_202' title='bbox 504 2929 559 2974; x_wconf 90' lang='lat' dir='ltr'><strong>et</strong></span> <span class='ocrx_word' id='word_1_203' title='bbox 587 2921 699 2991; x_wconf 89' lang='lat' dir='ltr'><strong>ipse</strong></span> <span class='ocrx_word' id='word_1_204' title='bbox 726 2925 976 2985; x_wconf 87' lang='lat' dir='ltr'><strong>dicebat:</strong></span> <span class='ocrx_word' id='word_1_205' title='bbox 1005 2929 1149 2986; x_wconf 85' lang='lat' dir='ltr'><strong>Idem</strong></span> <span class='ocrx_word' id='word_1_206' title='bbox 1168 2912 1419 2994; x_wconf 75' lang='lat' dir='ltr'><strong>certamen</strong></span> <span class='ocrx_word' id='word_1_207' title='bbox 1444 2941 1704 3012; x_wconf 82' lang='lat' dir='ltr'><strong>habentes,</strong></span> 
     </span>
    </p>
   </div>
   <div class='ocr_carea' id='block_1_28' title="bbox 138 3007 1702 3109">
    <p class='ocr_par' dir='ltr' id='par_1_28' title="bbox 138 3007 1702 3109">
     <span class='ocr_line' id='line_1_29' title="bbox 138 3007 1702 3109; baseline 0.026 -53"><span class='ocrx_word' id='word_1_208' title='bbox 138 3007 268 3070; x_wconf 82' lang='lat' dir='ltr'><strong>quale</strong></span> <span class='ocrx_word' id='word_1_209' title='bbox 307 3018 356 3061; x_wconf 87' lang='lat' dir='ltr'><strong>et</strong></span> <span class='ocrx_word' id='word_1_210' title='bbox 405 3011 602 3068; x_wconf 72' lang='lat' dir='ltr'><strong>vidistis</strong></span> <span class='ocrx_word' id='word_1_211' title='bbox 640 3015 694 3069; x_wconf 89' lang='lat' dir='ltr'><strong>in</strong></span> <span class='ocrx_word' id='word_1_212' title='bbox 727 3034 807 3072; x_wconf 91' lang='lat' dir='ltr'><strong>me</strong></span> <span class='ocrx_word' id='word_1_213' title='bbox 832 3030 880 3074; x_wconf 86' lang='lat' dir='ltr'><strong>et</strong></span> <span class='ocrx_word' id='word_1_214' title='bbox 906 3025 1181 3081; x_wconf 74' lang='lat' dir='ltr'><strong>exaudistis</strong></span> <span class='ocrx_word' id='word_1_215' title='bbox 1221 3028 1477 3105; x_wconf 83' lang='lat' dir='ltr'><strong>(Philipp.</strong></span> <span class='ocrx_word' id='word_1_216' title='bbox 1509 3007 1702 3109; x_wconf 72' lang='lat'><strong>1.50).</strong></span> 
     </span>
    </p>
   </div>
   <div class='ocr_carea' id='block_1_29' title="bbox 143 3092 1704 3201">
    <p class='ocr_par' dir='ltr' id='par_1_29' title="bbox 143 3092 1704 3201">
     <span class='ocr_line' id='line_1_30' title="bbox 143 3092 1704 3201; baseline 0.025 -54"><span class='ocrx_word' id='word_1_217' title='bbox 143 3092 570 3168; x_wconf 81' lang='lat' dir='ltr'><strong>Persequutiones</strong></span> <span class='ocrx_word' id='word_1_218' title='bbox 611 3104 916 3176; x_wconf 84' lang='lat' dir='ltr'><strong>frequentes</strong></span> <span class='ocrx_word' id='word_1_219' title='bbox 944 3126 1143 3171; x_wconf 88' lang='lat' dir='ltr'><strong>erant:</strong></span> <span class='ocrx_word' id='word_1_220' title='bbox 1178 3120 1373 3191; x_wconf 90' lang='lat' dir='ltr'><strong>ubique</strong></span> <span class='ocrx_word' id='word_1_221' title='bbox 1403 3125 1575 3196; x_wconf 87' lang='lat' dir='ltr'><strong>bella,</strong></span> <span class='ocrx_word' id='word_1_222' title='bbox 1609 3145 1704 3201; x_wconf 87' lang='lat' dir='ltr'><strong>pu-</strong></span> 
     </span>
    </p>
   </div>
   <div class='ocr_carea' id='block_1_30' title="bbox 150 3190 1705 3291">
    <p class='ocr_par' dir='ltr' id='par_1_30' title="bbox 150 3190 1705 3291">
     <span class='ocr_line' id='line_1_31' title="bbox 150 3190 1705 3291; baseline 0.026 -54"><span class='ocrx_word' id='word_1_223' title='bbox 150 3200 275 3253; x_wconf 65' lang='lat' dir='ltr'><strong>gum,</strong></span> <span class='ocrx_word' id='word_1_224' title='bbox 307 3190 673 3260; x_wconf 85' lang='lat' dir='ltr'><strong>lapidationcs.</strong></span> <span class='ocrx_word' id='word_1_225' title='bbox 703 3202 887 3267; x_wconf 84' lang='lat' dir='ltr'><strong>Qualis</strong></span> <span class='ocrx_word' id='word_1_226' title='bbox 911 3206 1253 3266; x_wconf 84' lang='lat' dir='ltr'><strong>adhortatio?</strong></span> <span class='ocrx_word' id='word_1_227' title='bbox 1284 3190 1705 3291; x_wconf 69' lang='lat' dir='ltr'><strong>quomodoper-</strong></span> 
     </span>
    </p>
   </div>
   <div class='ocr_carea' id='block_1_31' title="bbox 146 3279 1704 3368">
    <p class='ocr_par' dir='ltr' id='par_1_31' title="bbox 146 3279 1704 3368">
     <span class='ocr_line' id='line_1_32' title="bbox 146 3279 1704 3368; baseline 0.027 -41"><span class='ocrx_word' id='word_1_228' title='bbox 146 3279 431 3348; x_wconf 68' lang='lat' dir='ltr'><strong>scindebant.</strong></span> <span class='ocrx_word' id='word_1_229' title='bbox 463 3286 595 3343; x_wconf 87' lang='lat' dir='ltr'><strong>dum</strong></span> <span class='ocrx_word' id='word_1_230' title='bbox 626 3290 677 3344; x_wconf 92' lang='lat' dir='ltr'><strong>in</strong></span> <span class='ocrx_word' id='word_1_231' title='bbox 712 3294 974 3366; x_wconf 89' lang='lat' dir='ltr'><strong>principio</strong></span> <span class='ocrx_word' id='word_1_232' title='bbox 1015 3279 1388 3361; x_wconf 85' lang='lat' dir='ltr'><strong>tribulationes</strong></span> <span class='ocrx_word' id='word_1_233' title='bbox 1427 3309 1704 3368; x_wconf 78' lang='lat' dir='ltr'><strong>dicerent?</strong></span> 
     </span>
    </p>
   </div>
   <div class='ocr_carea' id='block_1_32' title="bbox 136 3369 1703 3462">
    <p class='ocr_par' dir='ltr' id='par_1_32' title="bbox 136 3369 1703 3462">
     <span class='ocr_line' id='line_1_33' title="bbox 136 3369 1703 3462; baseline 0.026 -40"><span class='ocrx_word' id='word_1_234' title='bbox 136 3369 322 3428; x_wconf 82' lang='lat' dir='ltr'><strong>Deinde</strong></span> <span class='ocrx_word' id='word_1_235' title='bbox 344 3386 400 3431; x_wconf 90' lang='lat' dir='ltr'><strong>et</strong></span> <span class='ocrx_word' id='word_1_236' title='bbox 418 3379 523 3431; x_wconf 87' lang='lat' dir='ltr'><strong>alia</strong></span> <span class='ocrx_word' id='word_1_237' title='bbox 550 3386 847 3441; x_wconf 85' lang='lat' dir='ltr'><strong>consolatio</strong></span> <span class='ocrx_word' id='word_1_238' title='bbox 872 3406 884 3441; x_wconf 90' lang='lat'><strong>:</strong></span> <span class='ocrx_word' id='word_1_239' title='bbox 914 3390 1002 3446; x_wconf 69' lang='lat'><strong>9.2.</strong></span> <span class='ocrx_word' id='word_1_240' title='bbox 1030 3391 1095 3446; x_wconf 87' lang='lat' dir='ltr'><strong>Et</strong></span> <span class='ocrx_word' id='word_1_241' title='bbox 1115 3411 1231 3449; x_wconf 87' lang='lat' dir='ltr'><strong>cum</strong></span> <span class='ocrx_word' id='word_1_242' title='bbox 1254 3398 1571 3458; x_wconf 88' lang='lat' dir='ltr'><strong>ordinassent</strong></span> <span class='ocrx_word' id='word_1_243' title='bbox 1600 3405 1703 3462; x_wconf 81' lang='lat' dir='ltr'><strong>illis</strong></span> 
     </span>
    </p>
   </div>
   <div class='ocr_carea' id='block_1_33' title="bbox 125 3468 1702 3567">
    <p class='ocr_par' dir='ltr' id='par_1_33' title="bbox 125 3468 1702 3567">
     <span class='ocr_line' id='line_1_34' title="bbox 125 3468 1702 3567; baseline 0.023 -52"><span class='ocrx_word' id='word_1_244' title='bbox 125 3481 209 3531; x_wconf 79' lang='lat' dir='ltr'><strong>per</strong></span> <span class='ocrx_word' id='word_1_245' title='bbox 224 3468 455 3539; x_wconf 81' lang='lat' dir='ltr'><strong>singulas</strong></span> <span class='ocrx_word' id='word_1_246' title='bbox 482 3470 738 3530; x_wconf 85' lang='lat' dir='ltr'><strong>Ecclesias</strong></span> <span class='ocrx_word' id='word_1_247' title='bbox 764 3480 1096 3552; x_wconf 79' lang='lat' dir='ltr'><strong>presbyteros,</strong></span> <span class='ocrx_word' id='word_1_248' title='bbox 1126 3495 1171 3540; x_wconf 87' lang='lat' dir='ltr'><strong>et</strong></span> <span class='ocrx_word' id='word_1_249' title='bbox 1190 3501 1416 3544; x_wconf 80' lang='lat' dir='ltr'><strong>orassent</strong></span> <span class='ocrx_word' id='word_1_250' title='bbox 1435 3510 1547 3547; x_wconf 83' lang='lat' dir='ltr'><strong>cum</strong></span> <span class='ocrx_word' id='word_1_251' title='bbox 1564 3497 1702 3567; x_wconf 75' lang='lat' dir='ltr'><strong>jeju-</strong></span> 
     </span>
    </p>
   </div>
   <div class='ocr_carea' id='block_1_34' title="bbox 122 3557 1698 3645">
    <p class='ocr_par' dir='ltr' id='par_1_34' title="bbox 122 3557 1698 3645">
     <span class='ocr_line' id='line_1_35' title="bbox 122 3557 1698 3645; baseline 0.023 -39"><span class='ocrx_word' id='word_1_252' title='bbox 122 3557 227 3620; x_wconf 81' lang='lat' dir='ltr'><strong>ttiis,</strong></span> <span class='ocrx_word' id='word_1_253' title='bbox 247 3568 729 3621; x_wconf 76' lang='lat' dir='ltr'><strong>caiitntendauerunt</strong></span> <span class='ocrx_word' id='word_1_254' title='bbox 754 3587 838 3625; x_wconf 88' lang='lat' dir='ltr'><strong>eos</strong></span> <span class='ocrx_word' id='word_1_255' title='bbox 859 3572 1098 3637; x_wconf 85' lang='lat' dir='ltr'><strong>Domino.</strong></span> <span class='ocrx_word' id='word_1_256' title='bbox 1122 3578 1174 3631; x_wconf 88' lang='lat' dir='ltr'><strong>in</strong></span> <span class='ocrx_word' id='word_1_257' title='bbox 1195 3594 1339 3645; x_wconf 81' lang='lat' dir='ltr'><strong>quem</strong></span> <span class='ocrx_word' id='word_1_258' title='bbox 1358 3584 1698 3642; x_wconf 81' lang='lat' dir='ltr'><strong>crediderunt.</strong></span> 
     </span>
    </p>
   </div>
   <div class='ocr_carea' id='block_1_35' title="bbox 117 3646 1699 3743">
    <p class='ocr_par' dir='ltr' id='par_1_35' title="bbox 117 3646 1699 3743">
     <span class='ocr_line' id='line_1_36' title="bbox 117 3646 1699 3743; baseline 0.022 -44"><span class='ocrx_word' id='word_1_259' title='bbox 117 3646 360 3705; x_wconf 71' lang='lat' dir='ltr'><strong>Vidistin‘</strong></span> <span class='ocrx_word' id='word_1_260' title='bbox 394 3652 658 3711; x_wconf 85' lang='lat' dir='ltr'><strong>fervorem</strong></span> <span class='ocrx_word' id='word_1_261' title='bbox 683 3659 872 3716; x_wconf 86' lang='lat' dir='ltr'><strong>Pauli?</strong></span> <span class='ocrx_word' id='word_1_262' title='bbox 912 3661 1037 3718; x_wconf 88' lang='lat' dir='ltr'><strong>Cum</strong></span> <span class='ocrx_word' id='word_1_263' title='bbox 1067 3679 1311 3735; x_wconf 89' lang='lat' dir='ltr'><strong>orassent,</strong></span> <span class='ocrx_word' id='word_1_264' title='bbox 1344 3672 1551 3743; x_wconf 90' lang='lat' dir='ltr'><strong>inquit,</strong></span> <span class='ocrx_word' id='word_1_265' title='bbox 1585 3694 1699 3733; x_wconf 88' lang='lat' dir='ltr'><strong>cum</strong></span> 
     </span>
    </p>
   </div>
   <div class='ocr_carea' id='block_1_36' title="bbox 108 3740 1696 3842">
    <p class='ocr_par' dir='ltr' id='par_1_36' title="bbox 108 3740 1696 3842">
     <span class='ocr_line' id='line_1_37' title="bbox 108 3740 1696 3842; baseline 0.023 -52"><span class='ocrx_word' id='word_1_266' title='bbox 108 3740 333 3807; x_wconf 72' lang='lat' dir='ltr'><strong>jr&#39;juniis.</strong></span> <span class='ocrx_word' id='word_1_267' title='bbox 371 3751 847 3807; x_wconf 83' lang='lat' dir='ltr'><strong>commendaverunt</strong></span> <span class='ocrx_word' id='word_1_268' title='bbox 877 3773 959 3810; x_wconf 90' lang='lat' dir='ltr'><strong>eos</strong></span> <span class='ocrx_word' id='word_1_269' title='bbox 987 3757 1224 3814; x_wconf 85' lang='lat' dir='ltr'><strong>Domino.</strong></span> <span class='ocrx_word' id='word_1_270' title='bbox 1270 3762 1420 3831; x_wconf 85' lang='lat' dir='ltr'><strong>Vide,</strong></span> <span class='ocrx_word' id='word_1_271' title='bbox 1456 3783 1575 3823; x_wconf 89' lang='lat' dir='ltr'><strong>cum</strong></span> <span class='ocrx_word' id='word_1_272' title='bbox 1608 3772 1696 3842; x_wconf 86' lang='lat' dir='ltr'><strong>je-</strong></span> 
     </span>
    </p>
   </div>
   <div class='ocr_carea' id='block_1_37' title="bbox 109 3831 1697 3928">
    <p class='ocr_par' dir='ltr' id='par_1_37' title="bbox 109 3831 1697 3928">
     <span class='ocr_line' id='line_1_38' title="bbox 109 3831 1697 3928; baseline 0.024 -47"><span class='ocrx_word' id='word_1_273' title='bbox 109 3831 263 3893; x_wconf 78' lang='lat' dir='ltr'><strong>iuniis</strong></span> <span class='ocrx_word' id='word_1_274' title='bbox 305 3838 707 3898; x_wconf 84' lang='lat' dir='ltr'><strong>ordinationes.</strong></span> <span class='ocrx_word' id='word_1_275' title='bbox 742 3846 948 3903; x_wconf 75' lang='lat' dir='ltr'><strong>Rursus</strong></span> <span class='ocrx_word' id='word_1_276' title='bbox 986 3850 1270 3920; x_wconf 91' lang='lat' dir='ltr'><strong>jejunium,</strong></span> <span class='ocrx_word' id='word_1_277' title='bbox 1312 3862 1553 3928; x_wconf 80' lang='lat' dir='ltr'><strong>purgatio</strong></span> <span class='ocrx_word' id='word_1_278' title='bbox 1577 3865 1697 3918; x_wconf 84' lang='lat' dir='ltr'><strong>ani-</strong></span> 
     </span>
    </p>
   </div>
   <div class='ocr_carea' id='block_1_38' title="bbox 108 3938 1700 4017">
    <p class='ocr_par' dir='ltr' id='par_1_38' title="bbox 108 3938 1700 4017">
     <span class='ocr_line' id='line_1_39' title="bbox 108 3938 1700 4017; baseline 0.022 -42"><span class='ocrx_word' id='word_1_279' title='bbox 108 3940 308 3980; x_wconf 80' lang='lat' dir='ltr'><strong>marum</strong></span> <span class='ocrx_word' id='word_1_280' title='bbox 343 3941 672 3988; x_wconf 81' lang='lat' dir='ltr'><strong>nostrarum.</strong></span> <span class='ocrx_word' id='word_1_281' title='bbox 700 3938 790 3991; x_wconf 76' lang='grc'><strong>25.</strong></span> <span class='ocrx_word' id='word_1_282' title='bbox 816 3938 1247 4014; x_wconf 80' lang='lat' dir='ltr'><strong>Transeuntesque</strong></span> <span class='ocrx_word' id='word_1_283' title='bbox 1274 3946 1538 4017; x_wconf 82' lang='lat' dir='ltr'><strong>Pisidiam,</strong></span> <span class='ocrx_word' id='word_1_284' title='bbox 1563 3970 1700 4011; x_wconf 84' lang='lat' dir='ltr'><strong>vene-</strong></span> 
     </span>
    </p>
   </div>
   <div class='ocr_carea' id='block_1_39' title="bbox 104 4019 1692 4116">
    <p class='ocr_par' dir='ltr' id='par_1_39' title="bbox 104 4019 1692 4116">
     <span class='ocr_line' id='line_1_40' title="bbox 104 4019 1692 4116; baseline 0.02 -49"><span class='ocrx_word' id='word_1_285' title='bbox 104 4030 213 4069; x_wconf 73' lang='lat' dir='ltr'><strong>runt</strong></span> <span class='ocrx_word' id='word_1_286' title='bbox 238 4021 293 4072; x_wconf 85' lang='lat' dir='ltr'><strong>in</strong></span> <span class='ocrx_word' id='word_1_287' title='bbox 320 4019 689 4094; x_wconf 80' lang='lat' dir='ltr'><strong>Pamphyliam</strong></span> <span class='ocrx_word' id='word_1_288' title='bbox 712 4043 730 4090; x_wconf 88' lang='lat'><em>;</em></span> <span class='ocrx_word' id='word_1_289' title='bbox 752 4029 844 4083; x_wconf 70' lang='grc'><strong>24.</strong></span> <span class='ocrx_word' id='word_1_290' title='bbox 866 4042 912 4083; x_wconf 92' lang='lat' dir='ltr'><strong>et</strong></span> <span class='ocrx_word' id='word_1_291' title='bbox 937 4031 1187 4102; x_wconf 79' lang='lat' dir='ltr'><strong>loquentes</strong></span> <span class='ocrx_word' id='word_1_292' title='bbox 1208 4040 1407 4091; x_wconf 86' lang='lat' dir='ltr'><strong>verbum</strong></span> <span class='ocrx_word' id='word_1_293' title='bbox 1429 4042 1480 4094; x_wconf 89' lang='lat' dir='ltr'><strong>in</strong></span> <span class='ocrx_word' id='word_1_294' title='bbox 1510 4041 1692 4116; x_wconf 82' lang='lat' dir='ltr'><strong>Perge,</strong></span> 
     </span>
    </p>
   </div>
   <div class='ocr_carea' id='block_1_40' title="bbox 102 4111 1692 4199">
    <p class='ocr_par' dir='ltr' id='par_1_40' title="bbox 102 4111 1692 4199">
     <span class='ocr_line' id='line_1_41' title="bbox 102 4111 1692 4199; baseline 0.02 -38"><span class='ocrx_word' id='word_1_295' title='bbox 102 4111 478 4169; x_wconf 76' lang='lat' dir='ltr'><strong>descenderunt</strong></span> <span class='ocrx_word' id='word_1_296' title='bbox 511 4119 563 4170; x_wconf 87' lang='lat' dir='ltr'><strong>in</strong></span> <span class='ocrx_word' id='word_1_297' title='bbox 588 4120 850 4175; x_wconf 82' lang='lat' dir='ltr'><strong>Attalium.</strong></span> <span class='ocrx_word' id='word_1_298' title='bbox 880 4123 1012 4179; x_wconf 82' lang='lat' dir='ltr'><strong>Nam</strong></span> <span class='ocrx_word' id='word_1_299' title='bbox 1036 4142 1101 4181; x_wconf 90' lang='lat' dir='ltr'><strong>ne</strong></span> <span class='ocrx_word' id='word_1_300' title='bbox 1122 4128 1499 4199; x_wconf 89' lang='lat' dir='ltr'><strong>discipulorum</strong></span> <span class='ocrx_word' id='word_1_301' title='bbox 1531 4139 1692 4193; x_wconf 82' lang='lat' dir='ltr'><strong>animi</strong></span> 
     </span>
    </p>
   </div>
   <div class='ocr_carea' id='block_1_41' title="bbox 98 4208 1696 4294">
    <p class='ocr_par' dir='ltr' id='par_1_41' title="bbox 98 4208 1696 4294">
     <span class='ocr_line' id='line_1_42' title="bbox 98 4208 1696 4294; baseline 0.021 -41"><span class='ocrx_word' id='word_1_302' title='bbox 98 4208 476 4273; x_wconf 73' lang='lat' dir='ltr'><strong>conciderent,</strong></span> <span class='ocrx_word' id='word_1_303' title='bbox 509 4212 648 4280; x_wconf 86' lang='lat' dir='ltr'><strong>quod</strong></span> <span class='ocrx_word' id='word_1_304' title='bbox 679 4216 775 4277; x_wconf 89' lang='lat' dir='ltr'><strong>illi,</strong></span> <span class='ocrx_word' id='word_1_305' title='bbox 809 4218 897 4285; x_wconf 91' lang='lat' dir='ltr'><strong>qui</strong></span> <span class='ocrx_word' id='word_1_306' title='bbox 926 4218 998 4272; x_wconf 91' lang='lat' dir='ltr'><strong>dii</strong></span> <span class='ocrx_word' id='word_1_307' title='bbox 1027 4221 1312 4276; x_wconf 70' lang='lat' dir='ltr'><strong>existimati</strong></span> <span class='ocrx_word' id='word_1_308' title='bbox 1345 4224 1573 4294; x_wconf 86' lang='lat' dir='ltr'><strong>fuerant,</strong></span> <span class='ocrx_word' id='word_1_309' title='bbox 1615 4242 1696 4285; x_wconf 83' lang='lat' dir='ltr'><strong>ta-</strong></span> 
     </span>
    </p>
   </div>
   <div class='ocr_carea' id='block_1_42' title="bbox 98 4296 1690 4391">
    <p class='ocr_par' dir='ltr' id='par_1_42' title="bbox 98 4296 1690 4391">
     <span class='ocr_line' id='line_1_43' title="bbox 98 4296 1690 4391; baseline 0.02 -46"><span class='ocrx_word' id='word_1_310' title='bbox 98 4296 161 4347; x_wconf 80' lang='lat' dir='ltr'><strong>lia</strong></span> <span class='ocrx_word' id='word_1_311' title='bbox 206 4312 553 4366; x_wconf 70' lang='lat' dir='ltr'><strong>paterentur,</strong></span> <span class='ocrx_word' id='word_1_312' title='bbox 608 4306 829 4376; x_wconf 81' lang='lat' dir='ltr'><strong>ingressi</strong></span> <span class='ocrx_word' id='word_1_313' title='bbox 881 4319 1005 4363; x_wconf 88' lang='lat' dir='ltr'><strong>sunt</strong></span> <span class='ocrx_word' id='word_1_314' title='bbox 1048 4312 1114 4364; x_wconf 90' lang='lat' dir='ltr'><strong>ad</strong></span> <span class='ocrx_word' id='word_1_315' title='bbox 1157 4314 1296 4379; x_wconf 77' lang='lat' dir='ltr'><strong>illos,</strong></span> <span class='ocrx_word' id='word_1_316' title='bbox 1345 4330 1399 4371; x_wconf 89' lang='lat' dir='ltr'><strong>et</strong></span> <span class='ocrx_word' id='word_1_317' title='bbox 1434 4321 1690 4391; x_wconf 88' lang='lat' dir='ltr'><strong>alloqunti</strong></span> 
     </span>
    </p>
   </div>
   <div class='ocr_carea' id='block_1_43' title="bbox 95 4396 1693 4472">
    <p class='ocr_par' dir='ltr' id='par_1_43' title="bbox 95 4396 1693 4472">
     <span class='ocr_line' id='line_1_44' title="bbox 95 4396 1693 4472; baseline 0.019 -31"><span class='ocrx_word' id='word_1_318' title='bbox 95 4404 217 4444; x_wconf 84' lang='lat' dir='ltr'><strong>sunt</strong></span> <span class='ocrx_word' id='word_1_319' title='bbox 245 4409 375 4447; x_wconf 66' lang='lat' dir='ltr'><strong>eos.</strong></span> <span class='ocrx_word' id='word_1_320' title='bbox 414 4396 477 4448; x_wconf 84' lang='lat' dir='ltr'><strong>Et</strong></span> <span class='ocrx_word' id='word_1_321' title='bbox 512 4397 659 4461; x_wconf 82' lang='lat' dir='ltr'><strong>vide;</strong></span> <span class='ocrx_word' id='word_1_322' title='bbox 688 4402 833 4468; x_wconf 90' lang='lat' dir='ltr'><strong>prius</strong></span> <span class='ocrx_word' id='word_1_323' title='bbox 874 4402 925 4456; x_wconf 93' lang='lat' dir='ltr'><strong>in</strong></span> <span class='ocrx_word' id='word_1_324' title='bbox 976 4403 1181 4459; x_wconf 75' lang='lat' dir='ltr'><strong>Derhen</strong></span> <span class='ocrx_word' id='word_1_325' title='bbox 1226 4410 1354 4469; x_wconf 78' lang='lat' dir='ltr'><strong>exit.</strong></span> <span class='ocrx_word' id='word_1_326' title='bbox 1407 4412 1540 4468; x_wconf 87' lang='lat' dir='ltr'><strong>dans</strong></span> <span class='ocrx_word' id='word_1_327' title='bbox 1588 4417 1693 4472; x_wconf 85' lang='lat' dir='ltr'><strong>illis</strong></span> 
     </span>
    </p>
   </div>
   <div class='ocr_carea' id='block_1_44' title="bbox 98 4484 1692 4581">
    <p class='ocr_par' dir='ltr' id='par_1_44' title="bbox 98 4484 1692 4581">
     <span class='ocr_line' id='line_1_45' title="bbox 98 4484 1692 4581; baseline 0.02 -49"><span class='ocrx_word' id='word_1_328' title='bbox 98 4484 406 4549; x_wconf 69' lang='lat' dir='ltr'><strong>respirandi</strong></span> <span class='ocrx_word' id='word_1_329' title='bbox 450 4487 624 4543; x_wconf 92' lang='lat' dir='ltr'><strong>locum</strong></span> <span class='ocrx_word' id='word_1_330' title='bbox 652 4508 679 4543; x_wconf 92' lang='lat' dir='ltr'><strong>a</strong></span> <span class='ocrx_word' id='word_1_331' title='bbox 712 4491 929 4559; x_wconf 88' lang='lat' dir='ltr'><strong>furore,</strong></span> <span class='ocrx_word' id='word_1_332' title='bbox 964 4506 1019 4550; x_wconf 92' lang='lat' dir='ltr'><strong>et</strong></span> <span class='ocrx_word' id='word_1_333' title='bbox 1049 4507 1174 4553; x_wconf 89' lang='lat' dir='ltr'><strong>tunc</strong></span> <span class='ocrx_word' id='word_1_334' title='bbox 1204 4516 1388 4556; x_wconf 87' lang='lat' dir='ltr'><strong>rursus</strong></span> <span class='ocrx_word' id='word_1_335' title='bbox 1418 4508 1562 4561; x_wconf 86' lang='lat' dir='ltr'><strong>venit</strong></span> <span class='ocrx_word' id='word_1_336' title='bbox 1586 4508 1692 4581; x_wconf 85' lang='lat' dir='ltr'><strong>Ly-</strong></span> 
     </span>
    </p>
   </div>
   <div class='ocr_carea' id='block_1_45' title="bbox 91 4578 1685 4666">
    <p class='ocr_par' dir='ltr' id='par_1_45' title="bbox 91 4578 1685 4666">
     <span class='ocr_line' id='line_1_46' title="bbox 91 4578 1685 4666; baseline 0.018 -39"><span class='ocrx_word' id='word_1_337' title='bbox 91 4586 277 4640; x_wconf 75' lang='lat' dir='ltr'><strong>stram,</strong></span> <span class='ocrx_word' id='word_1_338' title='bbox 306 4578 551 4634; x_wconf 87' lang='lat' dir='ltr'><strong>Iconium</strong></span> <span class='ocrx_word' id='word_1_339' title='bbox 569 4592 622 4635; x_wconf 90' lang='lat' dir='ltr'><strong>et</strong></span> <span class='ocrx_word' id='word_1_340' title='bbox 638 4586 971 4639; x_wconf 84' lang='lat' dir='ltr'><strong>Antiochiam</strong></span> <span class='ocrx_word' id='word_1_341' title='bbox 1000 4607 1012 4642; x_wconf 90' lang='lat'><strong>:</strong></span> <span class='ocrx_word' id='word_1_342' title='bbox 1038 4588 1333 4646; x_wconf 86' lang='lat' dir='ltr'><strong>furentibus</strong></span> <span class='ocrx_word' id='word_1_343' title='bbox 1352 4595 1450 4649; x_wconf 92' lang='lat' dir='ltr'><strong>illis</strong></span> <span class='ocrx_word' id='word_1_344' title='bbox 1471 4599 1685 4666; x_wconf 86' lang='lat' dir='ltr'><strong>cedens,</strong></span> 
     </span>
    </p>
   </div>
   <div class='ocr_carea' id='block_1_46' title="bbox 92 4670 1690 4761">
    <p class='ocr_par' dir='ltr' id='par_1_46' title="bbox 92 4670 1690 4761">
     <span class='ocr_line' id='line_1_47' title="bbox 92 4670 1690 4761; baseline 0.018 -43"><span class='ocrx_word' id='word_1_345' title='bbox 92 4670 309 4722; x_wconf 69' lang='lat' dir='ltr'><strong>sedatos</strong></span> <span class='ocrx_word' id='word_1_346' title='bbox 339 4686 477 4725; x_wconf 84' lang='lat' dir='ltr'><strong>vero</strong></span> <span class='ocrx_word' id='word_1_347' title='bbox 503 4674 709 4729; x_wconf 89' lang='lat' dir='ltr'><strong>adiens.</strong></span> <span class='ocrx_word' id='word_1_348' title='bbox 744 4676 906 4733; x_wconf 82' lang='lat' dir='ltr'><strong>Vides</strong></span> <span class='ocrx_word' id='word_1_349' title='bbox 948 4695 1043 4735; x_wconf 88' lang='lat' dir='ltr'><strong>eos</strong></span> <span class='ocrx_word' id='word_1_350' title='bbox 1088 4698 1192 4737; x_wconf 86' lang='lat' dir='ltr'><strong>non</strong></span> <span class='ocrx_word' id='word_1_351' title='bbox 1235 4688 1410 4740; x_wconf 77' lang='lat' dir='ltr'><strong>tmmia</strong></span> <span class='ocrx_word' id='word_1_352' title='bbox 1446 4706 1539 4759; x_wconf 90' lang='lat' dir='ltr'><strong>per</strong></span> <span class='ocrx_word' id='word_1_353' title='bbox 1569 4708 1690 4761; x_wconf 82' lang='lat' dir='ltr'><strong>gra-</strong></span> 
     </span>
    </p>
   </div>
   <div class='ocr_carea' id='block_1_47' title="bbox 91 4759 1685 4842">
    <p class='ocr_par' dir='ltr' id='par_1_47' title="bbox 91 4759 1685 4842">
     <span class='ocr_line' id='line_1_48' title="bbox 91 4759 1685 4842; baseline 0.021 -33"><span class='ocrx_word' id='word_1_354' title='bbox 91 4759 238 4821; x_wconf 83' lang='lat' dir='ltr'><strong>tiam,</strong></span> <span class='ocrx_word' id='word_1_355' title='bbox 265 4763 374 4816; x_wconf 77' lang='lat' dir='ltr'><strong>sed</strong></span> <span class='ocrx_word' id='word_1_356' title='bbox 407 4766 563 4818; x_wconf 89' lang='lat' dir='ltr'><strong>etiam</strong></span> <span class='ocrx_word' id='word_1_357' title='bbox 589 4782 681 4835; x_wconf 88' lang='lat' dir='ltr'><strong>per</strong></span> <span class='ocrx_word' id='word_1_358' title='bbox 706 4772 978 4838; x_wconf 88' lang='lat' dir='ltr'><strong>proprium</strong></span> <span class='ocrx_word' id='word_1_359' title='bbox 1007 4775 1241 4830; x_wconf 90' lang='lat' dir='ltr'><strong>studium</strong></span> <span class='ocrx_word' id='word_1_360' title='bbox 1264 4778 1685 4842; x_wconf 84' lang='lat' dir='ltr'><strong>administrasse.</strong></span> 
     </span>
    </p>
   </div>
   <div class='ocr_carea' id='block_1_48' title="bbox 86 4851 1685 4929">
    <p class='ocr_par' dir='ltr' id='par_1_48' title="bbox 86 4851 1685 4929">
     <span class='ocr_line' id='line_1_49' title="bbox 86 4851 1685 4929; baseline 0.017 -26"><span class='ocrx_word' id='word_1_361' title='bbox 86 4851 168 4904; x_wconf 71' lang='lat'><strong>25.</strong></span> <span class='ocrx_word' id='word_1_362' title='bbox 203 4852 274 4904; x_wconf 80' lang='lat' dir='ltr'><strong>Et</strong></span> <span class='ocrx_word' id='word_1_363' title='bbox 307 4856 439 4908; x_wconf 80' lang='lat' dir='ltr'><strong>inde</strong></span> <span class='ocrx_word' id='word_1_364' title='bbox 468 4859 821 4928; x_wconf 83' lang='lat' dir='ltr'><strong>navigaverunt</strong></span> <span class='ocrx_word' id='word_1_365' title='bbox 856 4863 1195 4929; x_wconf 80' lang='lat' dir='ltr'><strong>Antiochiam,</strong></span> <span class='ocrx_word' id='word_1_366' title='bbox 1242 4870 1375 4923; x_wconf 83' lang='lat' dir='ltr'><strong>unde</strong></span> <span class='ocrx_word' id='word_1_367' title='bbox 1406 4884 1548 4926; x_wconf 84' lang='lat' dir='ltr'><strong>erant</strong></span> <span class='ocrx_word' id='word_1_368' title='bbox 1579 4885 1685 4929; x_wconf 89' lang='lat' dir='ltr'><strong>tra-</strong></span> 
     </span>
    </p>
   </div>
   <div class='ocr_carea' id='block_1_49' title="bbox 84 4945 1687 5026">
    <p class='ocr_par' dir='ltr' id='par_1_49' title="bbox 84 4945 1687 5026">
     <span class='ocr_line' id='line_1_50' title="bbox 84 4945 1687 5026; baseline 0.02 -33"><span class='ocrx_word' id='word_1_369' title='bbox 84 4945 175 4997; x_wconf 85' lang='lat' dir='ltr'><strong>diti</strong></span> <span class='ocrx_word' id='word_1_370' title='bbox 198 4949 402 5015; x_wconf 67' lang='lat' dir='ltr'><strong>gratim</strong></span> <span class='ocrx_word' id='word_1_371' title='bbox 425 4946 543 5014; x_wconf 87' lang='lat' dir='ltr'><strong>Dei,</strong></span> <span class='ocrx_word' id='word_1_372' title='bbox 566 4952 617 5003; x_wconf 89' lang='lat' dir='ltr'><strong>in</strong></span> <span class='ocrx_word' id='word_1_373' title='bbox 641 4968 769 5020; x_wconf 86' lang='lat' dir='ltr'><strong>opus</strong></span> <span class='ocrx_word' id='word_1_374' title='bbox 789 4956 924 5024; x_wconf 88' lang='lat' dir='ltr'><strong>quod</strong></span> <span class='ocrx_word' id='word_1_375' title='bbox 949 4958 1340 5026; x_wconf 85' lang='lat' dir='ltr'><strong>compleverunt.</strong></span> <span class='ocrx_word' id='word_1_376' title='bbox 1371 4961 1478 5018; x_wconf 86' lang='lat' dir='ltr'><strong>Cur</strong></span> <span class='ocrx_word' id='word_1_377' title='bbox 1502 4982 1687 5025; x_wconf 89' lang='lat' dir='ltr'><strong>rursus</strong></span> 
     </span>
    </p>
   </div>
   <div class='ocr_carea' id='block_1_50' title="bbox 85 5037 1684 5123">
    <p class='ocr_par' dir='ltr' id='par_1_50' title="bbox 85 5037 1684 5123">
     <span class='ocr_line' id='line_1_51' title="bbox 85 5037 1684 5123; baseline 0.018 -35"><span class='ocrx_word' id='word_1_378' title='bbox 85 5037 442 5092; x_wconf 76' lang='lat' dir='ltr'><strong>Antiochiam</strong></span> <span class='ocrx_word' id='word_1_379' title='bbox 474 5042 729 5097; x_wconf 84' lang='lat' dir='ltr'><strong>veniunt?</strong></span> <span class='ocrx_word' id='word_1_380' title='bbox 754 5044 824 5100; x_wconf 89' lang='lat' dir='ltr'><strong>Ut</strong></span> <span class='ocrx_word' id='word_1_381' title='bbox 847 5052 1164 5105; x_wconf 82' lang='lat' dir='ltr'><strong>anttnntient</strong></span> <span class='ocrx_word' id='word_1_382' title='bbox 1185 5069 1244 5107; x_wconf 86' lang='lat' dir='ltr'><strong>ea</strong></span> <span class='ocrx_word' id='word_1_383' title='bbox 1273 5069 1391 5123; x_wconf 73' lang='lat' dir='ltr'><strong>qua:</strong></span> <span class='ocrx_word' id='word_1_384' title='bbox 1416 5057 1524 5112; x_wconf 87' lang='lat' dir='ltr'><strong>illic</strong></span> <span class='ocrx_word' id='word_1_385' title='bbox 1551 5060 1684 5116; x_wconf 85' lang='lat' dir='ltr'><strong>facta</strong></span> 
     </span>
    </p>
   </div>
   <div class='ocr_carea' id='block_1_51' title="bbox 83 5130 1681 5209">
    <p class='ocr_par' dir='ltr' id='par_1_51' title="bbox 83 5130 1681 5209">
     <span class='ocr_line' id='line_1_52' title="bbox 83 5130 1681 5209; baseline 0.019 -31"><span class='ocrx_word' id='word_1_386' title='bbox 83 5138 226 5181; x_wconf 84' lang='lat' dir='ltr'><strong>sunt.</strong></span> <span class='ocrx_word' id='word_1_387' title='bbox 262 5130 530 5200; x_wconf 83' lang='lat' dir='ltr'><strong>Alioquin</strong></span> <span class='ocrx_word' id='word_1_388' title='bbox 563 5149 693 5189; x_wconf 89' lang='lat' dir='ltr'><strong>vero</strong></span> <span class='ocrx_word' id='word_1_389' title='bbox 740 5138 866 5192; x_wconf 90' lang='lat' dir='ltr'><strong>hinc</strong></span> <span class='ocrx_word' id='word_1_390' title='bbox 897 5154 1086 5209; x_wconf 83' lang='lat' dir='ltr'><strong>magna</strong></span> <span class='ocrx_word' id='word_1_391' title='bbox 1119 5158 1205 5195; x_wconf 88' lang='lat' dir='ltr'><strong>res</strong></span> <span class='ocrx_word' id='word_1_392' title='bbox 1231 5146 1635 5206; x_wconf 74' lang='lat' dir='ltr'><strong>administratur</strong></span> <span class='ocrx_word' id='word_1_393' title='bbox 1665 5171 1681 5208; x_wconf 90' lang='lat'><strong>:</strong></span> 
     </span>
    </p>
   </div>
   <div class='ocr_carea' id='block_1_52' title="bbox 83 5223 1682 5310">
    <p class='ocr_par' dir='ltr' id='par_1_52' title="bbox 83 5223 1682 5310">
     <span class='ocr_line' id='line_1_53' title="bbox 83 5223 1682 5310; baseline 0.018 -40"><span class='ocrx_word' id='word_1_394' title='bbox 83 5223 384 5287; x_wconf 86' lang='lat' dir='ltr'><strong>oportebat</strong></span> <span class='ocrx_word' id='word_1_395' title='bbox 410 5226 554 5279; x_wconf 86' lang='lat' dir='ltr'><strong>enim</strong></span> <span class='ocrx_word' id='word_1_396' title='bbox 579 5227 688 5296; x_wconf 88' lang='lat' dir='ltr'><strong>jam</strong></span> <span class='ocrx_word' id='word_1_397' title='bbox 715 5244 836 5284; x_wconf 89' lang='lat' dir='ltr'><strong>cum</strong></span> <span class='ocrx_word' id='word_1_398' title='bbox 870 5233 1058 5287; x_wconf 87' lang='lat' dir='ltr'><strong>fiducia</strong></span> <span class='ocrx_word' id='word_1_399' title='bbox 1097 5235 1385 5302; x_wconf 73' lang='lat' dir='ltr'><strong>prsrdicare</strong></span> <span class='ocrx_word' id='word_1_400' title='bbox 1416 5244 1682 5310; x_wconf 82' lang='lat' dir='ltr'><strong>gentibus.</strong></span> 
     </span>
    </p>
   </div>
   <div class='ocr_carea' id='block_1_53' title="bbox 92 5311 1686 5401">
    <p class='ocr_par' dir='ltr' id='par_1_53' title="bbox 92 5311 1686 5401">
     <span class='ocr_line' id='line_1_54' title="bbox 92 5311 1686 5401; baseline 0.018 -36"><span class='ocrx_word' id='word_1_401' title='bbox 92 5311 329 5370; x_wconf 75' lang='lat' dir='ltr'><strong>Veniunt</strong></span> <span class='ocrx_word' id='word_1_402' title='bbox 380 5332 513 5387; x_wconf 85' lang='lat' dir='ltr'><strong>ergo</strong></span> <span class='ocrx_word' id='word_1_403' title='bbox 557 5320 671 5376; x_wconf 70' lang='lat' dir='ltr'><strong>bare</strong></span> <span class='ocrx_word' id='word_1_404' title='bbox 713 5326 1033 5391; x_wconf 89' lang='lat' dir='ltr'><strong>nuntiaturi,</strong></span> <span class='ocrx_word' id='word_1_405' title='bbox 1086 5338 1143 5382; x_wconf 93' lang='lat' dir='ltr'><strong>ut</strong></span> <span class='ocrx_word' id='word_1_406' title='bbox 1182 5331 1322 5386; x_wconf 89' lang='lat' dir='ltr'><strong>scire</strong></span> <span class='ocrx_word' id='word_1_407' title='bbox 1354 5336 1575 5401; x_wconf 87' lang='lat' dir='ltr'><strong>possint.</strong></span> <span class='ocrx_word' id='word_1_408' title='bbox 1620 5340 1686 5394; x_wconf 86' lang='lat' dir='ltr'><strong>Et</strong></span> 
     </span>
    </p>
   </div>
   <div class='ocr_carea' id='block_1_54' title="bbox 84 5410 1677 5491">
    <p class='ocr_par' dir='ltr' id='par_1_54' title="bbox 84 5410 1677 5491">
     <span class='ocr_line' id='line_1_55' title="bbox 84 5410 1677 5491; baseline 0.019 -35"><span class='ocrx_word' id='word_1_409' title='bbox 84 5410 425 5473; x_wconf 81' lang='lat' dir='ltr'><strong>providetur,</strong></span> <span class='ocrx_word' id='word_1_410' title='bbox 459 5422 519 5465; x_wconf 87' lang='lat' dir='ltr'><strong>nt</strong></span> <span class='ocrx_word' id='word_1_411' title='bbox 557 5424 684 5469; x_wconf 92' lang='lat' dir='ltr'><strong>tunc</strong></span> <span class='ocrx_word' id='word_1_412' title='bbox 711 5419 924 5472; x_wconf 83' lang='lat' dir='ltr'><strong>veniant</strong></span> <span class='ocrx_word' id='word_1_413' title='bbox 962 5420 995 5473; x_wconf 91' lang='lat' dir='ltr'><strong>ii</strong></span> <span class='ocrx_word' id='word_1_414' title='bbox 1024 5422 1113 5490; x_wconf 88' lang='lat' dir='ltr'><strong>qui</strong></span> <span class='ocrx_word' id='word_1_415' title='bbox 1165 5424 1515 5491; x_wconf 86' lang='lat' dir='ltr'><strong>prohibebant</strong></span> <span class='ocrx_word' id='word_1_416' title='bbox 1557 5448 1677 5486; x_wconf 88' lang='lat' dir='ltr'><strong>cum</strong></span> 
     </span>
    </p>
   </div>
   <div class='ocr_carea' id='block_1_55' title="bbox 84 5502 1680 5595">
    <p class='ocr_par' dir='ltr' id='par_1_55' title="bbox 84 5502 1680 5595">
     <span class='ocr_line' id='line_1_56' title="bbox 84 5502 1680 5595; baseline 0.02 -46"><span class='ocrx_word' id='word_1_417' title='bbox 84 5502 339 5565; x_wconf 69' lang='lat' dir='ltr'><strong>gentibus</strong></span> <span class='ocrx_word' id='word_1_418' title='bbox 370 5506 608 5568; x_wconf 84' lang='lat' dir='ltr'><strong>versari;</strong></span> <span class='ocrx_word' id='word_1_419' title='bbox 641 5518 698 5561; x_wconf 92' lang='lat' dir='ltr'><strong>ut</strong></span> <span class='ocrx_word' id='word_1_420' title='bbox 725 5510 917 5564; x_wconf 87' lang='lat' dir='ltr'><strong>deinde</strong></span> <span class='ocrx_word' id='word_1_421' title='bbox 946 5529 1188 5583; x_wconf 85' lang='lat' dir='ltr'><strong>magnam</strong></span> <span class='ocrx_word' id='word_1_422' title='bbox 1225 5532 1289 5573; x_wconf 86' lang='lat' dir='ltr'><strong>cx</strong></span> <span class='ocrx_word' id='word_1_423' title='bbox 1331 5519 1680 5595; x_wconf 79' lang='lat' dir='ltr'><strong>Jerosolymis</strong></span> 
     </span>
    </p>
   </div>
   <div class='ocr_carea' id='block_1_56' title="bbox 88 5592 1680 5670">
    <p class='ocr_par' dir='ltr' id='par_1_56' title="bbox 88 5592 1680 5670">
     <span class='ocr_line' id='line_1_57' title="bbox 88 5592 1680 5670; baseline 0.019 -29"><span class='ocrx_word' id='word_1_424' title='bbox 88 5592 342 5646; x_wconf 84' lang='lat' dir='ltr'><strong>ﬁduciam</strong></span> <span class='ocrx_word' id='word_1_425' title='bbox 379 5596 582 5665; x_wconf 87' lang='lat' dir='ltr'><strong>adepti,</strong></span> <span class='ocrx_word' id='word_1_426' title='bbox 617 5598 841 5655; x_wconf 85' lang='lat' dir='ltr'><strong>fidenter</strong></span> <span class='ocrx_word' id='word_1_427' title='bbox 865 5603 1094 5658; x_wconf 82' lang='lat' dir='ltr'><strong>abirent.</strong></span> <span class='ocrx_word' id='word_1_428' title='bbox 1130 5606 1224 5662; x_wconf 82' lang='lat' dir='ltr'><strong>Vel</strong></span> <span class='ocrx_word' id='word_1_429' title='bbox 1267 5610 1422 5666; x_wconf 89' lang='lat' dir='ltr'><strong>aliter</strong></span> <span class='ocrx_word' id='word_1_430' title='bbox 1453 5630 1467 5667; x_wconf 89' lang='lat'>:</span> <span class='ocrx_word' id='word_1_431' title='bbox 1498 5592 1680 5670; x_wconf 78' lang='lat' dir='ltr'><strong>osten-</strong></span> 
     </span>
    </p>
   </div>
   <div class='ocr_carea' id='block_1_57' title="bbox 88 5680 1682 5769">
    <p class='ocr_par' dir='ltr' id='par_1_57' title="bbox 88 5680 1682 5769">
     <span class='ocr_line' id='line_1_58' title="bbox 88 5680 1682 5769; baseline 0.016 -34"><span class='ocrx_word' id='word_1_432' title='bbox 88 5680 159 5735; x_wconf 61' lang='grc' dir='ltr'><strong>ὧν.</strong></span> <span class='ocrx_word' id='word_1_433' title='bbox 184 5699 388 5737; x_wconf 78' lang='lat' dir='ltr'><strong>eorum</strong></span> <span class='ocrx_word' id='word_1_434' title='bbox 422 5702 603 5742; x_wconf 88' lang='lat' dir='ltr'><strong>mores</strong></span> <span class='ocrx_word' id='word_1_435' title='bbox 646 5707 749 5744; x_wconf 90' lang='lat' dir='ltr'><strong>nnn</strong></span> <span class='ocrx_word' id='word_1_436' title='bbox 792 5696 1149 5764; x_wconf 85' lang='lat' dir='ltr'><strong>arrogantiam</strong></span> <span class='ocrx_word' id='word_1_437' title='bbox 1193 5712 1403 5769; x_wconf 84' lang='lat' dir='ltr'><strong>sapere.</strong></span> <span class='ocrx_word' id='word_1_438' title='bbox 1448 5702 1682 5760; x_wconf 84' lang='lat' dir='ltr'><strong>Veniunt</strong></span> 
     </span>
    </p>
   </div>
   <div class='ocr_carea' id='block_1_58' title="bbox 81 5771 1679 5869">
    <p class='ocr_par' dir='ltr' id='par_1_58' title="bbox 81 5771 1679 5869">
     <span class='ocr_line' id='line_1_59' title="bbox 81 5771 1679 5869; baseline 0.018 -43"><span class='ocrx_word' id='word_1_439' title='bbox 81 5771 251 5842; x_wconf 69' lang='lat' dir='ltr'><strong>uilio,</strong></span> <span class='ocrx_word' id='word_1_440' title='bbox 281 5786 349 5831; x_wconf 88' lang='lat' dir='ltr'><strong>ut</strong></span> <span class='ocrx_word' id='word_1_441' title='bbox 380 5784 435 5832; x_wconf 89' lang='lat' dir='ltr'><strong>et</strong></span> <span class='ocrx_word' id='word_1_442' title='bbox 468 5778 718 5835; x_wconf 78' lang='lat' dir='ltr'><strong>ﬁduciam</strong></span> <span class='ocrx_word' id='word_1_443' title='bbox 755 5797 903 5840; x_wconf 85' lang='lat' dir='ltr'><strong>suam</strong></span> <span class='ocrx_word' id='word_1_444' title='bbox 948 5786 1257 5859; x_wconf 77' lang='lat' dir='ltr'><strong>exhibeant,</strong></span> <span class='ocrx_word' id='word_1_445' title='bbox 1293 5793 1434 5863; x_wconf 85' lang='lat' dir='ltr'><strong>quod</strong></span> <span class='ocrx_word' id='word_1_446' title='bbox 1474 5796 1679 5869; x_wconf 78' lang='lat' dir='ltr'><strong>absque</strong></span> 
     </span>
    </p>
   </div>
   <div class='ocr_carea' id='block_1_59' title="bbox 1130 327 2488 419">
    <p class='ocr_par' dir='ltr' id='par_1_59' title="bbox 1130 327 2488 419">
     <span class='ocr_line' id='line_1_60' title="bbox 1130 327 2488 419; baseline 0.024 -35"><span class='ocrx_word' id='word_1_447' title='bbox 1130 327 1200 385; x_wconf 86' lang='lat' dir='ltr'><strong>IN</strong></span> <span class='ocrx_word' id='word_1_448' title='bbox 1237 331 1418 388; x_wconf 71' lang='lat' dir='ltr'><strong>ACTA</strong></span> <span class='ocrx_word' id='word_1_449' title='bbox 1456 333 1979 401; x_wconf 72' lang='lat' dir='ltr'><strong>APOSTOLORUM.</strong></span> <span class='ocrx_word' id='word_1_450' title='bbox 2019 348 2254 410; x_wconf 72' lang='lat' dir='ltr'><strong>HOMIL.</strong></span> <span class='ocrx_word' id='word_1_451' title='bbox 2293 354 2488 419; x_wconf 72' lang='lat' dir='ltr'><strong>XXXI.</strong></span> 
     </span>
    </p>
   </div>
   <div class='ocr_carea' id='block_1_60' title="bbox 1860 457 3437 579">
    <p class='ocr_par' dir='ltr' id='par_1_60' title="bbox 1860 457 3437 579">
     <span class='ocr_line' id='line_1_61' title="bbox 1860 457 3437 579; baseline 0.039 -68"><span class='ocrx_word' id='word_1_452' title='bbox 1860 457 1966 516; x_wconf 89' lang='lat' dir='ltr'><strong>illis</strong></span> <span class='ocrx_word' id='word_1_453' title='bbox 1988 466 2371 532; x_wconf 72' lang='lat' dir='ltr'><strong>pnedieassent</strong></span> <span class='ocrx_word' id='word_1_454' title='bbox 2395 481 2667 551; x_wconf 85' lang='lat' dir='ltr'><strong>gentibus,</strong></span> <span class='ocrx_word' id='word_1_455' title='bbox 2708 496 2764 543; x_wconf 88' lang='lat' dir='ltr'><strong>et</strong></span> <span class='ocrx_word' id='word_1_456' title='bbox 2792 491 3171 572; x_wconf 82' lang='lat' dir='ltr'><strong>obedientiam,</strong></span> <span class='ocrx_word' id='word_1_457' title='bbox 3197 514 3339 579; x_wconf 87' lang='lat' dir='ltr'><strong>quod</strong></span> <span class='ocrx_word' id='word_1_458' title='bbox 3369 518 3437 574; x_wconf 89' lang='lat' dir='ltr'><strong>ad</strong></span> 
     </span>
    </p>
   </div>
   <div class='ocr_carea' id='block_1_61' title="bbox 1856 554 3434 679">
    <p class='ocr_par' dir='ltr' id='par_1_61' title="bbox 1856 554 3434 679">
     <span class='ocr_line' id='line_1_62' title="bbox 3032 554 3434 579; baseline 0.047 -24"><span class='ocrx_word' id='word_1_459' title='bbox 3032 554 3035 555; x_wconf 79' lang='lat'><strong>7</strong></span> <span class='ocrx_word' id='word_1_460' title='bbox 3200 554 3339 579; x_wconf 64' lang='grc' dir='ltr'><strong>τα...</strong></span> <span class='ocrx_word' id='word_1_461' title='bbox 3369 554 3434 574; x_wconf 80' lang='grc' dir='ltr'><strong>..ιι</strong></span> 
     </span>
     <span class='ocr_line' id='line_1_63' title="bbox 1856 554 3434 679; baseline 0.037 -71"><span class='ocrx_word' id='word_1_462' title='bbox 1856 554 1977 611; x_wconf 88' lang='lat' dir='ltr'><strong>illos</strong></span> <span class='ocrx_word' id='word_1_463' title='bbox 2004 575 2117 617; x_wconf 88' lang='lat' dir='ltr'><strong>rem</strong></span> <span class='ocrx_word' id='word_1_464' title='bbox 2143 565 2378 625; x_wconf 88' lang='lat' dir='ltr'><strong>referant</strong></span> <span class='ocrx_word' id='word_1_465' title='bbox 2409 590 2425 626; x_wconf 90' lang='lat'><strong>:</strong></span> <span class='ocrx_word' id='word_1_466' title='bbox 2454 591 2628 648; x_wconf 89' lang='lat' dir='ltr'><strong>neque</strong></span> <span class='ocrx_word' id='word_1_467' title='bbox 2656 583 2821 651; x_wconf 89' lang='lat' dir='ltr'><strong>enim,</strong></span> <span class='ocrx_word' id='word_1_468' title='bbox 2847 593 2989 660; x_wconf 90' lang='lat' dir='ltr'><strong>quod</strong></span> <span class='ocrx_word' id='word_1_469' title='bbox 3012 596 3133 654; x_wconf 88' lang='lat' dir='ltr'><strong>talia</strong></span> <span class='ocrx_word' id='word_1_470' title='bbox 3163 602 3434 679; x_wconf 73' lang='lat' dir='ltr'><strong>fecissent,</strong></span> 
     </span>
    </p>
   </div>
   <div class='ocr_carea' id='block_1_62' title="bbox 1853 662 3439 767">
    <p class='ocr_par' dir='ltr' id='par_1_62' title="bbox 1853 662 3439 767">
     <span class='ocr_line' id='line_1_64' title="bbox 1853 662 3439 767; baseline 0.037 -68"><span class='ocrx_word' id='word_1_471' title='bbox 1853 662 2169 722; x_wconf 87' lang='lat' dir='ltr'><strong>arroganter</strong></span> <span class='ocrx_word' id='word_1_472' title='bbox 2195 673 2441 730; x_wconf 90' lang='lat' dir='ltr'><strong>egerunt.</strong></span> <span class='ocrx_word' id='word_1_473' title='bbox 2475 666 2624 725; x_wconf 85' lang='lat' dir='ltr'><strong>Unde</strong></span> <span class='ocrx_word' id='word_1_474' title='bbox 2647 687 2791 731; x_wconf 86' lang='lat' dir='ltr'><strong>erant</strong></span> <span class='ocrx_word' id='word_1_475' title='bbox 2814 684 3009 751; x_wconf 83' lang='lat' dir='ltr'><strong>traditi,</strong></span> <span class='ocrx_word' id='word_1_476' title='bbox 3039 689 3227 761; x_wconf 90' lang='lat' dir='ltr'><strong>inquit,</strong></span> <span class='ocrx_word' id='word_1_477' title='bbox 3258 662 3439 767; x_wconf 60' lang='lat' dir='ltr'><strong>gratia;</strong></span> 
     </span>
     <span class='ocr_line' id='line_1_65' title="bbox 1863 738 2633 767; baseline 0.036 -1"><span class='ocrx_word' id='word_1_478' title='bbox 1863 738 1954 767; x_wconf 69' lang='lat'><strong>11-:</strong></span> <span class='ocrx_word' id='word_1_479' title='bbox 2004 745 2111 767; x_wconf 51' lang='lat' dir='ltr'><strong>the-</strong></span> <span class='ocrx_word' id='word_1_480' title='bbox 2160 766 2165 767; x_wconf 40' lang='grc' dir='ltr'><em>γ</em></span> <span class='ocrx_word' id='word_1_481' title='bbox 2315 757 2348 767; x_wconf 71' lang='grc' dir='ltr'><strong>ι·-</strong></span> <span class='ocrx_word' id='word_1_482' title='bbox 2394 758 2405 767; x_wconf 89' lang='grc'><strong>·</strong></span> <span class='ocrx_word' id='word_1_483' title='bbox 2443 761 2454 767; x_wconf 94' lang='grc'><strong>·</strong></span> <span class='ocrx_word' id='word_1_484' title='bbox 2606 765 2633 767; x_wconf 67' lang='lat'><strong><em>&quot;</em></strong></span> 
     </span>
    </p>
   </div>
   <div class='ocr_carea' id='block_1_63' title="bbox 1853 738 3436 857">
    <p class='ocr_par' dir='ltr' id='par_1_63' title="bbox 1853 738 3436 857">
     <span class='ocr_line' id='line_1_66' title="bbox 1853 738 3436 857; baseline 0.037 -63"><span class='ocrx_word' id='word_1_485' title='bbox 1853 738 1970 796; x_wconf 87' lang='lat' dir='ltr'><strong>Dei.</strong></span> <span class='ocrx_word' id='word_1_486' title='bbox 2004 745 2285 821; x_wconf 89' lang='lat' dir='ltr'><strong>Etiamque</strong></span> <span class='ocrx_word' id='word_1_487' title='bbox 2314 757 2543 825; x_wconf 85' lang='lat' dir='ltr'><strong>Spiritus</strong></span> <span class='ocrx_word' id='word_1_488' title='bbox 2585 765 2832 837; x_wconf 80' lang='lat' dir='ltr'><strong>dixerat;</strong></span> <span class='ocrx_word' id='word_1_489' title='bbox 2875 779 2969 832; x_wconf 85' lang='lat' dir='ltr'><strong>sed</strong></span> <span class='ocrx_word' id='word_1_490' title='bbox 3014 738 3125 848; x_wconf 63' lang='lat' dir='ltr'><strong>ea:l</strong></span> <span class='ocrx_word' id='word_1_491' title='bbox 3150 738 3288 857; x_wconf 59' lang='lat' dir='ltr'><strong>qua:</strong></span> <span class='ocrx_word' id='word_1_492' title='bbox 3311 807 3436 852; x_wconf 91' lang='lat' dir='ltr'><strong>sunt</strong></span> 
     </span>
     <span class='ocr_line' id='line_1_67' title="bbox 1853 833 2565 857; baseline 0.034 -13"><span class='ocrx_word' id='word_1_493' title='bbox 1853 833 2071 857; x_wconf 51' lang='lat' dir='ltr'><strong>c_,_,.__7</strong></span> <span class='ocrx_word' id='word_1_494' title='bbox 2211 845 2223 857; x_wconf 93' lang='lat'><strong>.</strong></span> <span class='ocrx_word' id='word_1_495' title='bbox 2262 846 2275 857; x_wconf 91' lang='lat'><strong>.</strong></span> <span class='ocrx_word' id='word_1_496' title='bbox 2527 855 2565 857; x_wconf 45' lang='grc' dir='ltr'><strong>λ</strong></span> 
     </span>
    </p>
   </div>
   <div class='ocr_carea' id='block_1_64' title="bbox 1852 833 3432 949">
    <p class='ocr_par' dir='ltr' id='par_1_64' title="bbox 1852 833 3432 949">
     <span class='ocr_line' id='line_1_68' title="bbox 1852 833 3432 949; baseline 0.036 -63"><span class='ocrx_word' id='word_1_497' title='bbox 1852 833 2102 904; x_wconf 90' lang='lat' dir='ltr'><strong>Spiritus,</strong></span> <span class='ocrx_word' id='word_1_498' title='bbox 2148 845 2349 902; x_wconf 90' lang='lat' dir='ltr'><strong>sciebat</strong></span> <span class='ocrx_word' id='word_1_499' title='bbox 2375 864 2498 907; x_wconf 90' lang='lat' dir='ltr'><strong>esse</strong></span> <span class='ocrx_word' id='word_1_500' title='bbox 2527 855 2644 912; x_wconf 80' lang='lat' dir='ltr'><strong>Filii</strong></span> <span class='ocrx_word' id='word_1_501' title='bbox 2678 878 2693 914; x_wconf 92' lang='lat'>:</span> <span class='ocrx_word' id='word_1_502' title='bbox 2724 880 2823 918; x_wconf 90' lang='lat' dir='ltr'><strong>una</strong></span> <span class='ocrx_word' id='word_1_503' title='bbox 2852 870 2994 924; x_wconf 87' lang='lat' dir='ltr'><strong>enim</strong></span> <span class='ocrx_word' id='word_1_504' title='bbox 3028 833 3285 949; x_wconf 52' lang='lat' dir='ltr'><strong>potegtas,</strong></span> <span class='ocrx_word' id='word_1_505' title='bbox 3325 886 3432 942; x_wconf 81' lang='lat' dir='ltr'><strong>sie-</strong></span> 
     </span>
    </p>
   </div>
   <div class='ocr_carea' id='block_1_65' title="bbox 1851 936 3431 1035">
    <p class='ocr_par' dir='ltr' id='par_1_65' title="bbox 1851 936 3431 1035">
     <span class='ocr_line' id='line_1_69' title="bbox 1851 936 3431 1035; baseline 0.037 -57"><span class='ocrx_word' id='word_1_506' title='bbox 1851 936 1909 980; x_wconf 92' lang='lat' dir='ltr'><strong>nt</strong></span> <span class='ocrx_word' id='word_1_507' title='bbox 1952 941 2138 987; x_wconf 89' lang='lat' dir='ltr'><strong>natnra</strong></span> <span class='ocrx_word' id='word_1_508' title='bbox 2171 936 2289 992; x_wconf 84' lang='lat' dir='ltr'><strong>Filii</strong></span> <span class='ocrx_word' id='word_1_509' title='bbox 2329 950 2384 996; x_wconf 87' lang='lat' dir='ltr'><strong>et</strong></span> <span class='ocrx_word' id='word_1_510' title='bbox 2413 943 2645 1014; x_wconf 89' lang='lat' dir='ltr'><strong>Spiritus</strong></span> <span class='ocrx_word' id='word_1_511' title='bbox 2684 967 2769 1009; x_wconf 89' lang='lat' dir='ltr'><strong>est</strong></span> <span class='ocrx_word' id='word_1_512' title='bbox 2804 974 2927 1015; x_wconf 90' lang='lat' dir='ltr'><strong>una.</strong></span> <span class='ocrx_word' id='word_1_513' title='bbox 2979 936 3069 1022; x_wconf 62' lang='lat' dir='ltr'><strong>2f}.</strong></span> <span class='ocrx_word' id='word_1_514' title='bbox 3114 970 3238 1027; x_wconf 84' lang='lat' dir='ltr'><strong>Cum</strong></span> <span class='ocrx_word' id='word_1_515' title='bbox 3263 936 3431 1035; x_wconf 68' lang='lat' dir='ltr'><strong>autem</strong></span> 
     </span>
    </p>
   </div>
   <div class='ocr_carea' id='block_1_66' title="bbox 1848 1020 3430 1138">
    <p class='ocr_par' dir='ltr' id='par_1_66' title="bbox 1848 1020 3430 1138">
     <span class='ocr_line' id='line_1_70' title="bbox 1848 1020 3430 1138; baseline 0.027 -70"><span class='ocrx_word' id='word_1_516' title='bbox 1848 1020 2094 1075; x_wconf 82' lang='lat' dir='ltr'><strong>venissent</strong></span> <span class='ocrx_word' id='word_1_517' title='bbox 2120 1034 2167 1078; x_wconf 90' lang='lat' dir='ltr'><strong>et</strong></span> <span class='ocrx_word' id='word_1_518' title='bbox 2190 1044 2574 1103; x_wconf 79' lang='lat' dir='ltr'><strong>congregassent</strong></span> <span class='ocrx_word' id='word_1_519' title='bbox 2596 1040 2893 1113; x_wconf 78' lang='lat' dir='ltr'><strong>Ecclesium,</strong></span> <span class='ocrx_word' id='word_1_520' title='bbox 2921 1057 3200 1116; x_wconf 79' lang='lat' dir='ltr'><strong>retulerunt</strong></span> <span class='ocrx_word' id='word_1_521' title='bbox 3239 1082 3430 1138; x_wconf 60' lang='lat' dir='ltr'><strong>quanta</strong></span> 
     </span>
     <span class='ocr_line' id='line_1_71' title="bbox 1853 1111 2654 1138; baseline 0 0"><span class='ocrx_word' id='word_1_522' title='bbox 1853 1111 2042 1138; x_wconf 62' lang='grc' dir='ltr'><strong>ΓΑ-Σ---.</strong></span> <span class='ocrx_word' id='word_1_523' title='bbox 2068 1113 2195 1138; x_wconf 76' lang='grc' dir='ltr'><strong>Π--.-</strong></span> <span class='ocrx_word' id='word_1_524' title='bbox 2229 1135 2257 1138; x_wconf 70' lang='lat'><em>-7</em></span> <span class='ocrx_word' id='word_1_525' title='bbox 2362 1126 2431 1138; x_wconf 73' lang='grc' dir='ltr'><strong>ιη.</strong></span> <span class='ocrx_word' id='word_1_526' title='bbox 2644 1134 2654 1138; x_wconf 78' lang='grc'><em>,</em></span> 
     </span>
    </p>
   </div>
   <div class='ocr_carea' id='block_1_67' title="bbox 1849 1111 3426 1217">
    <p class='ocr_par' dir='ltr' id='par_1_67' title="bbox 1849 1111 3426 1217">
     <span class='ocr_line' id='line_1_72' title="bbox 1849 1111 3426 1217; baseline 0.037 -59"><span class='ocrx_word' id='word_1_527' title='bbox 1849 1111 2042 1178; x_wconf 72' lang='lat' dir='ltr'><strong>fecisset</strong></span> <span class='ocrx_word' id='word_1_528' title='bbox 2062 1113 2196 1170; x_wconf 87' lang='lat' dir='ltr'><strong>Dens</strong></span> <span class='ocrx_word' id='word_1_529' title='bbox 2216 1135 2328 1173; x_wconf 87' lang='lat' dir='ltr'><strong>cum</strong></span> <span class='ocrx_word' id='word_1_530' title='bbox 2355 1126 2475 1187; x_wconf 81' lang='lat' dir='ltr'><strong>illis,</strong></span> <span class='ocrx_word' id='word_1_531' title='bbox 2504 1140 2551 1182; x_wconf 88' lang='lat' dir='ltr'><strong>et</strong></span> <span class='ocrx_word' id='word_1_532' title='bbox 2567 1134 2686 1201; x_wconf 87' lang='lat' dir='ltr'><strong>quia</strong></span> <span class='ocrx_word' id='word_1_533' title='bbox 2707 1142 2983 1205; x_wconf 65' lang='lat' dir='ltr'><strong>aperuisset</strong></span> <span class='ocrx_word' id='word_1_534' title='bbox 3001 1154 3228 1217; x_wconf 80' lang='lat' dir='ltr'><strong>gentibus</strong></span> <span class='ocrx_word' id='word_1_535' title='bbox 3240 1111 3426 1217; x_wconf 58' lang='lat' dir='ltr'><strong>bstium</strong></span> 
     </span>
    </p>
   </div>
   <div class='ocr_carea' id='block_1_68' title="bbox 1845 1201 3424 1315">
    <p class='ocr_par' dir='ltr' id='par_1_68' title="bbox 1845 1201 3424 1315">
     <span class='ocr_line' id='line_1_73' title="bbox 1845 1201 3424 1315; baseline 0.039 -65"><span class='ocrx_word' id='word_1_536' title='bbox 1845 1201 1983 1267; x_wconf 80' lang='lat' dir='ltr'><strong>fidei.</strong></span> <span class='ocrx_word' id='word_1_537' title='bbox 2015 1204 2103 1260; x_wconf 75' lang='grc'><strong>27.</strong></span> <span class='ocrx_word' id='word_1_538' title='bbox 2153 1207 2463 1271; x_wconf 87' lang='lat' dir='ltr'><strong>Commorati</strong></span> <span class='ocrx_word' id='word_1_539' title='bbox 2499 1234 2616 1277; x_wconf 84' lang='lat' dir='ltr'><strong>sunt</strong></span> <span class='ocrx_word' id='word_1_540' title='bbox 2658 1239 2826 1284; x_wconf 87' lang='lat' dir='ltr'><strong>autem</strong></span> <span class='ocrx_word' id='word_1_541' title='bbox 2851 1236 2959 1291; x_wconf 87' lang='lat' dir='ltr'><strong>illic</strong></span> <span class='ocrx_word' id='word_1_542' title='bbox 2985 1201 3085 1296; x_wconf 56' lang='lat' dir='ltr'><strong>rion</strong></span> <span class='ocrx_word' id='word_1_543' title='bbox 3111 1265 3267 1315; x_wconf 84' lang='lat' dir='ltr'><strong>parvo</strong></span> <span class='ocrx_word' id='word_1_544' title='bbox 3297 1263 3424 1309; x_wconf 84' lang='lat' dir='ltr'><strong>tent-</strong></span> 
     </span>
    </p>
   </div>
   <div class='ocr_carea' id='block_1_69' title="bbox 1836 1657 3416 1769">
    <p class='ocr_par' dir='ltr' id='par_1_69' title="bbox 1836 1657 3416 1769">
     <span class='ocr_line' id='line_1_74' title="bbox 2928 1657 3416 1681; baseline 0.043 -21"><span class='ocrx_word' id='word_1_545' title='bbox 2928 1657 2944 1660; x_wconf 25' lang='grc' dir='ltr'><strong><em>ἡ</em></strong></span> <span class='ocrx_word' id='word_1_546' title='bbox 2986 1657 3129 1674; x_wconf 54' lang='grc' dir='ltr'><strong>--ν-ο</strong></span> <span class='ocrx_word' id='word_1_547' title='bbox 3157 1657 3205 1670; x_wconf 80' lang='grc' dir='ltr'><strong>ι..</strong></span> <span class='ocrx_word' id='word_1_548' title='bbox 3260 1657 3306 1673; x_wconf 82' lang='lat' dir='ltr'><strong>m</strong></span> <span class='ocrx_word' id='word_1_549' title='bbox 3333 1657 3416 1681; x_wconf 85' lang='lat' dir='ltr'><strong>mtl</strong></span> 
     </span>
     <span class='ocr_line' id='line_1_75' title="bbox 1836 1657 3416 1769; baseline 0.038 -58"><span class='ocrx_word' id='word_1_550' title='bbox 1836 1657 2008 1715; x_wconf 89' lang='lat' dir='ltr'><strong>clade.</strong></span> <span class='ocrx_word' id='word_1_551' title='bbox 2056 1664 2133 1720; x_wconf 89' lang='lat' dir='ltr'><strong>Ne</strong></span> <span class='ocrx_word' id='word_1_552' title='bbox 2172 1684 2300 1739; x_wconf 85' lang='lat' dir='ltr'><strong>ergo</strong></span> <span class='ocrx_word' id='word_1_553' title='bbox 2337 1686 2492 1742; x_wconf 90' lang='lat' dir='ltr'><strong>putes</strong></span> <span class='ocrx_word' id='word_1_554' title='bbox 2522 1680 2621 1737; x_wconf 88' lang='lat' dir='ltr'><strong>hoc</strong></span> <span class='ocrx_word' id='word_1_555' title='bbox 2651 1685 2755 1742; x_wconf 89' lang='lat' dir='ltr'><strong>illis</strong></span> <span class='ocrx_word' id='word_1_556' title='bbox 2782 1703 2834 1746; x_wconf 92' lang='lat' dir='ltr'><strong>et</strong></span> <span class='ocrx_word' id='word_1_557' title='bbox 2866 1695 3074 1755; x_wconf 91' lang='lat' dir='ltr'><strong>illorum</strong></span> <span class='ocrx_word' id='word_1_558' title='bbox 3101 1657 3255 1762; x_wconf 65' lang='lat' dir='ltr'><strong>stati:</strong></span> <span class='ocrx_word' id='word_1_559' title='bbox 3277 1657 3416 1769; x_wconf 55' lang='lat' dir='ltr'><strong>nidi-</strong></span> 
     </span>
    </p>
   </div>
   <div class='ocr_carea' id='block_1_70' title="bbox 1833 1764 3413 1862">
    <p class='ocr_par' dir='ltr' id='par_1_70' title="bbox 1833 1764 3413 1862">
     <span class='ocr_line' id='line_1_76' title="bbox 1833 1764 3413 1862; baseline 0.039 -61"><span class='ocrx_word' id='word_1_560' title='bbox 1833 1764 1993 1819; x_wconf 81' lang='lat' dir='ltr'><strong>guunt</strong></span> <span class='ocrx_word' id='word_1_561' title='bbox 2021 1771 2140 1813; x_wconf 88' lang='lat' dir='ltr'><strong>esse</strong></span> <span class='ocrx_word' id='word_1_562' title='bbox 2172 1778 2186 1813; x_wconf 92' lang='lat'><strong>:</strong></span> <span class='ocrx_word' id='word_1_563' title='bbox 2214 1778 2384 1833; x_wconf 83' lang='lat' dir='ltr'><strong>neque</strong></span> <span class='ocrx_word' id='word_1_564' title='bbox 2425 1772 2567 1826; x_wconf 89' lang='lat' dir='ltr'><strong>enim</strong></span> <span class='ocrx_word' id='word_1_565' title='bbox 2612 1778 2767 1835; x_wconf 83' lang='lat' dir='ltr'><strong>aliter</strong></span> <span class='ocrx_word' id='word_1_566' title='bbox 2811 1787 3171 1850; x_wconf 82' lang='lat' dir='ltr'><strong>cohibuissem</strong></span> <span class='ocrx_word' id='word_1_567' title='bbox 3214 1812 3413 1862; x_wconf 84' lang='lat' dir='ltr'><strong>tantum</strong></span> 
     </span>
    </p>
   </div>
   <div class='ocr_carea' id='block_1_71' title="bbox 1833 1842 3409 1953">
    <p class='ocr_par' dir='ltr' id='par_1_71' title="bbox 1833 1842 3409 1953">
     <span class='ocr_line' id='line_1_77' title="bbox 2951 1842 3409 1862; baseline 0.044 -20"><span class='ocrx_word' id='word_1_568' title='bbox 3214 1842 3409 1862; x_wconf 70' lang='grc' dir='ltr'><strong>.η........</strong></span> 
     </span>
     <span class='ocr_line' id='line_1_78' title="bbox 1833 1842 3409 1953; baseline 0.037 -59"><span class='ocrx_word' id='word_1_569' title='bbox 1833 1842 2111 1913; x_wconf 88' lang='lat' dir='ltr'><strong>impetum,</strong></span> <span class='ocrx_word' id='word_1_570' title='bbox 2161 1867 2265 1909; x_wconf 90' lang='lat' dir='ltr'><strong>non</strong></span> <span class='ocrx_word' id='word_1_571' title='bbox 2305 1857 2461 1915; x_wconf 89' lang='lat' dir='ltr'><strong>aliter</strong></span> <span class='ocrx_word' id='word_1_572' title='bbox 2492 1863 2794 1925; x_wconf 88' lang='lat' dir='ltr'><strong>incendium</strong></span> <span class='ocrx_word' id='word_1_573' title='bbox 2826 1884 3228 1947; x_wconf 49' lang='lat' dir='ltr'><strong>exstinxissent.</strong></span> <span class='ocrx_word' id='word_1_574' title='bbox 3279 1895 3409 1953; x_wconf 83' lang='lat' dir='ltr'><strong>Cum</strong></span> 
     </span>
    </p>
   </div>
   <div class='ocr_carea' id='block_1_72' title="bbox 1831 1941 3412 2060">
    <p class='ocr_par' dir='ltr' id='par_1_72' title="bbox 1831 1941 3412 2060">
     <span class='ocr_line' id='line_1_79' title="bbox 1831 1941 3412 2060; baseline 0.036 -74"><span class='ocrx_word' id='word_1_575' title='bbox 1831 1948 1959 2003; x_wconf 80' lang='lat' dir='ltr'><strong>ergo</strong></span> <span class='ocrx_word' id='word_1_576' title='bbox 1983 1952 2116 2007; x_wconf 87' lang='lat' dir='ltr'><strong>opus</strong></span> <span class='ocrx_word' id='word_1_577' title='bbox 2137 1941 2294 2000; x_wconf 87' lang='lat' dir='ltr'><strong>fuerit</strong></span> <span class='ocrx_word' id='word_1_578' title='bbox 2317 1950 2530 2021; x_wconf 86' lang='lat' dir='ltr'><strong>talibus,</strong></span> <span class='ocrx_word' id='word_1_579' title='bbox 2560 1974 2627 2013; x_wconf 89' lang='lat' dir='ltr'><strong>ne</strong></span> <span class='ocrx_word' id='word_1_580' title='bbox 2655 1978 2965 2026; x_wconf 60' lang='lat' dir='ltr'><strong>recusemus</strong></span> <span class='ocrx_word' id='word_1_581' title='bbox 2994 1991 3173 2046; x_wconf 68' lang='lat' dir='ltr'><strong>agere.</strong></span> <span class='ocrx_word' id='word_1_582' title='bbox 3200 1984 3256 2039; x_wconf 91' lang='lat' dir='ltr'><strong>Si</strong></span> <span class='ocrx_word' id='word_1_583' title='bbox 3284 2006 3412 2060; x_wconf 78' lang='lat' dir='ltr'><strong>ergo</strong></span> 
     </span>
     <span class='ocr_line' id='line_1_80' title="bbox 1831 2036 2818 2060; baseline 0 0"><span class='ocrx_word' id='word_1_584' title='bbox 1831 2038 1906 2060; x_wconf 67' lang='lat' dir='ltr'><strong>Elll</strong></span> <span class='ocrx_word' id='word_1_585' title='bbox 1931 2041 2146 2060; x_wconf 60' lang='lat' dir='ltr'><strong>nan-ulna</strong></span> <span class='ocrx_word' id='word_1_586' title='bbox 2178 2036 2263 2060; x_wconf 69' lang='grc' dir='ltr'><strong>ισξ..</strong></span> <span class='ocrx_word' id='word_1_587' title='bbox 2297 2053 2380 2060; x_wconf 66' lang='grc'><strong>----</strong></span> <span class='ocrx_word' id='word_1_588' title='bbox 2406 2057 2414 2060; x_wconf 69' lang='lat'><strong>.</strong></span> <span class='ocrx_word' id='word_1_589' title='bbox 2434 2059 2439 2060; x_wconf 75' lang='lat'><strong>7</strong></span> <span class='ocrx_word' id='word_1_590' title='bbox 2608 2051 2679 2060; x_wconf 73' lang='grc' dir='ltr'><strong>...ι</strong></span> <span class='ocrx_word' id='word_1_591' title='bbox 2814 2059 2818 2060; x_wconf 77' lang='lat'><strong>7</strong></span> 
     </span>
    </p>
   </div>
   <div class='ocr_carea' id='block_1_73' title="bbox 1826 2024 3406 2149">
    <p class='ocr_par' dir='ltr' id='par_1_73' title="bbox 1826 2024 3406 2149">
     <span class='ocr_line' id='line_1_81' title="bbox 2912 2024 3406 2047; baseline -0.004 -3"><span class='ocrx_word' id='word_1_592' title='bbox 2912 2024 2959 2026; x_wconf 47' lang='grc'><strong>““</strong></span> <span class='ocrx_word' id='word_1_593' title='bbox 2995 2024 3173 2046; x_wconf 68' lang='grc' dir='ltr'><strong>’ῠο·υσ</strong></span> <span class='ocrx_word' id='word_1_594' title='bbox 3200 2024 3256 2039; x_wconf 71' lang='lat' dir='ltr'><strong>va</strong></span> <span class='ocrx_word' id='word_1_595' title='bbox 3284 2024 3330 2042; x_wconf 70' lang='lat' dir='ltr'><strong>LI</strong></span> <span class='ocrx_word' id='word_1_596' title='bbox 3361 2024 3406 2047; x_wconf 86' lang='grc' dir='ltr'>ὐ</span> 
     </span>
     <span class='ocr_line' id='line_1_82' title="bbox 1826 2024 3406 2149; baseline 0.038 -72"><span class='ocrx_word' id='word_1_597' title='bbox 1826 2024 1906 2079; x_wconf 92' lang='lat' dir='ltr'><strong>sic</strong></span> <span class='ocrx_word' id='word_1_598' title='bbox 1930 2041 2149 2095; x_wconf 76' lang='lat' dir='ltr'><strong>agentes</strong></span> <span class='ocrx_word' id='word_1_599' title='bbox 2178 2036 2263 2090; x_wconf 84' lang='lat' dir='ltr'><strong>vix</strong></span> <span class='ocrx_word' id='word_1_600' title='bbox 2294 2053 2577 2101; x_wconf 87' lang='lat' dir='ltr'><strong>suaserunt</strong></span> <span class='ocrx_word' id='word_1_601' title='bbox 2608 2051 2733 2119; x_wconf 88' lang='lat' dir='ltr'><strong>illis,</strong></span> <span class='ocrx_word' id='word_1_602' title='bbox 2778 2059 2821 2113; x_wconf 90' lang='lat' dir='ltr'><strong>si</strong></span> <span class='ocrx_word' id='word_1_603' title='bbox 2864 2077 2971 2119; x_wconf 90' lang='lat' dir='ltr'><strong>non</strong></span> <span class='ocrx_word' id='word_1_604' title='bbox 3005 2067 3104 2124; x_wconf 89' lang='lat' dir='ltr'><strong>hoc</strong></span> <span class='ocrx_word' id='word_1_605' title='bbox 3131 2024 3406 2149; x_wconf 47' lang='lat' dir='ltr'><strong>fecissem,</strong></span> 
     </span>
     <span class='ocr_line' id='line_1_83' title="bbox 1826 2118 2795 2149; baseline 0 0"><span class='ocrx_word' id='word_1_606' title='bbox 1826 2118 1950 2149; x_wconf 71' lang='lat' dir='ltr'><strong>ﬂll:tl</strong></span> <span class='ocrx_word' id='word_1_607' title='bbox 1981 2137 2081 2149; x_wconf 69' lang='grc' dir='ltr'>ΙιΛιὶ</span> <span class='ocrx_word' id='word_1_608' title='bbox 2114 2124 2339 2149; x_wconf 42' lang='lat' dir='ltr'><strong>f..a--.._-,,-</strong></span> <span class='ocrx_word' id='word_1_609' title='bbox 2478 2146 2485 2149; x_wconf 80' lang='lat'><em>_</em></span> <span class='ocrx_word' id='word_1_610' title='bbox 2511 2138 2533 2149; x_wconf 65' lang='grc' dir='ltr'><strong>Α</strong></span> <span class='ocrx_word' id='word_1_611' title='bbox 2582 2140 2625 2149; x_wconf 72' lang='grc' dir='ltr'>ιι.</span> <span class='ocrx_word' id='word_1_612' title='bbox 2792 2148 2795 2149; x_wconf 98' lang='lat'><strong>7</strong></span> 
     </span>
    </p>
   </div>
   <div class='ocr_carea' id='block_1_74' title="bbox 1824 2118 3406 2239">
    <p class='ocr_par' dir='ltr' id='par_1_74' title="bbox 1824 2118 3406 2239">
     <span class='ocr_line' id='line_1_84' title="bbox 2722 2118 3387 2137; baseline 0.003 -4"><span class='ocrx_word' id='word_1_613' title='bbox 2722 2118 2727 2119; x_wconf 52' lang='grc' dir='ltr'><em>ν</em></span> <span class='ocrx_word' id='word_1_614' title='bbox 2960 2118 2967 2119; x_wconf 47' lang='grc' dir='ltr'>ί</span> <span class='ocrx_word' id='word_1_615' title='bbox 3024 2118 3029 2119; x_wconf 52' lang='grc' dir='ltr'><em>ν</em></span> <span class='ocrx_word' id='word_1_616' title='bbox 3057 2118 3103 2124; x_wconf 62' lang='grc' dir='ltr'><em>ν’</em></span> <span class='ocrx_word' id='word_1_617' title='bbox 3131 2118 3387 2137; x_wconf 65' lang='grc' dir='ltr'><strong>-ν-ι-ασυηι</strong></span> 
     </span>
     <span class='ocr_line' id='line_1_85' title="bbox 1824 2118 3406 2239; baseline 0.03 -72"><span class='ocrx_word' id='word_1_618' title='bbox 1824 2118 1950 2185; x_wconf 87' lang='lat' dir='ltr'><strong>quid</strong></span> <span class='ocrx_word' id='word_1_619' title='bbox 1980 2137 2082 2176; x_wconf 93' lang='lat' dir='ltr'><strong>non</strong></span> <span class='ocrx_word' id='word_1_620' title='bbox 2114 2124 2345 2183; x_wconf 88' lang='lat' dir='ltr'><strong>futurnnt</strong></span> <span class='ocrx_word' id='word_1_621' title='bbox 2377 2138 2533 2190; x_wconf 88' lang='lat' dir='ltr'><strong>erat?</strong></span> <span class='ocrx_word' id='word_1_622' title='bbox 2579 2140 2710 2197; x_wconf 86' lang='lat' dir='ltr'><strong>Nam</strong></span> <span class='ocrx_word' id='word_1_623' title='bbox 2756 2148 2800 2202; x_wconf 83' lang='lat' dir='ltr'><strong>si</strong></span> <span class='ocrx_word' id='word_1_624' title='bbox 2849 2150 2951 2209; x_wconf 88' lang='lat' dir='ltr'><strong>hoc</strong></span> <span class='ocrx_word' id='word_1_625' title='bbox 2991 2174 3094 2214; x_wconf 90' lang='lat' dir='ltr'><strong>non</strong></span> <span class='ocrx_word' id='word_1_626' title='bbox 3134 2126 3406 2239; x_wconf 66' lang='lat' dir='ltr'><strong>fecissem:</strong></span> 
     </span>
     <span class='ocr_line' id='line_1_86' title="bbox 1825 2215 2543 2239; baseline 0 0"><span class='ocrx_word' id='word_1_627' title='bbox 1825 2218 2060 2239; x_wconf 69' lang='lat' dir='ltr'><strong>nulnlnm</strong></span> <span class='ocrx_word' id='word_1_628' title='bbox 2112 2215 2292 2239; x_wconf 72' lang='grc' dir='ltr'><strong>ι’.-ε.,,.</strong></span> <span class='ocrx_word' id='word_1_629' title='bbox 2343 2224 2394 2239; x_wconf 73' lang='grc' dir='ltr'><strong>οη</strong></span> <span class='ocrx_word' id='word_1_630' title='bbox 2530 2231 2543 2239; x_wconf 84' lang='lat'><em>.</em></span> 
     </span>
    </p>
   </div>
   <div class='ocr_carea' id='block_1_75' title="bbox 1825 2215 3401 2318">
    <p class='ocr_par' dir='ltr' id='par_1_75' title="bbox 1825 2215 3401 2318">
     <span class='ocr_line' id='line_1_87' title="bbox 1825 2215 3401 2318; baseline 0.039 -59"><span class='ocrx_word' id='word_1_631' title='bbox 1825 2218 2061 2275; x_wconf 89' lang='lat' dir='ltr'><strong>putatum</strong></span> <span class='ocrx_word' id='word_1_632' title='bbox 2110 2215 2297 2276; x_wconf 81' lang='lat' dir='ltr'><strong>fuisset</strong></span> <span class='ocrx_word' id='word_1_633' title='bbox 2342 2224 2460 2282; x_wconf 85' lang='lat' dir='ltr'><strong>illos</strong></span> <span class='ocrx_word' id='word_1_634' title='bbox 2494 2231 2659 2288; x_wconf 89' lang='lat' dir='ltr'><strong>altum</strong></span> <span class='ocrx_word' id='word_1_635' title='bbox 2690 2251 2882 2308; x_wconf 89' lang='lat' dir='ltr'><strong>sapere</strong></span> <span class='ocrx_word' id='word_1_636' title='bbox 2916 2258 2970 2301; x_wconf 90' lang='lat' dir='ltr'><strong>et</strong></span> <span class='ocrx_word' id='word_1_637' title='bbox 2998 2249 3256 2313; x_wconf 91' lang='lat' dir='ltr'><strong>honorem</strong></span> <span class='ocrx_word' id='word_1_638' title='bbox 3285 2216 3401 2318; x_wconf 54' lang='lat' dir='ltr'><strong>am:</strong></span> 
     </span>
    </p>
   </div>
   <div class='ocr_carea' id='block_1_76' title="bbox 1822 2299 3402 2412">
    <p class='ocr_par' dir='ltr' id='par_1_76' title="bbox 1822 2299 3402 2412">
     <span class='ocr_line' id='line_1_88' title="bbox 1822 2299 3402 2412; baseline 0.039 -59"><span class='ocrx_word' id='word_1_639' title='bbox 1822 2299 1956 2357; x_wconf 90' lang='lat' dir='ltr'><strong>bire.</strong></span> <span class='ocrx_word' id='word_1_640' title='bbox 1982 2306 2051 2360; x_wconf 85' lang='lat' dir='ltr'><strong>Et</strong></span> <span class='ocrx_word' id='word_1_641' title='bbox 2074 2314 2345 2381; x_wconf 84' lang='lat' dir='ltr'><strong>perpende</strong></span> <span class='ocrx_word' id='word_1_642' title='bbox 2366 2332 2670 2382; x_wconf 79' lang='lat' dir='ltr'><strong>serumnem</strong></span> <span class='ocrx_word' id='word_1_643' title='bbox 2694 2330 2745 2384; x_wconf 91' lang='lat' dir='ltr'><strong>iu</strong></span> <span class='ocrx_word' id='word_1_644' title='bbox 2776 2336 2863 2390; x_wconf 90' lang='lat' dir='ltr'><strong>tali</strong></span> <span class='ocrx_word' id='word_1_645' title='bbox 2895 2339 3256 2411; x_wconf 85' lang='lat' dir='ltr'><strong>increpatione</strong></span> <span class='ocrx_word' id='word_1_646' title='bbox 3285 2372 3402 2412; x_wconf 85' lang='lat' dir='ltr'><strong>mo-</strong></span> 
     </span>
     <span class='ocr_line' id='line_1_89' title="bbox 1828 2391 2358 2412; baseline 0.038 0"><span class='ocrx_word' id='word_1_647' title='bbox 1828 2391 1941 2412; x_wconf 76' lang='lat' dir='ltr'><strong>J__—</strong></span> <span class='ocrx_word' id='word_1_648' title='bbox 1958 2404 1969 2412; x_wconf 74' lang='grc' dir='ltr'><strong>ι</strong></span> <span class='ocrx_word' id='word_1_649' title='bbox 2168 2402 2178 2412; x_wconf 88' lang='grc'><strong>¹</strong></span> <span class='ocrx_word' id='word_1_650' title='bbox 2244 2404 2255 2412; x_wconf 82' lang='grc'><strong><em>⁸</em></strong></span> <span class='ocrx_word' id='word_1_651' title='bbox 2351 2409 2358 2412; x_wconf 79' lang='grc'><em>”</em></span> 
     </span>
    </p>
   </div>
   <div class='ocr_carea' id='block_1_77' title="bbox 1823 2391 3398 2503">
    <p class='ocr_par' dir='ltr' id='par_1_77' title="bbox 1823 2391 3398 2503">
     <span class='ocr_line' id='line_1_90' title="bbox 2898 2391 3398 2412; baseline 0.038 -20"><span class='ocrx_word' id='word_1_652' title='bbox 2898 2391 2901 2392; x_wconf 79' lang='lat'><strong>7</strong></span> <span class='ocrx_word' id='word_1_653' title='bbox 2936 2391 2994 2395; x_wconf 70' lang='lat'><strong>7--</strong></span> <span class='ocrx_word' id='word_1_654' title='bbox 3015 2391 3256 2411; x_wconf 79' lang='lat'><strong>..,...-..,....</strong></span> <span class='ocrx_word' id='word_1_655' title='bbox 3285 2391 3398 2412; x_wconf 85' lang='grc' dir='ltr'><strong>...υ-</strong></span> 
     </span>
     <span class='ocr_line' id='line_1_91' title="bbox 1823 2391 3398 2503; baseline 0.037 -60"><span class='ocrx_word' id='word_1_656' title='bbox 1823 2391 2090 2464; x_wconf 77' lang='lat' dir='ltr'><strong>duratum,</strong></span> <span class='ocrx_word' id='word_1_657' title='bbox 2114 2402 2472 2466; x_wconf 87' lang='lat' dir='ltr'><strong>admiratione</strong></span> <span class='ocrx_word' id='word_1_658' title='bbox 2504 2416 2666 2473; x_wconf 88' lang='lat' dir='ltr'><strong>simul</strong></span> <span class='ocrx_word' id='word_1_659' title='bbox 2696 2432 2749 2476; x_wconf 91' lang='lat' dir='ltr'><strong>et</strong></span> <span class='ocrx_word' id='word_1_660' title='bbox 2769 2435 2988 2495; x_wconf 87' lang='lat' dir='ltr'><strong>stupore</strong></span> <span class='ocrx_word' id='word_1_661' title='bbox 3016 2436 3253 2503; x_wconf 86' lang='lat' dir='ltr'><strong>plenum.</strong></span> <span class='ocrx_word' id='word_1_662' title='bbox 3288 2447 3398 2503; x_wconf 89' lang='lat' dir='ltr'><strong>lloe</strong></span> 
     </span>
    </p>
   </div>
   <div class='ocr_carea' id='block_1_78' title="bbox 1820 2486 3397 2594">
    <p class='ocr_par' dir='ltr' id='par_1_78' title="bbox 1820 2486 3397 2594">
     <span class='ocr_line' id='line_1_92' title="bbox 1820 2486 3397 2594; baseline 0.037 -59"><span class='ocrx_word' id='word_1_663' title='bbox 1820 2486 2052 2543; x_wconf 80' lang='lat' dir='ltr'><strong>maxime</strong></span> <span class='ocrx_word' id='word_1_664' title='bbox 2083 2491 2204 2547; x_wconf 90' lang='lat' dir='ltr'><strong>illos</strong></span> <span class='ocrx_word' id='word_1_665' title='bbox 2234 2498 2492 2569; x_wconf 85' lang='lat' dir='ltr'><strong>cohibuit,</strong></span> <span class='ocrx_word' id='word_1_666' title='bbox 2522 2511 2663 2576; x_wconf 86' lang='lat' dir='ltr'><strong>quod</strong></span> <span class='ocrx_word' id='word_1_667' title='bbox 2684 2512 2927 2575; x_wconf 87' lang='lat' dir='ltr'><strong>dicerent</strong></span> <span class='ocrx_word' id='word_1_668' title='bbox 2955 2541 2969 2579; x_wconf 86' lang='lat'><strong>:</strong></span> <span class='ocrx_word' id='word_1_669' title='bbox 2994 2525 3063 2579; x_wconf 83' lang='lat' dir='ltr'><strong>Et</strong></span> <span class='ocrx_word' id='word_1_670' title='bbox 3089 2547 3179 2584; x_wconf 85' lang='lat' dir='ltr'><strong>nos</strong></span> <span class='ocrx_word' id='word_1_671' title='bbox 3208 2537 3397 2594; x_wconf 82' lang='lat' dir='ltr'><strong>similes</strong></span> 
     </span>
    </p>
   </div>
   <div class='ocr_carea' id='block_1_79' title="bbox 1818 2579 3395 2686">
    <p class='ocr_par' dir='ltr' id='par_1_79' title="bbox 1818 2579 3395 2686">
     <span class='ocr_line' id='line_1_93' title="bbox 1818 2579 3395 2686; baseline 0.037 -58"><span class='ocrx_word' id='word_1_672' title='bbox 1818 2579 1953 2633; x_wconf 81' lang='lat' dir='ltr'><strong>vobis</strong></span> <span class='ocrx_word' id='word_1_673' title='bbox 1979 2581 2204 2641; x_wconf 84' lang='lat' dir='ltr'><strong>homines</strong></span> <span class='ocrx_word' id='word_1_674' title='bbox 2228 2594 2491 2659; x_wconf 79' lang='lat' dir='ltr'><strong>passibiles</strong></span> <span class='ocrx_word' id='word_1_675' title='bbox 2519 2616 2714 2671; x_wconf 84' lang='lat' dir='ltr'><strong>sumus,</strong></span> <span class='ocrx_word' id='word_1_676' title='bbox 2754 2616 3112 2675; x_wconf 87' lang='lat' dir='ltr'><strong>annuntiantes</strong></span> <span class='ocrx_word' id='word_1_677' title='bbox 3153 2628 3289 2683; x_wconf 84' lang='lat' dir='ltr'><strong>uobis</strong></span> <span class='ocrx_word' id='word_1_678' title='bbox 3331 2635 3395 2686; x_wconf 89' lang='lat' dir='ltr'><strong>ab</strong></span> 
     </span>
     <span class='ocr_line' id='line_1_94' title="bbox 1825 2666 2449 2686; baseline 0.035 0"><span class='ocrx_word' id='word_1_679' title='bbox 1825 2666 1888 2686; x_wconf 53' lang='lat' dir='ltr'><strong>L9.</strong></span> <span class='ocrx_word' id='word_1_680' title='bbox 2021 2674 2032 2685; x_wconf 82' lang='lat'><strong>&#39;</strong></span> <span class='ocrx_word' id='word_1_681' title='bbox 2300 2682 2310 2686; x_wconf 73' lang='grc'><strong>⁸</strong></span> <span class='ocrx_word' id='word_1_682' title='bbox 2397 2684 2403 2686; x_wconf 33' lang='grc' dir='ltr'><strong>Α</strong></span> <span class='ocrx_word' id='word_1_683' title='bbox 2446 2685 2449 2686; x_wconf 51' lang='grc'><strong><em>⁷</em></strong></span> 
     </span>
    </p>
   </div>
   <div class='ocr_carea' id='block_1_80' title="bbox 1817 2666 3395 2779">
    <p class='ocr_par' dir='ltr' id='par_1_80' title="bbox 1817 2666 3395 2779">
     <span class='ocr_line' id='line_1_95' title="bbox 2701 2666 3394 2686; baseline 0.045 -30"><span class='ocrx_word' id='word_1_684' title='bbox 2701 2666 2711 2671; x_wconf 86' lang='lat'>_</span> <span class='ocrx_word' id='word_1_685' title='bbox 2914 2666 3111 2675; x_wconf 29' lang='grc' dir='ltr'><strong>ηψπ..-</strong></span> <span class='ocrx_word' id='word_1_686' title='bbox 3156 2666 3289 2683; x_wconf 44' lang='lat' dir='ltr'><strong>se-..</strong></span> <span class='ocrx_word' id='word_1_687' title='bbox 3331 2666 3394 2686; x_wconf 79' lang='grc' dir='ltr'><strong>..υ</strong></span> 
     </span>
     <span class='ocr_line' id='line_1_96' title="bbox 1817 2666 3395 2779; baseline 0.038 -60"><span class='ocrx_word' id='word_1_688' title='bbox 1817 2666 1895 2722; x_wconf 79' lang='lat' dir='ltr'><strong>Itis</strong></span> <span class='ocrx_word' id='word_1_689' title='bbox 1915 2674 2057 2727; x_wconf 85' lang='lat' dir='ltr'><strong>vanis</strong></span> <span class='ocrx_word' id='word_1_690' title='bbox 2089 2682 2311 2735; x_wconf 80' lang='lat' dir='ltr'><strong>converti</strong></span> <span class='ocrx_word' id='word_1_691' title='bbox 2336 2684 2404 2738; x_wconf 82' lang='lat' dir='ltr'><strong>ad</strong></span> <span class='ocrx_word' id='word_1_692' title='bbox 2428 2685 2589 2744; x_wconf 85' lang='lat' dir='ltr'><strong>Deum</strong></span> <span class='ocrx_word' id='word_1_693' title='bbox 2612 2711 2633 2758; x_wconf 87' lang='lat'><strong><em>;</em></strong></span> <span class='ocrx_word' id='word_1_694' title='bbox 2659 2710 2723 2749; x_wconf 86' lang='lat' dir='ltr'><strong>ac</strong></span> <span class='ocrx_word' id='word_1_695' title='bbox 2750 2700 2795 2752; x_wconf 91' lang='lat' dir='ltr'><strong>si</strong></span> <span class='ocrx_word' id='word_1_696' title='bbox 2825 2701 3066 2764; x_wconf 83' lang='lat' dir='ltr'><strong>dicerent</strong></span> <span class='ocrx_word' id='word_1_697' title='bbox 3096 2731 3108 2765; x_wconf 90' lang='lat'><strong>:</strong></span> <span class='ocrx_word' id='word_1_698' title='bbox 3138 2714 3395 2779; x_wconf 84' lang='lat' dir='ltr'><strong>Homines</strong></span> 
     </span>
    </p>
   </div>
   <div class='ocr_carea' id='block_1_81' title="bbox 1815 2760 3395 2876">
    <p class='ocr_par' dir='ltr' id='par_1_81' title="bbox 1815 2760 3395 2876">
     <span class='ocr_line' id='line_1_97' title="bbox 2983 2760 3395 2779; baseline 0.051 -20"><span class='ocrx_word' id='word_1_699' title='bbox 3096 2760 3108 2765; x_wconf 88' lang='lat'><strong>-</strong></span> <span class='ocrx_word' id='word_1_700' title='bbox 3138 2760 3395 2779; x_wconf 64' lang='grc' dir='ltr'><strong>--.πωπω</strong></span> 
     </span>
     <span class='ocr_line' id='line_1_98' title="bbox 1815 2760 3395 2876; baseline 0.037 -65"><span class='ocrx_word' id='word_1_701' title='bbox 1815 2760 2028 2829; x_wconf 91' lang='lat' dir='ltr'><strong>quidem</strong></span> <span class='ocrx_word' id='word_1_702' title='bbox 2060 2782 2264 2837; x_wconf 83' lang='lat' dir='ltr'><strong>sumus,</strong></span> <span class='ocrx_word' id='word_1_703' title='bbox 2296 2774 2380 2829; x_wconf 88' lang='lat' dir='ltr'><strong>his</strong></span> <span class='ocrx_word' id='word_1_704' title='bbox 2399 2789 2575 2835; x_wconf 89' lang='lat' dir='ltr'><strong>autem</strong></span> <span class='ocrx_word' id='word_1_705' title='bbox 2609 2787 2867 2858; x_wconf 87' lang='lat' dir='ltr'><strong>majores;</strong></span> <span class='ocrx_word' id='word_1_706' title='bbox 2901 2795 3015 2854; x_wconf 64' lang='lat' dir='ltr'><strong>hare</strong></span> <span class='ocrx_word' id='word_1_707' title='bbox 3033 2805 3232 2876; x_wconf 85' lang='lat' dir='ltr'><strong>quippe</strong></span> <span class='ocrx_word' id='word_1_708' title='bbox 3258 2828 3395 2869; x_wconf 87' lang='lat' dir='ltr'><strong>mor-</strong></span> 
     </span>
    </p>
   </div>
   <div class='ocr_carea' id='block_1_82' title="bbox 1817 2858 3389 2963">
    <p class='ocr_par' dir='ltr' id='par_1_82' title="bbox 1817 2858 3389 2963">
     <span class='ocr_line' id='line_1_99' title="bbox 1817 2858 3389 2963; baseline 0.039 -61"><span class='ocrx_word' id='word_1_709' title='bbox 1817 2858 1903 2905; x_wconf 92' lang='lat' dir='ltr'><strong>tua</strong></span> <span class='ocrx_word' id='word_1_710' title='bbox 1928 2867 2071 2910; x_wconf 91' lang='lat' dir='ltr'><strong>sunt.</strong></span> <span class='ocrx_word' id='word_1_711' title='bbox 2111 2860 2237 2917; x_wconf 85' lang='lat' dir='ltr'><strong>Vide</strong></span> <span class='ocrx_word' id='word_1_712' title='bbox 2264 2866 2385 2922; x_wconf 91' lang='lat' dir='ltr'><strong>illos</strong></span> <span class='ocrx_word' id='word_1_713' title='bbox 2409 2886 2511 2926; x_wconf 93' lang='lat' dir='ltr'><strong>non</strong></span> <span class='ocrx_word' id='word_1_714' title='bbox 2538 2877 2871 2939; x_wconf 87' lang='lat' dir='ltr'><strong>confutantes</strong></span> <span class='ocrx_word' id='word_1_715' title='bbox 2904 2894 3080 2959; x_wconf 88' lang='lat' dir='ltr'><strong>modo,</strong></span> <span class='ocrx_word' id='word_1_716' title='bbox 3105 2858 3197 2955; x_wconf 59' lang='lat' dir='ltr'><strong>sed</strong></span> <span class='ocrx_word' id='word_1_717' title='bbox 3230 2907 3389 2963; x_wconf 88' lang='lat' dir='ltr'><strong>etiam</strong></span> 
     </span>
     <span class='ocr_line' id='line_1_100' title="bbox 1818 2940 2442 2963; baseline 0.038 -24"><span class='ocrx_word' id='word_1_718' title='bbox 1818 2940 1938 2963; x_wconf 31' lang='lat' dir='ltr'><strong>Lb</strong></span> <span class='ocrx_word' id='word_1_719' title='bbox 1989 2956 2001 2963; x_wconf 30' lang='grc' dir='ltr'><strong><em>Δ</em></strong></span> <span class='ocrx_word' id='word_1_720' title='bbox 2178 2962 2181 2963; x_wconf 20' lang='grc' dir='ltr'><em>ν</em></span> <span class='ocrx_word' id='word_1_721' title='bbox 2277 2958 2305 2963; x_wconf 93' lang='lat'><strong>__</strong></span> <span class='ocrx_word' id='word_1_722' title='bbox 2333 2959 2363 2963; x_wconf 90' lang='lat'><em>_7</em></span> <span class='ocrx_word' id='word_1_723' title='bbox 2432 2961 2442 2963; x_wconf 71' lang='lat'><strong>7</strong></span> 
     </span>
    </p>
   </div>
   <div class='ocr_carea' id='block_1_83' title="bbox 1814 2940 3390 3065">
    <p class='ocr_par' dir='ltr' id='par_1_83' title="bbox 1814 2940 3390 3065">
     <span class='ocr_line' id='line_1_101' title="bbox 2926 2940 3389 2963; baseline 0.048 -22"><span class='ocrx_word' id='word_1_724' title='bbox 2926 2940 2929 2941; x_wconf 98' lang='lat'><strong>7</strong></span> <span class='ocrx_word' id='word_1_725' title='bbox 2961 2940 3080 2959; x_wconf 57' lang='lat'><strong>__‘-,</strong></span> <span class='ocrx_word' id='word_1_726' title='bbox 3105 2940 3197 2955; x_wconf 69' lang='grc' dir='ltr'>υυιι</span> <span class='ocrx_word' id='word_1_727' title='bbox 3230 2940 3389 2963; x_wconf 58' lang='lat' dir='ltr'><strong>hilo-IIII</strong></span> 
     </span>
     <span class='ocr_line' id='line_1_102' title="bbox 1814 2940 3390 3065; baseline 0.037 -69"><span class='ocrx_word' id='word_1_728' title='bbox 1814 2940 2087 3015; x_wconf 86' lang='lat' dir='ltr'><strong>docentes,</strong></span> <span class='ocrx_word' id='word_1_729' title='bbox 2135 2962 2190 3006; x_wconf 91' lang='lat' dir='ltr'><strong>et</strong></span> <span class='ocrx_word' id='word_1_730' title='bbox 2236 2958 2365 3012; x_wconf 91' lang='lat' dir='ltr'><strong>nihil</strong></span> <span class='ocrx_word' id='word_1_731' title='bbox 2412 2961 2481 3018; x_wconf 89' lang='lat' dir='ltr'><strong>de</strong></span> <span class='ocrx_word' id='word_1_732' title='bbox 2529 2966 2881 3031; x_wconf 89' lang='lat' dir='ltr'><strong>invisibilibus</strong></span> <span class='ocrx_word' id='word_1_733' title='bbox 2927 2982 3224 3054; x_wconf 80' lang='lat' dir='ltr'><strong>loquentes.</strong></span> <span class='ocrx_word' id='word_1_734' title='bbox 3290 2998 3390 3065; x_wconf 86' lang='lat' dir='ltr'><strong>Qui</strong></span> 
     </span>
     <span class='ocr_line' id='line_1_103' title="bbox 1816 3038 2495 3065; baseline 0.032 0"><span class='ocrx_word' id='word_1_735' title='bbox 1816 3038 1928 3065; x_wconf 57' lang='lat' dir='ltr'><strong>run</strong></span> <span class='ocrx_word' id='word_1_736' title='bbox 1990 3040 2155 3065; x_wconf 60' lang='grc' dir='ltr'><strong>ξηι---ει</strong></span> <span class='ocrx_word' id='word_1_737' title='bbox 2217 3048 2298 3065; x_wconf 68' lang='lat'><strong>-~&#39;</strong></span> <span class='ocrx_word' id='word_1_738' title='bbox 2446 3063 2495 3065; x_wconf 50' lang='grc' dir='ltr'><em>π</em></span> 
     </span>
    </p>
   </div>
   <div class='ocr_carea' id='block_1_84' title="bbox 1812 3038 3388 3148">
    <p class='ocr_par' dir='ltr' id='par_1_84' title="bbox 1812 3038 3388 3148">
     <span class='ocr_line' id='line_1_104' title="bbox 1812 3038 3388 3148; baseline 0.036 -59"><span class='ocrx_word' id='word_1_739' title='bbox 1812 3038 1948 3104; x_wconf 81' lang='lat' dir='ltr'><strong>fecit,</strong></span> <span class='ocrx_word' id='word_1_740' title='bbox 1990 3040 2177 3111; x_wconf 87' lang='lat' dir='ltr'><strong>inquit,</strong></span> <span class='ocrx_word' id='word_1_741' title='bbox 2204 3048 2384 3104; x_wconf 76' lang='lat' dir='ltr'><strong>etclam</strong></span> <span class='ocrx_word' id='word_1_742' title='bbox 2408 3063 2454 3106; x_wconf 89' lang='lat' dir='ltr'><strong>et</strong></span> <span class='ocrx_word' id='word_1_743' title='bbox 2479 3064 2663 3113; x_wconf 86' lang='lat' dir='ltr'><strong>terram</strong></span> <span class='ocrx_word' id='word_1_744' title='bbox 2684 3072 2732 3116; x_wconf 84' lang='lat' dir='ltr'><strong>et</strong></span> <span class='ocrx_word' id='word_1_745' title='bbox 2756 3083 2910 3134; x_wconf 83' lang='lat' dir='ltr'><strong>mare,</strong></span> <span class='ocrx_word' id='word_1_746' title='bbox 2944 3085 2991 3127; x_wconf 90' lang='lat' dir='ltr'><strong>et</strong></span> <span class='ocrx_word' id='word_1_747' title='bbox 3010 3083 3180 3135; x_wconf 89' lang='lat' dir='ltr'><strong>omnia</strong></span> <span class='ocrx_word' id='word_1_748' title='bbox 3206 3038 3331 3148; x_wconf 67' lang='lat' dir='ltr'><strong>qut:</strong></span> <span class='ocrx_word' id='word_1_749' title='bbox 3335 3092 3388 3146; x_wconf 88' lang='lat' dir='ltr'><strong>in</strong></span> 
     </span>
    </p>
   </div>
   <div class='ocr_carea' id='block_1_85' title="bbox 1810 3128 3388 3237">
    <p class='ocr_par' dir='ltr' id='par_1_85' title="bbox 1810 3128 3388 3237">
     <span class='ocr_line' id='line_1_105' title="bbox 1810 3128 3388 3237; baseline 0.037 -58"><span class='ocrx_word' id='word_1_750' title='bbox 1810 3128 1882 3183; x_wconf 88' lang='lat' dir='ltr'><strong>eis</strong></span> <span class='ocrx_word' id='word_1_751' title='bbox 1904 3142 2040 3185; x_wconf 87' lang='lat' dir='ltr'><strong>sunt.</strong></span> <span class='ocrx_word' id='word_1_752' title='bbox 2068 3132 2252 3192; x_wconf 89' lang='lat' dir='ltr'><strong>Testes</strong></span> <span class='ocrx_word' id='word_1_753' title='bbox 2280 3141 2424 3210; x_wconf 92' lang='lat' dir='ltr'><strong>ipsos</strong></span> <span class='ocrx_word' id='word_1_754' title='bbox 2446 3147 2581 3203; x_wconf 85' lang='lat' dir='ltr'><strong>dixit</strong></span> <span class='ocrx_word' id='word_1_755' title='bbox 2618 3165 2808 3211; x_wconf 91' lang='lat' dir='ltr'><strong>annos.</strong></span> <span class='ocrx_word' id='word_1_756' title='bbox 2838 3160 2881 3215; x_wconf 90' lang='grc' dir='ltr'><strong>Ο</strong></span> <span class='ocrx_word' id='word_1_757' title='bbox 2908 3163 3165 3227; x_wconf 88' lang='lat' dir='ltr'><strong>insaniam</strong></span> <span class='ocrx_word' id='word_1_758' title='bbox 3203 3128 3388 3237; x_wconf 57' lang='lat' dir='ltr'><strong>iudai-</strong></span> 
     </span>
    </p>
   </div>
   <div class='ocr_carea' id='block_1_86' title="bbox 1808 3223 3386 3330">
    <p class='ocr_par' dir='ltr' id='par_1_86' title="bbox 1808 3223 3386 3330">
     <span class='ocr_line' id='line_1_106' title="bbox 1808 3223 3386 3330; baseline 0.035 -59"><span class='ocrx_word' id='word_1_759' title='bbox 1808 3223 1961 3277; x_wconf 87' lang='lat' dir='ltr'><strong>eam!</strong></span> <span class='ocrx_word' id='word_1_760' title='bbox 1992 3226 2121 3280; x_wconf 79' lang='lat' dir='ltr'><strong>Ausi</strong></span> <span class='ocrx_word' id='word_1_761' title='bbox 2143 3240 2268 3285; x_wconf 91' lang='lat' dir='ltr'><strong>sunt</strong></span> <span class='ocrx_word' id='word_1_762' title='bbox 2289 3232 2491 3304; x_wconf 82' lang='lat' dir='ltr'><strong>ingredi</strong></span> <span class='ocrx_word' id='word_1_763' title='bbox 2511 3240 2577 3295; x_wconf 90' lang='lat' dir='ltr'><strong>ad</strong></span> <span class='ocrx_word' id='word_1_764' title='bbox 2608 3248 2861 3315; x_wconf 89' lang='lat' dir='ltr'><strong>populum</strong></span> <span class='ocrx_word' id='word_1_765' title='bbox 2888 3255 2967 3310; x_wconf 90' lang='lat' dir='ltr'><strong>sic</strong></span> <span class='ocrx_word' id='word_1_766' title='bbox 2999 3223 3386 3330; x_wconf 44' lang='lat' dir='ltr'><strong>apostolosubuo:</strong></span> 
     </span>
    </p>
   </div>
   <div class='ocr_carea' id='block_1_87' title="bbox 1810 3322 3383 3417">
    <p class='ocr_par' dir='ltr' id='par_1_87' title="bbox 1810 3322 3383 3417">
     <span class='ocr_line' id='line_1_107' title="bbox 1810 3322 3383 3417; baseline 0.036 -55"><span class='ocrx_word' id='word_1_767' title='bbox 1810 3324 2111 3382; x_wconf 86' lang='lat' dir='ltr'><strong>norantem,</strong></span> <span class='ocrx_word' id='word_1_768' title='bbox 2159 3322 2274 3376; x_wconf 89' lang='lat' dir='ltr'><strong>ausi</strong></span> <span class='ocrx_word' id='word_1_769' title='bbox 2316 3336 2442 3381; x_wconf 90' lang='lat' dir='ltr'><strong>sunt</strong></span> <span class='ocrx_word' id='word_1_770' title='bbox 2484 3330 2738 3392; x_wconf 89' lang='lat' dir='ltr'><strong>invadere</strong></span> <span class='ocrx_word' id='word_1_771' title='bbox 2783 3352 2836 3396; x_wconf 90' lang='lat' dir='ltr'><strong>et</strong></span> <span class='ocrx_word' id='word_1_772' title='bbox 2880 3345 3114 3416; x_wconf 88' lang='lat' dir='ltr'><strong>lapidare</strong></span> <span class='ocrx_word' id='word_1_773' title='bbox 3142 3356 3383 3417; x_wconf 89' lang='lat' dir='ltr'><strong>Paulum.</strong></span> 
     </span>
    </p>
   </div>
   <div class='ocr_carea' id='block_1_88' title="bbox 1808 3400 3387 3511">
    <p class='ocr_par' dir='ltr' id='par_1_88' title="bbox 1808 3400 3387 3511">
     <span class='ocr_line' id='line_1_108' title="bbox 1808 3400 3387 3511; baseline 0.035 -57"><span class='ocrx_word' id='word_1_774' title='bbox 1808 3400 1971 3459; x_wconf 83' lang='lat' dir='ltr'><strong>Extra</strong></span> <span class='ocrx_word' id='word_1_775' title='bbox 2015 3407 2282 3467; x_wconf 87' lang='lat' dir='ltr'><strong>civitatem</strong></span> <span class='ocrx_word' id='word_1_776' title='bbox 2334 3427 2512 3475; x_wconf 86' lang='lat' dir='ltr'><strong>autem</strong></span> <span class='ocrx_word' id='word_1_777' title='bbox 2557 3431 2850 3495; x_wconf 88' lang='lat' dir='ltr'><strong>traxerunt.</strong></span> <span class='ocrx_word' id='word_1_778' title='bbox 2905 3400 3086 3496; x_wconf 75' lang='lat' dir='ltr'><strong>forsan</strong></span> <span class='ocrx_word' id='word_1_779' title='bbox 3139 3447 3387 3511; x_wconf 88' lang='lat' dir='ltr'><strong>timentes</strong></span> 
     </span>
    </p>
   </div>
   <div class='ocr_carea' id='block_1_89' title="bbox 1806 3492 3388 3601">
    <p class='ocr_par' dir='ltr' id='par_1_89' title="bbox 1806 3492 3388 3601">
     <span class='ocr_line' id='line_1_109' title="bbox 2840 3492 3387 3511; baseline 0.037 -22"><span class='ocrx_word' id='word_1_780' title='bbox 2840 3492 2849 3495; x_wconf 51' lang='lat'><strong>7</strong></span> <span class='ocrx_word' id='word_1_781' title='bbox 2964 3492 2973 3493; x_wconf 84' lang='lat'><strong>7</strong></span> <span class='ocrx_word' id='word_1_782' title='bbox 3139 3492 3387 3511; x_wconf 58' lang='grc' dir='ltr'><strong>-..νυηιω</strong></span> 
     </span>
     <span class='ocr_line' id='line_1_110' title="bbox 1806 3492 3388 3601; baseline 0.035 -56"><span class='ocrx_word' id='word_1_783' title='bbox 1806 3492 1977 3549; x_wconf 89' lang='lat' dir='ltr'><strong>illum.</strong></span> <span class='ocrx_word' id='word_1_784' title='bbox 1998 3496 2066 3551; x_wconf 86' lang='lat' dir='ltr'><strong>Et</strong></span> <span class='ocrx_word' id='word_1_785' title='bbox 2091 3513 2313 3570; x_wconf 86' lang='lat' dir='ltr'><strong>orantes,</strong></span> <span class='ocrx_word' id='word_1_786' title='bbox 2338 3507 2529 3580; x_wconf 90' lang='lat' dir='ltr'><strong>inquit,</strong></span> <span class='ocrx_word' id='word_1_787' title='bbox 2552 3532 2665 3571; x_wconf 88' lang='lat' dir='ltr'><strong>cum</strong></span> <span class='ocrx_word' id='word_1_788' title='bbox 2677 3521 2893 3591; x_wconf 85' lang='lat' dir='ltr'><strong>jejuniis</strong></span> <span class='ocrx_word' id='word_1_789' title='bbox 2915 3540 3388 3601; x_wconf 85' lang='lat' dir='ltr'><strong>commendaverunt</strong></span> 
     </span>
    </p>
   </div>
   <div class='ocr_carea' id='block_1_90' title="bbox 1803 3583 3384 3691">
    <p class='ocr_par' dir='ltr' id='par_1_90' title="bbox 1803 3583 3384 3691">
     <span class='ocr_line' id='line_1_111' title="bbox 1803 3583 3384 3691; baseline 0.036 -55"><span class='ocrx_word' id='word_1_790' title='bbox 1803 3583 1920 3639; x_wconf 86' lang='lat' dir='ltr'><strong>illos</strong></span> <span class='ocrx_word' id='word_1_791' title='bbox 1939 3586 2181 3647; x_wconf 89' lang='lat' dir='ltr'><strong>Domino.</strong></span> <span class='ocrx_word' id='word_1_792' title='bbox 2216 3594 2283 3650; x_wconf 90' lang='lat' dir='ltr'><strong>Et</strong></span> <span class='ocrx_word' id='word_1_793' title='bbox 2312 3598 2973 3680; x_wconf 88' lang='lat' dir='ltr'><strong>docueruntjejunandum</strong></span> <span class='ocrx_word' id='word_1_794' title='bbox 3012 3641 3130 3682; x_wconf 87' lang='lat' dir='ltr'><strong>esse</strong></span> <span class='ocrx_word' id='word_1_795' title='bbox 3167 3631 3220 3687; x_wconf 91' lang='lat' dir='ltr'><strong>in</strong></span> <span class='ocrx_word' id='word_1_796' title='bbox 3265 3645 3384 3691; x_wconf 89' lang='lat' dir='ltr'><strong>ten-</strong></span> 
     </span>
    </p>
   </div>
   <div class='ocr_carea' id='block_1_91' title="bbox 1806 3678 3383 3789">
    <p class='ocr_par' dir='ltr' id='par_1_91' title="bbox 1806 3678 3383 3789">
     <span class='ocr_line' id='line_1_112' title="bbox 1806 3678 3383 3789; baseline 0.036 -60"><span class='ocrx_word' id='word_1_797' title='bbox 1806 3678 2111 3738; x_wconf 88' lang='lat' dir='ltr'><strong>tationibus.</strong></span> <span class='ocrx_word' id='word_1_798' title='bbox 2158 3686 2274 3744; x_wconf 89' lang='lat' dir='ltr'><strong>Non</strong></span> <span class='ocrx_word' id='word_1_799' title='bbox 2323 3692 2608 3765; x_wconf 84' lang='lat' dir='ltr'><strong>dixerunt,</strong></span> <span class='ocrx_word' id='word_1_800' title='bbox 2636 3678 2831 3772; x_wconf 85' lang='lat' dir='ltr'><strong>quanta</strong></span> <span class='ocrx_word' id='word_1_801' title='bbox 2863 3713 2959 3780; x_wconf 88' lang='lat' dir='ltr'><strong>ipsi</strong></span> <span class='ocrx_word' id='word_1_802' title='bbox 2988 3717 3241 3789; x_wconf 87' lang='lat' dir='ltr'><strong>fecerant,</strong></span> <span class='ocrx_word' id='word_1_803' title='bbox 3287 3732 3383 3784; x_wconf 89' lang='lat' dir='ltr'><strong>sed</strong></span> 
     </span>
    </p>
   </div>
   <div class='ocr_carea' id='block_1_92' title="bbox 1803 3775 3379 3875">
    <p class='ocr_par' dir='ltr' id='par_1_92' title="bbox 1803 3775 3379 3875">
     <span class='ocr_line' id='line_1_113' title="bbox 1803 3775 3379 3875; baseline 0.036 -55"><span class='ocrx_word' id='word_1_804' title='bbox 1803 3779 1995 3837; x_wconf 81' lang='lat' dir='ltr'><strong>quanta</strong></span> <span class='ocrx_word' id='word_1_805' title='bbox 2031 3775 2168 3831; x_wconf 91' lang='lat' dir='ltr'><strong>Deus</strong></span> <span class='ocrx_word' id='word_1_806' title='bbox 2199 3778 2413 3839; x_wconf 88' lang='lat' dir='ltr'><strong>fecisset</strong></span> <span class='ocrx_word' id='word_1_807' title='bbox 2435 3802 2557 3843; x_wconf 90' lang='lat' dir='ltr'><strong>cum</strong></span> <span class='ocrx_word' id='word_1_808' title='bbox 2591 3793 2719 3851; x_wconf 89' lang='lat' dir='ltr'><strong>illis.</strong></span> <span class='ocrx_word' id='word_1_809' title='bbox 2750 3775 3011 3861; x_wconf 82' lang='lat' dir='ltr'><strong>Videntur</strong></span> <span class='ocrx_word' id='word_1_810' title='bbox 3041 3813 3168 3868; x_wconf 93' lang='lat' dir='ltr'><strong>mihi</strong></span> <span class='ocrx_word' id='word_1_811' title='bbox 3203 3775 3379 3875; x_wconf 73' lang='lat' dir='ltr'><strong>tenta-</strong></span> 
     </span>
    </p>
   </div>
   <div class='ocr_carea' id='block_1_93' title="bbox 1804 3860 3376 3969">
    <p class='ocr_par' dir='ltr' id='par_1_93' title="bbox 1804 3860 3376 3969">
     <span class='ocr_line' id='line_1_114' title="bbox 1804 3860 3376 3969; baseline 0.036 -57"><span class='ocrx_word' id='word_1_812' title='bbox 1804 3860 1974 3918; x_wconf 89' lang='lat' dir='ltr'><strong>tiones</strong></span> <span class='ocrx_word' id='word_1_813' title='bbox 2016 3866 2214 3924; x_wconf 90' lang='lat' dir='ltr'><strong>dicere.</strong></span> <span class='ocrx_word' id='word_1_814' title='bbox 2255 3872 2370 3928; x_wconf 89' lang='lat' dir='ltr'><strong>Non</strong></span> <span class='ocrx_word' id='word_1_815' title='bbox 2399 3878 2514 3933; x_wconf 86' lang='lat' dir='ltr'><strong>sine</strong></span> <span class='ocrx_word' id='word_1_816' title='bbox 2537 3897 2718 3950; x_wconf 85' lang='lat' dir='ltr'><strong>causa,</strong></span> <span class='ocrx_word' id='word_1_817' title='bbox 2766 3906 2866 3948; x_wconf 91' lang='lat' dir='ltr'><strong>nec</strong></span> <span class='ocrx_word' id='word_1_818' title='bbox 2892 3897 2957 3950; x_wconf 91' lang='lat' dir='ltr'><strong>ad</strong></span> <span class='ocrx_word' id='word_1_819' title='bbox 2999 3903 3376 3969; x_wconf 81' lang='lat' dir='ltr'><strong>quiescendum</strong></span> 
     </span>
    </p>
   </div>
   <div class='ocr_carea' id='block_1_94' title="bbox 1802 3951 3381 4067">
    <p class='ocr_par' dir='ltr' id='par_1_94' title="bbox 1802 3951 3381 4067">
     <span class='ocr_line' id='line_1_115' title="bbox 1802 3951 3381 4067; baseline 0.03 -62"><span class='ocrx_word' id='word_1_820' title='bbox 1802 3951 1975 4011; x_wconf 87' lang='lat' dir='ltr'><strong>istbuc</strong></span> <span class='ocrx_word' id='word_1_821' title='bbox 2021 3972 2295 4030; x_wconf 87' lang='lat' dir='ltr'><strong>venerant,</strong></span> <span class='ocrx_word' id='word_1_822' title='bbox 2343 3969 2435 4021; x_wconf 92' lang='lat' dir='ltr'><strong>sed</strong></span> <span class='ocrx_word' id='word_1_823' title='bbox 2475 3970 2704 4041; x_wconf 88' lang='lat' dir='ltr'><strong>Spiritus</strong></span> <span class='ocrx_word' id='word_1_824' title='bbox 2744 3951 3083 4049; x_wconf 68' lang='lat' dir='ltr'><strong>provideniia</strong></span> <span class='ocrx_word' id='word_1_825' title='bbox 3112 3996 3280 4067; x_wconf 91' lang='lat' dir='ltr'><strong>ducti,</strong></span> <span class='ocrx_word' id='word_1_826' title='bbox 3324 4015 3381 4060; x_wconf 80' lang='grc' dir='ltr'><strong>ιιι</strong></span> 
     </span>
     <span class='ocr_line' id='line_1_116' title="bbox 1802 4044 2421 4067; baseline 0 0"><span class='ocrx_word' id='word_1_827' title='bbox 1802 4044 2099 4067; x_wconf 37' lang='lat' dir='ltr'><strong>“mnu..-</strong></span> <span class='ocrx_word' id='word_1_828' title='bbox 2142 4066 2145 4067; x_wconf 79' lang='lat'><strong>7</strong></span> <span class='ocrx_word' id='word_1_829' title='bbox 2241 4055 2272 4067; x_wconf 92' lang='lat'><strong>_.</strong></span> <span class='ocrx_word' id='word_1_830' title='bbox 2396 4058 2421 4067; x_wconf 73' lang='lat'><strong>-</strong></span> 
     </span>
    </p>
   </div>
   <div class='ocr_carea' id='block_1_95' title="bbox 1800 4044 3379 4154">
    <p class='ocr_par' dir='ltr' id='par_1_95' title="bbox 1800 4044 3379 4154">
     <span class='ocr_line' id='line_1_117' title="bbox 1800 4044 3379 4154; baseline 0.035 -59"><span class='ocrx_word' id='word_1_831' title='bbox 1800 4044 2107 4112; x_wconf 76' lang='lat' dir='ltr'><strong>prtedieatio</strong></span> <span class='ocrx_word' id='word_1_832' title='bbox 2130 4055 2365 4119; x_wconf 88' lang='lat' dir='ltr'><strong>gentium</strong></span> <span class='ocrx_word' id='word_1_833' title='bbox 2390 4058 2711 4121; x_wconf 88' lang='lat' dir='ltr'><strong>firmaretur.</strong></span> <span class='ocrx_word' id='word_1_834' title='bbox 2744 4044 2828 4126; x_wconf 29' lang='lat' dir='ltr'><strong>vEt</strong></span> <span class='ocrx_word' id='word_1_835' title='bbox 2870 4092 2984 4145; x_wconf 89' lang='lat' dir='ltr'><strong>cur,</strong></span> <span class='ocrx_word' id='word_1_836' title='bbox 3016 4082 3241 4154; x_wconf 90' lang='lat' dir='ltr'><strong>inquies,</strong></span> <span class='ocrx_word' id='word_1_837' title='bbox 3264 4044 3379 4150; x_wconf 55' lang='lat' dir='ltr'><strong>’nee</strong></span> 
     </span>
    </p>
   </div>
   <div class='ocr_carea' id='block_1_96' title="bbox 1800 4136 3374 4253">
    <p class='ocr_par' dir='ltr' id='par_1_96' title="bbox 1800 4136 3374 4253">
     <span class='ocr_line' id='line_1_118' title="bbox 1800 4136 3374 4253; baseline 0.034 -64"><span class='ocrx_word' id='word_1_838' title='bbox 1800 4136 1852 4191; x_wconf 92' lang='lat' dir='ltr'><strong>in</strong></span> <span class='ocrx_word' id='word_1_839' title='bbox 1879 4137 2072 4210; x_wconf 90' lang='lat' dir='ltr'><strong>Cypro,</strong></span> <span class='ocrx_word' id='word_1_840' title='bbox 2101 4161 2198 4200; x_wconf 91' lang='lat' dir='ltr'><strong>nec</strong></span> <span class='ocrx_word' id='word_1_841' title='bbox 2222 4151 2272 4200; x_wconf 89' lang='lat' dir='ltr'><strong>in</strong></span> <span class='ocrx_word' id='word_1_842' title='bbox 2296 4148 2532 4208; x_wconf 86' lang='lat' dir='ltr'><strong>Samaria</strong></span> <span class='ocrx_word' id='word_1_843' title='bbox 2566 4162 2904 4233; x_wconf 87' lang='lat' dir='ltr'><strong>presbyteros</strong></span> <span class='ocrx_word' id='word_1_844' title='bbox 2938 4136 3374 4253; x_wconf 41' lang='lat' dir='ltr'><strong>fecerimtania</strong></span> 
     </span>
     <span class='ocr_line' id='line_1_119' title="bbox 1800 4227 2691 4253; baseline 0.03 -16"><span class='ocrx_word' id='word_1_845' title='bbox 1800 4227 1913 4253; x_wconf 51' lang='lat' dir='ltr'><strong>Lm</strong></span> <span class='ocrx_word' id='word_1_846' title='bbox 1957 4247 2113 4253; x_wconf 36' lang='grc' dir='ltr'><strong>ηρ,</strong></span> <span class='ocrx_word' id='word_1_847' title='bbox 2180 4252 2183 4253; x_wconf 54' lang='lat'><strong>7</strong></span> <span class='ocrx_word' id='word_1_848' title='bbox 2306 4250 2314 4253; x_wconf 55' lang='lat'><strong>7</strong></span> <span class='ocrx_word' id='word_1_849' title='bbox 2362 4242 2373 4253; x_wconf 90' lang='lat'><strong>.</strong></span> <span class='ocrx_word' id='word_1_850' title='bbox 2684 4251 2691 4253; x_wconf 37' lang='lat'><strong>.</strong></span> 
     </span>
    </p>
   </div>
   <div class='ocr_carea' id='block_1_97' title="bbox 1800 4227 3376 4342">
    <p class='ocr_par' dir='ltr' id='par_1_97' title="bbox 1800 4227 3376 4342">
     <span class='ocr_line' id='line_1_120' title="bbox 1800 4227 3376 4342; baseline 0.032 -62"><span class='ocrx_word' id='word_1_851' title='bbox 1800 4227 1915 4284; x_wconf 71' lang='lat' dir='ltr'><strong>haec</strong></span> <span class='ocrx_word' id='word_1_852' title='bbox 1956 4247 2121 4304; x_wconf 90' lang='lat' dir='ltr'><strong>prope</strong></span> <span class='ocrx_word' id='word_1_853' title='bbox 2168 4242 2439 4307; x_wconf 70' lang='lat' dir='ltr'><strong>apostolos</strong></span> <span class='ocrx_word' id='word_1_854' title='bbox 2482 4258 2617 4315; x_wconf 86' lang='lat' dir='ltr'><strong>erat,</strong></span> <span class='ocrx_word' id='word_1_855' title='bbox 2664 4227 2868 4325; x_wconf 72' lang='lat' dir='ltr'><strong>Cyprus</strong></span> <span class='ocrx_word' id='word_1_856' title='bbox 2906 4277 3034 4319; x_wconf 89' lang='lat' dir='ltr'><strong>vero</strong></span> <span class='ocrx_word' id='word_1_857' title='bbox 3064 4282 3228 4342; x_wconf 90' lang='lat' dir='ltr'><strong>prope</strong></span> <span class='ocrx_word' id='word_1_858' title='bbox 3246 4227 3376 4331; x_wconf 45' lang='lat' dir='ltr'><strong>Tin-</strong></span> 
     </span>
    </p>
   </div>
   <div class='ocr_carea' id='block_1_98' title="bbox 1800 4318 3374 4423">
    <p class='ocr_par' dir='ltr' id='par_1_98' title="bbox 1800 4318 3374 4423">
     <span class='ocr_line' id='line_1_121' title="bbox 2706 4318 3373 4337; baseline 0.033 -27"><span class='ocrx_word' id='word_1_859' title='bbox 2706 4318 2757 4325; x_wconf 79' lang='lat'><em>__</em></span> <span class='ocrx_word' id='word_1_860' title='bbox 3016 4318 3152 4337; x_wconf 40' lang='grc' dir='ltr'>γρ</span> <span class='ocrx_word' id='word_1_861' title='bbox 3200 4318 3227 4327; x_wconf 57' lang='grc' dir='ltr'><em>ν</em></span> 
     </span>
     <span class='ocr_line' id='line_1_122' title="bbox 1800 4318 3374 4423; baseline 0.034 -52"><span class='ocrx_word' id='word_1_862' title='bbox 1800 4318 2068 4387; x_wconf 91' lang='lat' dir='ltr'><strong>tiocbiam,</strong></span> <span class='ocrx_word' id='word_1_863' title='bbox 2115 4336 2170 4380; x_wconf 89' lang='lat' dir='ltr'><strong>et</strong></span> <span class='ocrx_word' id='word_1_864' title='bbox 2219 4331 2437 4387; x_wconf 86' lang='lat' dir='ltr'><strong>verbum</strong></span> <span class='ocrx_word' id='word_1_865' title='bbox 2488 4336 2885 4413; x_wconf 81' lang='lat' dir='ltr'><strong>invuleseebat;</strong></span> <span class='ocrx_word' id='word_1_866' title='bbox 2940 4352 3026 4410; x_wconf 89' lang='lat' dir='ltr'><strong>hic</strong></span> <span class='ocrx_word' id='word_1_867' title='bbox 3054 4318 3193 4414; x_wconf 53' lang='lat' dir='ltr'><strong>verr:</strong></span> <span class='ocrx_word' id='word_1_868' title='bbox 3211 4369 3374 4423; x_wconf 89' lang='lat' dir='ltr'><strong>multa</strong></span> 
     </span>
    </p>
   </div>
   <div class='ocr_carea' id='block_1_99' title="bbox 1796 4414 3374 4528">
    <p class='ocr_par' dir='ltr' id='par_1_99' title="bbox 1796 4414 3374 4528">
     <span class='ocr_line' id='line_1_123' title="bbox 1796 4414 3374 4528; baseline 0.027 -64"><span class='ocrx_word' id='word_1_869' title='bbox 1796 4414 2163 4473; x_wconf 89' lang='lat' dir='ltr'><strong>consolatione</strong></span> <span class='ocrx_word' id='word_1_870' title='bbox 2190 4436 2325 4490; x_wconf 91' lang='lat' dir='ltr'><strong>opus</strong></span> <span class='ocrx_word' id='word_1_871' title='bbox 2371 4426 2657 4493; x_wconf 87' lang='lat' dir='ltr'><strong>habebant.</strong></span> <span class='ocrx_word' id='word_1_872' title='bbox 2704 4438 2938 4497; x_wconf 75' lang='lat' dir='ltr'><strong>mzuitne</strong></span> <span class='ocrx_word' id='word_1_873' title='bbox 2984 4453 3231 4521; x_wconf 84' lang='lat' dir='ltr'><strong>gentiles,</strong></span> <span class='ocrx_word' id='word_1_874' title='bbox 3284 4464 3374 4528; x_wconf 79' lang='lat' dir='ltr'><strong>qui</strong></span> 
     </span>
     <span class='ocr_line' id='line_1_124' title="bbox 1798 4506 2638 4528; baseline 0 0"><span class='ocrx_word' id='word_1_875' title='bbox 1798 4506 2015 4528; x_wconf 63' lang='lat' dir='ltr'><strong>.....l---.._</strong></span> <span class='ocrx_word' id='word_1_876' title='bbox 2054 4509 2139 4528; x_wconf 67' lang='lat' dir='ltr'><strong>J__</strong></span> <span class='ocrx_word' id='word_1_877' title='bbox 2211 4513 2223 4524; x_wconf 79' lang='grc' dir='ltr'><strong><em>ο</em></strong></span> <span class='ocrx_word' id='word_1_878' title='bbox 2283 4514 2295 4528; x_wconf 76' lang='grc' dir='ltr'><strong>ι</strong></span> <span class='ocrx_word' id='word_1_879' title='bbox 2336 4516 2346 4528; x_wconf 83' lang='grc' dir='ltr'><strong>ι</strong></span> <span class='ocrx_word' id='word_1_880' title='bbox 2405 4518 2417 4528; x_wconf 78' lang='grc'><strong>.</strong></span> <span class='ocrx_word' id='word_1_881' title='bbox 2599 4523 2638 4528; x_wconf 81' lang='grc'><strong>--</strong></span> 
     </span>
    </p>
   </div>
   <div class='ocr_carea' id='block_1_100' title="bbox 1797 4506 3372 4618">
    <p class='ocr_par' dir='ltr' id='par_1_100' title="bbox 1797 4506 3372 4618">
     <span class='ocr_line' id='line_1_125' title="bbox 1797 4506 3372 4618; baseline 0.033 -63"><span class='ocrx_word' id='word_1_882' title='bbox 1797 4506 2018 4560; x_wconf 83' lang='grc' dir='ltr'>ιιιιιΙιιιιιι</span> <span class='ocrx_word' id='word_1_883' title='bbox 2045 4509 2223 4566; x_wconf 89' lang='lat' dir='ltr'><strong>doceri</strong></span> <span class='ocrx_word' id='word_1_884' title='bbox 2263 4514 2550 4575; x_wconf 89' lang='lat' dir='ltr'><strong>debebant.</strong></span> <span class='ocrx_word' id='word_1_885' title='bbox 2599 4523 2871 4584; x_wconf 85' lang='lat' dir='ltr'><strong>Venerunt</strong></span> <span class='ocrx_word' id='word_1_886' title='bbox 2909 4535 3199 4607; x_wconf 82' lang='lat' dir='ltr'><strong>docentes,</strong></span> <span class='ocrx_word' id='word_1_887' title='bbox 3249 4506 3372 4618; x_wconf 68' lang='lat' dir='ltr'><strong>qtiia</strong></span> 
     </span>
    </p>
   </div>
   <div class='ocr_carea' id='block_1_101' title="bbox 1793 4594 3371 4697">
    <p class='ocr_par' dir='ltr' id='par_1_101' title="bbox 1793 4594 3371 4697">
     <span class='ocr_line' id='line_1_126' title="bbox 1793 4594 3371 4697; baseline 0.034 -52"><span class='ocrx_word' id='word_1_888' title='bbox 1793 4594 1910 4660; x_wconf 88' lang='lat' dir='ltr'><strong>jure</strong></span> <span class='ocrx_word' id='word_1_889' title='bbox 1958 4600 2187 4656; x_wconf 88' lang='lat' dir='ltr'><strong>ordinati</strong></span> <span class='ocrx_word' id='word_1_890' title='bbox 2236 4605 2445 4663; x_wconf 84' lang='lat' dir='ltr'><strong>fuerant</strong></span> <span class='ocrx_word' id='word_1_891' title='bbox 2487 4627 2516 4665; x_wconf 92' lang='lat' dir='ltr'><strong>a</strong></span> <span class='ocrx_word' id='word_1_892' title='bbox 2572 4613 2793 4684; x_wconf 90' lang='lat' dir='ltr'><strong>Spiritu.</strong></span> <span class='ocrx_word' id='word_1_893' title='bbox 2843 4623 2906 4678; x_wconf 86' lang='lat' dir='ltr'><strong>Et</strong></span> <span class='ocrx_word' id='word_1_894' title='bbox 2951 4630 3066 4685; x_wconf 82' lang='lat' dir='ltr'><strong>vide</strong></span> <span class='ocrx_word' id='word_1_895' title='bbox 3108 4594 3371 4697; x_wconf 56' lang='lat' dir='ltr'><strong>fervoietn</strong></span> 
     </span>
    </p>
   </div>
   <div class='ocr_carea' id='block_1_102' title="bbox 1796 4684 3372 4794">
    <p class='ocr_par' dir='ltr' id='par_1_102' title="bbox 1796 4684 3372 4794">
     <span class='ocr_line' id='line_1_127' title="bbox 1796 4684 3372 4794; baseline 0.034 -58"><span class='ocrx_word' id='word_1_896' title='bbox 1796 4684 1959 4740; x_wconf 84' lang='lat' dir='ltr'><strong>Pauli.</strong></span> <span class='ocrx_word' id='word_1_897' title='bbox 1985 4689 2097 4744; x_wconf 87' lang='lat' dir='ltr'><strong>Non</strong></span> <span class='ocrx_word' id='word_1_898' title='bbox 2129 4695 2439 4768; x_wconf 83' lang='lat' dir='ltr'><strong>interrogat,</strong></span> <span class='ocrx_word' id='word_1_899' title='bbox 2463 4718 2530 4756; x_wconf 89' lang='lat' dir='ltr'><strong>an</strong></span> <span class='ocrx_word' id='word_1_900' title='bbox 2554 4718 2795 4774; x_wconf 79' lang='lat' dir='ltr'><strong>Oporteat</strong></span> <span class='ocrx_word' id='word_1_901' title='bbox 2818 4714 2957 4784; x_wconf 85' lang='lat' dir='ltr'><strong>loqui</strong></span> <span class='ocrx_word' id='word_1_902' title='bbox 2983 4725 3249 4794; x_wconf 89' lang='lat' dir='ltr'><strong>gentibus,</strong></span> <span class='ocrx_word' id='word_1_903' title='bbox 3278 4735 3372 4789; x_wconf 85' lang='lat' dir='ltr'><strong>sed</strong></span> 
     </span>
    </p>
   </div>
   <div class='ocr_carea' id='block_1_103' title="bbox 1794 4781 3373 4879">
    <p class='ocr_par' dir='ltr' id='par_1_103' title="bbox 1794 4781 3373 4879">
     <span class='ocr_line' id='line_1_128' title="bbox 1794 4781 3373 4879; baseline 0.031 -51"><span class='ocrx_word' id='word_1_904' title='bbox 1794 4781 1971 4834; x_wconf 87' lang='lat' dir='ltr'><strong>statim</strong></span> <span class='ocrx_word' id='word_1_905' title='bbox 2001 4783 2233 4850; x_wconf 79' lang='lat' dir='ltr'><strong>loquitur</strong></span> <span class='ocrx_word' id='word_1_906' title='bbox 2262 4805 2275 4840; x_wconf 93' lang='lat'><strong><em>:</em></strong></span> <span class='ocrx_word' id='word_1_907' title='bbox 2302 4790 2422 4845; x_wconf 87' lang='lat' dir='ltr'><strong>ideo</strong></span> <span class='ocrx_word' id='word_1_908' title='bbox 2458 4794 2699 4866; x_wconf 86' lang='lat' dir='ltr'><strong>dicebat,</strong></span> <span class='ocrx_word' id='word_1_909' title='bbox 2752 4801 2875 4858; x_wconf 84' lang='lat' dir='ltr'><strong>Non</strong></span> <span class='ocrx_word' id='word_1_910' title='bbox 2901 4814 3124 4877; x_wconf 71' lang='lat' dir='ltr'><strong>acquievi</strong></span> <span class='ocrx_word' id='word_1_911' title='bbox 3156 4823 3301 4875; x_wconf 86' lang='lat' dir='ltr'><strong>carni</strong></span> <span class='ocrx_word' id='word_1_912' title='bbox 3326 4837 3373 4879; x_wconf 78' lang='lat' dir='ltr'><strong>rt</strong></span> 
     </span>
    </p>
   </div>
   <div class='ocr_carea' id='block_1_104' title="bbox 1790 4875 2782 4954">
    <p class='ocr_par' dir='ltr' id='par_1_104' title="bbox 1790 4875 2782 4954">
     <span class='ocr_line' id='line_1_129' title="bbox 1790 4875 2782 4954; baseline 0.022 -32"><span class='ocrx_word' id='word_1_913' title='bbox 1790 4875 2024 4940; x_wconf 85' lang='lat' dir='ltr'><strong>sanguini</strong></span> <span class='ocrx_word' id='word_1_914' title='bbox 2051 4876 2190 4947; x_wconf 82' lang='lat' dir='ltr'><strong>(Gul.</strong></span> <span class='ocrx_word' id='word_1_915' title='bbox 2224 4881 2271 4934; x_wconf 85' lang='grc'><strong>1.</strong></span> <span class='ocrx_word' id='word_1_916' title='bbox 2306 4882 2416 4954; x_wconf 73' lang='lat' dir='ltr'><strong>ili).</strong></span> <span class='ocrx_word' id='word_1_917' title='bbox 2767 4880 2782 4899; x_wconf 76' lang='grc'><strong>’</strong></span> 
     </span>
    </p>
   </div>
   <div class='ocr_carea' id='block_1_105' title="bbox 1862 4964 3374 5072">
    <p class='ocr_par' dir='ltr' id='par_1_105' title="bbox 1862 4964 3374 5072">
     <span class='ocr_line' id='line_1_130' title="bbox 1862 4964 3374 5072; baseline 0.03 -57"><span class='ocrx_word' id='word_1_918' title='bbox 1862 4964 1915 5016; x_wconf 80' lang='grc'><strong>5.</strong></span> <span class='ocrx_word' id='word_1_919' title='bbox 1958 4966 2204 5037; x_wconf 85' lang='lat' dir='ltr'><strong>Magnum</strong></span> <span class='ocrx_word' id='word_1_920' title='bbox 2234 4987 2361 5029; x_wconf 86' lang='lat' dir='ltr'><strong>vere</strong></span> <span class='ocrx_word' id='word_1_921' title='bbox 2392 4975 2588 5034; x_wconf 92' lang='lat' dir='ltr'><strong>bonum</strong></span> <span class='ocrx_word' id='word_1_922' title='bbox 2622 4985 2913 5055; x_wconf 89' lang='lat' dir='ltr'><strong>tribulatio,</strong></span> <span class='ocrx_word' id='word_1_923' title='bbox 2959 5010 3022 5049; x_wconf 88' lang='lat' dir='ltr'><strong>ac</strong></span> <span class='ocrx_word' id='word_1_924' title='bbox 3069 5015 3274 5072; x_wconf 70' lang='lat' dir='ltr'><strong>magna:</strong></span> <span class='ocrx_word' id='word_1_925' title='bbox 3320 5021 3374 5066; x_wconf 78' lang='lat' dir='ltr'><strong>et</strong></span> 
     </span>
    </p>
   </div>
   <div class='ocr_carea' id='block_1_106' title="bbox 1790 5064 3373 5166">
    <p class='ocr_par' dir='ltr' id='par_1_106' title="bbox 1790 5064 3373 5166">
     <span class='ocr_line' id='line_1_131' title="bbox 1790 5064 3373 5166; baseline 0.035 -60"><span class='ocrx_word' id='word_1_926' title='bbox 1790 5070 2066 5121; x_wconf 76' lang='lat' dir='ltr'><strong>generosae</strong></span> <span class='ocrx_word' id='word_1_927' title='bbox 2095 5064 2289 5121; x_wconf 72' lang='lat' dir='ltr'><strong>animae</strong></span> <span class='ocrx_word' id='word_1_928' title='bbox 2314 5083 2467 5138; x_wconf 90' lang='lat' dir='ltr'><strong>opus.</strong></span> <span class='ocrx_word' id='word_1_929' title='bbox 2518 5073 2656 5139; x_wconf 84' lang='lat' dir='ltr'><strong>Quot</strong></span> <span class='ocrx_word' id='word_1_930' title='bbox 2704 5091 2884 5146; x_wconf 89' lang='lat' dir='ltr'><strong>postea</strong></span> <span class='ocrx_word' id='word_1_931' title='bbox 2924 5091 3284 5166; x_wconf 69' lang='lat' dir='ltr'><strong>crediderunt,</strong></span> <span class='ocrx_word' id='word_1_932' title='bbox 3319 5116 3373 5160; x_wconf 89' lang='lat' dir='ltr'><strong>ct</strong></span> 
     </span>
    </p>
   </div>
   <div class='ocr_carea' id='block_1_107' title="bbox 1792 5148 3368 5261">
    <p class='ocr_par' dir='ltr' id='par_1_107' title="bbox 1792 5148 3368 5261">
     <span class='ocr_line' id='line_1_132' title="bbox 1792 5148 3368 5261; baseline 0.032 -60"><span class='ocrx_word' id='word_1_933' title='bbox 1792 5148 1965 5203; x_wconf 69' lang='lat' dir='ltr'><strong>nullus</strong></span> <span class='ocrx_word' id='word_1_934' title='bbox 1995 5162 2065 5207; x_wconf 85' lang='lat' dir='ltr'><strong>tta</strong></span> <span class='ocrx_word' id='word_1_935' title='bbox 2096 5157 2279 5213; x_wconf 89' lang='lat' dir='ltr'><strong>fulsit?</strong></span> <span class='ocrx_word' id='word_1_936' title='bbox 2307 5160 2380 5215; x_wconf 90' lang='lat' dir='ltr'><strong>Ita</strong></span> <span class='ocrx_word' id='word_1_937' title='bbox 2412 5165 2567 5221; x_wconf 88' lang='lat' dir='ltr'><strong>nobis</strong></span> <span class='ocrx_word' id='word_1_938' title='bbox 2597 5170 2789 5240; x_wconf 89' lang='lat' dir='ltr'><strong>ubique</strong></span> <span class='ocrx_word' id='word_1_939' title='bbox 2807 5177 3081 5240; x_wconf 87' lang='lat' dir='ltr'><strong>alacritate</strong></span> <span class='ocrx_word' id='word_1_940' title='bbox 3107 5203 3241 5258; x_wconf 88' lang='lat' dir='ltr'><strong>opus</strong></span> <span class='ocrx_word' id='word_1_941' title='bbox 3260 5148 3368 5261; x_wconf 63' lang='lat' dir='ltr'><strong>est,</strong></span> 
     </span>
    </p>
   </div>
   <div class='ocr_carea' id='block_1_108' title="bbox 1790 5242 3372 5343">
    <p class='ocr_par' dir='ltr' id='par_1_108' title="bbox 1790 5242 3372 5343">
     <span class='ocr_line' id='line_1_133' title="bbox 3144 5242 3368 5261; baseline 0.036 -3"><span class='ocrx_word' id='word_1_942' title='bbox 3144 5242 3165 5258; x_wconf 77' lang='lat' dir='ltr'><strong>r</strong></span> <span class='ocrx_word' id='word_1_943' title='bbox 3185 5242 3237 5249; x_wconf 47' lang='grc' dir='ltr'><strong>ίι-</strong></span> <span class='ocrx_word' id='word_1_944' title='bbox 3268 5242 3368 5261; x_wconf 68' lang='grc' dir='ltr'><strong>ν--ν</strong></span> 
     </span>
     <span class='ocr_line' id='line_1_134' title="bbox 1790 5242 3372 5343; baseline 0.033 -53"><span class='ocrx_word' id='word_1_945' title='bbox 1790 5242 2065 5315; x_wconf 86' lang='lat' dir='ltr'><strong>multoque</strong></span> <span class='ocrx_word' id='word_1_946' title='bbox 2102 5248 2328 5318; x_wconf 75' lang='lat' dir='ltr'><strong>fervore,</strong></span> <span class='ocrx_word' id='word_1_947' title='bbox 2377 5255 2553 5310; x_wconf 87' lang='lat' dir='ltr'><strong>anima</strong></span> <span class='ocrx_word' id='word_1_948' title='bbox 2597 5260 2663 5314; x_wconf 92' lang='lat' dir='ltr'><strong>ad</strong></span> <span class='ocrx_word' id='word_1_949' title='bbox 2705 5276 2928 5323; x_wconf 89' lang='lat' dir='ltr'><strong>mortem</strong></span> <span class='ocrx_word' id='word_1_950' title='bbox 2977 5288 3155 5342; x_wconf 86' lang='lat' dir='ltr'><strong>parata</strong></span> <span class='ocrx_word' id='word_1_951' title='bbox 3202 5300 3217 5337; x_wconf 91' lang='lat'><strong>:</strong></span> <span class='ocrx_word' id='word_1_952' title='bbox 3264 5288 3372 5343; x_wconf 87' lang='lat' dir='ltr'><strong>alio</strong></span> 
     </span>
    </p>
   </div>
   <div class='ocr_carea' id='block_1_109' title="bbox 1790 5333 3372 5449">
    <p class='ocr_par' dir='ltr' id='par_1_109' title="bbox 1790 5333 3372 5449">
     <span class='ocr_line' id='line_1_135' title="bbox 1790 5333 3372 5449; baseline 0.032 -65"><span class='ocrx_word' id='word_1_953' title='bbox 1790 5333 1934 5389; x_wconf 86' lang='lat' dir='ltr'><strong>enim</strong></span> <span class='ocrx_word' id='word_1_954' title='bbox 1963 5338 2121 5391; x_wconf 89' lang='lat' dir='ltr'><strong>modo</strong></span> <span class='ocrx_word' id='word_1_955' title='bbox 2151 5355 2258 5396; x_wconf 91' lang='lat' dir='ltr'><strong>non</strong></span> <span class='ocrx_word' id='word_1_956' title='bbox 2288 5358 2571 5412; x_wconf 91' lang='lat' dir='ltr'><strong>possumus</strong></span> <span class='ocrx_word' id='word_1_957' title='bbox 2601 5368 2820 5425; x_wconf 86' lang='lat' dir='ltr'><strong>regnum</strong></span> <span class='ocrx_word' id='word_1_958' title='bbox 2848 5371 3122 5437; x_wconf 83' lang='lat' dir='ltr'><strong>consequi,</strong></span> <span class='ocrx_word' id='word_1_959' title='bbox 3148 5375 3248 5428; x_wconf 90' lang='lat' dir='ltr'><strong>nisi</strong></span> <span class='ocrx_word' id='word_1_960' title='bbox 3276 5394 3372 5449; x_wconf 87' lang='lat' dir='ltr'><strong>per</strong></span> 
     </span>
    </p>
   </div>
   <div class='ocr_carea' id='block_1_110' title="bbox 1789 5431 3372 5526">
    <p class='ocr_par' dir='ltr' id='par_1_110' title="bbox 1789 5431 3372 5526">
     <span class='ocr_line' id='line_1_136' title="bbox 1789 5431 3372 5526; baseline 0.031 -48"><span class='ocrx_word' id='word_1_961' title='bbox 1789 5439 2022 5483; x_wconf 85' lang='lat' dir='ltr'><strong>crucem.</strong></span> <span class='ocrx_word' id='word_1_962' title='bbox 2052 5431 2129 5485; x_wconf 84' lang='lat' dir='ltr'><strong>Nc</strong></span> <span class='ocrx_word' id='word_1_963' title='bbox 2152 5434 2479 5506; x_wconf 88' lang='lat' dir='ltr'><strong>decipiatnus</strong></span> <span class='ocrx_word' id='word_1_964' title='bbox 2507 5448 2880 5518; x_wconf 88' lang='lat' dir='ltr'><strong>nosmetipsos.</strong></span> <span class='ocrx_word' id='word_1_965' title='bbox 2910 5455 2964 5511; x_wconf 86' lang='lat' dir='ltr'><strong>Si</strong></span> <span class='ocrx_word' id='word_1_966' title='bbox 2982 5462 3124 5517; x_wconf 89' lang='lat' dir='ltr'><strong>enim</strong></span> <span class='ocrx_word' id='word_1_967' title='bbox 3155 5466 3204 5520; x_wconf 91' lang='lat' dir='ltr'><strong>in</strong></span> <span class='ocrx_word' id='word_1_968' title='bbox 3228 5431 3372 5526; x_wconf 66' lang='lat' dir='ltr'><strong>bello</strong></span> 
     </span>
    </p>
   </div>
   <div class='ocr_carea' id='block_1_111' title="bbox 1788 5520 3366 5615">
    <p class='ocr_par' dir='ltr' id='par_1_111' title="bbox 1788 5520 3366 5615">
     <span class='ocr_line' id='line_1_137' title="bbox 1788 5520 3366 5615; baseline 0.029 -46"><span class='ocrx_word' id='word_1_969' title='bbox 1788 5520 1993 5574; x_wconf 86' lang='lat' dir='ltr'><strong>servari</strong></span> <span class='ocrx_word' id='word_1_970' title='bbox 2021 5524 2222 5593; x_wconf 92' lang='lat' dir='ltr'><strong>nequit,</strong></span> <span class='ocrx_word' id='word_1_971' title='bbox 2255 5527 2345 5597; x_wconf 89' lang='lat' dir='ltr'><strong>qui</strong></span> <span class='ocrx_word' id='word_1_972' title='bbox 2384 5529 2683 5603; x_wconf 88' lang='lat' dir='ltr'><strong>deiiciatur,</strong></span> <span class='ocrx_word' id='word_1_973' title='bbox 2713 5545 2953 5609; x_wconf 84' lang='lat' dir='ltr'><strong>pecuniis</strong></span> <span class='ocrx_word' id='word_1_974' title='bbox 2993 5554 3189 5615; x_wconf 86' lang='lat' dir='ltr'><strong>studet,</strong></span> <span class='ocrx_word' id='word_1_975' title='bbox 3238 5572 3366 5613; x_wconf 81' lang='lat' dir='ltr'><strong>can-</strong></span> 
     </span>
    </p>
   </div>
   <div class='ocr_carea' id='block_1_112' title="bbox 1790 5614 3361 5706">
    <p class='ocr_par' dir='ltr' id='par_1_112' title="bbox 1790 5614 3361 5706">
     <span class='ocr_line' id='line_1_138' title="bbox 1790 5614 3361 5706; baseline 0.028 -45"><span class='ocrx_word' id='word_1_976' title='bbox 1790 5620 2018 5678; x_wconf 90' lang='lat' dir='ltr'><strong>ponatur</strong></span> <span class='ocrx_word' id='word_1_977' title='bbox 2055 5614 2382 5691; x_wconf 80' lang='lat' dir='ltr'><strong>ignavosque</strong></span> <span class='ocrx_word' id='word_1_978' title='bbox 2418 5637 2505 5680; x_wconf 89' lang='lat' dir='ltr'><strong>est</strong></span> <span class='ocrx_word' id='word_1_979' title='bbox 2536 5645 2550 5682; x_wconf 93' lang='lat'><strong>:</strong></span> <span class='ocrx_word' id='word_1_980' title='bbox 2581 5632 2750 5687; x_wconf 91' lang='lat' dir='ltr'><strong>multo</strong></span> <span class='ocrx_word' id='word_1_981' title='bbox 2788 5636 2967 5693; x_wconf 90' lang='lat' dir='ltr'><strong>minus</strong></span> <span class='ocrx_word' id='word_1_982' title='bbox 2993 5641 3045 5696; x_wconf 93' lang='lat' dir='ltr'><strong>in</strong></span> <span class='ocrx_word' id='word_1_983' title='bbox 3076 5614 3182 5699; x_wconf 87' lang='lat' dir='ltr'><strong>hoc</strong></span> <span class='ocrx_word' id='word_1_984' title='bbox 3198 5647 3361 5706; x_wconf 89' lang='lat' dir='ltr'><strong>bello.</strong></span> 
     </span>
    </p>
   </div>
   <div class='ocr_carea' id='block_1_113' title="bbox 1784 5706 3364 5807">
    <p class='ocr_par' dir='ltr' id='par_1_113' title="bbox 1784 5706 3364 5807">
     <span class='ocr_line' id='line_1_139' title="bbox 1784 5706 3364 5807; baseline 0.027 -51"><span class='ocrx_word' id='word_1_985' title='bbox 1784 5706 1975 5759; x_wconf 78' lang='lat' dir='ltr'><strong>Annon</strong></span> <span class='ocrx_word' id='word_1_986' title='bbox 2007 5711 2203 5776; x_wconf 81' lang='lat' dir='ltr'><strong>putatis</strong></span> <span class='ocrx_word' id='word_1_987' title='bbox 2230 5729 2351 5769; x_wconf 88' lang='lat' dir='ltr'><strong>esse</strong></span> <span class='ocrx_word' id='word_1_988' title='bbox 2401 5733 2546 5776; x_wconf 90' lang='lat' dir='ltr'><strong>nunc</strong></span> <span class='ocrx_word' id='word_1_989' title='bbox 2584 5722 2780 5781; x_wconf 92' lang='lat' dir='ltr'><strong>bellum</strong></span> <span class='ocrx_word' id='word_1_990' title='bbox 2825 5732 3065 5789; x_wconf 90' lang='lat' dir='ltr'><strong>omnium</strong></span> <span class='ocrx_word' id='word_1_991' title='bbox 3111 5741 3364 5807; x_wconf 79' lang='lat' dir='ltr'><strong>gravissi-</strong></span> 
     </span>
    </p>
   </div>
   <div class='ocr_carea' id='block_1_114' title="bbox 1785 5798 3365 5905">
    <p class='ocr_par' dir='ltr' id='par_1_114' title="bbox 1785 5798 3365 5905">
     <span class='ocr_line' id='line_1_140' title="bbox 1785 5798 3365 5905; baseline 0.025 -55"><span class='ocrx_word' id='word_1_992' title='bbox 1785 5798 1972 5854; x_wconf 76' lang='lat' dir='ltr'><strong>mum?</strong></span> <span class='ocrx_word' id='word_1_993' title='bbox 1996 5798 2118 5856; x_wconf 83' lang='lat' dir='ltr'><strong>Non</strong></span> <span class='ocrx_word' id='word_1_994' title='bbox 2143 5814 2215 5858; x_wconf 84' lang='lat' dir='ltr'><strong>est</strong></span> <span class='ocrx_word' id='word_1_995' title='bbox 2240 5805 2401 5878; x_wconf 86' lang='lat' dir='ltr'><strong>nobis,</strong></span> <span class='ocrx_word' id='word_1_996' title='bbox 2435 5810 2636 5885; x_wconf 90' lang='lat' dir='ltr'><strong>inqttit,</strong></span> <span class='ocrx_word' id='word_1_997' title='bbox 2682 5834 2853 5889; x_wconf 75' lang='lat' dir='ltr'><strong>pugna</strong></span> <span class='ocrx_word' id='word_1_998' title='bbox 2884 5798 3140 5883; x_wconf 40' lang='lat' dir='ltr'><strong>adversus.</strong></span> <span class='ocrx_word' id='word_1_999' title='bbox 3163 5836 3365 5905; x_wconf 74' lang='lat' dir='ltr'><strong>sangui-</strong></span> 
     </span>
    </p>
   </div>
  </div>
