3978 6524
560 347 666 409 εει

561 479 677 519 nent
721 469 771 515 et
812 475 1017 515 canunt
1061 456 1279 530 (Ephez.
1318 457 1377 512 6.
1410 456 1523 527 12).
1557 456 1625 511 Et
1652 455 2055 522 prandentibus,
2092 463 2147 507 et

560 553 978 618 ambulantibus,
999 563 1054 609 et
1076 551 1373 607 lavantibus
1394 551 1546 605 adest
1567 551 1832 605 inimicus.
1857 551 1972 603 Non
2003 550 2149 603 novit

558 645 703 700 enim
746 653 959 714 tempus
1012 643 1369 706 induciarum,
1415 643 1516 695 nisi
1565 642 1780 705 somni;
1825 641 1936 693 imo
1984 640 2145 692 etiam

559 747 689 795 tunc
713 753 856 806 szepe
887 739 1189 807 impugnat.
1220 746 1274 790 et
1306 737 1543 804 imperas
1589 735 1826 788 immittit
1869 734 2148 801 cogitatio-

564 846 680 891 nes.
715 841 874 901 atque
901 846 931 884 a
959 830 1185 885 somniis
1234 828 1543 882 lasciviores
1586 826 1767 881 efﬁcit.
1822 825 1929 879 Nos
1968 834 2145 878 autem

561 923 714 992 quasi
747 936 908 992 parva
946 936 1031 976 res
1058 921 1146 985 sit,
1181 936 1276 988 pro
1302 935 1402 988 qua
1432 919 1544 985 ipse
1574 928 1792 987 pugnat,
1837 934 1939 970 non
1981 916 2144 970 sobrii

560 1031 769 1079 sumus,
802 1028 976 1083 neque
1001 1013 1291 1082 surgimus,
1334 1026 1509 1080 neque
1553 1010 1868 1079 respicimus
1910 1008 2146 1061 multitu-

558 1108 737 1163 dinem
768 1107 1198 1162 adversariarum
1225 1105 1377 1158 nobis
1408 1112 1762 1171 potestatum;
1806 1115 1910 1153 non
1941 1099 2143 1168 cogita-

560 1213 683 1253 mus
730 1200 830 1253 hoc
871 1200 1041 1267 ipsum
1087 1198 1334 1250 maxima:
1380 1196 1707 1248 infelicitatis
1736 1208 1894 1259 esse;
1928 1191 2022 1246 sed
2069 1199 2146 1244 tot

558 1292 801 1346 conclusi
850 1291 1008 1345 bellis
1032 1331 1047 1355 ,
1080 1305 1143 1343 ac
1183 1289 1227 1343 si
1258 1306 1355 1357 pax
1395 1299 1537 1342 esset
1565 1288 1899 1343 deliciamur.
1931 1286 2145 1341 Credite

559 1384 711 1444 mihi,
753 1384 1000 1453 graviora
1030 1397 1170 1435 nunc
1194 1382 1409 1443 adsunt,
1446 1397 1605 1450 quam
1634 1397 1753 1450 qme
1792 1380 1988 1433 Paulus
2018 1394 2141 1449 pas-

555 1491 651 1529 sus
672 1486 775 1528 est.
808 1473 955 1527 Tune
984 1473 1132 1527 illum
1158 1472 1423 1540 lapidibus
1455 1474 1834 1540 impetierunt;
1863 1487 2005 1525 nunc
2023 1488 2139 1524 ver.

556 1567 637 1620 bis
683 1566 1005 1634 impetimur,
1054 1580 1175 1633 quze
1226 1564 1491 1632 lapidibus
1535 1564 1781 1631 graviora
1814 1571 1955 1616 sunt.
2006 1562 2141 1629 Quid

553 1676 681 1729 ergo
711 1659 850 1712 factu
881 1658 1057 1726 Opus?
1103 1658 1155 1710 Id
1181 1657 1323 1725 quod
1350 1657 1440 1711 ille
1466 1656 1590 1710 fecit
1625 1675 1637 1709 :
1673 1656 1967 1724 lapidautes
1998 1656 2141 1709 enim

554 1769 613 1807 se
659 1752 782 1805 odio
827 1766 929 1805 non
965 1750 1186 1814 habuit;
1222 1751 1315 1804 sed
1346 1760 1627 1819 postquam
1660 1752 1807 1803 illum
1845 1759 2138 1813 traxerant,

557 1859 836 1914 regressus
882 1851 964 1896 est
1014 1843 1065 1895 in
1106 1842 1397 1903 civitatem,
1441 1841 1817 1896 benefacturus
1846 1842 1929 1906 iis,
1965 1842 2051 1910 qui
2082 1856 2142 1895 se

552 1938 624 1991 ita
657 1936 922 1991 luserant.
947 1936 1001 1989 Si
1035 1945 1087 1987 tu
1115 1950 1327 2003 quoque
1356 1934 1801 1988 eontunteliosum
1842 1942 1893 1986 et
1922 1942 1974 1986 te
2003 1931 2139 2000 inju-

553 2040 637 2089 ste
674 2030 955 2084 lmdenlem
998 2030 1205 2094 tuleris,
1257 2028 1518 2096 lapidatus
1559 2028 1807 2083 essedici
1841 2037 2007 2096 potes.
2064 2026 2141 2081 Ne

553 2123 751 2177 dixeris
782 2141 797 2176 :
840 2122 1115 2175 Neminem
1148 2121 1281 2175 laesi.
1323 2121 1490 2186 Quem
1521 2122 1663 2174 enim
1695 2120 1829 2173 iLCSil
1857 2119 2051 2172 Paulus
2083 2127 2141 2172 ut

553 2215 915 2283 lapidaretttr?
961 2214 1203 2283 Regnum
1246 2214 1619 2277 annuntiabat,
1654 2214 1718 2265 ab
1752 2228 1937 2265 errore
1981 2212 2139 2266 ΓειΙιιο

551 2308 725 2369 cebat,
760 2307 825 2359 ad
860 2308 1022 2359 Deum
1053 2304 1354 2359 adducebat
1386 2322 1397 2357 :
1427 2304 1540 2358 lucc
1568 2305 1723 2373 digna
1756 2315 1877 2357 sunt
1901 2304 2135 2369 coronis,

555 2398 995 2466 proclamatione,
1026 2396 1321 2450 innumeris
1364 2395 1539 2457 bonis,
1587 2410 1692 2447 non
1739 2394 2040 2463 lapidibus;
2084 2404 2139 2447 et

496 2520 497 2523 η
550 2500 728 2544 tamen
775 2490 865 2543 ille
902 2488 1168 2542 contraria
1202 2502 1391 2556 passus
1431 2496 1534 2541 est.
1577 2486 1701 2539 llaec
1730 2486 1925 2555 quippe
1954 2486 2137 2554 splen-

551 2581 674 2637 dida
703 2590 787 2635 est
813 2580 1053 2635 victoria.
1108 2578 1171 2631 Et
1199 2590 1458 2632 traxerunt
1494 2594 1627 2641 eum,
1671 2578 1859 2647 inquit.
1899 2576 1974 2631 Te
2004 2593 2137 2646 quo-

550 2690 655 2743 que
701 2688 842 2742 smpe
889 2672 1141 2734 trahunt;
1190 2671 1283 2724 sed
1315 2686 1380 2725 ne
1412 2670 1681 2733 irascnris,
1715 2670 1823 2722 imo
1855 2680 2136 2724 ntansucte

550 2767 777 2835 pudica
809 2765 1051 2818 verbum.
1086 2763 1163 2818 Te
1189 2763 1511 2817 contumelia
1552 2762 1771 2817 affecit?
1799 2763 1938 2816 Tace
1967 2772 2018 2815 et
2046 2763 2137 2817 bc-

551 2858 731 2922 nedic,
763 2858 807 2911 si
838 2866 1014 2926 potes,
1062 2865 1116 2909 et
1143 2855 1220 2908 sic
1244 2864 1299 2907 tu
1327 2869 1542 2923 quoque
1572 2852 1866 2922 praedicasti
1891 2851 2134 2917 verbtnn,

550 2950 776 3005 docuisti
806 2948 1120 3001 modestiam
1147 2956 1204 3001 et
1241 2944 1725 2999 mansuetudinem.
1773 2943 1963 2997 Multos
2012 2944 2134 2997 novi

547 3050 655 3091 non
685 3044 790 3088 tam
822 3032 1148 3090 vulneribus.
1171 3047 1328 3100 quam
1360 3029 1641 3083 verborum
1674 3028 1841 3097 plagis
1867 3028 2089 3082 sauciari
2116 3046 2130 3082 :

549 3141 671 3181 nam
703 3124 830 3179 illud
853 3123 1065 3194 quidem
1092 3124 1283 3176 vulnus
1312 3136 1507 3191 corpus
1528 3120 1774 3190 suscipit,
1803 3119 1906 3175 hoc
1931 3120 2129 3174 anima.

548 3215 654 3271 Sed
706 3232 772 3270 ne
819 3214 1115 3279 doleamus,
1170 3213 1277 3267 imo
1318 3212 1563 3267 dolentes
1593 3216 1971 3266 sustineamus.
2016 3211 2133 3266 Non

547 3307 742 3363 videtis
771 3306 997 3377 pugiles.
1030 3320 1257 3373 quorum
1285 3305 1455 3373 capita
1491 3302 1785 3364 vulnerata,
1821 3301 2011 3357 dentes
2040 3317 2137 3357 ex-

546 3398 715 3461 cussi,
748 3407 965 3452 strenue
986 3394 1131 3451 ferre
1152 3394 1401 3449 dolores?
1444 3394 1544 3448 llic
1584 3408 1716 3447 vero
1761 3410 1863 3447 non
1891 3409 2027 3462 cpus
2052 3405 2136 3449 est

546 3490 776 3544 stridore
805 3498 864 3543 et
885 3503 1087 3542 morsu.
1118 3485 1423 3541 Recordare
1451 3485 1659 3538 Domini
1685 3486 1783 3549 tui,
1813 3494 1865 3539 et
1889 3484 2137 3553 pharma-

547 3599 668 3637 catm
696 3581 876 3637 statim
903 3580 1022 3649 ejus
1050 3578 1424 3634 recordatione
1468 3576 1797 3646 apposuisti;
1850 3577 2134 3632 recordare

546 3673 692 3729 Pauli
725 3691 737 3726 :
770 3674 942 3743 cogita
989 3681 1060 3733 te,
1106 3671 1194 3741 qui
1248 3683 1531 3738 percussus
1575 3682 1655 3731 es,
1706 3667 1939 3733 vicisse,
1981 3668 2130 3722 illum

546 3781 697 3831 vero,
720 3766 810 3835 qui
843 3764 1124 3835 percussit,
1155 3762 1354 3817 victum
1377 3775 1516 3825 esse,
1541 3768 1596 3815 et
1619 3761 1697 3814 sic
1723 3769 1891 3813 totum
1922 3770 2129 3814 curato.

551 3858 876 3915 Momentum
915 3867 997 3912 est
1026 3874 1039 3911 :
1073 3872 1139 3911 ne
1160 3855 1407 3926 rapiaris,
1435 3864 1488 3909 et
1522 3863 1688 3909 totum
1722 3852 1987 3923 perfeciSti
2023 3872 2036 3905 :
2064 3869 2133 3908 ne

550 3951 839 4017 movearis,
881 3959 935 4004 et
991 3958 1163 4004 totum
1219 3946 1546 4001 exsdnxisti.
1603 3946 1788 4015 Magna
1838 3946 2133 3999 consolatio

545 4052 630 4101 est
698 4042 895 4113 aliquid
950 4050 1001 4097 te
1058 4056 1154 4111 pro
1206 4039 1422 4094 Christo
1477 4039 1584 4108 pati
1636 4055 1651 4091 :
1706 4054 1812 4091 non
1874 4037 2133 4106 praedicas

548 4151 847 4192 sermonem
906 4133 1067 4199 ﬁdei,
1138 4131 1233 4186 sed
1283 4131 1543 4201 praedicas
1596 4145 1902 4184 sermonem
1956 4128 2131 4197 philo—

553 4225 778 4295 sophiae.
838 4225 940 4289 At,
997 4223 1242 4292 inquies,
1284 4231 1484 4290 quanto
1532 4223 1699 4288 magis
1750 4221 1837 4273 ille
1887 4234 2133 4273 mansuc-

553 4328 664 4372 tutn
705 4316 925 4380 videbit,
978 4325 1124 4369 tanto
1164 4314 1332 4383 magis
1377 4314 1613 4367 instabit.
1658 4313 1943 4381 Propterea
1974 4312 2132 4382 igitur

548 4409 721 4473 doles,
747 4408 888 4476 quod
917 4408 1003 4461 ille
1029 4406 1123 4460 tibi
1151 4405 1451 4460 mercedem
1490 4406 1724 4472 augeat?
1769 4408 1836 4458 At
1882 4405 2133 4459 intracta-

549 4502 673 4557 bilis
698 4513 778 4555 est
802 4541 818 4567 ,
857 4498 1097 4569 inquies?
1139 4496 1266 4552 llaec
1291 4496 1746 4567 pusillanimitatis
1773 4506 1875 4549 tua:
1902 4511 2130 4551 excusa-

545 4602 622 4653 tio
648 4608 729 4652 est
762 4614 776 4650 :
804 4595 911 4649 alio
938 4593 1096 4648 modo
1133 4592 1485 4646 intractabilis
1510 4592 1632 4653 erit,
1663 4591 1705 4643 si
1752 4600 1803 4644 te
1835 4591 2126 4645 ulciscaris.

546 4690 602 4745 Si
638 4688 801 4744 sciret
835 4688 975 4741 Deus
995 4686 1117 4739 illos
1148 4683 1511 4739 intractabiles
1548 4684 1678 4747 fore,
1708 4683 1751 4736 si
1786 4698 1887 4735 non
1917 4690 1967 4736 te
1995 4683 2131 4736 ulci-

545 4782 736 4847 scaris,
771 4793 874 4834 non
906 4778 1008 4832 hoc
1036 4775 1401 4847 praecepisset,
1431 4774 1522 4827 sed
1555 4774 1802 4836 dixisset,
1850 4772 1925 4826 Te
1958 4774 2125 4843 ipsum

544 4874 803 4930 ulciscere
833 4890 847 4926 :
879 4886 1065 4925 verum
1092 4869 1241 4923 novit
1266 4867 1367 4921 hoc
1396 4866 1487 4920 tibi
1520 4866 1701 4919 utilius
1733 4866 1865 4919 fore.

623 4963 957 5021 Contumelia:
999 4959 1252 5031 quomodo
1296 4957 1724 5027 ferenda—Ne
1768 4974 1908 5028 pone
1956 4960 2123 5029 legem

543 5056 738 5111 divinae
764 5055 1087 5110 ctmtrariam
1121 5070 1134 5105 ε
1172 5052 1244 5106 illi
1274 5054 1605 5119 obtempera.
1640 5050 1751 5103 Non
1799 5066 1859 5105 es
1904 5061 1959 5103 tu
2008 5068 2124 5105 mc-

544 5146 648 5202 lior
674 5161 741 5201 eo
765 5146 853 5214 qui
882 5143 1010 5200 fecit
1034 5159 1153 5199 nos.
1184 5142 1340 5207 Dixit,
1372 5142 1474 5197 Fer
1500 5143 1851 5197 contumelias
1876 5186 1891 5208 ,
1921 5154 1973 5198 tt.
2004 5160 2125 5198 vero

543 5236 701 5301 dicis,
745 5235 1139 5290 Contumeliam
1192 5235 1460 5302 rependo,
1508 5250 1575 5288 ne
1624 5235 1713 5288 fiat
1755 5236 2120 5289 intractabilis.

544 5324 631 5382 Tu
665 5340 793 5395 ergo
839 5324 958 5394 plus
987 5325 1153 5393 sapis,
1201 5340 1356 5394 quam
1399 5325 1521 5378 ille?
1550 5325 1674 5379 llaec
1713 5326 1872 5379 verba
1909 5342 1971 5379 ex
2005 5341 2121 5395 pas-

541 5417 714 5481 sione,
763 5416 1073 5481 acerbitate,
1121 5425 1176 5469 et
1228 5417 1529 5486 arrogantia
1579 5419 2008 5486 proficiscuntur,
2059 5432 2122 5471 ae

540 5506 808 5563 contraria
838 5514 964 5560 sunt
987 5505 1090 5575 legi
1122 5505 1233 5561 Dei.
1285 5505 1503 5560 Etiamsi
1533 5508 1674 5561 enim
1704 5507 1980 5567 lazderent.
2022 5522 2119 5561 an-

540 5612 651 5655 non
680 5595 1158 5666 obtemperantium
1182 5596 1336 5651 erat?
1364 5596 1496 5651 Cum
1522 5597 1794 5666 quidpiam
1822 5598 1961 5652 Deus
1988 5613 2120 5663 prte-

536 5691 689 5760 cipit,
713 5706 780 5746 ne
802 5703 1064 5761 ponamus
1094 5702 1191 5742 nos
1212 5687 1383 5757 legem
1415 5688 1761 5744 contrariam.
1810 5686 2117 5760 Responsio,

534 5786 730 5855 hquit,
765 5782 1011 5843 submissa
1039 5783 1216 5838 avertit
1237 5782 1364 5837 iram
1398 5779 1577 5853 (Prov.
1610 5782 1697 5838 15.
1730 5780 1805 5854 1).
1848 5782 1959 5839 lloc
1989 5799 2116 5854 ergo

1335 342 1395 398 S.
1433 340 1710 398 JOANNIS
1747 336 2215 395 CllRYSOSTOllI
2256 337 2571 393 ARCHIEP.
2610 339 3140 398 CONSTANTINOP.
3742 352 3838 407 εἴτε

2257 454 2381 509 facit
2396 455 2680 522 submissa,
2704 472 2811 512 non
2830 461 3119 515 contraria.
3147 461 3203 517 Si
3223 462 3315 517 tibi
3344 466 3579 534 prodest,
3608 468 3685 525 illi
3713 489 3828 544 quo

2255 561 2359 614 que
2386 548 2604 616 prodest
2632 566 2647 603 :
2680 551 2724 603 si
2747 566 2873 605 vero
2900 553 2993 606 tibi
3018 566 3193 622 nocet,
3216 558 3305 625 qui
3328 573 3671 620 correcturus
3693 566 3833 622 illum

2254 650 2335 729 es,
2384 639 2552 692 multo
2606 642 2778 710 magis
2825 643 2898 697 illi
2950 646 3180 700 nocebit.
3226 647 3445 718 Medica,
3479 671 3604 709 cura
3629 660 3837 729 teipcum

2257 726 2406 795 (Luc.
2440 730 2488 783 6.
2519 730 2635 799 25).
2668 732 2979 788 Maledixit?
3025 736 3102 790 Tu
3132 738 3287 797 lauda
3315 758 3327 793 :
3359 726 3840 805 conviciatus'est?

2257 818 2335 872 Tu
2378 824 2636 877 encomiis
2674 824 2887 881 celebra
2917 844 2931 879 :
2960 827 3243 884 insidiatus
3274 834 3397 887 est?
3439 836 3585 893 Bene
3620 841 3703 895 fac
3744 853 3795 895 tu
3826 863 3839 899 :

2255 916 2519 966 contraria
2550 915 2806 982 repende,
2836 916 2880 971 si
2909 918 3123 973 tandem
3150 922 3376 978 salutem
3414 928 3533 995 ejus
3572 945 3755 995 curas,
3782 952 3842 990 ac

2260 1016 2327 1055 ne
2374 1004 2505 1057 velis
2534 1005 2728 1060 vulnus
2770 1016 2916 1062 tuum
2946 1009 3154 1065 ulcisci.
3187 1014 3276 1077 At,
3310 1016 3541 1085 inquies,
3576 1037 3724 1092 sarpe
3754 1044 3838 1095 νει.

2255 1096 2491 1151 tientiam
2515 1112 2685 1150 meam
2703 1110 2974 1168 expertus,
3000 1101 3236 1158 deterior
3263 1110 3477 1164 evasit?
3496 1111 3609 1168 lloc
3636 1132 3742 1170 non
3770 1128 3839 1179 te.

2253 1185 2349 1241 sed
2376 1187 2526 1241 illum
2560 1198 2788 1248 stertat.
2824 1191 2916 1245 Vis
2944 1193 3083 1249 seire
3113 1208 3306 1262 quanta
3349 1216 3535 1270 passus
3561 1206 3633 1259 sit
3659 1208 3843 1263 Deus?

2254 1276 2388 1331 Aras
2428 1278 2569 1332 illius
2617 1282 3025 1349 sobverterunt,
3076 1290 3363 1356 prephetas
3403 1295 3759 1354 occiderunt:
3790 1314 3841 1356 et

2252 1368 2429 1421 omnia
2464 1371 2695 1437 pertulit.
2716 1374 2908 1428 Annon
2934 1386 3141 1444 poterat
3166 1382 3365 1438 fulmen
3392 1385 3839 1447 demittere?Sed

2253 1468 2530 1529 postquam
2579 1464 2870 1533 prophetas
2915 1484 3050 1536 quos
3090 1471 3313 1527 miserat
3339 1478 3679 1547 occiderunt,
3717 1493 3841 1540 tunc

2252 1547 2444 1603 Filium
2495 1567 2649 1606 suum
2702 1556 2865 1608 misit.
2916 1559 3140 1623 Quando
3175 1564 3342 1633 magis
3383 1567 3543 1637 impie
3585 1574 3837 1641 agebant,

2256 1651 2381 1695 tunc
2428 1644 2599 1710 majus
2632 1646 2946 1702 beneficium
2989 1654 3233 1708 contulit.
3284 1656 3352 1710 Et
3383 1669 3436 1712 ιιι
3477 1662 3520 1715 si
3552 1680 3713 1732 quem
3744 1684 3838 1722 ex-

2248 1744 2551 1802 asperatmn
2579 1737 2798 1804 videris,
2824 1750 2949 1796 tunc
2979 1746 3147 1813 magis
3171 1747 3303 1803 cede
3331 1768 3345 1803 :
3379 1752 3469 1805 ille
3496 1770 3731 1827 namque
3760 1759 3837 1812 fu-

2248 1844 2341 1882 ror
2370 1831 2557 1899 majori
2586 1842 2705 1901 eget
2728 1838 3111 1893 consolatione.
3142 1841 3352 1907 Quanto
3380 1850 3679 1914 graviorem
3706 1868 3837 1907 eou-

2248 1923 2522 1978 tumeliam
2565 1925 2763 1991 infert,
2816 1937 2963 1983 tanto
3005 1932 3194 2001 majori
3244 1943 3659 1996 mansuetudine
3706 1962 3838 2013 Optts

2248 2023 2330 2067 est
2361 2032 2375 2070 :
2403 2032 2464 2070 ac
2494 2017 2633 2073 sicut
2668 2018 2829 2074 febris
2858 2024 3069 2091 quando
3099 2027 3265 2097 magis
3295 2030 3456 2086 instat
3477 2076 3491 2095 ,
3544 2046 3675 2090 tunc
3723 2040 3839 2108 plus

2247 2121 2380 2175 opus
2410 2108 2569 2164 habet
2596 2111 2857 2167 cedente:
2889 2116 2966 2169 sic
2996 2125 3049 2169 et
3078 2117 3167 2171 ille
3197 2122 3285 2187 qui
3320 2121 3586 2179 irascitur.
3610 2127 3841 2195 Quando

2246 2199 2358 2254 fera
2388 2204 2553 2271 magis
2588 2216 2955 2272 eanperatur,
2988 2218 3113 2263 tunc
3142 2227 3331 2266 omnes
3373 2215 3605 2284 fugimus
3637 2237 3651 2271 :
3680 2221 3760 2275 sic
3788 2234 3840 2276 et

2245 2290 2381 2345 irato
2409 2294 2680 2349 cedamus.
2732 2296 2807 2350 Ne
2840 2309 2989 2366 putes
3030 2299 3132 2354 hoc
3176 2301 3431 2359 honorem
3480 2323 3599 2363 esse
3634 2327 3647 2361 :
3687 2312 3833 2365 Alio-

2244 2386 2370 2455 quin
2399 2386 2564 2441 feram
2593 2388 2940 2455 honoramus,
2989 2403 3043 2445 et
3072 2393 3309 2450 furentes
3338 2400 3565 2464 proinde
3597 2401 3842 2458 honora-

2243 2491 2397 2541 mus,
2444 2494 2563 2533 cum
2593 2481 2965 2537 declinamus?
3008 2484 3222 2541 Minime
3258 2507 3270 2540 :
3303 2490 3590 2559 ignominia
3621 2495 3728 2549 hoc
3761 2510 3844 2551 est

2242 2576 2296 2621 et
2320 2571 2673 2635 contumelia;
2697 2572 2806 2624 imo
2838 2590 2940 2626 non
2967 2575 3253 2642 ignominia
3278 2591 3329 2633 et
3360 2587 3708 2649 contumelia,
3746 2589 3842 2641 5rd

2243 2658 2607 2716 misericordia
2638 2672 2688 2715 et
2719 2663 3037 2733 benignitas.
3058 2666 3174 2721 Non
3203 2670 3352 2725 vides
3376 2687 3586 2740 nautas,
3614 2682 3841 2747 quando

2247 2750 2593 2806 vehementer
2620 2753 2708 2806 llat
2733 2768 2941 2820 ventus,
2976 2757 3258 2815 demittere
3287 2764 3423 2827 vela,
3458 2781 3526 2820 ne
3553 2772 3846 2839 demerga-

2243 2850 2326 2894 tur
2365 2843 2556 2896 navis?
2592 2844 2824 2913 equitem
2870 2862 2976 2900 non
3020 2850 3190 2914 vides,
3234 2866 3355 2906 cum
3392 2854 3590 2924 abripit
3616 2873 3800 2927 equus
3824 2902 3838 2924 ,

2240 2932 2516 2987 cedentem
2542 2950 2639 2988 nec
2671 2937 3007 2999 retinentem.
3039 2956 3104 2994 ne
3126 2952 3314 3009 sponte
3340 2946 3479 2999 vires
3511 2947 3806 3003 absumat?

2308 3025 2362 3080 ι.
2398 3026 2507 3081 lloc
2531 3039 2587 3085 et
2612 3037 2665 3080 tu
2698 3027 2870 3085 facito.
2904 3028 3077 3086 Furor
3104 3032 3236 3102 ignis
3257 3044 3368 3098 est,
3398 3035 3610 3090 flamma
3634 3040 3841 3095 ardens

2239 3117 2461 3169 materia
2490 3133 2654 3187 egens
2684 3137 2696 3173 :
2731 3136 2797 3174 ne
2824 3121 2929 3189 igni
2982 3136 3160 3177 escam
3220 3128 3561 3196 suppedites,
3618 3142 3675 3185 et
3724 3137 3841 3186 cito

2241 3208 2436 3263 malum
2482 3210 2798 3278 exstingnis.
2846 3212 2922 3265 Ira
2971 3228 3073 3268 non
3120 3231 3218 3285 per
3246 3232 3305 3271 se
3346 3219 3446 3271 vim
3494 3221 3702 3288 habet,
3737 3225 3838 3279 nisi

2238 3297 2375 3352 alius
2425 3299 2591 3367 ipsam
2640 3303 2765 3355 alat.
2813 3302 3016 3357 Nullam
3065 3316 3119 3360 tu
3176 3313 3577 3365 excusatZOnem
3640 3316 3836 3370 babes.

2242 3388 2333 3447 llle
2383 3390 2561 3446 furore
2606 3391 2917 3459 detinetur,
2960 3412 3057 3453 nec
3104 3401 3355 3470 scitquid
3402 3404 3571 3470 facit;
3631 3417 3683 3460 tu
3740 3414 3833 3480 qui

2240 3481 2384 3536 illmn
2434 3484 2656 3537 intueris
2680 3527 2693 3547 ,
2724 3502 2844 3539 eum
2878 3488 2929 3540 in
2962 3491 3105 3557 paria
3145 3492 3385 3549 incidens
3409 3537 3423 3559 ,
3474 3513 3654 3567 neque
3702 3500 3839 3556 hinc

2238 3575 2534 3642 sapientior
2561 3578 2743 3631 evadis
2763 3622 2777 3644 ,
2806 3598 2963 3649 quam
2994 3585 3200 3637 veniam
3232 3590 3498 3643 mereris?
3524 3593 3578 3646 Si
3616 3595 3668 3647 itt
3698 3612 3840 3649 con-

2239 3667 2431 3719 vivium
2464 3669 2581 3736 quis
2611 3671 2828 3724 veniens
2853 3714 2867 3735 ,
2905 3672 2954 3725 in
2985 3678 3245 3729 vestibulo
3284 3683 3591 3750 quempiam
3624 3686 3839 3741 videret

2238 3759 2442 3813 ebrium
2468 3761 2713 3816 indecore
2730 3774 2995 3831 agentem,
3017 3766 3314 3838 deindeque
3332 3772 3442 3838 ipse
3460 3773 3512 3826 in
3537 3776 3688 3843 paria
3711 3778 3841 3831 inci-

2240 3852 2425 3916 deret,
2476 3870 2656 3907 nnnne
2704 3868 2819 3921 post
2862 3858 3007 3911 illtnn
3036 3861 3217 3914 ebrius
3262 3863 3431 3918 factus
3463 3869 3642 3921 ntinns
3676 3874 3835 3925 venia

2237 3943 2424 4011 dignus
2450 3947 2636 3998 esset?
2660 3946 2729 3999 Ita
2752 3959 2804 4001 et
2835 3947 2917 4001 hic
2936 3949 3218 4005 dicendum
3253 3970 3266 4007 :
3301 3971 3369 4009 ne
3393 3969 3646 4024 [)tlletlllh‘
3671 3980 3834 4031 posse

2238 4036 2302 4087 ad
2330 4035 2690 4091 defensionem
2718 4039 2817 4092 dici
2851 4057 2863 4091 :
2894 4040 3007 4094 Non
3038 4058 3137 4112 ego
3159 4048 3295 4113 cwpi
3324 4064 3336 4099 :
3372 4050 3472 4103 hoc
3502 4068 3699 4107 eontra
3734 4074 3827 4109 tms

2237 4138 2357 4191 est,
2387 4130 2505 4196 quia
2539 4145 2706 4197 neque
2733 4132 2877 4183 illum
2909 4134 3150 4189 videntes
3171 4176 3186 4199 ,
3219 4146 3677 4208 temperantiores
3708 4149 3817 4201 facti

2237 4234 2420 4274 sumus
2450 4241 2461 4273 :
2495 4225 2943 4291 quemadmodum
2988 4228 3030 4280 si
3076 4231 3193 4298 quis
3220 4232 3359 4286 dicat
3388 4252 3401 4286 :
3435 4236 3553 4305 Ego
3586 4257 3695 4293 non
3724 4246 3818 4309 pri-

2238 4329 2357 4368 mus
2407 4316 2597 4368 occidi.
2657 4317 2778 4370 Ideo
2824 4335 3052 4389 namque
3102 4338 3255 4390 [uena
3302 4326 3497 4396 dignus
3543 4348 3608 4385 es
3639 4375 3653 4395 ,
3702 4338 3823 4403 quia

2235 4407 2534 4473 exemplum
2566 4409 2781 4473 videns,
2819 4428 2919 4466 non
2946 4422 2995 4466 te
3025 4416 3333 4473 Collibuisti.

2306 4497 2550 4552 Iracundi
2572 4503 2846 4571 inmgo.—
2867 4506 2921 4558 Si
2951 4508 3159 4563 videres
3187 4512 3393 4565 ebrium
3423 4531 3645 4571 vomere
3664 4561 3678 4579 ,
3712 4520 3829 4572 dis-

2238 4590 2410 4653 trahi,
2439 4592 2701 4660 dirumpi,
2731 4597 2899 4648 oculis
2941 4601 3103 4652 torvis
3140 4603 3445 4670 respicere,
3482 4608 3831 4663 imntunditia

2236 4697 2472 4735 mensam
2525 4685 2771 4752 replere,
2821 4704 3007 4744 omnes
3057 4692 3202 4745 illum
3255 4694 3474 4764 fugere,
3520 4701 3835 4772 deindean

2236 4772 2285 4825 in
2322 4773 2463 4840 paria
2510 4774 2805 4842 incideres,
2859 4795 3036 4833 annon
3086 4785 3255 4853 magis
3302 4788 3603 4856 culpandus
3630 4796 3839 4848 esses?

2233 4862 2374 4917 Talis
2399 4873 2482 4917 est
2507 4866 2788 4921 iracundus
2819 4886 2830 4920 :
2868 4872 3037 4941 magis
3058 4889 3222 4930 venas
3254 4876 3401 4932 inflat
3420 4920 3437 4944 ,
3472 4898 3632 4949 quam
3661 4886 3704 4938 is
3732 4889 3837 4956 qui

2234 4958 2399 5010 vomit
2429 4975 2440 5008 :
2472 4959 2656 5013 oculos
2698 4960 3025 5029 inﬂammat,
3054 4969 3259 5023 viscera
3304 4972 3567 5043 discerpit
3592 5019 3606 5039 ,
3657 4983 3843 5036 vomit

2236 5050 2396 5104 verba
2422 5051 2510 5105 illo
2527 5053 2646 5106 cibo
2666 5054 2972 5123 impttriora,
2998 5059 3258 5130 indigesta
3280 5066 3454 5120 omnia
3478 5069 3718 5137 loquitur
3741 5076 3842 5127 ni-

2232 5141 2412 5211 hilque
2431 5144 2720 5213 perfectum
2748 5148 2890 5217 (non
2921 5152 3063 5207 enim
3091 5156 3216 5209 sinit
3246 5157 3319 5211 ira
3343 5162 3359 5227 )
3384 5176 3397 5221 ;
3437 5162 3532 5216 sed
3555 5166 3695 5218 sicut
3716 5168 3843 5223 id":

2231 5248 2374 5302 Saepe
2422 5236 2754 5291 immoderati
2821 5240 3074 5298 hmnores
3136 5251 3472 5304 stomachum
3539 5257 3844 5311 turbantes-

2230 5329 2405 5383 omnia
2459 5343 2762 5386 cvacuant:
2813 5336 2963 5389 itaet
3011 5338 3098 5392 hic
3142 5342 3292 5395 calor
3336 5344 3535 5399 nimius
3582 5350 3846 5406 animam

2229 5421 2577 5487 concutiens,
2612 5439 2716 5477 non
2744 5425 2867 5479 sinit
2913 5437 3091 5498 tegere
3131 5448 3249 5500 quae
3292 5436 3452 5491 silere
3500 5453 3795 5508 Oportet-vt
3827 5463 3845 5509 ;

2228 5510 2321 5564 sed
2348 5511 2570 5567 dicenda
2601 5524 2656 5568 et
2683 5532 2786 5569 non
2818 5516 3043 5573 dicenda
3072 5521 3295 5577 ell‘nndit
3320 5568 3334 5589 ,
3366 5544 3471 5581 non
3498 5532 3805 5588 audietth
3829 5579 3847 5603 ,

2225 5601 2319 5654 sed
2365 5605 2711 5672 semetipsum
2757 5606 3071 5677 detttrpans.
3124 5615 3271 5669 Sient
3316 5618 3478 5686 igitur
3535 5601 3853 5683 manentes

2226 5690 2495 5761 fugimus,
2549 5696 2625 5749 sic
2670 5707 2725 5751 et
2776 5699 2940 5754 iratos
2984 5700 3269 5773 fugiamus.
3317 5710 3456 5774 Quid
3508 5713 3796 5771 faciemus
3826 5724 3853 5775 r

2231 5780 2454 5842 Pulvere
2501 5792 2754 5845 vomitum
2784 5800 3057 5864 legamus,
3092 5800 3319 5856 tacendo
3366 5818 3530 5861 canes
3560 5823 3859 5871 vocemus
