4100 6354
172 250 279 309 231

146 381 285 429 τονς
358 366 479 419 Οὐκ
533 365 707 419 ἐστιν
744 364 906 433 ἡμῖν,
960 364 1148 434 φησὶν,
1187 366 1226 432 ἡ
1292 364 1456 431 πάλη
1503 364 1653 432 πρὸς
1688 356 1830 430 αἷμα

142 453 251 507 καὶ
294 453 519 520 σάρκα.
582 453 693 507 Καὶ
742 452 1029 523 ἀριστῶσι,
1084 453 1177 505 καὶ
1215 451 1513 521 βαδίζουσι,
1550 452 1644 504 καὶ
1675 452 1826 503 λουο-

148 540 343 611 μένοις
398 540 720 609 πάρεστινό
753 539 963 609 ἐχθρός.
1022 540 1097 592 Οὐ
1150 540 1259 610 γάρ
1301 535 1409 592 οἶδε
1469 539 1658 611 καιρὸν
1702 541 1829 592 ἀνα-

147 628 365 698 κωχῆς,
402 629 453 680 εἰ
490 627 566 697 μὴ
591 626 685 679 τὸν
720 626 815 679 τοῦ
843 626 1011 680 ῦπνου
1058 626 1219 697 μόνον
1242 643 1257 657 ο
1315 627 1573 691 πολλάκις
1622 625 1679 680 δέ
1743 628 1833 681 καὶ

143 718 274 770 τότε
331 715 592 784 πολεμεῖ,
634 716 730 768 καὶ
788 714 1082 785 λογισμοὺς
1137 714 1420 785 ἐμϐάλλων
1467 714 1831 785 ἀκαθάρτους,

148 806 245 858 καὶ
300 802 745 874 ἀσελγεστέρους
785 802 895 858 ἀπὸ
956 802 1065 855 τῶν
1121 803 1417 873 ὀνειράτων
1442 803 1829 874 ἐργαζόμενος.

156 893 361 961 Ἡμεῖς
389 891 452 943 δὲ
480 890 555 952 ὡς
581 890 710 961 περὶ
738 889 938 960 μικροῦ
972 888 1067 943 τοῦ
1099 891 1425 959 πράγματος
1469 890 1641 956 ὄντος,
1695 891 1835 962 ὺπέρ

143 976 205 1033 οὗ
237 981 457 1041 ἐκεῖνος
494 978 742 1048 πολεμεῖ,
800 978 861 1033 οὐ
912 979 1174 1049 νήφομεν,
1239 979 1360 1032 οὐδὲ
1407 977 1832 1049 διανιστάμεθα,

142 1067 266 1120 οὐδέ
295 1066 583 1136 βλέπομεν
614 1066 695 1128 είς
745 1065 805 1119 τὸ
854 1064 1059 1135 πλῆθος
1106 1066 1214 1119 τῶν
1261 1066 1653 1137 ἀντικειμένων
1702 1069 1836 1137 ἡμῖν

145 1154 475 1223 δυνάμεων·
537 1154 639 1206 οὐκ
687 1154 997 1225 ἐννοοῦμεν,
1041 1156 1123 1208 ὃτι
1176 1153 1335 1208 τοῦτο
1389 1155 1522 1207 αὐτὸ
1544 1153 1646 1224 τῆς
1680 1155 1837 1225 μεγί-

149 1258 282 1311 στης
306 1242 667 1313 δυσπραγίας
699 1242 867 1295 ἐστίν·
896 1241 1014 1295 ἀλλ’
1040 1243 1162 1309 ὑπὸ
1216 1242 1486 1297 τοσούτων
1531 1242 1837 1312 κυκλούμε-

148 1348 227 1382 νοι
253 1330 542 1399 πολέμων,
574 1328 649 1394 ὡς
690 1330 749 1382 ἐν
779 1331 973 1403 εἰρήνῃ
1000 1330 1320 1401 τρυφῶμεν.
1354 1329 1687 1383 Πιστεύσατέ
1724 1347 1836 1403 μοι,

151 1410 221 1469 ὧν
245 1414 474 1479 Παῦλος
501 1415 671 1469 ἔπαθε
696 1415 1055 1489 χαλεπώτερα
1080 1416 1195 1471 ἔστι
1229 1416 1423 1470 παθεῖν
1473 1414 1588 1470 νῦν.
1636 1416 1836 1469 Ἐϐαλ-

154 1504 241 1557 λον
271 1504 452 1557 αὐτὸν
480 1503 603 1556 τότε
650 1503 819 1567 λίθοις
858 1506 1082 1561 ἐκείνοι*
1138 1504 1251 1558 ἐστι
1284 1506 1491 1576 ῥήμασι
1550 1503 1839 1574 βάλλεσθαι

154 1594 245 1644 καὶ
308 1590 413 1645 νῦν
487 1590 653 1644 λίθων
726 1591 1145 1663 χαλεπωτέροις.
1210 1591 1275 1645 Τί
1335 1587 1429 1646 οῦν
1486 1592 1569 1645 δεῖ
1622 1594 1836 1657 ποιεῖν;

158 1683 333 1750 Ὅπερ
370 1681 582 1744 ἐκεῖνος
610 1680 871 1749 ἐποίησεο
895 1682 1022 1745 τοὺς
1076 1680 1365 1750 βάλλοντας
1416 1680 1526 1752 γὰρ
1583 1681 1684 1734 οὐκ
1720 1679 1841 1750 ἐμί-

159 1785 344 1838 σησεν,
380 1766 524 1821 ἀλλά
580 1768 858 1839 συράντων
909 1769 1072 1823 αὐτὸν
1118 1768 1337 1837 εἰσῆλθε
1385 1769 1548 1823 πάλιν
1600 1771 1679 1831 είς
1740 1768 1840 1840 τὴν

162 1857 332 1921 πόλιν,
360 1856 749 1927 εὐεργετήσων
776 1857 906 1920 τοὺς
959 1856 1029 1911 τά
1077 1856 1300 1911 τοιαῦτα
1354 1857 1703 1927 ἠδικηκότας.
1743 1857 1840 1910 Ἂν

161 1944 395 2015 ἐνέγκῃς
431 1944 529 1997 καὶ
592 1942 657 1997 σὺ
694 1943 787 1996 τὸν
831 1943 1093 2015 ὑϐριστὴν
1125 1945 1215 1998 τὸν
1244 1946 1474 2015 τραχὺν,
1516 1946 1607 1998 τὸν
1640 1944 1841 2007 ἀδίκως

162 2018 217 2102 σε
239 2033 631 2103 ἐργασάμενον
654 2030 849 2096 ταῦτα,
887 2032 1176 2103 ἐλιθάσθης
1200 2034 1293 2087 καὶ
1319 2033 1405 2087 σύ.
1453 2034 1543 2104 Μὴ
1598 2033 1707 2105 γὰρ
1758 2033 1839 2086 εῖ-

161 2136 286 2191 πῃς,
310 2123 401 2174 ὅτι
428 2120 599 2174 Οὐδὲν
621 2120 880 2192 ἠδίκησα.
909 2121 973 2173 Τί
1018 2120 1127 2193 γὰρ
1177 2121 1389 2186 Παῦλος
1439 2122 1695 2193 ἠδίκησεν
1753 2122 1841 2175 ἵνα

160 2209 431 2279 λιθασθῇς
488 2208 777 2263 Βασιλείαν
820 2211 1181 2280 κατήγγελλε,
1228 2210 1437 2281 πλάνης
1489 2211 1705 2282 ἀπῆγε,
1762 2210 1841 2280 τῷ

158 2296 274 2366 Θεῷ
329 2295 615 2368 προσῆγε·
663 2295 839 2351 ταῦτα
887 2298 1165 2365 στεφάνων
1203 2297 1351 2364 ἄξια,
1408 2297 1581 2352 ταῦτα
1632 2298 1841 2366 ἀνακη-

162 2384 393 2454 ρύξεως,
438 2383 615 2437 ταῦτα
664 2384 875 2455 μυρίων
928 2385 1169 2454 ἀγαθῶν,
1210 2385 1271 2439 οὐ
1318 2385 1481 2439 λίθων
1511 2401 1525 2417 '
1553 2384 1668 2438 ἀλλ’
1694 2385 1842 2455 ὅμως

162 2473 428 2527 τάναντία
459 2472 720 2543 ἔπασχεν.
753 2470 901 2545 Αῦτη
931 2472 1093 2544 γάρὴ
1120 2473 1346 2545 λαμπρά
1369 2474 1515 2545 νίκη.
1552 2473 1664 2527 Καὶ
1700 2472 1844 2527 ἐσυ-

158 2577 269 2627 ραν
304 2559 524 2624 αὐτὸν,
560 2559 713 2629 φησί.
737 2559 845 2612 Καί
868 2577 927 2613 σε
950 2560 1210 2625 πολλάκις
1256 2560 1530 2633 σύρουσιψ
1598 2560 1735 2615 ἀλλά
1765 2560 1841 2631 μὴ

162 2649 451 2719 ὀργισθῇς,
484 2647 618 2701 ἀλλά
643 2648 879 2718 κήρυξον
914 2648 1005 2701 τὸν
1037 2648 1194 2716 λόγον
1238 2648 1326 2702 διὰ
1370 2651 1471 2720 τῆς
1523 2648 1840 2711 ἐπιεικείας.

163 2738 404 2810 ’Υϐρισέ
460 2754 554 2800 σει
607 2737 986 2807 Σίγησον,καὶ
1045 2736 1340 2809 εὐλόγησον
1372 2739 1421 2791 εἰ
1472 2737 1717 2800 δύνασαι,
1747 2739 1843 2792 κα)⁸

163 2827 333 2890 οὓτως
372 2824 653 2897 ἐκήρυξας
707 2827 803 2881 καί⁷
848 2826 913 2878 σὺ
955 2826 1046 2879 τὸν
1073 2827 1251 2894 λόγον,
1306 2827 1630 2892 ἐπαίδευσας
1674 2829 1845 2887 ἐπιεί-

165 2931 341 2976 κειαν,
378 2914 711 2973 ἐπαίδευσας
732 2914 1036 2985 πραότητα.
1095 2911 1227 2969 Οἶδα
1278 2915 1505 2980 πολλοὺς
1551 2917 1649 2987 οὐχ
1701 2917 1843 2971 οῦτω

164 3003 485 3074 τραύμασιν
528 3001 848 3075 ἀλγοῦντας,
901 3002 978 3066 ὡς
1037 3002 1220 3074 πληγῇ
1277 3006 1343 3074 τῇ
1410 3004 1499 3059 διὰ
1544 3006 1839 3077 ῥημάτωνο

164 3090 321 3144 τοῦτο
356 3088 460 3160 μὲν
501 3089 611 3159 γὰρ
652 3089 712 3142 τὸ
745 3088 967 3160 τραῦμα
1005 3088 1068 3142 τὸ
1124 3090 1283 3160 σῶμα
1310 3091 1544 3162 δέχεται,
1571 3094 1748 3147 ἐκεῖνο
1787 3093 1845 3148 δὲ

167 3180 200 3247 ἡ
231 3177 407 3249 ψυχή.
456 3176 617 3229 Ἀλλά
653 3176 727 3247 μὴ
752 3177 1102 3250 ἀλγήσωμεν,
1146 3177 1347 3248 μᾶλλον
1402 3177 1457 3232 δὲ
1510 3180 1845 3249 ἀλγήσαντες

166 3267 506 3335 ἐνέγκωμεν.
532 3264 644 3334 Οὐχ
670 3266 833 3334 ὀρᾶτε
850 3265 976 3329 τοὺς
998 3265 1390 3330 πυκτεύοντας,
1417 3266 1467 3319 οἳ
1486 3266 1637 3340 [245]
1667 3268 1845 3322 διατε-

167 3352 439 3424 τρωμένοι
474 3352 572 3416 τὰς
602 3352 862 3420 κεφαλὰς,
885 3355 1012 3416 τοὺς
1040 3352 1260 3419 ὀδόντας
1294 3354 1606 3419 ἐνδακόντες
1624 3398 1638 3421 ,
1673 3355 1847 3423 οὕτως

170 3442 393 3513 ἡμέρως
423 3440 654 3511 φέρουσι
685 3440 785 3504 τὰς
814 3440 1111 3511 ἀλγηδόνας
1122 3458 1142 3507 ;
1180 3441 1443 3497 Ἐνταῦθα
1490 3444 1546 3497 δέ
1596 3445 1657 3498 οὐ
1688 3446 1849 3518 χρεία

175 3532 369 3603 βρύξαι
402 3531 531 3594 τοὺς
594 3530 833 3594 ὀδόντας,
863 3530 923 3582 οὐ
974 3531 1133 3600 χρεία
1192 3531 1393 3586 δακεῖν.
1448 3534 1849 3606 Ἀναμνήσθητι

173 3621 262 3673 τοῦ
292 3618 573 3673 Δεσπότου
605 3618 701 3672 τοῦ
734 3618 862 3683 σοῦ,
900 3619 994 3673 καὶ
1042 3620 1104 3672 τὸ
1139 3619 1429 3690 φάρμακον
1487 3621 1689 3687 εὐθέως
1729 3623 1851 3681 ἐπέ-

177 3709 350 3777 θηκας
393 3710 462 3777 τῇ
497 3708 686 3777 μνήμῃ
708 3725 722 3739 ο
758 3707 1134 3778 ἀναμνήσθητι
1168 3707 1381 3762 Παύλου
1404 3725 1419 3740 ⁸
1466 3711 1718 3781 ἐννόησον
1766 3712 1850 3765 ὅτι

180 3801 241 3851 σὺ
271 3799 538 3866 ἐνίκησας
566 3798 594 3848 ό
618 3796 1005 3867 πληττόμενος,
1041 3799 1246 3861 ἐκεῖνος
1274 3799 1329 3853 δέ
1354 3801 1581 3871 ἥττηται
1637 3803 1667 3854 6
1715 3802 1852 3872 πλή-

183 3886 293 3949 ξας,
322 3885 423 3938 καὶ
445 3887 505 3938 τὸ
529 3886 638 3937 πᾶν
668 3885 803 3938 ίάσω
830 3886 919 3938 διὰ
943 3885 1154 3940 τούτου.
1195 3888 1362 3959 Ῥοπή
1414 3891 1553 3953 ἐστι,
1602 3890 1677 3960 μὴ
1727 3908 1853 3943 συν-

184 3977 455 4045 αρπαγῇς,
492 3973 585 4026 καὶ
634 3973 695 4025 τὸ
743 3975 850 4027 πάν
908 3973 1279 4046 κατώρθωσας
1316 3975 1556 4039 εὐθέως.
1595 3976 1671 4048 μὴ
1702 3993 1854 4048 κινη-

185 4062 296 4131 θῇς,
324 4061 423 4113 καὶ
466 4059 530 4111 τὺ
578 4060 685 4112 πᾶν
725 4058 977 4124 ἔσϐεσας.
1008 4061 1236 4132 Μεγάλη
1282 4064 1603 4134 παραμυθία
1658 4064 1721 4118 τὸ
1763 4065 1853 4119 διά

184 4151 225 4203 Χ
233 4148 414 4219 ριστὸν
443 4164 500 4200 τι
524 4146 745 4200 παθεῖν·
776 4147 837 4200 οὐ
855 4147 1144 4217 κηρύττεις
1168 4148 1260 4203 τὸν
1287 4149 1444 4218 λόγον
1470 4148 1571 4221 τῆς
1596 4149 1850 4215 πίστεως,

187 4238 315 4289 ἀλλὰ
361 4233 657 4305 κηρύττεις
714 4233 803 4287 τόν
841 4234 996 4303 λόγον
1049 4234 1148 4305 τῆς
1187 4236 1522 4306 φιλοσοφίας.
1576 4236 1713 4291 Ἀλλ’
1742 4238 1853 4309 ὅσῳ

190 4325 251 4376 ἀν
280 4324 367 4394 ἴδῃ
388 4324 490 4395 τὴν
520 4322 846 4387 ἐπιείκειαν,
889 4323 1044 4394 φησὶ,
1092 4324 1332 4394 τοσούτῳ
1370 4325 1574 4397 μᾶλλον
1618 4325 1855 4380 ἐπιτίθε-

190 4429 289 4465 ται.
320 4410 421 4463 Διά
450 4408 610 4462 τοῦτο
634 4404 727 4463 οῦν
755 4408 961 4477 ἀλγεῖς,
989 4411 1070 4464 ὅτι
1095 4411 1295 4481 μᾶλλόν
1325 4428 1407 4466 σοι
1450 4412 1581 4477 τοὺς
1627 4412 1855 4483 μισθοὺς

190 4501 369 4566 αὐξεις
402 4496 547 4551 Ἀλλ’
574 4498 846 4569 ἄχρηστος
878 4498 1106 4566 γίνεται,
1130 4499 1283 4571 φησί.
1324 4499 1496 4554 Τοῦτο
1528 4501 1728 4572 σκῆψις
1753 4501 1855 4572 τῆς

195 4589 323 4651 ίδίας
355 4586 754 4657 μικροψυχίας
781 4587 984 4657 ἑτέρως
999 4587 1272 4658 ἄχρηστος
1304 4589 1534 4657 γίνεται,
1559 4589 1625 4644 ἂν
1645 4589 1850 4662 ἀμύνῃ.

193 4678 249 4729 εξ
290 4677 409 4747 ᾔδει
449 4676 480 4727 6
531 4674 686 4737 Θεὸς,
712 4675 795 4728 ὅτι
841 4674 927 4728 διά
969 4673 1064 4727 τοῦ
1118 4675 1193 4746 μὴ
1246 4676 1547 4745 ἀμύνεσθαι
1592 4677 1857 4750 ἄχρηστοι

192 4764 421 4830 ἐγίνοντο
448 4762 499 4814 οἱ
530 4760 725 4824 ἄδικοι,
764 4762 866 4815 οὐκ
897 4761 961 4815 ἂν
985 4761 1143 4815 τοῦτο
1172 4763 1431 4828 ἐπέταξεν
1452 4806 1468 4829 ,
1500 4765 1614 4817 ἀλλ’
1645 4764 1798 4819 εἶπεν
1828 4778 1853 4806 ι

196 4851 271 4913 ἂν,
304 4854 549 4921 ’Δμυνον
572 4848 789 4916 σαυτῷ’
816 4850 929 4903 ἀλλ’
964 4847 1101 4905 οἶδεν
1129 4853 1211 4905 ὅτι
1261 4851 1404 4906 οὕτω
1463 4854 1662 4923 μᾶλλον
1708 4854 1855 4923 ὠφε-

196 4958 328 4993 Αειτα
338 4958 375 4992 ι.

255 5027 345 5096 Μὴ
369 5023 775 5094 ἀντινομοθέτει
808 5022 884 5093 τῷ
910 5023 1031 5095 Θεῷ
1052 5042 1068 5057 ο
1099 5025 1293 5096 ἐκείνῳ
1323 5026 1534 5085 πείθου,
1567 5027 1681 5082 Οὐκ
1709 5022 1761 5079 εἷ
1789 5029 1853 5082 σὺ

197 5112 529 5182 ἁγαθώτερος
590 5110 683 5163 τοῦ
741 5113 1061 5181 ποιήσαντος
1090 5113 1255 5182 ἡμᾶς.
1287 5109 1484 5177 Εἶπεν,
1534 5114 1855 5184 ’Υϐριζόμε-

198 5218 277 5263 νος
310 5200 481 5271 φέρε·
548 5199 612 5251 σὺ
673 5197 872 5264 λέγεις.
918 5199 1269 5270 Ἀνθυϐρίζω,
1316 5203 1401 5255 ἵνα
1454 5203 1527 5272 μὴ
1583 5203 1856 5273 ἄχρηστος

200 5290 465 5359 γένηται⁴.
511 5288 586 5340 Σὺ
645 5283 739 5339 οὖν
778 5286 978 5356 μᾶλλον
1025 5287 1189 5341 αὐτοῦ
1243 5291 1585 5359 φροντίζεις;
1645 5290 1857 5353 Πάθους

202 5376 355 5428 ταῦτα
387 5376 482 5430 καὶ
503 5374 844 5445 τραχύτητος
897 5380 967 5429 τά
1027 5377 1247 5445 ῥήματα
1288 5378 1383 5431 καὶ
1415 5378 1729 5443 ἀλαζονείας
1764 5382 1858 5433 καὶ

201 5464 282 5515 τοῦ
316 5463 753 5534 άντινομοθετείν
776 5463 856 5533 τῷ
880 5463 1016 5532 Θεῷ.
1042 5465 1103 5517 El
1133 5466 1240 5536 γὰρ
1268 5469 1361 5519 καὶ
1384 5467 1703 5533 ἐϐλάπτετο,
1736 5471 1857 5540 οὐχὶ

202 5552 470 5605 πείθεσθαι
500 5553 697 5622 ἐχρῆνς
726 5552 892 5605 Ὅταν
920 5552 949 5603 ὀ
978 5550 1108 5615 Θεός
1138 5569 1191 5606 τι
1223 5556 1555 5627 προστάττῃ,
1591 5558 1666 5627 μὴ
1715 5558 1859 5611 ἀντι-

202 5642 567 5711 ωμοθετὼμεν
586 5643 769 5711 ἡμεῖς.
829 5641 1184 5708 Ἀπόκρισις,
1222 5643 1405 5713 φησὶν,
1432 5643 1858 5700 ὑποπίπτουσα

257 5842 283 5871 ⁸
305 5842 439 5891 Unus
461 5840 605 5890 τοῦτο
626 5843 866 5901 ἐποίησεν,
895 5845 997 5893 ἀλλ’
1025 5846 1169 5894 εἶπεν.

205 5908 403 5953 nionem
429 5904 651 5953 codicum
670 5908 967 5965 recepimus.
1002 5907 1130 5955 Enn.

557 5994 822 6051 Ριιτιιοι..
864 5987 979 6049 Gn.
1027 5988 1153 6049 LX.

1265 5851 1293 5883 ⁸
1317 5847 1482 5899 Montf.
1504 5850 1733 5911 γένωμαι.
1759 5850 1856 5900 Le-

1252 248 1321 307 IN
1358 250 1540 304 ACTA
1580 245 2111 325 Αροετυωιιωι.
2152 247 2387 307 Ηοδιιι..
2428 252 2620 309 XXXI.

3492 265 3600 321 232

1934 361 2296 433 ἀποστρέφει
2354 367 2553 436 ὀργάς.
2615 368 2758 441 ’Ἄρα
2807 369 2966 425 τοῦτο
3010 378 3155 428 ποιεί
3198 377 3601 450 ὐποπίπτουσα,

1933 450 2031 502 οὐκ
2061 451 2469 528 ἐναντιουμένη.
2506 457 2566 509 Et
2595 458 2655 510 σέ
2689 458 2908 526 ὠφελεῖ,
2933 462 3183 517 κάκεῖνον
3208 466 3436 536 ὠφελεῖο
3474 474 3522 526 εί
3547 475 3603 527 δέ

1938 537 2384 634 σεξ-θλάπτειᾼτὸν
2441 544 2702 634 μέλλοντα
2747 547 3090 618 διορθοῦσθαι
3140 554 3368 622 ἐκεῖνον,
3426 560 3606 634 πολλῷ

1933 625 2134 693 μᾶλλον
2172 629 2397 684 ἐκεῖνον.
2450 632 2646 699 Ἰατρέ,
2703 634 3079 703 θεράπευσον
3130 645 3412 699 σεαυτόν.
3472 625 3606 702 Εἷπε

1932 713 2121 801 κακῶς
2136 730 2154 801 7;
2220 716 2533 770 Ἐπαίνεσον
2587 720 2685 773 σύσ
2746 721 3118 796 ἐλοιδόρησεν;
3191 730 3603 801 Ἐγκωμίασον·

1931 797 2322 854 ἐπεϐούλευσεν
2346 819 2360 867 ;
2394 804 2767 876 Εὐεργέτησον
2788 826 2801 841 ο
2829 812 2943 874 τοῖς
2971 812 3236 877 ἐναντίοις
3263 797 3426 871 αὐτδν
3449 822 3607 891 ἀμεί-

1932 885 2048 948 ϐου,
2083 890 2135 980 εί
2155 890 2374 980 γεόλως
2402 892 2502 961 τῆς
2531 893 2739 948 ἐκείνου
2770 896 3043 969 σωτηρίας
3082 904 3352 973 προνοεῖς,
3382 885 3501 958 καὶ⁷
3529 910 3606 980 μὴ

1935 978 2133 1030 σαυτοῦ
2183 978 2244 1031 τὸ
2290 979 2461 1043 πάθος
2525 982 2757 1035 ἐκδικεῖν
2814 984 2956 1039 θέλε.
3007 988 3118 1042 Καὶ
3157 988 3265 1060 μὴν
3325 978 3605 1059 πολλάκις,

1934 1066 2118 1136 φησὶν,
2150 1066 2465 1131 ἀπολαύσας
2498 1070 2883 1141 μακροθυμίας
2914 1074 3112 1146 χείρων
3167 1077 3381 1147 γέγονε.
3435 1081 3608 1136 Τοῦτο

1931 1153 1992 1205 οὐ
2020 1152 2173 1223 παρά
2200 1154 2279 1217 σὲ,
2308 1155 2443 1209 ἀλλά
2477 1159 2605 1227 παρ’
2634 1158 2815 1211 αὐτόν.
2851 1159 3038 1215 Βούλει
3071 1164 3262 1234 μαθεῖν
3284 1161 3372 1221 οἷα
3404 1168 3608 1223 ἔπαθεν

1932 1243 1960 1293 6
1984 1239 2150 1307 Θεός;
2192 1242 2272 1295 Τά
2300 1242 2663 1315 θυσιαστήρια
2696 1245 2860 1299 αὐτοῦ
2884 1247 3261 1320 κατέσκαψαν,
3283 1254 3411 1317 τοὺς
3471 1272 3608 1327 προ-

1935 1329 2111 1398 φήτας
2154 1329 2505 1391 ἀπέκτειναν,
2558 1334 2652 1385 καὶ
2708 1334 2887 1388 πάντα
2932 1335 3147 1408 ἔφερεν.
3201 1340 3314 1394 Οὐκ
3379 1342 3608 1411 ἠδύνατο

1937 1416 2178 1489 σκηπτὸν
2202 1417 2408 1471 ἄνωθεν
2432 1424 2796 1488 καταγαγείνς
2837 1422 2976 1475 Ἀλλ’
3018 1424 3106 1477 ὅτε
3150 1427 3278 1490 τοὺς
3325 1432 3608 1501 προφήτας

1934 1505 2240 1570 ἀπέστειλε,
2272 1507 2367 1561 καὶ
2398 1508 2607 1561 ἀνεῖλον
2636 1510 2850 1575 αὐτοὺς,
2882 1511 3003 1565 τότε
3041 1514 3133 1567 τὸν
3163 1514 3291 1568 Υίὸν
3322 1508 3602 1587 ἔπεμψεν·

1934 1594 2024 1646 ὅτε
2050 1591 2270 1664 μείζονα
2296 1594 2592 1666 ἠσέϐησαν,
2617 1596 2737 1650 τότε
2771 1598 3034 1667 μειζόνως
3066 1601 3403 1673 εὐηργέτησε
3427 1621 3442 1669 ;
3496 1605 3608 1658 Καὶ

1936 1681 2001 1733 σὺ
2039 1680 2105 1735 ἂν
2138 1681 2252 1755 ἴδῃς
2274 1683 2689 1759 τραχυνόμενον,
2719 1686 2840 1738 τότε
2870 1688 3129 1757 μειζόνως
3156 1683 3298 1754 εἶξον
3319 1706 3333 1719 ·
3364 1690 3607 1761 μείζονος

1935 1768 2045 1837 γὰρ
2068 1770 2100 1839 ἡ
2129 1767 2293 1838 μανία
2319 1768 2456 1839 αῦτη
2477 1769 2645 1823 δεῖται
2675 1772 3050 1842 παραμυθίας,
3075 1775 3226 1846 Ὂσῳ
3257 1775 3324 1829 ἂν
3356 1777 3606 1849 χαλεπώ-

1935 1872 2068 1925 τερα
2099 1854 2311 1926 ὑϐρίζῃ,
2338 1857 2573 1927 τοσούτῳ
2601 1858 2843 1921 πλείονος
2874 1860 2901 1899 Ι)
2925 1863 3224 1928 ἐπιεικείας
3261 1859 3429 1917 δεῖται
3451 1881 3463 1893 ’
3510 1867 3605 1919 καὶ

1936 1943 2186 2014 καθάπερ
2208 1944 2439 2015 πυρετὸς
2471 1946 2598 1999 ὅταν
2626 1947 2855 2018 σφοδρὸν
2889 1948 3115 2022 πνεύσῃ,
3151 1951 3271 2004 τότε
3306 1952 3475 2005 δεῖται
3510 1952 3603 2006 τοῦ

1934 2032 2173 2095 εἴκοντος
2197 2047 2211 2060 ·
2240 2032 2380 2086 οὕτω
2410 2034 2501 2086 καὶ
2522 2036 2549 2087 6
2574 2033 2933 2105 θυμούμενος.
2966 2037 3039 2089 Τὸ
3098 2036 3284 2109 θηρίον
3336 2041 3465 2095 ὅταν
3500 2042 3605 2111 μά-

1935 2117 2093 2171 λιστα
2117 2118 2396 2189 ἀγριαίνῃ,
2418 2118 2540 2173 τότε
2570 2120 2846 2191 φεύγομεν
2879 2123 3117 2188 ἅπαντες
3138 2142 3149 2154 ·
3173 2126 3317 2179 οῦτω
3360 2128 3456 2181 καὶ
3510 2128 3606 2183 τὸν

1934 2205 2302 2276 ὀργιζόμενον.
2333 2206 2424 2277 Μὴ
2453 2206 2679 2280 νομίσῃς
2704 2210 2863 2263 τοῦτο
2888 2213 3052 2283 τιμὴν
3096 2209 3235 2266 εἴναι
3262 2231 3275 2243 ο
3331 2216 3454 2268 ἐπεὶ
3509 2219 3605 2271 καὶ

1936 2292 1998 2345 τὸ
2032 2291 2216 2363 θηρίον
2237 2292 2508 2363 τιμῶμεν,
2544 2295 2635 2347 καὶ
2664 2297 2790 2359 τοὺς
2836 2300 3199 2371 μαινομένους
3247 2301 3377 2370 γοῦν
3433 2305 3606 2373 τιμῶ-

1939 2397 2059 2451 μεν,
2093 2381 2222 2434 ὅταν
2246 2381 2616 2453 ἐκκλίνωμεν;
2649 2384 2942 2455 Οὐδαμῶς”
2974 2387 3165 2455 ἀτιμία
3193 2388 3353 2442 τοῦτό
3376 2393 3490 2442 ἐστι
3515 2392 3606 2444 καὶ

1938 2466 2094 2537 ῦϐρις
2121 2484 2135 2498 ο
2171 2466 2369 2538 μᾶλλον
2406 2469 2462 2523 δὲ
2494 2470 2593 2523 οὐκ
2644 2471 2836 2542 ἀτιμία
2868 2474 2962 2526 καὶ
2997 2474 3171 2545 ὕϐρις,
3200 2476 3313 2528 ἀλλ’
3341 2476 3485 2541 ἔλεος
3511 2478 3608 2531 καὶ

1937 2555 2336 2629 φιλανθρωπία.
2403 2557 2515 2629 Οὐχ
2560 2559 2692 2630 ὁρᾷς
2738 2560 2866 2623 τοὺς
2921 2560 3141 2628 ναύτας,
3194 2564 3321 2617 ὅταν
3379 2564 3607 2636 σφοδρὸν

1937 2643 2220 2717 ἐμπνεύσῃ
2249 2644 2309 2697 τὸ
2337 2644 2573 2716 πνεῦμα,
2594 2644 2742 2720 [246]
2764 2647 3161 2719 καθαιροῦντας
3181 2650 3249 2703 τὰ
3279 2651 3441 2709 ἱστία.
3465 2652 3606 2706 ὥστε

1942 2734 2017 2804 μὴ
2039 2732 2335 2787 καταδῦσαι
2351 2733 2411 2787 τὸ
2432 2733 2635 2804 σκάφος
2659 2751 2673 2796 ;
2700 2735 2824 2799 τοὺς
2840 2736 3036 2802 ἵππους
3065 2740 3194 2793 ὅταν
3221 2741 3609 2812 συναρπάσωσι

1937 2821 2029 2875 τὸν
2058 2822 2761 2897 ἐπιϐάτην,,συνενδιδόντα,
2794 2824 2889 2897 καὶ
2911 2824 2972 2878 οὐ
3000 2825 3351 2895 καθέλκοντα,
3389 2829 3475 2891 ἵνα
3530 2832 3608 2901 μὴ

1939 2909 2261 2980 αὐτομάτως
2290 2910 2503 2984 κενώσῃ
2535 2910 2631 2983 τὴν
2657 2910 2925 2984 δύναμιν;

2011 2998 2071 3051 δ’.
2096 2998 2264 3051 Τοῦτο
2278 2999 2451 3052 καὶσὺ
2476 3000 2719 3070 ποίησον.
2744 3000 2860 3072 Πῦρ
2883 3001 3030 3054 ἐστιν
3050 3000 3079 3053 6
3097 2999 3284 3072 θυμδς,
3304 3002 3435 3072 φλόξ
3459 3004 3610 3058 ἐστιν

1938 3085 2087 3151 ὀξεῖα
2114 3086 2340 3158 δεομένη
2376 3085 2507 3156 ῦλης
2529 3103 2543 3117 σ
2578 3086 2652 3157 μὴ
2681 3088 2971 3160 παράσχῃς
3000 3089 3102 3162 τὴν
3128 3089 3332 3161 τροφὴν
3350 3090 3428 3161 τῷ
3453 3092 3607 3165 πυρὶ,

1939 3175 2035 3229 καὶ
2077 3175 2283 3246 ταχέως
2336 3175 2563 3239 ἔσϐεσας
2607 3175 2666 3229 τὸ
2719 3175 2908 3229 κακόν.
2963 3177 3076 3230 Οὐκ
3107 3177 3219 3248 ἔχει
3253 3178 3383 3240 ,καθ’
3414 3179 3611 3257 ἑαυτὴν

1944 3262 2095 3335 ίσχὺν
2126 3264 2159 3334 ἡ
2185 3263 2345 3335 ὀργὴ,
2373 3262 2439 3317 ἂν
2476 3264 2551 3333 μὴ
2576 3263 2761 3334 ἕτερος
2781 3265 3041 3335 ότρέφων
3068 3265 3238 3335 αὐτὴν
3371 3268 3614 3338 Οὐδεμία

1944 3351 2026 3403 σοί
2052 3352 2199 3403 ἐστιν
2228 3350 2512 3419 ἀπολογία.
2558 3351 2794 3415 Ἐκεῖνος
2856 3352 3146 3421 κατέχεται
3191 3356 3257 3425 τῇ
3296 3356 3483 3428 μανίᾳ,
3519 3356 3612 3411 καὶ

1942 3439 2043 3493 οὐκ
2094 3434 2202 3491 οἶδε
2253 3439 2307 3492 τί
2350 3441 2526 3492 ποιεῖ·
2562 3440 2626 3492 σὺ
2655 3439 2874 3510 θεωρῶν
2902 3440 3084 3503 αὐτὸν,
3117 3442 3243 3495 ὃταν
3276 3446 3387 3508 τοῖς
3428 3432 3613 3508 αὐτοῖς

1944 3526 2267 3600 περιπέσῃς,
2312 3526 2406 3580 καὶ
2455 3526 2587 3597 μηδὲ
2642 3526 2701 3591 ἐξ
2755 3528 2963 3581 ἐκείνου
3018 3532 3424 3603 σωφρονισθῇς,
3483 3534 3613 3586 ποία

1945 3614 2277 3689 συγγνώμη;
2312 3614 2375 3667 El
2395 3615 2452 3667 ἐν
2478 3613 2763 3685 συμποσίῳ
2796 3632 2879 3678 τις
2903 3615 3195 3686 γενόμενος
3225 3618 3346 3671 τινά
3387 3621 3444 3671 ἐν
3485 3637 3614 3693 προ-

1945 3701 2129 3774 θύροις
2157 3700 2253 3754 ίδοι
2277 3700 2543 3770 μεθύοντα
2580 3701 2672 3754 καὶ
2701 3701 3134 3772 ἀσχημονοῦντα,
3174 3697 3291 3757 εἶτα
3328 3705 3422 3757 καὶ
3450 3694 3614 3769 αὐτὸς

1943 3792 2057 3853 τοῖς
2101 3788 2303 3859 ὁμοίοις
2357 3791 2650 3858 περιπέσῃ,
2707 3790 2768 3842 οὐ
2821 3790 3000 3860 πολλῷ
3052 3791 3250 3861 μᾶλλον
3271 3793 3390 3861 μετ’
3406 3794 3615 3846 ἐκεῖνον

1949 3876 2162 3948 μεθύων
2214 3875 2597 3942 ἀσύγγνωστος
2630 3876 2695 3928 ἂν
2744 3875 2865 3944 εἴης
2901 3876 3058 3930 Οὐτω
3098 3878 3189 3930 καὶ
3227 3878 3493 3932 ἐνταῦθα’
3536 3880 3613 3951 μὴ

1946 3964 2252 4034 νομίζωμεν
2295 3958 2433 4016 εἶναι
2466 3963 2761 4031 ἀπολογίαν
2802 3964 2863 4016 τὸ
2884 3964 3083 4032 λέγειν,
3118 3966 3200 4018 ὅτι
3223 3966 3337 4019 Οὐκ
3374 3965 3485 4034 ἐγὼ
3510 3984 3613 4020 κλ-

1945 4052 2118 4123 τῆρξα
2138 4068 2151 4080 ο
2175 4051 2333 4105 τοῦτο
2354 4051 2473 4105 καθ’
2506 4051 2665 4121 ἡμῶν
2688 4053 2856 4113 ἐστιν,
2889 4053 2972 4105 ὅτι
3003 4053 3136 4124 μηδὲ
3166 4056 3371 4107 ἐκεῖνον
3415 4054 3615 4120 ίδόντες

1947 4138 2427 4212 ἐσωφρονίσθημεν
2441 4156 2455 4169 ’
2489 4138 2677 4212 ὥσπερ
2697 4139 2767 4195 ἂν
2791 4140 2935 4217 είποι
2954 4157 3058 4204 τις,
3084 4142 3196 4197 Οὐκ
3216 4141 3328 4211 ἐγὼ
3349 4142 3617 4217 ἐφόνευσα

1949 4231 2187 4302 πρῶτος.
2222 4231 2320 4285 Διά
2339 4230 2449 4303 γὰρ
2469 4230 2628 4285 τοῦτο
2646 4231 2932 4294 ,κολάσεως
2960 4229 3010 4286 εί
3029 4232 3198 4300 ἄξιος,
3220 4233 3305 4288 ὅτι
3345 4233 3481 4307 μηδέ
3534 4235 3616 4299 εἰς

1946 4319 2008 4372 τὸ
2030 4317 2378 4389 παράδειγμα
2404 4319 2529 4372 ἰδὼν
2555 4319 2785 4393 ἐπέσχες
2815 4319 3029 4374 σαυτόν.

2020 4409 2082 4462 Et
2110 4408 2239 4471 ίδοις
2266 4407 2501 4479 ἐμοῦντα
2530 4406 2623 4463 τὸν
2659 4407 2947 4478 μεθύοντα,
3001 4406 3401 4479 διασπώμενον,
3465 4408 3618 4481 διαρι

1950 4495 2327 4567 ῥηγνύμενονν
2370 4496 2498 4559 τοὺς
2557 4494 2871 4567 ὀφθαλμοὺς
2920 4496 3112 4567 ἔχοντα
3178 4497 3615 4567 διατεταμένους,

1950 4582 2295 4654 ἀκαθαρσίας
2331 4582 2430 4654 τὴν
2488 4582 2770 4656 τράπεζαν
2817 4583 3148 4655 πληροῦντα,
3204 4584 3411 4647 πάντας
3453 4584 3619 4636 αὐτὸν

1948 4671 2379 4742 ἀποφεύγοντας,
2399 4666 2519 4725 εἶτα
2546 4674 2659 4737 τοῖς
2687 4672 2872 4735 αὐτοῖς
2906 4672 3231 4742 περιπέσῃς,
3257 4670 3379 4740 οὐχὶ
3412 4670 3619 4742 μᾶλλον

1951 4759 2046 4831 έσῃ
2080 4760 2344 4833 μισητόςς
2374 4758 2627 4822 Τοιοῦτός
2659 4763 2774 4813 ἐστι
2813 4761 2905 4812 καὶ
2964 4762 2993 4812 6
3048 4758 3420 4829 ὀργιζόμενος·
3480 4758 3619 4829 μᾱλ-
3672 4812 3679 4823 ,

1949 4846 2042 4900 λον
2102 4846 2195 4900 τοῦ
2248 4847 2505 4917 ἐμοῦντος
2557 4848 2811 4901 διατείνει
2866 4845 2965 4909 τὰς
3025 4836 3247 4916 φλέϐας,
3296 4849 3461 4918 πυροί
3492 4848 3620 4913 τοὺς

1951 4935 2286 5006 ὀφθαλμοὺς,
2319 4936 2615 4988 διασπᾶται
2660 4935 2728 4988 τά
2775 4933 3079 5004 σπλάγχνα.
3117 4934 3243 5004 ἐμεϊ
3292 4933 3473 5005 πολλῷ
3518 4937 3622 5008 ῥή-

1955 5040 2102 5095 ματα
2126 5023 2227 5093 τῆς
2260 5024 2467 5094 τροφῆς
2518 5022 2730 5092 ἐκείνης
2790 5020 3219 5094 ἀκαθαρτότερα.
3271 5022 3621 5094 ἀδιαμάσητα

1952 5112 2129 5166 πάντα
2160 5112 2483 5181 φθέγγεται,
2514 5111 2667 5164 οὐδὲν
2703 5110 3168 5181 κατειργασμένον
3204 5110 3284 5182 (οὐ
3313 5111 3421 5181 γὰρ
3452 5112 3620 5181 ἀφίη-

1956 5220 2039 5255 σιν
2070 5202 2098 5254 ὀ
2130 5200 2322 5271 θυμός)
2344 5216 2358 5231 ο
2386 5199 2500 5253 ἀλλ’
2528 5197 2717 5269 ὥσπερ
2756 5198 2871 5251 ἐκεῖ
2926 5199 3187 5263 πολλάκις
3242 5201 3478 5272 ἀμετρία
3525 5218 3622 5271 χυο

1955 5289 2071 5361 μῶν
2122 5288 2512 5358 διενοχλήσασα
2584 5286 2674 5339 τὸν
2731 5287 3017 5359 στόμαχον,
3069 5289 3246 5342 πάντα
3318 5288 3618 5342 ἐκένωσενο

1951 5379 2093 5432 ούτω
2150 5380 2242 5431 καὶ
2286 5376 2519 5430 ἐνταῦθα
2570 5378 2808 5450 ἀμετρία
2861 5376 3195 5453 θερμότητος
3232 5378 3623 5449 διενοχλήσασα

1953 5472 2050 5539 τὴν
2083 5468 2279 5538 ψυχὴν,
2336 5467 2436 5519 οὐκ
2480 5465 2672 5537 ἀφίησι
2722 5467 2934 5536 στέγειν
2980 5468 3016 5522 ἃ
3072 5471 3230 5541 σιγᾷν
3259 5468 3441 5531 καλὸν,
3481 5467 3621 5522 ἀλλά

1955 5556 2096 5629 ρητά
2118 5558 2210 5609 καὶ
2244 5557 2457 5628 ἄρρητα
2488 5554 2656 5625 λέγει,
2686 5557 2805 5628 οὐχὶ
2833 5559 2957 5620 τοὺς
2983 5556 3300 5631 ἀκούοντας,
3344 5555 3457 5608 ἀλλ’
3488 5556 3619 5608 ἐαυ-

1953 5645 2045 5697 τὸν
2079 5641 2370 5712 αἰσχύνων.
2403 5644 2614 5716 ’Ὠσπερ
2647 5638 2739 5696 οῦν
2777 5642 2885 5698 ἀπὸ
2930 5642 3039 5696 τῶν
3103 5639 3380 5715 ἐμούντων
3421 5639 3621 5710 φεύγο-

1958 5750 2078 5804 μεν,
2110 5732 2253 5786 οῦτω
2281 5731 2374 5785 καὶ
2405 5731 2513 5785 ἀπὸ
2580 5731 2687 5786 τῶν
2742 5730 3130 5803 ὀργιζομένων.
3185 5730 3250 5784 Τί
3300 5729 3620 5795 ποιοῦντες;

2024 5914 2044 5942 ⁸
2074 5910 2214 5962 Alius
2242 5912 2475 5972 μειζόνως.

3091 5988 3164 6047 15
