4100 6354
520 326 626 383 9.35

524 440 686 493 Κόνιν
711 438 1055 508 ἐπιϐάλωμεν
1070 435 1248 490 αὑτῶν
1269 434 1347 504 τῷ
1367 433 1563 503 ἐμέτῳ,
1590 431 1850 500 σιγῶντες
1872 432 1997 493 τοὺς
2020 431 2188 493 κύνας

520 527 793 597 καλῶμεν,
828 525 968 579 ῶστε
1006 525 1145 579 αὑτά
1171 524 1507 590 καταφαγεῖν
1526 522 1593 573 τά
1620 519 1908 590 ἐμεθέντα.
1941 514 2073 572 Οἶδα
2106 518 2188 571 ὅτι

519 616 772 669 ναυτιᾶτε
794 614 1081 676 ἀκούοντες
1103 629 1115 641 ·
1142 611 1256 665 ἀλλ’
1287 611 1417 662 ὅταν
1470 610 1633 679 ὁρᾶτε
1682 606 1857 660 ταῦτα
1900 608 2186 676 γινόμενα,

520 701 781 774 βούλομαι
803 702 959 755 τοῦτο
989 700 1180 754 παθεῖν
1210 699 1376 767 ὑμᾶς,
1404 696 1537 750 ἀλλά
1566 695 1639 765 μὴ
1663 694 1887 765 ἥδεσθαι
1908 694 1985 764 τῷ
2047 693 2188 763 πρά-

519 805 711 858 γματι.
753 786 1211 858 Ἀκαθαρτότερος
1241 786 1268 837 6
1306 783 1570 853 ὑϐριστὴς
1607 781 1702 835 τοῦ
1735 782 1897 846 κυνὸς
1932 780 2025 834 τοῦ
2065 782 2187 833 ἐπι-

522 878 843 948 στρέφοντος
875 876 967 927 ἐπὶ¹
998 874 1089 926 τὸν
1128 870 1324 925 ἐαυτοῦ
1351 884 1376 910 ει
1409 870 1623 940 ἔμετον.
1659 871 1720 922 El
1753 868 1852 940 μὲν
1877 869 1987 939 γάρ
2041 866 2188 932 ἅπαξ

514 965 724 1032 -ὲμέσας
752 962 1002 1025 ἐπαύετο,
1026 962 1126 1014 οὑκ
1154 955 1224 1030 ἦν
1254 959 1375 1011 κατ’
1422 959 1662 1011 ἐκεῖνον·
1706 958 1754 1008 εί
1800 956 1856 1009 δὲ
1907 956 2067 1009 πάλιν
2117 956 2188 1009 τὰ

510 1051 656 1104 αὑτά
691 1052 832 1120 ἐμεῐ,
871 1049 1030 1118 δῆλον
1054 1048 1137 1101 δτι
1162 1047 1231 1100 τὰ
1262 1047 1402 1100 αὑτά
1428 1044 1635 1114 φαγών.
1669 1044 1733 1096 Τί
1764 1040 1856 1097 οὖν
1900 1042 2186 1113 βδελυκτὸο

518 1154 675 1209 τερον
704 1135 799 1189 τοῦ
829 1136 1110 1199 τοιούτους
1145 1133 1198 1187 τί
1248 1134 1305 1186 δὲ
1349 1131 1785 1203 ἀκαθαρτότερον
1834 1131 2044 1184 ἐκείνου
2091 1130 2184 1183 τοῦ

519 1225 803 1295 στόματος,
839 1226 932 1276 τοῦ
962 1222 1215 1285 τοιαύτας
1245 1222 1664 1291 διαμασωμένου
1697 1218 1937 1289 τροφάς;
2008 1220 2185 1272 καίτοι

516 1330 578 1381 γε
611 1312 767 1366 τοῦτο
797 1313 1011 1382 φύσεως
1042 1311 1205 1382 ἔργον
1238 1312 1408 1372 ἐστὶν,
1444 1311 1620 1361 ἐκεῖνο
1678 1308 1736 1361 δὲ
1788 1308 1907 1378 οὑχί
1928 1323 1939 1334 ·
1986 1307 2186 1377 μᾶλλον

513 1401 569 1454 δὲ
595 1399 870 1455 καὶτοῦτο
900 1400 1052 1471 παρὰ
1087 1400 1248 1469 φύσιν
1288 1400 1527 1451 κάκεῖνο.
1559 1396 1711 1462 Πῶς;
1752 1396 1825 1448 Οὑ
1877 1396 1985 1466 γὰρ
2044 1394 2185 1448 κατά

514 1488 677 1557 φύσιν
707 1488 769 1542 τὸ
802 1488 1046 1561 ὑϐρίζειν
1076 1487 1224 1555 εἰκῆ,
1262 1485 1398 1539 ἀλλά
1431 1483 1582 1555 παρὰ
1613 1482 1807 1553 φύσιν*
1858 1484 2008 1536 οὐδὲν
2056 1483 2185 1551 γοῦν

512 1578 589 1641 ὼς
643 1578 928 1651 ἄνθρωπος
968 1578 1289 1647 φθέγγεται,
1353 1574 1488 1627 ἀλλὰ
1530 1572 1600 1625 τά
1640 1572 1738 1643 μὲν
1770 1572 1845 1635 ὡς
1873 1570 2079 1643 θηρίον,
2114 1572 2185 1625 τά

508 1665 569 1719 δὲ
592 1665 669 1729 ὼς
694 1666 1041 1737 μαινόμενος.
1074 1664 1285 1734 Ὥσπερ
1325 1658 1418 1715 οὖν
1470 1662 1503 1733 ή
1553 1659 1662 1714 τῶν
1713 1659 1982 1730 σωμάτων
2029 1659 2184 1722 νόσος

509 1755 665 1823 παρά
700 1754 883 1823 φύσιν,
916 1754 1056 1807 οὕτω
1087 1754 1181 1806 καὶ
1213 1751 1390 1806 τοῦτο.
1416 1751 1529 1805 Καὶ
1550 1750 1634 1803 ὅτι
1658 1747 1809 1821 παρὰ
1837 1746 1996 1817 φύσιν
2017 1748 2185 1809 ἐστὶν,

509 1843 562 1895 εί
586 1843 891 1915 ἐγχρονίσει
915 1843 971 1894 ἐν
996 1841 1162 1912 αὑτῷ,
1197 1840 1480 1895 ἀπολεῖται
1513 1838 1655 1893 κατὰ
1681 1836 1876 1909 μικρὸν
1898 1853 1913 1868 ο
1936 1838 1994 1890 ἐν
2024 1836 2081 1889 δέ
2111 1836 2187 1906 τῷ

518 1929 659 1983 κατά
684 1930 844 1998 φύσιν
875 1929 1218 2000 ἐγχρονίζων,
1234 1928 1334 1981 οὑκ
1357 1927 1658 1980 ἀπολεῖται.
1675 1923 1826 1996 [247]
1843 1924 2093 1995 Ἐλοίμην
2119 1923 2186 1977 ἂν

512 2017 782 2089 ἀνθρώπῳ
818 2017 1074 2090 βόρϐορον
1096 2016 1396 2087 σιτουμένῳ
1432 2014 1757 2084 κοινωνῆσαι
1792 2013 2089 2084 τραπέζης,
2151 2012 2185 2083 ἣ

514 2107 870 2177 φθεγγομένῳ
892 2105 1138 2159 τοιαῦτα.
1171 2105 1282 2174 Οὐχ
1327 2106 1489 2175 ὁρᾶτε
1540 2103 1667 2166 τοὺς
1716 2102 1934 2174 χοίρους
1984 2101 2187 2172 κόπρον

507 2194 993 2265 διαμασωμένους;
1022 2192 1180 2246 Οὕτω
1210 2194 1304 2245 καὶ
1352 2186 1517 2245 οὕτοι.
1547 2191 1613 2243 Τί
1647 2192 1757 2261 γάρ
1794 2189 2186 2260 δυσωδέστερον

511 2283 620 2335 τῶν
652 2285 912 2354 ῥημάτων
942 2275 1017 2337 ῶν
1042 2282 1091 2336 οἱ
1126 2280 1383 2352 ὑϐρισταὶ
1416 2278 1747 2348 φθέγγονται
1770 2294 1784 2341 ;
1806 2277 2017 2346 Σπουδὴ
2064 2275 2188 2329 τού-

510 2386 623 2433 τοις
646 2372 761 2423 ἐστὶ⁵
784 2372 950 2443 μηδὲν
980 2372 1154 2424 εἰπεῖν
1184 2369 1354 2439 ὑγιὲς,
1401 2367 1569 2439 μηδὲν
1599 2366 1863 2437 καθαρὸν,
1899 2365 2017 2418 ἀλλ’
2052 2367 2105 2417 εί
2132 2381 2186 2418 τι

504 2458 755 2530 αἰσχρὸν,
780 2458 832 2511 εἰ
850 2476 903 2510 τι
933 2457 1206 2527 ἄσχημον,
1239 2455 1398 2509 τοῦτο
1421 2456 1513 2508 καὶ
1536 2455 1761 2524 ποιῆσαι
1798 2456 1894 2507 καὶ
1951 2452 2187 2524 φθέγξα-

514 2545 639 2600 σθαι
669 2562 684 2577 ⁶
738 2546 834 2600 καὶ
889 2545 950 2597 τὸ
1001 2546 1064 2616 δὴ
1120 2543 1518 2614 χαλεπώτερον,
1568 2542 1650 2595 ὅτι
1700 2542 1927 2603 ἑαυτοὺς
1986 2540 2187 2611 μᾶλλον

507 2633 882 2705 αἰσχύνοντες,
921 2631 1137 2703 ἐτέρους
1159 2630 1436 2701 αἰσχύνειν
1470 2630 1696 2683 οἴονται.
1741 2628 1865 2680 Ὀτι
1905 2626 2011 2698 γάρ
2058 2629 2187 2681 ἐαυ-

512 2724 638 2785 τοὺς
669 2719 1005 2791 αἰσχύνουσι,
1039 2718 1195 2790 δῆλον
1218 2718 1447 2771 ἐκεῖθεν.
1470 2718 1561 2785 Μὴ
1594 2715 1704 2787 γάρ
1744 2732 1836 2785 μοι
1860 2716 1985 2779 τοὺς
2012 2714 2186 2785 ψευδῆ

492 2808 772 2877 ’λέγοντας
798 2809 980 2879 εἴπης,
1015 2804 1149 2859 άλλά
1172 2804 1309 2858 ἐστω
1343 2822 1426 2868 τις
1451 2804 1624 2877 πόρνη
1655 2803 1979 2874 περιφανὴς,
2010 2803 2043 2873 ἢ
2095 2803 2187 2856 καὶ

508 2895 621 2949 ἀπὸ
641 2895 739 2965 τῆς
762 2893 966 2965 σκηνῆς
984 2892 1194 2963 ἕτερος,
1230 2892 1324 2945 καὶ
1353 2891 1575 2945 ποιείτω
1608 2892 1747 2961 μετά
1771 2907 1916 2953 τινος
1970 2890 2149 2961 μάχην
2168 2908 2183 2923 ·

513 2973 631 3032 εἶτα
678 2981 887 3042 ἐκεῖνος
939 2978 1088 3046 αὑτῷ
1131 2977 1305 3032 ταῦτα
1348 2977 1691 3050 προφερέτω,
1742 2977 1993 3041 κάκεῖνος
2022 2976 2185 3031 πάλιν

505 3066 748 3138 ὁμοίωςο
793 3068 875 3130 τίς
926 3065 1123 3138 μᾶλλόν
1176 3067 1323 3120 ἐστιν
1366 3068 1394 3120 6
1435 3066 1713 3137 ὑϐρισθεὶς
1761 3068 1875 3129 τοῖς
1905 3065 2182 3136 ρήμασιν;

524 3154 761 3219 Ἐκεῖνος
799 3154 898 3225 μέν
929 3156 1037 3227 γὰρ
1072 3154 1217 3226 άπερ
1242 3150 1392 3227 εἶχεν
1423 3155 1675 3226 ἤκουσεν,
1714 3148 1868 3218 οὕτος
1911 3154 1992 3219 δέ,
2042 3154 2187 3224 άπερ

512 3241 612 3295 οὑκ
657 3239 841 3313 εἶχενο
887 3242 1028 3296 ὥστε
1061 3244 1255 3315 ἐκείνῳ
1304 3246 1403 3315 μέν
1446 3243 1598 3297 οὐδὲν
1649 3243 1810 3297 πλέον
1857 3243 2081 3313 γέγονεν
2106 3245 2187 3308 είς

511 3329 774 3401 αἰσχύνης
825 3328 1003 3398 λόγον,
1044 3329 1221 3400 τούτῳ
1265 3331 1322 3384 δὲ
1366 3330 1534 3402 πολλὴ
1580 3331 1678 3402 τῆς
1724 3330 2111 3403 ἀσχημοσύνης
2149 3334 2182 3403 ἡ

508 3416 817 3488 προσθήκη.
878 3417 1016 3471 Ἀλλ’
1044 3418 1182 3471 ἔστω
1228 3420 1351 3473 τινὰ
1390 3420 1552 3474 πάλιν
1596 3419 1931 3491 εἰργασμένα
1968 3420 1997 3461 ιι
2041 3422 2186 3491 πρά-

508 3520 717 3574 γματα,
740 3504 832 3556 καὶ
867 3504 1025 3575 μόνος
1045 3507 1074 3558 6
1101 3504 1341 3575 ὑϐρίζων
1367 3507 1504 3560 αὑτά
1554 3507 1890 3575 γινωσκέτω*
1926 3503 2045 3561 εἶτα
2074 3509 2180 3579 πρὸ

510 3589 700 3644 τούτου
730 3590 916 3660 σιγῶν,
946 3593 1345 3664 ἐκπομπευέτω
1372 3594 1467 3664 τὴν
1491 3593 1648 3665 ὕϐριν
1674 3611 1688 3625 ⁸
1718 3596 1809 3648 καὶ
1836 3594 2006 3660 οὕτως
2028 3589 2181 3659 οὕτος

511 3677 764 3751 ὕϐρισται
821 3680 1039 3750 μᾶλλον.
1103 3680 1267 3748 Πῶς;
1342 3682 1533 3754 Κήρυξ
1602 3682 1890 3754 γενόμενος
1957 3683 2179 3747 κακίας,

573 3845 598 3873 ⁸
627 3844 858 3896 Bdider'at
884 3846 1051 3895 Montf.
1094 3847 1201 3897 Ἐπὶ
1231 3848 1313 3897 τὸν
1339 3848 1537 3898 σαυτοῦ.
1562 3848 1781 3899 Lectioni
1814 3856 1995 3899 nostra:
2018 3848 2184 3900 favent.

510 3910 616 3955 tres
647 3922 784 3969 mss.,
832 3911 984 3960 Savil.
1025 3914 1080 3959 et
1118 3911 1245 3960 Bibl.
1273 3911 1409 3960 Enrr.
1479 3913 1504 3951 ιι
1531 3912 1671 3961 Alius
1708 3913 2028 3975 κεκρυμμένα.

1285 322 1343 376 S.
1383 319 1667 377 JOANNIS
1705 316 2192 375 CHRYSOSTOMI
2232 316 2559 373 ARCHIEP.
2600 314 3145 373 CONSTANTINUP.

3845 315 3945 373 eu

2292 430 2675 501 ἁσυνειδησίας
2706 431 2941 483 ἀπίστου
2970 428 3127 493 δόξαν
3149 428 3359 482 λαϐὼν
3398 430 3492 483 καὶ
3526 430 3733 494 πάντας
3758 433 3943 495 εὐθέως

2293 517 2657 582 ἐγκαλοῦντας
2684 517 2823 586 ὄψει,
2856 518 2953 570 καὶ
2993 514 3217 571 τοιαῦτα
3254 517 3531 588 πανταχοῦ
3585 518 3834 587 λέγοντας
3856 538 3870 553 ·
3899 526 3945 577 εἱ

2292 607 2401 676 γὰρ
2430 606 2493 677 δὴ
2523 606 2681 673 φόνον
2714 605 2951 676 συνῄδει,
2981 605 3138 675 φησὶ,
3168 604 3347 658 πάντα
3378 605 3613 659 κενῶσαι
3633 608 3828 678 ἐχρῆν·
3859 612 3945 663 καὶ

2292 693 2511 763 τὸνμὲν
2540 692 2617 755 ὡς
2642 693 2763 746 οὐδὲ
2791 692 3215 763 ἀνθρωπονδντα
3234 693 3665 764 ἀποστρέφονται
3683 735 3698 756 ,
3720 696 3945 766 μισοῦσι,

2292 780 2479 852 θηρίον
2505 776 2643 834 εἷναί
2673 798 2837 850 φασιν
2859 781 3009 851 ὠμὸν
3038 781 3133 834 καὶ⁵
3156 782 3363 851 ἀπηνές
3386 796 3400 809 ⁶
3456 780 3631 852 τούτῳ
3658 782 3716 836 δέ
3768 800 3946 853 συγγι-

2293 868 2561 921 νῶσκουσι
2586 868 2783 939 μᾶλλον
2811 870 2844 941 ἢ
2874 868 3084 936 ἐκείνῳ.
3113 868 3226 937 Οὑχ
3248 866 3389 920 οὕτω
3410 867 3520 938 γὰρ
3532 870 3657 933 τοὺς
3673 870 3949 941 τραύματα

2295 956 2519 1025 ἔχοντας
2548 957 2833 1027 μισοῦμεν,
2868 956 2944 1021 ῶς
2976 958 3101 1020 τοὺς
3124 956 3485 1009 ἐκκαλύπτειν
3514 957 3653 1011 αὐτά
3708 958 3950 1028 βιαζομέ-

2291 1062 2414 1109 νους
2443 1046 2537 1099 καὶ
2563 1046 2855 1100 δεικνύναι.
2884 1045 3041 1099 Οὕτω
3071 1046 3166 1099 καὶ
3188 1040 3344 1108 οὗτος
3372 1043 3597 1116 ὕϐρισεν
3617 1047 3716 1100 οὑκ
3753 1049 3950 1101 ἐκεῖνον

2295 1134 2474 1203 μόνον,
2520 1134 2656 1187 ἀλλά
2706 1134 2800 1187 καὶ
2844 1133 3034 1187 ἐαυτὸν
3088 1134 3181 1187 καὶ
3230 1133 3356 1196 τοὺς
3406 1134 3705 1197 ἀκούοντας
3740 1134 3831 1188 καὶ
3855 1136 3951 1205 τήν

2292 1221 2479 1291 κοινὴν
2523 1221 2684 1290 φύσιν
2744 1221 2852 1274 τῶν
2885 1219 3223 1291 ἀνθρώπων·
3284 1219 3484 1290 ἔπληξε
3528 1222 3619 1273 τὸν
3664 1224 3948 1293 ἀκροατὴν,

2290 1312 2444 1366 οῦδὲν
2475 1314 2680 1383 ἀγαθὸν
2709 1313 3024 1385 εἰργάσατο.
3060 1313 3158 1366 Διά
3188 1310 3346 1364 τοῦτό
3380 1328 3544 1382 φησιν
3574 1313 3819 1376 ὁΠαῦλος
3842 1329 3858 1343 ο
3880 1315 3949 1365 El

2290 1417 2381 1467 τις
2411 1401 2635 1471 ἀγαθὸς
2660 1403 2842 1471 λόγος
2872 1401 3022 1469 πρὸς
3043 1400 3391 1470 οἰκοδομὴν,
3420 1401 3519 1453 ἵνα
3536 1399 3620 1465 δῷ
3644 1400 3815 1470 χάριν
3827 1402 3949 1467 τοῖς

2290 1491 2642 1546 ἁκούουσιν.
2698 1490 2957 1561 Εὕφημον
3003 1489 3333 1561 κτησώμεθα
3368 1488 3639 1559 γλῶτταν,
3689 1491 3773 1543 ῖνα
3802 1484 3949 1560 ῶμεν

2291 1580 2529 1633 ποθεινοί
2561 1585 2653 1632 καὶ
2687 1578 2995 1650 ἐπέραστοι.
3039 1577 3198 1631 Ἀλλά
3225 1578 3333 1648 γὰρ
3375 1579 3456 1641 είς
3503 1576 3660 1630 τοῦτο
3718 1578 3949 1649 προῆλθε

2290 1669 2488 1733 κακίας
2514 1670 2747 1732 ἃπαντα,
2777 1668 2917 1721 ὥστε
2965 1668 3048 1737 ἐφ’
3078 1664 3158 1729 οἷς
3203 1666 3642 1735 ἐγκαλύπτεσθαι
3688 1666 3813 1729 ἔδει,
3860 1669 3949 1720 ἐπὶ

2288 1757 2496 1820 τούτοις
2550 1756 2775 1820 πολλοὺς
2824 1757 3075 1828 γαυριᾷν.
3125 1756 3193 1809 Ἀ
3232 1754 3384 1829 [248]
3419 1757 3527 1827 γὰρ
3560 1756 3869 1810 ἀπειλοῦσιν
3899 1759 3949 1810 οί

2288 1846 2473 1899 πολλοὶ
2496 1845 2722 1899 τοιαῦτά
2746 1848 2916 1899 ἐστιν’
2951 1845 3025 1898 Οὑ
3053 1843 3277 1897 δύναται
3308 1845 3553 1913 ἐνεγκεῖν
3581 1845 3682 1916 τὴν
3707 1845 3951 1913 γλῶσσάν

2290 1957 2391 2010 μου
2420 1980 2432 2002 ,
2469 1939 2623 2010 φησί.
2678 1938 2939 2002 Γυναικδς
2986 1937 3055 1991 τά
3090 1939 3348 2009 ῥήματα,
3397 1936 3567 2007 γραὸς
3615 1936 3948 2008 μεθυούσης,

2286 2026 2730 2100 ἀσχημονούσης,
2762 2025 2870 2079 τῶν
2893 2025 2981 2079 ἐπ’
3002 2027 3207 2097 ἀγορᾶς
3237 2025 3567 2095 συρομένων,
3608 2026 3946 2096 προαγωγοῦ.

2287 2114 2452 2167 υὺδέν
2468 2113 2816 2185 αἰσχρότερον
2835 2111 3162 2166 τούτων.τῶν
3181 2112 3462 2184 ῥημάτων,
3478 2111 3632 2165 οὑδέν
3646 2113 3949 2184 ἀνανδρότε-

2288 2221 2401 2273 ρον,
2457 2202 2609 2255 οὑδέν
2659 2199 3174 2270 γυναικωδέστερον,
3207 2200 3265 2252 ἐν
3302 2202 3368 2270 τῇ
3400 2199 3616 2273 γλώττῃ
3653 2202 3751 2272 τὴν
3802 2203 3949 2271 ίσχὺν

2285 2292 2450 2362 ἔχειν,
2496 2291 2589 2343 ἐπὶ
2638 2288 2717 2360 τῷ
2758 2289 3019 2360 λοιδορεῖν
3068 2288 3211 2360 μέγα
3262 2292 3500 2360 φρονεῖν,
3543 2290 3793 2362 καθάπερ
3820 2293 3870 2343 οί
3896 2294 3953 2345 ἐν

2287 2380 2553 2449 πομπαῖς,
2578 2377 2827 2448 καθάπερ
2853 2377 2903 2430 οί
2937 2378 3117 2448 μῖμοι,
3149 2377 3244 2430 καὶ
3282 2378 3594 2449 παράσιτοι,
3654 2378 3748 2431 καὶ
3796 2379 3954 2432 κόλα-

2286 2484 2397 2530 κες.
2432 2468 2615 2536 Χοῖροι
2664 2466 2864 2535 μᾶλλόν
2919 2467 3056 2518 είσιν
3098 2465 3132 2536 ἢ
3186 2464 3483 2536 ἄνθρωποι,
3513 2466 3628 2518 ὅσοι
3648 2466 3740 2519 ἐπὶ
3779 2467 3954 2538 τούτῳ

2287 2556 2662 2624 σεμνύνονται.
2688 2555 2819 2607 Δέον
2854 2553 3151 2623 κατορύξαι
3178 2553 3409 2618 σαυτὸν,
3458 2554 3577 2607 δέον
3624 2556 3674 2607 εί
3726 2555 3818 2608 καί
3868 2573 3955 2619 τις

2284 2643 2470 2715 ἐτερός
2496 2661 2578 2697 σοι
2608 2643 2781 2697 ταῦτα
2804 2642 3126 2715 ἐμαρτύρει,
3149 2641 3369 2712 φεύγειν
3389 2641 3488 2712 τὴν
3522 2643 3827 2714 μαρτυρίαν
3876 2644 3955 2709 ὼς

2287 2730 2510 2802 ἐχθρὰν,
2559 2732 2654 2784 καὶ
2712 2729 3004 2800 ἄνανδρον·
3037 2730 3101 2783 σὺ
3154 2729 3211 2783 δὲ
3256 2727 3432 2799 κήρυξ
3458 2728 3668 2800 ὕϐρεων
3695 2730 3951 2798 γέγονας.

2297 2819 2616 2872 Ἀλλ“οὑδὲν
2642 2819 2731 2873 τὸν
2766 2819 2954 2882 κακῶς
3012 2816 3281 2872 ἀκούοντα
3339 2816 3541 2887 βλάψαι
3582 2817 3805 2889 δυνήσῃ.
3864 2820 3955 2872 Διὸ

2284 2905 2608 2975 παρακαλῶ,
2644 2906 2997 2977 ἐννοήσαντες
3039 2906 3139 2976 ὅση
3192 2907 3226 2975 ἡ
3280 2904 3468 2969 κακία,
3499 2905 3581 2958 ὅτι
3627 2904 3720 2957 καὶ
3756 2906 3954 2973 ἐγκαυ-

2284 2992 2486 3064 χῶνται
2512 2992 2718 3057 πολλοὶ,
2743 2992 3131 3063 ἀνανήψωμεν,
3176 2990 3599 3065 διορθωσώμεθα
3642 2994 3769 3056 τοὺς
3811 2991 3954 3046 οὕτω

2290 3082 2679 3153 μαινομένους,
2754 3082 3032 3153 ἀνέλωμεν
3090 3082 3266 3137 ταῦτα
3329 3084 3393 3136 ἐκ
3456 3083 3556 3155 τῆς
3620 3082 3829 3147 πόλεως
3885 3084 3955 3137 τά

2288 3171 2560 3242 συνέδρια,
2617 3168 3049 3242 καλλωπίσωμεν
3092 3170 3250 3243 ἡμῶν
3300 3170 3401 3243 τὴν
3448 3170 3693 3239 γλῶτταν
3718 3210 3733 3236 ,
3774 3170 3957 3241 πάσης

2286 3259 2624 3330 κακηγορίας
2654 3269 2677 3298 ο
2737 3259 3177 3331 ἀπαλλάξωμεν,
3244 3260 3333 3315 ἵνα
3408 3260 3726 3333 δυνηθῶμεν
3784 3260 3960 3315 καθα-

2291 3346 2537 3419 ρεύοντες
2565 3346 2671 3399 τῶν
2701 3346 3138 3418 ἁμαρτημάτων,
3171 3350 3270 3421 τὴν
3320 3350 3527 3405 ἀνωθεν
3579 3348 3791 3403 εὕνοιαν
3840 3352 3959 3402 ἐπιο

2294 3436 2624 3499 σπάσασθαι,
2669 3436 2763 3489 κα.)⁸
2818 3435 2919 3505 τῆς
2986 3436 3136 3508 παρὰ
3194 3437 3287 3491 τοῦ
3350 3437 3485 3490 θεοῦ
3547 3437 3953 3508 φιλανθρωπίας

2287 3522 2607 3593 ἀξιωθῆναι,
2626 3522 2807 3594 χάριτι
2825 3522 2917 3575 καὶ
2939 3525 3243 3596 οἰκτιρμοῖς
3271 3524 3364 3577 τοῦ
3392 3524 3731 3593 Μονογενοῦς
3764 3524 3953 3589 αὑτοῦ,

2289 3611 2408 3683 μεθ’
2424 3607 2485 3665 οὕ
2510 3610 2590 3681 τῷ
2618 3612 2793 3683 Πατρὶ
2818 3611 2934 3682 ἅμα
2955 3611 3032 3684 τῷ
3060 3613 3201 3685 ἁγίῳ
3228 3613 3509 3684 Πνεύματι
3537 3614 3684 3679 δόξα,
3733 3616 3958 3687 κράτος.

2284 3698 2438 3768 τιμὴ,
2469 3698 2563 3753 νῦν
2608 3699 2703 3753 καὶ
2745 3700 2850 3765 ἀεὶ,
2899 3700 2995 3753 καὶ
3032 3701 3114 3765 είς
3168 3701 3295 3765 τοὺς
3329 3701 3531 3766 αίῶνας
3555 3702 3665 3756 τῶν
3720 3702 3962 3758 αἰώνων.

2304 3787 2356 3842 ’Δ
2364 3790 2490 3861 μήν.

2351 3913 2376 3942 ⁸
2420 3912 2505 3962 Sic
2548 3926 2665 3963 mss.
2700 3913 3154 3978 Εόὶίίκατηγορίας.

1992 4114 2243 4167 OMIAIA
2272 4114 2398 4170 AB’.

513 4205 901 4288 Acétpf60r_6‘é
919 4204 1067 4288 ἐκεῖ,
1102 4203 1278 4273 φησί,
1304 4207 1528 4288 χρόνον
1546 4208 1657 4260 οὐκ
1684 4206 1894 4288 ὀλίγον
1909 4224 1945 4288 ς

578 4276 887 4357 μαθηταῖς.
914 4276 1024 4331 Καί
1065 4292 1225 4341 τινες
1265 4276 1658 4362 κατελθόντες
1703 4277 1823 4332 ἀπὸ
1872 4276 1984 4346 τῆς
2031 4278 2186 4334 ἰου-

579 4348 773 4413 δαίας,
823 4346 1173 4417 εδίδασκονῌ
1201 4362 1344 4409 τους
1393 4346 1728 4417 ἀδελφοὺς,
1771 4346 1863 4417 ὅτι
1907 4347 2049 4402 Ἐὰν
2097 4347 2185 4417 μὴ

580 4366 773 4413 σαιας,
823 4366 1150 4424 εοιοασκρν
1201 4366 1344 4409 τους
1393 4366 1728 4415 αοελφους,
1771 4366 1863 4400 οτι
1913 4366 2049 4402 δαν

580 4416 1012 4542 ἴὲρξέμνησθε
1040 4432 1121 4480 τῳ
1144 4415 1265 4470 ἔθει
1305 4416 1625 4485 Μωυσέως,
1655 4419 1729 4473 οὐ
1758 4416 2024 4473 δύνασθε
2055 4432 2189 4472 σω-

621 4504 781 4553 ηναι.

580 4586 654 4643 α’.
674 4588 814 4656 ὐρα
836 4583 1113 4656 πανταχοῦ
1136 4583 1235 4655 τῆς
1256 4585 1333 4648 είς
1354 4582 1422 4637 τὰ
1442 4582 1567 4654 ἔθνη
1594 4584 1942 4655 μεταϐάσεως
1964 4599 1989 4627 ι
2016 4586 2186 4654 ἀναγ-

512 4675 674 4729 καίαν
701 4673 800 4745 τὴν
835 4671 1009 4744 ἀρχὴν
1055 4673 1148 4726 ἀπ’
1188 4672 1366 4726 αὑτῶν
1405 4672 1788 4744 εἰσαγομένην.
1828 4674 1944 4745 Πρὸ
1992 4674 2184 4728 τούτου

512 4760 913 4832 ἐγκαλούμενος
956 4760 1361 4830 ἀπελογήσατο,
1393 4761 1489 4815 καὶ
1513 4762 1570 4815 ἐν
1599 4760 1750 4826 τάξει
1784 4761 2083 4831 ἀπολογίας
2126 4762 2187 4814 τὸ

513 4851 621 4904 πᾶν
654 4844 807 4903 εἶπεν
827 4866 841 4879 ο
873 4850 1009 4919 ὅπερ
1032 4847 1431 4919 εὑπαράδεκτον
1455 4848 1546 4901 τὸν
1574 4848 1732 4916 λόγον
1758 4849 1961 4902 ἐποίει·
1996 4850 2186 4902 ἔπειτα

512 4936 621 4988 τῶν
684 4936 956 4989 Ἰουδαίων
1017 4935 1498 5005 ἀποστραφέντων,
1555 4933 1725 4999 οὕτως
1769 4930 1933 5005 ἦλθεν
1985 4938 2065 4997 είς
2118 4936 2185 4987 τά

514 5022 664 5092 ἔθνη.
709 5021 973 5075 Ἐνταῦθα
1003 5022 1167 5075 πάλιν
1200 5021 1370 5091 ἀλλην
1397 5021 1669 5092 ἀμετρίαν
1695 5021 1834 5092 ὀρῶν
1856 5022 2182 5091 φερομένην,

516 5108 684 5171 οὕτως
729 5108 909 5177 ἵστησι
942 5108 1034 5161 τὸν
1089 5110 1272 5179 νόμον.
1333 5108 1553 5174 Ἐπειδὴ
1600 5108 1731 5180 γὰρ,
1758 5108 1854 5161 ἀτε
1904 5112 2057 5178 παρὰ
2090 5107 2184 5160 τοῦ

513 5194 648 5247 Θεοῦ
711 5194 1071 5264 διδαχθέντες,
1134 5195 1443 5264 ἀδιαφόρως
1483 5194 1784 5263 διελέγοντο
1838 5197 1992 5257 πᾶσι.
2026 5194 2186 5248 τοῦτο

514 5286 594 5346 είς
625 5282 784 5353 ζῆλον
816 5283 993 5353 ἠγαγε
1018 5285 1145 5347 τοὺς
1174 5284 1281 5336 ἀπὸ
1312 5284 1603 5338 Ἰουδαίων.
1639 5284 1747 5337 Καὶ
1778 5284 1880 5336 οὑκ
1910 5283 2184 5337 ἐδίδασκον

515 5372 700 5434 ἁπλῶς
750 5370 1075 5441 περιτομὴν,
1113 5370 1227 5423 ἀλλ’
1257 5372 1338 5424 ὅτι
1382 5372 1503 5426 οὑδέ
1540 5372 1780 5442 σωθῆναι
1810 5371 2061 5426 δύνασθε.
2106 5364 2183 5424 υῦ

509 5458 815 5514 τούναντίον
847 5456 1101 5528 εὕκαιρον
1137 5454 1206 5528 ἦν
1240 5458 1417 5525 λέγειν
1439 5500 1454 5524 ,
1489 5460 1569 5513 ὅτι
1601 5460 2048 5531 περιτεμνόμενοι
2076 5475 2182 5512 σω-

512 5548 669 5620 θῆναι
690 5549 749 5601 οὐ
771 5544 1022 5600 δύνασθε.
1058 5546 1220 5617 Ὁρᾷς
1246 5548 1488 5616 συνεχεῖς
1504 5547 1630 5611 τοὺς
1661 5547 2001 5619 πειρασμοὺς
2031 5546 2178 5599 ἐνδο-

512 5636 622 5697 θεν,
652 5634 885 5700 ἔξωθενς
916 5632 1109 5697 Καλῶς
1152 5633 1209 5686 δέ
1235 5634 1597 5704 οἰκονομεῖται
1632 5635 1788 5689 τοῦτο
1828 5635 2040 5690 Παύλου
2080 5652 2181 5688 πα⁶

516 5723 716 5793 ρὸντος,
740 5723 823 5774 ἵνα
842 5723 1091 5792 ἀντείπῃ.
1108 5722 1216 5775 Καὶ
1233 5723 1330 5775 οὑκ
1352 5717 1503 5777 εἶπεν
1526 5725 1553 5775 6
1574 5724 1805 5787 Παῦλος·
1832 5725 1896 5776 Τί
1915 5725 2022 5795 γάρ
2044 5742 2057 5789 ;
2084 5725 2182 5778 οὑκ

513 5811 625 5880 εἰμὶ
655 5808 959 5875 ἀξιόπιστος
988 5809 1093 5862 ἀπὸ
1121 5809 1389 5863 τοσούτων
1412 5811 1689 5882 σημείων;
1722 5811 1834 5864 ἀλλ’
1860 5812 2087 5880 ἐπείσθη
2115 5811 2183 5865 δι’

573 5931 591 5955 ⁸
609 5932 732 5983 Tres
752 5946 863 5981 mss.
888 5935 1197 5997 διορθώσευς.

1909 4206 2034 4262 σὺν
2059 4208 2199 4275 τοῖς

2289 4211 2549 4275 ἐκείνους.
2579 4211 2689 4265 Καὶ
2718 4212 2820 4283 ὅρα
2854 4211 3183 4283 μανθάνουσι
3226 4212 3413 4267 λοιπὸν
3441 4216 3641 4279 πάντες
3666 4216 3736 4270 τά
3778 4218 3860 4282 είς
3885 4220 3965 4274 τὰ

2288 4298 2413 4369 ἔθνη
2447 4299 2788 4370 γεγενημένα
2833 4301 2929 4355 καὶ
2968 4302 3335 4372 Σαμαρεῖται,
3376 4303 3469 4356 καὶ
3498 4304 3737 4376 ἔχαιρον.
3774 4308 3969 4361 Pero-

2282 4385 2472 4456 μένης
2515 4384 2630 4441 οὖν
2683 4387 2959 4454 στάσεως
3004 4389 3103 4442 καί
3133 4388 3433 4458 ζητήσεως
3480 4393 3591 4446 οὐκ
3638 4394 3859 4464 ὀλίγης
3880 4398 3970 4462 τῷ

2288 4475 2505 4536 Παύλῳ
2536 4474 2635 4527 καί
2666 4473 2745 4540 τῷ
2769 4475 3044 4544 Βαρνάϐᾳ
3080 4476 3230 4545 πρὸς
3269 4478 3510 4547 αὐτοὺς,
3540 4480 3772 4546 ἔταξαν
3815 4485 3973 4539 ἁνα-

2287 4560 2514 4614 6αίνειν
2550 4561 2657 4615 τὸν
2688 4562 2934 4618 Παῦλον
2971 4563 3070 4617 καί
3108 4565 3455 4633 Βαρνάϐαν,
3490 4569 3593 4622 καί
3630 4586 3805 4638 τινας
3850 4572 3973 4627 ωσ-

2285 4651 2437 4713 λους
2466 4649 2535 4714 ἐξ
2570 4648 2767 4703 αὐτῶν
2793 4649 2943 4717 πρὸς
2966 4650 3109 4718 τοὺς
3140 4651 3522 4717 ἀποστόλους
3563 4657 3660 4709 καί
3690 4659 3974 4723 «pe:ch—

2285 4734 2495 4802 τέρους
2520 4738 2602 4803 είς
2650 4737 3048 4807 Ἰερουσαλὴμ
3072 4740 3203 4808 περί
3234 4740 3340 4794 τοῦ
3365 4740 3687 4812 ζητήματος
3713 4746 3969 4803 τούτου.

2289 4824 2355 4875 Ol
2401 4823 2511 4891 μὲν
2547 4823 2660 4878 οὖν
2690 4825 3172 4894 προπεμφθέντες
3225 4827 3344 4883 ὑπὸ
3396 4828 3510 4897 τῆς
3562 4831 3973 4900 Ἑκκλησίας,

2285 4907 2602 4977 διήρχοντο
2634 4910 2749 4980 τὴν
2791 4912 3074 4979 Φοινίκην
3123 4913 3222 4966 καί
3268 4914 3603 4984 Σαμάρειαν
3652 4918 3979 4987 ἐκδιηγνούο

2280 5014 2450 5064 μενοι
2472 4996 2587 5066 τὴν
2606 4998 2980 5067 ἐπιστροφὴν
3000 4999 3117 5053 τῶν
3135 5000 3324 5055 ἐθνῶν
3339 5017 3351 5030 ·
3376 5004 3474 5056 καὶ
3495 5004 3747 5058 ἐποίουν
3766 5009 3983 5074 χαρὰν

2280 5084 2555 5155 μεγάλην
2574 5085 2724 5140 πᾶσι
2748 5085 2872 5152 τοῖς
2903 5086 3206 5157 ἀδελφοῖς.
3247 5093 3727 5161 Παραγενόμενοι
3766 5093 3840 5145 δὲ
3878 5097 3972 5160 είς

2298 5174 2711 5243 Ἰερουσαλὴμ,
2761 5176 3187 5245 ἀπεδέχθησαν
3239 5180 3357 5233 ὑπὸ
3413 5180 3526 5246 τῆς
3586 5183 3983 5250 Ἐκκλησίας

2286 5263 2385 5314 καὶ
2439 5261 2556 5315 τῶν
2589 5263 2948 5316 ἀποστόλων
2992 5265 3088 5318 καί
3134 5265 3253 5319 τῶν
3287 5270 3739 5337 πρεσϐυτέρων,
3772 5270 3986 5339 ἀνήγ-

2285 5348 2495 5417 γειλάν
2538 5366 2603 5403 τε
2654 5351 2773 5403 ὅσα
2826 5353 2859 5403 ό
2893 5351 3038 5418 Θεὸς
3079 5353 3332 5422 ἐποίησε
3371 5354 3499 5424 μετ’
3555 5356 3777 5411 αὐτῶν.
3820 5357 3989 5428 Ὅρα

2286 5438 2427 5507 πόση
2460 5439 2747 5507 οἰκονομία
2779 5439 3008 5507 γίνεται.
3049 5441 3502 5511 Ἐξανέστησαν
3536 5444 3603 5498 δέ
3639 5463 3798 5512 τινες
3850 5447 3992 5500 τῶν

2284 5523 2405 5577 ἀπὸ
2437 5524 2549 5592 τῆς
2572 5524 2855 5592 αΙρέσεως
2886 5526 3007 5580 τῶν
3049 5531 3385 5597 Φαρισαίων
3412 5534 3901 5599 πεπιστευκότες
3928 5536 3987 5598 ιι,

2281 5612 2584 5681 λέγοντες,
2614 5612 2703 5665 ὅτι
2730 5613 2831 5667 Δεῖ
2852 5616 3223 5686 περιτέμνειν
3252 5620 3492 5687 αὐτοὺς,
3518 5623 3988 5691 παραγγέλλειν

2283 5717 2348 5753 τε
2386 5700 2587 5767 τηρεῖν
2626 5701 2734 5754 τὸν
2781 5704 2971 5771 νόμον
3008 5707 3322 5774 Μωῢσέως.
3373 5708 3523 5782 [249]
3549 5710 3983 5780 Συνήχθησαν

2284 5788 2354 5841 δὲ
2382 5791 2436 5842 οἱ
2460 5789 2792 5843 ἀπόστολοι
2838 5793 2939 5845 καί
2969 5794 3023 5846 οί
3053 5797 3443 5865 πρεσϐύτεροι
3493 5796 3641 5851 ἰδεῖν
3682 5798 3829 5867 περὶ
3868 5800 3992 5854 τοῦ

2354 5932 2380 5971 b
2408 5932 2610 5991 Quidam
2664 5946 2777 5983 mss.
2825 5937 3229 5991 πεπιστευκότων.
