3978 6498
147 353 248 414 253

146 485 197 527 ut
225 477 487 533 vomitum
513 479 695 536 edant.
724 481 849 538 Scio
872 498 968 538 vos
997 483 1111 541 haec
1130 502 1251 542 cum
1276 505 1469 545 nausea
1496 493 1683 547 audire
1708 511 1723 545 ς

143 567 230 620 sed
264 577 394 623 tunc
421 570 505 625 sic
531 587 627 628 vos
665 571 806 628 allici
833 575 990 630 velim
1013 618 1029 643 ,
1061 593 1179 632 cum
1227 580 1312 634 illa
1356 581 1469 636 ﬁeri
1499 583 1723 650 videtis,
1764 623 1768 628 ρ

140 671 233 711 nec
257 657 328 712 de
349 675 409 714 re
437 661 527 716 illa
549 663 822 720 obiectari.
842 665 1171 724 Immundiur
1195 681 1277 726 est
1303 676 1722 731 contumeliosus

139 761 264 806 cane
289 760 599 807 revertente
619 754 684 808 ad
708 757 961 811 vomitum
993 773 1171 812 suum.
1200 760 1254 816 Si
1282 763 1422 816 enim
1445 774 1720 834 postquam

139 841 299 894 semel
332 847 618 913 evomuit,
666 859 936 914 cessaret,
986 867 1091 905 non
1137 862 1282 907 esset
1325 856 1442 909 cani
1485 856 1717 920 similis;

133 934 174 986 si
202 949 336 988 vero
368 953 581 992 rursum
611 940 797 996 eadem
830 943 942 1012 ipsa
985 955 1232 1011 evomat,
1279 948 1452 1016 palam
1483 962 1566 1004 est
1595 966 1715 1005 eum

130 1023 314 1079 eadem
346 1027 462 1097 ipsa
489 1031 808 1087 comedisse.
837 1032 973 1101 Quid
999 1035 1089 1088 illo
1115 1036 1567 1095 abominabilius?
1592 1040 1716 1110 quid

127 1114 397 1183 impurius
425 1120 519 1173 illo
545 1135 669 1187 ore,
698 1125 786 1192 qui
821 1125 954 1179 tales
981 1126 1186 1180 mandit
1213 1128 1405 1182 escas?
1431 1130 1592 1200 Atqui
1616 1130 1717 1186 hoc

125 1221 258 1274 opus
287 1217 377 1263 est
415 1222 651 1276 natum,
682 1213 810 1268 illud
856 1215 1112 1282 minime;
1148 1218 1255 1272 imo
1282 1228 1337 1274 et
1371 1219 1474 1274 hoc
1500 1231 1554 1276 et
1585 1222 1713 1276 illud

123 1308 308 1350 contra
342 1310 588 1356 naturam
616 1313 716 1358 est.
751 1304 1075 1371 Quomodo?
1100 1308 1214 1364 Non
1244 1310 1536 1366 secundum
1567 1322 1715 1367 natu-

122 1406 232 1444 ram
260 1402 348 1446 est
374 1394 493 1449 sine
519 1410 678 1451 causa
707 1399 1084 1454 contumeliam
1129 1400 1328 1458 inferre
1347 1444 1363 1468 ,
1403 1404 1498 1458 sed
1526 1417 1709 1459 contra

122 1493 371 1538 naturam
399 1503 413 1539 :
445 1488 602 1557 igitur
641 1489 772 1545 nihil
806 1499 861 1544 ut
891 1491 1050 1545 homo
1097 1493 1365 1563 loquitur,
1405 1497 1497 1550 sed
1524 1497 1624 1550 alia
1655 1508 1711 1552 ut

120 1574 226 1628 lera
249 1616 264 1639 ,
293 1576 404 1630 alia
433 1588 491 1631 ut
525 1578 727 1634 furens.
761 1580 1222 1647 Quemadmodum
1265 1600 1394 1654 ergo
1418 1600 1709 1657 corporeus

118 1667 344 1721 morbus
386 1681 582 1738 praeter
621 1681 863 1726 naturam
891 1683 1006 1734 est.
1040 1678 1116 1730 sic
1143 1686 1197 1730 et
1241 1676 1328 1732 hic
1371 1679 1607 1733 morbus.
1639 1680 1708 1734 Et

118 1757 237 1825 quia
269 1769 472 1826 praeter
513 1770 753 1816 naturam
785 1774 901 1830 est,
955 1764 1001 1818 si
1042 1765 1092 1820 in
1135 1767 1226 1822 illo
1268 1779 1538 1834 moretur,
1571 1786 1704 1839 pau-

116 1846 262 1900 latim
309 1851 489 1916 perit;
541 1851 591 1904 iu
624 1868 689 1906 eo
734 1864 914 1908 autem
941 1856 1082 1924 quod
1112 1859 1404 1913 secundum
1455 1870 1700 1916 naturam

113 1946 188 1991 est
242 1955 508 2004 morans,
560 1958 664 1996 non
720 1945 935 2014 peribit.
991 1947 1204 2004 Mallem
1256 1953 1528 2008 convivari
1579 1970 1701 2010 cum

113 2030 335 2086 homine
387 2033 554 2088 lutum
605 2035 834 2103 edente,
887 2054 1046 2108 quam
1090 2057 1212 2097 cum
1258 2044 1379 2098 talia
1429 2046 1698 2116 loquente.

109 2123 306 2176 Annon
364 2125 560 2180 videtis
607 2141 800 2196 porcos
844 2140 1052 2186 stercus
1082 2133 1348 2190 edentes?
1378 2136 1467 2192 Sic
1494 2147 1550 2193 et
1587 2139 1695 2196 isti.

105 2214 240 2282 Quid
270 2216 420 2270 enim
449 2217 642 2274 foedius
685 2222 863 2276 verbis
883 2261 900 2286 ,
941 2240 1061 2294 qua:
1101 2225 1390 2296 loquuntur
1416 2240 1696 2287 contume-

105 2304 218 2359 liosi
246 2307 272 2358 ?
322 2308 389 2362 ili
433 2320 627 2365 curant
671 2312 805 2367 nihil
847 2330 1036 2370 sanum
1075 2315 1256 2388 loqui,
1304 2320 1436 2375 nihil
1465 2337 1692 2392 purum,

102 2397 190 2452 sed
213 2399 264 2452 si
288 2400 422 2469 quid
453 2401 650 2456 ftedum
677 2444 692 2468 ,
720 2404 764 2458 si
792 2406 917 2474 quid
947 2415 1100 2478 turpe
1120 2449 1134 2472 ,
1165 2408 1218 2463 id
1245 2425 1406 2482 agere
1427 2422 1482 2467 et
1501 2413 1650 2470 eﬂ‘ari
1677 2433 1690 2472 :

107 2493 367 2563 quodque
410 2496 623 2564 gravius
667 2507 780 2562 est,
807 2498 932 2553 dum
961 2515 1080 2556 sese
1108 2501 1394 2574 deturpaut
1415 2545 1432 2572 ,
1463 2506 1598 2563 alios
1632 2523 1694 2564 se

101 2583 396 2654 deturpare
425 2596 628 2656 putant.
663 2588 813 2656 Quod
841 2592 983 2646 enim
1028 2607 1148 2648 sese
1196 2594 1521 2667 deturpent,
1565 2600 1692 2657 inde

105 2675 284 2743 liquet.
318 2676 400 2730 Ne
425 2678 555 2731 mihi
588 2680 728 2734 enim
760 2697 853 2737 eos
875 2723 888 2745 ,
920 2682 1010 2753 qui
1057 2686 1332 2742 mendacia
1360 2689 1683 2759 loquuntur,

105 2765 344 2838 alleges;
398 2768 494 2823 sed
543 2771 613 2824 sit
665 2772 909 2841 quaedam
957 2775 1182 2846 insignis
1227 2780 1517 2848 meretrix,
1572 2783 1687 2839 sive

105 2863 213 2926 quis
248 2862 390 2916 alius
414 2878 480 2917 ex
510 2877 701 2929 scena,
732 2868 821 2936 qui
860 2884 982 2923 cum
1008 2870 1114 2925 alio
1139 2886 1368 2944 pugnam
1388 2890 1636 2934 conserat
1667 2898 1680 2934 :

109 2952 221 3009 hinc
246 2957 339 3011 ille
373 2957 471 3025 ipsi
501 2959 597 3013 ista
630 2960 906 3029 loquatur,
943 2963 1028 3018 hic
1059 2980 1273 3021 rursum
1309 2969 1496 3025 eadem
1523 2987 1681 3042 repe-

112 3055 182 3100 tat
211 3068 223 3100 :
264 3060 383 3104 uter
409 3053 580 3121 magis
624 3057 948 3110 contumelia
977 3057 1252 3115 afﬁcitur?
1278 3061 1411 3118 Nam
1440 3065 1529 3121 ille
1555 3068 1678 3138 qui-

119 3137 232 3192 dem
259 3143 396 3209 quod
435 3159 603 3213 penes
633 3161 692 3200 se
722 3147 940 3212 habuit,
970 3151 1175 3207 audivit
1203 3170 1219 3220 ;
1253 3154 1340 3210 hic
1368 3173 1494 3212 vero
1535 3137 1679 3230 quod

122 3243 218 3282 non
244 3231 419 3286 habuit
448 3251 464 3297 ;
497 3236 678 3305 itaque
725 3237 799 3293 illi
845 3239 979 3296 nihil
1026 3245 1255 3299 accessit
1294 3249 1673 3319 turpitudinis;

111 3319 222 3376 huic
249 3340 371 3378 vero
395 3328 700 3396 plurimum.
726 3329 832 3384 Sed
860 3331 966 3386 sint
989 3333 1230 3403 quaedam
1258 3337 1404 3400 edita
1431 3340 1449 3372 ⁸
1479 3357 1672 3411 opera,

99 3428 205 3482 quae
230 3417 386 3470 solus
429 3418 518 3473 ille
564 3423 988 3478 contumeliosus
1033 3428 1278 3496 noverit;
1311 3430 1538 3502 deinde,
1582 3436 1672 3506 qui

88 3516 206 3563 ante
224 3518 502 3576 tacuerat,
523 3515 898 3570 contumeliam
925 3517 1111 3574 eil‘erat
1140 3536 1154 3573 :
1187 3520 1266 3576 sic
1286 3538 1499 3595 quoque
1527 3526 1668 3583 idem

83 3597 190 3667 ipse
218 3603 399 3671 magis
425 3605 750 3661 contumelia
789 3606 1010 3665 allectus
1039 3617 1140 3665 est.
1172 3611 1496 3679 Quomodo?
1526 3619 1670 3675 Prae-

80 3705 138 3743 co
177 3694 410 3748 malitiae
457 3695 660 3762 lactus,
711 3698 1048 3758 inﬁdelitatis
1093 3702 1293 3763 famam
1342 3711 1578 3782 accipit:
1610 3722 1666 3770 et

131 3832 146 3862 ¹
179 3831 333 3882 Alius
357 3833 526 3895 habet,
544 3843 748 3898 secreta,
771 3851 879 3901 pro,
903 3838 1055 3892 edita.

1105 367 1173 423 IN
1212 366 1388 426 ACTA
1433 372 1957 434 APOSTUI.O|£UM.
2002 382 2234 442 llO.\lll..
2277 389 2493 446 XXXII.

3310 415 3412 473 23-!

1833 512 2022 554 omnes
2062 502 2241 559 subito
2266 522 2326 561 se
2366 508 2670 566 incusantes
2716 514 2945 582 videbit,
2978 535 3040 575 ac
3072 525 3193 578 talia
3222 526 3413 600 ubique

1833 589 2156 660 loquentes:
2191 597 2246 652 Si
2287 599 2466 664 enim,
2514 602 2792 673 inquient,
2844 609 3117 669 homicidii
3164 589 3412 677 conscius

1828 695 1980 756 erat,
2014 689 2191 744 omnia
2240 694 2520 749 enuntiare
2565 700 2891 766 oportebat:
2921 719 3217 777 omnesque
3260 711 3408 769 illum

1827 779 1977 845 quasi
2008 795 2076 835 ne
2107 780 2265 836 homo
2302 784 2518 854 quidem
2544 789 2615 842 sit
2643 802 2993 863 aversantur,
3023 799 3147 854 odio
3174 800 3408 872 habent,

1826 868 1993 923 ieram
2021 886 2142 927 esse
2170 875 2356 931 dicunt
2385 878 2674 937 immanem
2702 901 2716 950 ;
2751 884 2875 941 huic
2901 904 3031 944 vero
3059 895 3227 964 magis
3253 897 3408 966 igno-

1823 973 2010 1028 scunt,
2039 980 2195 1035 quam
2230 968 2324 1022 illi.
2356 969 2468 1025 Non
2495 974 2635 1026 enim
2666 977 2884 1044 perinde
2914 996 3007 1036 eos
3028 1024 3040 1044 ,
3069 986 3159 1054 qui
3187 988 3405 1044 vulnera

1826 1051 2069 1122 habent,
2100 1057 2224 1111 odio
2256 1060 2513 1116 habemus
2534 1105 2549 1128 ,
2579 1077 2741 1135 atque
2773 1069 2923 1136 illos,
2952 1075 3041 1142 qui
3073 1051 3136 1130 ea
3164 1081 3407 1136 revelare

1819 1157 2035 1214 cogunt.
2071 1148 2142 1202 Ita
2172 1159 2224 1202 et
2252 1150 2334 1204 hic
2355 1156 2679 1210 contumelia
2706 1159 2884 1216 ail‘ecit
2907 1179 3014 1218 non
3039 1166 3191 1224 illum
3217 1173 3399 1238 modo,

1819 1238 1910 1292 sed
1934 1240 2092 1293 etiam
2120 1243 2354 1312 seipsum
2377 1255 2430 1300 et
2454 1249 2730 1306 audientes
2757 1269 3203 1333 communemque
3231 1265 3403 1324 homi-

1819 1345 1948 1384 num
1978 1340 2218 1388 naturam
2251 1353 2264 1388 :
2299 1339 2554 1404 perculsit
2582 1342 2911 1414 auditorem,
2938 1351 3067 1407 nihil
3099 1353 3222 1409 boni
3249 1356 3398 1414 fecit.

1817 1421 1942 1477 Ideo
1969 1425 2095 1478 dicit
2124 1427 2317 1482 Paulus
2350 1445 2366 1484 :
2400 1430 2462 1486 Si
2483 1434 2594 1502 quis
2618 1435 2777 1491 bonus
2804 1456 2968 1495 sermo
2997 1445 3067 1497 ad
3090 1448 3398 1517 aediﬁcatio-

1814 1531 1960 1580 nem,
1991 1527 2044 1570 ut
2064 1519 2146 1572 det
2165 1523 2380 1589 gratiam
2409 1527 2724 1585 audientibus
2751 1530 2978 1604 (Ep/tes.
3009 1540 3064 1593 4.
3089 1541 3161 1597 29
3182 1544 3219 1611 ).
3252 1545 3394 1600 Bona

1815 1605 2120 1675 loquentem
2171 1611 2460 1670 habeamus
2509 1618 2740 1690 linguam
2764 1666 2778 1688 ,
2814 1634 2870 1679 ut
2905 1628 3075 1685 simus
3117 1633 3394 1691 desidera-

1811 1697 1944 1753 biles
1981 1710 2036 1755 et
2073 1704 2348 1760 amabiles.
2392 1707 2589 1765 Verum
2626 1728 2861 1786 eousque
2886 1719 3102 1776 malitiae
3129 1739 3395 1792 pervene-

1810 1798 1934 1843 runt
1973 1794 2150 1847 omnia
2173 1836 2188 1860 ,
2216 1806 2273 1850 ut
2313 1797 2380 1853 de
2406 1801 2600 1869 quibus
2627 1805 2949 1863 erubescere
2986 1825 3294 1884 oporteret,
3327 1821 3394 1876 de

1808 1878 1872 1934 iis
1917 1881 2156 1953 plerique
2184 1887 2502 1956 glorientur.
2550 1894 2676 1949 Haec
2721 1878 3040 1971 plerumque
3079 1878 3394 1966 minilautur

1805 1973 2068 2041 quidam:
2114 1977 2228 2033 Non
2283 1983 2482 2050 poteris
2535 1984 2770 2056 linguam
2818 2007 2990 2048 meam
3044 1996 3208 2055 ferre.
3267 2003 3392 2059 llaec

1804 2063 2046 2121 mulieris
2088 2070 2250 2123 verba
2298 2083 2460 2138 sunt,
2520 2078 2718 2134 vetula:
2769 2081 2932 2137 ebria:
2977 2095 3032 2140 et
3074 2089 3341 2147 indecora:
3369 2136 3384 2162 ,

1801 2168 1989 2209 eorum
2028 2157 2119 2226 qui
2148 2157 2318 2216 lorum
2349 2163 2718 2234 frequentant,
2751 2171 2977 2228 lenonis.
3006 2175 3149 2233 Nihil
3179 2157 3387 2250 turpius

1803 2246 1885 2302 his
1927 2251 2134 2317 verbis,
2181 2254 2312 2309 nihil
2358 2258 2472 2312 viro
2512 2259 2812 2331 indignius,
2858 2267 2990 2322 nihil
3031 2246 3381 2342 muliebrius,

1799 2355 1960 2409 quam
1987 2342 2038 2396 in
2085 2343 2265 2411 lingua
2306 2347 2473 2402 robur
2522 2350 2759 2419 habere,
2813 2355 2866 2410 in
2913 2361 3170 2417 conviciis
3214 2365 3380 2420 altum

1725 2478 1733 2487 .
1796 2447 1987 2503 sapere
2009 2476 2026 2502 ,
2057 2445 2114 2490 ut
2143 2439 2177 2491 ii
2206 2440 2296 2507 qui
2337 2440 2388 2494 in
2436 2445 2650 2515 pompis
2693 2458 2892 2517 agunt,
2927 2460 2982 2505 ut
3013 2454 3196 2521 mimi,
3225 2473 3382 2527 para-

1794 2526 1923 2593 siti,
1954 2528 2278 2586 adulatores.
2312 2533 2463 2589 Porci
2508 2539 2678 2608 magis
2700 2581 2716 2607 ,
2749 2557 2906 2611 quam
2949 2543 3193 2605 homines
3218 2526 3376 2618 sunt,

1793 2619 1883 2688 qui
1931 2619 2002 2675 de
2052 2622 2245 2676 talibus
2292 2625 2607 2694 gloriantur.
2658 2632 2788 2686 Cum
2833 2646 3107 2705 oporteret
3150 2643 3376 2712 teipsum

1791 2709 2075 2778 defodere,
2110 2729 2229 2769 cum
2255 2727 2567 2787 oporteret,
2616 2722 2661 2775 si
2690 2725 2811 2793 quis
2837 2741 2897 2780 ea
2927 2728 3020 2782 tibi
3054 2709 3373 2790 testiﬁcare-

1789 2812 1906 2871 tur,
1923 2807 2287 2862 testimonium
2312 2809 2493 2881 lugere
2514 2815 2664 2883 quasi
2689 2816 2962 2874 inimicum
2985 2831 3040 2876 et
3063 2840 3166 2879 non
3186 2827 3370 2884 virile:

1789 2905 1846 2953 tu
1874 2913 2002 2954 vero
2040 2916 2215 2970 praeco
2258 2907 2696 2962 contumeliarum
2736 2925 2816 2964 es.
2852 2912 2956 2967 Sed
3003 2916 3134 2971 nihil
3173 2919 3371 2977 laedere

1787 2991 1987 3060 poteris
2035 3007 2196 3058 eum,
2249 2997 2336 3064 qui
2393 2999 2532 3053 male
2575 3000 2743 3056 audit.
2791 3003 3150 3068 Quamobrem
3203 3027 3369 3082 rogo,

1783 3083 2080 3152 cogitantes
2105 3096 2300 3156 quanta
2331 3091 2400 3142 sit
2447 3093 2682 3161 nequitia
2703 3132 2719 3158 ,
2765 3094 2834 3150 de
2858 3112 2960 3167 qua
2990 3110 3045 3154 et
3071 3103 3371 3171 gloriantur

1767 3174 1996 3244 quidam
2019 3217 2034 3242 ,
2070 3178 2447 3248 resipiscamus
2468 3224 2482 3246 ,
2508 3185 2859 3243 emendemus
2881 3205 2978 3246 eos
3007 3195 3094 3262 qui
3118 3196 3197 3250 sic
3227 3197 3368 3253 insa-

1778 3264 1969 3333 niunt,
1995 3267 2332 3324 eliminemus
2359 3287 2390 3327 e
2414 3273 2630 3330 civitate
2660 3275 2756 3330 hos
2782 3293 3070 3337 consessus
3088 3324 3103 3350 ,
3128 3284 3360 3355 linguam

1778 3372 2032 3414 ornemus
2059 3371 2294 3416 nostram
2316 3403 2330 3425 ,
2361 3372 2416 3419 et
2445 3364 2513 3418 ab
2536 3367 2682 3420 omni
2720 3369 3005 3426 maledicto
3030 3373 3316 3433 liberemus
3341 3420 3358 3445 ,

1774 3458 1836 3505 ut
1879 3453 2144 3522 possimus
2168 3469 2199 3508 a
2231 3457 2462 3524 peccatis
2494 3461 2729 3528 purgati,
2777 3478 3064 3532 supernam
3113 3472 3355 3526 benevo-

1773 3543 1992 3599 lentiam
2023 3546 2178 3600 nobis
2209 3547 2498 3604 conciliare
2519 3590 2532 3614 ,
2581 3562 2634 3605 et
2664 3552 2754 3606 Dei
2781 3554 3064 3611 clementia
3111 3558 3355 3630 dignari,

1771 3639 1942 3709 gratia
1971 3646 2026 3693 et
2054 3639 2486 3696 miserationibus
2519 3642 2784 3715 Unigeniti
2815 3648 2933 3718 ejus
2952 3693 2967 3715 ,
3009 3652 3224 3720 quicum
3249 3656 3352 3711 Pa-

1771 3735 1839 3788 tri
1889 3745 1945 3789 et
1994 3734 2213 3805 Spiritui
2280 3747 2466 3792 sancto
2515 3739 2723 3809 gloria,
2776 3742 3091 3814 imperium,
3142 3749 3352 3816 honor,

1768 3841 1912 3880 nunc
1939 3835 1994 3881 et
2019 3841 2267 3896 semper,
2297 3837 2354 3883 et
2380 3830 2430 3883 in
2456 3831 2652 3885 saecula
2680 3834 3025 3893 szeculorum.
3056 3840 3249 3895 Amen.

72 3945 3332 3999 ———____‘__________________

1324 4023 1670 4089 HOMILIA
1714 4027 1989 4089 XXXII.

60 4170 108 4208 ν.
144 4156 237 4211 27.
270 4156 472 4211 Horati
499 4165 616 4213 sunt
635 4170 804 4214 autem
831 4161 897 4214 ibi
922 4172 1117 4232 tempus
1145 4180 1244 4218 non
1272 4168 1523 4221 ntodicum
1543 4187 1654 4223 cum

121 4249 422 4315 discipulis.
461 4251 590 4305 Car.
627 4252 711 4307 15.
755 4253 806 4308 1.
861 4252 928 4308 Et
965 4254 1169 4321 quidam
1212 4257 1562 4316 descendentes
1591 4263 1654 4316 de

114 4339 346 4405 Iudaea,
380 4344 622 4397 docebant
652 4344 835 4414 fratres
867 4362 886 4400 :
917 4347 1052 4413 Quia
1092 4350 1190 4402 nisi
1219 4351 1652 4409 circumcidamini

113 4436 408 4487 secundum
436 4452 625 4488 morem
656 4436 850 4506 Moysis
870 4478 886 4500 ,
924 4455 1024 4492 non
1049 4442 1256 4509 potestis
1285 4445 1492 4497 salvari.

114 4526 163 4578 l.
203 4525 350 4580 Vide
396 4527 592 4594 ubique
625 4529 904 4582 transitum
944 4532 1011 4584 ad
1046 4541 1234 4596 gentes
1265 4538 1570 4590 neCessario
1615 4553 1644 4592 a

41 4613 242 4671 Iudaeis
287 4616 597 4672 inductum.
642 4621 888 4674 Antehac
914 4633 1195 4677 accusatus
1224 4626 1488 4682 rationem
1519 4629 1642 4683 red-

39 4705 197 4760 debat
225 4749 244 4773 ,
305 4715 373 4762 et
417 4711 722 4764 excusantis
767 4726 917 4766 more
964 4715 1143 4768 omnia
1194 4715 1539 4786 loquebatur:
1589 4722 1642 4777 id

36 4799 172 4864 quod
220 4814 545 4855 sermonem
585 4802 758 4873 magis
799 4812 1078 4874 acceptum
1110 4807 1402 4874 reddebat;
1445 4811 1639 4868 deinde

35 4889 235 4949 iudicis
280 4895 706 4961 aversantibus,
750 4897 898 4952 venit
943 4898 1011 4953 ad
1055 4911 1265 4970 gentes.
1300 4901 1399 4959 Hie
1443 4905 1635 4960 iterum

32 4984 214 5039 videns
240 4985 418 5038 aliam
439 4988 878 5055 altercationem,
908 4990 1078 5060 legem
1102 4994 1303 5047 statuit.
1330 4995 1462 5061 Quia
1491 4998 1632 5052 enim

33 5090 210 5149 utpote
240 5095 274 5133 a
311 5080 430 5134 Deo
464 5080 647 5146 docti,
681 5081 1142 5138 indiscriminatim
1174 5087 1422 5142 omnibus
1448 5090 1634 5159 loque-

27 5173 237 5242 bantur,
264 5175 384 5228 hoc
409 5173 625 5229 Judaeos
643 5176 731 5245 qui
762 5176 984 5230 aderant
1011 5178 1075 5232 ad
1097 5180 1268 5233 zelum
1296 5184 1625 5250 provocavit.

25 5263 126 5317 Nec
153 5267 329 5321 modo
358 5267 823 5322 circumcisiouem
846 5269 1108 5324 docebant
1127 5311 1144 5340 ,
1174 5273 1266 5326 sed
1306 5275 1465 5328 etiam
1511 5277 1628 5332 sine

23 5358 102 5411 illa
128 5363 379 5416 salutem
408 5361 598 5418 haberi
639 5380 746 5418 non
777 5379 932 5434 posse
956 5367 1223 5422 dicebant.
1253 5370 1346 5423 Cui
1385 5371 1459 5424 rei
1491 5386 1624 5424 con-

25 5454 173 5505 traria
201 5455 418 5510 dooere
449 5457 770 5525 oportebat,
816 5475 1007 5528 nempe
1036 5461 1080 5514 si
1122 5461 1576 5517 circumcidamini
1604 5506 1618 5531 ,

19 5545 238 5600 salutem
293 5549 563 5618 consequi
626 5564 731 5604 non
780 5551 1024 5617 potestis.
1076 5551 1260 5606 Viden’
1312 5553 1619 5624 frequentes

16 5639 352 5693 tentationes
396 5640 540 5694 intus
587 5649 643 5695 et
691 5641 842 5697 foris.
875 5641 1042 5698 Recte
1071 5653 1250 5698 autem
1298 5645 1616 5714 providetur

11 5724 104 5781 hoc
130 5727 254 5786 ﬁeri
291 5730 470 5785 Paulo
495 5740 762 5801 prieseute
781 5773 797 5797 ,
848 5742 904 5788 ut
934 5734 1276 5790 contradicat.
1333 5736 1448 5791 Non
1476 5737 1614 5792 dixit

5 5821 197 5878 Paulus
243 5841 260 5877 :
306 5823 453 5892 Quid
500 5825 688 5882 enim?
730 5841 908 5882 annon
952 5841 1069 5882 sum
1113 5826 1217 5884 (ide
1258 5828 1450 5900 dignus
1489 5839 1611 5902 post

1763 4180 1843 4226 tot
1885 4172 2081 4242 signa?
2120 4171 2216 4227 sed
2251 4182 2469 4243 propter
2495 4175 2616 4229 illos
2648 4192 2852 4234 morem
2879 4183 3062 4250 gessit.
3097 4185 3163 4240 Et
3200 4186 3341 4253 vide,

1758 4265 1972 4319 discunt
1995 4281 2186 4322 omnes
2214 4281 2297 4330 ea,
2329 4283 2450 4338 qua:
2479 4268 2529 4322 iu
2560 4281 2745 4339 gentes
2773 4271 2910 4328 facta
2937 4285 3112 4344 erant,
3143 4281 3342 4335 etiam-

1755 4371 1859 4426 que
1890 4356 2243 4423 Samaritani,
2291 4369 2343 4412 ct
2381 4360 2636 4430 gaudent.
2677 4363 2732 4416 2.
2767 4364 2930 4420 Facta
2955 4383 3072 4440 ergo
3097 4373 3337 4427 seditione

1753 4456 1799 4500 et
1843 4450 2118 4518 quaestione
2158 4465 2259 4502 non
2287 4449 2496 4504 minima
2535 4451 2707 4506 Paulo
2732 4465 2779 4509 et
2811 4456 3064 4515 Barnabc
3095 4464 3335 4520 adversus

1751 4537 1888 4604 illos,
1915 4547 2196 4593 statuerunt
2223 4549 2279 4592 ut
2306 4547 2630 4596 ascenderent
2665 4543 2867 4601 Paulus
2900 4560 2946 4602 et
2978 4549 3266 4623 Barnabas,
3285 4567 3336 4611 et

1747 4629 1954 4697 quidam
1973 4629 2065 4683 alii
2085 4646 2148 4683 ea:
2170 4631 2274 4684 illis
2292 4634 2359 4684 ad
2375 4635 2632 4704 apostolos
2653 4645 2700 4689 et
2721 4641 3034 4710 presbyteros
3053 4645 3104 4697 in
3115 4645 3148 4699 J
3154 4663 3331 4702 erasa-

1748 4717 1845 4773 lem
1879 4737 2034 4789 super
2069 4722 2165 4775 hac
2193 4725 2484 4790 quastione.
2514 4728 2565 4782 5.
2597 4725 2689 4781 Illi
2713 4745 2830 4800 ergo
2860 4735 3110 4800 prwmissi
3134 4737 3196 4792 ab
3225 4738 3328 4793 Ec-

1745 4810 1896 4863 clesia
1926 4813 2298 4881 pertransibunt
2329 4812 2621 4870 Phcenicem
2647 4829 2696 4872 et
2721 4819 3038 4891 Samariam,
3065 4838 3328 4884 narrantes

1743 4906 2116 4958 conversionem
2144 4910 2366 4974 gentium
2392 4924 2411 4962 :
2445 4919 2492 4961 et
2522 4912 2774 4979 faciebant
2800 4915 3047 4983 gaudium
3083 4937 3323 4992 magnum

1741 4995 1971 5047 omnibus
2013 4996 2275 5064 fratribus.
2320 4999 2375 5052 4.
2408 4998 2533 5053 Cum
2562 5012 2728 5054 autem
2768 5005 3013 5060 venissent
3055 5009 3321 5084 Jerosoly-

1740 5102 1872 5138 mam
1892 5129 1908 5154 ,
1937 5089 2155 5157 suscepti
2184 5100 2298 5142 sunt
2327 5091 2388 5142 ab
2408 5090 2635 5143 Ecclesia
2657 5102 2702 5145 et
2729 5094 2792 5147 ab
2818 5097 3063 5165 apostolis
3091 5111 3140 5154 et
3159 5105 3318 5157 senio-

1735 5182 1895 5245 ribus,
1922 5185 2275 5237 annuntiantes
2292 5195 2479 5253 quanta
2511 5184 2646 5238 Deus
2678 5188 2873 5256 fecisset
2899 5205 3014 5244 cum
3033 5193 3159 5249 illis.
3186 5196 3318 5252 Vide

1733 5290 1854 5328 cum
1897 5287 2092 5344 quanta
2137 5278 2436 5330 (Bcnuomia
2478 5293 2562 5331 res
2602 5289 2838 5347 geratur.
2887 5283 2942 5337 5.
2972 5282 3316 5344 Surrexerunt

1729 5380 1897 5421 autem
1923 5370 2128 5438 quidam
2155 5371 2216 5423 de
2242 5370 2419 5424 ἤιενεεὶ
2441 5369 2843 5442 Pharisaeorum,
2865 5375 2951 5447 qui
2971 5379 3311 5449 crediderant,

1727 5461 1946 5515 dicentes
1971 5478 1988 5515 :
2018 5462 2148 5528 Quia
2169 5473 2362 5532 oportet
2391 5464 2746 5520 circumcidere
2763 5485 2868 5533 eos,
2896 5472 3170 5540 praecipere
3189 5492 3314 5544 quo-

1724 5568 1822 5623 que
1854 5567 2051 5606 servare
2097 5555 2252 5622 legent
2294 5553 2479 5624 Moysi.
2511 5555 2562 5610 6.
2594 5553 3045 5634 Conveneruntque
3091 5566 3310 5634 apostoli

1721 5651 1769 5695 et
1798 5643 2018 5696 seniores
2044 5642 2212 5696 videre
2255 5645 2317 5696 de
2361 5645 2509 5700 verba
2539 5647 2650 5700 hoc.
2682 5649 2734 5702 7.
2765 5649 2891 5706 Cum
2913 5663 3080 5707 autem
3119 5670 3305 5724 magna

1719 5735 2016 5806 conquisitio
2065 5737 2238 5804 ﬁeret,
2283 5755 2494 5810 surgens
2535 5739 2718 5797 Petrus
2755 5746 2883 5798 dixit
2921 5748 2990 5799 ad
3028 5764 3153 5801 eos:
3196 5746 3305 5806 Viri

1717 5829 1900 5898 fratres
1922 5871 1936 5898 ,
1969 5845 2054 5885 vos
2089 5830 2227 5885 scitis
2254 5834 2496 5902 quoniam
2519 5831 2584 5886 ab
2615 5835 2841 5898 antiquis
2868 5839 3043 5894 diebus
3075 5840 3210 5894 Deus
3246 5847 3301 5898 in
