3978 6502
621 504 728 559 ἳὸὕ

630 620 766 677 nobis
791 617 935 689 elegit
962 632 1049 688 per
1078 630 1136 669 os
1163 627 1329 667 meum
1354 607 1533 661 audire
1570 612 1739 676 gentes
1770 598 1974 654 verbum
1994 606 2208 663 evange-

628 715 705 779 lii,
753 721 800 766 ct
837 709 1059 763 credere.
1099 704 1232 760 Vide
1278 702 1494 756 Petrum
1537 695 1646 767 jam
1674 693 1803 747 olim
1831 697 2135 759 separatqu
2188 700 2217 737 a

633 777 869 872 negetio,
902 810 955 855 et
986 799 1244 853 hactenus
1272 792 1652 863 judaizautem.
1696 785 1792 839 Vos
1831 782 1988 844 scitis,
2026 777 2214 846 inquit.

632 870 796 952 Forte
836 894 1058 947 aderant
1086 905 1148 943 ex
1200 888 1297 951 iis,
1342 884 1431 955 qui
1482 882 1608 935 olim
1650 881 2037 932 accusaverunt
2066 870 2215 923 illum

630 992 770 1045 circa
799 986 1127 1046 Cornelium,
1156 990 1211 1037 et
1237 977 1462 1049 ingressi
1493 984 1759 1029 suntcum
1790 970 1882 1024 illo
1912 984 1925 1019 :
1953 966 2073 1021 ideo
2102 964 2220 1017 illus

633 1080 847 1134 adducit
872 1086 1054 1133 testes.
1086 1074 1161 1128 Ab
1187 1071 1406 1142 antiquis
1446 1068 1618 1121 diebus
1643 1064 1788 1134 elegit
1814 1062 1868 1114 in
1898 1059 2031 1113 vobis
2060 1056 2218 1109 Deus.

631 1173 772 1241 Quid
801 1168 991 1233 est,1u
1024 1166 1197 1221 vobis?
1221 1164 1315 1217 Vel
1343 1163 1393 1216 iu
1423 1160 1726 1215 Palzestiua.
1758 1152 1950 1221 inquit,
1973 1149 2055 1202 vel
2087 1164 2222 1216 pra:-

634 1239 878 1320 sentihus
904 1260 1071 1314 vobis.
1110 1257 1210 1311 Per
1236 1272 1290 1310 os
1318 1269 1502 1307 meum.
1530 1250 1661 1305 Vide
1683 1244 1951 1316 quomodo
1976 1239 2225 1295 ostendat

642 1357 806 1410 Deum
856 1366 954 1423 per
1002 1365 1065 1404 se
1115 1348 1427 1417 loquulum,
1458 1353 1512 1396 et
1559 1340 1687 1394 nihil
1732 1340 2042 1391 humanum.
2074 1330 2126 1386 8.
2161 1330 2226 1382 Et

638 1446 868 1499 cordium
893 1443 1122 1513 cognitor
1152 1438 1291 1492 Deus
1320 1435 1614 1504 testiﬁcatus
1645 1441 1717 1484 est
1746 1430 1893 1499 ipsis.
1938 1426 2016 1480 Ad
2065 1425 2221 1493 spiri—

640 1537 830 1592 ritualc
863 1531 1226 1589 testimonium
1256 1528 1474 1583 adducit
1502 1526 1643 1579 illos.
1678 1522 1818 1575 Dans
1841 1521 1943 1573 illis
1975 1518 2227 1587 Spiritum

637 1638 886 1690 sanctum,
921 1625 1051 1677 sicut
1073 1632 1120 1676 et
1148 1622 1309 1675 nobis.
1347 1617 1476 1672 Vide
1505 1614 1775 1685 quomodo
1803 1613 2000 1679 ubique
2039 1620 2228 1678 gentes

640 1728 903 1787 exaequat.
937 1717 991 1771 9.
1047 1714 1109 1768 Et
1150 1713 1278 1767 nihil
1315 1709 1552 1764 discernit
1592 1709 1722 1760 inter
1749 1722 1840 1758 nos
1868 1714 1911 1757 et
1949 1702 2094 1765 illos,
2129 1700 2230 1767 fide

640 1814 916 1885 puriﬁcans
962 1809 1116 1862 corda
1157 1822 1351 1860 eorum.
1388 1806 1429 1857 A
1472 1802 1575 1855 lide
1621 1800 1774 1859 sola,
1808 1797 2011 1866 inquit,
2041 1794 2227 1849 eadem

640 1902 959 1973 consequuti
984 1909 1126 1956 sunt.
1152 1900 1216 1953 Et
1235 1897 1350 1951 11ωο
1375 1894 1478 1950 illis
1505 1893 1702 1946 monita
1727 1892 1950 1952 dantur;
1975 1889 2081 1941 imo
2103 1899 2231 1940 vero

637 1997 741 2051 hos
767 1996 960 2049 ducere
1001 2000 1198 2064 potest,
1228 1989 1331 2043 [ide
1360 1988 1471 2041 sola
1501 2000 1621 2039 esse
1651 1998 1806 2051 opus,
1839 1990 1893 2035 et
1920 1995 2023 2033 non
2054 1979 2233 2047 operi—

641 2088 740 2141 bus
766 2086 849 2139 vel
877 2084 1300 2139 circumcisione.
1331 2077 1515 2146 Neque
1556 2076 1700 2130 enim
1733 2074 1845 2128 lucc
1886 2071 2071 2125 dicunt
2111 2079 2232 2122 tau-

645 2188 760 2232 tum
791 2185 850 2230 ut
880 2176 1119 2245 gentium
1148 2156 1366 2227 causam
1395 2177 1588 2238 agant;
1619 2165 1710 2220 sed
1742 2168 1900 2219 etiam
1935 2164 2052 2217 illos
2083 2159 2235 2214 insti-

647 2278 805 2322 tmtnt
826 2308 839 2333 ,
875 2276 931 2320 ut
976 2264 1260 2319 discedant
1284 2278 1311 2314 a
1345 2262 1480 2330 lege.
1511 2259 1616 2313 Sed
1645 2267 1822 2310 tamen
1859 2254 2093 2308 nondum
2122 2252 2235 2306 hazc

639 2358 849 2413 dicunt.
885 2357 971 2412 10.
1006 2354 1058 2409 Ν
1064 2370 1159 2408 unc
1177 2369 1294 2422 ergo
1315 2369 1405 2405 cur
1431 2351 1632 2405 tentatis
1658 2348 1824 2402 Deum
1849 2348 2106 2415 imponere
2140 2347 2234 2413 ju-

645 2467 766 2521 gum
800 2466 953 2519 super
983 2447 1205 2501 cervices
1243 2442 1616 2514 discipulorum
1641 2483 1655 2503 ,
1701 2441 1836 2510 quod
1872 2454 2031 2508 neque
2071 2446 2236 2506 patres

643 2542 804 2596 nostri
831 2555 989 2611 neque
1024 2555 1115 2592 nos
1136 2546 1338 2609 portare
1360 2533 1654 2603 potuimus?
1676 2533 1764 2586 11.
1785 2530 1891 2585 Sed
1915 2546 2002 2599 per
2018 2528 2238 2599 gratiam

649 2634 854 2688 Domini
893 2630 1021 2686 Jesu
1060 2631 1310 2684 credimus
1355 2626 1541 2680 salvari
1580 2623 2005 2696 quemadmodum
2045 2628 2092 2674 et
2136 2618 2235 2673 illi.

647 2727 785 2794 Quid
813 2735 896 2780 est
923 2723 1054 2778 illud
1077 2764 1090 2787 ,
1122 2721 1352 2775 Tentatis
1380 2718 1545 2771 Deum
1576 2717 1600 2769 ?
1630 2714 1737 2769 Cur
1766 2729 1870 2768 non
1898 2712 2137 2778 creditis,
2162 2712 2241 2765 in-

649 2817 928 2889 quit,Deo?
958 2830 1054 2869 cur
1078 2813 1295 2868 tentatis
1322 2826 1464 2875 cum,
1497 2808 1648 2879 quasi
1678 2822 1784 2860 non
1810 2804 2096 2875 poSsitlide
2122 2818 2238 2857 ser-

649 2911 810 2965 vare?
853 2909 1034 2978 Itaque
1077 2905 1409 2959 infidelitatis
1454 2914 1537 2957 est
1577 2903 1749 2971 legem
1783 2899 2004 2954 inferre.
2039 2896 2243 2952 Deinde

656 3001 896 3058 ostendit
945 3015 1063 3054 eam
1109 2998 1213 3051 illis
1260 3013 1363 3049 non
1420 2994 1585 3048 fuisse
1628 2994 1811 3047 utilem
1854 3000 1959 3046 :ct
1995 2999 2161 3045 totum
2191 2988 2245 3043 in

653 3097 846 3166 legem,
877 3108 983 3147 non
1015 3093 1066 3145 in
1103 3091 1226 3144 illus
1258 3088 1431 3159 rejicit
1456 3130 1471 3152 ,
1505 3096 1664 3157 atque
1694 3088 2092 3142 accusationem
2119 3098 2241 3139 suc-

653 3189 802 3242 cidit.
834 3184 982 3250 Quod
1009 3200 1110 3237 non
1137 3183 1396 3254 potuimus
1425 3196 1532 3244 nos,
1568 3181 1771 3249 inquit,
1799 3188 1844 3233 et
1885 3187 2060 3249 patres
2089 3179 2247 3231 nostri

656 3290 879 3351 portare.
902 3276 1007 3331 Sed
1027 3292 1115 3345 per
1138 3275 1355 3345 gratiam
1372 3271 1578 3325 Domini
1603 3270 1729 3325 Jesu
1758 3271 2009 3324 credimus
2036 3270 2245 3334 salvari,

656 3369 1081 3441 quemadmodum
1126 3377 1173 3421 et
1218 3365 1319 3419 illi.
1348 3367 1556 3432 Quanta
1583 3364 1779 3419 virtute
1804 3364 1957 3434 plena
1985 3371 2109 3417 sunt
2134 3367 2250 3417 haec

656 3462 861 3518 verba?
891 3464 1021 3528 Quae
1055 3460 1252 3513 l'aulus
1288 3459 1472 3512 niidtis
1518 3459 1569 3511 iu
1614 3458 1852 3527 Epistula
1886 3456 1952 3510 ad
1980 3456 2253 3509 Rullianus

659 3556 817 3620 dixit,
838 3554 1023 3608 eadem
1050 3562 1104 3606 et
1132 3552 1216 3606 hic
1237 3551 1386 3605 dicit.
1417 3550 1476 3605 Si
1501 3552 1635 3604 enim
1659 3550 1945 3615 Abraham,
1976 3550 2164 3618 inquit,
2192 3564 2254 3603 ea;

665 3648 902 3716 aperibus
916 3646 1229 3715 justi/iectus
1255 3654 1360 3706 est,
1403 3642 1547 3695 habet
1569 3642 1787 3712 gloriam
1810 3682 1827 3707 ,
1867 3639 1956 3695 sed
1990 3657 2092 3694 non
2116 3639 2254 3712 apud

668 3737 835 3791 Deum
866 3736 1041 3805 (flant.
1062 3737 1117 3787 4.
1146 3733 1225 3803 Ξ).
1253 3733 1439 3789 Videu'
1470 3736 1568 3787 hoc
1597 3733 1717 3788 illos
1744 3734 1913 3803 magis
1937 3732 2218 3787 instituere
2238 3774 2252 3796 ,

667 3845 827 3900 quam
860 3835 1050 3898 gentes
1075 3826 1405 3880 defendere?
1435 3824 1539 3880 Sed
1567 3825 1612 3878 si
1654 3824 1870 3895 quidem
1916 3824 2122 3895 absque
2149 3825 2255 3879 ulla

672 3922 957 3976 occasione
987 3920 1101 3974 haec
1131 3919 1390 3985 dixisset,
1420 3919 1556 3973 forte
1598 3932 1705 3973 non
1748 3928 2031 3988 suspectus
2078 3926 2255 3984 esset;

671 4015 824 4067 initio
841 4023 1017 4065 autem
1042 4011 1164 4065 hinc
1191 4020 1428 4081 sumpto,
1458 4011 1653 4065 deinde
1682 4011 1800 4066 sine
1829 4021 1975 4065 metu
2001 4011 2257 4080 loquitur.

674 4106 741 4159 Et
766 4105 889 4159 vide
920 4103 1187 4173 quomodo
1216 4103 1414 4171 ubique
1440 4102 1640 4166 omnia,
1674 4117 1794 4172 qua:
1826 4102 2029 4156 inimici
2071 4117 2257 4156 move-

675 4208 823 4259 runt,
848 4197 951 4250 illis
976 4197 1203 4265 prosint.
1230 4194 1341 4248 Nisi
1370 4196 1510 4249 enim
1539 4195 1611 4247 illi
1644 4194 1955 4259 movissent,
1987 4194 2103 4248 haec
2122 4193 2263 4247 dicta

678 4306 783 4344 non
812 4289 1057 4353 fuissent,
1084 4303 1181 4341 nec
1202 4290 1360 4341 etiam
1388 4303 1506 4357 qua:
1527 4295 1841 4356 sequuntur.
1874 4286 2008 4341 Hinc
2028 4285 2261 4350 discunt,

678 4384 823 4454 quod
855 4383 1064 4438 etiamsi
1110 4391 1298 4451 gentes
1327 4381 1521 4435 adduci
1572 4381 1903 4447 noluissent,
1937 4396 2041 4435 non
2086 4384 2263 4435 tamen

681 4492 802 4533 esse
830 4476 948 4530 illas
978 4474 1371 4541 despiciendas.
1402 4474 1507 4528 Sed
1536 4488 1696 4541 Supra
1723 4474 1863 4527 dicta
1903 4474 2263 4542 exploremus.

681 4569 748 4623 lu
791 4569 961 4629 vobis,
1011 4568 1210 4634 inquit,
1248 4567 1426 4636 elegit,
1470 4580 1517 4618 et
1561 4566 1621 4619 ab
1662 4567 1878 4633 antiquis
1908 4566 2101 4620 diebus.
2156 4567 2269 4621 lloc

684 4661 832 4725 dicit,
854 4660 1143 4715 ostendens
1169 4659 1219 4713 id
1246 4659 1396 4723 olitu,
1428 4676 1531 4713 non
1559 4674 1699 4713 nunc
1727 4660 1907 4714 fuisse.
1940 4660 2054 4715 Non
2083 4676 2269 4731 parum

684 4763 865 4807 autem
894 4760 996 4816 est,
1035 4751 1176 4821 quod
1206 4752 1368 4805 etiam
1391 4750 1591 4806 Juduzis
1620 4752 1962 4806 credentibus
1993 4754 2094 4807 hoc
2119 4770 2273 4807 aver-

685 4854 846 4899 tatur.
880 4844 1092 4897 Duohus
1138 4859 1266 4897 vero
1299 4844 1347 4897 id
1371 4886 1384 4907 ,
1419 4844 1559 4913 quod
1586 4844 1749 4909 dicit,
1783 4848 2128 4901 continuatur
2149 4887 2163 4912 ,
2220 4856 2275 4902 et

687 4949 927 5007 tempore
956 4948 1007 4991 et
1038 4936 1173 4990 loco.
1205 4936 1271 4990 Et
1298 4937 1438 5005 quod
1472 4934 1658 5007 Elegit,
1689 4938 1824 4991 bene
1857 4956 1869 4992 :
1904 4940 2040 4993 sicut
2068 4940 2118 4993 in
2148 4942 2275 5010 ipsis

687 5048 793 5085 non
822 5031 975 5094 dixit,
1015 5029 1227 5095 Voluit,
1260 5027 1570 5099 sed,Elegit.
1606 5028 1885 5085 Undenatn
1916 5031 1967 5085 id
1996 5033 2203 5102 liquet?
2232 5036 2271 5087 A

689 5123 920 5191 Spiritu,
953 5122 1144 5191 inquit.
1179 5121 1381 5175 Deinde
1410 5121 1644 5175 ostendit
1677 5138 1781 5176 non
1811 5125 1998 5193 gratia:
2030 5133 2234 5178 tantum
2258 5167 2273 5193 ,

691 5216 786 5269 sed
817 5216 975 5268 etiam
1017 5213 1232 5266 virtutis
1266 5214 1630 5268 testimonium
1683 5215 1784 5269 hoc
1811 5216 1915 5270 illis
1943 5232 2065 5273 esse
2090 5259 2104 5282 ,
2136 5218 2277 5287 quod

696 5308 833 5362 nihil
861 5309 1036 5361 minus
1064 5308 1192 5377 ipsis
1223 5308 1473 5375 pra-beat.
1503 5307 1641 5361 Nihil
1670 5310 1835 5373 enim,
1862 5311 2049 5379 inquit,
2079 5312 2279 5367 discer-

695 5401 776 5453 nit
807 5403 943 5453 inter
991 5414 1089 5451 nos
1117 5406 1171 5451 et
1201 5399 1337 5451 illos.
1371 5399 1510 5469 Ergo
1551 5416 1645 5454 cor
1675 5401 1871 5471 ubique
1909 5405 2277 5471 quaerendum.

699 5495 764 5548 Et
795 5500 1095 5562 opportune
1119 5491 1254 5544 dixit
1286 5509 1299 5545 :
1333 5490 1573 5547 Cordium
1604 5498 1835 5565 cognitor
1876 5494 2015 5550 Deus
2038 5498 2281 5566 testiﬁca-

701 5599 783 5641 tus
806 5597 877 5640 est
900 5586 1060 5655 ipsis;
1100 5586 1238 5638 sicut
1264 5594 1316 5637 et
1343 5584 1451 5638 illic
1482 5600 1496 5638 :
1528 5584 1605 5638 Tu
1625 5626 1641 5652 ,
1671 5586 1911 5653 Domine,
1940 5588 2169 5641 cordiuin
2199 5607 2284 5642 co-

708 5680 877 5752 gnitor
901 5677 1147 5743 omnium,
1179 5677 1383 5731 ostende
1411 5677 1563 5749 (Act.
1593 5681 1643 5732 l.
1673 5678 1743 5734 ΞΔ.
1763 5680 1805 5752 ).
1848 5682 1981 5749 Quia
2010 5682 2151 5736 enim
2182 5683 2285 5737 huc

703 5773 855 5837 vult,
900 5771 1026 5825 vide
1049 5769 1178 5841 quid
1208 5767 1401 5825 inferat
1437 5787 1449 5823 :
1483 5769 1631 5824 Nihil
1671 5771 1908 5826 discernit
1952 5774 2081 5828 inter
2120 5791 2210 5829 nos
2238 5786 2285 5830 et

711 5862 1025 5936 ipsos.Cum
1055 5861 1268 5920 illorum
1316 5864 1678 5918 testimonium
1709 5866 1950 5935 diceret,
1999 5878 2125 5925 tunc
2174 5887 2286 5926 ma-

1337 487 1394 543 S.
1434 480 1713 542 JOANNIS
1749 469 2224 534 CHRYSOSTOMI
2261 468 2577 524 ARCHIEP.
2618 466 3143 524 CONSTANTlNOP.
3741 483 3819 540 cm

2320 604 2482 657 gnum
2515 589 2641 644 illud
2671 590 2866 646 etfatus
2886 602 2969 647 est
2994 634 3008 655 ,
3040 592 3183 663 quod
3218 593 3413 648 Paulus
3436 595 3509 649 ait
3536 613 3548 652 :
3576 597 3722 669 Neque
3751 614 3820 663 τίν.

2318 683 2561 737 cumcisio
2586 685 2708 754 quid
2731 685 2881 752 valet,
2913 702 3070 755 neque
3101 689 3405 759 prwputium
3442 690 3515 759 (1.
3536 689 3642 746 Cor.
3665 697 3707 751 Ἰ.
3730 702 3822 771 19);

2321 782 2394 837 et,
2430 772 2497 827 Ut
2517 774 2643 829 duos
2663 776 2845 830 condat
2866 778 2921 831 in
2946 780 3213 847 semeptiso
3242 777 3459 848 (Ephes.
3481 779 3533 834 2.
3560 785 3656 852 15).
3678 789 3823 851 [lorum

2322 868 2561 921 omnium
2587 868 2790 922 semina
2821 870 2873 923 in
2909 871 3169 925 concione
3200 872 3343 926 Petri
3388 872 3651 933 habentur.
3678 882 3734 936 Et
3756 902 3827 941 non

2323 956 2475 1022 dixit,
2505 958 2647 1013 [nter
2673 975 2766 1013 eos
2790 961 2879 1031 qui
2909 977 2975 1016 ex
3006 964 3448 1030 circumcisione;
3481 970 3714 1034 sedJnter
3735 994 3800 1032 nos

2327 1048 2377 1102 id
2423 1059 2506 1103 est
2534 1092 2549 1115 ,
2594 1052 2888 1120 apostolos.
2924 1053 3125 1108 Deinde
3147 1095 3164 1121 ,
3211 1072 3278 1110 ne
3317 1056 3556 1112 videatur
3581 1025 3833 1126 contumelii

2326 1157 2446 1197 esse
2486 1143 2655 1209 illud,
2716 1143 2901 1210 Nihil,
2943 1146 3129 1215 adjicit
3178 1165 3192 1201 :
3248 1147 3381 1203 Fide
3428 1153 3685 1220 puri/itam
3723 1164 3835 1217 corda

2328 1251 2521 1289 eorum.
2559 1235 2624 1289 Et
2657 1236 2780 1292 hinc
2806 1238 2943 1292 tollit
2972 1240 3351 1310 suspicionem.
3386 1242 3836 1319 Expurgavitprimn

2330 1341 2667 1393 sermonem,
2700 1339 2755 1383 et
2784 1339 2912 1385 tunc
2955 1333 3192 1387 ostendit
3219 1347 3322 1389 non
3352 1336 3547 1391 malam
3571 1339 3749 1409 legem,
3773 1351 3836 1403 sed

2332 1422 2450 1474 illos
2474 1421 2715 1476 inlirmos
2744 1438 2883 1477 esse.

2401 1513 2455 1566 2.
2486 1514 2615 1568 Vide
2644 1517 2915 1585 quomodo
2936 1518 3250 1573 terribiliter
3275 1520 3504 1576 desinat.
3530 1521 3658 1579 Nihil
3681 1543 3733 1581 ex
3755 1547 3841 1597 pro-

2332 1605 2509 1674 phetis
2539 1607 2774 1677 loquitur
2797 1609 2946 1677 ipsis,
2977 1610 3070 1665 sed
3099 1627 3161 1665 ex
3191 1614 3545 1681 przescntibus
3574 1619 3730 1681 rebus,
3752 1638 3844 1690 qua-

2332 1716 2450 1754 rum
2475 1702 2574 1771 ipsi
2607 1711 2772 1758 testes
2794 1715 2969 1757 erant.
2989 1704 3121 1759 Jure
3150 1715 3203 1759 et
3235 1705 3311 1759 illi
3332 1716 3516 1775 postea
3542 1712 3843 1780 testificantur,

2334 1800 2389 1846 et
2432 1805 2738 1847 sermonem
2771 1797 3027 1849 roborant
3057 1813 3123 1850 ex
3154 1797 3218 1851 iis
3242 1839 3257 1863 ,
3303 1814 3422 1868 qua:
3459 1800 3570 1868 jam
3602 1801 3724 1857 facta
3745 1817 3843 1860 sunt.

2336 1882 2405 1937 Et
2448 1883 2569 1938 vide
2610 1900 2623 1937 :
2663 1885 2716 1940 in
2764 1885 3002 1941 Ecclesia
3048 1889 3307 1956 permittit
3352 1892 3526 1959 primo
3570 1898 3848 1962 quarstionem

2338 1976 2564 2039 moveri,
2596 1987 2650 2031 et
2681 1986 2807 2031 tunc
2834 1979 3089 2047 loquitur.
3119 1980 3253 2048 Quia
3282 1982 3442 2051 igitur
3469 1999 3573 2037 non
3606 1992 3851 2042 memorant

2337 2068 2703 2131 circumcisus,
2734 2069 2829 2124 sed
2854 2082 3040 2139 gentes
3066 2072 3193 2141 (hoc
3224 2075 3365 2127 enim
3398 2076 3643 2142 paulatim
3675 2080 3853 2133 insinua-

2341 2170 2451 2214 tum
2473 2202 2488 2225 ,
2520 2162 2723 2216 firmius
2749 2163 3047 2229 evadebat;
3081 2165 3210 2219 illud
3243 2182 3370 2220 vero
3393 2171 3647 2224 tentantis
3671 2182 3791 2238 erat,
3812 2188 3851 2226 an

2341 2255 2516 2323 possit
2546 2265 2665 2323 post
2691 2256 2860 2327 legem
2892 2258 3169 2329 servare);
3203 2260 3323 2313 vide
3354 2261 3483 2330 quid
3510 2261 3661 2317 faciat
3690 2283 3703 2317 :
3728 2276 3857 2320 osten-

2341 2346 2418 2399 dit
2445 2347 2563 2401 illos
2585 2347 2636 2401 in
2665 2349 2905 2416 periculo
2931 2365 3070 2414 esse,
3102 2350 3147 2405 si
3175 2351 3393 2420 quidem
3425 2352 3498 2420 id,
3530 2358 3668 2425 quod
3696 2372 3781 2410 non
3807 2373 3855 2425 pot

2342 2439 2441 2492 tuit
2464 2439 2547 2494 lex
2571 2480 2587 2505 ,
2622 2441 2793 2508 potuit
2823 2440 2954 2495 ﬁdes
2980 2458 2994 2504 ;
3026 2442 3115 2496 illa
3148 2458 3273 2497 vero
3302 2444 3569 2511 cadente,
3600 2463 3795 2503 necesse
3812 2464 3862 2503 est

2345 2531 2463 2584 illos
2495 2531 2547 2584 in
2573 2532 2859 2600 perniciem
2889 2533 2983 2586 ire.
3010 2533 3118 2587 Nec
3143 2533 3295 2599 dixit,
3324 2535 3588 2593 lncreduli
3616 2540 3749 2605 estis,
3767 2544 3861 2608 quod

2344 2623 2620 2676 molestius
2670 2624 2890 2685 fuisset.
2931 2640 3050 2679 cum
3097 2627 3327 2682 maxime
3372 2643 3461 2683 res
3501 2632 3669 2686 evicta
3706 2632 3865 2685 fuisset.

2353 2715 2705 2787 Jerusolymis
2733 2718 2894 2786 igitur
2930 2732 2993 2771 ex
3025 2719 3273 2787 gentibus
3315 2722 3445 2775 nulli
3490 2735 3646 2777 erant
3674 2766 3688 2789 ,
3733 2726 3865 2780 Antio-

2345 2810 2480 2862 chia:
2527 2819 2706 2864 autem
2741 2808 2906 2865 fuisse
2950 2821 3179 2866 constat.
3228 2812 3351 2868 Ideo
3397 2817 3776 2886 commigrant,
3808 2833 3870 2871 nec

2346 2902 2558 2955 modico
2589 2911 2830 2967 tempore
2857 2903 3014 2957 isthic
3041 2914 3278 2960 manent.
3312 2907 3725 2965 lnsurrexerunt
3746 2919 3867 2964 autem

2348 2992 2561 3062 quidam
2591 2992 2658 3046 de
2687 2993 2992 3059 Pharisaais,
3023 2995 3203 3050 adhuc
3224 2998 3546 3056 ambitionis
3569 3002 3747 3056 morbo
3770 3001 3868 3055 labu-

2352 3093 2553 3149 rantes,
2597 3092 2652 3136 et
2679 3083 2917 3139 volentes
2948 3085 3047 3139 sibi
3079 3087 3285 3142 merere
3313 3103 3409 3144 eos
3436 3131 3453 3156 ,
3483 3091 3578 3161 qui
3606 3107 3670 3145 ex
3692 3092 3871 3161 gentibus

2351 3184 2524 3228 erant.
2558 3175 2715 3245 Atqui
2763 3183 2818 3231 et
2864 3176 3057 3231 Paulus
3099 3179 3151 3232 in
3185 3178 3298 3250 lege
3327 3180 3529 3238 doctus
3570 3192 3720 3249 erat,
3758 3196 3875 3249 neque

2354 3273 2533 3321 tamen
2562 3266 2642 3320 sic
2663 3276 2779 3322 erat
2805 3266 3031 3323 affectus
3064 3286 3076 3321 :
3109 3280 3390 3339 postquam
3417 3281 3606 3326 autem
3633 3272 3745 3328 inde
3766 3286 3873 3326 vene-

2355 3369 2468 3420 rat,
2492 3357 2603 3427 jam
2632 3356 2824 3429 dogma
2855 3368 3157 3416 accuratius
3183 3373 3319 3417 erat.
3373 3362 3515 3417 Nam
3552 3365 3600 3419 si
3644 3364 3712 3429 ii,
3736 3363 3807 3433 qui
3827 3362 3879 3415 le-

2356 3451 2644 3522 rosolymis
2674 3460 2819 3518 Sltlll,
2867 3453 2997 3507 nihil
3044 3455 3351 3523 huiusmodi
3397 3459 3737 3527 prmeipiunt,
3771 3458 3881 3510 multo

2357 3541 2534 3598 minus
2557 3542 2630 3597 hi.
2663 3544 2851 3600 Viden’
2883 3555 3142 3617 quotquot
3169 3548 3536 3620 principatum
3558 3566 3663 3604 non
3687 3549 3879 3609 ambiunt,

2358 3636 2412 3690 in
2444 3635 2549 3691 ﬁde
2571 3637 2848 3707 gaudere?
2886 3638 3002 3693 Non
3031 3639 3328 3695 ambitiosae
3358 3642 3533 3712 igitur
3576 3651 3724 3697 erant
3762 3654 3885 3695 nam-

2362 3732 2557 3798 tiones,
2586 3746 2761 3801 neque
2788 3730 2855 3787 ad
2883 3732 3318 3801 ostentationem,
3353 3734 3453 3789 sed
3486 3733 3561 3789 ad
3596 3734 3886 3790 defensionem

2365 3824 2765 3895 praadicatiouis
2827 3826 3075 3904 gentibus
3130 3825 3285 3881 facta:
3340 3844 3357 3881 :
3415 3828 3556 3883 ideo
3603 3827 3727 3883 nihil
3765 3826 3889 3879 dicunt

2363 3933 2551 3975 eorum
2578 3960 2594 3986 ,
2626 3934 2747 3989 qua:
2774 3933 2897 3974 cum
2924 3903 3125 3975 Judzeis
3151 3903 3251 3975 sibi
3278 3932 3617 3977 evenerant.
3645 3921 3800 3991 Magna
3814 3925 3889 3971 erat

2365 4012 2659 4082 pertinacia
2687 4011 3102 4079 Pharisworum,
3129 4012 3220 4083 qui
3250 4013 3416 4068 etiam
3452 4025 3580 4083 post
3611 4014 3755 4069 fidem
3777 4012 3888 4077 legem

2367 4104 2653 4159 tuebantur
2676 4143 2690 4164 ,
2718 4117 2817 4158 nec
2840 4104 3285 4174 obtemperabant
3317 4107 3615 4174 apostolis.
3650 4104 3745 4160 Sed
3778 4098 3877 4157 ride.

2368 4213 2527 4267 quam
2586 4206 2863 4251 mansuete
2922 4212 3020 4253 nec
3066 4214 3187 4252 cum
3242 4200 3584 4257 ancteritate
3628 4201 3881 4270 loquantur:

2370 4289 2486 4345 haec
2512 4291 2708 4360 quippe
2742 4289 2987 4346 amabilia
3016 4300 3141 4346 sunt
3162 4334 3177 4359 ,
3211 4280 3505 4365 magisque
3531 4296 3710 4348 animo
3732 4290 3889 4359 infigun-

2371 4393 2478 4437 tur.
2506 4383 2697 4438 Viden’
2719 4397 2980 4453 nusquam
3013 4398 3134 4440 esse
3178 4388 3481 4441 verborum
3512 4387 3893 4444 ostentationem.

2372 4478 2464 4531 sed
2492 4492 2586 4546 per
2611 4491 2698 4531 res
2728 4476 2869 4547 ipsas
2897 4478 2979 4548 agi
3006 4487 3061 4533 et
3091 4493 3186 4549 per
3205 4478 3478 4548 Spiritum
3510 4477 3895 4536 saneturn2Atta-

2373 4587 2496 4628 men
2528 4585 2649 4625 cum
2681 4580 2759 4624 tot
2782 4570 2973 4627 indicia
3004 4570 3268 4627 haberent
3291 4615 3308 4636 ,
3352 4572 3550 4629 adhuc
3578 4581 3823 4628 mansuete
3854 4568 3902 4617 te

2375 4672 2630 4734 quuntur.
2667 4664 2734 4718 Et
2760 4662 2919 4730 vide,
2962 4679 3070 4718 non
3103 4664 3352 4729 veniunt,
3384 4664 3699 4720 accusaturi
3722 4673 3823 4723 eos.
3845 4650 3902 4723 ll“:

2379 4755 2680 4811 Antiochia:
2730 4765 2920 4821 erant;
2967 4756 3061 4809 sed
3093 4756 3237 4811 illinc
3268 4757 3477 4813 iterum
3512 4758 3819 4813 occasionem
3848 4762 3902 4800 511‘

2377 4860 2550 4904 munt.
2578 4850 2664 4905 Sic
2693 4849 3088 4904 meditabantur
3116 4847 3235 4902 aliis
3265 4864 3519 4918 prmesse
3543 4892 3559 4914 ,
3590 4849 3676 4919 qui
3721 4839 3902 4914 apostoli!

2379 4943 2743 4998 nescientibus
2774 4942 3087 5010 reprehensi
3119 4940 3262 4995 sunt.
3305 4943 3583 4997 Attamen
3632 4939 3753 4996 nihil
3777 4937 3902 4989 horum

2381 5037 2454 5089 illi
2483 5036 2854 5105 protulerunt;
2887 5045 2942 5088 at
2972 5035 3060 5089 ubi
3094 5034 3415 5103 probarunt,
3452 5046 3588 5090 tunc
3620 5030 3902 5088 vehementiut

2381 5130 2642 5186 scribunt.
2698 5130 2943 5200 Magnum
2999 5138 3147 5184 certe
3206 5127 3413 5197 ubique
3468 5130 3675 5183 bonum
3717 5123 3887 5193 aequius

2383 5224 2685 5292 aequitatem
2733 5223 2855 5276 dico
2876 5263 2891 5287 ,
2938 5236 3043 5275 non
3073 5219 3428 5291 frigiditatem
3454 5239 3471 5282 ;
3502 5222 3827 5289 aequitatem,
3850 5225 3902 5263 ηυι

2384 5316 2742 5369 adulationem
2779 5332 2791 5366 :
2823 5314 2938 5368 hrec
2981 5314 3124 5367 enim
3170 5312 3408 5367 multum
3458 5314 3611 5369 inter
3660 5328 3716 5368 se
3763 5309 3902 5363 distant

2458 5406 2551 5459 Ira
2583 5406 2854 5478 frenanda.
2882 5436 2952 5446 —
2978 5404 3122 5459 Nihil
3153 5405 3378 5460 Paulum
3430 5404 3787 5475 exasperabat
3806 5440 3816 5459 ,
3837 5390 3902 5447 nihl

2390 5499 2631 5554 Petrum.
2661 5499 2795 5553 Cum
2828 5498 2994 5553 habes
3014 5498 3549 5565 demonstrationes,
3577 5515 3676 5554 cur
3702 5490 3901 5552 irasceris

2388 5607 2455 5645 an
2500 5601 2556 5645 ut
2583 5591 2702 5647 illas
2733 5590 3002 5646 enches?
3027 5590 3143 5645 Non
3172 5598 3345 5660 potest
3379 5606 3655 5661 umquam
3676 5590 3821 5643 iratus
3846 5593 3902 5649 pel

2389 5683 2625 5739 suaderi.
2672 5683 2842 5737 Etiam
2871 5682 2986 5737 heri
3015 5682 3084 5737 de
3112 5683 3189 5736 ira
3234 5681 3651 5749 disseruimus;
3679 5677 3796 5736 nihil
3834 5680 3902 5749 velt

2391 5777 2676 5846 quominus
2725 5776 2887 5830 etiam
2942 5773 3101 5829 hodie
3156 5791 3170 5828 :
3234 5771 3509 5844 frequens
3578 5774 3717 5829 forte
3764 5744 3902 5823 homl

2391 5870 2661 5946 quidpiam
2689 5860 2919 5926 efﬁciet.
2953 5867 3086 5923 Nam
3110 5866 3475 5940 pharmacum
3514 5868 3631 5923 vim
3660 5863 3845 5921 habens
3872 5867 3902 5909 ct
