4100 6354
117 264 234 320 935

111 387 308 451 λόγου
334 379 577 434 τούτου.
636 378 886 448 Πολλῆς
915 378 984 432 δὲ
1027 378 1412 447 συζητήσεως
1454 376 1804 447 γενομένης,

114 467 398 534 ἀντιστὰς
423 467 648 535 Πέτρος
667 463 800 521 εἷπε
822 468 972 534 πρὸς
985 468 1209 533 αὐτούς
1227 479 1243 495 ⁸
1266 465 1508 534 Ἄνδρες
1528 463 1803 534 ἀδελφοὶ,

112 559 286 626 ὑμεῖς
311 557 674 620 ἐπίστασθε,
708 556 795 609 ότι
819 557 903 625 ἀφ
919 557 933 576 ’
957 555 1195 626 ἡμερῶν
1216 555 1480 624 ἀρχαίων
1504 557 1537 608 ὁ
1567 554 1710 619 Θεὸς
1736 553 1806 606 ἑν

115 645 258 713 ὑμῖν
303 644 636 708 ἐξελέξατο
677 644 776 698 διὰ
815 645 923 697 τοῦ
973 645 1271 712 στόματός
1291 661 1412 712 μου
1445 641 1706 697 ἀκοῦσαι
1737 641 1810 696 τὰ

112 733 263 800 ἔθνη
288 733 404 785 τὸν
424 734 615 802 λόγον
635 731 741 786 τοῦ
775 732 1148 801 εὐαγγελίου,
1179 731 1277 784 καὶ
1304 729 1646 784 πιστεῦσαι.
1670 731 1812 800 ὐρα

111 821 202 874 τὸν
231 820 454 891 Πέτρον
502 820 709 875 ἄνωθεν
749 821 1155 892 κεχωρισμένον
1187 819 1281 872 τοῦ
1334 820 1680 890 πράγματος,
1716 819 1810 871 κού⁸

118 909 283 978 μέχρι
318 907 425 962 τοῦ
474 908 574 962 νῦν
637 908 989 973 ἰουδαΐζοντα.
1034 908 1232 977 Ὑμεῖς
1266 908 1615 971 ἐπίστασθε,
1652 910 1806 977 φησί.

117 996 264 1068 βω]
294 997 573 1069 Παρῆσαν
598 998 730 1060 ἴσως
759 998 853 1050 καὶ
887 997 934 1050 οἱ
963 995 1354 1064 ἐγκαλέσαντες
1381 995 1529 1065 αὐτῷ
1553 995 1645 1048 ἐπὶ
1671 997 1812 1065 Κορ-

115 1089 301 1159 νηλίου
347 1088 550 1152 πάλαι,
607 1088 702 1140 καὶ
753 1086 1084 1150 εἰσελθόντες
1129 1088 1246 1157 μετ’
1289 1084 1494 1138 αὐτοῦ’
1531 1085 1618 1138 διὰ
1653 1085 1811 1138 τοῦτο

115 1177 314 1239 αὖτοὺς
371 1177 620 1248 παράγει
667 1175 972 1246 μάρτυρας.
1025 1175 1152 1243 Ἀφ’
1180 1171 1418 1242 ἡμερῶν
1440 1173 1706 1241 ἀρχαίων
1741 1173 1812 1226 ἐν

117 1267 254 1336 ὑμῖν
289 1270 324 1320 ό
359 1267 510 1333 Θεὸς
535 1265 878 1332 ἐξελέξατο.
915 1265 980 1318 Τί
1011 1267 1177 1328 ἐστιν,
1219 1265 1322 1318 Ἐν
1349 1263 1525 1332 ὑμῖν;
1567 1264 1724 1316 Ἤτοι
1753 1266 1810 1316 ἐν

118 1355 463 1426 Παλαιστίνῃ
490 1396 506 1420 ,
546 1355 742 1424 φησὶν,
774 1349 807 1424 ἢ
847 1353 1132 1424 παρόντων
1166 1352 1343 1422 ὑμῶν.
1375 1354 1479 1405 Διὰ
1526 1351 1633 1404 τοῦ
1671 1352 1811 1404 στό-

109 1444 298 1510 ματός
319 1460 476 1511 μου.
510 1441 654 1511 Ὅρα
684 1441 802 1504 πῶς
821 1441 1060 1494 δείκνυσι
1082 1440 1172 1492 τὸν
1199 1438 1333 1492 Θεὸν
1358 1439 1425 1491 δι’
1452 1438 1615 1492 αὐτοῦ
1643 1438 1808 1507 φθεγ-

111 1533 365 1602 γόμενον,
403 1531 502 1584 καὶ
526 1530 678 1582 οὐδὲν
703 1527 1062 1600 ἀνθρώπινον.
1120 1527 1232 1582 Καὶ
1263 1531 1297 1582 ὁ
1326 1525 1807 1597 καρδιογνώστης

115 1619 256 1686 θεὸς
279 1620 710 1688 ἐμαρτύρησεν
727 1616 952 1684 αὐτοῖς.
997 1616 1119 1670 Ἐπὶ
1145 1617 1247 1687 τὴν
1275 1615 1651 1687 πνευματικὴν
1677 1615 1809 1669 ἀνά-

110 1727 191 1777 γει
249 1707 572 1779 μαρτυρίαν
626 1705 843 1769 αὐτούς.
877 1704 1029 1772 Δοὺς
1073 1704 1279 1771 αὐτοῖς
1335 1704 1402 1757 τὸ
1458 1703 1700 1772 Πνεῦμα
1739 1702 1806 1755 τὸ

110 1795 299 1862 ἄτιον,
358 1794 566 1858 καθὼς
596 1793 696 1845 καὶ
737 1791 901 1860 ἡμῖν.
931 1791 1074 1860 Ὅρα
1121 1789 1237 1852 πῶς
1264 1801 1289 1829 ιι
1326 1787 1608 1858 πανταχοῦ
1637 1787 1810 1852 ἐξισοῖ

110 1883 173 1934 τά
201 1880 362 1951 ἔθνη.
410 1881 525 1933 Καὶ
578 1878 762 1933 οὐδὲν
808 1877 1067 1946 διέκρινε
1112 1876 1339 1948 μεταξὺ
1373 1875 1546 1945 ἡμῶν
1586 1894 1649 1930 τε
1708 1875 1807 1930 καί

107 1966 330 2031 αὐτῶν,
387 1967 468 2035 τῇ
530 1969 733 2020 πίστει
780 1967 1114 2034 καθαρίσας
1149 1965 1253 2031 τὰς
1285 1966 1537 2033 καρδίας
1582 1964 1802 2020 αὐτῶν.

121 2058 251 2112 Ἀπὸ
295 2058 411 2128 τῆς
464 2057 702 2121 πίστεως
761 2057 949 2127 μόνης,
1004 2057 1161 2126 φησὶ,
1197 2054 1308 2108 τῶν
1356 2055 1536 2110 αὐτῶν
1593 2055 1802 2126 ἔτυχον.

110 2149 404 2199 Κάκείνων
459 2144 635 2199 ταῦτα
669 2145 1026 2215 ἐντρεπτικά·
1063 2144 1264 2214 μᾶλλον
1302 2143 1358 2197 δὲ
1391 2145 1484 2198 καὶ
1512 2144 1754 2207 ἐκείνους
1777 2145 1805 2184 b

108 2235 315 2298 ἰιδάξαι
343 2233 601 2294 δύναται,
632 2233 714 2286 ὅτι
739 2232 975 2297 πίστεως
1011 2232 1092 2285 δεῖ
1123 2231 1293 2302 μόνης
1313 2273 1328 2298 ,
1365 2232 1462 2285 καὶ
1491 2231 1592 2284 οὐκ
1628 2231 1807 2302 ἔργων

274 2322 617 2392 περιτομῆς.
675 2321 750 2373 Οὐ
800 2319 908 2392 γὰρ
941 2319 1006 2391 δὴ
1040 2320 1180 2392 ὑπὲρ
1234 2319 1344 2372 τῶν
1392 2319 1561 2373 ἐθνῶν
1609 2319 1807 2373 ἀπολοο

109 2413 372 2482 γούμενοι
426 2409 604 2463 ταῦτα
641 2409 863 2478 λέγουσι
912 2409 1094 2480 μόνον,
1149 2407 1288 2461 ἀλλά
1333 2408 1620 2472 κάκείνους
1677 2425 1805 2460 παι-

106 2503 359 2564 δεύοντες
400 2499 710 2568 ἀποστῆναι
757 2498 849 2552 τοῦ
895 2499 1084 2568 νόμον.
1129 2497 1290 2551 Ἀλλά
1335 2497 1474 2560 τέως
1514 2495 1666 2550 οὔπω
1718 2495 1808 2550 λέ-

107 2608 262 2658 γουσι
291 2589 484 2641 τοῦτο.
512 2587 641 2641 Νῦν
672 2582 788 2642 οὖν
830 2587 890 2639 τί
935 2585 1236 2655 πειράζετε
1270 2587 1376 2640 τὸν
1407 2585 1558 2639 Θεὸν
1593 2583 1808 2637 ἐπιθεῖ-

105 2696 200 2732 ναι
235 2676 430 2745 ζυγὸν
469 2675 570 2728 ἐπὶ
606 2674 714 2728 τὸν
745 2673 1053 2742 τράχηλον
1096 2673 1215 2726 τῶν
1240 2672 1523 2742 μαθητῶν
1567 2671 1640 2726 ὃν
1669 2673 1807 2726 οὔτε

106 2771 156 2820 οἱ
194 2768 466 2832 πατέρες
504 2763 694 2831 ἡμῶν,
722 2764 861 2816 οὔτε
893 2762 1064 2830 ἡμεῖς
1087 2762 1430 2830 ἰσχύσαμεν
1453 2759 1806 2824 βαστάσαι;

118 2855 308 2910 Ἀλλά
339 2855 443 2908 διὰ
482 2850 590 2921 τῆς
620 2853 861 2921 χάριτος
887 2850 993 2903 τοῦ
1027 2851 1243 2919 Κυρίου
1279 2849 1483 2916 Ἰησοῦ
1524 2850 1807 2904 πιστεύοι

105 2961 217 3012 μεν
268 2941 594 3009 σωθῆναι,
653 2940 783 2994 καθ’
819 2939 891 2993 ὃν
948 2940 1172 3006 τρόπον
1222 2938 1508 2994 κάκεῖνοι.
1553 2937 1619 2990 Τί
1665 2940 1803 3004 ἐστι,

111 3029 425 3100 Πειράζετε
462 3028 572 3082 τὸν
613 3028 799 3090 Θεόν;
836 3025 902 3080 Τί
940 3025 1245 3090 ἀπιστεῖτε,
1277 3025 1431 3095 φησὶ,
1467 3024 1544 3096 τῷ
1573 3025 1722 3096 Θεῷς
1751 3026 1804 3080 τί

111 3117 410 3190 πειράζετε
439 3117 604 3169 αὐτὸν
627 3116 704 3178 ὡς
729 3116 828 3168 οὐκ
863 3112 1116 3184 ἰσχύοντα
1137 3112 1309 3166 σῶσαι
1330 3115 1395 3183 τῇ
1415 3111 1595 3165 πίστει
1618 3129 1632 3176 ;
1660 3115 1804 3183 Ἀρα

109 3208 375 3269 ἀπιστίας
429 3206 550 3258 ἐστὶ
581 3204 640 3257 :0
664 3203 753 3256 τὸν
777 3203 940 3273 νόμον
974 3202 1265 3273 εἰσφέρειν.
1301 3196 1433 3254 Εἶτα
1449 3200 1687 3253 δείκνυσι
1710 3200 1803 3254 καὶ

109 3297 306 3359 αὐτοὺς
345 3293 505 3347 οὐδὲν
550 3291 989 3362 ὠφελουμένους,
1030 3289 1208 3342 καὶτὸ
1251 3289 1360 3341 πᾶν
1403 3287 1495 3340 ἐπὶ
1527 3287 1618 3341 τὸν
1641 3287 1804 3358 νόμον

111 3386 362 3456 στρέφει,
392 3383 498 3435 οὐκ
530 3382 617 3432 ἐπ’
652 3380 870 3442 αὐτοὺς,
905 3378 1000 3433 καὶ
1021 3379 1120 3447 τὴν
1145 3377 1480 3447 κατηγορίαν
1507 3376 1804 3445 ὑποτέμνε-

110 3493 213 3527 ται.
253 3476 374 3527 Ὀν
395 3473 510 3525 οὐκ
541 3471 883 3538 ἰσχύσαμεν
904 3466 1070 3536 ἡμεῖς
1101 3466 1200 3520 καί
1228 3469 1280 3518 οι
1325 3466 1580 3534 πατέρες
1609 3466 1801 3535 ἡμῶν,

113 3565 259 3633 φησι,
287 3560 646 3628 βαστάσαι·
694 3558 856 3612 ἀλλὰ
879 3557 976 3610 διὰ
1006 3557 1115 3625 τῆς
1163 3556 1404 3624 χάριτος
1433 3556 1539 3610 τοῦ
1577 3558 1802 3622 Κυρίου

125 3651 332 3718 Ἰησοῦ
355 3649 728 3716 πιστεύομεν
743 3645 1007 3714 σωθῆναι
1024 3646 1153 3698 καθ’
1175 3643 1247 3696 ὃν
1270 3645 1493 3712 τρόπον
1514 3643 1796 3697 κάκεῖνοι.

114 3739 287 3809 Πόσης
341 3737 636 3806 δυνάμεως
675 3734 835 3806 γέμει
879 3731 1051 3786 ταῦτα
1107 3731 1178 3785 τὰ
1232 3733 1480 3802 ρήματαί
1545 3732 1726 3801 "Amp
1772 3733 1801 3784 ό

118 3828 323 3890 Παῦλος
350 3825 443 3878 διὰ
486 3824 698 3876 πολλῶν
732 3823 790 3874 ἐν
832 3823 896 3892 τῇ
929 3821 1064 3892 πρὸς
1107 3821 1413 3888 Ῥωμαίους
1441 3815 1560 3872 εἶπε
1581 3861 1595 3882 ,
1625 3819 1800 3873 ταῦτα

118 3918 200 3968 καὶ
228 3911 415 3976 οὗτος.
439 3914 506 3965 El
524 3912 635 3980 γὰρ
675 3907 944 3978 Ἀϐραὰμ,
966 3909 1151 3979 φησὶν,
1171 3908 1241 3972 ἐξ
1256 3908 1444 3977 ἔργων
1465 3905 1797 3974 ἐδικαιώθη,

119 4007 229 4072 ἔχει
276 4004 592 4070 καύχημα,
649 3997 786 4053 ἀλλ’
846 4001 917 4052 οὐ
972 3996 1121 4065 πρὸς
1151 3997 1258 4049 τὸν
1291 3997 1458 4050 Θεόν.
1497 3996 1679 4067 Ὁρᾷς,
1719 3996 1799 4049 ὅτι

118 4097 315 4148 τούτων
347 4090 554 4163 μᾶλλόν
581 4091 696 4141 ἐστι
730 4086 889 4139 τοῦτο
915 4084 1280 4147 παιδευτικὸν,
1310 4085 1343 4154 ἢ
1367 4083 1630 4151 ἀπολογία
1659 4083 1799 4155 ὑπὲρ

119 4185 215 4238 τῶν
239 4183 457 4246 ἐθνῶν;
517 4180 659 4232 Ἀλλ’
698 4179 746 4231 εἰ
777 4177 874 4247 μὲν
906 4177 1076 4248 χωρὶς
1111 4177 1438 4248 προφάσεως
1481 4174 1658 4228 ταῦτα
1686 4175 1800 4228 ἔλε-

118 4291 221 4339 γεν,
285 4272 426 4333 ἴσως
459 4267 710 4338 οὐδαμῶς
765 4264 1006 4327 ὕποπτος
1051 4259 1155 4334 ἦν·
1200 4264 1377 4333 ἀρχῆς
1419 4264 1475 4316 δέ
1504 4263 1798 4334 λαϐόμενος

120 4361 385 4422 ἐντεῦθεν,
418 4356 614 4410 λοιπὸν
646 4353 816 4416 ἀδεῶς
859 4353 1175 4421 φθέγγεται.
1219 4352 1330 4405 Καὶ
1368 4352 1472 4422 δρα
1520 4351 1796 4421 πανταχοῦ

119 4453 178 4504 τὰ
198 4448 352 4520 παρὰ
381 4446 496 4500 τῶν
527 4443 737 4515 ἐχθρῶν
769 4442 885 4513 μετ’
918 4440 1100 4495 αὐτῶν
1141 4441 1420 4511 γινόμενα.
1465 4441 1527 4494 Εἰ
1575 4442 1649 4512 μὴ
1689 4440 1798 4512 γὰρ

122 4539 372 4608 ἐκίνησαν
405 4537 630 4598 ἐκεῖνοι,
657 4531 756 4584 οὐκ
776 4530 841 4582 ἂν
873 4530 1046 4582 ταῦτα
1073 4529 1286 4598 ἐλέχθη,
1328 4529 1435 4581 οὐδ’
1469 4529 1534 4582 ἂν
1566 4529 1634 4582 τὰ
1661 4530 1798 4599 μετὰ

121 4627 303 4681 ταῦτα.
350 4620 641 4677 Ἐντεῦθεν
682 4618 1080 4689 μανθάνουσιν,
1131 4618 1213 4670 ὅτι
1263 4620 1311 4670 εἰ
1345 4617 1439 4670 καὶ
1494 4617 1568 4688 μὴ
1626 4634 1796 4688 προσ-

123 4715 342 4782 άγεσθαι
375 4712 573 4782 ἦθελον
606 4707 674 4761 τὰ
698 4706 859 4778 ἐθνη,
895 4707 955 4759 οὐ
991 4705 1071 4758 δεῖ
1098 4705 1297 4767 αὐτοὺς
1341 4706 1607 4776 παρορᾷν.
1658 4705 1795 4758 Ἀλλ’

124 4804 309 4871 ἴδωμεν
363 4799 574 4854 ἄνωθεν
616 4797 682 4849 τὰ
717 4794 1003 4866 εἰρημένα.
1047 4794 1149 4846 Ἔν
1182 4792 1341 4860 ὑμῖν,
1383 4795 1566 4862 φησὶν,
1599 4792 1799 4857 ἐξελέ-

125 4891 274 4954 ξατο,
323 4888 427 4941 καὶ
461 4887 562 4953 ἀφ’
595 4881 832 4952 ἡμερῶν
856 4882 1141 4950 ἀρχαίων.
1183 4880 1355 4933 Τοῦτο
1398 4876 1539 4943 εἷπε,
1583 4879 1798 4942 δεικνὺς

124 4981 195 5031 ὅτι
225 4977 398 5031 πάλαι
421 5015 434 5037 ,
465 4976 526 5027 ού
564 4973 679 5027 νῦν.
714 4972 787 5024 Ού
820 4971 1012 5042 μικρὸν
1053 4971 1111 5023 δὲ
1150 4970 1210 5022 τὸ
1257 4970 1350 5021 καὶ
1397 4968 1668 5021 Ἰουδαίων
1709 4986 1799 5021 πιοο

129 5069 418 5121 στεοόντων
440 5063 603 5117 τοῦτο
631 5061 1069 5132 ἀποστραφῆναι.
1100 5059 1204 5111 Δύο
1229 5057 1438 5120 τούτοις
1474 5057 1502 5109 ὃ
1536 5057 1682 5125 λέγει
1710 5075 1799 5110 πι-

128 5156 359 5222 στοῦται,
392 5153 474 5224 τῷ
503 5150 679 5222 καιρῷ
705 5151 800 5202 καὶ
824 5149 901 5219 τῷ
922 5149 1092 5219 τόπῳ.
1125 5147 1235 5201 Καὶ
1278 5147 1360 5208 τὸ,
1407 5143 1759 5210 Ἐξελέξατο
1781 5186 1795 5211 ,

127 5247 324 5308 καλῶς·
373 5242 569 5311 ὥσπερ
613 5240 699 5291 ἐπ’
743 5237 922 5292 αὐτῶν
948 5237 1048 5290 οὐκ
1099 5231 1276 5296 εἶπεν,
1315 5234 1628 5303 Ἥθέλησεν,
1661 5234 1796 5297 ἀλλ’,

136 5332 508 5397 Ἐξελέξατο.
548 5328 718 5380 Πόθεν
751 5325 910 5379 τοῦτο
933 5323 1126 5394 δῆλον;
1175 5323 1307 5375 Ἀπὸ
1334 5320 1428 5374 τοῦ
1459 5321 1796 5392 Πνεύματος,

129 5423 297 5490 φησίν.
332 5416 471 5472 Εἶτα
509 5416 780 5469 δείκνυσιν
810 5415 929 5484 οὐχὶ
956 5413 1178 5483 χάριτος
1209 5410 1416 5474 ἁπλῶς,
1445 5409 1559 5462 ἀλλ’
1595 5411 1798 5481 ἀρετῆς

129 5509 420 5580 μαρτύριον
464 5505 652 5566 αὐτοῖς
689 5502 846 5555 τοῦτο
892 5500 1212 5570 γινόμενον,
1256 5499 1352 5551 καὶ
1381 5498 1532 5551 οὐδὲν
1576 5498 1796 5553 ἔλαττον

127 5598 297 5658 αὐτοῖς
347 5591 660 5664 παρασχόν.
710 5590 875 5643 Οὐδὲν
925 5589 1056 5659 γὰρ,
1105 5588 1258 5657 φησί,
1303 5585 1537 5656 διέκρινε
1595 5587 1797 5656 μεταξὺ

124 5683 272 5751 ἡμῶν
299 5700 362 5734 τε
391 5681 487 5732 καὶ
516 5678 716 5731 αὐτῶν.
747 5678 888 5747 ’Ἄρα
919 5675 1145 5747 καρδίας
1181 5674 1262 5727 δεῖ
1285 5672 1565 5743 πανταχοῦ
1594 5674 1798 5741 ζητεῖν.

125 5771 226 5823 Καὶ
255 5769 535 5841 εὐκαίρως
577 5763 765 5819 εἶπεν·
808 5765 872 5818 Ὀ
911 5763 1396 5833 καρδιογνώστης
1437 5761 1582 5826 Θεὸς
1619 5761 1800 5829 ἐμαρ-

181 5887 364 5957 ξὊμ
381 5886 490 5957 πῶς
507 5884 654 5933 deest
683 5883 736 5932 in
761 5881 1070 5946 quibusdam.
1135 5877 1166 5920 1³
1197 5877 1294 5928 Alii
1315 5873 1467 5926 ταῦτα
1492 5875 1796 5926 παιδευτικὰ.

126 5947 264 5999 ταῦτα
285 5947 370 5996 καὶ
395 5947 618 6002 ἐκείνους.

1151 263 1220 320 ΙΝ
1248 263 1430 320 ACTA
1464 259 2274 335 Αροετοωῐιυιιηηουιι.
2316 261 2532 318 XXXII.

3475 261 3584 320 236
3595 267 3600 274 ’

1910 377 2176 446 τύρησεν
2203 378 2408 444 αὐτοῖς
2434 395 2447 408 ο
2479 377 2554 442 ὡς
2587 378 2681 434 καὶ
2707 380 2840 443 ἐκεῖ,
2866 379 2971 445 Σὺ,
3005 382 3202 449 Κύριε,
3233 382 3583 456 καρδιογνῶ-

1911 479 2030 519 στα
2055 465 2317 531 πάντων,
2345 467 2686 531 ἀνάδειξον.
2717 468 2838 522 ’Ότι
2871 468 2980 539 γὰρ
3005 469 3166 522 τοῦτο
3189 467 3454 538 βούλεται,
3481 476 3583 545 δρα

1913 554 1966 606 τί
2004 553 2156 627 [250]
2193 557 2419 624 ἐπάγει·
2451 558 2533 610 ὅτι
2558 557 2751 611 Οὐδὲν
2781 557 3038 626 διέκρινε
3067 561 3297 629 μεταξὺ
3324 563 3492 631 ἡμῶν
3518 581 3584 620 τε

1913 643 2013 696 καί
2041 644 2258 698 αὐτῶν.
2297 646 2426 699 Ὅτε
2469 640 2622 700 εἶπεν
2650 646 2832 700 αὐτῶν
2860 649 2960 714 τὴν
2999 649 3308 720 μαρτυρίαν
3327 691 3340 713 ,
3375 652 3493 704 τότε
3519 653 3604 706 τὸ.

1915 731 2059 800 μέγα
2090 732 2248 785 τοῦτο
2269 733 2589 803 ἐφθέγξατο,
2618 735 2756 805 ὅπερ
2785 735 2994 799 Παῦλός
3020 753 3184 805 φησιν
3202 754 3217 768 ο
3251 739 3399 791 Οὔτε
3428 755 3585 808 περι-

1910 819 2059 888 τομή
2112 839 2166 874 τι
2216 823 2447 890 ἰσχύει,
2493 825 2630 876 οὔτε
2665 824 3070 891 ἀκροϐυστίαο
3128 826 3242 889 καὶ,
3272 828 3395 880 Ἵνα
3441 828 3607 894 τοὺς

1910 906 2019 963 δύο
2047 911 2225 978 κτίσῃ
2251 911 2322 962 ἐν
2350 911 2564 977 ἐαυτῷ.
2597 912 2819 968 ΙΙάντων
2860 915 3065 968 τούτων
3093 917 3163 970 τά
3207 917 3499 987 σπέρματα
3525 921 3585 972 ἐν

1911 1000 1974 1068 τῇ
2024 997 2230 1067 Πέτρου
2268 999 2582 1070 δημηγορία
2636 1005 2831 1054 κεῖται.
2881 1003 2991 1056 Καὶ
3036 1005 3134 1056 οὐκ
3157 999 3301 1065 εἷπε,
3356 1005 3477 1057 Τῶν
3520 1007 3601 1060 ἐκι

1911 1086 2210 1156 περιτομῆς
2233 1127 2248 1150 ,
2287 1086 2455 1148 ἀλλὰ,
2489 1088 2730 1150 Μεταξὺ
2762 1088 2950 1156 ἡμῶν,
2987 1093 3262 1155 τουτέστι,
3300 1095 3410 1147 τῶν
3451 1097 3592 1149 ἀπο-

1912 1173 2134 1224 στόλων.
2169 1171 2320 1235 Εἶτα,
2361 1174 2447 1227 ἵνα
2486 1176 2560 1245 μὴ
2595 1175 2722 1247 δόξῃ
2753 1175 2911 1247 ὕϐρις
2943 1173 3084 1231 εἶναι
3122 1180 3184 1232 τὸ
3227 1182 3453 1246 Οὐδὲν,
3483 1186 3587 1236 ἐπτ-

1911 1260 2067 1328 ἀγει·
2129 1264 2336 1315 Πίστει
2374 1264 2706 1330 καθαρίσας
2768 1266 2876 1331 τὰς
2924 1268 3172 1335 καρδίας
3218 1270 3436 1325 αὐτῶν.
3475 1273 3570 1327 Κσ

1910 1351 2124 1420 ἀναιρεῖ
2154 1351 2252 1421 τὴν
2295 1352 2549 1404 ὑπόνοιαν
2589 1351 2675 1404 διὰ
2711 1352 2924 1407 τούτου.
2968 1355 3294 1428 Ἐξεκάθαρε
3322 1359 3584 1430 πρότερον.

1909 1437 1999 1490 τὸν
2044 1439 2220 1506 λόγον,
2253 1440 2348 1492 καὶ
2385 1440 2505 1492 τότε
2547 1440 2819 1494 δείκνυσιν
2847 1442 2966 1512 ούχὶ
3000 1445 3235 1516 πονηρὸν
3265 1446 3354 1498 τὸν
3395 1448 3582 1518 νόμον¹

1909 1525 2024 1579 ἀλλ’
2052 1527 2250 1591 αὐτοὺς
2281 1528 2550 1592 ἀσθενεῖς.

1982 1614 2047 1684 β’.
2082 1615 2228 1686 Ὅρα
2268 1617 2382 1678 πῶς
2426 1620 2506 1680 εἰς
2547 1617 2776 1690 φοϐερὸν
2808 1618 3121 1689 κατέληξεν.
3150 1621 3318 1675 Οὐδὲν
3345 1622 3454 1676 ἀπὸ
3477 1623 3586 1678 τῶν

1910 1703 2204 1774 προφητῶν
2258 1705 2440 1768 αύτοῖς
2491 1705 2817 1773 διαλέγεται,
2865 1706 2980 1759 ἀλλ’
3011 1706 3117 1760 ἀπὸ
3151 1708 3258 1760 τῶν
3300 1709 3585 1778 παρόντων

1910 1792 2273 1863 πραγμάτων,
2297 1786 2373 1845 ὦν
2396 1793 2549 1846 αὐτοὶ
2578 1795 2856 1866 μάρτυρες
2877 1790 3036 1866 ἦσαν.
3063 1796 3301 1859 Εἰκότως
3319 1799 3413 1850 καὶ
3431 1798 3587 1851 ιπιύτοί⁸

1907 1878 2093 1933 λοιπὸν
2168 1880 2637 1956 ἐπιμαρτυροῦσι,
2705 1884 2796 1936 καὶ
2855 1882 2948 1936 τὸν
3009 1882 3168 1952 λόγον
3236 1885 3585 1956 ἰσχυρότερον

1908 1967 2122 2021 ποιοῦσι
2145 1971 2257 2033 τοῖς
2297 1970 2394 2041 ἤδη
2423 1971 2756 2041 γενομένοις.
2792 1972 2901 2025 Καὶ
2927 1973 3050 2043 ὅρα,
3079 1975 3136 2025 ἐν
3183 1976 3249 2044 τῇ
3285 1973 3588 2047 Ἐκκλησία

1909 2059 2186 2127 συγχωρεῖ
2230 2057 2444 2127 πρῶτον
2496 2056 2725 2129 ζήτησιν
2775 2059 3067 2127 γενέσθαι,
3105 2061 3196 2114 καὶ
3242 2061 3362 2114 τότε
3411 2061 3582 2129 λέγει.

1921 2144 2075 2197 Ἐπεὶ
2115 2141 2211 2198 οῦν
2263 2146 2361 2197 οὐκ
2397 2142 2537 2212 εἰπε,
2594 2147 2715 2200 Τῶν
2769 2149 2833 2201 ἐκ
2881 2150 3208 2219 περιτομῆς,
3267 2150 3425 2216 ἀλλὰ,
3466 2149 3586 2202 Τῶν

1908 2230 2079 2284 ἐθνῶν
2131 2231 2327 2300 (τοῦτο
2359 2233 2469 2306 γὰρ
2531 2234 2673 2288 κατά
2731 2235 2926 2306 μικρὸν
2981 2237 3321 2304 ἐπαγόμενον
3377 2238 3586 2306 ἐγίνετο

1913 2321 2279 2394 ἰσχυρότερον,
2327 2323 2504 2376 ἐκεῖνο
2538 2324 2594 2377 δὲ
2636 2317 2704 2396 ἦν
2735 2325 3105 2394 πειράζοντος,
3151 2327 3200 2377 εἰ
3242 2325 3464 2378 δύναται
3491 2326 3587 2378 καί⁸

1911 2410 2050 2480 μετά
2074 2410 2238 2480 νόμον
2267 2411 2515 2479 σῶσαι),
2550 2412 2653 2480 δρα
2696 2411 2750 2464 τί
2782 2415 2960 2465 ποιεῖ·
2987 2413 3258 2465 δείκνυσιν
3289 2413 3485 2477 αὐτοὺς
3526 2415 3585 2467 ἐν

1908 2497 2159 2568 κινδύνῳ,
2212 2500 2266 2552 εί
2292 2516 2353 2568 γε
2387 2501 2525 2571 ὅπερ
2557 2501 2659 2554 οὐκ
2716 2500 2934 2571 ίσχυσεν
2962 2502 2990 2553 ό
3039 2503 3237 2571 νόμος,
3291 2503 3509 2571 ἴσχυσεν
3548 2503 3583 2574 ἡ

1907 2585 2122 2649 πίστις·
2173 2587 2376 2656 ταύτης
2419 2587 2476 2640 δέ
2530 2588 2937 2658 ὲκπιπτούσης,
2982 2589 3197 2659 ἀνάγκη
3250 2590 3491 2652 αὑτοῦςει
3525 2591 3586 2642 ἐν

1906 2671 2152 2742 ἀπωλείᾳ
2189 2669 2350 2726 εἶναι.
2380 2675 2490 2727 Καὶ
2543 2676 2643 2728 οὐκ
2690 2671 2878 2741 εἶπεν,
2931 2676 3272 2738 Ἀπιστεῖτε,
3326 2677 3466 2748 ὅπερ
3513 2672 3586 2748 ἦν

1907 2760 2329 2833 φορτικώτερον,
2364 2764 2458 2816 καὶ
2487 2764 2664 2818 ταῦτα
2690 2764 3054 2834 ἐληλεγμένου
3088 2763 3183 2816 τοῦ
3236 2765 3584 2835 πράγματος.

1919 2849 2007 2903 Ἐν
2037 2851 2138 2920 μὲν
2191 2847 2286 2904 οὖν
2341 2855 2452 2914 τοῖς
2511 2852 2910 2923 Ἰεροσολύμοις
2967 2853 3069 2906 οὐκ
3115 2847 3256 2922 ἦσαν
3306 2852 3366 2916 ἐξ
3412 2852 3585 2910 ἐθνῶν

1905 2954 2068 3002 τινες,
2101 2941 2159 2992 ἐν
2184 2938 2239 2992 δέ
2284 2940 2583 3010 Ἀντιοχείᾳ
2611 2939 2756 3002 εἰκὸς
2779 2936 2944 2995 εἶναι.
2980 2940 3079 2994 Διά
3114 2940 3272 2994 τοῦτο
3294 2940 3390 2994 καὶ
3420 2939 3585 3012 ἀπέρε

1904 3045 2109 3097 χονται,
2141 3028 2234 3080 καὶ
2258 3025 2592 3098 διατρίϐουσι
2633 3028 2824 3098 χρόνον
2865 3028 2964 3081 οὐκ
3017 3028 3196 3096 ὀλίγον
3235 3029 3369 3082 ἐκεῖ.
3408 3029 3587 3094 Ἐξαν-

1906 3115 2143 3184 έστησαν
2199 3115 2255 3167 δέ
2309 3131 2455 3178 τινες
2489 3114 2599 3167 τῶν
2654 3117 2988 3186 Φαρισαίων,
3048 3116 3127 3169 ἔτι
3157 3116 3443 3180 νοσοῦντες
3481 3118 3582 3188 τὴν

1905 3202 2220 3274 φιλαρχίαν,
2265 3202 2360 3256 καὶ
2414 3202 2727 3272 βουλόμενοι
2767 3205 2902 3274 πρὸς
2935 3205 3133 3268 αὐτοὺς
3162 3204 3306 3275 ἔχειν
3355 3207 3482 3269 τοὺς
3521 3205 3581 3272 ἐξ

1904 3290 2094 3345 ἐθνῶν.
2155 3291 2348 3344 Καίτοι
2406 3293 2500 3345 καὶ
2535 3292 2747 3356 Παῦλος
2794 3294 3110 3364 νομομαθὴς
3163 3292 3252 3366 ἦν,
3310 3294 3426 3348 ἀλλ’
3480 3297 3581 3349 οὐκ

1904 3377 2109 3449 ἔπασχε
2140 3378 2327 3432 τοῦτο·
2379 3379 2566 3450 ἐπειδὴ
2610 3380 2667 3432 δὲ
2703 3381 2917 3434 ἐκεῖθεν
2957 3378 3121 3452 ἦλθε,
3162 3383 3256 3435 καὶ
3305 3383 3365 3435 τὸ
3403 3382 3584 3454 δόγμα

1903 3468 2294 3538 ἀκριϐέστερον
2326 3468 2563 3536 ἐγένετο.
2595 3469 2659 3521 Εἰ
2682 3469 2791 3540 γὰρ
2840 3471 2887 3522 οἰ
2913 3473 2970 3522 ἐν
3011 3471 3402 3541 Ἰεροσολύμοις
3429 3472 3581 3536 ὄντες

1901 3556 2053 3608 οὐδὲν
2083 3555 2324 3611 τοιοῦτον
2351 3558 2721 3621 ἐπιτάττουσι,
2767 3557 2945 3628 πολλῷ
2985 3559 3182 3629 μᾶλλον
3211 3553 3374 3614 οὗτοι.
3416 3561 3581 3632 Ὁρᾷς

1901 3643 2016 3696 ὅσοι
2049 3643 2123 3713 μὴ
2179 3644 2524 3715 φιλαρχοῦσι,
2565 3646 2852 3716 χαίρουσιν
2891 3648 2948 3699 ἐν
2983 3650 3048 3718 τῇ
3087 3647 3301 3713 πίστεις
3335 3648 3408 3701 Οὐ
3437 3648 3582 3717 φιλο-

1900 3732 2091 3799 τιμίας
2127 3733 2305 3784 τοίνυν
2332 3738 2398 3786 τὰ
2439 3734 2755 3804 διηγήματα
2790 3734 2910 3786 ούδέ
2955 3735 3264 3801 ἐπιδείξεως
3303 3731 3370 3805 ἦν
3393 3776 3408 3801 ,
3442 3734 3579 3788 ἀλλὰ

1901 3821 2198 3889 ἀπολογίας
2226 3821 2318 3874 τοῦ
2350 3824 2429 3884 είς
2468 3822 2536 3875 τά
2574 3822 2700 3890 έθνη
2742 3823 3096 3892 κηρύγματος
3118 3839 3131 3852 ·
3169 3822 3250 3874 διὸ
3299 3825 3392 3876 καὶ
3425 3822 3576 3878 οὐδὲν

1900 3907 2117 3977 λέγουσι
2139 3909 2246 3962 τῶν
2273 3912 2352 3972 εἰς
2373 3911 2504 3973 τοὺς
2545 3909 2832 3973 Ἰουδαίους
2855 3910 3301 3979 συμϐεϐηκότων.
3335 3911 3509 3982 Πολλὴ
3539 3911 3574 3983 ἡ

1894 3996 2203 4067 ’ἐπιτριϐὴδ
2243 3995 2352 4050 τῶν
2401 3997 2745 4068 Φαρισαίων,
2791 3997 2886 4050 καὶ
2945 3997 3080 4066 μετὰ
3128 3996 3226 4068 τὴν
3265 3996 3448 4050 πίστιν
3493 3997 3575 4050 ἐτι

1899 4083 2333 4155 νομοθετούντων
2356 4126 2370 4150 ,
2430 4086 2523 4138 καὶ
2573 4085 2631 4137 ού
2689 4084 3026 4154 πειθομένων
3071 4088 3184 4148 τοῖς
3235 4085 3571 4150 ἀποστόλοις.

1913 4173 2053 4227 Ἀλλ’
2089 4173 2190 4243 ὅρα
2220 4173 2461 4235 ἐκείνους
2482 4214 2495 4238 ,
2533 4171 2650 4236 πῶς
2683 4173 2944 4236 ἐπιεικῶς
2973 4173 3068 4226 καὶ
3108 4173 3170 4226 ού
3201 4174 3338 4243 μετά
3382 4173 3576 4227 αὐθεν-

1898 4261 2051 4324 τείας
2099 4260 2478 4328 διαλέγονται·
2522 4261 2590 4312 τὰ
2644 4261 2754 4331 γὰρ
2809 4259 3035 4313 τοιαῦτα
3079 4260 3424 4331 ἐπιθυμητὰ,
3481 4263 3576 4315 καὶ

1901 4349 2119 4421 πέπηγε
2154 4349 2376 4419 μᾶλλον.
2433 4348 2598 4419 Ὁρᾷς
2637 4348 2875 4418 οὐδαμοῦ
2904 4349 3076 4416 λόγων
3113 4349 3375 4416 ἐπίδειξιν
3396 4392 3410 4414 ,
3439 4349 3574 4403 ἀλλά

1898 4437 1996 4509 τὴν
2030 4438 2118 4492 διὰ
2155 4437 2264 4490 τῶν
2304 4436 2665 4507 πραγμάτων,
2694 4436 2792 4508 τὴν
2817 4437 2905 4491 διὰ
2933 4436 3025 4490 τοῦ
3049 4436 3399 4508 Πνεύματος;
3435 4437 3572 4491 Ἀλλ’

1898 4528 2047 4596 ὅμως
2080 4526 2171 4579 καὶ
2198 4525 2424 4579 τοιαῦτα
2461 4524 2676 4595 ἔχοντες
2704 4526 2998 4596 τεκμήρια,
3043 4525 3121 4577 ἔτι
3153 4526 3412 4588 ἐπιεικῶς
3458 4526 3574 4579 δια-

1899 4615 2164 4682 λέγονται.
2203 4614 2312 4667 Καὶ
2356 4614 2491 4684 δρα’
2525 4613 2626 4666 οὐκ
2673 4613 3004 4684 ἀπέρχονται
3033 4612 3411 4676 διαϐάλλοντες
3445 4613 3573 4674 τοὺς

1899 4703 1958 4755 ἐν
1999 4702 2317 4772 Ἀντιοχείᾳ,
2336 4701 2450 4755 ἀλλ’
2477 4702 2686 4755 ἐκεῖθεν
2707 4702 2867 4754 πάλιν
2896 4701 3266 4770 λαμϐάνουσιν
3291 4701 3567 4771 ἀφορμήν.

1901 4787 2087 4856 Οὕτως
2118 4792 2389 4863 ἐμελέτων
2415 4790 2476 4844 τὺ
2514 4791 2825 4861 φιλαρχεῐν,
2851 4791 2900 4842 οἳ
2941 4791 3035 4842 καὶ
3079 4790 3181 4842 οὐκ
3210 4790 3426 4843 εἰδότων
3459 4791 3570 4845 τῶν

1899 4883 2214 4936 ἀποστόλων
2237 4882 2618 4952 ἐμέμφθησαν.
2657 4880 2796 4932 Ἀλλ’
2827 4880 2974 4947 ὅμως
3005 4877 3156 4930 οὐδὲν
3179 4877 3383 4932 τούτων
3421 4873 3568 4934 οὗτοι

1900 4955 2249 5040 προήνεγκαν
2283 4985 2295 4999 ·
2352 4969 2468 5022 ἀλλ’
2511 4971 2599 5022 ὅτε
2653 4965 2978 5031 ἀπέδειξαν,
3022 4965 3146 5018 τότε
3215 4966 3570 5038 σφοδρότερον

1899 5057 2190 5128 γράφουσι.
2231 5056 2390 5125 Μέγα
2443 5057 2552 5126 γὰρ
2609 5057 2642 5126 ή
2697 5054 2966 5108 ἐπιείκεια
3035 5055 3312 5125 πανταχοῦ
3371 5057 3567 5111 καλόν-

1899 5146 2169 5199 ἐπιείκεια
2213 5145 2376 5213 λέγω,
2409 5145 2468 5197 ού
2502 5143 2812 5213 ψυχρότηςο
2849 5143 3141 5210 ἐπιείκεια,
3185 5144 3246 5197 οὐ
3276 5145 3567 5199 κολακεία·

1899 5234 2034 5288 πολὺ
2058 5235 2168 5305 γὰρ
2195 5233 2366 5286 ταῦτα
2390 5233 2674 5302 διέστηκεν
2694 5232 2789 5284 ἀπ’
2815 5231 3081 5302 ἀλλήλων.

1841 5339 1871 5386 χ
1970 5317 2136 5371 Οὐδὲν
2166 5314 2316 5388 [251]
2352 5316 2619 5385 ἐτράχυνε
2653 5315 2884 5378 Παῦλον,
2923 5315 3076 5369 οὐδὲν
3123 5317 3351 5388 Πέτρον.
3391 5318 3562 5370 Ὅταν

1901 5406 2030 5477 ἔχῃς
2065 5405 2392 5470 ἀποδείξεις,
2426 5405 2479 5458 τί
2517 5403 2710 5475 ὀργίζῃ
2740 5422 2754 5469 ;
2791 5404 2823 5475 ἢ
2864 5405 2951 5457 ἵνα
2981 5405 3076 5458 καὶ
3093 5404 3300 5467 ταύτας
3328 5405 3568 5474 ἀκύρους

1904 5498 2166 5566 ποιήσῃς;
2211 5494 2327 5546 Οὐκ
2373 5492 2488 5546 ἐστι
2523 5496 2614 5546 τὸν
2664 5492 3017 5565 ὀργιζόμενον
3047 5493 3232 5546 πεῖσαί
3259 5509 3409 5545 ποτε.
3459 5491 3568 5546 Καὶ

1902 5583 2026 5654 χθὲς
2059 5583 2186 5653 περὶ
2214 5581 2388 5652 ὀργῆς
2419 5581 2769 5652 διελέχθημεν
2792 5599 2807 5612 ο
2840 5582 2992 5634 οὐδὲν
3019 5581 3076 5634 δέ
3106 5579 3302 5633 κωλύει
3340 5570 3434 5632 καὶ
3471 5583 3566 5652 τή-

1906 5687 2072 5741 μερον
2097 5688 2110 5700 ·
2162 5669 2332 5742 ἡγὰρ
2393 5671 2642 5741 συνέχεια
2695 5672 2821 5734 ἴσως
2856 5668 3151 5741 ἐργάσεταί
3185 5684 3259 5720 τι.
3301 5669 3410 5721 Καὶ
3459 5668 3570 5741 γὰρ

1904 5760 2193 5829 φάρμακον
2242 5759 2305 5811 τὸ
2362 5758 2590 5829 δύναμιν
2617 5758 2738 5829 ἕχον
2788 5758 3048 5828 ἀφανίσαι
3101 5753 3342 5825 τραῦμα,
3387 5754 3453 5809 ἂν
3493 5757 3570 5827 μὴ

1969 5873 2157 5987 'cl'dem
2182 5877 2516 5938 ἐκπιπτούσης,
2561 5878 2650 5943 ὅρα
2671 5876 2861 5935 αὐτούς.
2933 5875 2964 5920 1³
2991 5875 3197 5937 Quidam
3218 5875 3370 5932 πολλή
3395 5876 3447 5924 δὲ
3465 5875 3572 5927 ἐπι-

1945 5949 1988 5987 βι
2022 5956 2070 5987 η.

1910 5955 2070 5998 τριοη.
