4100 6354
528 370 635 429 237

541 484 783 557 συνεχῶς
828 484 1077 557 ἐπιτεθῇ,
1122 483 1185 539 τὸ
1214 485 1326 538 πᾶν
1360 481 1633 538 ἀπώλεσε.
1693 482 1782 556 Μὴ
1826 483 1890 556 δὴ
1935 481 2206 555 νομίζετε,

540 573 884 642 κατάγνωσιν
915 572 1071 643 ὑμῶν
1119 569 1280 639 εῖναι,
1313 570 1375 624 τὸ
1413 571 1654 643 συνεχῶς
1706 573 1836 645 περὶ
1872 572 1980 626 τῶν
2029 572 2211 626 αὐτῶν

538 659 882 729 διαλέγεσθαι
909 677 923 691 ·
953 661 1000 712 εἰ
1050 659 1159 731 7&9
1200 657 1665 730 κατεγνώκειμεν,
1695 661 1796 713 οὑκ
1838 659 1905 713 ἂν
1929 659 2208 730 διελέχθη-

544 766 647 822 μεν
664 765 680 781 ·
707 747 804 803 νῦν
834 748 891 801 δὲ
912 746 1225 810 ἐλπίζοντες
1263 747 1478 819 μεγάλα
1503 749 1652 819 ἡμᾶς
1676 747 2005 819 κερδαίνειν,
2035 748 2213 802 ταῦτα

542 835 914 907 φθεγγόμεθα.
974 834 1104 890 Εἴθε
1178 835 1289 906 γὰρ
1339 836 1581 907 συνεχῶς
1652 836 1785 908 ’περί¹
1855 836 1965 890 τῶν
2040 836 2218 890 αὑτῶν

541 926 830 996 ἐλέγομενί
864 924 974 978 είθε
1035 924 1172 996 μηδέ
1230 921 1300 996 ἧν
1329 925 1464 996 ἄλλη
1512 944 1597 990 τις
1649 926 1822 994 λόγων
1876 925 2133 990 ὑπόθεσις
2184 925 2218 997 ἡ

543 1014 783 1084 φροντὶς,
818 1012 933 1066 ἀλλ’
966 1012 1116 1076 ὅπως
1148 1012 1258 1066 τῶν
1289 1012 1478 1066 παθῶν
1502 1015 1866 1086 κρατήσωμεν
1888 1015 1995 1069 τῶν
2019 1012 2221 1085 ἡμετέ-

544 1102 680 1169 ρωνί
714 1100 838 1165 Πῶς
859 1100 969 1172 γάρ
992 1101 1095 1154 οὑκ
1117 1100 1338 1163 ἄτοπον,
1366 1100 1647 1171 βασιλεῦσι
1664 1102 1762 1172 μὲν
1783 1103 1841 1155 ἐν
1870 1105 2051 1175 τρυφῇ
2084 1101 2220 1167 ζῶσι

541 1188 639 1243 καὶ
667 1189 908 1261 τοσαύτῃ
936 1191 1069 1261 τιμῇ
1101 1189 1308 1260 μηδένα
1336 1186 1476 1243 εἶναι
1506 1191 1684 1259 λόγον,
1707 1191 1849 1263 μήτε
1883 1192 1977 1245 ἐπὶ
2011 1191 2221 1261 τραπέ-

543 1283 665 1355 ζης,
704 1281 839 1353 μηδέ
862 1282 919 1334 ἐν
941 1280 1085 1351 ἀλλῳ
1117 1280 1308 1351 μηδενὶ
1338 1280 1536 1351 καιρῷ,
1577 1280 1714 1336 ἀλλά
1768 1281 1889 1345 πῶς
1922 1282 2083 1351 μόνον
2108 1280 2220 1334 τῶν

543 1369 820 1440 πολεμίων
851 1378 872 1399 ⁸
907 1368 1187 1439 κρατῆσαι
1245 1368 1346 1436 δεῖ,
1376 1371 1473 1422 καὶ
1505 1368 1596 1422 διά
1627 1370 1788 1424 τοῦτο
1818 1369 1940 1424 καθ’
1976 1369 2218 1439 ἑκάστην

541 1454 759 1526 ἡμέραν
782 1451 1073 1520 συλλόγους
1098 1455 1296 1516 ποιεῖν,
1325 1454 1421 1506 καὶ
1455 1456 1796 1524 στρατηγοὺς
1818 1454 1913 1508 καὶ
1946 1451 2214 1526 στρατιώ-

543 1559 645 1606 τας
665 1539 1010 1606 καταλέγειν,
1042 1541 1138 1595 καὶ
1157 1541 1356 1613 φόρους
1384 1542 1659 1613 ἀπαιτεῖν,
1679 1542 1899 1595 καὶτῶν
1926 1541 2221 1596 πολιτικῶν

545 1630 890 1702 πραγμάτων
910 1627 1115 1693 ταύτας
1130 1629 1224 1682 δύο
1248 1629 1431 1692 αἰτίας
1450 1629 1756 1698 ἀναγκαίας
1777 1626 1916 1685 εἶναι
1946 1631 2219 1703 ἡγεῖσθαι,

544 1718 693 1781 ὅπως
724 1717 817 1771 καὶ
858 1716 970 1771 τῶν
1013 1715 1393 1787 πολεμούντων
1443 1718 1783 1790 κρατήσωσι,
1827 1720 1922 1773 καὶ
1965 1720 2092 1782 τοὺς
2139 1720 2222 1773 οἰ-

545 1804 730 1868 κείους
782 1805 842 1858 ἐν
897 1804 1089 1876 εἰρήνη
1140 1805 1591 1875 καταστήσωσιν*
1641 1805 1790 1875 ἡμᾶς
1836 1805 1891 1858 δὲ
1924 1806 2060 1877 μηδέ
2090 1806 2223 1877 ὄναρ

547 1891 727 1945 θέλειν
759 1891 828 1946 τά
875 1892 1102 1946 τοιαῦτα
1157 1891 1524 1960 διαλέγεσθαι,
1569 1892 1686 1946 ἀλλ’
1714 1894 1867 1958 ὅπως
1913 1894 2011 1964 μὲν
2052 1895 2222 1966 ἀγρὸν

546 1978 912 2051 ὠνησὼμεθα,
942 1980 1033 2034 καὶ
1072 1980 1222 2044 ὅπως
1254 1979 1586 2051 ἀνδράποδα,
1620 1981 1716 2034 καὶ
1735 1981 1884 2045 ὅπως
1920 1982 2092 2035 πλείω
2123 1981 2221 2055 τὴν

545 2066 737 2120 ούσίαν
769 2068 1109 2137 ποιήσωμεν,
1137 2064 1262 2120 καθ’
1307 2067 1545 2138 ἑκάστην
1595 2067 1811 2139 ἡμέραν
1846 2067 2221 2140 διαλεγόμενοι

545 2154 608 2207 οὑ
634 2153 986 2225 λαμὸάνομεν
1009 2153 1171 2224 κόρον
1194 2169 1208 2183 ’
1234 2154 1364 2226 περί
1384 2154 1443 2208 δὲ
1466 2154 1576 2209 τῶν
1610 2157 1668 2209 ἐν
1706 2158 1839 2227 ἡμῖν
1879 2158 2222 2228 πραγμάτων

546 2242 774 2307 καὶτῶν
794 2240 962 2307 ὅντως
986 2241 1144 2315 ἡμῶν
1168 2241 1293 2295 οὔτε
1322 2243 1476 2296 αὑτοί
1516 2242 1696 2311 λέγειν
1737 2244 2065 2316 βουλόμεθα,
2099 2246 2221 2300 ούδέ

546 2331 750 2402 ἐτέρων
800 2330 1068 2399 λεγόντων
1105 2331 1412 2403 ἀνεχόμεθα
1461 2331 1710 2399 ἀκούειν;
1748 2335 1884 2404 Περὶ
1926 2333 2070 2397 τίνος
2103 2330 2218 2397 οὖν,

545 2419 669 2473 εἰπέ
723 2437 831 2490 μοι,
893 2418 1238 2489 διαλέγεσθαι
1304 2419 1527 2491 βούλει;
1586 2422 1719 2491 περὶ
1740 2421 2002 2491 ἀρίστου;
2058 2421 2220 2476 Ἀλλά

543 2508 719 2562 ταῦτα
759 2508 1039 2579 μαγείρων
1093 2507 1160 2561 τά
1204 2509 1446 2579 ῥήματα.
1500 2508 1662 2562 Ἀλλά
1707 2511 1835 2579 περί
1881 2509 2216 2580 χρημάτων;

556 2597 719 2652 Ἀλλά
742 2600 917 2651 ταῦτα
948 2597 1211 2669 καπήλων
1259 2598 1356 2651 καὶ
1413 2599 1695 2669 ἐμπόρων.
1731 2599 1892 2653 Ἀλλά
1924 2602 2053 2671 περὶ
2103 2618 2221 2653 κτι-

545 2687 806 2757 σμάτωνς
852 2684 1014 2738 Ἀλλά
1034 2684 1212 2739 ταῦτα
1248 2685 1520 2739 τεκτόνων
1562 2688 1657 2740 καὶ
1702 2688 2022 2759 οἰκοδόμων.
2058 2689 2221 2743 Ἀλλά

542 2775 674 2843 περὶ
710 2774 849 2843 γῆς;
895 2772 1053 2825 Ἀλλά
1086 2772 1257 2826 ταῦτα
1281 2773 1563 2844 γεωργῶν.
1602 2774 1792 2845 Ἠμῶν
1832 2774 1890 2828 δὲ
1922 2775 2074 2828 ούδέν
2103 2776 2221 2829 ἐτε-

547 2863 640 2934 ρόν
659 2863 807 2914 ἐστιν
831 2861 1011 2931 ἔργον,
1049 2860 1166 2914 ἀλλ’
1197 2861 1231 2932 ἢ
1262 2860 1383 2924 πῶς
1421 2859 1654 2915 πλοῦτον
1694 2864 2164 2934 περιποιησάμεθα
2190 2865 2219 2905 ι)

541 2952 611 3020 τῇ
640 2950 808 3019 ψυχῇ.
837 2950 929 3019 Μὴ
949 2949 1129 3002 τοίνυν
1156 2949 1471 3020 προσκορὴς
1496 2949 1524 3001 ὁ
1558 2949 1715 3018 λόγος
1746 2950 2002 3019 γινέσθω.
2039 2953 2139 3007 Διά
2169 2952 2219 3006 τί

541 3038 652 3109 7&9
689 3036 879 3108 μηδεὶς
906 3036 1128 3105 ἐγκαλεῖ
1162 3035 1241 3107 τῷ
1278 3036 1447 3107 ἰατρῷ
1483 3038 1612 3107 περὶ
1653 3038 1906 3110 ἰατρικῆς
1934 3039 2221 3093 ἀεὶδιαλε-

541 3125 780 3196 γομένῳ,
815 3124 951 3196 μηδέ
998 3128 1111 3184 τοῖς
1167 3124 1348 3190 ἀλλοις
1396 3127 1510 3189 τοῖς
1561 3125 1912 3197 δημιουργοῖς
1941 3130 2071 3199 περὶ
2111 3128 2220 3184 τῶν

541 3209 758 3265 οἰκείων
809 3208 1016 3279 τεχνῶν
1056 3209 1343 3277 λέγουσιν;
1383 3209 1443 3261 Εἰ
1486 3209 1584 3279 μὲν
1618 3209 1726 3281 γὰρ
1774 3208 1948 3274 οὕτως
1982 3212 2119 3281 ἡμῖν
2151 3208 2220 3283 ἦν

542 3292 952 3364 κατωρθωμένα
985 3293 1055 3347 τά
1100 3294 1209 3347 τῶν
1253 3292 1469 3357 παθῶν,
1497 3292 1572 3357 ὡς
1610 3294 1684 3364 μὴ
1718 3293 1927 3347 δεῖσθαι
1973 3295 2219 3368 ὑπομνή-

543 3396 704 3444 σεως,
733 3380 959 3444 εἰκότως
982 3381 1047 3434 ἄν
1074 3399 1155 3445 τις
1176 3383 1209 3451 ἡ
1218 3383 1309 3451 μίν
1326 3380 1611 3434 ἐνεκάλεσε
1640 3381 1951 3452 φιλοτιμίαν
1982 3385 2075 3437 καί
2100 3386 2220 3439 ἐπί-

540 3468 739 3533 δειξινο
774 3468 979 3539 μᾶλλον
1012 3469 1066 3521 δὲ
1098 3470 1221 3523 οὑδέ
1244 3469 1439 3532 οὑτως.
1476 3468 1540 3522 Εἰ
1595 3469 1706 3541 γάρ
1738 3472 1832 3523 καὶ
1862 3471 2216 3539 κατῶρθωτο,

542 3556 639 3613 καὶ
669 3554 842 3618 οὑτως
876 3557 1043 3628 ἐχρῆν
1068 3556 1434 3626 διαλέγεσθαι,
1465 3556 1607 3611 ὥστε
1639 3558 1717 3629 μὴ
1747 3558 2073 3613 ἀναπεσεῖν·
2097 3562 2220 3615 ἐπεὶ

543 3644 642 3699 καὶ
675 3646 848 3716 ἰατροὶ
876 3646 997 3714 ούχί
1026 3644 1293 3706 νοσοῦσιν,
1335 3645 1475 3699 ἀλλά
1506 3646 1599 3699 καὶ
1629 3646 1935 3715 ὑγιαίνουσι
1954 3648 2221 3719 διαλέγον-

542 3750 657 3799 ται,
694 3733 789 3786 καὶ
846 3732 993 3786 ἐστιν
1038 3734 1224 3797 αὐτοῖς
1273 3732 1453 3803 βιϐλία
1505 3733 1763 3807 τοιαύτης
1808 3737 2214 3807 πραγματείας,

540 3826 653 3886 τοῖς
677 3822 797 3893 μὲν,
829 3823 916 3876 ἵνα
944 3823 1042 3894 τῆς
1075 3824 1232 3876 νόσου
1287 3822 1700 3887 ἀπαλλάττωσι,
1733 3825 1845 3888 τοῖς
1872 3825 1949 3889 δὲ,
2003 3826 2090 3879 ῖνα
2119 3826 2219 3897 τὴν

544 3910 734 3978 ὑγείαν
767 3911 1222 3980 διαφυλάττωσιν.
1253 3910 1419 3965 Ὥστε
1478 3913 1524 3964 εἰ
1565 3912 1664 3965 καὶ
1716 3911 2054 3983 ὑγιαίνομεν,
2099 3914 2217 3967 οὑδὲ

540 3999 715 4061 οὕτως
741 3999 1044 4070 ἀποστῆναι
1075 4000 1263 4070 ἐχρῆν,
1290 3999 1432 4055 ἀλλά
1473 3999 1651 4053 πάντα
1681 4004 1855 4053 ποιεῖν
1875 4001 2015 4054 ὥστε
2039 4002 2220 4074 διατη-

543 4087 774 4159 ρηθῆναι
794 4088 893 4158 τὴν
916 4088 1103 4156 ὑγείαν
1128 4090 1281 4158 ἡμῖν.

613 4182 683 4242 γ’.
712 4176 880 4229 Ὅταν
913 4175 970 4228 δὲ
986 4176 1079 4229 καὶ
1104 4177 1372 4246 νοσῶμεν,
1400 4177 1559 4249 διπλῆ
1594 4178 1703 4229 τῶν
1728 4177 1950 4249 λόγωνὴ
1978 4181 2212 4252 ἀνάγκη·

544 4262 645 4332 μία
684 4263 803 4332 μὲν,
856 4262 1238 4334 ἀπαλλαγῆναι
1274 4267 1372 4334 τῆς
1416 4265 1601 4317 νόσου·
1651 4265 1881 4337 δευτέρα
1915 4267 1993 4331 δὲ,
2036 4268 2215 4322 ἀπαλ-

542 4352 807 4422 λαγέντας
858 4354 934 4425 μὴ
985 4357 1303 4424 περιπεσεῖν
1357 4356 1540 4410 πάλιν.
1589 4357 1799 4411 Οὑκοῦν
1844 4358 2213 4432 θεραπευτικῇ

547 4445 756 4516 μεθόδῳ
773 4445 1135 4515 διαλεγόμεθα
1160 4444 1277 4511 νῦν,
1308 4446 1408 4516 ούχ
1430 4447 1644 4519 ὑγιεινῇ
1674 4449 2054 4519 πραγματείᾳ.
2088 4450 2215 4514 Πῶς

539 4530 636 4587 οὖν
663 4536 727 4588 ἄν
756 4552 839 4598 τις
893 4534 955 4588 τὸ
1008 4535 1180 4589 κακὸν
1226 4535 1387 4589 τοῦτο
1434 4537 1685 4607 ἐκκόψειέ
1738 4539 1945 4601 πάθος;
1981 4539 2097 4602 πῶς
2124 4539 2215 4592 τὸν

543 4623 771 4696 σφοδρὸν
789 4623 1126 4678 ύποστείλειε
1157 4636 1179 4664 ε
1216 4625 1486 4695 πυρετόν;
1526 4627 1755 4697 ἰδωμεν
1790 4626 1951 4680 πόθεν
1995 4627 2211 4698 ἐτέχθη,

542 4711 692 4786 [252]
723 4713 928 4784 καὶτὴν
959 4713 1138 4766 αἰτίαν
1173 4713 1470 4784 ἀνέλωμεν.
1496 4714 1666 4767 Πόθεν
1680 4715 1959 4769 τίκτεσθαι
1986 4716 2210 4784 εἴωθεν;

554 4805 645 4870 Ἐξ
660 4804 972 4870 ἀλαζονείας
989 4806 1084 4858 καὶ
1099 4805 1357 4869 ἀπονοίας
1372 4805 1815 4877 πολλῆς.Ταύτην
1833 4804 1924 4862 οὖν
1937 4809 2213 4880 ἀνέλωμεν

540 4893 641 4964 τὴν
658 4892 857 4956 αἰτίαν,
882 4894 978 4945 καὶ
1011 4893 1378 4963 συνανῄρηται
1400 4895 1491 4946 καὶ
1512 4895 1573 4946 τὸ
1598 4895 1829 4963 νόσημα.
1846 4896 1911 4949 Τί
1940 4896 1995 4950 δέ
2021 4899 2053 4968 ἡ
2083 4898 2213 4950 ἀλα-

541 4982 754 5047 ξονεία;
794 4980 962 5035 πόθεν
1009 4981 1285 5046 τίκτεται;
1336 4982 1479 5053 τάχα
1520 4983 1630 5053 γὰρ
1688 4983 1852 5037 πάλιν
1891 4986 1975 5054 ἐφ’
2018 4986 2212 5056 ἑτέραν

538 5066 714 5138 ἀρχὴν
759 5067 1146 5138 κινδυνεύομεν
1199 5068 1463 5121 ἀνελθεῖν.
1522 5069 1732 5123 Οὑκοῦν
1793 5071 1859 5141 ῆν
1896 5069 1963 5122 ἂν
2001 5073 2029 5124 0
2057 5071 2212 5139 λόγος

537 5155 911 5225 ὑφηγήσηται,
958 5154 1161 5225 ταύτην
1240 5156 1568 5227 βαδίζωμεν,
1619 5159 1768 5221 ὅπως
1820 5159 2071 5213 κάτωθεν
2116 5164 2210 5213 καὶ

539 5240 835 5313 πρόρριζον
865 5242 1185 5313 ἀνασπασθῇ
1211 5244 1267 5296 τὸ
1300 5246 1490 5298 κακόν.
1526 5246 1699 5302 Πόθεν
1719 5242 1857 5317 οὖνὴ
1893 5247 2207 5313 ἀλαζονείας

552 5330 649 5382 Ἐκ
670 5329 765 5383 τοῦ
807 5331 882 5400 μὴ
915 5330 1341 5385 ἐπισκέπτεσθαι
1383 5334 1450 5386 τὰ
1492 5334 1761 5405 ἡμέτερα,
1791 5334 1906 5389 ἀλλ’
1937 5336 2077 5405 ὑπὲρ
2113 5338 2211 5407 μὲν

539 5419 758 5489 φύσεως
784 5419 908 5489 γῆς,
960 5420 1137 5473 καίτοι
1161 5422 1262 5474 οὐκ
1287 5422 1446 5486 ὄντας
1468 5425 1774 5494 γεωργοὺς,
1818 5424 2209 5495 πολυπραγμοο

538 5509 671 5571 νεῖν,
712 5507 806 5559 καί
833 5507 972 5579 ὑπὲρ
1001 5507 1214 5577 φύσεως
1239 5509 1445 5579 φυτῶν,
1468 5510 1562 5564 καὶ
1583 5511 1723 5580 ὑπὲρ
1757 5512 2210 5585 φύσεωςχρυσοῦ,

538 5596 719 5650 καίτοι
755 5596 856 5649 οὑκ
876 5595 1039 5661 ὄντας
1064 5598 1364 5669 ἐμπόρους,
1384 5598 1477 5651 καί⁸
1503 5598 1642 5670 ὑπὲρ
1662 5602 1914 5669 ἱματίων,
1942 5601 2036 5655 καὶ
2069 5600 2209 5673 ὑπὲρ

607 5762 797 5840 ‘_Unu§
830 5765 937 5840 cod:
960 5767 1269 5840 καιρῷ-,ἀλλ’
1300 5768 1428 5825 ὅπως
1451 5772 1547 5840 τῶν
1569 5771 1825 5840 πολεμίων.
1894 5774 1924 5813 δ
1947 5776 2080 5829 Unus
2103 5781 2207 5840 πῶς

539 5825 744 5877 πλοῦτον
768 5825 1099 5893 ἐργασόμεθα.’
1147 5831 1172 5862 ⁸
1199 5829 1336 5879 Idem
1359 5833 1562 5896 σφοδρὸν
1586 5825 1935 5889 ὑποσκελίσειε.

1337 372 1396 426 S.
1435 369 1721 426 JUANNIS
1758 367 2252 426 CHRYSOSTUMI
2291 370 2610 427 ARCUIEP.
2650 368 3197 426 CONSTANTINOP.

2318 485 2559 540 πάντων·
2575 483 2716 555 ὑπὲρ
2738 484 2796 537 δὲ
2814 484 2967 555 ἡμῶν
2983 484 3071 537 καὶ
3090 484 3189 554 τῆς
3204 482 3479 554 ἡμετέρας
3491 484 3707 553 φύσεως
3726 486 3998 559 μηδέποτε

2319 571 2608 644 ἀνέχεσθαι
2659 570 2819 625 τοῦτο
2846 575 3039 625 ποιεῖν.
3089 572 3200 626 Kal
3253 572 3338 636 τίς
3369 574 3573 642 ἀγνοεῖ,
3605 576 3761 645 φησί,
3787 577 3891 646 τὴν
3918 578 4000 630 οἰ-

2321 660 2472 714 κείαν
2500 660 2697 731 φύσιν;
2736 659 2948 714 Πολλοί’
2978 660 3119 731 τάχα
3149 660 3207 713 δὲ
3227 660 3431 723 πάντες
3460 661 3602 733 πλὴν
3638 662 3839 731 ὀλίγων
3860 680 3877 695 ⁸
3904 665 3998 718 καὶ

2318 750 2367 802 εἰ
2395 748 2672 819 βούλεσθε,
2709 746 2961 802 ἐντεῦθεν
3016 748 3229 818 ποιήσω
3269 746 3360 800 τὸν
3404 746 3645 818 ἔλεγχον.
3692 750 3832 803 Εἰπὲ
3888 752 3999 824 γάρ

2321 853 2434 905 μοι,
2463 836 2516 890 τί
2534 836 2665 889 ποτέ
2686 838 2834 889 ἐστιν
2854 835 3137 904 ἄνθρωπος
3159 853 3173 899 ;
3194 833 3263 887 Εἴ
3283 852 3368 897 τις
3397 834 3719 907 ἐρωτηθείη,
3745 839 3865 892 Τίνι
3890 840 3998 893 τῶν

2317 922 2528 990 ἀλόγων
2550 921 2821 991 διέστηκε,
2847 920 2965 984 πῶς
3000 921 3269 991 συγγενής
3296 922 3411 973 ἐστι
3444 920 3552 977 τῶν
3590 924 3647 975 ἐν
3678 924 3922 995 οὐρανῷ,
3944 926 3998 979 τί

2317 1009 2540 1063 δύναται
2595 1007 2657 1075 ἐξ
2688 1006 2974 1081 ἀνθρώπου
3021 1008 3318 1076 γενέσθαι;
3369 1010 3444 1079 μὴ
3491 1009 3779 1081 δυνήσεται
3808 1011 3874 1077 ἐξ
3906 1014 4000 1065 εὑ-

2319 1097 2471 1161 θείας
2518 1096 2923 1170 ἀποκριθῆναι;
2999 1097 3114 1149 Οὑκ
3151 1094 3327 1165 ἔγωγε
3365 1092 3542 1167 οἶμαι.
3575 1097 3847 1171 Καθάπερ
3888 1103 4001 1171 γάρ

2317 1188 2411 1240 ἐπὶ
2439 1186 2571 1257 ὕλης
2606 1186 2772 1250 τινὸς,
2800 1186 2946 1241 οὑτω
2972 1187 3071 1239 καὶ
3114 1186 3207 1237 ἐπὶ
3233 1182 3522 1255 ἀνθρώπου
3545 1185 3606 1239 τὸ
3636 1187 3736 1257 μὲν
3766 1188 4001 1242 ὑποκεί-

2321 1291 2482 1345 μενον
2507 1274 2796 1346 ἄνθρωπος
2818 1290 2832 1304 ·
2872 1273 3094 1327 δύναται
3137 1273 3195 1327 δὲ
3224 1272 3485 1341 γενέσθαι
3514 1275 3609 1327 καὶ
3644 1275 3880 1343 ἄγγελος
3904 1278 4002 1330 καὶ

2316 1360 2525 1433 θηρίον.
2554 1358 2704 1431 Ἀρα
2723 1363 2786 1416 οὑ
2815 1363 2966 1417 δοκεῖ
2998 1362 3149 1427 ξένος
3170 1357 3311 1415 εἶναι
3328 1361 3358 1413 0
3385 1361 3545 1429 λόγος
3562 1354 3753 1429 οὗτοςς
3797 1364 4001 1417 Καίτοι

2319 1449 2579 1514 πολλάκις
2599 1449 2763 1503 αὑτὸν
2787 1450 2847 1502 ἐν
2869 1451 2988 1513 ταῖς
3017 1450 3261 1520 Γραφαῖς
3288 1448 3582 1518 ἠκούσατε.
3612 1450 3751 1521 Περὶ
3770 1452 3871 1521 μὲν
3888 1454 4001 1523 γάρ

2316 1555 2479 1591 τινων
2503 1538 2805 1611 ἀνθρώπιον
2831 1537 3176 1608 ἐλέγετο,ὃτι
3222 1538 3505 1607 Ἀγγελος
3554 1538 3775 1607 Κυρίου
3829 1540 3997 1593 ἐστί·

2318 1627 2418 1681 καί
2442 1629 2512 1680 ἐκ
2566 1627 2837 1697 χειλέων,
2888 1626 3065 1696 φησί,
3125 1624 3337 1688 αὐτοῦ,
3374 1623 3707 1691 ζητήσουσι
3750 1628 3996 1695 κρίσιν·

2322 1716 2417 1770 καὶ
2445 1715 2630 1771 πάλιν·
2665 1714 3052 1770 Ἀποστέλλω
3081 1713 3188 1767 τὸν
3223 1713 3484 1783 ἄγγελόν
3503 1730 3625 1783 μου
3670 1712 3785 1782 πρὸ
3816 1729 4001 1784 προσο

2318 1804 2483 1858 ώπου
2515 1819 2669 1858 σου’
2725 1804 2855 1874 περίΙ
2890 1802 2949 1856 δέ
2992 1818 3178 1867 τινων,
3210 1802 3434 1871 Ὀφεις,
3479 1800 3827 1872 γεννήματα
3876 1802 4000 1872 ἐχι-

2317 1889 2498 1945 δνῶν.
2539 1890 2740 1944 Λοιπὸν
2770 1891 2837 1961 δὴ
2869 1889 3022 1963 παρά
3049 1889 3177 1952 τοὺς
3213 1889 3530 1960 χρωμένους
3553 1889 3612 1943 τὸ
3650 1892 3761 1943 πᾶν
3776 1890 3999 1945 δύναται

2318 1980 2572 2049 γενέσθαι
2616 1981 2711 2034 καὶ
2755 1978 3009 2048 ἄγγελος,
3043 1976 3445 2048 καὶᾶνθρωπος
3467 1990 3515 2031 ι.
3552 1978 3617 2030 Τί
3640 1977 3805 2047 λέγω.
3835 1980 4000 2048 ἀγγε-

2318 2068 2407 2132 λος
2431 2084 2447 2134 ;
2474 2068 2583 2120 Kal
2608 2066 2745 2120 Θεοῦ
2770 2066 2961 2121 τέκνον
2981 2082 2993 2096 ·
3014 2064 3161 2133 Ἐγὼ
3188 2066 3298 2136 γάρ
3318 2061 3478 2129 εἶπα,
3504 2068 3658 2136 φησὶ,
3682 2069 3815 2121 Θεοί
3834 2068 3994 2131 ἐστε,

2324 2155 2424 2209 καί
2450 2154 2570 2210 υίοί
2606 2154 2904 2223 ’Υψίστου
2936 2151 3179 2219 πάντες.
3210 2154 3320 2206 Καὶ
3367 2152 3427 2207 τὸ
3464 2153 3527 2223 δὴ
3556 2153 3761 2224 μεῖζον,
3789 2154 3878 2209 ὅτι
3900 2154 3995 2208 τοῦ

2319 2241 2575 2311 γενέσθαι
2614 2243 2710 2296 καί⁵
2746 2241 2869 2306 θεὸς
2912 2242 3008 2295 καὶ
3061 2240 3293 2309 ἄγγελος
3333 2241 3427 2294 καὶ
3481 2240 3618 2294 θεοῦ
3663 2242 3863 2295 τέκνον
3901 2246 3999 2312 τὴν

2319 2330 2566 2399 ἐξουσίαν
2597 2330 2762 2394 αὑτὸς
2793 2329 3219 2400 ὲγκεχείρισται.
3246 2328 3356 2381 Kal
3383 2327 3528 2381 ἔστιν
3574 2328 3865 2399 ἄνθρωπος
3900 2332 4002 2398 ἀγ-

2318 2419 2476 2487 γέλου
2532 2417 2885 2489 δημιουργός.
2934 2417 3094 2486 Τάχα
3154 2417 3301 2486 ὑμᾶς
3352 2415 3655 2488 ἐθορύϐησε
3706 2416 3770 2469 τὸ
3802 2418 3998 2488 ῥῆμας

2332 2507 2472 2560 Ἀλλ’
2504 2506 2733 2560 ἀκούετε
2757 2504 2851 2559 τοῦ
2885 2504 3124 2577 Χριστοῦ
3154 2504 3432 2572 λέγοντος·
3479 2506 3577 2558 Ἐν
3614 2504 3687 2573 τῇ
3729 2507 4000 2560 ἀναστά-

2318 2610 2411 2649 σει
2431 2596 2571 2649 οὔτε
2594 2594 2892 2665 γαμοῦσιν
2914 2594 3054 2648 οὔτε
3083 2595 3498 2662 γαμίσκονται,
3531 2594 3671 2649 ἀλλ’
3710 2596 3875 2649 εἰσὶν
3918 2598 4001 2661 ὡς

2319 2681 2579 2752 ἄγγελοι·
2617 2681 2709 2735 καὶ
2735 2680 2921 2746 πάλιν,
2972 2679 3034 2733 '0
3064 2679 3401 2750 δυνάμενος
3465 2680 3678 2751 χωρεῖν
3712 2683 3995 2752 χωρείτω.

2320 2771 2499 2831 Ὅλως
2538 2769 2595 2822 δὲ
2648 2771 2682 2841 ἡ
2736 2767 2909 2841 ἀρετὴ
2942 2768 3207 2838 ἀγγέλους
3261 2771 3436 2821 ποιεῖ’
3484 2768 3689 2841 ταύτης
3733 2770 3790 2823 δὲ
3833 2773 3999 2842 ἡμεῖς

2318 2860 2531 2929 κύριοι·
2564 2858 2673 2928 ἄρα
2725 2857 2989 2926 ἀγγέλους
3042 2856 3319 2927 δυνάμεθα
3368 2856 3742 2929 δημιουργεῖν,
3775 2858 3885 2912 κᾶν
3916 2860 3993 2931 μὴ

2319 2952 2385 3021 τῇ
2416 2948 2596 3018 φύσει,
2624 2946 2762 3001 ἀλλά
2787 2949 2852 3018 τῇ
2878 2947 3214 3018 προαιρέσει.
3237 2946 3455 3017 Ταύτης
3479 2947 3575 3017 μὲν
3597 2946 3705 3018 γὰρ
3721 2948 3992 3019 ἀπούσης,

2318 3037 2469 3090 οὐδὲν
2493 3035 2686 3107 ὄφελος
2713 3034 2947 3104 ἄγγελον
2977 3030 3118 3101 εἰναι
3163 3034 3265 3105 τὴν
3306 3033 3468 3104 φύσιν
3485 3047 3499 3061 ⁵
3528 3034 3623 3087 καὶ
3640 3034 3792 3105 δηλοῖ
3820 3037 3851 3088 0
3874 3037 3994 3090 διά-

2318 3125 2473 3188 δολος
2492 3124 2649 3178 τοῦτο
2674 3122 2749 3177 ὢν
2765 3124 2874 3189 πρὸ
2893 3122 3086 3176 τούτου
3112 3138 3124 3151 ·
3154 3121 3358 3193 ταύτης
3392 3123 3451 3175 δὲ
3494 3121 3797 3194 παρούσης,
3838 3125 3994 3179 οὑδέν

2320 3214 2516 3285 βλάϐος
2542 3213 2827 3283 ἄνθρωπον
2857 3207 3121 3285 εἶναιτὴν
3154 3211 3317 3282 φύσιν
3342 3229 3356 3244 ’
3388 3214 3484 3266 καὶ
3526 3210 3678 3281 δηλοῖ
3738 3213 3994 3284 Ἰωάννης

2316 3301 2603 3373 ἄνθρωπος
2628 3299 2725 3366 ὢν,
2754 3300 2849 3354 καὶ
2889 3298 3077 3363 Ἠλίας
3104 3302 3182 3363 εἰς
3201 3298 3294 3353 τὸν
3325 3298 3553 3370 οὐρανὸν
3584 3297 3850 3362 ἀνελθὼν,
3899 3304 3995 3355 καὶ

2318 3391 2518 3454 πάντες
2544 3392 2595 3443 οἱ
2636 3389 2920 3461 μέλλοντες
2948 3389 3174 3444 ἀπιέναι
3207 3390 3344 3443 ἐκεῖ.
3377 3380 3538 3442 Οὗτοι
3566 3388 3668 3460 μὲν
3695 3388 3806 3460 γάρ
3854 3392 3989 3460 μετά

2320 3478 2572 3550 σώματος
2600 3479 2702 3531 οὐκ
2731 3477 3090 3550 ἐκωλύθησαν
3112 3478 3205 3532 τὸν
3233 3478 3461 3551 οὐρανὸν
3493 3479 3665 3532 οἰκεῖν
3685 3496 3700 3509 '
3720 3479 3988 3533 ἐκεῖνοιδέ

2315 3568 2600 3638 ἀσώματοι
2629 3568 2802 3634 δντες,
2823 3568 2924 3620 οὑκ
2949 3567 3296 3640 ἠδυνήθησαν
3325 3569 3505 3638 μεῖναι
3532 3568 3592 3620 ἐν
3613 3566 3850 3639 οὐρανῷ.
3875 3570 3993 3638 Μη-

2289 3655 2293 3660 ’
2318 3657 2429 3720 δεῖς
2458 3657 2636 3710 τοίνυν
2687 3656 2921 3725 ἀλγείτω
2957 3655 3094 3727 μηδὲ
3125 3654 3507 3724 ἀγανακτείτω
3529 3656 3557 3695 b
3588 3656 3726 3728 πρὸς
3753 3656 3855 3728 τὴν
3890 3657 3995 3727 φύ-

2318 3764 2403 3801 σιν
2443 3747 2519 3811 ὡς
2538 3746 2957 3817 ἐμποδίζουσαν.
2992 3743 3127 3798 ἀλλά
3151 3743 3289 3816 πρὸς
3321 3743 3419 3816 τὴν
3451 3744 3793 3816 προαίρεσιν.
3836 3747 3997 3801 Λέων

2316 3836 2524 3900 ἐκεῖνος
2546 3834 2764 3904 ἐγένετο
2797 3833 2858 3899 ἐξ
2877 3834 3204 3905 ἀσωμάτου’
3243 3834 3375 3888 Ἰδοὺ
3429 3835 3560 3904 γάρ,
3617 3836 3770 3905 φησὶ,
3803 3836 3859 3888 '0
3900 3839 3997 3906 ἐχ.

2316 3925 2456 3992 θρὸς
2484 3922 2653 3993 ἡμῶν
2687 3924 2769 3989 ὡς
2798 3922 2956 3977 λέων
2992 3922 3330 3991 ὠρυόμενος
3369 3923 3755 3992 περιέρχεται,
3799 3922 3996 3990 ζητῶν

2317 4014 2454 4067 τίνα
2483 4013 2769 4079 καταπίῃ
2795 4013 2955 4082 ἡμεῖς
2986 4010 3209 4079 ἄγγελοι
3247 4011 3356 4064 ἀπὸ
3402 4012 3688 4080 σωμάτων.
3717 4011 3990 4083 Καθάπερ

2315 4103 2426 4173 γάρ
2454 4101 2607 4165 εἴτις
2641 4100 2777 4172 ὓλην
2799 4100 2979 4171 εὑρὼν
3029 4099 3345 4169 πολύτιμον,
3377 4100 3476 4153 οὑκ
3517 4098 3592 4153 ὢν
3622 4100 3887 4170 τεχνίτης,
3917 4103 3989 4154 ἂν

2317 4191 2709 4263 καταφρονήσῃ
2736 4189 2938 4259 ταύτης
2966 4187 3137 4261 [255],
3160 4187 3409 4259 μεγάλως
3429 4189 3854 4261 ζημιωθήσεται,
3874 4186 3991 4247 οἷον

2316 4279 2349 4349 ἦ
2381 4278 2746 4351 μαργαρίτας,
2771 4277 2804 4348 ἢ
2838 4277 3049 4347 κόχλον,
3086 4278 3117 4347 ἢ
3143 4276 3330 4348 έτερόν
3372 4294 3427 4329 τι
3458 4276 3701 4331 τοιοῦτον
3725 4293 3737 4305 '
3763 4278 3907 4332 οὑτω
3923 4281 3992 4352 δὴ

2316 4369 2409 4420 καί
2436 4369 2595 4438 ἡμεῖς
2624 4368 2716 4420 ἐὰν
2742 4367 3099 4436 ἀγνοήσωμεν
3130 4365 3226 4437 τὴν
3250 4366 3525 4440 ἡμετέραν
3559 4365 3742 4436 φύσιν,
3778 4368 3989 4438 σφόδρα

2313 4454 2484 4524 αὑτῆς
2506 4456 2993 4525 καταφρονήσομεν
3013 4471 3026 4483 ·
3047 4453 3113 4507 ἂν
3162 4454 3218 4507 δέ
3263 4453 3499 4525 γνῶμεν,
3556 4454 3755 4525 πολλὴν
3785 4455 3991 4508 ἐπιδει-

2316 4540 2517 4612 ξόμεθα
2543 4543 2803 4612 σπουδὴν,
2836 4543 2930 4596 καὶ
2979 4540 3048 4596 τά
3097 4543 3329 4614 μέγιστα
3380 4542 3812 4614 καρπωσόμεθα.
3859 4545 3993 4598 Ἀπὸ

2313 4632 2421 4700 γάρ
2436 4630 2637 4701 ταύτης
2667 4631 2881 4700 ἱμάτιον
2904 4630 3113 4699 γίνεται
3145 4629 3439 4700 βασιλικὸν,
3474 4630 3582 4684 ἀπὸ
3608 4633 3815 4703 ταύτης
3840 4633 3992 4686 οἰκία

2313 4718 2523 4786 γίνεται
2556 4716 2832 4788 βασιλικὴ,
2860 4718 2968 4771 ἀπὸ
3011 4718 3215 4787 ταύτης
3258 4718 3393 4787 μέλη
3438 4718 3649 4786 γίνεται
3696 4718 3988 4789 βασιλικάο

2314 4806 2491 4859 πάντα
2523 4805 2777 4874 βασιλικά
2801 4817 2847 4860 ο.
2875 4806 2968 4875 Μὴ
2999 4805 3062 4876 δὴ
3087 4806 3557 4877 καταχρησώμεθα
3585 4809 3665 4870 εἰς
3700 4807 3986 4880 βλάϐηντῇ

2312 4894 2487 4965 οἰκεία
2510 4893 2688 4961 φύσει.
2717 4894 2899 4964 Βραχύ
2930 4911 2983 4947 τι
3027 4895 3157 4965 παρ’
3206 4895 3470 4963 ἀγγέλους
3504 4897 3653 4966 ἡμᾶς
3679 4896 3986 4966 ἠλάττωσε,

2311 4981 2389 5051 τῷ
2409 4982 2621 5053 θανάτῳ
2642 4982 2802 5050 λέγω·
2837 4982 2972 5035 ἀλλά
2997 4984 3092 5036 καὶ
3124 4982 3282 5035 τοῦτο
3313 4983 3696 5054 ἀπειλήφαμεν
3710 4986 3769 5035 τὸ
3786 4984 3985 5055 βραχύ.

2312 5070 2477 5123 Οὐδὲν
2506 5066 2597 5124 οὖν
2626 5070 2686 5123 τὸ
2711 5070 2918 5122 κωλύον
2946 5072 3094 5141 ἡμᾶς
3129 5070 3375 5139 ἀγγέλων
3397 5071 3648 5139 γενέσθαι
3680 5072 3874 5139 ἐγγὺς,
3920 5073 3991 5125 ἀν

2312 5157 2571 5222 θέλωμεν.
2598 5157 2926 5228 Θελὴσωμεν
2943 5158 3144 5219 τοίνυν,
3170 5158 3508 5228 θελήσωμεν,
3532 5161 3625 5211 καὶ
3649 5158 3990 5229 ἐξασκήσανο

2309 5263 2401 5308 τες
2434 5248 2660 5309 ἑαυτοὺς
2682 5246 2839 5310 δόξαν
2867 5245 3282 5317 ἀναπέμψωμεν
3308 5246 3386 5316 τῷ
3428 5248 3606 5314 Πατρὶ
3630 5247 3726 5299 καὶ
3754 5245 3836 5316 τῷ
3872 5247 3990 5318 Υἱῷ

2310 5336 2404 5389 καὶ
2429 5336 2507 5405 τῷ
2538 5336 2677 5404 ἀγίῳ
2712 5334 3011 5404 Πνεύματι,
3037 5334 3132 5389 νῦν
3162 5336 3258 5389 καὶ
3281 5336 3391 5403 ἀεὶ,
3424 5336 3518 5389 καὶ
3540 5336 3622 5400 εἰς
3634 5336 3763 5399 τοὺς
3778 5337 3990 5398 αἰῶνας

2309 5422 2419 5475 τῶν
2447 5421 2660 5477 αἰώνων
2700 5423 2893 5492 Ἀμήν.

2372 5719 2618 5786 αι’-Μοτει,
2649 5724 2730 5771 καί
2760 5723 2879 5778 Θεὸς
2901 5724 2983 5771 καὶ
3021 5724 3281 5786 ἄνθρωπος,
3323 5724 3471 5773 male.
3537 5723 3566 5764 ιι
3589 5723 3671 5772 Sic
3695 5722 3903 5785 quidam
3932 5730 3991 5776 οι

2310 5782 2493 5851 Savil_.;
2540 5784 2712 5851 Morel.
2760 5786 2962 5847 ἀλγείτω
2986 5782 3192 5837 lamnim.
3267 5793 3287 5817 υ
3321 5787 3505 5844 Vri-ba,
3529 5787 3682 5851 migra
3716 5782 3996 5851 βασιλικά,

2314 5857 2344 5893 e
2378 5846 2528 5895 tnhus
2551 5848 2689 5897 codd.
2722 5855 2776 5897 et
2805 5861 2963 5911 marg.
2998 5851 3153 5900 5am.
3192 5858 3395 5915 recepta
3420 5856 3552 5899 sunt.
3596 5848 3733 5899 Ευιτ.
