3978 6506
256 365 347 421 237
1139 358 1206 414 IN
1248 357 1427 415 ACTA
1465 353 1992 414 APOSTOLORUM.
2035 355 2266 414 HOMIL.
2308 356 2526 414 XXXII.

253 473 383 528 randi
409 470 584 525 vulnus
602 511 615 534 ,
641 469 742 524 nisi
771 468 1083 540 frequenter
1110 479 1426 540 apponatur,
1457 479 1624 525 totum
1655 485 1779 538 per-

250 564 332 616 dit.
376 561 446 617 Ne
470 560 650 630 putetis
678 574 774 616 vos
799 561 1147 616 condemnari
1191 577 1258 617 ex
1294 561 1559 631 frequenti
1599 561 1783 630 hujus-

249 655 373 709 modi
414 655 640 710 oratione
684 672 700 708 :
740 655 785 710 si
831 657 974 710 enim
1024 672 1119 710 vos
1166 656 1615 720 condemnarent,
1674 669 1780 708 non

246 748 562 802 concionarer
590 765 604 802 Ï‚
635 764 777 802 nunc
805 765 931 803 vero
957 760 1235 818 sperantes
1262 765 1358 802 vos
1385 750 1612 802 multum
1656 747 1781 800 hinc

244 844 510 896 lucraturos
535 856 681 907 esse,
711 842 825 896 haec
854 843 1141 912 loquimur.
1176 841 1387 897 Utinam
1420 849 1675 912 perpetuo
1716 840 1783 894 de

243 931 405 986 iisdem
431 931 763 1000 loqueremur
793 948 806 985 :
841 937 1044 987 utinam
1081 933 1221 988 nulla
1252 941 1393 988 esset
1431 933 1534 986 alia
1561 932 1776 987 concio-

240 1023 378 1078 nandi
402 1023 602 1078 occasio
625 1023 709 1078 vel
738 1039 866 1078 cura
891 1065 906 1088 ,
940 1039 1098 1094 quam
1127 1025 1399 1094 quomodo
1425 1024 1552 1077 vitia
1597 1032 1780 1078 nostra

237 1130 537 1184 superemus.
580 1116 860 1182 Quomodo
903 1120 1048 1172 enim
1091 1134 1196 1172 non
1243 1118 1535 1173 absurdum
1581 1118 1778 1180 fuerit,

235 1205 422 1276 regibus
452 1207 500 1260 in
531 1205 736 1263 deliciis
768 1208 1094 1274 viventibus,
1126 1217 1181 1264 et
1211 1218 1358 1263 tanto
1380 1209 1582 1264 honore
1602 1250 1619 1273 ,
1647 1209 1778 1262 nihil

233 1295 355 1350 aliud
398 1311 534 1350 cum
566 1313 685 1352 esse
716 1300 796 1353 vel
828 1300 879 1354 in
912 1316 1093 1355 mensa
1115 1341 1130 1366 ,
1161 1301 1245 1356 vel
1275 1300 1383 1355 alio
1411 1301 1601 1371 quovis
1641 1310 1778 1355 tem-

233 1401 373 1454 pore,
397 1404 550 1456 quam
593 1392 865 1459 quomodo
900 1392 1139 1445 inimicos
1166 1393 1378 1448 vincere
1407 1401 1684 1462 Oporteat,
1726 1403 1779 1446 et

230 1491 281 1529 ea
306 1477 366 1531 de
386 1493 539 1534 causa
568 1481 803 1550 qu0tidie
826 1495 1124 1539 conventus
1152 1499 1313 1554 agere
1332 1527 1347 1551 ,
1379 1485 1542 1540 duces
1579 1501 1642 1540 ac
1681 1485 1780 1538 mi-

230 1567 331 1622 lites
352 1570 611 1640 adlegere,
645 1573 838 1628 tributa
879 1575 1130 1644 exigere;
1170 1584 1225 1630 et
1254 1575 1306 1629 in
1334 1575 1580 1630 civilibus
1618 1576 1778 1630 rebus

232 1660 314 1714 bas
339 1661 464 1716 duas
492 1673 697 1718 tantum
728 1681 814 1720 res
842 1665 1176 1721 necessarias
1203 1682 1323 1721 esse
1342 1679 1533 1737 putare
1557 1708 1570 1732 ,
1599 1676 1656 1721 ut
1679 1668 1778 1721 ini-

229 1754 330 1807 mici
375 1756 682 1822 vincantur,
712 1767 768 1812 et
806 1763 886 1812 sui
921 1760 970 1812 in
1000 1775 1128 1829 pace
1155 1760 1348 1830 degant
1374 1777 1386 1812 :
1417 1775 1514 1814 nos
1543 1776 1670 1816 vero
1710 1777 1776 1816 nc

227 1863 306 1914 per
339 1849 598 1904 somnium
627 1853 841 1921 quidem
868 1853 936 1908 de
965 1853 1048 1907 his
1079 1863 1306 1908 tractare
1330 1896 1343 1914 .
1383 1855 1478 1910 sed
1505 1855 1775 1924 quomodo

225 1954 382 2008 agrum
424 1955 700 2007 cmamus,
746 1946 1016 2014 quomodo
1057 1960 1272 2008 servos,
1330 1945 1599 2015 quomodo
1645 1960 1775 2015 opes

225 2047 480 2102 augeamus
503 2076 518 2100 ,
552 2036 795 2105 quotidie
822 2037 939 2091 sine
967 2052 1163 2092 nausea
1193 2053 1475 2100 curemus;
1516 2037 1582 2093 de
1612 2038 1774 2092 rebus

223 2135 374 2176 autem
404 2127 599 2180 nostris
630 2136 683 2180 et
715 2143 838 2182 vere
865 2130 1062 2182 nostris
1090 2143 1187 2183 nec
1212 2129 1387 2198 loqui,
1421 2144 1592 2200 neque
1641 2130 1774 2184 alios

223 2217 429 2270 dicentes
457 2219 645 2272 audire
677 2219 936 2273 Velitntts?
967 2221 1079 2288 Qua
1110 2221 1176 2275 de
1207 2237 1263 2274 re
1287 2237 1416 2290 ergo
1443 2221 1519 2274 vis
1542 2222 1774 2276 dissera-

227 2309 325 2360 tur?
345 2324 404 2361 an
432 2309 496 2362 de
527 2311 790 2378 prandio?
820 2311 924 2366 Sed
955 2313 1068 2366 haec
1095 2312 1162 2366 ad
1187 2328 1388 2382 coquos
1422 2314 1576 2368 verba
1610 2314 1774 2383 perti-

224 2410 346 2452 ttcttt.
376 2402 450 2454 An
479 2401 545 2455 de
577 2404 854 2472 pecuniis?
882 2403 985 2459 Sed
1015 2403 1129 2458 hate
1155 2405 1537 2473 negotiantium
1571 2418 1696 2458 sunt
1718 2415 1772 2459 et

224 2503 564 2547 tau-natorum.
594 2498 674 2547 An
698 2497 764 2550 de
785 2497 1061 2552 aediliciis?
1083 2496 1189 2551 Sed
1219 2496 1333 2550 hrec
1354 2496 1771 2552 architectorum

224 2594 264 2634 et
288 2583 582 2638 latomortlm
618 2597 760 2641 sunt.
790 2589 866 2640 Au
892 2588 957 2641 de
986 2598 1124 2643 terra
1147 2588 1170 2640 ?
1197 2587 1300 2642 Sed
1331 2587 1444 2643 haec
1474 2588 1540 2642 ad
1569 2589 1772 2659 agrico-

226 2675 302 2728 las.
320 2675 469 2730 Nobis
492 2694 626 2733 vero
648 2680 850 2734 nullum
874 2681 1016 2734 aliud
1038 2690 1120 2736 est
1139 2696 1292 2750 opus,
1322 2697 1478 2750 quam
1501 2680 1770 2751 quomodo

224 2768 398 2822 divitias
425 2786 678 2838 paremus
717 2775 930 2827 animai.
985 2772 1062 2827 Ne
1100 2788 1226 2842 ergo
1267 2772 1570 2826 fastidiosus
1615 2772 1770 2826 vobis

227 2874 367 2913 sermo
397 2862 480 2915 sit.
511 2860 628 2916 Cur
655 2864 797 2918 enim
827 2865 1005 2918 nullus
1043 2873 1258 2919 accusat
1292 2864 1556 2918 medicum
1581 2904 1594 2928 ,
1625 2863 1768 2934 quod

227 2966 395 3021 semper
415 2955 482 3010 de
510 2957 780 3012 medicina
806 2958 1054 3028 loquatur
1072 2999 1086 3022 ,
1113 2973 1284 3028 neque
1314 2958 1450 3012 alios
1491 2959 1725 3014 artilices
1745 3001 1762 3026 ,

232 3046 334 3111 quod
362 3047 422 3102 de
463 3059 582 3103 arte
617 3065 710 3104 sua
738 3051 1042 3106 disserant?
1065 3053 1120 3108 Si
1149 3069 1377 3123 namque
1417 3054 1542 3107 vitia
1585 3061 1767 3108 nostra

238 3137 293 3190 sic
318 3137 494 3194 domita
525 3153 753 3209 essent,
791 3154 847 3198 ut
877 3160 983 3199 non
1013 3146 1147 3198 ultra
1175 3145 1392 3199 monitis
1436 3161 1572 3214 opus
1603 3145 1769 3200 habe-

241 3239 343 3296 teut,
363 3232 478 3300 jure
506 3235 638 3303 quis
659 3251 757 3289 nos
783 3236 1074 3300 incusaret,
1101 3237 1241 3307 quod
1265 3238 1333 3290 ad
1357 3237 1766 3292 ostentationem

232 3320 336 3387 loqui
360 3325 660 3389 vellemus;
709 3330 817 3383 imo
846 3345 1018 3399 neque
1046 3329 1146 3385 sic.
1175 3328 1305 3384 Nam
1344 3330 1552 3385 etiamsi
1580 3346 1766 3386 emen-

226 3415 315 3468 data
338 3429 530 3484 essent,
561 3422 646 3476 sic
674 3438 888 3490 quoque
917 3423 1237 3478 monendum
1264 3434 1440 3489 esset,
1464 3440 1532 3478 ne
1563 3425 1769 3479 recide-

223 3519 382 3563 rcutus.
413 3511 629 3566 Etenim
659 3513 849 3568 medici
882 3529 985 3568 non
1012 3530 1184 3584 :egros
1213 3524 1451 3577 tantum,
1481 3514 1574 3569 sed
1604 3516 1765 3570 etiam

221 3598 328 3654 bene
343 3603 576 3660 valentes
607 3608 972 3676 alloquuntur,
999 3606 1270 3677 librosque
1297 3607 1496 3662 habent
1518 3622 1681 3677 super
1703 3623 1766 3663 ea

219 3708 292 3756 re,
333 3706 384 3749 ut
419 3707 470 3751 et
519 3698 742 3754 morbos
787 3709 1007 3761 curent.
1049 3708 1105 3755 et
1145 3699 1499 3755 valetudinem
1530 3709 1766 3756 servent.

217 3783 367 3852 Itaque
389 3791 484 3843 etsi
524 3791 648 3844 sani
688 3805 963 3857 essemus,
996 3806 1168 3861 neque
1197 3792 1276 3846 sic
1314 3792 1575 3848 absistere
1609 3807 1770 3861 opor-

217 3887 358 3944 teret,
387 3883 478 3936 sed
511 3883 695 3937 omnia
724 3885 901 3937 facere
931 3892 988 3936 ut
1015 3883 1374 3938 valetudinem
1403 3899 1766 3939 servaremus.

271 3970 316 4022 5.
334 3972 639 4043 Arrogantia
653 3976 904 4044 quomodo
918 3975 1144 4028 curanda
1168 3976 1253 4040 sit,
1270 3985 1316 4028 et
1333 3976 1465 4029 unde
1480 3976 1768 4029 oriatur.â€”

213 4059 326 4115 Cum
349 4073 520 4119 autem
550 4077 872 4135 aagroteuins
891 4109 906 4129 ,
937 4066 1130 4136 duplex
1157 4075 1240 4120 est
1265 4066 1549 4120 verborqu
1580 4082 1768 4123 neces-

213 4155 351 4223 sitas,
384 4167 491 4214 tum
521 4171 579 4214 ut
605 4176 634 4214 a
665 4162 853 4214 morbo
880 4161 1191 4225 liberemur,
1219 4171 1330 4214 tum
1354 4170 1410 4213 ut
1436 4160 1669 4226 liberati,
1695 4177 1763 4216 ne

212 4264 397 4304 rursum
445 4254 765 4308 incidamus.
812 4254 953 4323 Ergo
1003 4253 1221 4309 curandi
1273 4253 1580 4307 methodum
1627 4269 1768 4309 nunc

213 4351 496 4412 tractamus,
530 4361 633 4400 nec
653 4346 720 4400 de
741 4349 967 4400 sanitate
991 4347 1184 4415 agitur.
1211 4345 1488 4411 Quomodo
1508 4346 1628 4416 quis
1655 4362 1768 4401 ma-

210 4431 308 4486 lum
348 4435 446 4492 hoc
490 4439 677 4491 vitium
725 4439 1041 4492 exscindat?
1083 4437 1352 4508 quomodo
1393 4438 1766 4494 vehementem

209 4525 340 4578 sedet
375 4527 616 4583 febrem?
656 4529 943 4584 Videamus
978 4530 1120 4585 unde
1160 4539 1276 4584 orta
1321 4531 1423 4595 sit,
1456 4540 1510 4584 et
1550 4546 1766 4586 causam

211 4615 457 4672 tollamus.
490 4619 643 4676 Unde
667 4621 794 4675 oriri
821 4621 1000 4674 solet?
1030 4622 1109 4675 Ex
1138 4622 1438 4691 arrogantia
1469 4632 1524 4676 et
1561 4632 1768 4678 tumore

209 4708 377 4760 multo.
414 4710 563 4765 lianc
592 4727 722 4780 ergo
757 4727 972 4766 causam
1014 4713 1294 4777 tollamus,
1329 4714 1653 4783 morbusque
1678 4731 1769 4770 su-

211 4797 362 4853 blatus
390 4803 512 4855 erit.
540 4803 676 4870 Quid
702 4814 785 4858 est
803 4806 1140 4872 arrogantia?
1171 4805 1310 4860 unde
1341 4807 1607 4861 nascitur?
1629 4807 1766 4864 forte

208 4907 418 4960 namque
435 4895 548 4962 jam
577 4897 719 4950 aliud
747 4897 1065 4965 principium
1087 4897 1234 4951 adire
1261 4898 1642 4966 periclitamur.
1671 4899 1771 4969 lgi-

211 4993 285 5036 Iur
305 4999 457 5054 quam
485 5003 664 5041 sermo
691 4989 942 5043 indicabit
972 4989 1110 5043 viam
1137 5031 1152 5055 ,
1184 4989 1327 5043 illam
1358 5005 1666 5060 sequemur,
1710 4999 1771 5045 ut

209 5077 388 5132 malum
418 5080 673 5137 radicitus
710 5082 1020 5136 evellamus.
1060 5081 1214 5138 Unde
1243 5097 1372 5156 ergo
1412 5084 1583 5138 oritur
1617 5100 1770 5138 arro-

207 5170 401 5234 gantia?
433 5172 510 5225 Ex
541 5187 637 5234 eo,
666 5173 806 5242 quod
833 5183 1014 5228 nostra
1038 5189 1142 5228 non
1174 5175 1513 5243 exploremus
1538 5191 1552 5237 ;
1583 5175 1675 5229 sed
1703 5175 1771 5230 de

209 5271 379 5315 natura
411 5265 620 5332 quidem
652 5275 807 5319 terrze
828 5307 844 5332 ,
889 5266 989 5320 etsi
1021 5266 1269 5336 agricolae.
1300 5282 1404 5319 nou
1433 5266 1635 5333 simus,
1677 5284 1771 5322 eu-

212 5370 335 5409 nose
362 5358 717 5425 inquiramus,
745 5367 800 5413 et
826 5357 894 5414 de
921 5369 1107 5412 natura
1137 5359 1456 5427 plantarum,
1485 5359 1552 5413 de
1583 5370 1770 5413 natura

210 5448 310 5498 ,Î¹Î¹Î¹Î“á½¶
335 5487 348 5507 ,
376 5447 478 5502 etsi
521 5459 846 5504 mercatores
878 5465 982 5504 non
1021 5451 1188 5504 simus
1212 5492 1227 5515 ,
1275 5452 1343 5504 de
1390 5451 1723 5505 vestimentis
1749 5492 1765 5517 ,

211 5538 367 5604 doque
406 5541 685 5605 omnibus;
717 5540 786 5597 de
815 5541 969 5596 nobis
999 5551 1176 5596 autem
1197 5583 1214 5609 ,
1243 5542 1414 5610 deque
1443 5552 1630 5596 natura
1672 5557 1770 5597 no-

213 5639 330 5700 stra,
357 5646 424 5686 ne
451 5632 722 5689 minimum
749 5633 962 5704 quidem
990 5648 1261 5692 curamus.
1288 5632 1357 5690 Et
1381 5635 1519 5706 quis,
1540 5625 1767 5707 inquies,

3371 364 3478 422 258

1890 467 2100 538 ignorat
2126 481 2370 526 naturam
2409 472 2608 528 suam?
2642 472 2830 540 Multi,
2877 483 2932 530 et
2959 474 3131 546 forte,
3169 479 3353 549 paucis
3377 496 3475 536 cx-

1889 562 2058 630 ceptis
2081 603 2097 627 ,
2127 577 2314 619 omnes
2342 583 2356 617 :
2387 574 2469 632 et,
2501 566 2545 619 si
2574 565 2781 635 placet,
2813 567 2938 623 hinc
2963 569 3152 624 ducam
3181 587 3469 642 argumen-

1890 661 2021 708 tum.
2064 656 2156 710 Dic
2181 657 2321 711 enim
2349 658 2499 719 mihi.
2528 659 2654 729 quid
2685 669 2768 714 est
2797 658 2999 715 homo?
3045 663 3100 717 Si
3140 663 3261 733 quis
3291 665 3464 720 inter-

1892 755 2061 814 roget,
2091 747 2202 814 Qua
2238 749 2289 801 in
2318 765 2375 803 re
2400 749 2578 804 dill'ert
2607 766 2634 804 a
2667 751 2880 806 brutis?
2905 755 3175 822 quomodo
3213 765 3472 826 cognatus

1889 849 1970 892 est
1999 840 2338 896 caelestibus?
2381 843 2504 912 quid
2553 853 2726 913 potest
2751 863 2816 899 ex
2847 847 3060 901 homine
3089 850 3201 904 fieri
3223 851 3252 904 á¼²
3273 866 3340 904 an
3370 867 3470 920 po~

1889 931 2017 984 teris
2041 941 2182 987 recte
2211 935 2574 1002 respondere?
2601 937 2712 991 Non
2735 940 2950 1009 quidem
2981 952 3124 1010 puto.
3151 945 3298 998 Sicut
3321 947 3467 1000 enim

1889 1021 1940 1075 iu
1972 1025 2191 1078 materia
2220 1026 2469 1095 quadam,
2497 1028 2573 1082 sic
2599 1039 2652 1083 et
2679 1032 2729 1083 iu
2758 1032 2972 1088 homine
3005 1037 3221 1090 materia
3251 1038 3466 1107 quidem

1889 1124 1968 1166 est
2000 1113 2199 1181 homo;
2246 1125 2421 1184 potest
2459 1129 2636 1174 autem
2681 1121 2793 1176 fieri
2839 1133 2892 1178 et
2926 1127 3145 1196 angelus
3188 1139 3242 1182 et
3276 1129 3467 1185 bestia.

1887 1205 2078 1258 Annon
2121 1207 2386 1262 videbitur
2427 1220 2715 1267 extraneos
2743 1212 2827 1268 hic
2866 1219 3088 1270 sermo?
3131 1221 3290 1290 Atqui
3322 1239 3467 1294 saepe

1888 1295 2032 1350 illum
2070 1298 2122 1350 in
2151 1300 2442 1369 Scripturis
2471 1303 2713 1358 audistis.
2757 1306 2830 1361 De
2858 1310 3171 1377 quibusdam
3201 1316 3341 1369 enim
3372 1323 3470 1370 ho-

1887 1391 2115 1444 minibus
2144 1391 2420 1448 dicebatur
2450 1412 2462 1448 :
2494 1395 2717 1467 Angelus
2762 1397 2968 1454 Domini
3006 1414 3077 1456 est
3103 1419 3120 1456 :
3148 1415 3194 1457 et
3233 1422 3299 1459 ex
3321 1408 3473 1464 labiis

1884 1481 1993 1549 ejus
2037 1493 2260 1550 quaerent
2294 1484 2548 1555 judicium
2587 1487 2606 1560 (
2632 1486 2861 1542 Malach.
2888 1489 2941 1543 2.
2972 1492 3075 1557 7);
3123 1504 3177 1548 et
3206 1512 3418 1552 rursum
3445 1540 3460 1564 ,

1886 1569 2088 1624 Mittam
2116 1574 2350 1645 angelum
2397 1594 2560 1632 meum
2597 1591 2712 1633 ante
2753 1584 2935 1652 faciem
2980 1594 3116 1637 tuam
3140 1587 3159 1657 (
3183 1585 3268 1641 Id.
3299 1590 3351 1644 5.
3383 1592 3463 1658 1):

1882 1662 1949 1717 de
1974 1665 2288 1734 quibusdam
2318 1683 2445 1722 vero
2470 1710 2483 1733 ,
2532 1669 2804 1740 Serpentes
2828 1713 2844 1738 ,
2899 1676 3152 1744 genimina
3180 1679 3464 1747 viperarum

1883 1753 2115 1825 (Matth.
2149 1756 2235 1810 12.
2265 1759 2334 1812 54
2359 1760 2396 1826 ).
2443 1761 2660 1815 Demum
2689 1764 2981 1818 secundum
3023 1767 3280 1838 cujusque
3309 1787 3461 1826 usmn

1883 1857 2056 1916 potest
2081 1849 2194 1904 ï¬eri
2221 1859 2275 1905 et
2303 1852 2521 1922 angelus
2545 1863 2598 1906 et
2629 1854 2787 1909 homo
2809 1859 2849 1908 á½·.
2879 1859 3014 1924 Quid
3043 1860 3181 1922 dico,
3211 1864 3468 1933 angelus?

1882 1941 2053 1997 Etiam
2097 1942 2188 1996 Dei
2219 1943 2378 1998 filius.
2424 1944 2579 2008 Nam,
2610 1947 2729 2000 ait:
2770 1946 2885 2018 Ego
2925 1950 3033 2004 dixi
3059 1994 3073 2016 ,
3121 1951 3211 2005 Dii
3237 1957 3375 2023 estis,
3416 1967 3466 2011 et

1879 2031 1974 2098 ï¬lii
2001 2030 2202 2086 Excelsi
2225 2049 2396 2088 omnes
2425 2035 2599 2104 (lâ€™sat.
2627 2037 2714 2091 81.
2742 2035 2822 2105 6).
2851 2039 3112 2111 Quodque
3138 2043 3311 2114 majus
3339 2055 3424 2100 est
3445 2088 3476 2112 ,.

1882 2132 2194 2190 potestatem
2225 2127 2449 2195 accepit,
2477 2137 2531 2180 ut
2559 2129 2648 2180 liat
2675 2137 2728 2182 et
2757 2129 2918 2183 homo
2946 2140 3000 2185 ct
3025 2136 3245 2202 angelus
3283 2147 3337 2190 et
3370 2137 3463 2192 Dei

1879 2211 2040 2267 ï¬lius.
2080 2215 2173 2268 Est
2201 2215 2362 2269 homo
2391 2227 2445 2270 et
2473 2219 2646 2286 angeli
2675 2230 2905 2274 creator.
2949 2221 3200 2279 Fortasse
3231 2242 3325 2280 vos
3357 2227 3476 2284 hoc-

1877 2304 2074 2359 dictum
2106 2308 2477 2371 perturbavit?
2507 2309 2612 2363 Sed
2643 2310 2820 2365 audite
2847 2311 3117 2368 Christum
3144 2317 3412 2373 dicentem
3441 2339 3454 2375 :

1877 2392 1943 2447 In
1968 2396 2324 2451 resurrectione
2350 2414 2508 2468 neque
2543 2399 2728 2454 nubent
2766 2418 2925 2472 neque
2948 2406 3130 2474 nuptui
3154 2407 3421 2462 tradentur
3439 2451 3474 2478 ,_

1875 2486 1964 2538 sed
1990 2497 2106 2541 sunt
2131 2489 2258 2542 sicut
2285 2490 2451 2560 angeli
2482 2489 2650 2560 (Luc.
2692 2493 2784 2548 20.
2836 2494 2924 2549 35.
2957 2496 3026 2549 36
3048 2494 3066 2565 )
3092 2513 3106 2562 ;
3139 2506 3196 2551 et
3221 2514 3471 2567 rursum,

1879 2579 1979 2646 Qui
2002 2591 2161 2650 potest
2183 2597 2381 2652 capere,
2413 2587 2580 2653 capiat
2608 2585 2822 2652 (Matth.
2854 2587 2944 2642 19.
2973 2588 3099 2660 12).
3143 2590 3199 2644 In
3250 2608 3458 2649 summa

1876 2671 2043 2725 virtus
2077 2673 2297 2742 angelos
2338 2673 2463 2728 facit
2494 2696 2506 2730 :
2537 2677 2703 2730 virtus
2745 2679 2795 2730 in
2830 2689 3009 2733 nostra
3044 2691 3306 2749 potestate
3334 2695 3454 2739 est:

1875 2777 2003 2832 ergo
2025 2763 2243 2834 angelos
2267 2779 2549 2834 possumus
2573 2782 2778 2835 creare,
2811 2771 2911 2824 etsi
2941 2786 3044 2824 non
3075 2783 3281 2836 natura,
3310 2785 3458 2832 certe

1876 2858 2166 2926 proposito.
2214 2858 2418 2914 Virtute
2445 2876 2671 2929 namque
2697 2862 2920 2918 absente
2947 2907 2961 2930 ,
2996 2866 3126 2920 nihil
3172 2868 3451 2936 proderit,

1873 2950 1918 3003 si
1953 2951 2042 3020 qui
2070 2951 2230 3005 etiam
2263 2953 2483 3023 angelus
2529 2965 2712 3008 natura
2743 2954 2903 3009 fuerit
2931 2973 2944 3022 ;
2992 2957 3042 3011 id
3073 2959 3213 3028 quod
3249 2977 3315 3015 ex
3345 2962 3461 3016 dia-

1871 3040 1997 3096 bolo
2043 3041 2244 3112 liquet,
2293 3045 2381 3114 qui
2424 3053 2550 3098 ante
2590 3047 2812 3114 angelus
2859 3047 3000 3101 fuit:
3036 3051 3230 3106 virtute
3272 3065 3459 3107 autem.

1874 3146 2137 3201 praesente
2157 3175 2172 3200 ,
2215 3134 2346 3189 nihil
2372 3136 2552 3190 damni
2580 3147 2665 3192 est
2690 3139 2960 3193 hominem
2990 3156 3108 3196 esse
3137 3154 3324 3196 natura
3344 3186 3357 3208 ,
3399 3155 3458 3198 ut

1871 3242 1940 3281 ex
1981 3226 2186 3282 Joanne
2212 3229 2301 3298 qui
2333 3229 2494 3284 homo
2529 3241 2642 3284 erat
2666 3273 2679 3295 ,
2726 3243 2780 3286 et
2809 3249 2873 3286 ex
2921 3234 3032 3288 Elia
3072 3234 3237 3304 liquet
3270 3238 3358 3306 qui
3400 3241 3451 3292 iu

1871 3318 2062 3373 cadum
2088 3321 2360 3387 ascendit,
2389 3336 2453 3375 ex
2484 3322 2838 3392 omnibusque
2863 3325 2953 3393 qui
2985 3340 3049 3379 eo
3077 3326 3276 3380 abituri
3308 3339 3448 3381 sunt.

1872 3409 1937 3464 lli
1965 3426 2189 3482 namque
2214 3412 2336 3466 licet
2363 3413 2642 3482 corporei,
2685 3430 2790 3468 non
2821 3415 3170 3482 prohibentur
3213 3418 3453 3473 habitare

1871 3503 2101 3568 caelum;
2141 3504 2215 3558 illi
2245 3520 2372 3560 vero
2397 3505 2696 3575 incorporei
2722 3507 2882 3571 licet,
2926 3523 3031 3562 non
3076 3516 3362 3577 potuerunt
3399 3511 3462 3565 in

1871 3595 2003 3651 caelo
2048 3611 2284 3652 manere.
2326 3597 2493 3653 Nemo
2540 3600 2697 3667 igitur
2743 3611 2968 3670 angatur
3014 3601 3096 3655 vel
3148 3603 3452 3673 indignetur

1872 3701 2057 3745 contra
2084 3703 2326 3747 naturam
2359 3694 2509 3764 quasi
2539 3697 2607 3749 ab
2636 3696 2721 3751 illa
2751 3697 3101 3766 impediatur,
3132 3697 3227 3752 sed
3267 3706 3454 3752 contra

1874 3784 2204 3853 propositum
2233 3786 2538 3840 voluntatis.
2580 3787 2689 3842 Leo
2729 3789 2972 3842 diabolus
3017 3789 3238 3845 allectus
3264 3799 3347 3843 est
3380 3805 3461 3844 ex.

1875 3879 2186 3948 incorporeo
2219 3897 2231 3933 :
2265 3881 2401 3935 Ecce
2425 3922 2438 3944 ,
2474 3882 2676 3951 inquit,
2709 3881 3043 3936 Adversarius
3074 3893 3242 3937 noster
3266 3882 3444 3935 diabo-

1873 3972 1953 4025 lus
1980 3983 2232 4041 tamquam
2257 3973 2333 4025 leo
2362 3974 2564 4044 rugiens
2590 3975 2787 4040 circuit,
2815 3990 3045 4044 quaerens
3071 3991 3217 4044 quem
3242 3975 3446 4028 devoret

1875 4063 1948 4135 (1.
1978 4063 2096 4118 Pet.
2123 4065 2177 4120 5.
2211 4065 2289 4136 8)Í¾
2334 4081 2434 4119 nos
2468 4067 2640 4136 angeli
2669 4082 2698 4120 a
2735 4067 3070 4137 corporibus.
3121 4066 3190 4122 Ut
3223 4067 3364 4122 enim
3405 4069 3454 4121 si

1873 4159 1992 4228 quis
2019 4158 2248 4228 pretiosa
2276 4159 2488 4213 inventa
2531 4159 2750 4216 materia
2773 4200 2788 4225 ,
2835 4175 2957 4215 cum
2988 4176 3091 4214 non
3121 4161 3188 4214 sit
3218 4159 3408 4214 artifex
3431 4201 3463 4226 ,.

1874 4259 1928 4304 et
1953 4249 2096 4303 illam
2122 4249 2379 4320 despiciat
2400 4265 2591 4321 magno
2607 4250 2836 4306 afficitur
2857 4251 3074 4318 damno,
3102 4252 3215 4306 sive
3241 4265 3444 4321 marga-

1875 4341 2038 4406 ritas,
2083 4342 2195 4396 sive
2225 4342 2446 4396 uniones
2467 4384 2482 4407 ,
2530 4343 2643 4396 sive
2667 4343 2794 4412 quid
2823 4343 2996 4397 simile
3038 4343 3297 4411 repererit
3328 4361 3342 4395 :
3371 4343 3463 4398 sic

1875 4443 1929 4488 et
1971 4449 2069 4488 nos
2110 4434 2154 4488 si
2199 4435 2500 4504 ignoremus
2542 4445 2782 4490 naturam
2831 4445 3070 4490 nostram
3097 4478 3112 4501 ,
3159 4435 3458 4490 admodum

1877 4525 2018 4578 illam
2049 4525 2442 4594 despiciemus;
2476 4526 2521 4581 si
2552 4542 2680 4581 vero
2709 4542 2994 4582 noscamus
3022 4527 3040 4598 (
3068 4527 3211 4581 Psal.
3241 4529 3295 4583 8.
3325 4527 3402 4599 6)
3432 4569 3460 4594 ,.

1876 4618 2096 4670 multum
2126 4616 2492 4672 adhibebimus
2518 4619 2768 4684 studium,
2797 4629 3114 4688 etmagnuin
3136 4620 3341 4672 lucrum
3367 4634 3453 4674 reâ€”

1877 4711 2220 4780 portabimus.
2252 4713 2328 4765 lix
2354 4710 2452 4765 hac
2478 4712 2621 4766 enim
2654 4711 2852 4779 regium
2879 4711 2938 4763 fit
2966 4710 3361 4776 indumentum,
3385 4726 3458 4765 ex

1879 4803 1977 4857 hac
2001 4802 2188 4856 domus
2206 4803 2371 4872 regia,
2396 4819 2461 4857 ex
2492 4805 2590 4857 hac
2615 4801 2759 4872 regia
2785 4802 3054 4856 membra:
3084 4800 3261 4854 omnia
3284 4801 3451 4869 regia.

1877 4895 1952 4949 Ne
1979 4905 2163 4949 natura
2190 4905 2369 4950 nostra
2393 4896 2673 4950 abutamur
2698 4895 2750 4948 in
2781 4896 3032 4948 damnum
3056 4904 3318 4950 nostrum.
3343 4895 3454 4950 Nos

1879 5006 2062 5059 parum
2095 4990 2329 5044 minores
2355 4989 2558 5059 angelis
2578 4987 2735 5051 fecit,
2766 5002 2831 5041 ex
2858 4994 3048 5049 morte,
3079 4987 3325 5056 inquam;
3355 4989 3452 5043 sed

1877 5099 2061 5152 parum
2109 5083 2234 5135 illud
2274 5081 2382 5151 jam
2431 5080 2750 5148 recepimus.
2809 5077 2951 5132 Nihil
3001 5078 3158 5148 igitur
3201 5081 3450 5148 prohibet

1876 5174 2161 5243 quominus
2189 5175 2368 5226 statim
2399 5173 2570 5241 angeli
2608 5173 2773 5225 simus
2797 5213 2811 5234 ,
2843 5171 2886 5224 si
2917 5171 3166 5226 velimus.
3209 5171 3451 5228 Velimus

1876 5283 2037 5337 ergo,
2084 5267 2344 5328 velimus,
2395 5276 2449 5320 et
2494 5280 2591 5319 nos
2642 5267 2784 5334 ipsos
2824 5266 3179 5321 exercitantes
3224 5267 3464 5333 gloriam

1878 5359 2168 5415 referamus
2204 5359 2346 5413 Patri
2377 5368 2430 5412 et
2456 5357 2590 5412 Filio
2634 5367 2688 5412 et
2715 5357 2934 5426 Spiritui
2975 5370 3194 5424 sancto,
3229 5375 3369 5414 nunc
3394 5370 3462 5414 et-

1877 5469 2106 5523 semper,
2136 5462 2190 5507 et
2218 5452 2269 5505 iu
2299 5453 2491 5506 suâ€˜cnla
2519 5451 2856 5506 saeculorum.
2888 5453 3084 5507 Amen.

1942 5594 1956 5616 Î¹
1992 5587 2154 5650 Morel.
2182 5585 2320 5650 tegit,
2345 5592 2391 5636 et
2412 5595 2537 5635 Dens
2559 5584 2781 5650 ethomo,
2805 5583 2934 5637 male
2957 5599 2974 5639 :
2999 5597 3129 5647 nam,
3150 5592 3204 5635 ut
3228 5597 3290 5635 ex
3313 5597 3450 5637 sene

1878 5645 2048 5712 liquet,
2075 5645 2339 5711 legendum
2364 5655 2459 5710 est,
2483 5646 2697 5712 angelus.
