3978 6472
528 357 632 414 259

542 477 1791 494 “Ww—

523 691 654 748 CAP.
697 694 784 749 15.
828 709 877 746 v.
923 692 1009 746 15.
1066 689 1132 744 Et
1172 699 1437 758 postquam
1488 690 1789 745 tacuerunt,
1846 679 2110 748 respondit

592 785 836 846 Iacobus,
859 784 1030 837 dicens
1055 799 1072 836 :
1107 781 1209 835 Viri
1230 783 1433 852 fratres,
1457 777 1628 830 audite
1650 792 1746 829 me.
1768 775 1856 829 H.
1897 773 2104 828 Simeon

595 879 817 930 narravit
841 875 1090 947 quomodo
1119 874 1337 943 primum
1363 872 1500 926 Deus
1527 868 1740 924 uisitauit
1765 909 1780 934 ,
1808 877 1860 921 ut
1887 875 2106 920 sumeret

593 986 657 1024 ea:
674 970 900 1041 gentibus
926 968 1170 1040 papulum
1191 967 1245 1020 in
1270 967 1472 1020 nomine
1492 981 1602 1018 suo.
1635 964 1721 1018 15.
1750 961 1815 1015 Et
1842 961 1958 1013 huic
1978 976 2101 1012 con-

594 1072 778 1114 sonant
803 1076 1055 1115 sermones
1084 1059 1466 1128 praphetarum.

591 1155 643 1206 1.
685 1153 779 1206 llic
805 1152 1087 1220 episcopus
1113 1159 1230 1204 erat
1258 1149 1307 1202 in
1334 1146 1780 1218 Jerosolymitana
1819 1143 2058 1198 Ecclesia
2085 1157 2098 1194 :

517 1241 743 1313 ideoque
791 1250 1094 1311 postremus
1139 1240 1375 1310 loquitur
1404 1257 1417 1292 :
1449 1233 1502 1293 et
1543 1237 1794 1305 impletur
1835 1233 1961 1288 illud
1992 1251 2004 1284 :
2032 1231 2100 1285 In

514 1349 602 1386 ore
625 1332 840 1386 duorum
861 1331 937 1388 uel
958 1333 1112 1386 trium
1135 1332 1332 1385 testium
1353 1330 1502 1384 stabit
1525 1345 1670 1382 omne
1691 1326 1894 1382 verbum
1918 1321 2096 1395 (Deut.

521 1409 606 1479 17.
633 1423 715 1493 6).
743 1422 874 1478 Vide
895 1435 1071 1477 autem
1096 1432 1150 1477 et
1177 1421 1334 1492 hujus
1356 1419 1709 1491 prudentiam,
1741 1417 1830 1490 qui
1857 1433 1921 1472 ex
1949 1415 2099 1470 novis

515 1505 567 1576 et
593 1531 662 1572 ex
686 1518 952 1572 veteribus
980 1515 1250 1586 prophetis
1274 1515 1593 1569 sententiam
1619 1527 1768 1565 suam
1795 1509 2095 1564 confirmat.

512 1594 628 1663 Non
656 1610 797 1663 enim
830 1617 1034 1676 poterat
1062 1605 1277 1678 aliquod
1305 1621 1440 1676 Optts
1465 1603 1752 1659 ostendere
1780 1612 1837 1656 ut
1866 1602 2056 1656 Petrus
2078 1642 2093 1667 ,

513 1711 572 1760 ut
598 1703 810 1755 Paulus.
843 1701 910 1755 Et
936 1702 1069 1756 bene
1099 1690 1370 1769 provisum
1400 1707 1518 1762 est,
1550 1707 1605 1751 ut
1633 1697 1700 1750 ab
1731 1695 1833 1750 illis
1862 1694 1975 1749 haec
1998 1691 2096 1748 lie-

514 1803 632 1846 rent
658 1835 672 1858 ,
717 1793 806 1860 qui
841 1808 943 1847 non
977 1792 1260 1846 babitaturi
1290 1798 1444 1845 erant
1469 1786 1855 1859 Jerosolymis;
1885 1795 1939 1840 et
1968 1783 2052 1838 hic
2076 1824 2092 1848 ,

510 1885 599 1954 qui
640 1867 1116 1952 .lerusolymitanos
1157 1882 1421 1944 docebat,
1458 1896 1555 1934 nec
1581 1880 1849 1934 obnoxius
1879 1877 1983 1931 illis
2010 1891 2096 1932 es-

514 1961 597 2028 tu
622 2017 636 2037 ,
680 1992 777 2030 nec
806 1976 1017 2029 ilinrum
1045 1974 1322 2029 sententia:
1351 1973 1649 2042 Oppositus.
1681 1970 1748 2024 Et
1779 1969 1903 2040 quid
1930 1967 2094 2023 dicit?

524 2066 628 2120 Viri
656 2070 859 2139 fratres,
892 2069 1064 2122 audite
1090 2085 1185 2121 me.
1219 2067 1443 2136 Symeon
1473 2068 1716 2118 narravit.
1757 2063 1980 2130 Quidam
2009 2061 2094 2115 di-

515 2169 643 2214 cunt
683 2162 820 2216 hunc
850 2159 994 2215 illum
1023 2175 1178 2218 esse.
1223 2161 1311 2228 qui
1355 2175 1384 2212 a
1426 2159 1565 2212 Luca
1595 2167 1960 2218 memoratur,
2003 2154 2091 2208 alii

507 2254 671 2312 alium
698 2254 1089 2323 cognominem.
1131 2252 1253 2308 Sive
1284 2252 1398 2313 hic,
1430 2251 1542 2304 sive
1571 2250 1660 2303 ille
1689 2250 1787 2310 sit,
1820 2264 1925 2301 non
1953 2247 2092 2301 ulte-

507 2345 619 2398 rius
643 2344 1040 2414 inquirendum,
1071 2344 1165 2399 sed
1193 2359 1254 2399 ea
1282 2359 1400 2414 qum
1427 2343 1555 2397 dicit
1585 2352 1640 2395 ut
1666 2339 1970 2396 necessaria
1995 2355 2090 2394 ex-

505 2419 747 2506 cipienda
785 2446 928 2490 sunt.
983 2435 1089 2489 Virt
1129 2440 1334 2506 fratres,
1377 2435 1569 2505 inquit.
1612 2434 1798 2500 Magna
1841 2432 1939 2485 viri
1971 2447 2082 2485 mo-

504 2508 712 2600 destia,
757 2534 812 2581 et
837 2525 1125 2596 perfectior
1162 2538 1242 2581 est
1292 2526 1407 2580 hznc
1450 2525 1681 2590 concio,
1726 2539 1842 2595 qua:
1887 2521 2091 2577 scilicet

509 2617 670 2675 ﬁnem
697 2617 858 2672 rebus
880 2601 1136 2686 imponat.
1172 2618 1436 2685 Quomodo
1467 2617 1686 2687 primum
1715 2615 1853 2670 Deus
1872 2615 2089 2669 visitavit

503 2719 560 2762 ut
581 2720 796 2762 sumeret
821 2726 884 2764 ea:
911 2710 1139 2779 gentibus
1172 2709 1418 2780 populum
1445 2710 1646 2763 nomine
1673 2710 1831 2762 illius.
1874 2707 1940 2760 Et
1969 2708 2088 2760 huic

504 2812 780 2858 consonant
804 2816 1054 2854 sermones
1083 2801 1466 2870 prophetarum.
1509 2800 1641 2867 Quia
1671 2800 1762 2854 ille
1787 2815 1816 2852 a
1847 2808 2088 2866 tempore

507 2901 664 2954 notus
689 2901 825 2957 erat,
855 2907 953 2946 nec
982 2891 1085 2946 ﬁde
1110 2891 1302 2962 dignus
1329 2877 1644 2956 habebatur,
1673 2885 1814 2960 quod
1840 2890 2088 2959 antiquus

507 2997 789 3053 nonesset,
806 2975 1038 3042 veterem
1056 3001 1268 3056 quoque
1291 2985 1622 3056 prophetiam
1641 2984 1859 3048 inducit,
1881 2984 2082 3037 dicens:

508 3079 654 3138 Sicut
681 3080 922 3149 scriptum
949 3089 1021 3132 est
1047 3094 1067 3132 :
1098 3077 1185 3132 16.
1214 3077 1400 3131 Postea
1429 3087 1668 3143 revertar,
1697 3087 1746 3130 et
1769 3073 2087 3143 reazdiﬁcabo

505 3172 882 3228 tabernaculum
909 3170 1078 3225 David
1101 3172 1236 3241 quod
1261 3170 1470 3236 decidit,
1502 3182 1549 3224 et
1571 3171 1758 3241 erigant
1787 3164 1919 3222 illud
1946 3185 1966 3223 :
1992 3169 2083 3225 17.

505 3273 558 3317 ut
587 3264 842 3332 requirant
864 3264 1031 3317 caeteri
1050 3263 1308 3316 hominum
1334 3262 1608 3316 Dominum
1629 3271 1674 3315 et
1701 3278 1869 3314 omnes
1891 3270 2080 3330 gentes,

502 3374 654 3427 super
680 3373 803 3426 quas
832 3357 1116 3411 invocatum
1139 3359 1214 3410 est
1240 3373 1418 3410 nomen
1445 3373 1628 3420 meum,
1661 3354 1784 3408 dicit
1809 3353 2081 3419 Dominus,

506 3448 592 3516 qui
640 3449 764 3518 facit
790 3449 897 3502 haec
937 3448 1110 3502 omnia
1150 3447 1343 3518 (Amos
1371 3446 1423 3502 9.
1468 3446 1595 3517 11
1633 3446 1768 3512 Quid
1803 3443 1974 3514 ergo?
2017 3461 2084 3498 an

504 3549 682 3592 erecta
708 3549 789 3593 est
809 3538 1179 3611 Jerosolyma?
1216 3554 1390 3593 annon
1422 3539 1597 3608 potius
1616 3539 1789 3592 diruta
1816 3538 1912 3591 fuit
1934 3539 1955 3590 ?
1980 3537 2085 3592 Sed

512 3645 616 3682 non
647 3631 728 3684 his
751 3631 819 3685 de
862 3613 1023 3686 rebus
1061 3632 1174 3700 ipse
1211 3633 1462 3702 loquitur.
1505 3631 1569 3684 Et
1606 3646 1763 3699 quam
1807 3629 1935 3683 dicit
1968 3645 2088 3683 ere-

508 3723 738 3779 ctioitent
756 3723 779 3775 ?
797 3724 926 3777 Eam
947 3740 1066 3796 qua‘
1081 3734 1200 3794 post
1221 3725 1563 3795 Babylonem.
1588 3724 1672 3778 18.
1700 3723 1753 3776 Ν
1756 3735 1839 3777 ota
1857 3742 1887 3777 a
1902 3727 2087 3778 sa'culo

508 3826 625 3869 sunt
654 3815 762 3869 Deo
787 3818 955 3868 omnia
983 3833 1136 3886 apera
1161 3833 1274 3870 sua.
1322 3816 1522 3870 Deinde
1546 3832 1704 3884 quam
1748 3815 1852 3869 ﬁde
1891 3815 2086 3886 dignus

507 3924 686 3963 sermo
711 3909 780 3963 sit
817 3910 1005 3973 innuit,
1055 3910 1177 3978 quia
1219 3903 1348 3964 nihil
1388 3921 1592 3964 "novum
1618 3951 1634 3974 ,
1683 3909 1777 3965 sed
1821 3911 1888 3963 ub
1933 3909 2083 3965 initio

508 4001 688 4055 unmia
711 4003 1000 4070 praestituta
1020 4012 1162 4062 sunt.
1179 4002 1428 4072 Sequitur
1449 4003 1734 4056 sententia.
1752 4000 1839 4056 19.
1866 4001 2086 4070 Propter

507 4092 641 4162 quod
680 4109 769 4163 ego
797 4081 978 4162 judico
1004 4134 1017 4155 ,
1062 4103 1161 4146 non
1189 4093 1458 4162 inquietari
1482 4109 1596 4157 eos,
1641 4093 1725 4162 qui
1753 4109 1816 4146 ea:
1855 4094 2086 4163 gentibus

508 4193 864 4240 Convertuntur
888 4185 954 4236 ad
977 4179 1164 4249 Deum,
1195 4181 1284 4237 20.
1316 4184 1401 4235 sed
1424 4183 1635 4236 scribere
1662 4185 1735 4235 ad
1756 4185 1860 4247 eos,
1890 4193 1945 4236 ut
1971 4183 2087 4236 abs-

511 4278 701 4330 tineant
741 4293 794 4330 se
829 4293 861 4329 a
896 4277 1405 4330 conlantinationibus
1441 4273 1825 4330 simulacrorum
1847 4291 1897 4330 et
1924 4278 2088 4347 forni-

510 4370 707 4429 catione
731 4379 778 4423 et
799 4368 1047 4436 suﬂ'ocato
1069 4380 1114 4424 et
1136 4370 1397 4440 sanguine.
1416 4370 1506 4424 21.
1533 4370 1734 4440 Moyses
1760 4372 1891 4423 enim
1912 4387 1942 4422 a
1964 4381 2087 4424 tent-

511 4463 714 4531 poribus
735 4462 950 4532 antiquis
973 4479 1059 4529 per
1085 4479 1254 4515 omnes
1282 4464 1502 4515 civitates
1529 4463 1672 4517 habet
1693 4466 1779 4534 qui
1808 4465 2084 4533 praedicent

509 4569 626 4610 eum
649 4553 701 4607 in
726 4554 1015 4624 synagogis,
1044 4554 1129 4606 ubi
1150 4571 1237 4624 per
1262 4571 1409 4607 omne
1431 4553 1693 4607 sabbatum
1722 4557 1922 4626 legitur.
1952 4555 2085 4623 Quia

511 4646 586 4698 illi
618 4661 724 4700 non
754 4644 1034 4700 audierant
1072 4645 1138 4698 de
1178 4645 1294 4715 lege
1319 4687 1332 4709 ,
1369 4646 1559 4700 merito
1594 4647 1706 4699 haec
1749 4647 1974 4716 imperat
2017 4648 2085 4702 de

511 4740 658 4810 lege,
706 4754 774 4794 ne
813 4739 1052 4794 videatur
1079 4739 1221 4793 illam
1253 4741 1533 4809 abrogare.
1566 4731 1643 4794 Ἐι
1668 4740 1786 4795 vide
1817 4742 2084 4811 quomodo

511 4846 616 4884 non
652 4834 792 4885 sinat
832 4846 926 4885 eos
971 4830 1086 4885 hrec
1132 4846 1198 4885 ex
1241 4831 1355 4900 lege
1381 4831 1600 4899 audire,
1645 4833 1738 4887 sed
1771 4849 1835 4886 ex
1865 4834 2041 4903 seipso
2068 4876 2083 4899 ,

510 4922 694 4976 dicens
715 4963 729 4986 ,
757 4921 943 4977 Iudico
968 4939 1096 4993 ego;
1126 4923 1178 4976 id
1208 4932 1326 4990 est,
1355 4939 1384 4977 a
1414 4924 1616 4994 meipso
1641 4965 1657 4992 ,
1688 4941 1790 4979 non
1825 4927 1946 4995 quia
1980 4942 2085 4980 au-

512 5017 618 5070 divi
645 5033 709 5070 ex
737 5018 870 5087 lege.
904 5019 1122 5072 Demum
1148 5032 1431 5072 commune
1455 5017 1644 5088 dogma
1669 5018 1957 5088 profertur.
1987 5020 2078 5073 29..

517 5108 660 5163 Tunc
689 5110 877 5175 placuit
903 5112 1145 5177 apostolis
1171 5120 1217 5164 et
1242 5111 1521 5166 senioribus
1558 5122 1603 5164 et
1643 5114 1778 5166 omni
1805 5112 2045 5168 Ecclesiw
2067 5158 2082 5181 ,

513 5201 695 5270 eligere
732 5201 862 5256 viros
892 5217 953 5254 ea:
980 5202 1048 5254 eis
1066 5243 1080 5266 ,
1129 5213 1179 5258 et
1208 5204 1400 5256 mittere
1427 5203 1747 5256 Antiochiam
1773 5221 1885 5257 cum
1919 5205 2083 5258 Paulo

513 5304 561 5356 et
588 5292 826 5346 Barnaba
851 5293 1041 5346 ludam
1063 5335 1076 5358 ,
1125 5295 1212 5364 qui
1236 5298 1683 5366 cognominabatur
1707 5292 1960 5350 Barsabas
1981 5341 1996 5362 ,
2038 5309 2086 5351 et

516 5387 704 5449 Silam,
732 5387 862 5447 viros
885 5388 1070 5455 primos
1092 5388 1141 5440 in
1168 5390 1431 5458 fratribus,
1453 5389 1540 5443 25.
1569 5389 1840 5444 scribentes
1864 5409 1952 5460 per
1969 5395 2086 5445 ἠια-

516 5495 637 5532 num
665 5493 834 5532 eorum
865 5478 992 5532 hare.
1037 5478 1168 5532 Vide
1197 5479 1318 5532 illos
1344 5497 1446 5532 non
1481 5489 1678 5534 temere
1709 5482 1790 5533 illa
1826 5493 2082 5546 statuere;

516 5569 607 5630 sed
637 5580 694 5621 ut
722 5569 983 5626 sententia
1017 5569 1119 5624 ﬁde
1146 5569 1305 5638 digna
1334 5571 1404 5623 sit
1427 5612 1440 5633 ,
1470 5574 1684 5625 mittunt
1717 5573 1812 5626 hos
1844 5589 1873 5627 a
1905 5589 1996 5639 se,
2033 5585 2088 5626 ut

517 5660 749 5729 suspecti
777 5675 885 5715 non
914 5671 1096 5716 essent
1129 5659 1322 5714 Paulus
1350 5671 1404 5716 et
1431 5663 1625 5717 socius.
1669 5663 1738 5717 Et
1771 5666 1891 5718 vide
1927 5680 2085 5734 quam

513 5753 747 5830 graviter
777 5753 892 5818 illos
920 5752 1264 5824 objurgantcs
1289 5753 1525 5811 scribant
1553 5773 1563 5808 :
1593 5756 1838 5824 Apostoli,
1869 5760 2085 5814 seniores

1237 358 1294 413 s.
1333 339 1610 413 JOANNIS
1646 341 2112 409 cnan'osront
2149 344 2468 402 ARCHTEP.
2508 347 3038 406 CONSTANTINOP.

1841 473 2128 485 μμ...-

3697 350 3793 406 280

1820 537 2165 599 HOMILIA
2211 536 2511 599 XXXIII.

2212 688 2256 731 et
2283 678 2462 744 fratres
2489 681 2549 733 iis
2573 723 2586 742 ,
2617 683 2704 751 qui
2726 693 2843 737 sunt
2870 684 3167 748 Antiochiee,
3195 688 3248 740 in
3277 685 3432 757 Syria
3459 697 3505 742 et
3531 688 3584 742 in
3618 687 3792 742 Cilicia

2211 770 2454 838 fratribus
2480 775 2566 843 qui
2591 791 2653 828 ea:
2688 777 2917 846 gentibus
2942 821 2954 842 ,
3003 781 3236 833 salutent.
3273 779 3360 835 24.
3408 782 3662 848 Quoniam
3702 799 3793 836 asto

2209 859 2424 916 divinius
2448 865 2569 934 quia
2596 865 2801 935 quidam
2840 881 2902 923 ea:
2943 869 3083 923 nobis
3126 871 3448 927 turbaverunt
3476 889 3581 937 vos,
3625 873 3786 928 verbis

2209 965 2476 1009 evertentes
2517 959 2716 1012 animas
2745 969 2932 1014 vestras
2953 1003 2967 1026 ,
3001 961 3220 1017 dicentes
3248 973 3302 1015 ut
3349 965 3784 1018 circumcidamini

2207 1049 2253 1099 et
2281 1049 2484 1102 servetis
2519 1050 2705 1121 legem,
2759 1055 2938 1122 quibus
2960 1072 3060 1109 non
3087 1057 3456 1112 mandavimus.
3499 1057 3790 1115 Sufficiens

2205 1147 2320 1192 erat
2350 1141 2617 1196 accusatio
2646 1145 2958 1200 temeritatis
2986 1147 3217 1212 illorum,
3254 1159 3308 1202 et
3337 1149 3490 1218 digna
3514 1151 3788 1219 apostolo-

2205 1241 2322 1282 rum
2344 1226 2607 1301 :equita'tc,
2656 1233 2788 1289 nihil
2832 1236 3002 1305 majus
3039 1237 3174 1292 ultra
3195 1238 3509 1294 dicentium.
3533 1240 3626 1297 25.
3656 1241 3790 1294 Pla-

2203 1320 2308 1374 cuit
2339 1322 2482 1375 nobis
2527 1324 2749 1378 callectis
2775 1325 2828 1379 in
2871 1344 3028 1380 unum
3055 1329 3235 1400 eligere
3265 1331 3397 1384 uiros
3427 1341 3472 1384 et
3499 1334 3694 1386 mittere
3720 1333 3786 1386 ad

2203 1428 2308 1476 vos,
2339 1431 2450 1467 cum
2475 1415 2748 1471 carissimis
2778 1415 2963 1473 noslris
2991 1418 3230 1474 Barnaba
3254 1433 3302 1475 et
3327 1420 3512 1486 Paulo,
3541 1419 3630 1478 26.
3663 1425 3784 1478 viris

2200 1509 2292 1572 qui
2307 1507 2618 1561 tradiderunt
2639 1509 2833 1562 animas
2865 1527 2982 1564 suas
3010 1528 3102 1580 pro
3136 1513 3339 1567 nomine
3376 1510 3579 1566 Domini
3623 1517 3788 1569 nostri

2208 1598 2334 1652 Jesu
2348 1593 2554 1654 Christi.
2577 1601 2757 1673 itaque
2776 1605 3095 1669 ostenditur,
3118 1621 3222 1660 non
3243 1607 3515 1676 tyrannice
3541 1623 3654 1662 rem
3676 1610 3781 1678 agi,

2199 1691 2447 1746 omnibus
2467 1691 2579 1748 hate
2601 1695 2830 1764 placere.
2850 1708 2904 1751 et
2925 1696 3039 1752 haec
3053 1713 3172 1752 cum
3191 1697 3578 1756 deliberatione
3599 1700 3782 1766 scribi,

2199 1781 2433 1847 Electos,
2464 1785 2728 1854 inquiunt,
2757 1789 2897 1843 viros
2919 1805 2982 1843 ex
3008 1790 3181 1843 nobis.
3215 1779 3415 1846 Deinde
3441 1807 3505 1846 ne
3537 1793 3787 1847 videatur

2197 1892 2260 1930 ex
2292 1877 2553 1932 calumnia
2582 1878 2727 1934 Pauli
2761 1892 2812 1934 et
2842 1881 3096 1936 Barnabte
3133 1882 3253 1936 illos
3289 1884 3462 1946 mitti,
3515 1887 3784 1954 perpende

2199 1969 2379 2023 laudes
2408 1970 2640 2040 ipsorum
2678 1990 2690 2023 :
2728 1970 2882 2036 Viris,
2913 1972 3177 2042 inquiunt,
3207 1975 3294 2044 qui
3322 1975 3639 2032 tradiderunt
3665 1978 3783 2028 ani-

2197 2071 2305 2114 mas
2333 2063 2450 2116 suas
2481 2079 2572 2134 pro
2603 2065 2803 2118 nomine
2835 2063 3043 2119 Domini
3071 2069 3227 2121 nostri
3257 2067 3382 2122 Jesu
3432 2070 3643 2123 Christi.
3685 2072 3778 2125 27.

2198 2151 2430 2208 Misimus
2459 2171 2576 2225 ergo
2605 2155 2797 2209 ludam
2826 2167 2874 2210 et
2903 2157 3067 2211 Silam
3090 2199 3105 2224 ,
3139 2161 3229 2226 qui
3258 2170 3303 2213 et
3333 2161 3433 2228 ipsi
3460 2162 3599 2215 vobis
3625 2163 3787 2219 verbis

2196 2249 2409 2315 referent
2438 2248 2630 2300 eadem.
2659 2245 2747 2302 28.
2807 2247 2978 2301 Visum
3009 2260 3083 2303 est
3115 2253 3245 2304 enim
3280 2252 3498 2321 Spiritui
3525 2265 3702 2307 sancto
3732 2265 3788 2308 et

2193 2337 2353 2390 nobis.
2393 2337 2536 2392 Nihil
2561 2354 2689 2408 ergo
2722 2339 3009 2394 humanum
3032 2383 3045 2402 ,
3077 2342 3119 2394 si
3148 2341 3377 2411 Spiritus
3406 2343 3520 2398 hzec
3549 2356 3780 2400 statuat.

2195 2429 2347 2484 Nihil
2374 2432 2510 2484 ultra
2537 2433 2730 2502 imponi
2763 2434 2897 2487 vobis
2925 2435 3108 2488 oneris.
3156 2435 3387 2489 Rursum
3417 2452 3552 2491 onus
3585 2449 3784 2494 vocant

2194 2521 2385 2592 legem.
2410 2522 2548 2579 Iiinc
2573 2523 2638 2577 de
2667 2524 2773 2579 illis
2801 2525 2928 2592 ipsis
2956 2525 3216 2579 rationem
3245 2527 3495 2581 reddunt.
3531 2527 3648 2582 Nisi
3673 2532 3785 2583 lure

2192 2614 2494 2681 necessaria,
2547 2613 2638 2671 29.
2699 2626 2754 2669 ut
2807 2615 3097 2670 abstineatis
3147 2633 3233 2670 vos
3287 2619 3348 2671 ab
3404 2620 3680 2673 immolatis
3711 2621 3791 2671 si-

2189 2707 2546 2761 mulacrorum
2623 2716 2670 2760 et
2715 2705 2962 2772 suﬂ‘ocato
2987 2717 3034 2761 et
3059 2709 3390 2780 fornicatione
3416 2719 3462 2764 et
3490 2712 3743 2781 sanguine
3766 2754 3784 2777 ,

2190 2813 2223 2849 a
2247 2796 2425 2866 quibus
2443 2787 2776 2852 custodientes
2796 2815 2902 2863 vos,
2919 2802 3040 2853 bene
3057 2801 3235 2869 agetis.
3258 2801 3383 2856 Haec
3397 2818 3530 2856 nova
3558 2803 3643 2856 lex
3675 2820 3786 2858 non

2192 2889 2428 2960 prmcipit
2459 2903 2472 2942 :
2517 2903 2775 2960 nusquam
2807 2894 2947 2944 enim
2976 2891 3043 2946 de
3074 2892 3155 2946 his
3187 2893 3436 2962 loquutus
3477 2904 3563 2949 est
3603 2896 3770 2950 Citri-

2189 2993 2325 3044 stus;
2351 2981 2445 3037 sed
2473 2997 2503 3035 a
2527 2981 2642 3052 lege
2671 2981 2785 3037 haec
2809 2992 3044 3038 sumunt.
3070 2983 3139 3038 Et
3163 2985 3432 3052 su/focato,
3464 2989 3654 3058 inquit.
3685 2989 3788 3046 Hic

2190 3071 2392 3129 cedem
2417 3074 2654 3130 cohibet.
2703 3074 2792 3129 '50.
2839 3074 2930 3128 Illi
2958 3093 3075 3146 ergo
3102 3077 3299 3132 dimissi
3323 3090 3564 3132 venerunt
3590 3080 3748 3134 Antio
3767 3111 3786 3120 -

2189 3163 2354 3218 chiam
2375 3205 2390 3228 ,
2420 3175 2466 3218 et
2490 3177 2792 3236 congregata
2829 3167 3149 3220 multitudine
3174 3208 3188 3230 ,
3243 3169 3564 3223 tradiderunt
3585 3173 3786 3240 episto-

2190 3257 2313 3311 lam.
2340 3258 2429 3311 51.
2465 3257 2628 3323 Quam
2651 3274 2765 3310 cum
2793 3257 3045 3328 legissent,
3075 3260 3234 3330 gavisi
3260 3272 3378 3313 sunt
3413 3278 3567 3330 super
3593 3280 3786 3316 conso-

2190 3349 2394 3404 latione.
2447 3349 2637 3404 Postea
2677 3360 2736 3405 ut
2765 3352 3012 3406 ostendat
3050 3353 3318 3422 quomodo
3363 3355 3482 3409 illos
3511 3357 3784 3410 consolati

2187 3445 2328 3509 Sint,
2370 3443 2548 3498 subdit
2581 3462 2593 3497 :
2627 3443 2713 3498 52.
2764 3443 2930 3497 ludas
2960 3456 3129 3499 autem
3151 3457 3197 3499 et
3222 3446 3363 3500 Silas
3386 3489 3401 3511 ,
3449 3459 3495 3501 et
3535 3451 3634 3519 ipsi
3660 3467 3782 3504 cum

2190 3547 2348 3589 essent
2376 3537 2664 3605 prophetat,
2711 3539 2859 3590 uerbo
2889 3537 3106 3605 plurimo
3132 3539 3379 3592 consolati
3405 3551 3522 3593 sunt
3550 3547 3738 3610 fratres
3765 3583 3780 3609 ,

2190 3639 2236 3680 et
2261 3629 2702 3696 conﬁrmaverunt.
2747 3628 2837 3686 55.
2875 3627 3036 3682 Facto
3061 3639 3227 3682 autent
3260 3631 3330 3683 ibi
3357 3632 3622 3700 aliquanto
3649 3643 3784 3686 tent-

2191 3738 2311 3791 pore
2331 3761 2346 3786 ,
2373 3721 2565 3774 dimissi
2593 3731 2708 3774 sunt
2732 3723 2847 3774 cum
2875 3723 3000 3791 pace
3032 3738 3062 3773 a
3087 3723 3329 3793 fratribus
3357 3724 3423 3775 ad
3453 3725 3741 3793 apostolos.

2259 3813 2313 3865 2.
2343 3812 2408 3865 In
2442 3811 2667 3865 Ecclesia
2692 3814 2863 3866 nullus
2889 3813 3067 3881 fastus.
3087 3813 3286 3866 —Non
3325 3815 3457 3867 ultra
3483 3816 3783 3872 seditiones

2181 3918 2243 3960 'et
2270 3921 2459 3976 pugnae
2492 3927 2504 3958 :
2535 3906 2758 3974 ideoque
2781 3905 3106 3960 conﬁrmatis
3131 3907 3235 3960 illis
3260 3950 3274 3973 ,
3299 3923 3417 3961 cum
3459 3922 3587 3976 pace
3627 3912 3782 3965 abie-

2191 4001 2314 4053 runt
2344 4017 2357 4051 :
2389 3997 2642 4052 adversus
2671 3998 2890 4052 Paulum
2923 3997 3065 4052 enim
3098 4000 3542 4054 contentiosiores
3572 4016 3732 4055 erant
3765 4022 3778 4054 :

2189 4107 2252 4144 ac
2280 4091 2470 4145 deinde
2498 4089 2693 4143 Paulus
2720 4089 2897 4144 docet.
2927 4090 3016 4144 Sic
3046 4090 3222 4144 nullus
3255 4091 3421 4145 fastus
3442 4101 3558 4145 erat
3590 4094 3645 4146 in
3676 4095 3776 4148 Ec-

2190 4178 2351 4237 clesia
2379 4226 2393 4250 ,
2430 4183 2535 4237 "sed
2587 4184 2723 4238 bene
2771 4183 3059 4237 constituta
3105 4185 3304 4238 omnia.
3339 4184 3405 4237 Et
3446 4186 3612 4241 vide:
3661 4201 3779 4256 post

2191 4276 2405 4330 Petrum
2437 4275 2630 4329 Paulus
2659 4275 2894 4343 loquitur
2919 4315 2932 4338 ,
2963 4283 3018 4329 et
3046 4290 3206 4329 nemo
3235 4276 3475 4344 reprimit
3501 4293 3515 4339 ;
3547 4277 3780 4331 Jacobus

2191 4375 2461 4435 exspectat
2484 4408 2498 4430 ,
2527 4381 2628 4419 nec
2653 4366 2828 4419 exsilit
2859 4383 2872 4418 :
2909 4365 2985 4418 illi
3026 4366 3167 4420 enim
3198 4367 3525 4436 principatus
3551 4383 3774 4423 concre-

2191 4457 2331 4511 ditus
2357 4469 2490 4511 erat.
2517 4457 2658 4511 Nihil
2687 4456 2771 4510 hic
2796 4455 3030 4510 Joannes
3053 4498 3068 4522 ,
3103 4457 3243 4510 (nihil
3287 4457 3375 4511 alii
3416 4461 3645 4527 apostoli
3694 4462 3776 4513 lo-

2190 4560 2423 4621 quuntur
2444 4591 2457 4615 ,
2491 4552 2582 4604 sed
2613 4559 2830 4615 tacent,
2863 4564 2962 4604 nec
2989 4549 3366 4620 indignantur:
3391 4553 3467 4605 sic
3493 4568 3631 4606 vana
3661 4556 3771 4622 glo-

2192 4645 2269 4696 ria
2321 4643 2471 4696 vacui
2528 4641 2691 4694 animi
2743 4649 2912 4695 erant.
2966 4640 3070 4696 Sed
3116 4643 3393 4708 superiora
3447 4655 3772 4712 repetamus.

2194 4735 2474 4806 Postquam
2511 4746 2770 4788 tacuerunt
2796 4777 2810 4801 ,
2849 4725 3030 4805 inquit
3055 4776 3069 4797 ,
3097 4736 3366 4804 respondit
3402 4736 3628 4790 lacubus
3651 4781 3665 4803 ,
3696 4739 3771 4789 di-

2190 4847 2305 4882 cens
2333 4846 2351 4883 :
2383 4829 2588 4884 Simeon
2620 4831 2841 4883 narravit
2863 4831 3112 4899 quomodo
3136 4832 3353 4900 priutum
3376 4832 3513 4887 Deus
3535 4836 3770 4888 visitata.

2191 4921 2346 4974 Initio
2372 4919 2740 4975 vehementius
2769 4921 2957 4975 Petrus
2984 4921 3301 4992 loquebatur
3324 4965 3338 4988 ,
3365 4924 3452 4978 hic
3473 4941 3602 4979 vero
3627 4942 3777 4979 man-

2191 5015 2412 5069 suetius.
2447 5013 2522 5069 Ita
2548 5030 2761 5085 semper
2793 5016 3094 5072 faciendum
3126 5030 3208 5074 εει
3237 5022 3324 5086 ei,
3357 5026 3444 5091 qui
3491 5023 3542 5076 in
3587 5039 3774 5093 magna

2193 5113 2456 5178 potestate
2492 5116 2613 5162 est:
2660 5124 2887 5162 onerosa
2934 5109 3051 5163 aliis
3095 5110 3347 5165 mittenda
3377 5153 3391 5177 ,
3440 5113 3555 5181 ipse
3599 5124 3774 5167 autem

2192 5205 2369 5257 mitius
2399 5218 2559 5273 agere
2599 5202 2778 5258 debet.
2819 5203 2987 5259 Recte
3036 5204 3212 5259 dixit:
3262 5206 3469 5260 Simeon
3511 5208 3774 5264 narravit.

2191 5301 2338 5362 quasi
2372 5296 2460 5349 ille
2489 5295 2713 5349 aliorum
2747 5293 2945 5349 referat
2968 5298 3308 5351 sententiam.
3341 5298 3477 5352 Vide
3506 5299 3776 5367 quomodo

2194 5389 2294 5440 hoc
2323 5387 2596 5456 antiquum
2628 5401 2747 5441 esse
2773 5387 3041 5441 ostendat.
3077 5388 3142 5442 Ut
3189 5401 3434 5456 sumeret,
3477 5389 3685 5459 inquit,
3719 5405 3780 5442 ex

2191 5477 2416 5547 gentibus
2447 5479 2690 5546 populum
2721 5479 2913 5530 nomini
2942 5495 3053 5531 suo.
3097 5478 3210 5532 Non
3243 5481 3414 5533 Solum
3447 5481 3616 5550 elegit
3638 5523 3652 5546 ,
3685 5480 3778 5532 sed

2191 5570 2350 5623 etiam
2380 5569 2582 5623 nomini
2613 5585 2750 5636 suo;
2801 5570 2854 5624 id
2891 5579 2973 5625 est
2997 5612 3012 5637 ,
3060 5572 3244 5640 gloriae
3288 5587 3417 5626 suae.
3447 5573 3565 5627 Non
3617 5572 3778 5642 pudet

2193 5677 2384 5716 nomen
2402 5677 2555 5716 suum
2571 5678 2636 5717 ex
2652 5665 3016 5734 assumptione
3037 5667 3271 5734 gentium
3298 5666 3522 5738 gloriam
3545 5682 3734 5722 vocare
3758 5682 3777 5719 :

2195 5757 2308 5812 haec
2333 5757 2474 5819 enim
2505 5756 2674 5830 major
2704 5766 2786 5816 est
2813 5758 3002 5827 gloria.
3052 5758 3147 5819 llic
3187 5774 3318 5820 'tet‘o
3355 5761 3480 5830 quid
3530 5774 3781 5830 magnum
