4100 6354
521 245 625 302 941

504 358 707 431 ἐτέρων
746 357 925 428 λέγειν
957 357 1201 429 γνώμην.
1233 357 1376 429 Ὅρα
1413 356 1530 420 πῶς
1570 355 1807 409 δείκνυσι
1861 354 2091 409 παλαιὸν
2115 352 2177 407 δν

500 447 681 502 τοῦτο.
716 446 933 502 Λαόεῖν
960 447 1029 511 ἐξ
1057 444 1247 500 ἐθνῶν
1270 444 1443 508 λαὸν,
1470 443 1624 513 φησί,
1662 440 1743 507 τῷ
1782 442 2026 511 ὀνόματι
2063 441 2173 494 αὑ-

503 534 631 590 τοῦ.
680 535 791 605 Οὐχ
829 535 1013 599 ἀπλῶς
1065 533 1362 598 ἐξελέξατο,
1399 531 1534 585 άλλά
1574 529 1654 601 τῷ
1704 529 1925 601 όνόματι
1970 526 2170 582 αὑτοῦ·

500 624 765 688 τουτέστι,
806 627 870 695 τῇ
909 623 1035 695 δόξῃ
1073 621 1258 675 αὐτοῦ.
1293 622 1407 673 Ούκ
1442 618 1757 690 αἰσχύνεται
1790 618 1851 671 τὸ
1880 617 2049 688 ὄνομα
2080 616 2178 670 αύ-

501 711 598 765 τοῦ
645 714 710 783 τῇ
743 710 1007 782 προλήψει
1045 711 1151 762 τῶν
1201 707 1370 761 ἐθνῶν
1407 706 1561 772 δόξαν
1601 706 1802 761 καλῶν.
1848 705 2019 759 Τοῦτο
2068 704 2176 775 γάρ

506 799 706 871 μείζων
745 799 891 865 δόξα.
945 796 1210 851 Ἐνταῦθά
1255 814 1308 849 τι
1358 797 1451 850 καὶ
1478 796 1626 867 μέγα
1657 796 1973 849 αἰνίττεται.
2015 794 2176 847 Ποῖον

499 888 693 949 τοῦτος
752 886 894 951 Ὅτι,
944 886 1097 955 φησὶ,
1137 885 1243 956 πρὸ
1286 884 1503 937 πάντων
1557 879 1721 939 οὗτοι.
1778 883 1939 937 Μετὰ
1988 882 2176 936 ταῦτα

498 972 876 1041 ἀναστρέψω,
912 973 1010 1025 καί
1064 971 1535 1039 ἀνοικοδομήσω,
1580 972 1735 1042 φησί,
1774 970 1888 1038 τὴν
1932 968 2175 1035 σκηνὴν

506 1060 679 1114 Δαυίδ
723 1061 839 1125 τὴν
864 1058 1263 1112 πεπτωκυῖαν.
1302 1057 1367 1111 Et
1398 1075 1483 1120 τις
1522 1058 1763 1128 ἀκριϐῶς
1799 1057 2045 1128 σκοποίη,
2078 1056 2173 1109 νῦν

498 1148 597 1218 τὴν
630 1147 903 1217 βασιλείαν
935 1144 1228 1215 ἰσταμένην
1268 1143 1361 1196 τοῦ
1397 1144 1561 1197 Δαυίδ
1595 1144 1769 1217 εὖροι.
1799 1144 1905 1197 Τοῦ
1946 1144 2170 1212 ἐκγόνου

499 1238 607 1307 γὰρ
646 1234 809 1288 αὐτοῦ
846 1233 1239 1303 βασιλεύοντος,
1292 1231 1567 1303 πανταχοῦ
1621 1232 1852 1302 ἔστηκεν
1896 1230 2053 1302 αῦτη.
2105 1232 2171 1284 Τί

498 1324 606 1395 γὰρ
659 1321 851 1391 ὄφελος
887 1320 994 1373 τῶν
1036 1320 1353 1390 οἰκημάτων
1390 1320 1486 1372 καί⁵
1522 1318 1619 1389 τῆς
1654 1318 1883 1382 πόλεως,
1920 1317 2031 1371 τῶν
2069 1318 2173 1371 ὑπ-

497 1412 807 1466 ακουόντων
837 1409 937 1463 οὐκ
974 1406 1183 1472 δντων;
1221 1410 1372 1461 ποῖον
1409 1405 1466 1459 δέ
1505 1405 1701 1476 βλάϐος
1735 1408 1799 1459 ἐκ
1830 1406 1929 1476 τῆς
1970 1405 2169 1460 καθαι-

501 1500 703 1571 ρέσεως
732 1496 833 1567 τῆς
855 1495 1081 1558 πόλεως,
1108 1494 1327 1548 πάντων
1356 1494 1450 1546 καὶ
1482 1491 1582 1556 τὰς
1616 1491 1793 1562 ψυχάς
1830 1491 2169 1563 βουλομένων

498 1586 806 1648 ἐπιδοῦναι;
845 1584 1009 1637 Ὥστε
1045 1583 1107 1635 ού
1145 1582 1307 1652 μόνον
1346 1580 1594 1651 ἕστηκεν,
1629 1579 1765 1633 ἀλλά
1799 1579 1896 1632 καὶ
1916 1578 2169 1651 λαμπρο-

496 1676 632 1745 τέρα
663 1674 879 1728 πάντων
904 1670 1122 1740 γέγονε⁸
1164 1666 1442 1738 πανταχοῦ
1476 1666 1585 1738 γάρ
1622 1666 1718 1721 νῦν
1770 1669 1870 1737 τῆς
1924 1665 2171 1737 οἰκουμέ-

497 1779 595 1833 νης
626 1761 831 1835 ᾅδεται.
869 1759 1077 1814 Ἐκεῖνο
1112 1755 1304 1826 ἐξέϐη·
1356 1754 1551 1809 ούκοῦν
1590 1754 1684 1808 καὶ
1736 1754 1894 1807 τοῦτο
1940 1754 2169 1825 ἐκϐῆναι

492 1852 595 1907 δεῖ.
632 1852 815 1905 Εἰπὼν
848 1849 926 1913 δὲ,
982 1848 1089 1902 Καὶ
1127 1845 1606 1915 ἀνοικοδομήσω,
1656 1843 1853 1913 ἐπάγει
1919 1844 2013 1897 καὶ
2070 1843 2170 1915 τὴν

496 1940 676 1994 αἰτίαν
692 1938 784 1992 τοῦ
804 1938 893 1992 διὰ
917 1936 990 2001 τί,
1017 1936 1220 2004 λέγων·
1251 1934 1452 1997 Ὅπως
1474 1931 1879 1999 ἐκζητήσωσιν
1911 1934 1964 1984 οί
1991 1930 2171 1985 κατά-

493 2031 696 2081 λοιποι
728 2026 848 2079 τῶν
889 2024 1215 2093 ἀνθρώπων
1258 2022 1365 2077 τὸν
1413 2022 1656 2089 Κύριον.
1721 2020 1784 2072 Εἰ
1839 2019 2017 2071 τοίνυν
2082 2019 2171 2072 διὰ

494 2113 653 2168 τοῦτο
699 2114 956 2183 ἐξανέστη
990 2114 1023 2183 ή
1053 2111 1207 2174 πόλις
1263 2109 1353 2163 διά
1388 2109 1480 2162 τὸν
1540 2107 1601 2173 ἐξ
1651 2106 1852 2169 αὐτῶν,
1894 2107 2054 2176 δῆλον
2088 2107 2170 2160 ὅτι

494 2206 594 2274 τῆς
637 2201 926 2273 οἰκοδομῆς
978 2200 1077 2270 τῆς
1136 2198 1346 2261 πόλεως
1384 2197 1555 2249 αἴτιον
1595 2194 1785 2265 γέγονε
1836 2195 1898 2248 τὸ
1934 2195 2002 2248 1&
2040 2195 2167 2267 ἔθνη

494 2282 780 2363 κληθῆναι.
815 2291 857 2343 Τ
866 2290 970 2353 ίνες
998 2288 1135 2342 εἰσὶν
1160 2291 1223 2341 Οἰ
1248 2286 1593 2339 κατάλοιποι
1610 2302 1630 2349 ;
1666 2288 1727 2338 OE
1757 2285 2171 2354 ὑπολειπόμενοι

493 2380 635 2435 τότε.
696 2377 834 2431 Ἀλλ’
861 2378 962 2448 δρα
1000 2374 1164 2428 αὑτὸν
1208 2373 1301 2426 καὶ
1338 2375 1437 2442 τὴν
1472 2372 1627 2438 τάξιν
1670 2372 2022 2440 φυλάττοντα,
2076 2372 2171 2425 καὶ

490 2470 777 2538 δευτέρους
810 2466 1003 2528 αὐτοὺς
1061 2464 1368 2531 εἰσάγοντα.
1409 2460 1579 2529 Λέγει
1606 2460 1843 2529 Κύριος,
1892 2463 1925 2515 ό
1961 2459 2172 2524 ποιῶν,

494 2558 649 2628 φησὶ,
684 2555 872 2609 ταῦτα
920 2552 1136 2605 πάντα.
1188 2550 1263 2603 υύ
1306 2548 1451 2617 λέγει
1484 2548 1668 2619 μόνον,
1696 2547 1832 2601 ἀλλά
1866 2548 1961 2601 καὶ
1995 2549 2170 2601 ποιεῖ⁸

494 2651 604 2717 ἀρα
646 2642 781 2696 Θεοῦ
812 2642 970 2711 ἔργον
1000 2641 1033 2710 ή
1066 2639 1255 2709 κλῆσις
1274 2637 1383 2689 τῶν
1411 2635 1774 2690 ἐθνῶν.”Αλλο
1791 2631 1860 2706 ῆν
1890 2636 1950 2688 10
1980 2634 2174 2705 ζητούο

500 2750 684 2805 μενον,
738 2732 875 2800 ὅπερ
939 2726 1272 2796 σαφέστερον
1313 2723 1405 2777 καὶ
1458 2724 1662 2794 Πέτρος
1701 2722 1921 2791 ἐλεγεν⁸
1974 2724 2037 2776 ού
2094 2724 2176 2777 δεῖ

496 2822 692 2881 αὐτοὺς
732 2814 1176 2889 περιτέμνεσθαι.
1218 2813 1283 2865 Τί
1310 2812 1491 2865 τοίνυν
1527 2811 1702 2865 ταῦτα
1751 2811 2084 2883 δημηγορεῖς
2110 2827 2172 2878 ις

494 2907 650 2984 [256]
681 2908 755 2961 Ού
786 2908 893 2975 γὰρ
920 2904 983 2975 δὴ
1018 2902 1175 2956 τοῦτο
1198 2901 1402 2969 ἔλεγον,
1424 2900 1504 2952 ὃτι
1528 2900 1587 2953 ού
1610 2900 1691 2952 δεῖ
1717 2900 1913 2963 αὐτοὺς
1928 2899 2177 2969 δέχεσθαι

496 2996 874 3056 πιστεύοντας,
917 2993 1031 3046 ἀλλ’
1066 2992 1146 3043 ὅτι
1196 2988 1337 3061 μετὰ
1368 2990 1557 3059 νόμου.
1593 2988 1701 3042 Kal
1726 2987 1882 3041 τοῦτο
1913 2990 1941 3042 0
1974 2988 2177 3059 Πέτρος

496 3087 677 3149 καλῶς
712 3082 1152 3155 ἐδημηγόρησεν⁸
1196 3076 1312 3132 ἀλλ’
1367 3076 1555 3149 ἐπειδὴ
1592 3076 1752 3130 τοῦτο
1784 3077 2033 3148 ἐθορύϐει
2074 3077 2179 3147 μά-

494 3188 652 3231 λιστα
679 3174 896 3227 πάντων
912 3171 1035 3234 τοὺς
1060 3167 1351 3239 ἀκροατάς,
1381 3165 1642 3219 καὶτοῦτο
1672 3164 1964 3235 θεραπεύει
1991 3166 2178 3221 πάλιν.

495 3266 608 3322 Καὶ
631 3265 755 3335 ὅρα,
776 3263 912 3332 ὅπερ
929 3258 1095 3329 ἐχρῆν
1123 3254 1572 3326 νομοθετηθῆναι,
1590 3254 1673 3307 ὅτι
1702 3255 1764 3306 οὐ
1780 3254 1861 3307 δεῖ
1890 3254 2177 3324 φυλάττειν

502 3355 585 3407 σὺν
637 3353 822 3423 νόμον,
872 3352 901 3403 0
954 3346 1160 3417 Πέτρος
1197 3344 1461 3414 εἰσήγαγε
1486 3360 1499 3375 ο
1559 3342 1622 3395 τὸ
1659 3342 1715 3394 δὲ
1756 3343 2048 3413 ἡμέτερον,
2082 3345 2177 3397 καὶ

495 3442 667 3495 πάλαι
713 3434 1072 3508 παραδεχθέν,
1107 3431 1265 3485 τοῦτο
1321 3426 1475 3494 οῦτός
1514 3447 1670 3501 φησι,
1709 3432 1804 3484 καὶ
1852 3432 2177 3504 ἐνδιατρίϐει

495 3529 710 3598 ἐκείνῳ,
742 3525 881 3595 ὺπέρ
906 3518 966 3577 οὗ
990 3521 1144 3574 ούδέν
1173 3519 1503 3589 γέγραπται,
1533 3518 1620 3571 ἵνα
1673 3517 1854 3571 αὐτῶν
1902 3518 2173 3590 θεραπεύ-

497 3635 597 3681 σας
653 3614 753 3685 τὴν
813 3612 1053 3666 διάνοιαν
1086 3608 1163 3680 τῷ
1200 3608 1703 3678 συγκεχωρημένῳ,
1748 3606 2019 3679 εὐκαίρως
2068 3611 2179 3661 εἱσ-

497 3700 685 3771 αγάγῃ
716 3699 809 3751 καὶ
836 3695 1014 3749 τοῦτο.
1058 3693 1156 3746 Διὸ
1185 3691 1300 3760 ἐγὼ
1320 3695 1499 3759 κρίνω
1518 3688 1604 3758 μὴ
1635 3690 2032 3759 παρενοχλεῖν
2053 3690 2177 3757 τοῖς

496 3790 618 3845 ἀπὸ
662 3784 781 3840 τῶν
806 3782 997 3838 ἐθνῶν
1031 3782 1491 3850 ἐπιστρέφουσι·
1528 3778 1794 3844 τουτέστι,
1831 3779 1906 3849 μὴ
1955 3779 2179 3850 ἀνατρέ-

498 3893 643 3931 πειν.
681 3875 746 3928 Εἰ
780 3872 888 3943 γὰρ
913 3873 942 3926 0
978 3870 1108 3933 Θεὸς
1142 3869 1421 3931 ἐκάλεσεν,
1460 3862 1617 3921 αῦται
1667 3866 1724 3921 δέ
1759 3868 1818 3921 αἰ
1854 3868 2177 3939 παρατηρή-

499 3984 616 4031 σεις
643 3968 669 4005 δ
704 3963 1089 4035 ἀνατρέπουσι,
1128 3959 1208 4030 τῷ
1260 3960 1379 4029 Θεῷ
1420 3956 1784 4030 πολεμοῦμεν.
1833 3959 1943 4013 Kal
1996 3959 2177 4023 καλῶς

501 4050 646 4118 εἷπε,
721 4052 851 4118 Τοῖς
901 4049 1022 4104 ἀπὸ
1079 4047 1198 4101 τῶν
1253 4044 1445 4103 ἐθνῶν
1498 4046 1952 4116 ἐπιστρέφουσι,
1996 4047 2175 4118 δηλῶν

502 4140 722 4197 καὶτοῦ
746 4138 879 4192 Θεοῦ
908 4137 1006 4208 τὴν
1040 4135 1247 4189 ἀνωθεν
1306 4134 1433 4205 περὶ
1466 4135 1665 4198 αὐτοὺς
1713 4136 2046 4206 οἰκονομίαν,
2080 4134 2174 4188 καὶ

500 4231 564 4284 τὸ
591 4228 795 4282 τούτων
834 4224 1162 4287 καταπειθές
1210 4224 1307 4276 καὶ
1350 4224 1566 4293 ἐτοιμον
1592 4225 1671 4287 εἰς
1721 4224 1819 4293 τὴν
1865 4223 2078 4294 κλῆσιν.
2108 4224 2172 4277 Τί

504 4321 644 4383 ἐστι,
673 4316 861 4383 Κρίνω
886 4312 1039 4382 ὲτώ;
1083 4313 1229 4365 Ἀντὶ
1254 4310 1370 4376 τοῦ,
1410 4311 1527 4381 μετ’
1561 4311 1808 4377 ἐξουσίας
1839 4312 1984 4380 λέγω
2014 4312 2174 4366 τοῦτο

506 4403 667 4461 εἶναι.
697 4404 859 4459 Ἀλλ’
892 4401 1221 4455 ἐπιστεῖλαι
1244 4399 1449 4465 αὐτοῖς
1482 4399 1586 4453 τοῦ
1608 4400 1956 4468 ἀπέχεσθαι,
1982 4401 2170 4470 φησὶν,

508 4494 626 4549 ἀπὸ
655 4490 773 4545 τῶν
798 4487 1223 4557 ἀλισγημάτων
1251 4485 1369 4539 τῶν
1388 4486 1649 4539 εἰδώλων
1674 4488 1773 4540 καί
1814 4486 1917 4554 τῆς
1947 4489 2175 4556 πορνεί-

505 4600 582 4649 ας
630 4580 728 4635 καί
771 4578 878 4633 τοῦ
926 4576 1177 4630 πνικτοῦ
1208 4574 1438 4629 καὶτοῦ
1462 4576 1727 4644 αἵματος.
1771 4569 1941 4629 Αὖται
1982 4577 2091 4648 γὰρ
2122 4579 2172 4632 εἰ

508 4672 603 4725 καὶ
661 4667 988 4739 σωματικαὶ,
1042 4663 1156 4718 ἀλλ’
1209 4664 1504 4731 ἀναγκαῖαι
1556 4664 1937 4733 φυλάττεσθαι,
1985 4666 2171 4738 ἐπειδὴ

512 4758 722 4832 μεγάλα
756 4755 1070 4827 εἰργάζοντο
1089 4752 1254 4806 κακά.
1300 4752 1411 4805 Kal
1441 4751 1526 4805 ἴνα
1557 4756 1631 4823 μή
1659 4769 1743 4815 τις
1773 4753 2171 4826 άνθυπενέγκῃ,

510 4849 611 4902 Διά
637 4847 689 4899 τί
718 4846 792 4917 μὴ
823 4844 917 4897 καὶ
946 4841 1219 4904 Ἰουδαίοις
1253 4840 1323 4893 τὰ
1350 4839 1487 4893 αὐτὰ
1515 4839 1928 4911 ἐπιστέλλομεν;
1964 4843 2174 4912 ἐπήγα·

510 4953 575 5004 γε
610 4934 813 5003 λέγων·
844 4927 1106 4996 Μωυσῆς
1130 4929 1200 4982 ἐκ
1229 4926 1451 4997 γενεῶν
1477 4928 1740 4997 ἀρχαίων
1781 4931 1930 4983 κατὰ
1991 4933 2175 4985 πόλιν

514 5022 655 5087 τοὺς
690 5020 1111 5086 κηρύσσοντας
1154 5017 1371 5070 ἑαυτὸν
1402 5016 1560 5083 ἔχει’
1617 5016 1883 5082 τουτέστι,
1936 5018 2174 5090 Μωῦσῆς

516 5106 692 5166 αὐτοῖς
726 5102 1029 5169 διαλέγεται
1080 5100 1337 5169 συνεχῶς,
1377 5100 1545 5153 Τοῦτο
1592 5100 1700 5171 γάρ
1726 5102 1841 5153 ἐστι
1900 5100 1983 5167 τὸ,
2021 5104 2175 5157 Κατά

517 5186 626 5246 πάν
661 5190 923 5244 σάϐϐατον
979 5189 1502 5258 ἀναγινωσκόμενος.
1536 5187 1679 5257 Ὅρα
1722 5188 1862 5259 πόση
1895 5191 1929 5261 ή
1969 5206 2174 5257 συγκα-

516 5280 767 5340 τάϐασις.
802 5274 970 5329 Ἔνθα
995 5274 1147 5327 οὐδὲν
1168 5274 1454 5340 ἔϐλαπτεν,
1479 5276 1778 5345 ἐπέστησεν
1811 5278 1994 5341 αὐτοῖς
2031 5277 2176 5332 διδά-

519 5368 737 5432 σκαλον,
770 5365 865 5418 καὶ
908 5364 1196 5435 ἐχαρίσατο
1246 5365 1402 5435 χάριν
1430 5364 1583 5416 οὐδὲν
1626 5366 2180 5433 ἐμποδίζουσαν,ἐπι-

518 5457 723 5530 τρέψας
751 5453 1018 5517 Ἰουδαίοις
1041 5453 1261 5506 ἀκούειν
1304 5452 1470 5507 αὑτοῦ
1522 5454 1662 5507 κατά
1693 5457 1889 5521 πάντα,
1918 5457 2012 5509 καὶ
2070 5457 2178 5509 ἀπ-

518 5546 669 5613 άγων
718 5542 843 5605 τοὺς
880 5540 941 5607 ἐξ
968 5540 1172 5593 ἐθνῶν⁸
1221 5538 1339 5594 εἶτα
1365 5540 1430 5593 δι’
1461 5535 1534 5593 ὢν
1580 5541 1757 5607 ἔδοξεν
1802 5543 1964 5595 αὑτὸν
1989 5546 2174 5615 τιμᾷν,

518 5632 613 5687 καὶ⁸
641 5629 921 5699 ἐφιστάναι
948 5628 1061 5691 τοῖς
1084 5628 1298 5693 ἐαυτοῦ,
1326 5627 1415 5681 διά
1436 5626 1641 5681 τούτων
1670 5629 1925 5697 ἀπήγαγε
1949 5630 2018 5683 τὰ
2048 5629 2175 5699 ἐθνη

517 5717 581 5783 ἐξ
623 5715 807 5772 αὐτοῦ.
850 5714 951 5771 Διά
1003 5715 1055 5768 τί
1091 5711 1185 5770 οῦν
1217 5715 1294 5787 μὴ
1323 5715 1451 5787 παρ’
1478 5714 1643 5769 αὐτοῦ
1674 5716 2040 5787 μανθάνουσις
2079 5720 2177 5773 Διά

582 5855 603 5879 ⁸
636 5856 833 5920 110101.,
859 5857 1159 5921 δημηγορεῖν.
1226 5855 1254 5895 δ
1276 5856 1395 5921 Alii,
1436 5858 1686 5910 ἐκάλεσεν
1732 5860 1782 5907 αἰ
1821 5857 1874 5909 δί
1902 5857 2176 5922 παρατηρή-

536 5954 649 5997 om.

1309 243 1370 301 S.
1401 238 1684 300 JOANNIS
1719 236 2209 299 CHRYSOSTOMI
2250 235 2578 295 ARCHIEP.
2619 236 3162 295 CONSTANTINOP.

3838 235 3987 293 24⁸1

2277 352 2377 424 τῆν
2421 353 2627 407 οἰκείαν
2672 353 2973 407 ἀπείθειαν.
3038 351 3316 406 Ἐντεῦθεν
3360 352 3653 418 δείκνυσιν,
3710 358 3799 413 ὅτι
3852 362 3987 412 καὶ

2276 441 2498 504 τούτους
2519 441 2667 495 οὐδὲν
2680 441 2840 496 πλέον
2850 441 2928 495 δεῖ
2945 440 3250 511 φυλάττειν.
3270 441 3330 494 Εἰ
3351 442 3407 494 δὲ
3422 443 3520 495 οὑκ
3536 446 3982 517 ἐπιστέλλομεν,

2276 528 2373 598 ούχ
2389 527 2463 592 ὡς
2478 528 2793 597 ὀφειλόντων
2805 528 2983 581 αὐτῶν
3004 527 3163 581 πλέον
3179 545 3229 580 τι
3253 528 3557 595 φυλάττειν,
3576 532 3691 585 ἀλλ’
3705 534 3782 597 ὡς
3797 533 3983 604 ἐχόνσ

2272 635 2379 670 των
2395 618 2483 671 τὸν
2499 617 2749 686 λέγοντα.
2774 617 2881 670 Kal
2901 618 3002 670 ούκ
3027 612 3169 678 εἶπε,
3211 616 3303 687 Μὴ
3347 619 3717 684 σκανδαλίζειν
3747 623 3982 684 αὐτοὺς

2275 705 2411 775 μηδέ
2443 705 2861 776 καταστρέφειν,
2884 705 3020 776 ὅπερ
3048 703 3260 767 Παῦλος
3287 703 3434 772 λέγει
3474 704 3761 773 Γαλάταις,
3785 707 3977 775 ἀλλὰ,

2271 791 2367 860 Μὴ
2381 791 2778 860 παρενοχλεῖν
2794 808 2807 821 ·
2827 791 2962 862 ὅπερ
2979 790 3128 844 ούδέν
3140 789 3408 843 δείκνυσιν
3430 790 3488 844 ὂν
3505 792 3564 844 τὸ
3584 794 3973 864 κατόρθωμα,

2269 877 2445 949 ἀλλ’ἢ
2478 880 2636 949 μόνον
2659 878 2958 950 ἐνόχλησιν.
2992 877 3177 939 υῦτως
3202 874 3420 941 ἐξέλυσε
3462 877 3523 929 τὸ
3548 880 3677 933 πᾶν.
3712 882 3826 933 Kal
3860 881 3977 933 δο-

2269 968 2359 1021 κεῖ
2387 968 2484 1037 μὲν
2506 969 2599 1020 καὶ
2625 968 2716 1020 τὸν
2740 966 2904 1038 νόμον
2932 968 3120 1037 τηρεῖν
3148 964 3226 1035 τῷ
3254 964 3314 1029 ἐξ
3336 964 3499 1018 αὑτοῦ
3526 966 3697 1018 ταῦτα
3730 967 3979 1034 λαϐεῖν,

2268 1054 2424 1108 ἔλυσε
2446 1056 2502 1108 δὲ
2527 1056 2690 1109 αὑτὸν
2723 1055 2802 1125 τῷ
2838 1055 2974 1126 μόνα
2999 1054 3203 1107 λαϐεῖν.
3234 1054 3427 1107 Καίτοι
3456 1070 3520 1122 γε
3555 1055 3816 1120 πολλάκις
3852 1056 3981 1109 αὑ-

2266 1146 2379 1207 τοῖς
2402 1144 2540 1215 ύπέρ
2565 1144 2771 1198 τούτων
2801 1141 3047 1213 διελέχθη
3067 1160 3083 1175 ⁸
3119 1141 3235 1195 ἀλλ’
3258 1142 3345 1195 ἵνα
3380 1142 3505 1213 δόξῃ
3532 1144 3625 1195 καὶ
3652 1144 3744 1197 τὸν
3778 1144 3982 1215 νόμον

2264 1233 2454 1303 τιμᾷν,
2495 1230 2788 1286 καὶταῦτα
2825 1233 2923 1301 οὐχ
2950 1230 3026 1294 ὡς
3052 1231 3160 1283 ἀπὸ
3202 1231 3479 1291 Μωῦσέως
3498 1231 3689 1299 λέγων,
3720 1232 3845 1284 ἀλλ’
3879 1232 3981 1295 ὡς

2264 1320 2372 1375 ἀπὸ
2390 1320 2499 1374 τῶν
2518 1320 2853 1383 ἀποστόλων,
2878 1320 2973 1373 καὶ
3000 1320 3089 1373 ῖνα
3109 1317 3307 1382 πολλὰς
3334 1319 3534 1390 ποιήσῃ
3564 1320 3663 1382 τὰς
3695 1320 3975 1385 ἐντολὰς,

2264 1410 2364 1480 τὴν
2382 1408 2508 1480 μίαν
2529 1408 2710 1463 διεῖλε.
2736 1407 2909 1461 Τοῦτο
2942 1407 3179 1478 μάλιστα
3203 1407 3400 1470 αὐτοὺς
3431 1407 3759 1461 ἀνέπαυσεν.
3785 1409 3979 1461 Οἰκο-

2263 1495 2501 1567 νομικῶς
2542 1496 2599 1549 δὲ
2655 1495 2847 1566 γέγονε
2893 1496 2986 1548 καὶ
3040 1495 3075 1565 ή
3127 1493 3405 1563 ἀντιλογία
3431 1532 3447 1558 ,
3503 1494 3589 1547 ἰνα
3647 1495 3788 1565 μετά
3847 1495 3977 1567 τὴν

2262 1583 2571 1652 ἀντιλογίαν
2618 1582 2957 1655 βεϐαιότερον
3061 1582 3120 1635 10
3146 1582 3349 1652 δόγμα·
3386 1622 3401 1637 .
3439 1582 3580 1635 Τότε
3614 1581 3792 1645 ἔδοξε
3816 1584 3975 1651 τοῖς

2263 1671 2646 1737 ἀποστόλοις,
2711 1672 2896 1741 φησὶν,
2960 1670 3187 1738 ἀνδρας
3233 1668 3609 1739 ἡγουμένους
3683 1670 3757 1724 ἐν
3816 1672 3974 1739 τοῖς

2263 1760 2550 1831 ἀδελφοῖς
2582 1762 2831 1830 πέμψαι.
2860 1761 2936 1814 Οὐ
2966 1761 3093 1824 τοὺς
3130 1760 3413 1831 τυχόντας,
3453 1760 3590 1814 ἀλλά
3624 1762 3752 1825 τοὺς
3778 1763 3976 1833 ήγουο

2268 1849 2463 1920 μένους
2496 1849 2804 1918 πέμπουσιν
2823 1848 3171 1918 ἐκλεξάμενοι
3187 1864 3201 1878 ⁸
3237 1847 3365 1914 Τοῖς
3387 1848 3535 1901 κατὰ
3554 1848 3968 1917 Ἀντιόχειαν,

2266 1937 2435 2010 φησί,
2490 1936 2590 1991 καί
2632 1937 2856 2005 Συρίαν
2902 1936 3001 1990 καί
3051 1937 3360 2002 Κιλικίαν,
3420 1936 3548 1991 ἔνθα
3597 1938 3661 1991 τί.
3726 1940 3967 2011 νόσημα

2265 2024 2486 2096 ἐτέχθη.

2337 2120 2384 2182 γ’
2392 2152 2405 2167 .
2436 2110 2586 2185 [257]
2610 2112 2750 2183 Ὅρα
2771 2109 2935 2181 μηδὲν
2949 2110 3205 2181 φορτικὸν
3220 2111 3249 2151 ι’
3275 2110 3397 2165 κατ’
3412 2112 3636 2167 ἐκείνων
3662 2114 3965 2184 λέγοντας,

2264 2199 2377 2255 ἀλλ’
2420 2201 2500 2261 εἰς
2532 2198 2589 2251 ἐν
2621 2198 2861 2270 ὁρῶντας
2902 2198 3081 2267 μόνον,
3123 2197 3263 2251 ὥστε
3308 2201 3610 2272 ἀνατρέψαι
3634 2202 3696 2255 τὸ
3737 2220 3964 2275 γεγενη

2270 2288 2428 2360 μένον
2445 2303 2460 2318 ⁸
2491 2287 2647 2341 τοῦτο
2674 2287 2782 2359 γὰρ
2806 2285 3040 2350 καὶτοὺς
3062 2287 3178 2339 ἐκεῖ
3201 2287 3588 2353 στασιάζοντας
3606 2291 3969 2363 ὁμολογῆσαι

2266 2380 2458 2433 ἐποίει.
2475 2380 2587 2433 Ούκ
2613 2373 2786 2443 εἰπον,
2807 2378 2889 2430 ὅτι
2915 2377 2965 2430 οἱ
2992 2376 3325 2440 ἀπατεῶνες,
3343 2379 3389 2430 οἰ
3412 2378 3708 2449 λυμεῶνες,
3730 2384 3825 2435 καὶ
3843 2384 3967 2436 ὅσα

2266 2467 2489 2521 τοιαῦτα
2513 2479 2527 2495 ·
2560 2466 2737 2519 καίτοι
2769 2464 2897 2518 ἔνθα
2917 2464 3103 2535 ἐχρῆν,
3138 2467 3280 2517 ποιεῖ
3307 2466 3438 2519 αὐτὸ
3462 2466 3692 2532 Παῦλος,
3714 2469 3792 2533 ὠς
3811 2472 3966 2524 ὅταν

2265 2554 2420 2627 λέγει’
2445 2555 2513 2609 Ὦ
2549 2552 2787 2620 πλήρης
2806 2551 3034 2616 παντὸς
3059 2551 3246 2605 δόλου
3266 2568 3279 2580 ⁸
3304 2553 3538 2607 ἐνταῦθα
3564 2554 3621 2607 δέ
3652 2556 3963 2627 κατορθω-

2267 2640 2469 2703 θέντος,
2531 2639 2631 2692 ούκ
2674 2638 2753 2690 ἐτι
2799 2636 2955 2709 χρεία
3001 2634 3090 2707 ῆν.
3135 2638 3245 2690 Καὶ
3290 2640 3410 2709 δρα,
3446 2640 3507 2692 ού
3547 2640 3817 2706 τιθέασιν,
3852 2644 3957 2698 ὃτι

2267 2728 2409 2791 τινὲς
2443 2727 2499 2793 ἐξ
2531 2726 2687 2797 ήμῶν
2716 2725 3011 2779 ἐκέλευσαν
3044 2725 3188 2795 ὑμᾶς
3211 2724 3303 2779 τὸν
3326 2726 3487 2797 νόμον
3512 2732 3700 2799 τηρεῖν
3727 2747 3742 2761 ⁸
3796 2732 3957 2799 ἀλλ’,

2267 2813 2607 2883 Ἐτάραξαν
2655 2806 2813 2881 ὑμᾶς
2849 2813 3056 2883 λόγοις
3081 2813 3613 2883 ἀνασκευάζοντες.
3645 2819 3813 2871 Οὐδὲν
3840 2839 3957 2874 κυ-

2274 2900 2532 2975 ριώτερον
2567 2903 2666 2971 τῆς
2690 2900 2887 2964 λέξεως
2916 2914 2931 2929 ⁸
2956 2900 3130 2965 οὐδεὶς
3152 2900 3323 2965 οὕτως
3361 2899 3503 2958 εἷπε.
3557 2904 3667 2969 Τάς
3704 2907 3809 2977 ήδη
3847 2908 3954 2980 βε-

2273 2989 2599 3053 ϐαιωθείσας
2631 2987 2831 3058 ψυχὰς,
2856 2988 3040 3058 φησὶν,
3072 2987 3556 3056 ἀνασκευάζοντες,
3582 2992 3829 3067 καθάπερ
3847 2996 3956 3050 ἐπὶ

2272 3078 2561 3148 οἰκοδομῆς
2604 3077 2674 3131 τά
2720 3076 2816 3130 ὑπ’
2855 3074 3081 3131 ἐκείνων
3126 3079 3471 3149 γεγενημένα
3510 3080 3768 3147 τιθέντες.
3819 3079 3954 3152 Οἷς,

2273 3169 2459 3239 φησὶν,
2489 3170 2561 3222 οὐ
2594 3164 3071 3234 διεστειλάμεθα.
3109 3166 3366 3231 Ἕδοξεν
3387 3164 3501 3222 οὖν
3532 3170 3672 3238 ἡμῖν
3699 3176 3955 3243 γενομέ-

2272 3274 2401 3323 νοις
2433 3254 2811 3325 ὁμοθυμαδὸν
2830 3253 2951 3308 σὺν
2987 3251 3111 3319 τοῖς
3142 3254 3489 3324 ἀγαπητοῖς.
3529 3258 3593 3310 Εἰ
3643 3259 3947 3331 ἀγαπητοὶ,

2272 3346 2333 3398 οὐ
2369 3344 2875 3414 καταφρονήσουσιν
2906 3342 3085 3396 αὐτῶν
3119 3356 3137 3374 ⁸
3164 3344 3215 3395 εἰ
3257 3345 3581 3415 παρέδωκαν
3612 3347 3711 3409 τάς
3738 3349 3945 3420 ψυχάς,

2272 3434 2367 3487 καὶ
2393 3433 2546 3487 αὐτοὶ
2562 3429 2866 3497 ἀξιόπιστοί
2892 3432 3049 3484 εἰσιν.
3077 3431 3575 3501 Ἀπεστάλκαμεν
3595 3430 3728 3499 οὖν,
3751 3440 3949 3507 φησὶν,

2270 3520 2499 3576 Ἰούδαν
2527 3520 2625 3572 καί
2648 3518 2858 3580 Σίλαν,
2881 3518 2979 3572 καί
3003 3518 3227 3584 αὐτοὺς
3266 3518 3364 3572 διὰ
3406 3522 3593 3590 λόγου
3641 3524 3952 3593 ἀπαγγέλ-

2270 3613 2496 3675 λοντας
2522 3608 2595 3662 τὰ
2620 3606 2791 3662 αὐτὰ.
2824 3607 2970 3659 Ἔδει
2994 3606 3103 3678 γὰρ
3133 3608 3208 3677 μὴ
3235 3608 3333 3678 τὴν
3358 3610 3650 3681 ἐπιστολὴν
3683 3619 3952 3683 παρεῖναι

2275 3698 2455 3768 μόνον,
2490 3696 2577 3748 ἴνα
2609 3695 2685 3765 μὴ
2715 3694 2970 3762 λέγωσιν,
3010 3696 3093 3747 ὅτι
3138 3696 3519 3766 συνήρπασαν,
3545 3698 3626 3751 δτι
3658 3700 3792 3755 ἄλλα
3825 3704 3951 3757 ἀντ’

2271 3785 2444 3840 ἄλλων
2467 3780 2650 3836 εἶπαν.
2684 3782 2756 3835 Τὸ
2787 3781 3064 3851 ἐγκώμιον
3091 3781 3153 3834 τὸ
3195 3785 3319 3854 περί
3379 3785 3592 3839 Παῦλον
3642 3789 3950 3860 ἐνέφραξεν

2268 3872 2447 3927 αὐτῶν
2479 3872 2547 3926 τὰ
2579 3870 2843 3940 στόματα.
2876 3870 2975 3923 Διά
2995 3870 3102 3941 γὰρ
3128 3869 3287 3924 τοῦτο
3313 3870 3441 3925 οὔτε
3465 3874 3672 3939 Παῦλος
3706 3876 3940 3946 ἔρχεται

2272 3962 2432 4031 μόνον
2452 3959 2576 4014 οὕτε
2605 3957 2909 4030 Βαρνάϐας,
2943 3957 3078 4011 ἀλλά
3098 3959 3190 4012 καί
3217 3958 3367 4013 ἄλλοι
3414 3962 3521 4014 ἀπὸ
3553 3963 3650 4031 τῆς
3700 3963 3938 4037 Ἐκκλη-

2270 4048 2412 4115 σίας,
2441 4047 2528 4101 ἴνα
2555 4046 2633 4117 μὴ
2663 4046 2900 4107 ὕποπτος
2931 4040 3000 4119 ᾖ,
3044 4046 3230 4118 ἐπειδὴ
3292 4047 3455 4111 αὐτὸς
3503 4050 3941 4122 ἀντελαμϐάνετο

2266 4136 2360 4189 τοῦ
2388 4136 2679 4206 δόγματος,
2709 4134 2831 4187 οὔτε
2857 4134 2907 4186 οἰ
2932 4133 3041 4186 ἀπὸ
3073 4132 3463 4205 Ἰεροσολύμων
3489 4137 3660 4207 μόνοι.
3688 4140 3943 4196 Δείκνυσι

2268 4223 2385 4287 πῶς
2410 4222 2710 4289 ἀξιόπιστοί
2736 4222 2875 4275 εἰσιν
2904 4236 2919 4250 ⁸
2949 4220 3050 4274 οὐκ
3084 4220 3392 4286 ἐξισοῦντες
3429 4225 3675 4292 ἑαυτοὺς,
3718 4229 3884 4297 φησίν
3924 4248 3940 4260 ⁸

2266 4312 2367 4382 ούχ
2398 4310 2539 4364 οῦτω
2570 4309 2870 4381 μαίνονται.
2897 4308 2998 4362 Διά
3019 4326 3099 4361 τοι
3130 4309 3289 4362 τοῦτο
3319 4312 3411 4363 καὶ
3438 4313 3520 4376 τὸ,
3579 4314 3944 4386 Ἀνθιῖὼποις

2266 4397 2717 4466 παραδεδωκόσι
2746 4397 2854 4461 τὰς
2866 4396 3074 4465 ψυχὰς
3107 4395 3307 4450 αὐτῶν
3329 4398 3481 4467 ὑπὲρ
3510 4400 3617 4454 τοῦ
3641 4402 3943 4473 ὀνόματος

2266 4488 2374 4544 τοῦ
2428 4489 2649 4557 Κυρίου
2700 4485 2871 4557 ἡμῶν
2891 4488 3095 4556 Ἰησοῦ
3126 4490 3407 4556 Χριστοῦ,
3453 4493 3758 4567 προσέθηκε
3790 4512 3806 4526 ⁸
3844 4498 3947 4550 καὶ

2265 4579 2411 4641 τίνος
2450 4577 2634 4630 ἕνεκεν
2682 4571 2856 4640 εἶπεν,
2921 4576 3132 4640 Ἔδοξε
3178 4576 3257 4642 τῷ
3306 4579 3452 4649 ἁγίῳ
3487 4583 3785 4651 Πνεύματι
3838 4585 3944 4638 καὶ

2266 4664 2430 4735 ἡμῖν,
2456 4664 2634 4718 καίτοι
2652 4664 2811 4735 ῆρκει
2838 4664 3033 4729 εἰπεῖν,
3070 4662 3153 4730 Τῷ
3180 4665 3327 4734 ἁγίῳ
3354 4668 3684 4735 Πνεύματι;
3712 4670 3783 4722 Τὸ
3812 4672 3942 4742 μὲν,

2273 4751 2357 4819 Τῷ
2387 4751 2533 4823 ἀγίῳ
2563 4750 2880 4820 Πνεύματι,
2910 4750 3002 4803 ἵνα
3039 4751 3113 4822 μὴ
3149 4752 3443 4823 νομίσωσιν
3471 4755 3810 4826 ἀνθρώπινον
3862 4754 3943 4811 εἷ-

2268 4857 2355 4893 ναι
2391 4856 2404 4869 ⁸
2434 4839 2495 4892 τὸ
2516 4839 2593 4904 δὲ,
2639 4839 2831 4908 Ἡμῖν,
2864 4838 2949 4891 ἵνα
2977 4838 3302 4909 διδαχθῶσιν
3323 4882 3338 4904 ,
3374 4841 3455 4895 ὅτι
3503 4844 3594 4896 καί
3633 4844 3788 4897 αὐτοὶ
3844 4847 3945 4899 καὶ

2268 4925 2641 4996 ἀποδέχονται,
2691 4926 2786 4979 καὶ
2837 4927 2894 4979 ἐν
2927 4929 3194 4998 περιτομῇ
3243 4927 3415 4991 ὄντες.
3478 4927 3684 4996 Μηδὲν
3724 4929 3942 4994 πλέον,

2270 5014 2455 5084 φησὶν,
2481 5013 2848 5069 ἐπιτίθεσθαι
2869 5012 3239 5083 βάροςὺμῖν.
3260 5015 3447 5068 Ταῦτα
3464 5015 3733 5084 λέγουσιν,
3749 5018 3940 5089 ἐπειδὴ

2270 5101 2407 5172 πρὸς
2436 5100 2757 5170 ἀνθρώπους
2781 5100 3030 5164 ἀσθενεῖς
3060 5101 3141 5155 ἐτι
3175 5104 3202 5155 0
3233 5102 3389 5169 λόγος
3412 5099 3499 5174 ἦν,
3544 5106 3638 5157 καὶ
3694 5104 3942 5175 πεφοϐη-

2274 5186 2466 5257 μένους
2494 5186 2691 5251 αύτούς
2713 5204 2729 5221 ⁸
2752 5187 2841 5240 διά
2871 5188 3028 5240 τοῦτο
3065 5190 3156 5241 καὶ
3220 5189 3379 5242 τοῦτο
3422 5191 3764 5261 πρόσκειται.
3820 5193 3941 5244 Δεί-

2270 5292 2426 5329 κνυσι
2443 5275 2499 5329 δέ
2514 5275 2634 5345 οὐχὶ
2655 5274 3111 5343 συγκαταϐάσεως
3131 5276 3258 5328 δντα
3278 5278 3368 5330 τὸν
3400 5276 3575 5345 λόγον,
3607 5278 3725 5331 ούδέ
3750 5280 3940 5351 ἐπειδὴ

2270 5364 2541 5433 ἐφείδοντο
2588 5363 2768 5416 αὐτῶν
2816 5364 2937 5417 ούδέ
2984 5364 3059 5426 ὠς
3084 5363 3324 5417 ἀσθενῶν
3357 5382 3370 5395 ⁸
3409 5366 3545 5419 άΑλά
3590 5368 3892 5419 τούναντίον
3920 5385 3935 5397 ⁸

2270 5450 2439 5520 πολλή
2469 5451 2579 5521 γάρ
2630 5452 2725 5502 καὶ
2756 5450 2865 5505 τῶν
2911 5451 3244 5505 διδασκάλων
3288 5452 3451 5517 αἰδὼς
3482 5450 3586 5524 ῆν·
3630 5456 3805 5506 ἐκεῖνο
3827 5455 3937 5525 γάρ

2270 5539 2521 5608 περιττὸν
2552 5536 2718 5608 βάρος
2736 5535 2823 5610 ῆν.
2851 5540 2993 5609 Ὅρα
3018 5539 3279 5611 βραχεῖαν
3304 5542 3593 5613 ἐπιστολὴν
3612 5543 3762 5596 οὐδὲν
3777 5541 3939 5595 πλέον

2272 5622 2520 5692 ἔχουσαν,
2542 5620 2664 5674 ούδέ
2693 5622 3038 5686 κατασκευάς
3069 5623 3189 5677 ούδέ
3210 5624 3625 5697 συλλογισμοὺς,
3655 5625 3770 5679 ἀλλ’
3814 5628 3904 5679 ἐπί
3915 5658 3933 5668 -

2272 5718 2460 5779 ταγμα
2492 5720 2541 5748 ο·
2574 5709 2887 5781 Πνεύματος
2917 5710 3025 5783 γὰρ
3056 5707 3125 5783 ῆν
3149 5713 3459 5784 νομοθεσία.
3497 5717 3642 5768 ’Δνω
3671 5717 3761 5768 καὶ
3786 5716 3936 5770 κάτω

2359 5816 2387 5881 f
2412 5815 2700 5881 Sequemh,
2728 5816 2915 5865 1615....
2944 5818 3098 5881 φησίν,
3118 5818 3298 5881 desunt
3318 5822 3367 5867 in
3393 5834 3507 5869 uno.
3575 5821 3602 5861 b
3629 5822 3779 5877 Idem.
3806 5820 3935 5881 Ὅρα

2272 5877 2409 5926 ούδέν
2439 5880 2799 5942 φορτικώτερον.

2276 5954 2418 6003 ματα.

2868 5883 2889 5911 ε
2918 5880 3143 5941 Quidam,
3181 5880 3289 5929 οὐδὲ
3323 5883 3592 5945 λογισμοὺς,
3613 5884 3715 5931 ἀλλ’
3738 5880 3931 5944 ἐπιτάγ-
