3978 6466
253 380 353 436 211

251 492 573 549 subindicat.
603 491 881 561 Quodnam
908 490 1077 548 illud?
1098 489 1161 546 lii
1186 532 1202 557 ,
1235 491 1441 560 inquit,
1470 498 1594 545 ante
1618 502 1824 545 omnes.

254 585 445 640 Postea
472 599 601 641 vero
627 592 910 640 convertam
931 600 1011 637 me
1034 593 1080 637 et
1107 582 1425 651 reazdiﬁcabo
1456 579 1831 635 tabernaculum

251 677 427 733 David
443 720 458 746 ,
486 678 620 749 quod
647 678 852 733 decidit.
878 675 934 733 Si
956 676 1076 747 quis
1102 686 1347 731 accurate
1368 675 1649 745 exploret,
1681 671 1836 726 Davi—

248 773 338 828 dis
365 786 591 843 regnum
614 785 757 826 nunc
781 779 927 825 stare
954 768 1206 824 inveniet.
1231 769 1363 823 Nam
1386 784 1505 822 eum
1535 782 1600 823 ex
1624 781 1689 820 eo
1714 782 1843 836 pro-

248 872 447 935 gnatus
475 870 664 936 regnet
690 905 707 930 ,
738 871 844 918 stat
870 861 1067 933 ubique
1101 878 1322 932 regnum
1367 861 1502 931 ejus.
1531 859 1666 927 Quid
1709 872 1838 929 pro-

248 966 378 1011 sunt
406 956 553 1013 enim
585 955 852 1010 domicilia
880 965 933 1009 et
963 954 1090 1008 urbs
1113 995 1130 1021 ,
1170 955 1214 1009 si
1244 954 1441 1008 subditi
1469 968 1572 1007 non
1600 952 1747 1006 sint?
1785 959 1841 1005 et

248 1048 383 1120 quid
407 1049 590 1105 damni
622 1064 688 1104 ex
712 1048 860 1104 urbis
886 1047 1101 1103 excidio
1125 1089 1140 1112 ,
1173 1063 1293 1101 cum
1324 1060 1510 1100 omnes
1536 1045 1695 1099 etiam
1720 1043 1838 1097 ani-

249 1155 371 1198 mas
397 1157 525 1196 suas
554 1141 866 1212 impendere
892 1140 1097 1195 velint?
1129 1140 1308 1210 Itaque
1350 1154 1460 1194 non
1506 1137 1665 1193 modo
1693 1145 1793 1191 stat
1821 1177 1837 1200 ,

248 1234 348 1291 sed
375 1244 433 1291 et
450 1234 692 1289 omnium
711 1233 1205 1305 splendidissimum
1233 1231 1427 1286 factum
1449 1240 1534 1286 est
1558 1248 1571 1283 :
1598 1245 1718 1285 nam
1749 1245 1843 1299 per

249 1336 425 1381 totum
453 1341 597 1381 nunc
623 1325 807 1381 orbem
839 1324 1159 1380 celebratur.
1195 1323 1323 1378 Illud
1351 1324 1531 1378 evenit
1558 1338 1575 1380 :
1622 1337 1750 1393 ergo
1784 1332 1841 1377 et

250 1419 358 1474 hoc
384 1419 604 1475 evenire
632 1426 865 1488 oportet.
903 1415 1006 1473 Ubi
1041 1428 1216 1471 autem
1248 1416 1381 1469 dixit
1408 1457 1423 1482 ,
1457 1414 1800 1483 Rewdiﬁcabo
1822 1455 1840 1480 ,

248 1525 472 1565 causam
500 1508 647 1565 addit
677 1527 690 1563 ε
719 1507 788 1564 Ut
811 1508 1070 1578 requirant
1095 1508 1261 1562 caeteri
1286 1507 1511 1561 homines
1540 1505 1842 1560 Dominum.

246 1601 305 1657 Si
332 1616 466 1673 ergo
494 1600 617 1657 ideo
647 1609 824 1657 erecta
852 1610 936 1656 est
963 1600 1150 1654 civitas
1181 1609 1400 1669 propter
1436 1614 1557 1653 eum
1585 1640 1601 1663 ,
1646 1597 1734 1670 qui
1775 1613 1842 1653 ex

249 1692 386 1764 ipsis
408 1732 425 1758 ,
469 1692 648 1764 palam
682 1702 766 1748 est
803 1691 1139 1747 reaediﬁcata:
1168 1691 1402 1747 civitatis
1430 1705 1643 1746 causam
1682 1690 1845 1744 luisse

247 1785 492 1855 gentium
517 1783 878 1839 vocationem.
924 1782 1151 1851 Quinam
1197 1790 1322 1836 sunt
1367 1780 1614 1851 Reliqui?
1647 1779 1725 1835 Illi
1753 1780 1843 1849 qui

250 1886 387 1931 tunc
415 1875 875 1945 relinquebantur.
907 1874 1012 1930 Sed
1039 1873 1161 1953 vide
1189 1874 1336 1928 illum
1366 1881 1421 1928 et
1457 1871 1700 1928 ordinem
1746 1886 1844 1927 cu-

250 1967 461 2022 stodire
483 2006 500 2034 ,
531 1977 586 2021 et
609 1966 876 2022 secundos
901 1966 1025 2021 illos
1051 1964 1326 2020 inducere.
1372 1963 1514 2017 Dixit
1556 1962 1804 2017 Dominus
1825 2003 1841 2029 ,

247 2059 341 2130 qui
368 2059 494 2129 facit
519 2059 625 2113 hac
650 2060 837 2112 omnia.
866 2056 984 2112 Non
1013 2056 1173 2111 modo
1214 2055 1385 2120 dicit,
1432 2055 1525 2110 sed
1569 2061 1625 2110 et
1671 2054 1795 2108 facit
1827 2070 1841 2106 :

252 2166 388 2221 ergo
419 2150 511 2205 Dei
541 2165 676 2219 opus
699 2158 784 2204 est
813 2149 1021 2203 vocatio
1050 2148 1308 2219 gentium.
1349 2145 1505 2202 Aliud
1547 2155 1661 2201 erat
1704 2146 1845 2215 quod

247 2242 599 2314 quaerebatur
617 2282 632 2304 ,
659 2241 803 2313 quod
827 2241 1023 2295 clarius
1047 2239 1261 2295 dicebat
1284 2239 1473 2293 Petrus
1500 2257 1513 2292 :
1536 2236 1651 2293 Non
1678 2251 1844 2307 opor-

247 2344 331 2390 tet
366 2334 488 2389 illos
514 2332 847 2389 circumcidi.
875 2332 982 2388 Cur
1009 2346 1138 2402 ergo
1169 2331 1285 2386 inec
1310 2329 1685 2386 conciouaris?
1706 2328 1846 2384 Sane

246 2445 366 2485 non
400 2433 502 2483 hoc
533 2428 785 2483 dicebant
825 2426 942 2493 illi,
984 2425 1126 2496 quod
1176 2424 1458 2480 credentes
1503 2439 1608 2478 non
1649 2422 1840 2478 admit-

248 2521 405 2577 tendi
434 2529 647 2584 essent,
677 2519 771 2573 sed
797 2519 939 2588 quod
965 2532 1087 2573 eum
1127 2517 1245 2588 lege
1282 2514 1619 2571 admittendi.
1650 2514 1719 2569 Et
1744 2514 1846 2569 hoc

250 2616 419 2669 etiam
451 2613 643 2669 Petrus
687 2613 822 2668 bene
857 2614 1204 2666 concionatus
1244 2619 1365 2676 est;
1407 2608 1499 2663 sed
1547 2608 1670 2679 quia
1717 2608 1845 2663 illud

253 2705 496 2760 maxime
523 2706 762 2759 omnium
793 2702 1065 2758 auditores
1095 2701 1381 2769 turbabat,
1414 2700 1516 2755 hoc
1548 2701 1710 2756 etiam
1752 2699 1845 2755 Ja-

255 2796 429 2853 cobus
454 2802 626 2850 curat.
653 2794 722 2849 Et
747 2793 867 2849 vide
889 2836 903 2860 ,
939 2794 991 2848 id
1018 2793 1160 2864 quod
1190 2792 1471 2862 oportebat
1499 2793 1615 2861 lege
1644 2791 1845 2855 statui,

257 2906 369 2945 non
396 2886 719 2943 servandam
747 2901 867 2942 esse
895 2886 1063 2956 legem
1088 2926 1106 2952 ,
1137 2885 1188 2940 id
1215 2885 1404 2940 Petrus
1430 2883 1637 2940 induxit
1663 2901 1677 2938 :
1706 2884 1848 2954 quod

260 2997 391 3036 vero
417 2989 662 3035 nostrum
692 2988 777 3034 est
800 3020 816 3046 ,
839 2977 1090 3048 quodque
1101 2976 1209 3047 jam
1233 2976 1358 3030 olim
1380 2986 1688 3045 susceptum
1710 2974 1808 3029 fuit
1830 3016 1846 3042 ,

269 3075 370 3129 hoc
390 3074 523 3129 dicit
552 3074 654 3127 iste
676 3112 693 3138 ,
726 3082 782 3127 et
811 3080 1058 3127 versatur
1084 3070 1137 3125 in
1164 3084 1230 3125 eo
1256 3111 1272 3136 ,
1300 3070 1368 3125 de
1407 3084 1514 3139 quo
1553 3069 1685 3124 nihil
1714 3069 1849 3124 scri-

278 3177 414 3235 ptum
455 3174 606 3229 erat;
651 3171 710 3217 ut
755 3178 849 3232 per
894 3176 1008 3217 rem
1051 3175 1366 3216 concessam
1414 3161 1625 3216 illorum
1668 3169 1851 3216 curata

277 3268 489 3323 mente,
542 3257 642 3311 hoc
678 3256 839 3309 etiam
890 3261 1194 3324 opportune
1248 3252 1544 3308 induceret.
1590 3251 1716 3306 Ideo
1761 3268 1853 3325 ego

266 3350 437 3422 judico
466 3364 571 3402 non
598 3347 868 3415 inquietari
888 3362 970 3400 eos
993 3387 1009 3413 ,
1025 3346 1113 3415 qui
1130 3361 1196 3400 ea:
1212 3344 1440 3416 gentibus
1458 3353 1853 3405 convertuntur:

266 3443 318 3498 id
346 3450 431 3497 est
453 3483 471 3509 ,
500 3457 605 3496 non
631 3438 955 3495 avertendos
981 3454 1122 3494 esse.
1168 3437 1303 3493 Nam
1340 3438 1385 3492 si
1428 3438 1569 3493 Deus
1604 3437 1851 3506 vocavit,

261 3550 321 3590 et
350 3535 459 3589 illae
486 3532 886 3588 observationes
918 3541 1200 3596 avertunt,
1230 3538 1415 3584 contra
1448 3529 1615 3583 Deum
1645 3543 1854 3599 pugna-

262 3642 413 3680 mus.
444 3624 512 3678 Et
529 3634 683 3680 recte
708 3623 881 3689 dixit,
934 3622 1035 3688 Qui
1081 3638 1143 3676 ea:
1187 3621 1413 3692 gentibus
1459 3630 1852 3683 convertuntur,

259 3717 554 3773 declarans
581 3730 866 3786 supernam
913 3714 982 3769 de
1008 3714 1114 3769 illis
1138 3713 1228 3768 Dei
1261 3713 1647 3783 providentiam
1668 3753 1687 3782 ,
1709 3714 1857 3782 ipso-

261 3826 505 3880 rumque
528 3808 933 3879 obsequentiam
961 3804 1171 3861 vocanti
1196 3805 1697 3876 obtemperantium.
1721 3803 1859 3872 Quid

258 3903 378 3960 sibi
427 3901 541 3957 vult
574 3901 701 3956 illud
727 3941 743 3967 ,
780 3899 967 3954 Iudico
1005 3898 1141 3970 ego?
1181 3896 1235 3951 Id
1278 3906 1356 3951 est
1381 3938 1397 3964 ,
1438 3911 1559 3952 cum
1596 3904 1861 3966 potestate

261 3996 400 4051 dico
429 4009 545 4049 rem
576 3994 645 4047 ita
673 4006 813 4048 esse.
846 3990 952 4047 Sed
977 3988 1296 4044 scribendum
1318 3989 1443 4059 ipsis
1478 4004 1585 4043 esse
1614 3995 1668 4041 ut
1700 3987 1859 4040 absti-

261 4097 431 4141 neant
453 4128 469 4149 ,
502 4085 705 4154 inquit,
731 4087 795 4137 ab
814 4082 1089 4137 immolatis
1114 4081 1369 4135 idolorum
1391 4119 1407 4147 ,
1433 4097 1467 4133 a
1490 4079 1822 4151 fornicatione
1841 4119 1857 4145 ,

262 4200 300 4236 a
331 4178 587 4245 suffocare
623 4190 669 4232 et
702 4178 969 4249 sanguine.
1014 4175 1137 4230 Huic
1177 4176 1321 4231 enim
1367 4172 1492 4230 licet
1519 4172 1818 4243 corporalia
1843 4211 1858 4235 ,

264 4274 568 4327 observata
616 4269 917 4324 necessaria
958 4276 1122 4333 sunt,
1164 4266 1289 4337 quia
1341 4279 1531 4335 magna
1584 4264 1864 4334 pariebant

265 4364 443 4419 mala.
472 4360 549 4416 Ne
572 4362 690 4431 quis
712 4375 839 4415 vero
863 4359 1119 4428 obiiciat:
1143 4358 1323 4425 Quare
1348 4372 1455 4412 non
1477 4356 1677 4412 Judzuis
1702 4356 1861 4411 etiam

264 4456 410 4512 talia
436 4452 757 4509 scribimus?
779 4452 960 4521 adjicit
984 4468 998 4505 :
1034 4450 1235 4522 Moyses
1262 4467 1295 4503 a
1319 4450 1621 4520 temporibus
1645 4449 1865 4519 antiquis

264 4564 377 4620 per
405 4561 575 4599 omnes
603 4545 824 4598 civitates
846 4543 990 4596 habet
1029 4543 1113 4613 qui
1149 4542 1422 4611 praedicent
1458 4556 1607 4607 eum;
1648 4541 1699 4596 id
1747 4551 1861 4609 est,

267 4640 499 4710 Moyses
523 4637 626 4692 illis
652 4636 959 4705 frequenter
986 4634 1241 4705 loquitur.
1289 4634 1401 4689 Hoc
1428 4634 1531 4689 sibi
1575 4636 1687 4689 vult
1723 4635 1867 4689 enim

268 4731 420 4789 illud
442 4773 459 4797 ,
504 4728 605 4783 Per
630 4745 778 4783 autne
800 4727 1059 4781 sabbatum
1086 4726 1285 4797 legitur.
1337 4726 1467 4781 Vide
1508 4736 1761 4796 quantum
1809 4741 1869 4782 se

270 4831 627 4891 attemperet.
649 4819 751 4877 Ubi
780 4819 915 4874 nihil
938 4819 1152 4884 nocuit,
1175 4818 1451 4872 doctorem
1474 4816 1577 4872 illis
1600 4818 1866 4885 instituit,

270 4927 339 4969 ιιι
374 4914 597 4984 gratiam
623 4913 845 4981 largitus
872 4918 991 4975 est,
1022 4909 1158 4964 nihil
1198 4909 1572 4979 impedientem
1596 4950 1612 4974 ,
1647 4909 1870 4979 permit-

273 5019 412 5062 tens
436 5004 635 5060 Judmis
665 5014 719 5057 ut
750 5003 901 5057 illum
929 5017 1023 5072 per
1051 5000 1228 5055 omnia
1259 5000 1512 5064 audiant,
1555 5008 1609 5054 et
1644 5000 1871 5070 gentiles

272 5100 359 5151 ab
377 5110 444 5149 eo
467 5094 739 5150 abducens
764 5111 777 5147 :
803 5093 994 5148 deinde
1013 5107 1077 5145 ex
1098 5092 1164 5145 iis
1185 5132 1201 5155 ,
1230 5089 1385 5161 queis
1400 5090 1679 5145 videbatur
1700 5093 1870 5161 ipsum

274 5190 563 5243 honorare
593 5196 648 5241 et
676 5186 786 5240 suis
815 5185 1087 5240 doctorem
1103 5185 1431 5239 constituere
1450 5223 1466 5249 ,
1487 5193 1674 5253 gentes
1693 5183 1760 5238 ab
1782 5184 1873 5239 illo

274 5279 539 5337 abduxit.
558 5276 665 5332 Cur
684 5292 811 5347 ergo
830 5276 899 5332 ab
919 5276 1009 5330 illo
1032 5291 1136 5330 non
1156 5274 1408 5330 discunt?
1424 5273 1504 5329 Ob
1520 5274 1874 5344 inobsequen-

279 5377 423 5429 tiam
452 5388 625 5427 suam.
657 5370 791 5425 Hinc
810 5368 1044 5425 ostendit
1069 5410 1084 5434 ,
1115 5366 1244 5436 ipsis
1275 5366 1404 5421 nihil
1429 5367 1564 5422 ultra
1585 5368 1875 5422 observan-

276 5466 424 5521 dum
453 5478 595 5518 esse.
624 5461 776 5531 Quod
804 5461 851 5515 si
881 5476 987 5514 non
1018 5458 1315 5514 scribamus
1339 5499 1355 5525 ,
1388 5472 1495 5511 non
1521 5467 1604 5512 est
1628 5458 1771 5528 quod
1798 5458 1875 5513 illi

280 5556 531 5613 debeant
557 5554 759 5624 aliquid
787 5553 1015 5623 amplius
1031 5551 1357 5617 observare;
1380 5548 1474 5605 sed
1496 5549 1637 5619 quod
1658 5549 1736 5604 illi
1761 5548 1878 5605 haec

286 5654 567 5707 dicentem
592 5649 841 5704 habeant.
871 5645 981 5701 Nec
1004 5644 1135 5700 dicit
1161 5664 1176 5702 :
1202 5643 1281 5699 Ne
1305 5642 1725 5698 scandalizemus
1750 5656 1873 5710 eos,

288 5758 475 5814 neque
497 5742 872 5796 subvertamus
893 5779 909 5802 ,
938 5746 1001 5793 ut
1029 5736 1225 5792 Paulus
1246 5734 1450 5791 Calatis
1473 5735 1607 5791 dixit
1631 5734 1652 5807 (
1674 5733 1791 5789 Gal.
1822 5735 1878 5790 1.

290 5833 397 5906 7);
426 5832 523 5889 sed
547 5873 567 5901 ,
599 5830 1077 5901 Neinquietemus:
1104 5828 1158 5884 id
1194 5827 1339 5897 quod
1381 5827 1511 5883 nihil
1557 5827 1701 5885 aliud
1745 5842 1881 5902 Opus

1209 374 1277 432 ΙΝ
1311 374 1495 434 ACTA
1537 370 2058 431 APOSTOLORUM.
2101 373 2330 431 lIOMIL.
2369 372 2611 432 XXXIII.

3423 377 3532 434 9η

1938 486 2139 545 indicat
2163 534 2179 557 ,
2209 508 2369 562 quam
2398 491 2853 555 obturbationem,
2893 490 2981 546 Sic
3024 500 3192 546 totum
3231 492 3410 548 solvit.
3452 494 3523 549 Et

1936 582 2149 638 videtur
2175 585 2392 654 quidem
2421 586 2581 640 etiam
2620 584 2792 656 legem
2832 599 3089 650 servare,
3131 585 3275 655 quod
3322 602 3385 640 ex
3434 587 3523 641 illa

1939 674 2059 731 haec
2085 688 2354 741 assumat;
2387 678 2480 734 sed
2510 679 2670 734 solvit
2697 678 2843 733 illam
2867 719 2883 741 .
2913 679 3053 749 quod
3086 677 3201 734 haec
3229 679 3345 734 sola
3373 694 3530 735 assu-

1941 778 2073 824 mat.
2093 771 2253 842 Atqui
2275 787 2418 842 saepe
2440 772 2545 828 illis
2563 772 2631 828 de
2657 773 2742 827 his
2762 774 3008 843 loquutus
3030 781 3111 828 est
3134 790 3149 838 ;
3182 775 3275 827 sed
3300 781 3358 828 ut
3379 772 3530 828 vide-

1942 870 2095 917 retur
2145 865 2308 918 etiam
2361 864 2529 934 legem
2573 864 2880 932 honorare,
2928 880 3100 935 neque
3147 865 3261 919 haec
3304 865 3454 935 quasi
3499 879 3531 918 a

1943 948 2132 1023 Moyse
2160 952 2341 1008 dicere
2367 994 2383 1020 ,
2415 954 2510 1009 sed
2538 956 2689 1024 quasi
2721 955 2790 1009 ab
2827 956 3120 1026 apostolis;
3162 966 3212 1011 et
3263 966 3322 1009 ut
3364 955 3530 1009 multa

1943 1037 2143 1096 laceret
2169 1054 2466 1116 praecepta,
2517 1061 2680 1098 unum
2728 1045 2925 1099 divisit.
2970 1046 3082 1100 lIoc
3126 1046 3248 1101 illos
3292 1047 3530 1100 maxime

1943 1130 2166 1189 sedavit.
2222 1134 2300 1189 Ex
2352 1135 2681 1204 providentia
2708 1151 2835 1191 vero
2862 1137 3124 1193 dissensio
3157 1138 3287 1191 facta
3315 1146 3399 1192 est
3422 1177 3437 1199 ,
3468 1146 3528 1190 ut

1947 1234 2070 1295 post
2097 1225 2485 1283 dissensionem
2518 1228 2722 1283 ﬁrmius
2748 1240 2890 1284 esset
2919 1229 3130 1300 dogma.
3166 1229 3309 1284 Tunc
3337 1229 3530 1302 placuit

1945 1320 2190 1388 apostolis
2214 1361 2230 1386 ,
2262 1320 2465 1391 inquit,
2491 1321 2626 1377 viros
2656 1322 2922 1392 primarios
2951 1323 3003 1376 in
3037 1324 3282 1393 fratribus
3314 1325 3529 1381 mittere.

1945 1408 2060 1464 Non
2087 1411 2333 1478 vulgares
2356 1453 2371 1479 ,
2395 1412 2488 1467 sed
2516 1414 2811 1484 praecipuos
2835 1415 3051 1469 mittunt
3077 1415 3311 1480 electos;
3339 1414 3417 1469 Iis
3442 1417 3532 1486 qui

1947 1501 2229 1557 Antiochia:
2252 1514 2432 1569 erant,
2466 1504 2676 1576 inquit,
2717 1506 2773 1559 in
2816 1504 2971 1576 Syria
3010 1515 3055 1560 et
3102 1506 3154 1559 in
3192 1504 3370 1560 Cilicia
3394 1548 3409 1573 ,
3440 1508 3533 1562 ubi

1946 1596 2167 1650 morbus
2189 1607 2340 1651 ortus
2370 1597 2561 1652 fuerat.

2018 1691 2071 1744 5.
2119 1689 2247 1745 Vide
2270 1691 2539 1759 quomodo
2566 1690 2696 1745 nihil
2738 1690 3023 1745 molestum
3052 1698 3238 1744 contra
3274 1689 3396 1745 illos
3442 1689 3530 1745 di-

1947 1789 2110 1847 cant,
2142 1781 2236 1837 sed
2263 1781 2313 1836 id
2349 1799 2512 1837 unum
2542 1792 2821 1854 spectent,
2865 1792 2921 1837 ut
2967 1792 3110 1836 recte
3156 1798 3243 1836 res
3289 1793 3532 1838 curetur.

1948 1875 2060 1930 Hoc
2089 1876 2231 1931 enim
2263 1876 2569 1944 efﬁciebat,
2600 1886 2658 1931 ut
2697 1878 2786 1947 qui
2830 1877 2939 1931 illic
2986 1877 3304 1931 seditionem
3352 1892 3536 1933 move-

1947 1976 2106 2030 rant,
2156 1967 2561 2022 conﬁterentur.
2612 1967 2726 2023 Non
2768 1968 3057 2035 dixerunt,
3112 1966 3434 2023 Seductores
3482 1980 3537 2024 et

1948 2060 2273 2129 perniciosi,
2306 2071 2361 2115 et
2390 2060 2473 2115 his
2499 2062 2734 2124 similia;
2768 2061 2893 2116 licet
2916 2062 3006 2116 ubi
3033 2077 3168 2131 opus
3194 2070 3279 2116 est
3314 2061 3414 2115 hoc
3458 2060 3541 2116 la-

1948 2151 2056 2205 ciat
2086 2150 2280 2205 Paulus
2302 2192 2319 2215 ,
2352 2162 2411 2206 ut
2441 2166 2561 2206 cum
2593 2152 2721 2206 dicit
2749 2170 2761 2205 :
2797 2151 2841 2205 Ο
2866 2152 3011 2223 plene
3053 2152 3192 2206 omni
3227 2151 3345 2206 dolo
3378 2153 3533 2223 (Act.

1950 2244 2037 2300 15.
2070 2244 2215 2307 10)!
2252 2245 2337 2299 hic
2364 2261 2496 2300 vero
2522 2260 2643 2299 cum
2685 2244 2953 2299 emendati
2995 2254 3173 2300 essent
3198 2287 3211 2309 ,
3266 2261 3373 2299 non
3421 2250 3538 2300 erat

1948 2352 2103 2407 opus.
2132 2337 2199 2391 Et
2230 2337 2352 2393 vide
2383 2354 2397 2391 :
2425 2352 2529 2391 non
2570 2338 2671 2392 hoc
2715 2347 2955 2408 ponunt,
3000 2338 3225 2406 Quidam
3266 2354 3335 2394 ex
3380 2338 3536 2393 nobis

1945 2430 2221 2500 jusserunt
2246 2446 2341 2484 vos
2372 2430 2542 2501 legem
2587 2446 2844 2495 servare;
2893 2431 3023 2497 sed,
3069 2430 3411 2486 Turbaverunt
3447 2445 3537 2485 vos

1948 2523 2109 2578 verbis
2155 2534 2444 2579 evertentes.
2491 2522 2643 2578 Nulla
2694 2524 2861 2594 magis
2903 2523 3119 2594 propria
3163 2522 3329 2578 dictio
3375 2534 3533 2586 erat;

1952 2617 2130 2673 nullus
2160 2616 2231 2670 ita
2259 2615 2415 2671 dixit.
2444 2617 2665 2670 Animas
2694 2632 2811 2686 qua:
2835 2616 2946 2685 jam
2972 2616 3192 2671 ﬁrmatae
3221 2626 3375 2671 erant
3399 2658 3414 2680 ,
3448 2617 3535 2669 in-

1949 2711 2097 2781 quit,
2120 2709 2509 2772 subvertentes,
2532 2707 2684 2779 quasi
2708 2710 2758 2762 in
2780 2708 3007 2764 aediﬁcio
3030 2750 3046 2774 ,
3064 2725 3181 2778 qua:
3199 2710 3266 2763 ab
3281 2709 3382 2763 illis
3397 2709 3535 2764 facta

1948 2810 2107 2857 erant
2153 2809 2437 2871 ponentes.
2486 2800 2721 2868 Quibus,
2771 2801 2979 2870 inquit,
3032 2818 3134 2855 non
3187 2802 3541 2873 precepimus.

1956 2892 2158 2947 Placuit
2189 2908 2307 2964 ergo
2334 2891 2476 2946 nobis
2499 2909 2599 2945 una
2621 2892 2841 2946 collectis
2863 2892 3165 2946 unanimiter
3184 2910 3300 2946 cum
3325 2894 3540 2947 dilectis.

1953 2983 2009 3038 Si
2036 2983 2216 3038 dilecti
2242 3025 2259 3050 ,
2287 2998 2394 3037 non
2421 2991 2767 3037 contemnent
2791 2998 2885 3037 eos
2913 3000 2926 3036 :
2972 2984 3017 3037 si
3053 2983 3385 3038 tradiderunt
3419 2983 3542 3038 ani-

1953 3091 2108 3142 mas,
2165 3075 2267 3145 ipsi
2319 3089 2530 3144 quoque
2573 3073 2677 3129 ﬁde
2721 3072 2863 3144 digni
2913 3082 3059 3129 sunt.
3106 3072 3343 3128 Misimus
3382 3091 3540 3145 ergo,

1955 3168 2169 3238 inquit,
2200 3165 2393 3221 ludam
2416 3176 2464 3221 et
2495 3164 2664 3220 Silam
2689 3206 2704 3231 ,
2747 3175 2794 3219 et
2832 3166 2968 3236 ipsos
3001 3165 3148 3220 verbo
3184 3168 3545 3223 annuntiantts

1956 3261 2083 3316 haec.
2114 3259 2408 3330 Oportebat
2433 3259 2575 3313 enim
2603 3301 2617 3324 ,
2653 3267 2709 3312 ut
2736 3273 2843 3312 non
2866 3258 3095 3327 epistola
3121 3259 3233 3313 sola
3261 3275 3545 3329 compare-

1957 3363 2038 3407 ret
2063 3393 2079 3418 ,
2110 3366 2176 3406 ne
2202 3350 2447 3405 dicerent
2495 3350 2641 3419 ipsos
2679 3350 2972 3404 extorsisse
2998 3391 3013 3414 ,
3062 3359 3115 3404 et
3152 3350 3253 3404 alia
3303 3365 3399 3419 pro
3430 3350 3548 3403 aliis

1957 3444 2178 3501 dixisse.
2206 3444 2346 3499 Laus
2372 3444 2519 3499 Pauli
2544 3452 2596 3497 et
2617 3444 2747 3498 socii
2775 3459 2961 3498 eorum
2983 3458 3078 3498 ora
3101 3443 3387 3499 obstruxit.
3420 3444 3548 3500 Ideo

1959 3551 2188 3606 namque
2212 3550 2385 3606 neque
2432 3535 2626 3590 Paulus
2666 3534 2815 3589 solus
2862 3550 3038 3604 neque
3081 3534 3354 3589 Barnabas
3397 3535 3545 3590 solus

1958 3628 2107 3683 venit
2126 3668 2143 3693 ,
2172 3626 2268 3683 sed
2299 3628 2456 3682 etiam
2483 3626 2572 3681 alii
2602 3627 2670 3681 de
2698 3626 2938 3681 Ecclesia
2962 3668 2978 3690 ,
3013 3643 3082 3681 ne
3117 3625 3317 3681 utervis
3354 3642 3547 3697 suspe-

1960 3730 2078 3775 ctus
2105 3729 2285 3785 esset,
2318 3718 2442 3788 quia
2473 3718 2662 3788 dogma
2694 3717 2822 3773 illud
2863 3718 3140 3788 amplexus
3183 3727 3329 3782 erat,
3375 3733 3549 3787 neque

1965 3812 1998 3866 ii
2031 3818 2233 3865 tantum
2273 3810 2366 3880 qui
2417 3809 2485 3863 ab
2530 3808 2903 3881 Jerosolymis.
2952 3808 3199 3865 Ostendit
3241 3824 3399 3878 quam
3442 3807 3548 3863 ﬁde

1964 3901 2109 3972 digni
2136 3901 2241 3955 sint
2267 3917 2280 3952 :
2314 3915 2416 3954 non
2447 3910 2793 3969 exaequantes
2820 3914 2878 3952 se
2898 3940 2912 3962 ,
2945 3900 3113 3968 inquit
3144 3916 3160 3964 ;
3194 3914 3366 3968 neque
3400 3901 3546 3953 enim

1966 3991 2037 4047 ita
2066 3990 2356 4046 insaniunt.
2404 3988 2634 4059 Ideoque
2670 3988 2874 4043 addidit
2923 3990 3050 4043 illud
3074 4030 3089 4052 ,
3132 3988 3437 4044 Hominibus
3465 3992 3549 4060 qui

1967 4082 2283 4137 tradiderunt
2306 4081 2508 4134 animus
2526 4097 2645 4134 suas
2676 4096 2768 4149 pro
2794 4081 2995 4133 nomine
3024 4078 3226 4133 Domini
3246 4081 3403 4133 nostri
3421 4078 3549 4133 Iesu

1967 4173 2174 4229 Christi.
2208 4173 2274 4227 Et
2296 4187 2393 4227 cur
2416 4171 2586 4235 dixit,
2619 4169 2795 4224 Visum
2824 4181 2894 4225 est
2916 4171 3133 4239 Spiritui
3162 4180 3336 4225 sancto
3370 4181 3414 4225 et
3451 4188 3549 4225 no—

1970 4267 2044 4321 bis
2068 4308 2083 4333 ,
2108 4280 2271 4336 quum
2303 4263 2575 4319 sufﬁceret
2600 4262 2801 4318 dixisse
2826 4304 2841 4328 ,
2875 4263 3093 4334 Spiritui
3114 4273 3285 4318 sancto
3310 4265 3334 4318 .’
3372 4262 3504 4318 Illud
3531 4305 3547 4327 .

1970 4357 2188 4429 Spiritui
2216 4366 2390 4411 sancto
2414 4397 2429 4419 ,
2453 4356 2669 4425 ponitur
2692 4397 2706 4421 ,
2734 4369 2801 4411 ne
2830 4365 3078 4425 putarent
3106 4356 3395 4411 humanum
3426 4354 3548 4425 quid

1969 4465 2132 4515 esse;
2160 4448 2288 4504 illud
2335 4462 2501 4513 vero,
2555 4445 2758 4510 Nobis,
2785 4456 2846 4501 ut
2888 4447 3155 4502 discerent
3203 4448 3345 4518 ipsos
3388 4447 3549 4503 etiam

1936 4542 2330 4599 admittendos
2385 4557 2539 4607 esse,
2594 4542 2722 4597 licet
2774 4540 2825 4595 in
2880 4542 3287 4596 circumcisione
3347 4550 3548 4595 essent.

1972 4635 2125 4691 Nihil
2149 4637 2283 4689 ultra
2303 4675 2319 4700 ,
2343 4635 2589 4706 inquiunt
2611 4675 2626 4699 ,
2648 4635 2786 4688 vobis
2811 4635 3003 4706 imponi
3022 4651 3168 4688 om.
3190 4634 3311 4687 Haec
3327 4632 3511 4687 dicunt
3534 4675 3550 4698 ,

1973 4730 2094 4800 quia
2125 4727 2192 4782 ad
2219 4727 2457 4783 inﬁrmos
2486 4742 2666 4781 sermo
2690 4736 2806 4781 erat
2831 4766 2847 4793 ,
2873 4734 2930 4780 et
2955 4725 3329 4779 lornndolosos
3355 4739 3368 4774 :
3399 4723 3552 4781 ideo-

1973 4834 2079 4889 que
2106 4830 2157 4873 et
2183 4819 2286 4873 hoc
2314 4818 2581 4887 adjicitur.
2610 4816 2853 4871 Ostendit
2881 4827 3056 4870 autem
3080 4832 3185 4871 non
3215 4814 3553 4884 indulgentia:

1975 4926 2281 4968 sermonem
2308 4925 2464 4975 esse,
2495 4917 2547 4963 ut
2581 4918 2863 4979 parcerent
2901 4907 3005 4961 illis
3049 4916 3109 4962 ut
3149 4906 3410 4972 inﬁrmis;
3445 4908 3553 4961 into

1976 5014 2183 5060 contra.
2216 5002 2436 5072 Magnus
2461 5000 2602 5054 enim
2627 5000 2906 5054 doctorum
2936 4998 3107 5067 pudor
3135 5006 3250 5052 erat
3277 5017 3291 5052 :
3338 4997 3391 5052 id
3424 5013 3554 5053 vero

1977 5096 2305 5166 superﬂuum
2334 5093 2518 5146 luisset
2541 5105 2698 5145 onus.
2726 5088 2856 5143 Vide
2882 5088 3096 5144 brevem
3117 5088 3393 5159 epistolam
3422 5087 3553 5142 nihil

1977 5185 2286 5242 redundans
2316 5183 2600 5237 habentem
2626 5222 2641 5247 ,
2696 5194 2795 5234 nec
2843 5188 3154 5249 apparatum
3192 5193 3291 5234 nec
3333 5178 3555 5251 syllogi-

1979 5292 2125 5333 smos
2145 5317 2160 5341 ,
2190 5275 2283 5330 sed
2312 5283 2637 5345 praeceptum
2668 5289 2682 5327 :
2714 5279 2830 5325 erat
2850 5272 2991 5327 enim
3022 5270 3106 5325 lex
3126 5270 3372 5341 Spiritus.
3399 5271 3554 5341 Saepe

1981 5368 2084 5422 hoc
2112 5375 2308 5422 vocant
2342 5378 2500 5420 onus.
2539 5364 2851 5435 Congregnta
2884 5361 3204 5418 multitudine
3239 5364 3557 5418 tradiderunt

1980 5457 2267 5529 epistolam.
2299 5457 2427 5511 Post
2449 5455 2728 5525 epistolam
2755 5465 2810 5510 et
2837 5455 2937 5525 ipsi
2972 5454 3144 5511 verbis
3184 5453 3556 5510 exhortantur.

1980 5549 2092 5605 Hac
2117 5549 2242 5603 item
2273 5563 2335 5603 re
2355 5562 2493 5617 opus
2516 5554 2635 5602 erat
2657 5589 2671 5611 ,
2703 5546 2842 5601 utab
2862 5547 3007 5601 omni
3030 5545 3331 5616 suspicione
3355 5544 3556 5600 libera-

1982 5650 2189 5699 rentur.
2224 5638 2294 5694 Et
2315 5639 2415 5709 ipsi
2436 5676 2454 5704 .
2487 5638 2690 5708 inquit,
2717 5654 2830 5693 cum
2858 5647 3018 5692 essent
3046 5636 3338 5708 propheta,
3366 5652 3559 5692 sermo-

1984 5734 2130 5790 nibus
2158 5732 2334 5787 multis
2361 5741 2610 5788 exhortatt
2651 5744 2771 5786 sunt
2816 5732 3019 5800 fratres.
3061 5729 3229 5797 Quam
3265 5729 3371 5786 ﬁde
3412 5729 3559 5801 digni

1989 5836 2174 5888 essent
2200 5826 2289 5884 hic
2305 5824 2645 5893 ostenditur;
2698 5823 2957 5898 potuisset
2977 5830 3035 5881 ct
3076 5822 3309 5891 Paulus;
3334 5823 3431 5882 sed
3458 5822 3562 5881 hos
