3978 6510
470 342 579 401 24⁸5

474 454 664 509 adesse
692 469 826 525 opus
855 462 989 509 erat.
1023 452 1187 509 Facto
1216 464 1380 507 autem
1410 453 1477 506 ibi
1504 453 1762 520 aliquanto
1798 462 2016 520 tempore
2034 492 2050 517 ,

474 547 669 600 dimissi
696 555 813 600 sunt
856 562 971 599 cum
1014 562 1153 613 pace.
1202 544 1315 598 Non
1361 543 1468 613 jam
1515 544 1749 608 seditio,
1804 560 1909 596 non
1944 544 2054 613 jam

473 638 704 693 aversio.
740 636 836 691 llic
864 637 989 690 mihi
1023 636 1228 690 videtur
1258 636 1379 689 illos
1425 635 1701 690 dexteram
1751 638 2052 706 accepisse,

478 744 531 783 ιιι
566 730 679 800 ipse
708 730 781 783 ait
808 749 820 783 :
856 730 1097 783 Dextera:
1123 730 1370 783 dederunt
1400 730 1524 782 mihi
1562 739 1606 783 et
1644 728 1894 783 Barnabas
1918 746 2056 784 com-

476 824 728 876 munionis
759 821 779 896 (
807 822 976 876 Colat.
1009 823 1062 876 2.
1093 821 1186 891 9
1225 822 1408 875 Postea
1442 821 1607 875 dicit:
1641 820 1790 875 Nihil
1818 823 1945 874 mihi
1969 824 2061 875 ad-

472 911 709 966 diderunt
750 912 768 975 ί
794 911 929 966 Ibid.
960 928 1006 965 υ.
1042 911 1136 985 6
1178 913 1304 982 Ejus
1329 929 1554 983 namque
1578 914 1894 967 sententiam
1927 928 2057 965 con-

477 1006 794 1070 ﬁrmarunt,
830 1002 1183 1059 laudaverunt
1208 1046 1223 1069 ,
1256 1020 1370 1057 eam
1405 1016 1457 1059 et
1488 1005 1665 1059 mirati
1692 1013 1835 1059 sunt.
1866 1003 2058 1059 Osten-

474 1095 553 1150 dit
579 1098 679 1150 hoc
705 1112 859 1167 posse
879 1098 1130 1152 humanis
1156 1098 1448 1153 ratiociniis
1470 1100 1704 1169 conspici
1727 1140 1741 1164 ,
1771 1116 1868 1153 nec
1889 1102 2059 1154 solum

474 1203 505 1242 a
531 1190 732 1259 Spiritu
758 1233 772 1255 ,
805 1192 926 1261 quia
953 1191 1285 1247 admiserunt
1316 1204 1589 1263 peccatum
1636 1204 1880 1248 correctu
1924 1193 2059 1248 difﬁ-

475 1281 619 1337 cile:
655 1286 786 1337 tales
829 1284 1027 1354 quippe
1075 1300 1163 1339 res
1204 1300 1307 1337 non
1350 1297 1509 1354 egent
1551 1285 1773 1355 Spiritu.
1820 1284 2060 1340 Ostendit

477 1380 671 1426 caetera
727 1388 832 1428 non
882 1390 1002 1429 esse
1053 1378 1392 1441 necessaria;
1447 1377 1553 1431 imo
1600 1377 1865 1448 superflua
1908 1393 2060 1440 esse,

478 1464 740 1535 siquidem
772 1466 887 1522 haec
926 1468 1247 1523 necessaria.
1294 1467 1369 1521 Ab
1419 1468 1496 1521 liis
1544 1470 1588 1522 si
1626 1469 1935 1523 servaverim
1978 1486 2064 1523 vos

477 1557 636 1623 ipsos,
664 1558 834 1627 inquit
857 1600 871 1622 ,
896 1557 1019 1612 bene
1056 1560 1271 1630 facietis.
1295 1558 1540 1613 Declarat
1558 1559 1687 1613 nihil
1710 1559 1838 1630 ipsis
1854 1559 2062 1624 deesse,

477 1650 572 1705 sed
602 1650 705 1707 hoc
731 1651 1002 1705 sufﬁcere.
1036 1651 1251 1708 Poterat
1274 1660 1329 1706 et
1354 1653 1469 1707 sine
1496 1652 1699 1714 literis,
1732 1651 1826 1705 sed
1874 1663 1932 1705 ut
1981 1653 2062 1707 lex

478 1742 552 1796 ita
599 1742 798 1811 scripta
841 1752 1023 1807 esset,
1064 1742 1346 1812 epistolam
1388 1744 1616 1796 mittunt.
1655 1742 1722 1795 Et
1748 1743 1939 1796 iterum
1964 1783 1979 1808 ,
2011 1752 2069 1797 ut

479 1832 584 1903 legi
614 1834 1090 1903 obtemperarent,
1122 1844 1177 1888 et
1206 1834 1312 1888 illis
1337 1833 1623 1901 dicebant,
1656 1836 1809 1889 etilli
1852 1835 1953 1891 hoc
1992 1836 2067 1890 fa-

479 1929 724 1992 ciebant,
757 1938 957 1982 etcum
996 1943 1145 1998 pace.
1188 1927 1385 1982 Verum
1436 1943 1503 1982 ne
1552 1927 1872 1983 olfendiculo
1914 1931 2069 1985 nobis

482 2022 591 2075 sint
623 2020 881 2076 heretici.
923 2020 1053 2074 Vide
1082 2020 1223 2075 enim
1271 2020 1324 2074 in
1367 2020 1626 2090 principio
1676 2021 2070 2091 praedicationis

480 2124 610 2182 quot
637 2113 957 2168 offendicula
992 2132 1006 2167 :
1035 2128 1140 2167 non
1168 2113 1291 2168 dico
1317 2128 1377 2167 ea
1399 2155 1414 2177 ,
1446 2128 1564 2183 quae
1586 2113 1655 2167 ab
1684 2113 1747 2167 iis
1776 2114 1865 2183 qui
1898 2113 2027 2169 foris
2051 2130 2067 2178 ;

481 2204 568 2259 illa
599 2205 796 2274 quippe
826 2205 953 2258 nihil
984 2215 1174 2270 erant;
1206 2205 1301 2259 sed
1332 2220 1451 2275 qure
1492 2206 1657 2259 intus.
1705 2205 1886 2260 Primo
1927 2210 2072 2261 Ana-

482 2295 601 2349 nias
629 2314 641 2348 :
674 2295 866 2349 deinde
889 2310 1165 2360 murmur;
1194 2294 1319 2349 hinc
1341 2294 1522 2349 Simon
1546 2312 1730 2367 magus
1754 2312 1769 2362 ;
1802 2305 1983 2366 postea
2012 2297 2068 2364 ii,

485 2389 573 2457 qui
606 2388 817 2442 Petrum
860 2388 1184 2442 accusabant
1209 2388 1278 2443 oh
1307 2388 1654 2455 Cornelium;
1698 2389 1798 2444 sub
1840 2389 1956 2444 hanc
1988 2388 2071 2444 fa-

482 2494 631 2542 mes;
662 2480 876 2532 demunt
912 2479 1012 2533 hoc
1043 2480 1217 2549 ipsum
1248 2490 1407 2549 caput
1439 2482 1724 2535 malorum.

556 2568 678 2622 Non
702 2580 859 2635 potest
881 2570 962 2623 hic
988 2571 1175 2624 bonum
1195 2587 1300 2624 esse
1315 2572 1423 2625 sine
1448 2572 1601 2626 malo.
1622 2601 1693 2612 --
1710 2571 1893 2644 Neque
1921 2573 2063 2627 enim

487 2672 667 2732 potest
695 2664 891 2717 bonum
920 2663 1207 2733 quodpiam
1237 2678 1377 2727 esse,
1411 2664 1536 2733 quin
1566 2665 1633 2719 sit
1670 2664 1829 2719 etiam
1860 2665 2074 2737 aliquod

490 2757 710 2809 malum.
743 2754 821 2810 Ne
851 2756 1029 2824 itaque
1061 2758 1356 2822 turbemur,
1386 2757 1428 2809 si
1459 2757 1675 2826 quidam
1705 2757 2075 2829 scandalizen-

490 2857 611 2911 tur;
659 2846 752 2901 sed
800 2856 854 2901 et
899 2863 994 2916 pro
1036 2847 1119 2901 his
1162 2853 1358 2918 gratias
1396 2863 1612 2918 agamus
1654 2848 1784 2915 Deo,
1815 2851 1935 2919 quia
1977 2866 2076 2906 nos

492 2940 829 3008 probatiores
854 2938 1037 2993 eflicit.
1082 2938 1263 3007 Neque
1309 2942 1453 2994 enim
1498 2940 1816 2996 al'llictiones
1847 2950 2073 3008 tantum,

490 3031 586 3089 sed
615 3033 774 3087 etiam
801 3032 1120 3086 lentaliones
1153 3048 1249 3087 nos
1276 3034 1666 3103 splendidiores
1695 3036 1942 3090 reddunt.
1975 3036 2076 3105 Qui

490 3124 659 3189 enim,
693 3124 902 3178 nemine
928 3124 977 3176 in
1009 3141 1248 3179 errorem
1284 3126 1568 3181 inducente
1589 3168 1602 3189 ,
1636 3129 1844 3185 veritati
1878 3130 2076 3197 lueret,

494 3231 601 3267 non
628 3214 917 3271 vehemens
950 3217 1188 3271 veritatis
1212 3227 1418 3272 amator
1444 3220 1629 3283 fuerit;
1662 3221 1755 3275 sed
1784 3222 1871 3291 qui
1902 3224 2080 3279 multis

492 3306 889 3362 retrahentilms
930 3308 1131 3372 lueret,
1164 3310 1250 3363 ille
1279 3310 1476 3364 clarus.
1526 3312 1663 3379 Quid
1691 3313 1857 3382 ergo?
1885 3330 1949 3367 an
1982 3314 2081 3370 hac

494 3399 566 3450 de
586 3415 743 3452 causa
774 3398 905 3452 ﬁunt
932 3399 1219 3455 seandala?
1246 3400 1359 3455 Non
1389 3402 1530 3468 dico,
1569 3404 1709 3471 quod
1740 3404 1848 3458 Deo
1875 3403 1975 3459 hoc
2000 3406 2080 3460 fa-

492 3493 673 3545 ciente
705 3506 716 3544 :
749 3492 921 3555 absit;
970 3494 1063 3546 sed
1102 3493 1244 3562 quod
1286 3494 1376 3549 ille
1412 3510 1509 3563 per
1544 3495 1753 3550 illorum
1793 3499 2083 3567 nequitiam

496 3583 654 3643 nobis
686 3584 977 3639 benefaciat
1010 3604 1022 3638 :
1056 3604 1178 3641 nam
1221 3589 1334 3659 ipse
1373 3590 1457 3643 illa
1503 3591 1614 3643 ﬁeri
1660 3608 1947 3661 numquam
1990 3612 2085 3657 vo—

488 3677 707 3733 luisset.
737 3676 817 3731 Da
844 3680 975 3744 illis,
1011 3682 1199 3750 inquit,
1230 3692 1284 3735 ut
1320 3699 1475 3735 unum
1504 3684 1606 3736 sint
1634 3683 1811 3753 (Joan.
1853 3687 1932 3740 17.
1962 3686 2079 3754 21).

494 3771 631 3825 Cum
678 3783 855 3828 autem
904 3773 1151 3828 scandala
1202 3776 1367 3841 liunt,
1401 3776 1531 3830 nihil
1576 3777 1705 3846 ipsis
1750 3789 1960 3843 nocent,
1991 3781 2081 3835 sed

496 3865 661 3918 etiam
686 3874 909 3935 prosunt
929 3866 1063 3929 illis;
1093 3866 1231 3920 sicut
1249 3878 1301 3922 et
1324 3868 1649 3939 martyribus
1672 3871 1816 3925 inviti
1842 3883 2082 3945 prosunt,

496 3958 589 4026 qui
618 3957 738 4011 illos
766 3956 831 4011 ad
859 3956 1170 4029 martyrium
1205 3958 1451 4025 trahunt;
1481 3974 1588 4014 non
1614 3972 1791 4016 tamen
1822 3978 1852 4016 a
1880 3963 1989 4017 Deo
2018 3963 2086 4018 ad

502 4049 604 4103 huc
634 4048 975 4118 impelluntur
1010 4067 1021 4102 :
1054 4048 1132 4104 sic
1161 4059 1214 4104 et
1245 4053 1347 4106 hoc
1375 4051 1515 4119 loco,
1546 4067 1613 4107 ne
1638 4052 1915 4107 videamus
1945 4054 2088 4123 quod

502 4143 650 4196 mulli
690 4142 1136 4197 scandalizentur.
1181 4142 1293 4197 Hoc
1331 4144 1585 4199 indicium
1627 4154 1711 4200 est
1745 4145 1936 4216 dogma
1967 4162 2089 4203 esse

502 4234 788 4298 eximium,
822 4235 963 4303 quod
1010 4236 1159 4288 multi
1201 4236 1452 4289 simulent
1481 4245 1535 4291 et
1565 4238 1837 4291 imitentur
1868 4255 1882 4291 :
1913 4254 2088 4310 neque

504 4331 645 4378 enim
674 4325 988 4380 simularent
1015 4326 1117 4379 nisi
1149 4325 1350 4380 bonum
1376 4336 1538 4382 esset.
1581 4327 1647 4381 Et
1677 4328 1777 4382 hoc
1800 4328 1909 4399 jam
1935 4329 2088 4385 vobis

509 4417 680 4486 palam
713 4416 925 4472 faciam.

578 4510 631 4565 4.
652 4509 923 4579 Unguenta
943 4526 1060 4579 qute
1074 4509 1359 4580 fragrantia
1378 4522 1521 4575 sunt,
1541 4528 1570 4567 a
1595 4514 1774 4569 multis
1790 4515 2090 4571 adulteran-

510 4611 615 4667 tur,
646 4613 701 4655 ut
723 4642 735 4659 .
772 4602 915 4656 verbi
944 4602 1108 4669 gratia
1129 4643 1145 4666 ,
1182 4602 1362 4656 folium
1389 4605 1605 4658 amomi.
1638 4605 1769 4673 Quia
1799 4607 1939 4660 enim
1972 4623 2089 4662 rara

510 4704 707 4749 suntet
734 4698 1055 4758 necessaria,
1071 4694 1233 4748 multa
1252 4696 1428 4764 spuria
1455 4696 1603 4750 ﬁunt.
1637 4697 1805 4753 Nemo
1826 4699 1984 4769 igitur
2008 4717 2094 4756 vo-

510 4790 670 4845 luerit
707 4805 817 4843 rem
852 4788 1006 4843 vilem
1045 4786 1369 4843 adulterare.
1409 4788 1525 4843 Vita
1556 4805 1684 4859 pura
1714 4793 1908 4846 multos
1935 4792 2094 4847 habet

510 4884 598 4951 qui
625 4898 682 4937 se
708 4881 1010 4937 adulterent
1041 4900 1054 4936 :
1085 4897 1244 4936 nemo
1268 4891 1445 4936 autem
1474 4884 1727 4939 simulare
1757 4899 1815 4940 se
1837 4886 1965 4940 velit
1996 4886 2095 4940 im-

512 4976 762 5045 probum,
785 4975 878 5029 sed
908 4974 1083 5042 potius
1108 4974 1451 5028 monachum.
1484 4974 1619 5041 Quid
1650 4990 1778 5043 ergo
1807 4978 2096 5045 gentilibus

515 5067 841 5129 dixerimus?
872 5066 1030 5121 Venit
1061 5066 1272 5136 gentilis
1303 5076 1357 5121 et
1382 5067 1495 5131 ait,
1525 5066 1661 5122 Volo
1691 5068 2095 5124 ﬁeriChristia-

514 5174 636 5225 nus,
664 5160 756 5214 sed
781 5160 961 5213 nescio
990 5160 1073 5214 cui
1099 5160 1401 5214 adlueream
1434 5180 1445 5215 :
1479 5162 1657 5216 multa:
1686 5163 1823 5231 apud
1856 5178 1951 5217 vos
1973 5173 2096 5218 sunt

516 5266 728 5321 pugnae,
751 5252 1043 5306 seditiones
1068 5262 1122 5306 et
1144 5254 1401 5308 tumultus
1430 5272 1441 5306 :
1469 5254 1609 5323 quod
1641 5254 1830 5323 dogma
1858 5254 2096 5325 eligam?

514 5344 657 5413 quod
685 5344 998 5413 praeferam?
1024 5342 1228 5412 Singuli
1257 5346 1438 5399 dicunt
1471 5363 1483 5399 :
1509 5345 1621 5415 Ego
1645 5348 1920 5402 veritatem
1953 5347 2093 5401 dico.

515 5438 614 5492 Cui
657 5436 909 5495 credam.
954 5435 1043 5505 qui
1089 5437 1218 5490 nihil
1263 5436 1651 5506 Scripturarum
1693 5438 1897 5492 sciam?
1924 5439 1992 5492 Et
2020 5438 2097 5493 illi

516 5530 770 5599 utrinque
810 5528 950 5582 idem
1002 5528 1298 5597 proferunt.
1340 5528 1480 5582 Sane
1512 5530 1614 5583 hoc
1640 5528 1926 5584 admodum
1956 5531 2095 5601 litin

518 5622 693 5679 nobis.
724 5620 855 5676 Nam
881 5620 925 5674 si
953 5619 1167 5689 quidem
1198 5618 1499 5674 diceremus
1529 5635 1625 5673 nos
1656 5621 1949 5675 ratiociniis
1969 5636 2095 5676 cre-

520 5716 649 5775 dere
672 5756 688 5781 ,
723 5716 914 5772 merito
946 5713 1237 5769 turbareris
1262 5731 1276 5768 :
1305 5712 1350 5767 si
1380 5728 1507 5767 vero
1534 5712 1824 5782 Scripturis
1853 5730 1950 5769 nos
1977 5729 2097 5770 cre-

504 5808 650 5875 dere
678 5808 949 5879 dicamus,
979 5810 1149 5884 iisque
1175 5809 1508 5883 simplicibus
1534 5821 1591 5869 et
1618 5810 1787 5879 veris,
1824 5810 1976 5871 facile
2002 5811 2095 5868 tibi

1208 338 1267 395 s.
1303 314 1577 395 tempus
1614 333 2079 394 CllltYSOSTOttl
2114 330 2429 390 ARClllEP.
2468 332 2997 393 CONSTAN'I‘INOP.

3637 342 3736 398 2N

2168 450 2324 503 fuerit
2346 451 2607 518 judicare.
2632 451 2685 507 Si
2704 453 2822 521 quis
2843 469 2963 510 cum
2986 455 3091 511 illis
3109 460 3394 527 consentit,
3411 460 3741 519 Christianus

2163 551 2278 605 est;
2310 541 2352 595 si
2398 552 2595 611 pugnat
2637 559 2755 597 cum
2806 545 2931 612 illis,
2972 530 3056 602 hic
3104 550 3285 618 procul
3328 562 3410 607 est
3448 569 3478 609 a
3514 570 3740 608 eamme.

2164 631 2299 699 Quid
2321 648 2469 702 ergo,
2500 634 2545 687 si
2577 635 2665 689 ille
2689 638 2906 691 veniens
2936 639 3149 705 dixerit,
3178 643 3256 698 sic
3281 642 3477 701 habere
3504 646 3745 715 Scriptu-

2164 739 2310 788 ram;
2347 738 2398 777 iu
2430 741 2554 779 vero
2580 728 2683 780 alio
2712 729 2871 782 modo
2900 730 3120 797 dixeris,
3153 744 3205 790 et
3233 735 3447 799 diverse
3476 739 3745 805 interpre-

2166 817 2347 871 temini
2390 817 2710 889 Scripturas,
2740 838 2929 879 sensus
2970 826 3178 882 illarum
3224 829 3625 887 distraheutcs?
3670 835 3710 887 'l'
3716 852 3746 887 ιι

2168 909 2352 977 igitur,
2385 911 2470 964 dic
2514 914 2663 980 mihi,
2692 926 2998 972 mentemnc
3040 919 3203 976 habes
3244 902 3306 977 ac
3339 924 3642 993 judicium?
3684 928 3751 981 Et

2166 1001 2431 1068 quomodo
2478 1005 2707 1071 possim,
2758 1006 2982 1076 inquiet,
3013 1024 3131 1063 cum
3177 1015 3409 1068 nesciam
3454 1016 3751 1085 dijudicare

2167 1094 2376 1146 vestra?
2415 1094 2706 1165 discipulus
2736 1113 2855 1152 esse
2885 1101 3037 1163 volo,
3074 1113 3129 1157 tu
3160 1120 3285 1158 vero
3312 1124 3395 1161 me
3422 1108 3533 1176 jam
3562 1109 3751 1163 docto-

2170 1199 2278 1234 rem
2306 1183 2453 1237 facis.
2486 1185 2538 1241 Si
2570 1186 2683 1241 haec
2710 1188 2924 1256 dixerit,
2953 1193 3078 1260 quid
3116 1197 3593 1265 respondebimus?
3618 1216 3753 1271 quo-

2169 1275 2326 1329 modo
2363 1278 2435 1331 illi
2478 1282 2948 1349 persuadebimus?
2986 1286 3392 1358 Interrogemus.
3434 1308 3503 1347 an
3546 1292 3650 1348 hoc
3686 1295 3754 1348 sit

2168 1370 2416 1425 obtentus
2448 1390 2460 1424 :
2490 1374 2911 1445 interrogemus,
2944 1396 3009 1433 an
3036 1383 3264 1451 gentiles
3291 1385 3529 1441 damnet.
3560 1387 3750 1442 Omni-

2171 1479 2239 1514 no
2274 1464 2544 1534 quidpiam
2573 1466 2715 1522 dicet
2746 1486 2759 1521 :
2795 1486 2968 1540 neque
2994 1474 3135 1527 enim
3164 1491 3268 1530 non
3300 1477 3566 1535 damnatis
3609 1480 3751 1545 illis,

2169 1552 2235 1607 ad
2277 1565 2459 1610 nostra
2497 1559 2735 1613 accedet.
2779 1560 3172 1635 Interrogemus
3200 1582 3300 1635 qua
3327 1568 3393 1623 de
3423 1584 3584 1633 causa
3623 1587 3756 1623 con-

2170 1644 2385 1701 ἀριηιιει
2417 1665 2431 1700 :
2466 1665 2570 1702 non
2611 1651 2753 1705 enim
2796 1662 2996 1710 temere
3035 1656 3373 1712 condemnat.
3417 1659 3756 1733 Manifesmm

2171 1750 2253 1793 εει
2290 1739 2553 1796 dicturum
2582 1758 2722 1803 esse.
2758 1746 2881 1816 quia
2921 1750 3139 1803 numina
3182 1751 3267 1805 illa
3312 1762 3438 1807 sunt
3469 1764 3754 1821 creature,

2173 1846 2272 1884 nec
2298 1846 2418 1887 esse
2455 1834 2539 1886 illa
2580 1836 2873 1899 increatum
2916 1838 3104 1893 Deum.
3152 1841 3339 1900 Recte.
3376 1844 3432 1898 Si
3478 1844 3581 1909 hoc
3617 1845 3758 1914 apud

2172 1923 2304 1979 alias
2348 1926 2581 1983 lucreses
2628 1928 2896 1998 inveniat,
2928 1936 3252 1989 contrarium
3285 1951 3413 1991 vero
3449 1938 3591 2006 apud
3624 1954 3757 2005 nos,

2174 2031 2279 2083 quo
2308 2030 2443 2085 opus
2471 2028 2553 2073 est
2580 2023 2864 2078 sermone?
2902 2024 3100 2080 Omnes
3128 2028 3445 2084 conﬁtemur
3476 2029 3753 2085 Christum

2175 2120 2295 2162 esse
2321 2107 2507 2171 Deum.
2549 2110 2651 2166 Sed
2679 2112 2955 2170 videamus
2980 2118 3067 2184 qui
3098 2129 3364 2186 pugnent,
3394 2121 3485 2191 qui
3519 2137 3624 2175 non
3656 2137 3756 2191 pit-

2174 2210 2359 2269 gnent.
2391 2201 2497 2257 Nos
2525 2205 2613 2279 qui
2639 2205 2864 2262 dicimus
2883 2224 3003 2264 esse
3030 2210 3197 2265 Deum
3222 2252 3235 2269 .
3265 2212 3421 2281 digna
3456 2214 3565 2269 Deo
3591 2215 3766 2283 loqui-

2177 2306 2329 2357 mur,
2370 2293 2512 2361 quod
2554 2303 2868 2364 potestatem
2910 2298 3123 2365 haheat,
3151 2302 3291 2371 quod
3318 2318 3423 2357 non
3454 2303 3525 2357 sit
3548 2319 3763 2370 servus,

2178 2382 2318 2451 quod
2357 2385 2428 2439 sit
2466 2385 2622 2451 liber,
2647 2388 2787 2457 quod
2819 2404 2848 2442 a
2877 2391 3055 2459 seipse
3083 2393 3261 2446 omnia
3283 2391 3445 2448 faciat
3472 2412 3487 2448 :
3522 2396 3610 2449 ille
3638 2412 3768 2451 vero

2179 2484 2385 2531 eontra.
2426 2476 2659 2532 Rursum
2686 2479 2982 2550 interrogo,
3013 2484 3055 2553 si
3087 2484 3408 2540 medicinam
3438 2485 3650 2542 discere
3675 2505 3770 2543 ve-

2180 2562 2263 2629 lis,
2295 2582 2420 2619 num
2441 2567 2615 2622 obiter
2639 2578 2694 2623 et
2717 2556 3093 2638 perfunctorie,
3119 2590 3319 2644 quzeso,
3341 2592 3401 2629 ea
3429 2594 3547 2647 qua:
3574 2578 3769 2634 dicun—

2181 2664 2266 2707 tur
2286 2658 2561 2725 snscipies,
2591 2662 2797 2715 tametsi
2827 2663 2987 2717 multa
3012 2666 3148 2733 apud
3176 2667 3293 2720 illos
3314 2668 3418 2721 sint
3440 2669 3690 2738 dogmata
3714 2672 3769 2723 ‘2

2180 2747 2233 2803 Si
2262 2764 2391 2820 ergo
2418 2753 2732 2822 simpliciter
2771 2758 2946 2810 omnia
2989 2776 3105 2827 qua!
3141 2761 3325 2815 audies
3365 2764 3633 2832 accipias,
3665 2764 3771 2818 hoc

2181 2839 2278 2894 viri
2307 2857 2410 2907 non
2439 2855 2580 2899 esset
2602 2862 2614 2897 :
2634 2845 2677 2898 si
2705 2856 2881 2902 autem
2904 2848 3105 2917 judicio
3130 2864 3181 2907 et
3204 2864 3381 2907 mente
3403 2854 3603 2916 valeas,
3627 2856 3772 2924 quod

2184 2931 2381 2986 bonum
2411 2950 2700 3006 verumque
2728 2950 2808 2992 est
2836 2941 3055 2994 omnino
3079 2944 3236 3001 scies.
3284 2944 3475 2999 Filium
3504 2961 3603 3000 nos
3631 2946 3771 3003 dici-

2182 3040 2320 3092 mus,
2346 3037 2399 3082 et
2418 3029 2559 3098 quod
2587 3046 2768 3085 verum
2792 3043 2871 3087 cst
2896 3033 3121 3090 dicimus
3151 3054 3162 3087 :
3190 3036 3264 3089 illi
3292 3053 3419 3093 vero
3445 3039 3629 3093 dicunt
3652 3040 3775 3109 qui-

2185 3118 2329 3185 dem,
2358 3118 2452 3174 sed
2480 3137 2585 3174 non
2617 3123 2959 3179 confitentur.
2992 3127 3059 3182 Ut
3086 3144 3213 3184 vero
3234 3131 3428 3203 clarius
3456 3131 3665 3201 loquar,
3695 3132 3776 3186 illi

2184 3212 2443 3280 quosdam
2472 3212 2687 3279 habent,
2716 3232 2745 3270 a
2770 3218 2964 3286 quibus
2990 3222 3328 3290 appellantur
3347 3263 3361 3285 ,
3395 3224 3775 3295 haeresiarchas

2186 3315 2332 3360 certe
2363 3322 2555 3362 nomen
2588 3325 2601 3364 :
2634 3310 2712 3375 sic
2752 3312 2976 3380 singula:
3004 3314 3269 3389 lia-reses;
3298 3316 3453 3370 nobis
3479 3317 3560 3371 vir
3591 3316 3778 3372 nullus

2188 3415 2381 3454 nomen
2415 3402 2635 3466 indidit,
2665 3403 2757 3458 sed
2791 3406 2901 3474 ipsa
2933 3405 3085 3461 ﬁdes.
3122 3405 3316 3462 Verum
3350 3408 3452 3462 hoc
3480 3419 3779 3477 prmtextus

2187 3491 2543 3563 obteniusque
2587 3504 2688 3549 est.
2729 3493 2836 3550 Cur
2875 3498 3049 3560 enim,
3081 3514 3291 3567 quaeso,
3329 3500 3541 3569 quando
3570 3511 3777 3554 vestem

2188 3593 2463 3651 empturus
2490 3597 2568 3649 es,
2602 3587 2844 3653 quamvis
2873 3586 2927 3641 in
2948 3596 3065 3641 arte
3092 3588 3313 3642 textoria
3339 3589 3638 3657 imperitus,
3668 3605 3776 3644 non

2190 3673 2277 3727 illa
2306 3673 2509 3751 profers
2528 3678 2686 3732 verba
2719 3697 2731 3732 :
2766 3677 2959 3732 Emere
2988 3680 3188 3743 nescio,
3212 3695 3298 3734 me
3325 3679 3600 3749 decipiunt
3624 3697 3639 3746 ;
3685 3681 3780 3736 sed

2194 3767 2323 3820 nihil
2351 3782 2453 3821 non
2473 3768 2586 3837 agis
2610 3778 2666 3822 ut
2685 3768 2902 3824 discas?
2927 3769 3101 3824 Etiam
3126 3771 3169 3824 si
3192 3770 3400 3837 quidvis
3421 3771 3568 3826 aliud
3593 3788 3777 3827 emere

2190 3861 2392 3930 cupias,
2413 3862 2587 3915 omnia
2610 3863 2823 3917 curiose
2844 3864 3142 3932 perquiris;
3173 3863 3258 3937 hic
3280 3880 3405 3919 vero
3429 3865 3499 3917 ita
3521 3865 3777 3931 loqueris.

2192 3954 2372 4024 Itaque
2396 3956 2474 4009 sic
2505 3956 2729 4026 loquens
2749 3997 2763 4021 ,
2801 3954 2932 4011 nihil
2967 3956 3187 4011 omnino
3215 3956 3492 4025 suscipies.
3525 3956 3610 4011 Sit
3639 3957 3778 4011 enim

2191 4047 2382 4116 aliquis
2409 4048 2615 4102 nullum
2635 4049 2854 4103 omnino
2874 4048 3066 4119 dogma
3088 4048 3322 4114 habens;
3350 4048 3394 4103 si
3420 4048 3564 4103 dicat
3588 4050 3679 4103 ille
3706 4050 3776 4114 id,

2191 4140 2333 4210 quod
2368 4150 2418 4194 tu
2448 4141 2515 4195 de
2540 4141 2857 4215 Christianis
2886 4142 3024 4197 dicis
3055 4160 3069 4196 :
3102 4142 3269 4199 Tanta
3295 4142 3585 4197 multitudo
3615 4145 3782 4197 homi-

2195 4248 2318 4286 num
2346 4242 2449 4299 est,
2475 4244 2529 4289 et
2550 4234 2695 4289 varia
2724 4234 2922 4309 habent
2948 4235 3232 4306 dogmata;
3270 4236 3405 4291 alius
3432 4236 3655 4305 gentilis
3683 4246 3779 4298 est,

2194 4324 2329 4385 alius
2354 4325 2591 4393 Judmus,
2615 4326 2752 4389 alius
2773 4326 3106 4382 Christianus
3136 4348 3150 4383 :
3179 4328 3382 4383 nullum
3409 4328 3667 4397 amplecti
3692 4328 3786 4381 do-

2186 4437 2313 4492 gma
2358 4428 2569 4490 oportet
2599 4436 2611 4471 :
2645 4418 2718 4473 illi
2745 4418 2886 4473 enim
2915 4418 3055 4472 inter
3084 4433 3143 4472 se
3169 4427 3403 4487 pugnant
3437 4435 3451 4471 :
3486 4433 3589 4486 ego
3624 4418 3786 4472 ιιζδείο

2196 4514 2352 4583 putus
2382 4528 2522 4576 sum,
2545 4509 2711 4581 judex
2735 4525 2855 4564 esse
2882 4510 3026 4572 nolo,
3052 4525 3224 4579 neque
3250 4509 3413 4563 ullum
3437 4508 3637 4579 dogma
3658 4526 3787 4564 con-

2196 4603 2451 4657 demnare
2482 4620 2494 4654 :
2525 4617 2629 4655 non
2660 4602 2771 4670 jam
2817 4600 2907 4654 ille
2952 4610 3244 4669 prwtextus
3286 4599 3459 4654 locum
3502 4600 3688 4655 habet.
3719 4598 3787 4654 Ut

2198 4695 2341 4749 enim
2360 4692 2725 4751 adulterinum
2751 4691 2947 4760 ejicere
2977 4690 3215 4757 potuisti,
3235 4690 3312 4745 sic
3334 4692 3537 4758 poteris
3559 4689 3666 4743 huc
3696 4705 3786 4742 ac-

2198 4789 2415 4854 cedens,
2440 4787 2566 4858 quid
2597 4788 2665 4841 sit
2691 4786 2817 4840 utile
2844 4785 3145 4852 explorare.
3179 4783 3310 4839 Nam
3334 4784 3425 4852 qui
3452 4782 3661 4837 nullum
3693 4782 3788 4835 do-

2194 4898 2317 4951 gina
2358 4879 2699 4941 condemnat,
2734 4876 2835 4931 hoc
2864 4876 3020 4930 facile
3038 4878 3189 4953 {dicet
3217 4890 3231 4927 :
3261 4874 3349 4943 qui
3382 4888 3512 4929 vero
3542 4873 3784 4936 damnat,

2198 4972 2300 5027 etsi
2345 4970 2473 5027 nihil
2518 4969 2709 5040 eligat,
2753 4980 3036 5037 progressu
3077 4965 3330 5034 temporis
3366 4965 3567 5033 poterit
3612 4964 3790 5017 videre

2199 5061 2325 5130 quid
2344 5068 2607 5131 oporteat.
2634 5058 2709 5127 Ne
2734 5067 3021 5127 prietexms
3039 5072 3340 5127 qua-ramus
3366 5056 3574 5109 :omnia
3596 5056 3791 5125 quippe

2203 5152 2375 5206 facilia
2408 5160 2551 5205 sunt.
2580 5149 2672 5204 Vis
2699 5147 2979 5203 ostendam
3010 5148 3103 5201 tibi
3132 5147 3245 5199 inec
3272 5156 3596 5216 praetextum
3627 5146 3791 5199 esse?

2202 5243 2320 5297 Scis
2348 5258 2465 5311 quas
2496 5238 2763 5304 facienda,
2792 5255 2910 5309 quae
2940 5254 3046 5292 non
3077 5236 3356 5291 facienda?
3394 5252 3492 5290 cur
3521 5250 3658 5307 ergo
3688 5252 3791 5289 non

2201 5351 2321 5406 quae
2353 5334 2593 5389 facienda
2632 5344 2755 5388 sunt
2783 5332 2913 5386 facis
2938 5374 2952 5397 ,
2984 5331 3077 5386 sed
3102 5348 3218 5401 qua:
3245 5347 3350 5384 non
3380 5330 3662 5386 facienda?
3692 5328 3797 5382 Fac

2204 5406 2311 5499 illa,
2338 5439 2391 5483 et
2416 5438 2559 5483 recta
2588 5427 2793 5480 ratione
2818 5440 2997 5495 quaere
3028 5440 3058 5477 a
3093 5425 3221 5486 Deo,
3245 5434 3297 5477 et
3320 5424 3431 5493 ipse
3454 5423 3547 5477 tibi
3572 5422 3795 5475 omnino

2205 5521 2481 5578 revelabit.
2510 5518 2647 5573 Deus
2672 5519 2823 5583 enim,
2851 5517 3040 5585 inquit,
3071 5532 3172 5569 non
3198 5525 3267 5569 est
3297 5531 3632 5584 personarum
3655 5530 3799 5565 acce-

2204 5626 2321 5687 ptor
2347 5614 2481 5686 (Act.
2510 5613 2595 5667 10.
2623 5612 2745 5681 54);
2778 5611 2871 5667 sed
2901 5614 2952 5677 in
2980 5612 3124 5665 omni
3154 5618 3311 5677 gente
3332 5609 3419 5676 qui
3456 5609 3609 5661 timet
3635 5608 3798 5660 Deum

2272 5754 2289 5784 ι
2325 5757 2453 5799 Unus
2474 5748 2708 5813 habet...,
2737 5744 2925 5813 discere
2950 5738 3095 5813 velis;
3119 5740 3309 5792 tametsi
3352 5738 3509 5792 multa
3539 5738 3675 5804 apud
3695 5736 3805 5792 illa

2209 5819 2303 5869 sint
2327 5815 2570 5876 dogmata,
2809 5807 3124 5866 interpositis.
