  <div class='ocr_page' id='page_1' title='image "/cluster/home/n/w/nwhite01/storage/ocr_20150623/60/hvd.32044019207810/248.png"; bbox 0 0 4100 6354; ppageno 0'>
   <div class='ocr_carea' id='block_1_1' title="bbox 293 285 395 341">
    <p class='ocr_par' dir='ltr' id='par_1_1' title="bbox 293 285 395 341">
     <span class='ocr_line' id='line_1_1' title="bbox 293 285 395 341; baseline 0 0"><span class='ocrx_word' id='word_1_1' title='bbox 293 285 395 341; x_wconf 69' lang='grc' dir='ltr'>ὶίό</span> 
     </span>
    </p>
   </div>
   <div class='ocr_carea' id='block_1_2' title="bbox 290 399 1962 473">
    <p class='ocr_par' dir='ltr' id='par_1_2' title="bbox 290 399 1962 473">
     <span class='ocr_line' id='line_1_2' title="bbox 290 399 1962 473; baseline -0.001 -19"><span class='ocrx_word' id='word_1_2' title='bbox 290 402 457 472; x_wconf 72' lang='grc' dir='ltr'>βάρος</span> <span class='ocrx_word' id='word_1_3' title='bbox 490 401 742 456; x_wconf 86' lang='grc' dir='ltr'>καλοῦσι.</span> <span class='ocrx_word' id='word_1_4' title='bbox 774 403 884 457; x_wconf 82' lang='grc' dir='ltr'>Καὶ</span> <span class='ocrx_word' id='word_1_5' title='bbox 909 402 1072 458; x_wconf 88' lang='grc' dir='ltr'>πάλιν</span> <span class='ocrx_word' id='word_1_6' title='bbox 1110 404 1560 473; x_wconf 76' lang='grc' dir='ltr'>συναγαγόντες</span> <span class='ocrx_word' id='word_1_7' title='bbox 1599 403 1664 456; x_wconf 85' lang='grc' dir='ltr'>τὸ</span> <span class='ocrx_word' id='word_1_8' title='bbox 1708 399 1962 470; x_wconf 75' lang='grc' dir='ltr'>πλῆθος,</span> 
     </span>
    </p>
   </div>
   <div class='ocr_carea' id='block_1_3' title="bbox 1311 283 2698 344">
    <p class='ocr_par' dir='ltr' id='par_1_3' title="bbox 1311 283 2698 344">
     <span class='ocr_line' id='line_1_3' title="bbox 1311 283 2698 344; baseline -0.001 -1"><span class='ocrx_word' id='word_1_9' title='bbox 1311 289 1375 344; x_wconf 84' lang='grc' dir='ltr'>ΙΝ</span> <span class='ocrx_word' id='word_1_10' title='bbox 1412 288 1593 344; x_wconf 78' lang='lat' dir='ltr'>ACTA</span> <span class='ocrx_word' id='word_1_11' title='bbox 1635 283 2146 343; x_wconf 81' lang='lat' dir='ltr'>APOSTOLORUM</span> <span class='ocrx_word' id='word_1_12' title='bbox 2185 283 2420 342; x_wconf 72' lang='grc' dir='ltr'>ΗΟΜΙΙ..</span> <span class='ocrx_word' id='word_1_13' title='bbox 2460 285 2698 342; x_wconf 77' lang='lat' dir='ltr'>XXXIII.</span> 
     </span>
    </p>
   </div>
   <div class='ocr_carea' id='block_1_4' title="bbox 3617 286 3727 344">
    <p class='ocr_par' dir='ltr' id='par_1_4' title="bbox 3617 286 3727 344">
     <span class='ocr_line' id='line_1_4' title="bbox 3617 286 3727 344; baseline 0.036 -4"><span class='ocrx_word' id='word_1_14' title='bbox 3617 286 3727 344; x_wconf 65' lang='grc' dir='ltr'>ΞΗ</span> 
     </span>
    </p>
   </div>
   <div class='ocr_carea' id='block_1_5' title="bbox 2055 401 3723 479">
    <p class='ocr_par' dir='ltr' id='par_1_5' title="bbox 2055 401 3723 479">
     <span class='ocr_line' id='line_1_5' title="bbox 2055 401 3723 479; baseline 0.004 -25"><span class='ocrx_word' id='word_1_15' title='bbox 2055 402 2175 473; x_wconf 81' lang='grc' dir='ltr'>,γὰρ</span> <span class='ocrx_word' id='word_1_16' title='bbox 2201 401 2479 472; x_wconf 83' lang='grc' dir='ltr'>λογισμοῖς</span> <span class='ocrx_word' id='word_1_17' title='bbox 2509 401 2767 472; x_wconf 87' lang='grc' dir='ltr'>ἐλέγομεν</span> <span class='ocrx_word' id='word_1_18' title='bbox 2795 401 3098 468; x_wconf 89' lang='grc' dir='ltr'>πείθεσθαι,</span> <span class='ocrx_word' id='word_1_19' title='bbox 3147 403 3371 468; x_wconf 79' lang='grc' dir='ltr'>εἰκότως</span> <span class='ocrx_word' id='word_1_20' title='bbox 3423 403 3678 479; x_wconf 84' lang='grc' dir='ltr'>ὲθορύϐου</span> <span class='ocrx_word' id='word_1_21' title='bbox 3708 426 3723 443; x_wconf 75' lang='grc'><strong><em>⁸</em></strong></span> 
     </span>
    </p>
   </div>
   <div class='ocr_carea' id='block_1_6' title="bbox 286 485 3728 561">
    <p class='ocr_par' dir='ltr' id='par_1_6' title="bbox 286 485 3728 561">
     <span class='ocr_line' id='line_1_6' title="bbox 286 485 3728 561; baseline 0.002 -19"><span class='ocrx_word' id='word_1_22' title='bbox 286 489 595 543; x_wconf 71' lang='grc' dir='ltr'>ἐπέδωκαν</span> <span class='ocrx_word' id='word_1_23' title='bbox 625 490 738 558; x_wconf 77' lang='grc' dir='ltr'>τὴν</span> <span class='ocrx_word' id='word_1_24' title='bbox 785 490 1140 556; x_wconf 75' lang='grc' dir='ltr'>ἐπιστολήν.</span> <span class='ocrx_word' id='word_1_25' title='bbox 1173 491 1329 544; x_wconf 79' lang='grc' dir='ltr'>Μετὰ</span> <span class='ocrx_word' id='word_1_26' title='bbox 1370 490 1470 561; x_wconf 80' lang='grc' dir='ltr'>τὴν</span> <span class='ocrx_word' id='word_1_27' title='bbox 1536 488 1822 558; x_wconf 84' lang='grc' dir='ltr'>ἐπιστολὴν</span> <span class='ocrx_word' id='word_1_28' title='bbox 1869 490 1966 540; x_wconf 80' lang='grc' dir='ltr'>καὶ</span> <span class='ocrx_word' id='word_1_29' title='bbox 2066 489 2192 542; x_wconf 83' lang='grc' dir='ltr'>εἰδὲ</span> <span class='ocrx_word' id='word_1_30' title='bbox 2220 491 2338 552; x_wconf 89' lang='grc' dir='ltr'>ταῖς</span> <span class='ocrx_word' id='word_1_31' title='bbox 2366 490 2609 561; x_wconf 85' lang='grc' dir='ltr'>Γραφαϊς</span> <span class='ocrx_word' id='word_1_32' title='bbox 2640 489 2872 561; x_wconf 89' lang='grc' dir='ltr'>λέγομεν</span> <span class='ocrx_word' id='word_1_33' title='bbox 2899 489 3196 554; x_wconf 83' lang='grc' dir='ltr'>πιστεύειν,</span> <span class='ocrx_word' id='word_1_34' title='bbox 3248 485 3410 546; x_wconf 77' lang='grc' dir='ltr'>αὗται</span> <span class='ocrx_word' id='word_1_35' title='bbox 3455 494 3508 547; x_wconf 86' lang='grc' dir='ltr'>δὲ</span> <span class='ocrx_word' id='word_1_36' title='bbox 3559 496 3728 550; x_wconf 80' lang='grc' dir='ltr'>ἁπλαῖ</span> 
     </span>
    </p>
   </div>
   <div class='ocr_carea' id='block_1_7' title="bbox 285 575 1960 650">
    <p class='ocr_par' dir='ltr' id='par_1_7' title="bbox 285 575 1960 650">
     <span class='ocr_line' id='line_1_7' title="bbox 285 575 1960 650; baseline -0.001 -20"><span class='ocrx_word' id='word_1_37' title='bbox 285 577 438 630; x_wconf 73' lang='grc' dir='ltr'>αὐτοὶ</span> <span class='ocrx_word' id='word_1_38' title='bbox 469 578 853 648; x_wconf 75' lang='grc' dir='ltr'>παρακαλοῦσι</span> <span class='ocrx_word' id='word_1_39' title='bbox 874 580 951 650; x_wconf 83' lang='grc' dir='ltr'>τῷ</span> <span class='ocrx_word' id='word_1_40' title='bbox 995 579 1140 650; x_wconf 86' lang='grc' dir='ltr'>λόγῳ</span> <span class='ocrx_word' id='word_1_41' title='bbox 1171 597 1184 610; x_wconf 74' lang='grc' dir='ltr'>ο</span> <span class='ocrx_word' id='word_1_42' title='bbox 1223 579 1330 632; x_wconf 77' lang='grc' dir='ltr'>ἔδει</span> <span class='ocrx_word' id='word_1_43' title='bbox 1359 578 1468 650; x_wconf 79' lang='grc' dir='ltr'>γὰρ</span> <span class='ocrx_word' id='word_1_44' title='bbox 1502 576 1786 638; x_wconf 73' lang='grc' dir='ltr'>καὶτοῦτο,</span> <span class='ocrx_word' id='word_1_45' title='bbox 1821 575 1960 629; x_wconf 81' lang='grc' dir='ltr'>ὥστε</span> 
     </span>
    </p>
   </div>
   <div class='ocr_carea' id='block_1_8' title="bbox 287 661 1961 736">
    <p class='ocr_par' dir='ltr' id='par_1_8' title="bbox 287 661 1961 736">
     <span class='ocr_line' id='line_1_8' title="bbox 287 661 1961 736; baseline -0.001 -20"><span class='ocrx_word' id='word_1_46' title='bbox 287 666 462 735; x_wconf 83' lang='grc' dir='ltr'>πάσης</span> <span class='ocrx_word' id='word_1_47' title='bbox 488 665 726 735; x_wconf 64' lang='grc' dir='ltr'>ὑποψίας</span> <span class='ocrx_word' id='word_1_48' title='bbox 749 667 1151 736; x_wconf 79' lang='grc' dir='ltr'>ἀπαλλαγῆναι.</span> <span class='ocrx_word' id='word_1_49' title='bbox 1188 665 1297 720; x_wconf 75' lang='grc' dir='ltr'>Καὶ</span> <span class='ocrx_word' id='word_1_50' title='bbox 1322 665 1510 728; x_wconf 80' lang='grc' dir='ltr'>αὐτοὶ,</span> <span class='ocrx_word' id='word_1_51' title='bbox 1537 667 1691 734; x_wconf 75' lang='grc' dir='ltr'>φησὶ,</span> <span class='ocrx_word' id='word_1_52' title='bbox 1731 661 1961 731; x_wconf 70' lang='grc' dir='ltr'>προφῆ-</span> 
     </span>
    </p>
   </div>
   <div class='ocr_carea' id='block_1_9' title="bbox 285 745 1960 818">
    <p class='ocr_par' dir='ltr' id='par_1_9' title="bbox 285 745 1960 818">
     <span class='ocr_line' id='line_1_9' title="bbox 285 745 1960 818; baseline -0.001 -19"><span class='ocrx_word' id='word_1_53' title='bbox 285 764 375 800; x_wconf 81' lang='grc' dir='ltr'>ται</span> <span class='ocrx_word' id='word_1_54' title='bbox 431 747 629 814; x_wconf 75' lang='grc' dir='ltr'>ὄντες,</span> <span class='ocrx_word' id='word_1_55' title='bbox 685 747 783 803; x_wconf 78' lang='grc' dir='ltr'>διὰ</span> <span class='ocrx_word' id='word_1_56' title='bbox 829 752 1017 818; x_wconf 74' lang='grc' dir='ltr'>λόγου</span> <span class='ocrx_word' id='word_1_57' title='bbox 1071 749 1308 802; x_wconf 73' lang='grc' dir='ltr'>πολλοῦ</span> <span class='ocrx_word' id='word_1_58' title='bbox 1349 747 1775 816; x_wconf 75' lang='grc' dir='ltr'>παρεκάλεσαν</span> <span class='ocrx_word' id='word_1_59' title='bbox 1818 745 1960 809; x_wconf 85' lang='grc' dir='ltr'>τοὺς</span> 
     </span>
    </p>
   </div>
   <div class='ocr_carea' id='block_1_10' title="bbox 284 834 1959 903">
    <p class='ocr_par' dir='ltr' id='par_1_10' title="bbox 284 834 1959 903">
     <span class='ocr_line' id='line_1_10' title="bbox 284 834 1959 903; baseline -0.001 -15"><span class='ocrx_word' id='word_1_60' title='bbox 284 835 610 903; x_wconf 62' lang='grc' dir='ltr'>ἀδελφούς.</span> <span class='ocrx_word' id='word_1_61' title='bbox 648 836 722 889; x_wconf 85' lang='lat' dir='ltr'><em>T6</em></span> <span class='ocrx_word' id='word_1_62' title='bbox 749 837 1063 902; x_wconf 75' lang='grc' dir='ltr'>ἀξιόπιστον</span> <span class='ocrx_word' id='word_1_63' title='bbox 1092 836 1326 890; x_wconf 85' lang='grc' dir='ltr'>ἐνταῦθα</span> <span class='ocrx_word' id='word_1_64' title='bbox 1368 837 1655 890; x_wconf 89' lang='grc' dir='ltr'>δείκνυσιν.</span> <span class='ocrx_word' id='word_1_65' title='bbox 1711 834 1959 886; x_wconf 82' lang='grc' dir='ltr'>Ἐδύνατο</span> 
     </span>
    </p>
   </div>
   <div class='ocr_carea' id='block_1_11' title="bbox 286 920 1958 993">
    <p class='ocr_par' dir='ltr' id='par_1_11' title="bbox 286 920 1958 993">
     <span class='ocr_line' id='line_1_11' title="bbox 286 920 1958 993; baseline -0.001 -19"><span class='ocrx_word' id='word_1_66' title='bbox 286 923 381 991; x_wconf 84' lang='grc' dir='ltr'>μὲν</span> <span class='ocrx_word' id='word_1_67' title='bbox 403 923 516 993; x_wconf 73' lang='grc' dir='ltr'>γάρ</span> <span class='ocrx_word' id='word_1_68' title='bbox 542 924 639 975; x_wconf 80' lang='grc' dir='ltr'>καὶ</span> <span class='ocrx_word' id='word_1_69' title='bbox 662 924 894 986; x_wconf 79' lang='grc' dir='ltr'>Παῦλος·</span> <span class='ocrx_word' id='word_1_70' title='bbox 923 925 1062 979; x_wconf 83' lang='grc' dir='ltr'>ἀλλὰ</span> <span class='ocrx_word' id='word_1_71' title='bbox 1083 925 1305 987; x_wconf 81' lang='grc' dir='ltr'>τούτους</span> <span class='ocrx_word' id='word_1_72' title='bbox 1328 924 1455 977; x_wconf 79' lang='grc' dir='ltr'>ἔδει.</span> <span class='ocrx_word' id='word_1_73' title='bbox 1498 922 1869 990; x_wconf 77' lang='grc' dir='ltr'>Ποιήσαντες</span> <span class='ocrx_word' id='word_1_74' title='bbox 1890 920 1958 973; x_wconf 82' lang='grc' dir='ltr'>δὲ</span> 
     </span>
    </p>
   </div>
   <div class='ocr_carea' id='block_1_12' title="bbox 284 1011 1954 1082">
    <p class='ocr_par' dir='ltr' id='par_1_12' title="bbox 284 1011 1954 1082">
     <span class='ocr_line' id='line_1_12' title="bbox 284 1011 1954 1082; baseline -0.002 -16"><span class='ocrx_word' id='word_1_75' title='bbox 284 1013 526 1081; x_wconf 80' lang='grc' dir='ltr'>χρόνον,</span> <span class='ocrx_word' id='word_1_76' title='bbox 561 1015 966 1080; x_wconf 76' lang='grc' dir='ltr'>ἀπελύθησαν</span> <span class='ocrx_word' id='word_1_77' title='bbox 1010 1017 1138 1082; x_wconf 83' lang='grc' dir='ltr'>μετ’</span> <span class='ocrx_word' id='word_1_78' title='bbox 1172 1013 1432 1081; x_wconf 82' lang='grc' dir='ltr'>εἰρήνης.</span> <span class='ocrx_word' id='word_1_79' title='bbox 1472 1013 1585 1066; x_wconf 85' lang='grc' dir='ltr'>Οὐκ</span> <span class='ocrx_word' id='word_1_80' title='bbox 1622 1011 1702 1064; x_wconf 80' lang='grc' dir='ltr'>ἔτι</span> <span class='ocrx_word' id='word_1_81' title='bbox 1749 1011 1954 1072; x_wconf 79' lang='grc' dir='ltr'>στάσις,</span> 
     </span>
    </p>
   </div>
   <div class='ocr_carea' id='block_1_13' title="bbox 280 1097 1958 1171">
    <p class='ocr_par' dir='ltr' id='par_1_13' title="bbox 280 1097 1958 1171">
     <span class='ocr_line' id='line_1_13' title="bbox 280 1097 1958 1171; baseline -0.002 -20"><span class='ocrx_word' id='word_1_82' title='bbox 280 1099 476 1154; x_wconf 74' lang='grc' dir='ltr'>οὐκέτι</span> <span class='ocrx_word' id='word_1_83' title='bbox 511 1102 857 1171; x_wconf 79' lang='grc' dir='ltr'>ἀποστροφή.</span> <span class='ocrx_word' id='word_1_84' title='bbox 910 1099 1178 1154; x_wconf 84' lang='grc' dir='ltr'>Ἑνταῦθά</span> <span class='ocrx_word' id='word_1_85' title='bbox 1207 1117 1296 1170; x_wconf 90' lang='grc' dir='ltr'>μοι</span> <span class='ocrx_word' id='word_1_86' title='bbox 1316 1101 1463 1153; x_wconf 86' lang='grc' dir='ltr'>δοκεῖ</span> <span class='ocrx_word' id='word_1_87' title='bbox 1485 1101 1583 1170; x_wconf 83' lang='grc' dir='ltr'>τὴν</span> <span class='ocrx_word' id='word_1_88' title='bbox 1628 1097 1808 1162; x_wconf 80' lang='grc' dir='ltr'>δεξιάν</span> <span class='ocrx_word' id='word_1_89' title='bbox 1862 1097 1958 1149; x_wconf 81' lang='grc' dir='ltr'>αύ-</span> 
     </span>
    </p>
   </div>
   <div class='ocr_carea' id='block_1_14' title="bbox 279 1184 1955 1258">
    <p class='ocr_par' dir='ltr' id='par_1_14' title="bbox 279 1184 1955 1258">
     <span class='ocr_line' id='line_1_14' title="bbox 279 1184 1955 1258; baseline -0.002 -18"><span class='ocrx_word' id='word_1_90' title='bbox 279 1188 402 1250; x_wconf 84' lang='grc' dir='ltr'>τοῦς</span> <span class='ocrx_word' id='word_1_91' title='bbox 432 1188 738 1258; x_wconf 74' lang='grc' dir='ltr'>εἰληφέναι,</span> <span class='ocrx_word' id='word_1_92' title='bbox 764 1186 944 1252; x_wconf 87' lang='grc' dir='ltr'>καθὼς</span> <span class='ocrx_word' id='word_1_93' title='bbox 970 1187 1132 1247; x_wconf 82' lang='grc' dir='ltr'>αὑτός</span> <span class='ocrx_word' id='word_1_94' title='bbox 1153 1205 1307 1258; x_wconf 81' lang='grc' dir='ltr'>φησι,</span> <span class='ocrx_word' id='word_1_95' title='bbox 1340 1186 1546 1253; x_wconf 77' lang='grc' dir='ltr'>Δεξιὰς</span> <span class='ocrx_word' id='word_1_96' title='bbox 1573 1186 1804 1240; x_wconf 77' lang='grc' dir='ltr'>ἔδωκαν</span> <span class='ocrx_word' id='word_1_97' title='bbox 1827 1184 1955 1252; x_wconf 78' lang='grc' dir='ltr'>ἐμοὶ</span> 
     </span>
    </p>
   </div>
   <div class='ocr_carea' id='block_1_15' title="bbox 278 1271 1956 1344">
    <p class='ocr_par' dir='ltr' id='par_1_15' title="bbox 278 1271 1956 1344">
     <span class='ocr_line' id='line_1_15' title="bbox 278 1271 1956 1344; baseline -0.004 -16"><span class='ocrx_word' id='word_1_98' title='bbox 278 1276 372 1328; x_wconf 78' lang='grc' dir='ltr'>καί</span> <span class='ocrx_word' id='word_1_99' title='bbox 386 1275 670 1342; x_wconf 80' lang='grc' dir='ltr'>Βαρνάϐᾳ</span> <span class='ocrx_word' id='word_1_100' title='bbox 687 1277 1030 1342; x_wconf 74' lang='grc' dir='ltr'>κοινωνίαςι</span> <span class='ocrx_word' id='word_1_101' title='bbox 1071 1271 1207 1330; x_wconf 73' lang='grc' dir='ltr'>Εἶτα</span> <span class='ocrx_word' id='word_1_102' title='bbox 1224 1275 1392 1344; x_wconf 83' lang='grc' dir='ltr'>λέγει,</span> <span class='ocrx_word' id='word_1_103' title='bbox 1410 1276 1490 1328; x_wconf 81' lang='grc' dir='ltr'>ὅτι</span> <span class='ocrx_word' id='word_1_104' title='bbox 1504 1274 1668 1326; x_wconf 77' lang='grc' dir='ltr'>Οὐδέν</span> <span class='ocrx_word' id='word_1_105' title='bbox 1687 1289 1774 1343; x_wconf 90' lang='grc' dir='ltr'>μοι</span> <span class='ocrx_word' id='word_1_106' title='bbox 1788 1287 1956 1340; x_wconf 82' lang='grc' dir='ltr'>προσ-</span> 
     </span>
    </p>
   </div>
   <div class='ocr_carea' id='block_1_16' title="bbox 276 1360 1955 1436">
    <p class='ocr_par' dir='ltr' id='par_1_16' title="bbox 276 1360 1955 1436">
     <span class='ocr_line' id='line_1_16' title="bbox 276 1360 1955 1436; baseline -0.002 -21"><span class='ocrx_word' id='word_1_107' title='bbox 276 1362 548 1416; x_wconf 86' lang='grc' dir='ltr'>ανέθεντο.</span> <span class='ocrx_word' id='word_1_108' title='bbox 594 1363 706 1433; x_wconf 85' lang='grc' dir='ltr'>Τὴν</span> <span class='ocrx_word' id='word_1_109' title='bbox 743 1364 852 1436; x_wconf 83' lang='grc' dir='ltr'>γάρ</span> <span class='ocrx_word' id='word_1_110' title='bbox 883 1363 1049 1417; x_wconf 86' lang='grc' dir='ltr'>αὑτοῦ</span> <span class='ocrx_word' id='word_1_111' title='bbox 1088 1362 1312 1433; x_wconf 84' lang='grc' dir='ltr'>γνώμην</span> <span class='ocrx_word' id='word_1_112' title='bbox 1344 1363 1647 1433; x_wconf 77' lang='grc' dir='ltr'>ἐκύρωσαν·</span> <span class='ocrx_word' id='word_1_113' title='bbox 1687 1360 1955 1431; x_wconf 79' lang='grc' dir='ltr'>ἐπῄνεσαν</span> 
     </span>
    </p>
   </div>
   <div class='ocr_carea' id='block_1_17' title="bbox 274 1447 1954 1520">
    <p class='ocr_par' dir='ltr' id='par_1_17' title="bbox 274 1447 1954 1520">
     <span class='ocr_line' id='line_1_17' title="bbox 274 1447 1954 1520; baseline -0.001 -19"><span class='ocrx_word' id='word_1_114' title='bbox 274 1450 444 1518; x_wconf 77' lang='grc' dir='ltr'>αὐτὴν</span> <span class='ocrx_word' id='word_1_115' title='bbox 478 1453 576 1503; x_wconf 78' lang='grc' dir='ltr'>καὶ</span> <span class='ocrx_word' id='word_1_116' title='bbox 597 1449 935 1520; x_wconf 88' lang='grc' dir='ltr'>ἐθαύμασαν.</span> <span class='ocrx_word' id='word_1_117' title='bbox 955 1450 1350 1514; x_wconf 83' lang='grc' dir='ltr'>Δείκνυσιν,ὅτι</span> <span class='ocrx_word' id='word_1_118' title='bbox 1370 1450 1586 1504; x_wconf 72' lang='grc' dir='ltr'>καίάπδ</span> <span class='ocrx_word' id='word_1_119' title='bbox 1599 1447 1954 1518; x_wconf 78' lang='grc' dir='ltr'>ἀνθρωπίνων</span> 
     </span>
    </p>
   </div>
   <div class='ocr_carea' id='block_1_18' title="bbox 274 1535 1950 1608">
    <p class='ocr_par' dir='ltr' id='par_1_18' title="bbox 274 1535 1950 1608">
     <span class='ocr_line' id='line_1_18' title="bbox 274 1535 1950 1608; baseline -0.001 -19"><span class='ocrx_word' id='word_1_120' title='bbox 274 1537 555 1607; x_wconf 75' lang='grc' dir='ltr'>λογισμῶν</span> <span class='ocrx_word' id='word_1_121' title='bbox 585 1537 745 1591; x_wconf 84' lang='grc' dir='ltr'>τοῦτο</span> <span class='ocrx_word' id='word_1_122' title='bbox 777 1539 1001 1592; x_wconf 87' lang='grc' dir='ltr'>δυνατὸν</span> <span class='ocrx_word' id='word_1_123' title='bbox 1034 1539 1284 1602; x_wconf 74' lang='grc' dir='ltr'>συνιδεῖν,</span> <span class='ocrx_word' id='word_1_124' title='bbox 1317 1540 1446 1608; x_wconf 88' lang='grc' dir='ltr'>μήτι</span> <span class='ocrx_word' id='word_1_125' title='bbox 1473 1555 1536 1606; x_wconf 90' lang='grc' dir='ltr'>γε</span> <span class='ocrx_word' id='word_1_126' title='bbox 1569 1537 1678 1590; x_wconf 80' lang='grc' dir='ltr'>ἀπὸ</span> <span class='ocrx_word' id='word_1_127' title='bbox 1696 1535 1950 1605; x_wconf 87' lang='grc' dir='ltr'>Πνεύμα-</span> 
     </span>
    </p>
   </div>
   <div class='ocr_carea' id='block_1_19' title="bbox 271 1623 1954 1697">
    <p class='ocr_par' dir='ltr' id='par_1_19' title="bbox 271 1623 1954 1697">
     <span class='ocr_line' id='line_1_19' title="bbox 271 1623 1954 1697; baseline -0.002 -19"><span class='ocrx_word' id='word_1_128' title='bbox 271 1641 361 1688; x_wconf 83' lang='grc' dir='ltr'>τος</span> <span class='ocrx_word' id='word_1_129' title='bbox 395 1626 586 1695; x_wconf 86' lang='grc' dir='ltr'>μόνον,</span> <span class='ocrx_word' id='word_1_130' title='bbox 614 1626 695 1678; x_wconf 78' lang='grc' dir='ltr'>ὃτι</span> <span class='ocrx_word' id='word_1_131' title='bbox 724 1627 970 1696; x_wconf 76' lang='grc' dir='ltr'>ἥμαρτον</span> <span class='ocrx_word' id='word_1_132' title='bbox 1000 1627 1273 1697; x_wconf 83' lang='grc' dir='ltr'>ἁμαρτίαν</span> <span class='ocrx_word' id='word_1_133' title='bbox 1287 1627 1386 1678; x_wconf 79' lang='grc' dir='ltr'>οὐκ</span> <span class='ocrx_word' id='word_1_134' title='bbox 1409 1623 1629 1678; x_wconf 75' lang='grc' dir='ltr'>εὔκολον</span> <span class='ocrx_word' id='word_1_135' title='bbox 1660 1623 1954 1694; x_wconf 86' lang='grc' dir='ltr'>διορθωθῆ-</span> 
     </span>
    </p>
   </div>
   <div class='ocr_carea' id='block_1_20' title="bbox 271 1711 1948 1784">
    <p class='ocr_par' dir='ltr' id='par_1_20' title="bbox 271 1711 1948 1784">
     <span class='ocr_line' id='line_1_20' title="bbox 271 1711 1948 1784; baseline -0.001 -20"><span class='ocrx_word' id='word_1_136' title='bbox 271 1728 379 1765; x_wconf 71' lang='grc' dir='ltr'>ναι*</span> <span class='ocrx_word' id='word_1_137' title='bbox 405 1713 475 1764; x_wconf 79' lang='grc' dir='ltr'>τὰ</span> <span class='ocrx_word' id='word_1_138' title='bbox 493 1711 604 1783; x_wconf 82' lang='grc' dir='ltr'>γάρ</span> <span class='ocrx_word' id='word_1_139' title='bbox 625 1711 776 1784; x_wconf 69' lang='lat'>[258]</span> <span class='ocrx_word' id='word_1_140' title='bbox 793 1711 1019 1766; x_wconf 88' lang='grc' dir='ltr'>τοιαῦτα</span> <span class='ocrx_word' id='word_1_141' title='bbox 1034 1713 1094 1766; x_wconf 86' lang='grc' dir='ltr'>ού</span> <span class='ocrx_word' id='word_1_142' title='bbox 1114 1713 1426 1782; x_wconf 86' lang='grc' dir='ltr'>Πνεύματος</span> <span class='ocrx_word' id='word_1_143' title='bbox 1440 1713 1628 1766; x_wconf 85' lang='grc' dir='ltr'>δεῖται.</span> <span class='ocrx_word' id='word_1_144' title='bbox 1645 1711 1948 1773; x_wconf 89' lang='grc' dir='ltr'>Δείκνυσιν,</span> 
     </span>
    </p>
   </div>
   <div class='ocr_carea' id='block_1_21' title="bbox 270 1799 1951 1871">
    <p class='ocr_par' dir='ltr' id='par_1_21' title="bbox 270 1799 1951 1871">
     <span class='ocr_line' id='line_1_21' title="bbox 270 1799 1951 1871; baseline -0.001 -18"><span class='ocrx_word' id='word_1_145' title='bbox 270 1801 350 1853; x_wconf 82' lang='grc' dir='ltr'>ὅτι</span> <span class='ocrx_word' id='word_1_146' title='bbox 377 1801 448 1852; x_wconf 68' lang='grc' dir='ltr'>τά</span> <span class='ocrx_word' id='word_1_147' title='bbox 482 1800 619 1854; x_wconf 81' lang='grc' dir='ltr'>ἄλλα</span> <span class='ocrx_word' id='word_1_148' title='bbox 646 1801 746 1854; x_wconf 78' lang='grc' dir='ltr'>οὐκ</span> <span class='ocrx_word' id='word_1_149' title='bbox 788 1802 1081 1870; x_wconf 84' lang='grc' dir='ltr'>ἀναγκαῖα,</span> <span class='ocrx_word' id='word_1_150' title='bbox 1114 1801 1250 1854; x_wconf 75' lang='grc' dir='ltr'>ἀλλὰ</span> <span class='ocrx_word' id='word_1_151' title='bbox 1295 1801 1545 1871; x_wconf 78' lang='grc' dir='ltr'>περιττὰ,</span> <span class='ocrx_word' id='word_1_152' title='bbox 1581 1801 1633 1853; x_wconf 80' lang='grc' dir='ltr'>εἰ</span> <span class='ocrx_word' id='word_1_153' title='bbox 1681 1816 1744 1868; x_wconf 92' lang='grc' dir='ltr'>γε</span> <span class='ocrx_word' id='word_1_154' title='bbox 1779 1799 1951 1854; x_wconf 89' lang='grc' dir='ltr'>ταῦτα</span> 
     </span>
    </p>
   </div>
   <div class='ocr_carea' id='block_1_22' title="bbox 270 1881 1948 1957">
    <p class='ocr_par' dir='ltr' id='par_1_22' title="bbox 270 1881 1948 1957">
     <span class='ocr_line' id='line_1_22' title="bbox 270 1881 1948 1957; baseline 0.001 -18"><span class='ocrx_word' id='word_1_155' title='bbox 270 1887 572 1954; x_wconf 83' lang='grc' dir='ltr'>ἀναγκαῖα.</span> <span class='ocrx_word' id='word_1_156' title='bbox 605 1888 711 1952; x_wconf 78' lang='grc' dir='ltr'>Ἐξ</span> <span class='ocrx_word' id='word_1_157' title='bbox 747 1883 836 1942; x_wconf 85' lang='grc' dir='ltr'>ὧν</span> <span class='ocrx_word' id='word_1_158' title='bbox 872 1888 1298 1956; x_wconf 73' lang='grc' dir='ltr'>διατηροῦντες</span> <span class='ocrx_word' id='word_1_159' title='bbox 1331 1889 1603 1954; x_wconf 81' lang='grc' dir='ltr'>ἑαυτοὺς,</span> <span class='ocrx_word' id='word_1_160' title='bbox 1636 1887 1822 1957; x_wconf 77' lang='grc' dir='ltr'>φησὶν,</span> <span class='ocrx_word' id='word_1_161' title='bbox 1879 1881 1948 1941; x_wconf 82' lang='grc' dir='ltr'>εὖ</span> 
     </span>
    </p>
   </div>
   <div class='ocr_carea' id='block_1_23' title="bbox 267 1974 1952 2044">
    <p class='ocr_par' dir='ltr' id='par_1_23' title="bbox 267 1974 1952 2044">
     <span class='ocr_line' id='line_1_23' title="bbox 267 1974 1952 2044; baseline 0.001 -19"><span class='ocrx_word' id='word_1_162' title='bbox 267 1974 549 2041; x_wconf 73' lang='grc' dir='ltr'>πράξετε.</span> <span class='ocrx_word' id='word_1_163' title='bbox 576 1976 974 2041; x_wconf 81' lang='grc' dir='ltr'>Δείκνυσιν,ὃτι</span> <span class='ocrx_word' id='word_1_164' title='bbox 996 1976 1146 2028; x_wconf 71' lang='grc' dir='ltr'>οὐδὲν</span> <span class='ocrx_word' id='word_1_165' title='bbox 1177 1976 1357 2038; x_wconf 73' lang='grc' dir='ltr'>αὐτοῖς</span> <span class='ocrx_word' id='word_1_166' title='bbox 1383 1975 1593 2038; x_wconf 86' lang='grc' dir='ltr'>λείπει,</span> <span class='ocrx_word' id='word_1_167' title='bbox 1645 1974 1758 2027; x_wconf 81' lang='grc' dir='ltr'>ἀλλ’</span> <span class='ocrx_word' id='word_1_168' title='bbox 1789 1975 1952 2044; x_wconf 84' lang='grc' dir='ltr'>ἀρκεῖ</span> 
     </span>
    </p>
   </div>
   <div class='ocr_carea' id='block_1_24' title="bbox 267 2060 1950 2134">
    <p class='ocr_par' dir='ltr' id='par_1_24' title="bbox 267 2060 1950 2134">
     <span class='ocr_line' id='line_1_24' title="bbox 267 2060 1950 2134; baseline 0.001 -22"><span class='ocrx_word' id='word_1_169' title='bbox 267 2060 449 2114; x_wconf 76' lang='grc' dir='ltr'>τοῦτο.</span> <span class='ocrx_word' id='word_1_170' title='bbox 479 2062 742 2114; x_wconf 76' lang='grc' dir='ltr'>’ίίδύνατο</span> <span class='ocrx_word' id='word_1_171' title='bbox 783 2063 881 2133; x_wconf 82' lang='grc' dir='ltr'>μὲν</span> <span class='ocrx_word' id='word_1_172' title='bbox 909 2062 1018 2132; x_wconf 85' lang='grc' dir='ltr'>γάρ</span> <span class='ocrx_word' id='word_1_173' title='bbox 1065 2063 1159 2115; x_wconf 76' lang='grc' dir='ltr'>καὶ</span> <span class='ocrx_word' id='word_1_174' title='bbox 1209 2063 1376 2133; x_wconf 71' lang='grc' dir='ltr'>χωρὶς</span> <span class='ocrx_word' id='word_1_175' title='bbox 1419 2063 1784 2134; x_wconf 81' lang='grc' dir='ltr'>γραμμάτων,</span> <span class='ocrx_word' id='word_1_176' title='bbox 1834 2062 1950 2115; x_wconf 85' lang='grc' dir='ltr'>ἀλλ’</span> 
     </span>
    </p>
   </div>
   <div class='ocr_carea' id='block_1_25' title="bbox 266 2145 1944 2220">
    <p class='ocr_par' dir='ltr' id='par_1_25' title="bbox 266 2145 1944 2220">
     <span class='ocr_line' id='line_1_25' title="bbox 266 2145 1944 2220; baseline 0.002 -22"><span class='ocrx_word' id='word_1_177' title='bbox 266 2145 411 2199; x_wconf 77' lang='grc' dir='ltr'>ὥστε</span> <span class='ocrx_word' id='word_1_178' title='bbox 431 2148 597 2218; x_wconf 88' lang='grc' dir='ltr'>νόμον</span> <span class='ocrx_word' id='word_1_179' title='bbox 626 2145 763 2202; x_wconf 78' lang='grc' dir='ltr'>εἶναι</span> <span class='ocrx_word' id='word_1_180' title='bbox 792 2149 1089 2220; x_wconf 72' lang='grc' dir='ltr'>ἔγγραφον,</span> <span class='ocrx_word' id='word_1_181' title='bbox 1147 2148 1541 2202; x_wconf 83' lang='grc' dir='ltr'>ἐπιστέλλουσι.</span> <span class='ocrx_word' id='word_1_182' title='bbox 1591 2150 1700 2201; x_wconf 74' lang='grc' dir='ltr'>Καὶ</span> <span class='ocrx_word' id='word_1_183' title='bbox 1761 2149 1944 2214; x_wconf 80' lang='grc' dir='ltr'>πάλιν,</span> 
     </span>
    </p>
   </div>
   <div class='ocr_carea' id='block_1_26' title="bbox 266 2232 1950 2306">
    <p class='ocr_par' dir='ltr' id='par_1_26' title="bbox 266 2232 1950 2306">
     <span class='ocr_line' id='line_1_26' title="bbox 266 2232 1950 2306; baseline 0.002 -20"><span class='ocrx_word' id='word_1_184' title='bbox 266 2232 413 2286; x_wconf 81' lang='grc' dir='ltr'>ὥστε</span> <span class='ocrx_word' id='word_1_185' title='bbox 441 2234 730 2304; x_wconf 81' lang='grc' dir='ltr'>πεισθῆναι</span> <span class='ocrx_word' id='word_1_186' title='bbox 751 2235 828 2306; x_wconf 83' lang='grc' dir='ltr'>τῷ</span> <span class='ocrx_word' id='word_1_187' title='bbox 857 2236 1026 2306; x_wconf 84' lang='grc' dir='ltr'>νόμῳ,</span> <span class='ocrx_word' id='word_1_188' title='bbox 1065 2236 1160 2289; x_wconf 72' lang='grc' dir='ltr'>καὶ</span> <span class='ocrx_word' id='word_1_189' title='bbox 1180 2235 1411 2297; x_wconf 84' lang='grc' dir='ltr'>ἐκείνοις</span> <span class='ocrx_word' id='word_1_190' title='bbox 1441 2236 1649 2306; x_wconf 78' lang='grc' dir='ltr'>ἔλεγον,</span> <span class='ocrx_word' id='word_1_191' title='bbox 1684 2238 1773 2289; x_wconf 75' lang='grc' dir='ltr'>καὶ</span> <span class='ocrx_word' id='word_1_192' title='bbox 1810 2239 1950 2289; x_wconf 85' lang='grc' dir='ltr'>ἐκεῖ·</span> 
     </span>
    </p>
   </div>
   <div class='ocr_carea' id='block_1_27' title="bbox 267 2323 1948 2398">
    <p class='ocr_par' dir='ltr' id='par_1_27' title="bbox 267 2323 1948 2398">
     <span class='ocr_line' id='line_1_27' title="bbox 267 2323 1948 2398; baseline 0.002 -24"><span class='ocrx_word' id='word_1_193' title='bbox 267 2339 351 2375; x_wconf 85' lang='grc' dir='ltr'>νοι</span> <span class='ocrx_word' id='word_1_194' title='bbox 385 2323 542 2375; x_wconf 84' lang='grc' dir='ltr'>τοῦτο</span> <span class='ocrx_word' id='word_1_195' title='bbox 565 2325 800 2390; x_wconf 81' lang='grc' dir='ltr'>ἐποίουν,</span> <span class='ocrx_word' id='word_1_196' title='bbox 827 2325 918 2378; x_wconf 72' lang='grc' dir='ltr'>καὶ</span> <span class='ocrx_word' id='word_1_197' title='bbox 949 2327 1066 2398; x_wconf 83' lang='grc' dir='ltr'>μετ’</span> <span class='ocrx_word' id='word_1_198' title='bbox 1093 2327 1334 2398; x_wconf 81' lang='grc' dir='ltr'>εἰρήνης.</span> <span class='ocrx_word' id='word_1_199' title='bbox 1367 2326 1458 2397; x_wconf 82' lang='grc' dir='ltr'>Μὴ</span> <span class='ocrx_word' id='word_1_200' title='bbox 1490 2326 1553 2397; x_wconf 82' lang='grc' dir='ltr'>δὴ</span> <span class='ocrx_word' id='word_1_201' title='bbox 1585 2325 1948 2390; x_wconf 83' lang='grc' dir='ltr'>σκανδαλιζώ-</span> 
     </span>
    </p>
   </div>
   <div class='ocr_carea' id='block_1_28' title="bbox 269 2411 1947 2488">
    <p class='ocr_par' dir='ltr' id='par_1_28' title="bbox 269 2411 1947 2488">
     <span class='ocr_line' id='line_1_28' title="bbox 269 2411 1947 2488; baseline 0.002 -25"><span class='ocrx_word' id='word_1_202' title='bbox 269 2411 418 2482; x_wconf 86' lang='grc' dir='ltr'>μεθα</span> <span class='ocrx_word' id='word_1_203' title='bbox 449 2412 542 2464; x_wconf 75' lang='grc' dir='ltr'>ἐπὶ</span> <span class='ocrx_word' id='word_1_204' title='bbox 588 2415 697 2476; x_wconf 87' lang='grc' dir='ltr'>τοῖς</span> <span class='ocrx_word' id='word_1_205' title='bbox 722 2414 1038 2484; x_wconf 83' lang='grc' dir='ltr'>αίρετικοϊς.</span> <span class='ocrx_word' id='word_1_206' title='bbox 1073 2414 1213 2486; x_wconf 75' lang='grc' dir='ltr'>’0ρα</span> <span class='ocrx_word' id='word_1_207' title='bbox 1264 2412 1371 2485; x_wconf 80' lang='grc' dir='ltr'>γάρ</span> <span class='ocrx_word' id='word_1_208' title='bbox 1427 2413 1483 2467; x_wconf 88' lang='grc' dir='ltr'>ἐν</span> <span class='ocrx_word' id='word_1_209' title='bbox 1517 2415 1818 2488; x_wconf 72' lang='grc' dir='ltr'>προοιμίοις</span> <span class='ocrx_word' id='word_1_210' title='bbox 1853 2413 1947 2467; x_wconf 90' lang='grc' dir='ltr'>τοῦ</span> 
     </span>
    </p>
   </div>
   <div class='ocr_carea' id='block_1_29' title="bbox 268 2499 1949 2575">
    <p class='ocr_par' dir='ltr' id='par_1_29' title="bbox 268 2499 1949 2575">
     <span class='ocr_line' id='line_1_29' title="bbox 268 2499 1949 2575; baseline 0.004 -24"><span class='ocrx_word' id='word_1_211' title='bbox 268 2499 631 2571; x_wconf 76' lang='grc' dir='ltr'>κηρύγματος</span> <span class='ocrx_word' id='word_1_212' title='bbox 661 2502 802 2555; x_wconf 89' lang='grc' dir='ltr'>πόσα</span> <span class='ocrx_word' id='word_1_213' title='bbox 832 2502 1102 2555; x_wconf 79' lang='grc' dir='ltr'>σκάνδαλα</span> <span class='ocrx_word' id='word_1_214' title='bbox 1120 2518 1133 2531; x_wconf 91' lang='grc'><strong>·</strong></span> <span class='ocrx_word' id='word_1_215' title='bbox 1161 2502 1220 2554; x_wconf 85' lang='grc' dir='ltr'>ού</span> <span class='ocrx_word' id='word_1_216' title='bbox 1253 2501 1398 2570; x_wconf 87' lang='grc' dir='ltr'>λέγω</span> <span class='ocrx_word' id='word_1_217' title='bbox 1426 2505 1493 2555; x_wconf 78' lang='grc' dir='ltr'>τά</span> <span class='ocrx_word' id='word_1_218' title='bbox 1519 2505 1669 2575; x_wconf 75' lang='grc' dir='ltr'>παρὰ</span> <span class='ocrx_word' id='word_1_219' title='bbox 1684 2505 1792 2557; x_wconf 89' lang='grc' dir='ltr'>τῶν</span> <span class='ocrx_word' id='word_1_220' title='bbox 1819 2503 1949 2568; x_wconf 81' lang='grc' dir='ltr'>ἔξω·</span> 
     </span>
    </p>
   </div>
   <div class='ocr_carea' id='block_1_30' title="bbox 267 2587 1945 2663">
    <p class='ocr_par' dir='ltr' id='par_1_30' title="bbox 267 2587 1945 2663">
     <span class='ocr_line' id='line_1_30' title="bbox 267 2587 1945 2663; baseline 0.004 -23"><span class='ocrx_word' id='word_1_221' title='bbox 267 2588 368 2641; x_wconf 89' lang='grc' dir='ltr'>θεν</span> <span class='ocrx_word' id='word_1_222' title='bbox 399 2603 414 2619; x_wconf 80' lang='grc' dir='ltr'><strong>ο</strong></span> <span class='ocrx_word' id='word_1_223' title='bbox 444 2588 620 2643; x_wconf 86' lang='grc' dir='ltr'>ταῦτα</span> <span class='ocrx_word' id='word_1_224' title='bbox 651 2590 760 2661; x_wconf 83' lang='grc' dir='ltr'>γάρ</span> <span class='ocrx_word' id='word_1_225' title='bbox 777 2591 927 2643; x_wconf 76' lang='grc' dir='ltr'>οὐδὲν</span> <span class='ocrx_word' id='word_1_226' title='bbox 951 2587 1018 2662; x_wconf 81' lang='grc' dir='ltr'>ἦν</span> <span class='ocrx_word' id='word_1_227' title='bbox 1048 2607 1060 2621; x_wconf 81' lang='grc'><strong><em>⁸</em></strong></span> <span class='ocrx_word' id='word_1_228' title='bbox 1089 2590 1224 2645; x_wconf 81' lang='grc' dir='ltr'>ἀλλὰ</span> <span class='ocrx_word' id='word_1_229' title='bbox 1248 2591 1314 2644; x_wconf 79' lang='grc' dir='ltr'>τὰ</span> <span class='ocrx_word' id='word_1_230' title='bbox 1345 2591 1512 2644; x_wconf 80' lang='grc' dir='ltr'>ἔνδον.</span> <span class='ocrx_word' id='word_1_231' title='bbox 1543 2588 1669 2646; x_wconf 78' lang='grc' dir='ltr'>Οἷον</span> <span class='ocrx_word' id='word_1_232' title='bbox 1709 2593 1945 2663; x_wconf 87' lang='grc' dir='ltr'>πρῶτον,</span> 
     </span>
    </p>
   </div>
   <div class='ocr_carea' id='block_1_31' title="bbox 265 2677 1944 2752">
    <p class='ocr_par' dir='ltr' id='par_1_31' title="bbox 265 2677 1944 2752">
     <span class='ocr_line' id='line_1_31' title="bbox 265 2677 1944 2752; baseline 0.004 -23"><span class='ocrx_word' id='word_1_233' title='bbox 265 2677 297 2729; x_wconf 82' lang='grc' dir='ltr'><strong>ὁ</strong></span> <span class='ocrx_word' id='word_1_234' title='bbox 349 2677 619 2742; x_wconf 78' lang='grc' dir='ltr'>Ἀνανίας,</span> <span class='ocrx_word' id='word_1_235' title='bbox 647 2679 837 2730; x_wconf 74' lang='grc' dir='ltr'>ἔπειτα</span> <span class='ocrx_word' id='word_1_236' title='bbox 859 2679 1234 2750; x_wconf 85' lang='grc' dir='ltr'>ὁγογγυσμὸς,</span> <span class='ocrx_word' id='word_1_237' title='bbox 1263 2679 1453 2733; x_wconf 82' lang='grc' dir='ltr'>ἔπειτα</span> <span class='ocrx_word' id='word_1_238' title='bbox 1483 2679 1663 2751; x_wconf 84' lang='grc' dir='ltr'>Σίμων</span> <span class='ocrx_word' id='word_1_239' title='bbox 1683 2684 1709 2734; x_wconf 98' lang='lat'>6</span> <span class='ocrx_word' id='word_1_240' title='bbox 1734 2681 1944 2752; x_wconf 85' lang='grc' dir='ltr'>Μάγος,</span> 
     </span>
    </p>
   </div>
   <div class='ocr_carea' id='block_1_32' title="bbox 267 2764 1948 2838">
    <p class='ocr_par' dir='ltr' id='par_1_32' title="bbox 267 2764 1948 2838">
     <span class='ocr_line' id='line_1_32' title="bbox 267 2764 1948 2838; baseline 0.005 -21"><span class='ocrx_word' id='word_1_241' title='bbox 267 2764 467 2819; x_wconf 77' lang='grc' dir='ltr'>ἔπειτα</span> <span class='ocrx_word' id='word_1_242' title='bbox 487 2768 536 2818; x_wconf 85' lang='grc' dir='ltr'>οἱ</span> <span class='ocrx_word' id='word_1_243' title='bbox 569 2765 928 2834; x_wconf 80' lang='grc' dir='ltr'>ἐγκαλοῦντες</span> <span class='ocrx_word' id='word_1_244' title='bbox 961 2765 1156 2838; x_wconf 82' lang='grc' dir='ltr'>Πέτρῳ</span> <span class='ocrx_word' id='word_1_245' title='bbox 1204 2766 1292 2820; x_wconf 85' lang='grc' dir='ltr'>διὰ</span> <span class='ocrx_word' id='word_1_246' title='bbox 1321 2765 1646 2838; x_wconf 84' lang='grc' dir='ltr'>Κορνήλιον,</span> <span class='ocrx_word' id='word_1_247' title='bbox 1692 2767 1883 2823; x_wconf 80' lang='grc' dir='ltr'>ἔπειτα</span> <span class='ocrx_word' id='word_1_248' title='bbox 1919 2773 1948 2826; x_wconf 84' lang='grc' dir='ltr'>ὁ</span> 
     </span>
    </p>
   </div>
   <div class='ocr_carea' id='block_1_33' title="bbox 265 2851 1768 2921">
    <p class='ocr_par' dir='ltr' id='par_1_33' title="bbox 265 2851 1768 2921">
     <span class='ocr_line' id='line_1_33' title="bbox 265 2851 1768 2921; baseline 0.006 -19"><span class='ocrx_word' id='word_1_249' title='bbox 265 2851 319 2903; x_wconf 89' lang='grc' dir='ltr'>λι</span> <span class='ocrx_word' id='word_1_250' title='bbox 327 2852 452 2921; x_wconf 77' lang='grc' dir='ltr'>μὸς.</span> <span class='ocrx_word' id='word_1_251' title='bbox 491 2853 680 2906; x_wconf 76' lang='grc' dir='ltr'>ἔπειτα</span> <span class='ocrx_word' id='word_1_252' title='bbox 700 2852 832 2905; x_wconf 80' lang='grc' dir='ltr'>αὐτὸ</span> <span class='ocrx_word' id='word_1_253' title='bbox 853 2852 1011 2906; x_wconf 90' lang='grc' dir='ltr'>τοῦτο</span> <span class='ocrx_word' id='word_1_254' title='bbox 1032 2854 1093 2905; x_wconf 82' lang='grc' dir='ltr'>τὸ</span> <span class='ocrx_word' id='word_1_255' title='bbox 1115 2853 1404 2921; x_wconf 78' lang='grc' dir='ltr'>κεφάλαιον</span> <span class='ocrx_word' id='word_1_256' title='bbox 1424 2853 1531 2908; x_wconf 87' lang='grc' dir='ltr'>τῶν</span> <span class='ocrx_word' id='word_1_257' title='bbox 1562 2856 1768 2912; x_wconf 82' lang='grc' dir='ltr'>κακῶν.</span> 
     </span>
    </p>
   </div>
   <div class='ocr_carea' id='block_1_34' title="bbox 342 2937 1947 3014">
    <p class='ocr_par' dir='ltr' id='par_1_34' title="bbox 342 2937 1947 3014">
     <span class='ocr_line' id='line_1_34' title="bbox 342 2937 1947 3014; baseline 0.005 -23"><span class='ocrx_word' id='word_1_258' title='bbox 342 2939 482 2992; x_wconf 78' lang='grc' dir='ltr'>Οὐδὲ</span> <span class='ocrx_word' id='word_1_259' title='bbox 511 2938 620 3011; x_wconf 75' lang='grc' dir='ltr'>γὰρ</span> <span class='ocrx_word' id='word_1_260' title='bbox 643 2937 723 2992; x_wconf 76' lang='grc' dir='ltr'>ἔνι</span> <span class='ocrx_word' id='word_1_261' title='bbox 746 2940 912 2993; x_wconf 90' lang='grc' dir='ltr'>καλοῦ</span> <span class='ocrx_word' id='word_1_262' title='bbox 946 2958 1090 3004; x_wconf 88' lang='grc' dir='ltr'>τινος</span> <span class='ocrx_word' id='word_1_263' title='bbox 1112 2941 1401 3010; x_wconf 79' lang='grc' dir='ltr'>γινομένου</span> <span class='ocrx_word' id='word_1_264' title='bbox 1447 2943 1522 3014; x_wconf 81' lang='grc' dir='ltr'>μὴ</span> <span class='ocrx_word' id='word_1_265' title='bbox 1551 2946 1947 3013; x_wconf 80' lang='grc' dir='ltr'>συνυφεστάναι</span> 
     </span>
    </p>
   </div>
   <div class='ocr_carea' id='block_1_35' title="bbox 263 3025 1949 3099">
    <p class='ocr_par' dir='ltr' id='par_1_35' title="bbox 263 3025 1949 3099">
     <span class='ocr_line' id='line_1_35' title="bbox 263 3025 1949 3099; baseline 0.003 -19"><span class='ocrx_word' id='word_1_266' title='bbox 263 3027 367 3080; x_wconf 73' lang='grc' dir='ltr'>καὶ</span> <span class='ocrx_word' id='word_1_267' title='bbox 398 3025 656 3098; x_wconf 88' lang='grc' dir='ltr'>πονηρόν.</span> <span class='ocrx_word' id='word_1_268' title='bbox 691 3029 784 3099; x_wconf 81' lang='grc' dir='ltr'><strong>Μὴ</strong></span> <span class='ocrx_word' id='word_1_269' title='bbox 813 3027 876 3098; x_wconf 83' lang='grc' dir='ltr'>δὴ</span> <span class='ocrx_word' id='word_1_270' title='bbox 897 3026 1276 3098; x_wconf 78' lang='grc' dir='ltr'>θορυϐὡμεθα,</span> <span class='ocrx_word' id='word_1_271' title='bbox 1305 3031 1355 3082; x_wconf 84' lang='grc' dir='ltr'>εἰ</span> <span class='ocrx_word' id='word_1_272' title='bbox 1375 3047 1520 3094; x_wconf 88' lang='grc' dir='ltr'>τινες</span> <span class='ocrx_word' id='word_1_273' title='bbox 1568 3031 1949 3096; x_wconf 79' lang='grc' dir='ltr'>σκανδαλίζον-</span> 
     </span>
    </p>
   </div>
   <div class='ocr_carea' id='block_1_36' title="bbox 262 3109 1946 3190">
    <p class='ocr_par' dir='ltr' id='par_1_36' title="bbox 262 3109 1946 3190">
     <span class='ocr_line' id='line_1_36' title="bbox 262 3109 1946 3190; baseline 0.004 -23"><span class='ocrx_word' id='word_1_274' title='bbox 262 3131 383 3176; x_wconf 84' lang='grc' dir='ltr'>ται,</span> <span class='ocrx_word' id='word_1_275' title='bbox 413 3115 551 3168; x_wconf 74' lang='grc' dir='ltr'>ἀλλὰ</span> <span class='ocrx_word' id='word_1_276' title='bbox 578 3116 672 3168; x_wconf 70' lang='grc' dir='ltr'>καὶ</span> <span class='ocrx_word' id='word_1_277' title='bbox 699 3115 839 3186; x_wconf 79' lang='grc' dir='ltr'>ὑπὲρ</span> <span class='ocrx_word' id='word_1_278' title='bbox 863 3116 1072 3170; x_wconf 90' lang='grc' dir='ltr'>τούτων</span> <span class='ocrx_word' id='word_1_279' title='bbox 1116 3115 1530 3188; x_wconf 89' lang='grc' dir='ltr'>εύχαριστῶμεν</span> <span class='ocrx_word' id='word_1_280' title='bbox 1577 3120 1655 3188; x_wconf 87' lang='grc' dir='ltr'>τῷ</span> <span class='ocrx_word' id='word_1_281' title='bbox 1678 3109 1829 3190; x_wconf 84' lang='grc' dir='ltr'>Θεῷ,</span> <span class='ocrx_word' id='word_1_282' title='bbox 1864 3122 1946 3174; x_wconf 88' lang='grc' dir='ltr'>ὄτι</span> 
     </span>
    </p>
   </div>
   <div class='ocr_carea' id='block_1_37' title="bbox 264 3201 1946 3280">
    <p class='ocr_par' dir='ltr' id='par_1_37' title="bbox 264 3201 1946 3280">
     <span class='ocr_line' id='line_1_37' title="bbox 264 3201 1946 3280; baseline 0.004 -24"><span class='ocrx_word' id='word_1_283' title='bbox 264 3201 744 3275; x_wconf 79' lang='grc' dir='ltr'>εὐδοκιμωτέρους</span> <span class='ocrx_word' id='word_1_284' title='bbox 774 3207 921 3275; x_wconf 79' lang='grc' dir='ltr'>ἡμᾶς</span> <span class='ocrx_word' id='word_1_285' title='bbox 955 3209 1114 3259; x_wconf 92' lang='grc' dir='ltr'>ποιεῖ.</span> <span class='ocrx_word' id='word_1_286' title='bbox 1155 3205 1229 3260; x_wconf 84' lang='grc' dir='ltr'>Οὐ</span> <span class='ocrx_word' id='word_1_287' title='bbox 1259 3207 1368 3278; x_wconf 80' lang='grc' dir='ltr'>γάρ</span> <span class='ocrx_word' id='word_1_288' title='bbox 1398 3207 1462 3280; x_wconf 84' lang='grc' dir='ltr'>δὴ</span> <span class='ocrx_word' id='word_1_289' title='bbox 1501 3210 1554 3260; x_wconf 90' lang='grc' dir='ltr'>αἰ</span> <span class='ocrx_word' id='word_1_290' title='bbox 1599 3208 1806 3278; x_wconf 71' lang='grc' dir='ltr'>θλίψεις</span> <span class='ocrx_word' id='word_1_291' title='bbox 1847 3210 1946 3280; x_wconf 83' lang='grc' dir='ltr'>μό-</span> 
     </span>
    </p>
   </div>
   <div class='ocr_carea' id='block_1_38' title="bbox 264 3291 1946 3367">
    <p class='ocr_par' dir='ltr' id='par_1_38' title="bbox 264 3291 1946 3367">
     <span class='ocr_line' id='line_1_38' title="bbox 264 3291 1946 3367; baseline 0.003 -22"><span class='ocrx_word' id='word_1_292' title='bbox 264 3308 382 3354; x_wconf 83' lang='grc' dir='ltr'>νον,</span> <span class='ocrx_word' id='word_1_293' title='bbox 413 3291 552 3344; x_wconf 85' lang='grc' dir='ltr'>άλλά</span> <span class='ocrx_word' id='word_1_294' title='bbox 582 3293 678 3345; x_wconf 75' lang='grc' dir='ltr'>καὶ</span> <span class='ocrx_word' id='word_1_295' title='bbox 707 3293 861 3346; x_wconf 79' lang='grc' dir='ltr'>αὐτοὶ</span> <span class='ocrx_word' id='word_1_296' title='bbox 903 3294 953 3345; x_wconf 84' lang='grc' dir='ltr'>οἱ</span> <span class='ocrx_word' id='word_1_297' title='bbox 995 3295 1298 3364; x_wconf 78' lang='grc' dir='ltr'>πειρασμοὶ</span> <span class='ocrx_word' id='word_1_298' title='bbox 1341 3295 1753 3367; x_wconf 78' lang='grc' dir='ltr'>λαμπροτέρους</span> <span class='ocrx_word' id='word_1_299' title='bbox 1796 3299 1946 3366; x_wconf 83' lang='grc' dir='ltr'>ἡμᾶς</span> 
     </span>
    </p>
   </div>
   <div class='ocr_carea' id='block_1_39' title="bbox 265 3379 1943 3453">
    <p class='ocr_par' dir='ltr' id='par_1_39' title="bbox 265 3379 1943 3453">
     <span class='ocr_line' id='line_1_39' title="bbox 265 3379 1943 3453; baseline 0.004 -20"><span class='ocrx_word' id='word_1_300' title='bbox 265 3380 622 3451; x_wconf 80' lang='grc' dir='ltr'>ἐργάζονται.</span> <span class='ocrx_word' id='word_1_301' title='bbox 669 3379 728 3433; x_wconf 88' lang='lat'>&#39;0</span> <span class='ocrx_word' id='word_1_302' title='bbox 753 3381 856 3450; x_wconf 85' lang='grc' dir='ltr'>’μὲν</span> <span class='ocrx_word' id='word_1_303' title='bbox 884 3383 1012 3453; x_wconf 77' lang='grc' dir='ltr'>γὰρ,</span> <span class='ocrx_word' id='word_1_304' title='bbox 1050 3383 1278 3452; x_wconf 81' lang='grc' dir='ltr'>μηδενὸς</span> <span class='ocrx_word' id='word_1_305' title='bbox 1300 3383 1452 3447; x_wconf 77' lang='grc' dir='ltr'>ὄντος</span> <span class='ocrx_word' id='word_1_306' title='bbox 1469 3383 1570 3437; x_wconf 87' lang='grc' dir='ltr'>’τοῦ</span> <span class='ocrx_word' id='word_1_307' title='bbox 1607 3385 1943 3452; x_wconf 85' lang='grc' dir='ltr'>πλανῶντος,</span> 
     </span>
    </p>
   </div>
   <div class='ocr_carea' id='block_1_40' title="bbox 260 3466 1945 3548">
    <p class='ocr_par' dir='ltr' id='par_1_40' title="bbox 260 3466 1945 3548">
     <span class='ocr_line' id='line_1_40' title="bbox 260 3466 1945 3548; baseline 0.015 -33"><span class='ocrx_word' id='word_1_308' title='bbox 260 3466 370 3537; x_wconf 83' lang='grc' dir='ltr'>τῆς</span> <span class='ocrx_word' id='word_1_309' title='bbox 397 3467 655 3536; x_wconf 81' lang='grc' dir='ltr'>ἀληθείας</span> <span class='ocrx_word' id='word_1_310' title='bbox 683 3467 955 3540; x_wconf 76' lang='grc' dir='ltr'>ἐχόμενος,</span> <span class='ocrx_word' id='word_1_311' title='bbox 988 3471 1089 3523; x_wconf 79' lang='grc' dir='ltr'>οὐκ</span> <span class='ocrx_word' id='word_1_312' title='bbox 1111 3469 1175 3523; x_wconf 82' lang='grc' dir='ltr'>ἂν</span> <span class='ocrx_word' id='word_1_313' title='bbox 1205 3471 1288 3541; x_wconf 77' lang='grc' dir='ltr'>εἴη</span> <span class='ocrx_word' id='word_1_314' title='bbox 1319 3472 1546 3543; x_wconf 76' lang='grc' dir='ltr'>σφοδρὸς</span> <span class='ocrx_word' id='word_1_315' title='bbox 1582 3473 1817 3546; x_wconf 78' lang='grc' dir='ltr'>ἐραστὴς</span> <span class='ocrx_word' id='word_1_316' title='bbox 1845 3477 1945 3548; x_wconf 82' lang='grc' dir='ltr'>τῆς</span> 
     </span>
    </p>
   </div>
   <div class='ocr_carea' id='block_1_41' title="bbox 262 3553 1943 3632">
    <p class='ocr_par' dir='ltr' id='par_1_41' title="bbox 262 3553 1943 3632">
     <span class='ocr_line' id='line_1_41' title="bbox 262 3553 1943 3632; baseline 0.007 -27"><span class='ocrx_word' id='word_1_317' title='bbox 262 3553 531 3623; x_wconf 77' lang='grc' dir='ltr'>ἀληθείας</span> <span class='ocrx_word' id='word_1_318' title='bbox 557 3571 570 3584; x_wconf 87' lang='grc'><strong>·</strong></span> <span class='ocrx_word' id='word_1_319' title='bbox 599 3557 627 3608; x_wconf 86' lang='grc' dir='ltr'>ὀ</span> <span class='ocrx_word' id='word_1_320' title='bbox 653 3555 708 3609; x_wconf 86' lang='grc' dir='ltr'>δὲ</span> <span class='ocrx_word' id='word_1_321' title='bbox 738 3555 950 3610; x_wconf 82' lang='grc' dir='ltr'>πολλῶν</span> <span class='ocrx_word' id='word_1_322' title='bbox 975 3555 1339 3627; x_wconf 84' lang='grc' dir='ltr'>ἀφελκόντων,</span> <span class='ocrx_word' id='word_1_323' title='bbox 1371 3554 1523 3623; x_wconf 77' lang='grc' dir='ltr'>οὗτος</span> <span class='ocrx_word' id='word_1_324' title='bbox 1543 3561 1844 3632; x_wconf 77' lang='grc' dir='ltr'>εὐδόκιμος.</span> <span class='ocrx_word' id='word_1_325' title='bbox 1878 3561 1943 3617; x_wconf 85' lang='grc' dir='ltr'>Τί</span> 
     </span>
    </p>
   </div>
   <div class='ocr_carea' id='block_1_42' title="bbox 261 3637 1941 3716">
    <p class='ocr_par' dir='ltr' id='par_1_42' title="bbox 261 3637 1941 3716">
     <span class='ocr_line' id='line_1_42' title="bbox 261 3637 1941 3716; baseline 0.007 -23"><span class='ocrx_word' id='word_1_326' title='bbox 261 3637 392 3706; x_wconf 77' lang='grc' dir='ltr'>οὗν;</span> <span class='ocrx_word' id='word_1_327' title='bbox 431 3641 517 3695; x_wconf 83' lang='grc' dir='ltr'>διὰ</span> <span class='ocrx_word' id='word_1_328' title='bbox 531 3643 684 3696; x_wconf 87' lang='grc' dir='ltr'>τοῦτο</span> <span class='ocrx_word' id='word_1_329' title='bbox 697 3643 976 3712; x_wconf 84' lang='grc' dir='ltr'>γίνεταιτὰ</span> <span class='ocrx_word' id='word_1_330' title='bbox 991 3645 1282 3712; x_wconf 85' lang='grc' dir='ltr'>σκάνδαλα;</span> <span class='ocrx_word' id='word_1_331' title='bbox 1308 3648 1382 3699; x_wconf 86' lang='grc' dir='ltr'>Ού</span> <span class='ocrx_word' id='word_1_332' title='bbox 1405 3648 1566 3716; x_wconf 88' lang='grc' dir='ltr'>λέγω,</span> <span class='ocrx_word' id='word_1_333' title='bbox 1587 3649 1663 3711; x_wconf 85' lang='grc' dir='ltr'>ὡς</span> <span class='ocrx_word' id='word_1_334' title='bbox 1681 3649 1778 3703; x_wconf 87' lang='grc' dir='ltr'>τοῦ</span> <span class='ocrx_word' id='word_1_335' title='bbox 1807 3651 1941 3705; x_wconf 76' lang='grc' dir='ltr'>Θεοῦ</span> 
     </span>
    </p>
   </div>
   <div class='ocr_carea' id='block_1_43' title="bbox 258 3729 1943 3807">
    <p class='ocr_par' dir='ltr' id='par_1_43' title="bbox 258 3729 1943 3807">
     <span class='ocr_line' id='line_1_43' title="bbox 258 3729 1943 3807; baseline 0.006 -26"><span class='ocrx_word' id='word_1_336' title='bbox 258 3729 445 3782; x_wconf 86' lang='grc' dir='ltr'>ταῦτα</span> <span class='ocrx_word' id='word_1_337' title='bbox 469 3730 766 3795; x_wconf 74' lang='grc' dir='ltr'>ποιοῦντοςο</span> <span class='ocrx_word' id='word_1_338' title='bbox 786 3731 862 3804; x_wconf 80' lang='grc' dir='ltr'>μὴ</span> <span class='ocrx_word' id='word_1_339' title='bbox 873 3732 1099 3800; x_wconf 76' lang='grc' dir='ltr'>γένοιτοο</span> <span class='ocrx_word' id='word_1_340' title='bbox 1121 3733 1255 3787; x_wconf 79' lang='grc' dir='ltr'>ἀλλὰ</span> <span class='ocrx_word' id='word_1_341' title='bbox 1276 3735 1369 3787; x_wconf 75' lang='grc' dir='ltr'>καὶ</span> <span class='ocrx_word' id='word_1_342' title='bbox 1385 3735 1458 3799; x_wconf 82' lang='grc' dir='ltr'>ὼς</span> <span class='ocrx_word' id='word_1_343' title='bbox 1475 3737 1581 3789; x_wconf 70' lang='grc' dir='ltr'>ἀπὸ</span> <span class='ocrx_word' id='word_1_344' title='bbox 1601 3737 1698 3807; x_wconf 79' lang='grc' dir='ltr'>τῆς</span> <span class='ocrx_word' id='word_1_345' title='bbox 1716 3739 1943 3792; x_wconf 81' lang='grc' dir='ltr'>ἐκείνων</span> 
     </span>
    </p>
   </div>
   <div class='ocr_carea' id='block_1_44' title="bbox 259 3817 1940 3892">
    <p class='ocr_par' dir='ltr' id='par_1_44' title="bbox 259 3817 1940 3892">
     <span class='ocr_line' id='line_1_44' title="bbox 259 3817 1940 3892; baseline 0.007 -24"><span class='ocrx_word' id='word_1_346' title='bbox 259 3817 539 3888; x_wconf 79' lang='grc' dir='ltr'>πονηρίας</span> <span class='ocrx_word' id='word_1_347' title='bbox 568 3819 978 3890; x_wconf 86' lang='grc' dir='ltr'>εὐεργετοῦντος</span> <span class='ocrx_word' id='word_1_348' title='bbox 998 3822 1144 3892; x_wconf 72' lang='grc' dir='ltr'>ἡμᾶς</span> <span class='ocrx_word' id='word_1_349' title='bbox 1163 3839 1176 3852; x_wconf 86' lang='grc'><strong>·</strong></span> <span class='ocrx_word' id='word_1_350' title='bbox 1205 3823 1325 3875; x_wconf 80' lang='grc' dir='ltr'>ἐπεὶ</span> <span class='ocrx_word' id='word_1_351' title='bbox 1341 3823 1500 3887; x_wconf 78' lang='grc' dir='ltr'>αὐτὸς</span> <span class='ocrx_word' id='word_1_352' title='bbox 1519 3824 1772 3878; x_wconf 79' lang='grc' dir='ltr'>οὐδέποτε</span> <span class='ocrx_word' id='word_1_353' title='bbox 1785 3826 1940 3879; x_wconf 81' lang='grc' dir='ltr'>ἐϐού-</span> 
     </span>
    </p>
   </div>
   <div class='ocr_carea' id='block_1_45' title="bbox 257 3904 1940 3988">
    <p class='ocr_par' dir='ltr' id='par_1_45' title="bbox 257 3904 1940 3988">
     <span class='ocr_line' id='line_1_45' title="bbox 257 3904 1940 3988; baseline 0.008 -34"><span class='ocrx_word' id='word_1_354' title='bbox 257 3904 393 3958; x_wconf 80' lang='grc' dir='ltr'>λετο</span> <span class='ocrx_word' id='word_1_355' title='bbox 419 3906 694 3972; x_wconf 84' lang='grc' dir='ltr'>γενέσθαι.</span> <span class='ocrx_word' id='word_1_356' title='bbox 721 3908 834 3973; x_wconf 83' lang='grc' dir='ltr'>Δὸς</span> <span class='ocrx_word' id='word_1_357' title='bbox 863 3909 1088 3976; x_wconf 81' lang='grc' dir='ltr'>αὐτοῖς,</span> <span class='ocrx_word' id='word_1_358' title='bbox 1111 3913 1294 3982; x_wconf 61' lang='grc' dir='ltr'>φησιν,</span> <span class='ocrx_word' id='word_1_359' title='bbox 1325 3911 1423 3965; x_wconf 75' lang='grc' dir='ltr'>ἵνα</span> <span class='ocrx_word' id='word_1_360' title='bbox 1441 3912 1511 3966; x_wconf 77' lang='grc' dir='ltr'>ἓν</span> <span class='ocrx_word' id='word_1_361' title='bbox 1541 3909 1693 3968; x_wconf 79' lang='grc' dir='ltr'>ὦσιν</span> <span class='ocrx_word' id='word_1_362' title='bbox 1716 3932 1729 3944; x_wconf 92' lang='grc'><strong>·</strong></span> <span class='ocrx_word' id='word_1_363' title='bbox 1753 3917 1940 3988; x_wconf 82' lang='grc' dir='ltr'>ἐπειδὴ</span> 
     </span>
    </p>
   </div>
   <div class='ocr_carea' id='block_1_46' title="bbox 259 3990 1943 4070">
    <p class='ocr_par' dir='ltr' id='par_1_46' title="bbox 259 3990 1943 4070">
     <span class='ocr_line' id='line_1_46' title="bbox 259 3990 1943 4070; baseline 0.009 -26"><span class='ocrx_word' id='word_1_364' title='bbox 259 3990 324 4044; x_wconf 84' lang='grc' dir='ltr'>δὲ</span> <span class='ocrx_word' id='word_1_365' title='bbox 347 3991 560 4059; x_wconf 84' lang='grc' dir='ltr'>γίνεται</span> <span class='ocrx_word' id='word_1_366' title='bbox 587 3993 654 4046; x_wconf 86' lang='grc' dir='ltr'>τά</span> <span class='ocrx_word' id='word_1_367' title='bbox 678 3995 968 4061; x_wconf 83' lang='grc' dir='ltr'>σκάνδαλα,</span> <span class='ocrx_word' id='word_1_368' title='bbox 993 3997 1142 4051; x_wconf 79' lang='grc' dir='ltr'>οὐδὲν</span> <span class='ocrx_word' id='word_1_369' title='bbox 1172 3997 1393 4062; x_wconf 87' lang='grc' dir='ltr'>τούτους</span> <span class='ocrx_word' id='word_1_370' title='bbox 1417 3999 1663 4070; x_wconf 79' lang='grc' dir='ltr'>βλάπτει,</span> <span class='ocrx_word' id='word_1_371' title='bbox 1689 4000 1824 4056; x_wconf 84' lang='grc' dir='ltr'>ἀλλὰ</span> <span class='ocrx_word' id='word_1_372' title='bbox 1849 4006 1943 4059; x_wconf 63' lang='grc' dir='ltr'>καὶ⁵</span> 
     </span>
    </p>
   </div>
   <div class='ocr_carea' id='block_1_47' title="bbox 262 4078 1943 4160">
    <p class='ocr_par' dir='ltr' id='par_1_47' title="bbox 262 4078 1943 4160">
     <span class='ocr_line' id='line_1_47' title="bbox 262 4078 1943 4160; baseline 0.008 -29"><span class='ocrx_word' id='word_1_373' title='bbox 262 4078 490 4148; x_wconf 70' lang='grc' dir='ltr'>ὠφελεῖ.</span> <span class='ocrx_word' id='word_1_374' title='bbox 529 4080 739 4153; x_wconf 83' lang='grc' dir='ltr'>’Ὠσπερ</span> <span class='ocrx_word' id='word_1_375' title='bbox 766 4078 858 4135; x_wconf 75' lang='grc' dir='ltr'>οὖν</span> <span class='ocrx_word' id='word_1_376' title='bbox 880 4084 972 4138; x_wconf 78' lang='grc' dir='ltr'>καὶ</span> <span class='ocrx_word' id='word_1_377' title='bbox 1005 4086 1129 4147; x_wconf 71' lang='grc' dir='ltr'>τοὺς</span> <span class='ocrx_word' id='word_1_378' title='bbox 1154 4086 1437 4156; x_wconf 88' lang='grc' dir='ltr'>μάρτυρας</span> <span class='ocrx_word' id='word_1_379' title='bbox 1459 4087 1682 4153; x_wconf 79' lang='grc' dir='ltr'>ἄκοντες</span> <span class='ocrx_word' id='word_1_380' title='bbox 1710 4090 1943 4160; x_wconf 71' lang='grc' dir='ltr'>ὠφελοῦ-</span> 
     </span>
    </p>
   </div>
   <div class='ocr_carea' id='block_1_48' title="bbox 265 4169 1939 4243">
    <p class='ocr_par' dir='ltr' id='par_1_48' title="bbox 265 4169 1939 4243">
     <span class='ocr_line' id='line_1_48' title="bbox 265 4169 1939 4243; baseline 0.008 -23"><span class='ocrx_word' id='word_1_381' title='bbox 265 4185 354 4220; x_wconf 88' lang='grc' dir='ltr'>σιν</span> <span class='ocrx_word' id='word_1_382' title='bbox 386 4169 438 4220; x_wconf 86' lang='grc' dir='ltr'>οἰ</span> <span class='ocrx_word' id='word_1_383' title='bbox 469 4169 563 4220; x_wconf 77' lang='grc' dir='ltr'>ἐπὶ</span> <span class='ocrx_word' id='word_1_384' title='bbox 587 4169 645 4222; x_wconf 88' lang='grc' dir='ltr'>τὸ</span> <span class='ocrx_word' id='word_1_385' title='bbox 675 4170 975 4242; x_wconf 87' lang='grc' dir='ltr'>μαρτύριον</span> <span class='ocrx_word' id='word_1_386' title='bbox 1006 4173 1276 4237; x_wconf 72' lang='grc' dir='ltr'>ἕλκοντες,</span> <span class='ocrx_word' id='word_1_387' title='bbox 1305 4174 1363 4226; x_wconf 90' lang='grc' dir='ltr'>ού</span> <span class='ocrx_word' id='word_1_388' title='bbox 1389 4175 1494 4243; x_wconf 81' lang='grc' dir='ltr'>μὴν</span> <span class='ocrx_word' id='word_1_389' title='bbox 1523 4176 1627 4229; x_wconf 80' lang='grc' dir='ltr'>ὑπὸ</span> <span class='ocrx_word' id='word_1_390' title='bbox 1655 4178 1748 4232; x_wconf 90' lang='grc' dir='ltr'>τοῦ</span> <span class='ocrx_word' id='word_1_391' title='bbox 1806 4180 1939 4234; x_wconf 83' lang='grc' dir='ltr'>Θεοῦ</span> 
     </span>
    </p>
   </div>
   <div class='ocr_carea' id='block_1_49' title="bbox 220 4253 1940 4338">
    <p class='ocr_par' dir='ltr' id='par_1_49' title="bbox 220 4253 1940 4338">
     <span class='ocr_line' id='line_1_49' title="bbox 220 4253 1940 4338; baseline 0.009 -32"><span class='ocrx_word' id='word_1_392' title='bbox 220 4273 238 4287; x_wconf 76' lang='grc' dir='ltr'><strong>ο</strong></span> <span class='ocrx_word' id='word_1_393' title='bbox 262 4253 540 4308; x_wconf 74' lang='grc' dir='ltr'>ὠθοῦνται</span> <span class='ocrx_word' id='word_1_394' title='bbox 575 4256 712 4327; x_wconf 83' lang='grc' dir='ltr'>πρὸς</span> <span class='ocrx_word' id='word_1_395' title='bbox 737 4258 894 4312; x_wconf 90' lang='grc' dir='ltr'>τοῦτο</span> <span class='ocrx_word' id='word_1_396' title='bbox 916 4277 928 4290; x_wconf 91' lang='grc'><strong>·</strong></span> <span class='ocrx_word' id='word_1_397' title='bbox 963 4258 1102 4312; x_wconf 75' lang='grc' dir='ltr'>οὕτω</span> <span class='ocrx_word' id='word_1_398' title='bbox 1134 4259 1197 4330; x_wconf 87' lang='grc' dir='ltr'>δὴ</span> <span class='ocrx_word' id='word_1_399' title='bbox 1228 4262 1321 4313; x_wconf 69' lang='grc' dir='ltr'>καὶ</span> <span class='ocrx_word' id='word_1_400' title='bbox 1346 4259 1597 4328; x_wconf 81' lang='grc' dir='ltr'>ἐνταῦθα,</span> <span class='ocrx_word' id='word_1_401' title='bbox 1637 4265 1710 4335; x_wconf 77' lang='grc' dir='ltr'>μὴ</span> <span class='ocrx_word' id='word_1_402' title='bbox 1744 4265 1940 4338; x_wconf 78' lang='grc' dir='ltr'>ἴδωμεν</span> 
     </span>
    </p>
   </div>
   <div class='ocr_carea' id='block_1_50' title="bbox 263 4343 1941 4420">
    <p class='ocr_par' dir='ltr' id='par_1_50' title="bbox 263 4343 1941 4420">
     <span class='ocr_line' id='line_1_50' title="bbox 263 4343 1941 4420; baseline 0.007 -24"><span class='ocrx_word' id='word_1_403' title='bbox 263 4343 350 4396; x_wconf 78' lang='grc' dir='ltr'>ὅτι</span> <span class='ocrx_word' id='word_1_404' title='bbox 374 4343 838 4408; x_wconf 78' lang='grc' dir='ltr'>σκανδαλίζονται.</span> <span class='ocrx_word' id='word_1_405' title='bbox 869 4347 1038 4400; x_wconf 88' lang='grc' dir='ltr'>Τοῦτο</span> <span class='ocrx_word' id='word_1_406' title='bbox 1061 4347 1190 4401; x_wconf 71' lang='grc' dir='ltr'>αὐτὸ</span> <span class='ocrx_word' id='word_1_407' title='bbox 1218 4349 1515 4420; x_wconf 86' lang='grc' dir='ltr'>τεκμήριον</span> <span class='ocrx_word' id='word_1_408' title='bbox 1534 4353 1628 4405; x_wconf 90' lang='grc' dir='ltr'>τοῦ</span> <span class='ocrx_word' id='word_1_409' title='bbox 1656 4353 1941 4409; x_wconf 85' lang='grc' dir='ltr'>σπουδαῖον</span> 
     </span>
    </p>
   </div>
   <div class='ocr_carea' id='block_1_51' title="bbox 263 4425 1936 4512">
    <p class='ocr_par' dir='ltr' id='par_1_51' title="bbox 263 4425 1936 4512">
     <span class='ocr_line' id='line_1_51' title="bbox 263 4425 1936 4512; baseline 0.01 -30"><span class='ocrx_word' id='word_1_410' title='bbox 263 4425 414 4484; x_wconf 82' lang='grc' dir='ltr'>εἶναι</span> <span class='ocrx_word' id='word_1_411' title='bbox 441 4432 504 4484; x_wconf 85' lang='grc' dir='ltr'>τὸ</span> <span class='ocrx_word' id='word_1_412' title='bbox 539 4431 736 4501; x_wconf 85' lang='grc' dir='ltr'>δόγμα,</span> <span class='ocrx_word' id='word_1_413' title='bbox 764 4435 826 4488; x_wconf 80' lang='grc' dir='ltr'>τὸ</span> <span class='ocrx_word' id='word_1_414' title='bbox 851 4430 1077 4497; x_wconf 82' lang='grc' dir='ltr'>πολλοὺς</span> <span class='ocrx_word' id='word_1_415' title='bbox 1096 4437 1480 4504; x_wconf 82' lang='grc' dir='ltr'>ὑποκρίνεσθαι</span> <span class='ocrx_word' id='word_1_416' title='bbox 1515 4441 1606 4493; x_wconf 75' lang='grc' dir='ltr'>καὶ</span> <span class='ocrx_word' id='word_1_417' title='bbox 1633 4445 1936 4512; x_wconf 77' lang='grc' dir='ltr'>μιμεῖσθαι’</span> 
     </span>
    </p>
   </div>
   <div class='ocr_carea' id='block_1_52' title="bbox 264 4519 1938 4596">
    <p class='ocr_par' dir='ltr' id='par_1_52' title="bbox 264 4519 1938 4596">
     <span class='ocr_line' id='line_1_52' title="bbox 264 4519 1938 4596; baseline 0.01 -24"><span class='ocrx_word' id='word_1_418' title='bbox 264 4520 327 4572; x_wconf 76' lang='grc' dir='ltr'>οὐ</span> <span class='ocrx_word' id='word_1_419' title='bbox 368 4519 482 4591; x_wconf 76' lang='grc' dir='ltr'>γὰρ</span> <span class='ocrx_word' id='word_1_420' title='bbox 511 4519 598 4581; x_wconf 81' lang='grc' dir='ltr'>ἂν,</span> <span class='ocrx_word' id='word_1_421' title='bbox 628 4523 675 4573; x_wconf 89' lang='grc' dir='ltr'>εἰ</span> <span class='ocrx_word' id='word_1_422' title='bbox 719 4523 793 4593; x_wconf 81' lang='grc' dir='ltr'>μὴ</span> <span class='ocrx_word' id='word_1_423' title='bbox 837 4521 1000 4576; x_wconf 80' lang='grc' dir='ltr'>καλὸν</span> <span class='ocrx_word' id='word_1_424' title='bbox 1034 4519 1124 4594; x_wconf 84' lang='grc' dir='ltr'>ἦν,</span> <span class='ocrx_word' id='word_1_425' title='bbox 1176 4524 1525 4596; x_wconf 86' lang='grc' dir='ltr'>ὑπεκρίνοντο</span> <span class='ocrx_word' id='word_1_426' title='bbox 1553 4530 1580 4568; x_wconf 76' lang='grc' dir='ltr'>ι)</span> <span class='ocrx_word' id='word_1_427' title='bbox 1603 4569 1616 4583; x_wconf 93' lang='grc'>.</span> <span class='ocrx_word' id='word_1_428' title='bbox 1646 4531 1755 4586; x_wconf 79' lang='grc' dir='ltr'>Καὶ</span> <span class='ocrx_word' id='word_1_429' title='bbox 1776 4532 1938 4587; x_wconf 85' lang='grc' dir='ltr'>τοῦτο</span> 
     </span>
    </p>
   </div>
   <div class='ocr_carea' id='block_1_53' title="bbox 267 4607 1060 4681">
    <p class='ocr_par' dir='ltr' id='par_1_53' title="bbox 267 4607 1060 4681">
     <span class='ocr_line' id='line_1_53' title="bbox 267 4607 1060 4681; baseline 0.006 -23"><span class='ocrx_word' id='word_1_430' title='bbox 267 4607 374 4677; x_wconf 65' lang='grc' dir='ltr'>ἤδη</span> <span class='ocrx_word' id='word_1_431' title='bbox 419 4609 632 4678; x_wconf 81' lang='grc' dir='ltr'>ποιήσω</span> <span class='ocrx_word' id='word_1_432' title='bbox 655 4607 782 4679; x_wconf 88' lang='grc' dir='ltr'>ύμῖν</span> <span class='ocrx_word' id='word_1_433' title='bbox 811 4609 1060 4681; x_wconf 83' lang='grc' dir='ltr'>φανερόν.</span> 
     </span>
    </p>
   </div>
   <div class='ocr_carea' id='block_1_54' title="bbox 337 4696 1936 4776">
    <p class='ocr_par' dir='ltr' id='par_1_54' title="bbox 337 4696 1936 4776">
     <span class='ocr_line' id='line_1_54' title="bbox 337 4696 1936 4776; baseline 0.009 -28"><span class='ocrx_word' id='word_1_434' title='bbox 337 4696 405 4750; x_wconf 83' lang='grc' dir='ltr'>δ’.</span> <span class='ocrx_word' id='word_1_435' title='bbox 425 4696 506 4748; x_wconf 82' lang='grc' dir='ltr'>Τά</span> <span class='ocrx_word' id='word_1_436' title='bbox 530 4696 678 4768; x_wconf 89' lang='grc' dir='ltr'>μύρα</span> <span class='ocrx_word' id='word_1_437' title='bbox 703 4699 772 4752; x_wconf 87' lang='grc' dir='ltr'>τά</span> <span class='ocrx_word' id='word_1_438' title='bbox 793 4699 964 4770; x_wconf 81' lang='grc' dir='ltr'>εὐώδη</span> <span class='ocrx_word' id='word_1_439' title='bbox 981 4701 1154 4754; x_wconf 89' lang='grc' dir='ltr'>ταῦτα</span> <span class='ocrx_word' id='word_1_440' title='bbox 1176 4701 1287 4771; x_wconf 81' lang='grc' dir='ltr'>ἔχει</span> <span class='ocrx_word' id='word_1_441' title='bbox 1302 4704 1429 4767; x_wconf 82' lang='grc' dir='ltr'>τοὺς</span> <span class='ocrx_word' id='word_1_442' title='bbox 1446 4705 1758 4771; x_wconf 85' lang='grc' dir='ltr'>νοθεύοντας</span> <span class='ocrx_word' id='word_1_443' title='bbox 1777 4711 1936 4776; x_wconf 73' lang='grc' dir='ltr'>αὐτὰ,</span> 
     </span>
    </p>
   </div>
   <div class='ocr_carea' id='block_1_55' title="bbox 263 4779 1934 4861">
    <p class='ocr_par' dir='ltr' id='par_1_55' title="bbox 263 4779 1934 4861">
     <span class='ocr_line' id='line_1_55' title="bbox 263 4779 1934 4861; baseline 0.01 -26"><span class='ocrx_word' id='word_1_444' title='bbox 263 4779 384 4836; x_wconf 77' lang='grc' dir='ltr'>οἷον</span> <span class='ocrx_word' id='word_1_445' title='bbox 431 4783 628 4851; x_wconf 77' lang='grc' dir='ltr'>φύλλον</span> <span class='ocrx_word' id='word_1_446' title='bbox 662 4784 910 4856; x_wconf 77' lang='grc' dir='ltr'>ἄμωμον.</span> <span class='ocrx_word' id='word_1_447' title='bbox 935 4787 1155 4859; x_wconf 84' lang='grc' dir='ltr'>Ἐπειδὴ</span> <span class='ocrx_word' id='word_1_448' title='bbox 1184 4789 1292 4861; x_wconf 87' lang='grc' dir='ltr'>γὰρ</span> <span class='ocrx_word' id='word_1_449' title='bbox 1318 4793 1520 4846; x_wconf 86' lang='grc' dir='ltr'>σπάνιά</span> <span class='ocrx_word' id='word_1_450' title='bbox 1562 4795 1676 4847; x_wconf 87' lang='grc' dir='ltr'>ἐστι</span> <span class='ocrx_word' id='word_1_451' title='bbox 1705 4797 1798 4849; x_wconf 77' lang='grc' dir='ltr'>καὶ</span> <span class='ocrx_word' id='word_1_452' title='bbox 1842 4799 1934 4850; x_wconf 81' lang='grc' dir='ltr'>άν-</span> 
     </span>
    </p>
   </div>
   <div class='ocr_carea' id='block_1_56' title="bbox 266 4871 1940 4943">
    <p class='ocr_par' dir='ltr' id='par_1_56' title="bbox 266 4871 1940 4943">
     <span class='ocr_line' id='line_1_56' title="bbox 266 4871 1940 4943; baseline 0.008 -19"><span class='ocrx_word' id='word_1_453' title='bbox 266 4872 502 4937; x_wconf 86' lang='grc' dir='ltr'>αγκαῖα,</span> <span class='ocrx_word' id='word_1_454' title='bbox 527 4871 695 4924; x_wconf 78' lang='grc' dir='ltr'>πολλὰ</span> <span class='ocrx_word' id='word_1_455' title='bbox 726 4874 819 4925; x_wconf 77' lang='grc' dir='ltr'>καὶ</span> <span class='ocrx_word' id='word_1_456' title='bbox 866 4873 995 4926; x_wconf 80' lang='grc' dir='ltr'>νόθα</span> <span class='ocrx_word' id='word_1_457' title='bbox 1031 4875 1259 4943; x_wconf 89' lang='grc' dir='ltr'>γίνεται.</span> <span class='ocrx_word' id='word_1_458' title='bbox 1294 4877 1482 4942; x_wconf 73' lang='grc' dir='ltr'>Οὐδεὶς</span> <span class='ocrx_word' id='word_1_459' title='bbox 1531 4875 1623 4932; x_wconf 79' lang='grc' dir='ltr'>οὖν</span> <span class='ocrx_word' id='word_1_460' title='bbox 1661 4881 1726 4934; x_wconf 84' lang='grc' dir='ltr'>ἂν</span> <span class='ocrx_word' id='word_1_461' title='bbox 1768 4883 1940 4939; x_wconf 82' lang='grc' dir='ltr'>ἐλοιτο</span> 
     </span>
    </p>
   </div>
   <div class='ocr_carea' id='block_1_57' title="bbox 267 4958 1941 5035">
    <p class='ocr_par' dir='ltr' id='par_1_57' title="bbox 267 4958 1941 5035">
     <span class='ocr_line' id='line_1_57' title="bbox 267 4958 1941 5035; baseline 0.01 -27"><span class='ocrx_word' id='word_1_462' title='bbox 267 4958 402 5014; x_wconf 69' lang='grc' dir='ltr'>ἀλλο</span> <span class='ocrx_word' id='word_1_463' title='bbox 466 4975 521 5010; x_wconf 88' lang='grc' dir='ltr'>τι</span> <span class='ocrx_word' id='word_1_464' title='bbox 589 4958 697 5011; x_wconf 89' lang='grc' dir='ltr'>τῶν</span> <span class='ocrx_word' id='word_1_465' title='bbox 741 4959 972 5013; x_wconf 80' lang='grc' dir='ltr'>εὐτελῶν</span> <span class='ocrx_word' id='word_1_466' title='bbox 1029 4960 1299 5018; x_wconf 85' lang='grc' dir='ltr'>νοθεῦσαι.</span> <span class='ocrx_word' id='word_1_467' title='bbox 1391 4964 1448 5018; x_wconf 85' lang='grc' dir='ltr'>ὐ</span> <span class='ocrx_word' id='word_1_468' title='bbox 1505 4965 1620 5035; x_wconf 86' lang='grc' dir='ltr'>βίος</span> <span class='ocrx_word' id='word_1_469' title='bbox 1673 4971 1701 5022; x_wconf 92' lang='lat'>6</span> <span class='ocrx_word' id='word_1_470' title='bbox 1774 4971 1941 5026; x_wconf 86' lang='grc' dir='ltr'>καθα-</span> 
     </span>
    </p>
   </div>
   <div class='ocr_carea' id='block_1_58' title="bbox 271 5044 1941 5118">
    <p class='ocr_par' dir='ltr' id='par_1_58' title="bbox 271 5044 1941 5118">
     <span class='ocr_line' id='line_1_58' title="bbox 271 5044 1941 5118; baseline 0.013 -26"><span class='ocrx_word' id='word_1_471' title='bbox 271 5045 367 5116; x_wconf 71' lang='grc' dir='ltr'>ρὸς</span> <span class='ocrx_word' id='word_1_472' title='bbox 417 5044 652 5108; x_wconf 75' lang='grc' dir='ltr'>πολλοὺς</span> <span class='ocrx_word' id='word_1_473' title='bbox 678 5045 792 5116; x_wconf 82' lang='grc' dir='ltr'>ἔχει</span> <span class='ocrx_word' id='word_1_474' title='bbox 851 5051 977 5112; x_wconf 76' lang='grc' dir='ltr'>τοὺς</span> <span class='ocrx_word' id='word_1_475' title='bbox 1005 5049 1325 5114; x_wconf 86' lang='grc' dir='ltr'>νοθεύοντας</span> <span class='ocrx_word' id='word_1_476' title='bbox 1350 5067 1363 5082; x_wconf 90' lang='grc'><strong>·</strong></span> <span class='ocrx_word' id='word_1_477' title='bbox 1396 5053 1567 5118; x_wconf 77' lang='grc' dir='ltr'>οὐδεὶς</span> <span class='ocrx_word' id='word_1_478' title='bbox 1597 5053 1653 5106; x_wconf 78' lang='grc' dir='ltr'>δὲ</span> <span class='ocrx_word' id='word_1_479' title='bbox 1679 5055 1744 5109; x_wconf 85' lang='grc' dir='ltr'>ἂν</span> <span class='ocrx_word' id='word_1_480' title='bbox 1769 5057 1941 5113; x_wconf 78' lang='grc' dir='ltr'>ἕλοιτο</span> 
     </span>
    </p>
   </div>
   <div class='ocr_carea' id='block_1_59' title="bbox 267 5131 1940 5216">
    <p class='ocr_par' dir='ltr' id='par_1_59' title="bbox 267 5131 1940 5216">
     <span class='ocr_line' id='line_1_59' title="bbox 267 5131 1940 5216; baseline 0.008 -32"><span class='ocrx_word' id='word_1_481' title='bbox 267 5131 663 5216; x_wconf 82' lang='grc' dir='ltr'>ὑποκρίνεσθαι</span> <span class='ocrx_word' id='word_1_482' title='bbox 691 5132 784 5184; x_wconf 80' lang='grc' dir='ltr'>τὸν</span> <span class='ocrx_word' id='word_1_483' title='bbox 810 5132 867 5186; x_wconf 85' lang='grc' dir='ltr'>ἐν</span> <span class='ocrx_word' id='word_1_484' title='bbox 896 5133 1214 5206; x_wconf 81' lang='grc' dir='ltr'>φαυλότητι,</span> <span class='ocrx_word' id='word_1_485' title='bbox 1255 5136 1392 5190; x_wconf 81' lang='grc' dir='ltr'>ἀλλὰ</span> <span class='ocrx_word' id='word_1_486' title='bbox 1430 5139 1522 5190; x_wconf 73' lang='grc' dir='ltr'>τὸν</span> <span class='ocrx_word' id='word_1_487' title='bbox 1561 5141 1617 5193; x_wconf 87' lang='grc' dir='ltr'>ἐν</span> <span class='ocrx_word' id='word_1_488' title='bbox 1670 5145 1940 5216; x_wconf 82' lang='grc' dir='ltr'>μοναδικῷ</span> 
     </span>
    </p>
   </div>
   <div class='ocr_carea' id='block_1_60' title="bbox 269 5215 1939 5304">
    <p class='ocr_par' dir='ltr' id='par_1_60' title="bbox 269 5215 1939 5304">
     <span class='ocr_line' id='line_1_60' title="bbox 269 5215 1939 5304; baseline 0.009 -32"><span class='ocrx_word' id='word_1_489' title='bbox 269 5219 391 5290; x_wconf 83' lang='grc' dir='ltr'>βίῳ.</span> <span class='ocrx_word' id='word_1_490' title='bbox 424 5220 491 5272; x_wconf 87' lang='grc' dir='ltr'>Τί</span> <span class='ocrx_word' id='word_1_491' title='bbox 512 5215 606 5274; x_wconf 78' lang='grc' dir='ltr'>οὖν</span> <span class='ocrx_word' id='word_1_492' title='bbox 636 5220 700 5274; x_wconf 85' lang='grc' dir='ltr'>ἃν</span> <span class='ocrx_word' id='word_1_493' title='bbox 725 5222 972 5291; x_wconf 77' lang='grc' dir='ltr'>εἴποιμεν</span> <span class='ocrx_word' id='word_1_494' title='bbox 1007 5225 1142 5294; x_wconf 77' lang='grc' dir='ltr'>πρὸς</span> <span class='ocrx_word' id='word_1_495' title='bbox 1177 5225 1302 5288; x_wconf 78' lang='grc' dir='ltr'>τοῦς</span> <span class='ocrx_word' id='word_1_496' title='bbox 1341 5225 1638 5296; x_wconf 81' lang='grc' dir='ltr'>Ἕλληνας;</span> <span class='ocrx_word' id='word_1_497' title='bbox 1681 5215 1939 5304; x_wconf 87' lang='grc' dir='ltr'>Ἔρχεται</span> 
     </span>
    </p>
   </div>
   <div class='ocr_carea' id='block_1_61' title="bbox 269 5309 1936 5389">
    <p class='ocr_par' dir='ltr' id='par_1_61' title="bbox 269 5309 1936 5389">
     <span class='ocr_line' id='line_1_61' title="bbox 269 5309 1936 5389; baseline 0.007 -26"><span class='ocrx_word' id='word_1_498' title='bbox 269 5309 474 5378; x_wconf 79' lang='grc' dir='ltr'>Ἕλλην</span> <span class='ocrx_word' id='word_1_499' title='bbox 509 5312 604 5362; x_wconf 68' lang='grc' dir='ltr'>καὶ</span> <span class='ocrx_word' id='word_1_500' title='bbox 641 5309 807 5379; x_wconf 86' lang='grc' dir='ltr'>λέγει,</span> <span class='ocrx_word' id='word_1_501' title='bbox 864 5313 946 5364; x_wconf 86' lang='grc' dir='ltr'>ὄτι</span> <span class='ocrx_word' id='word_1_502' title='bbox 990 5311 1255 5384; x_wconf 71' lang='grc' dir='ltr'>Βούλομαι</span> <span class='ocrx_word' id='word_1_503' title='bbox 1299 5314 1551 5382; x_wconf 87' lang='grc' dir='ltr'>γενέσθαι</span> <span class='ocrx_word' id='word_1_504' title='bbox 1594 5318 1936 5389; x_wconf 84' lang='grc' dir='ltr'>Χριστιανὸς,</span> 
     </span>
    </p>
   </div>
   <div class='ocr_carea' id='block_1_62' title="bbox 267 5391 1940 5480">
    <p class='ocr_par' dir='ltr' id='par_1_62' title="bbox 267 5391 1940 5480">
     <span class='ocr_line' id='line_1_62' title="bbox 267 5391 1940 5480; baseline 0.008 -33"><span class='ocrx_word' id='word_1_505' title='bbox 267 5396 510 5449; x_wconf 87' lang='grc' dir='ltr'>άλλόύκ</span> <span class='ocrx_word' id='word_1_506' title='bbox 544 5391 665 5450; x_wconf 84' lang='grc' dir='ltr'>οἶδα</span> <span class='ocrx_word' id='word_1_507' title='bbox 695 5397 801 5450; x_wconf 86' lang='grc' dir='ltr'>τίνι</span> <span class='ocrx_word' id='word_1_508' title='bbox 832 5398 1157 5468; x_wconf 87' lang='grc' dir='ltr'>προσθῶμαι</span> <span class='ocrx_word' id='word_1_509' title='bbox 1181 5421 1197 5435; x_wconf 77' lang='grc' dir='ltr'><strong>ο</strong></span> <span class='ocrx_word' id='word_1_510' title='bbox 1246 5402 1391 5471; x_wconf 83' lang='grc' dir='ltr'>μάχη</span> <span class='ocrx_word' id='word_1_511' title='bbox 1428 5402 1558 5473; x_wconf 87' lang='grc' dir='ltr'>παρ’</span> <span class='ocrx_word' id='word_1_512' title='bbox 1601 5405 1728 5476; x_wconf 87' lang='grc' dir='ltr'>ὑμῖν</span> <span class='ocrx_word' id='word_1_513' title='bbox 1773 5409 1940 5480; x_wconf 81' lang='grc' dir='ltr'>πολλὴ</span> 
     </span>
    </p>
   </div>
   <div class='ocr_carea' id='block_1_63' title="bbox 267 5485 1940 5566">
    <p class='ocr_par' dir='ltr' id='par_1_63' title="bbox 267 5485 1940 5566">
     <span class='ocr_line' id='line_1_63' title="bbox 267 5485 1940 5566; baseline 0.008 -28"><span class='ocrx_word' id='word_1_514' title='bbox 267 5486 370 5539; x_wconf 82' lang='grc' dir='ltr'>καὶ</span> <span class='ocrx_word' id='word_1_515' title='bbox 423 5485 636 5548; x_wconf 82' lang='grc' dir='ltr'>στάσις,</span> <span class='ocrx_word' id='word_1_516' title='bbox 694 5487 859 5549; x_wconf 78' lang='grc' dir='ltr'>πολὺς</span> <span class='ocrx_word' id='word_1_517' title='bbox 909 5487 1172 5558; x_wconf 87' lang='grc' dir='ltr'>θόρυϐος·</span> <span class='ocrx_word' id='word_1_518' title='bbox 1228 5492 1376 5543; x_wconf 85' lang='grc' dir='ltr'>ποῖον</span> <span class='ocrx_word' id='word_1_519' title='bbox 1407 5491 1613 5562; x_wconf 79' lang='grc' dir='ltr'>ἕλωμαι</span> <span class='ocrx_word' id='word_1_520' title='bbox 1643 5494 1854 5566; x_wconf 89' lang='grc' dir='ltr'>δόγμα;</span> <span class='ocrx_word' id='word_1_521' title='bbox 1889 5500 1940 5552; x_wconf 89' lang='grc' dir='ltr'>τί</span> 
     </span>
    </p>
   </div>
   <div class='ocr_carea' id='block_1_64' title="bbox 267 5574 1940 5652">
    <p class='ocr_par' dir='ltr' id='par_1_64' title="bbox 267 5574 1940 5652">
     <span class='ocr_line' id='line_1_64' title="bbox 267 5574 1940 5652; baseline 0.009 -28"><span class='ocrx_word' id='word_1_522' title='bbox 267 5574 614 5646; x_wconf 84' lang='grc' dir='ltr'>αἱρήσομαι;</span> <span class='ocrx_word' id='word_1_523' title='bbox 673 5575 938 5639; x_wconf 84' lang='grc' dir='ltr'>Ἕκαστος</span> <span class='ocrx_word' id='word_1_524' title='bbox 998 5575 1166 5644; x_wconf 87' lang='grc' dir='ltr'>λέγει,</span> <span class='ocrx_word' id='word_1_525' title='bbox 1221 5577 1302 5632; x_wconf 85' lang='grc' dir='ltr'>ὅτι</span> <span class='ocrx_word' id='word_1_526' title='bbox 1340 5579 1478 5647; x_wconf 82' lang='grc' dir='ltr'>Ἐγὼ</span> <span class='ocrx_word' id='word_1_527' title='bbox 1519 5581 1791 5652; x_wconf 85' lang='grc' dir='ltr'>ἀληθεύω.</span> <span class='ocrx_word' id='word_1_528' title='bbox 1823 5587 1940 5639; x_wconf 86' lang='grc' dir='ltr'>Τίνι</span> 
     </span>
    </p>
   </div>
   <div class='ocr_carea' id='block_1_65' title="bbox 270 5659 1942 5737">
    <p class='ocr_par' dir='ltr' id='par_1_65' title="bbox 270 5659 1942 5737">
     <span class='ocr_line' id='line_1_65' title="bbox 270 5659 1942 5737; baseline 0.01 -26"><span class='ocrx_word' id='word_1_529' title='bbox 270 5659 503 5722; x_wconf 83' lang='grc' dir='ltr'>πεισθῶ,</span> <span class='ocrx_word' id='word_1_530' title='bbox 535 5660 697 5730; x_wconf 81' lang='grc' dir='ltr'>μηδὲν</span> <span class='ocrx_word' id='word_1_531' title='bbox 719 5663 856 5726; x_wconf 79' lang='grc' dir='ltr'>ὅλως</span> <span class='ocrx_word' id='word_1_532' title='bbox 885 5661 1039 5727; x_wconf 86' lang='grc' dir='ltr'>εἰδὼς</span> <span class='ocrx_word' id='word_1_533' title='bbox 1071 5665 1128 5717; x_wconf 82' lang='grc' dir='ltr'>ἐν</span> <span class='ocrx_word' id='word_1_534' title='bbox 1156 5667 1276 5727; x_wconf 88' lang='grc' dir='ltr'>ταῖς</span> <span class='ocrx_word' id='word_1_535' title='bbox 1295 5665 1568 5737; x_wconf 82' lang='grc' dir='ltr'>Γραφαῖς;</span> <span class='ocrx_word' id='word_1_536' title='bbox 1596 5671 1852 5727; x_wconf 87' lang='grc' dir='ltr'>Κάκεῖνοι</span> <span class='ocrx_word' id='word_1_537' title='bbox 1881 5675 1942 5727; x_wconf 83' lang='grc' dir='ltr'>τὸ</span> 
     </span>
    </p>
   </div>
   <div class='ocr_carea' id='block_1_66' title="bbox 271 5747 1942 5831">
    <p class='ocr_par' dir='ltr' id='par_1_66' title="bbox 271 5747 1942 5831">
     <span class='ocr_line' id='line_1_66' title="bbox 271 5747 1942 5831; baseline 0.008 -30"><span class='ocrx_word' id='word_1_538' title='bbox 271 5747 407 5801; x_wconf 78' lang='grc' dir='ltr'>αὐτὸ</span> <span class='ocrx_word' id='word_1_539' title='bbox 429 5747 844 5818; x_wconf 82' lang='grc' dir='ltr'>προϐάλλονται.</span> <span class='ocrx_word' id='word_1_540' title='bbox 875 5751 1021 5804; x_wconf 86' lang='grc' dir='ltr'>Πάνυ</span> <span class='ocrx_word' id='word_1_541' title='bbox 1041 5767 1105 5820; x_wconf 84' lang='grc' dir='ltr'>γε</span> <span class='ocrx_word' id='word_1_542' title='bbox 1141 5762 1164 5791; x_wconf 76' lang='grc' dir='ltr'><strong>ο</strong></span> <span class='ocrx_word' id='word_1_543' title='bbox 1191 5751 1350 5806; x_wconf 87' lang='grc' dir='ltr'>τοῦτο</span> <span class='ocrx_word' id='word_1_544' title='bbox 1381 5753 1520 5826; x_wconf 83' lang='grc' dir='ltr'>ὑπὲρ</span> <span class='ocrx_word' id='word_1_545' title='bbox 1541 5757 1719 5827; x_wconf 83' lang='grc' dir='ltr'>ἡμῶν.</span> <span class='ocrx_word' id='word_1_546' title='bbox 1738 5759 1802 5812; x_wconf 86' lang='grc' dir='ltr'>Εἰ</span> <span class='ocrx_word' id='word_1_547' title='bbox 1843 5759 1942 5831; x_wconf 81' lang='grc' dir='ltr'>μὲν</span> 
     </span>
    </p>
   </div>
   <div class='ocr_carea' id='block_1_67' title="bbox 339 5861 1936 5936">
    <p class='ocr_par' dir='ltr' id='par_1_67' title="bbox 339 5861 1936 5936">
     <span class='ocr_line' id='line_1_67' title="bbox 339 5861 1936 5936; baseline 0.011 -28"><span class='ocrx_word' id='word_1_548' title='bbox 564 5865 826 5936; x_wconf 69' lang='grc' dir='ltr'>κοινωνίας.</span> <span class='ocrx_word' id='word_1_549' title='bbox 869 5864 1097 5936; x_wconf 55' lang='grc' dir='ltr'>⁹Ιξνταῦθα</span> <span class='ocrx_word' id='word_1_550' title='bbox 1117 5868 1259 5936; x_wconf 76' lang='grc' dir='ltr'>λέγει.</span> <span class='ocrx_word' id='word_1_551' title='bbox 1323 5867 1354 5908; x_wconf 69' lang='grc' dir='ltr'>δ</span> <span class='ocrx_word' id='word_1_552' title='bbox 1377 5867 1548 5920; x_wconf 81' lang='lat' dir='ltr'>Morel.</span> <span class='ocrx_word' id='word_1_553' title='bbox 1591 5872 1936 5936; x_wconf 80' lang='grc' dir='ltr'>ὑποκρίνονται.</span> 
     </span>
    </p>
   </div>
   <div class='ocr_carea' id='block_1_68' title="bbox 277 5923 1291 5990">
    <p class='ocr_par' dir='ltr' id='par_1_68' title="bbox 277 5923 1291 5990">
     <span class='ocr_line' id='line_1_68' title="bbox 277 5923 1291 5990; baseline 0.005 -17"><span class='ocrx_word' id='word_1_554' title='bbox 277 5925 301 5952; x_wconf 71' lang='grc'><strong>⁸</strong></span> <span class='ocrx_word' id='word_1_555' title='bbox 338 5923 458 5986; x_wconf 77' lang='lat' dir='ltr'>Alii,</span> <span class='ocrx_word' id='word_1_556' title='bbox 488 5925 847 5986; x_wconf 75' lang='grc' dir='ltr'>προὸάλλονται.</span> <span class='ocrx_word' id='word_1_557' title='bbox 891 5928 946 5978; x_wconf 86' lang='grc' dir='ltr'>Τί</span> <span class='ocrx_word' id='word_1_558' title='bbox 971 5927 1079 5988; x_wconf 83' lang='grc' dir='ltr'>οὖν;</span> <span class='ocrx_word' id='word_1_559' title='bbox 1098 5923 1291 5990; x_wconf 75' lang='grc' dir='ltr'>πάνυγε.</span> 
     </span>
    </p>
   </div>
   <div class='ocr_carea' id='block_1_69' title="bbox 2067 573 3725 647">
    <p class='ocr_par' dir='ltr' id='par_1_69' title="bbox 2067 573 3725 647">
     <span class='ocr_line' id='line_1_69' title="bbox 2067 573 3725 647; baseline 0.005 -21"><span class='ocrx_word' id='word_1_560' title='bbox 2067 575 2160 627; x_wconf 80' lang='grc' dir='ltr'>καὶ</span> <span class='ocrx_word' id='word_1_561' title='bbox 2188 575 2427 644; x_wconf 82' lang='grc' dir='ltr'>ἀληθεῖς,</span> <span class='ocrx_word' id='word_1_562' title='bbox 2462 573 2682 628; x_wconf 81' lang='grc' dir='ltr'>εὔκολόν</span> <span class='ocrx_word' id='word_1_563' title='bbox 2709 593 2789 629; x_wconf 91' lang='grc' dir='ltr'>σοι</span> <span class='ocrx_word' id='word_1_564' title='bbox 2812 576 2872 629; x_wconf 80' lang='grc' dir='ltr'>τὸ</span> <span class='ocrx_word' id='word_1_565' title='bbox 2897 577 3233 647; x_wconf 77' lang='grc' dir='ltr'>κρινόμενον.</span> <span class='ocrx_word' id='word_1_566' title='bbox 3289 580 3357 632; x_wconf 80' lang='lat' dir='ltr'>EI’</span> <span class='ocrx_word' id='word_1_567' title='bbox 3382 597 3464 642; x_wconf 87' lang='grc' dir='ltr'>τις</span> <span class='ocrx_word' id='word_1_568' title='bbox 3493 581 3725 646; x_wconf 82' lang='grc' dir='ltr'>ἐκείναις</span> 
     </span>
    </p>
   </div>
   <div class='ocr_carea' id='block_1_70' title="bbox 2065 657 3726 736">
    <p class='ocr_par' dir='ltr' id='par_1_70' title="bbox 2065 657 3726 736">
     <span class='ocr_line' id='line_1_70' title="bbox 2065 657 3726 736; baseline 0.005 -24"><span class='ocrx_word' id='word_1_569' title='bbox 2065 665 2362 730; x_wconf 76' lang='grc' dir='ltr'>συμφωνεῖ,</span> <span class='ocrx_word' id='word_1_570' title='bbox 2417 657 2568 726; x_wconf 77' lang='grc' dir='ltr'>οὗτος</span> <span class='ocrx_word' id='word_1_571' title='bbox 2614 664 2932 732; x_wconf 86' lang='grc' dir='ltr'>Χριστιανός</span> <span class='ocrx_word' id='word_1_572' title='bbox 2966 680 2979 694; x_wconf 76' lang='grc' dir='ltr'><strong>ο</strong></span> <span class='ocrx_word' id='word_1_573' title='bbox 3031 665 3085 716; x_wconf 88' lang='grc' dir='ltr'>εῐ</span> <span class='ocrx_word' id='word_1_574' title='bbox 3121 681 3206 728; x_wconf 89' lang='grc' dir='ltr'>τις</span> <span class='ocrx_word' id='word_1_575' title='bbox 3251 665 3514 736; x_wconf 85' lang='grc' dir='ltr'>μάχεται,</span> <span class='ocrx_word' id='word_1_576' title='bbox 3573 664 3726 732; x_wconf 73' lang='grc' dir='ltr'>οὗτος</span> 
     </span>
    </p>
   </div>
   <div class='ocr_carea' id='block_1_71' title="bbox 2063 746 3722 826">
    <p class='ocr_par' dir='ltr' id='par_1_71' title="bbox 2063 746 3722 826">
     <span class='ocr_line' id='line_1_71' title="bbox 2063 746 3722 826; baseline 0.005 -26"><span class='ocrx_word' id='word_1_577' title='bbox 2063 749 2249 818; x_wconf 77' lang='grc' dir='ltr'>πόρῤω</span> <span class='ocrx_word' id='word_1_578' title='bbox 2271 748 2360 801; x_wconf 90' lang='grc' dir='ltr'>τοῦ</span> <span class='ocrx_word' id='word_1_579' title='bbox 2380 749 2596 811; x_wconf 89' lang='grc' dir='ltr'>κανόνος</span> <span class='ocrx_word' id='word_1_580' title='bbox 2609 749 2888 803; x_wconf 88' lang='grc' dir='ltr'>τούτου.Τί</span> <span class='ocrx_word' id='word_1_581' title='bbox 2911 746 3025 813; x_wconf 78' lang='grc' dir='ltr'>οὖν,</span> <span class='ocrx_word' id='word_1_582' title='bbox 3059 751 3124 805; x_wconf 84' lang='grc' dir='ltr'>ἂν</span> <span class='ocrx_word' id='word_1_583' title='bbox 3144 755 3348 818; x_wconf 82' lang='grc' dir='ltr'>ἐκεῖνος</span> <span class='ocrx_word' id='word_1_584' title='bbox 3381 753 3548 808; x_wconf 86' lang='grc' dir='ltr'>ἐλθὼν</span> <span class='ocrx_word' id='word_1_585' title='bbox 3574 757 3722 826; x_wconf 81' lang='grc' dir='ltr'>εἴπῃ,</span> 
     </span>
    </p>
   </div>
   <div class='ocr_carea' id='block_1_72' title="bbox 2057 836 3724 912">
    <p class='ocr_par' dir='ltr' id='par_1_72' title="bbox 2057 836 3724 912">
     <span class='ocr_line' id='line_1_72' title="bbox 2057 836 3724 912; baseline 0.004 -24"><span class='ocrx_word' id='word_1_586' title='bbox 2057 836 2216 888; x_wconf 88' lang='grc' dir='ltr'>τοῦτο</span> <span class='ocrx_word' id='word_1_587' title='bbox 2260 836 2404 905; x_wconf 73' lang='grc' dir='ltr'>ἔχειν</span> <span class='ocrx_word' id='word_1_588' title='bbox 2431 837 2531 908; x_wconf 82' lang='grc' dir='ltr'>τὴν</span> <span class='ocrx_word' id='word_1_589' title='bbox 2550 838 2792 906; x_wconf 78' lang='grc' dir='ltr'>Γραφὴν,</span> <span class='ocrx_word' id='word_1_590' title='bbox 2827 841 2890 892; x_wconf 88' lang='grc' dir='ltr'>σὺ</span> <span class='ocrx_word' id='word_1_591' title='bbox 2914 839 2972 890; x_wconf 82' lang='grc' dir='ltr'>δὲ</span> <span class='ocrx_word' id='word_1_592' title='bbox 3001 839 3184 910; x_wconf 71' lang='grc' dir='ltr'>ἕτερον</span> <span class='ocrx_word' id='word_1_593' title='bbox 3210 840 3396 912; x_wconf 87' lang='grc' dir='ltr'>λέγῃς,</span> <span class='ocrx_word' id='word_1_594' title='bbox 3426 843 3521 894; x_wconf 78' lang='grc' dir='ltr'>καὶ</span> <span class='ocrx_word' id='word_1_595' title='bbox 3553 843 3724 906; x_wconf 79' lang='grc' dir='ltr'>ἄλλως</span> 
     </span>
    </p>
   </div>
   <div class='ocr_carea' id='block_1_73' title="bbox 2059 921 3724 995">
    <p class='ocr_par' dir='ltr' id='par_1_73' title="bbox 2059 921 3724 995">
     <span class='ocr_line' id='line_1_73' title="bbox 2059 921 3724 995; baseline 0.005 -21"><span class='ocrx_word' id='word_1_596' title='bbox 2059 921 2444 992; x_wconf 79' lang='grc' dir='ltr'>-παρεξηγῆσθε</span> <span class='ocrx_word' id='word_1_597' title='bbox 2483 922 2632 994; x_wconf 66' lang='lat'>[259]</span> <span class='ocrx_word' id='word_1_598' title='bbox 2659 924 2757 986; x_wconf 83' lang='grc' dir='ltr'>τὰς</span> <span class='ocrx_word' id='word_1_599' title='bbox 2805 925 2844 976; x_wconf 90' lang='grc' dir='ltr'><strong>Γ</strong></span> <span class='ocrx_word' id='word_1_600' title='bbox 2849 925 3061 995; x_wconf 75' lang='grc' dir='ltr'>ραιρὰς,</span> <span class='ocrx_word' id='word_1_601' title='bbox 3101 925 3202 989; x_wconf 82' lang='grc' dir='ltr'>τάς</span> <span class='ocrx_word' id='word_1_602' title='bbox 3251 926 3486 991; x_wconf 87' lang='grc' dir='ltr'>διανοίας</span> <span class='ocrx_word' id='word_1_603' title='bbox 3545 930 3724 982; x_wconf 81' lang='grc' dir='ltr'>αὐτῶν</span> 
     </span>
    </p>
   </div>
   <div class='ocr_carea' id='block_1_74' title="bbox 2057 1006 3720 1088">
    <p class='ocr_par' dir='ltr' id='par_1_74' title="bbox 2057 1006 3720 1088">
     <span class='ocr_line' id='line_1_74' title="bbox 2057 1006 3720 1088; baseline 0.005 -27"><span class='ocrx_word' id='word_1_604' title='bbox 2057 1010 2303 1072; x_wconf 77' lang='grc' dir='ltr'>ἕλκοντες</span> <span class='ocrx_word' id='word_1_605' title='bbox 2331 1027 2346 1075; x_wconf 87' lang='grc'>;</span> <span class='ocrx_word' id='word_1_606' title='bbox 2379 1010 2450 1062; x_wconf 81' lang='grc' dir='ltr'>Σὺ</span> <span class='ocrx_word' id='word_1_607' title='bbox 2471 1006 2584 1073; x_wconf 81' lang='grc' dir='ltr'>οὖν,</span> <span class='ocrx_word' id='word_1_608' title='bbox 2620 1011 2739 1065; x_wconf 85' lang='grc' dir='ltr'>εἰπέ</span> <span class='ocrx_word' id='word_1_609' title='bbox 2774 1029 2884 1081; x_wconf 90' lang='grc' dir='ltr'>μοι,</span> <span class='ocrx_word' id='word_1_610' title='bbox 2919 1013 3042 1065; x_wconf 92' lang='grc' dir='ltr'>νοῦν</span> <span class='ocrx_word' id='word_1_611' title='bbox 3061 1015 3160 1067; x_wconf 84' lang='grc' dir='ltr'>ούκ</span> <span class='ocrx_word' id='word_1_612' title='bbox 3183 1014 3328 1084; x_wconf 78' lang='grc' dir='ltr'>ἔχεις</span> <span class='ocrx_word' id='word_1_613' title='bbox 3347 1016 3466 1068; x_wconf 81' lang='grc' dir='ltr'>οὐδὲ</span> <span class='ocrx_word' id='word_1_614' title='bbox 3500 1017 3679 1088; x_wconf 89' lang='grc' dir='ltr'>κρίσιν</span> <span class='ocrx_word' id='word_1_615' title='bbox 3705 1034 3720 1081; x_wconf 92' lang='lat'><strong>;</strong></span> 
     </span>
    </p>
   </div>
   <div class='ocr_carea' id='block_1_75' title="bbox 2056 1095 3724 1172">
    <p class='ocr_par' dir='ltr' id='par_1_75' title="bbox 2056 1095 3724 1172">
     <span class='ocr_line' id='line_1_75' title="bbox 2056 1095 3724 1172; baseline 0.004 -23"><span class='ocrx_word' id='word_1_616' title='bbox 2056 1097 2165 1171; x_wconf 73' lang='grc' dir='ltr'>Καὶ</span> <span class='ocrx_word' id='word_1_617' title='bbox 2195 1095 2312 1158; x_wconf 87' lang='grc' dir='ltr'>πῶς</span> <span class='ocrx_word' id='word_1_618' title='bbox 2341 1095 2407 1149; x_wconf 81' lang='grc' dir='ltr'>ἂν</span> <span class='ocrx_word' id='word_1_619' title='bbox 2435 1096 2722 1166; x_wconf 81' lang='grc' dir='ltr'>δυναίμην,</span> <span class='ocrx_word' id='word_1_620' title='bbox 2747 1098 2902 1168; x_wconf 78' lang='grc' dir='ltr'>φησὶ,</span> <span class='ocrx_word' id='word_1_621' title='bbox 2933 1099 3065 1168; x_wconf 85' lang='grc' dir='ltr'>μηδὲ</span> <span class='ocrx_word' id='word_1_622' title='bbox 3095 1099 3246 1164; x_wconf 85' lang='grc' dir='ltr'>εἰδὼς</span> <span class='ocrx_word' id='word_1_623' title='bbox 3275 1102 3481 1172; x_wconf 89' lang='grc' dir='ltr'>κρίνειν</span> <span class='ocrx_word' id='word_1_624' title='bbox 3501 1103 3569 1156; x_wconf 85' lang='grc' dir='ltr'>τά</span> <span class='ocrx_word' id='word_1_625' title='bbox 3588 1103 3724 1171; x_wconf 80' lang='grc' dir='ltr'>ὑμέ-</span> 
     </span>
    </p>
   </div>
   <div class='ocr_carea' id='block_1_76' title="bbox 2054 1183 3724 1260">
    <p class='ocr_par' dir='ltr' id='par_1_76' title="bbox 2054 1183 3724 1260">
     <span class='ocr_line' id='line_1_76' title="bbox 2054 1183 3724 1260; baseline 0.006 -26"><span class='ocrx_word' id='word_1_626' title='bbox 2054 1200 2222 1251; x_wconf 87' lang='grc' dir='ltr'>τερα;</span> <span class='ocrx_word' id='word_1_627' title='bbox 2253 1183 2500 1254; x_wconf 82' lang='grc' dir='ltr'>μαθητὴς</span> <span class='ocrx_word' id='word_1_628' title='bbox 2534 1183 2793 1254; x_wconf 87' lang='grc' dir='ltr'>βούλομαι</span> <span class='ocrx_word' id='word_1_629' title='bbox 2827 1185 3100 1252; x_wconf 82' lang='grc' dir='ltr'>γενέσθαι,</span> <span class='ocrx_word' id='word_1_630' title='bbox 3128 1189 3192 1240; x_wconf 80' lang='grc' dir='ltr'>σὺ</span> <span class='ocrx_word' id='word_1_631' title='bbox 3223 1188 3282 1240; x_wconf 88' lang='grc' dir='ltr'>δέ</span> <span class='ocrx_word' id='word_1_632' title='bbox 3322 1207 3389 1258; x_wconf 90' lang='grc' dir='ltr'>με</span> <span class='ocrx_word' id='word_1_633' title='bbox 3431 1190 3532 1260; x_wconf 72' lang='grc' dir='ltr'>ἢδη</span> <span class='ocrx_word' id='word_1_634' title='bbox 3585 1190 3724 1244; x_wconf 85' lang='grc' dir='ltr'>διδά-</span> 
     </span>
    </p>
   </div>
   <div class='ocr_carea' id='block_1_77' title="bbox 2058 1271 3721 1347">
    <p class='ocr_par' dir='ltr' id='par_1_77' title="bbox 2058 1271 3721 1347">
     <span class='ocr_line' id='line_1_77' title="bbox 2058 1271 3721 1347; baseline 0.004 -25"><span class='ocrx_word' id='word_1_635' title='bbox 2058 1273 2254 1322; x_wconf 89' lang='grc' dir='ltr'>σκαλον</span> <span class='ocrx_word' id='word_1_636' title='bbox 2277 1272 2468 1333; x_wconf 85' lang='grc' dir='ltr'>ποιεῖς.</span> <span class='ocrx_word' id='word_1_637' title='bbox 2507 1273 2604 1323; x_wconf 77' lang='grc' dir='ltr'>Ἂν</span> <span class='ocrx_word' id='word_1_638' title='bbox 2627 1271 2801 1324; x_wconf 90' lang='grc' dir='ltr'>ταῦτα</span> <span class='ocrx_word' id='word_1_639' title='bbox 2853 1271 3007 1344; x_wconf 76' lang='grc' dir='ltr'>λέγῃ,</span> <span class='ocrx_word' id='word_1_640' title='bbox 3063 1273 3132 1336; x_wconf 90' lang='grc' dir='ltr'>τί,</span> <span class='ocrx_word' id='word_1_641' title='bbox 3169 1276 3365 1344; x_wconf 73' lang='grc' dir='ltr'>φησὶν,</span> <span class='ocrx_word' id='word_1_642' title='bbox 3416 1275 3721 1347; x_wconf 74' lang='grc' dir='ltr'>ἀποκρινώσ</span> 
     </span>
    </p>
   </div>
   <div class='ocr_carea' id='block_1_78' title="bbox 2059 1357 3722 1433">
    <p class='ocr_par' dir='ltr' id='par_1_78' title="bbox 2059 1357 3722 1433">
     <span class='ocr_line' id='line_1_78' title="bbox 2059 1357 3722 1433; baseline 0.004 -23"><span class='ocrx_word' id='word_1_643' title='bbox 2059 1357 2233 1427; x_wconf 89' lang='grc' dir='ltr'>μεθα;</span> <span class='ocrx_word' id='word_1_644' title='bbox 2266 1358 2383 1420; x_wconf 87' lang='grc' dir='ltr'>πῶς</span> <span class='ocrx_word' id='word_1_645' title='bbox 2406 1357 2566 1410; x_wconf 85' lang='grc' dir='ltr'>αὑτὸν</span> <span class='ocrx_word' id='word_1_646' title='bbox 2590 1359 2848 1429; x_wconf 89' lang='grc' dir='ltr'>πείσομεν</span> <span class='ocrx_word' id='word_1_647' title='bbox 2873 1376 2888 1423; x_wconf 91' lang='grc'><strong>;</strong></span> <span class='ocrx_word' id='word_1_648' title='bbox 2942 1361 3358 1430; x_wconf 84' lang='grc' dir='ltr'>Ἑρωτήσωμεν,</span> <span class='ocrx_word' id='word_1_649' title='bbox 3383 1365 3431 1415; x_wconf 89' lang='grc' dir='ltr'>εἰ</span> <span class='ocrx_word' id='word_1_650' title='bbox 3457 1363 3530 1433; x_wconf 82' lang='grc' dir='ltr'>μὴ</span> <span class='ocrx_word' id='word_1_651' title='bbox 3569 1364 3722 1432; x_wconf 86' lang='grc' dir='ltr'>σκῆ-</span> 
     </span>
    </p>
   </div>
   <div class='ocr_carea' id='block_1_79' title="bbox 2053 1443 3720 1518">
    <p class='ocr_par' dir='ltr' id='par_1_79' title="bbox 2053 1443 3720 1518">
     <span class='ocr_line' id='line_1_79' title="bbox 2053 1443 3720 1518; baseline 0.005 -22"><span class='ocrx_word' id='word_1_652' title='bbox 2053 1444 2145 1513; x_wconf 76' lang='grc' dir='ltr'>ψις</span> <span class='ocrx_word' id='word_1_653' title='bbox 2168 1443 2450 1498; x_wconf 78' lang='grc' dir='ltr'>ταῦτακαὶ</span> <span class='ocrx_word' id='word_1_654' title='bbox 2479 1445 2754 1516; x_wconf 85' lang='grc' dir='ltr'>πρόφασις</span> <span class='ocrx_word' id='word_1_655' title='bbox 2783 1463 2798 1476; x_wconf 73' lang='grc' dir='ltr'><strong><em>ο</em></strong></span> <span class='ocrx_word' id='word_1_656' title='bbox 2835 1448 3220 1517; x_wconf 84' lang='grc' dir='ltr'>ἐρωτήσωμεν,</span> <span class='ocrx_word' id='word_1_657' title='bbox 3251 1452 3299 1502; x_wconf 86' lang='grc' dir='ltr'>εἰ</span> <span class='ocrx_word' id='word_1_658' title='bbox 3337 1452 3582 1518; x_wconf 86' lang='grc' dir='ltr'>κατέγνω</span> <span class='ocrx_word' id='word_1_659' title='bbox 3612 1451 3720 1505; x_wconf 86' lang='grc' dir='ltr'>τῶν</span> 
     </span>
    </p>
   </div>
   <div class='ocr_carea' id='block_1_80' title="bbox 2067 1532 3719 1607">
    <p class='ocr_par' dir='ltr' id='par_1_80' title="bbox 2067 1532 3719 1607">
     <span class='ocr_line' id='line_1_80' title="bbox 2067 1532 3719 1607; baseline 0.004 -23"><span class='ocrx_word' id='word_1_660' title='bbox 2067 1532 2349 1602; x_wconf 78' lang='grc' dir='ltr'>Ἑλλήνων.</span> <span class='ocrx_word' id='word_1_661' title='bbox 2371 1533 2592 1596; x_wconf 90' lang='grc' dir='ltr'>Πάντως</span> <span class='ocrx_word' id='word_1_662' title='bbox 2611 1551 2663 1586; x_wconf 88' lang='grc' dir='ltr'>τι</span> <span class='ocrx_word' id='word_1_663' title='bbox 2691 1536 2805 1604; x_wconf 77' lang='grc' dir='ltr'>ἐρεῖ</span> <span class='ocrx_word' id='word_1_664' title='bbox 2823 1550 2834 1563; x_wconf 90' lang='grc'>·</span> <span class='ocrx_word' id='word_1_665' title='bbox 2867 1534 2928 1586; x_wconf 81' lang='grc' dir='ltr'>οὐ</span> <span class='ocrx_word' id='word_1_666' title='bbox 2960 1535 3068 1605; x_wconf 82' lang='grc' dir='ltr'>γάρ</span> <span class='ocrx_word' id='word_1_667' title='bbox 3094 1535 3158 1605; x_wconf 85' lang='grc' dir='ltr'>δὴ</span> <span class='ocrx_word' id='word_1_668' title='bbox 3190 1537 3264 1607; x_wconf 83' lang='grc' dir='ltr'>μὴ</span> <span class='ocrx_word' id='word_1_669' title='bbox 3279 1538 3601 1606; x_wconf 76' lang='grc' dir='ltr'>καταγνοὺς,</span> <span class='ocrx_word' id='word_1_670' title='bbox 3626 1541 3719 1591; x_wconf 76' lang='grc' dir='ltr'>ἐπὶ</span> 
     </span>
    </p>
   </div>
   <div class='ocr_carea' id='block_1_81' title="bbox 2053 1619 3718 1693">
    <p class='ocr_par' dir='ltr' id='par_1_81' title="bbox 2053 1619 3718 1693">
     <span class='ocr_line' id='line_1_81' title="bbox 2053 1619 3718 1693; baseline 0.004 -21"><span class='ocrx_word' id='word_1_671' title='bbox 2053 1619 2518 1690; x_wconf 73' lang='grc' dir='ltr'>τὰήμέτεραῆξει.</span> <span class='ocrx_word' id='word_1_672' title='bbox 2539 1621 2930 1690; x_wconf 86' lang='grc' dir='ltr'>Ἐρωτήσωμεν</span> <span class='ocrx_word' id='word_1_673' title='bbox 2950 1621 3049 1685; x_wconf 83' lang='grc' dir='ltr'>τὰς</span> <span class='ocrx_word' id='word_1_674' title='bbox 3063 1623 3262 1688; x_wconf 89' lang='grc' dir='ltr'>αἰτίας,</span> <span class='ocrx_word' id='word_1_675' title='bbox 3281 1624 3345 1676; x_wconf 76' lang='grc' dir='ltr'>δι’</span> <span class='ocrx_word' id='word_1_676' title='bbox 3363 1624 3428 1687; x_wconf 73' lang='grc' dir='ltr'>ἃς</span> <span class='ocrx_word' id='word_1_677' title='bbox 3448 1625 3718 1693; x_wconf 85' lang='grc' dir='ltr'>κατέγνω·</span> 
     </span>
    </p>
   </div>
   <div class='ocr_carea' id='block_1_82' title="bbox 2054 1707 3724 1780">
    <p class='ocr_par' dir='ltr' id='par_1_82' title="bbox 2054 1707 3724 1780">
     <span class='ocr_line' id='line_1_82' title="bbox 2054 1707 3724 1780; baseline 0.002 -20"><span class='ocrx_word' id='word_1_678' title='bbox 2054 1709 2114 1760; x_wconf 83' lang='grc' dir='ltr'>οὐ</span> <span class='ocrx_word' id='word_1_679' title='bbox 2131 1709 2236 1778; x_wconf 82' lang='grc' dir='ltr'>γὰρ</span> <span class='ocrx_word' id='word_1_680' title='bbox 2258 1707 2322 1778; x_wconf 80' lang='grc' dir='ltr'>δὴ</span> <span class='ocrx_word' id='word_1_681' title='bbox 2343 1707 2528 1771; x_wconf 85' lang='grc' dir='ltr'>άπλῶς</span> <span class='ocrx_word' id='word_1_682' title='bbox 2550 1707 2810 1775; x_wconf 89' lang='grc' dir='ltr'>κατέγνω.</span> <span class='ocrx_word' id='word_1_683' title='bbox 2829 1707 3062 1777; x_wconf 72' lang='grc' dir='ltr'>Εὔδηλον</span> <span class='ocrx_word' id='word_1_684' title='bbox 3077 1710 3158 1762; x_wconf 83' lang='grc' dir='ltr'>ὅτι</span> <span class='ocrx_word' id='word_1_685' title='bbox 3183 1711 3300 1777; x_wconf 90' lang='grc' dir='ltr'>ἐρεῖ</span> <span class='ocrx_word' id='word_1_686' title='bbox 3315 1710 3402 1762; x_wconf 75' lang='grc' dir='ltr'>δια</span> <span class='ocrx_word' id='word_1_687' title='bbox 3421 1711 3481 1763; x_wconf 85' lang='grc' dir='ltr'>τὸ</span> <span class='ocrx_word' id='word_1_688' title='bbox 3498 1711 3724 1780; x_wconf 80' lang='grc' dir='ltr'>κτίσμαο</span> 
     </span>
    </p>
   </div>
   <div class='ocr_carea' id='block_1_83' title="bbox 2053 1790 3722 1866">
    <p class='ocr_par' dir='ltr' id='par_1_83' title="bbox 2053 1790 3722 1866">
     <span class='ocr_line' id='line_1_83' title="bbox 2053 1790 3722 1866; baseline 0.001 -18"><span class='ocrx_word' id='word_1_689' title='bbox 2053 1812 2121 1848; x_wconf 88' lang='grc' dir='ltr'>τα</span> <span class='ocrx_word' id='word_1_690' title='bbox 2153 1791 2296 1848; x_wconf 75' lang='grc' dir='ltr'>εἶναι</span> <span class='ocrx_word' id='word_1_691' title='bbox 2330 1796 2423 1849; x_wconf 77' lang='grc' dir='ltr'>καὶ</span> <span class='ocrx_word' id='word_1_692' title='bbox 2456 1795 2530 1866; x_wconf 80' lang='grc' dir='ltr'>μὴ</span> <span class='ocrx_word' id='word_1_693' title='bbox 2564 1790 2703 1848; x_wconf 81' lang='grc' dir='ltr'>εἶναι</span> <span class='ocrx_word' id='word_1_694' title='bbox 2741 1797 2995 1849; x_wconf 81' lang='grc' dir='ltr'>άκτιστον</span> <span class='ocrx_word' id='word_1_695' title='bbox 3026 1796 3179 1849; x_wconf 84' lang='grc' dir='ltr'>Θεόν.</span> <span class='ocrx_word' id='word_1_696' title='bbox 3234 1797 3450 1859; x_wconf 84' lang='grc' dir='ltr'>Καλῶς.</span> <span class='ocrx_word' id='word_1_697' title='bbox 3493 1799 3590 1850; x_wconf 82' lang='grc' dir='ltr'>Ἂν</span> <span class='ocrx_word' id='word_1_698' title='bbox 3628 1795 3722 1852; x_wconf 77' lang='grc' dir='ltr'>οὖν</span> 
     </span>
    </p>
   </div>
   <div class='ocr_carea' id='block_1_84' title="bbox 2053 1882 3721 1954">
    <p class='ocr_par' dir='ltr' id='par_1_84' title="bbox 2053 1882 3721 1954">
     <span class='ocr_line' id='line_1_84' title="bbox 2053 1882 3721 1954; baseline 0.002 -20"><span class='ocrx_word' id='word_1_699' title='bbox 2053 1882 2208 1934; x_wconf 90' lang='grc' dir='ltr'>τοῦτο</span> <span class='ocrx_word' id='word_1_700' title='bbox 2238 1883 2333 1952; x_wconf 83' lang='grc' dir='ltr'>μὲν</span> <span class='ocrx_word' id='word_1_701' title='bbox 2373 1882 2507 1954; x_wconf 79' lang='grc' dir='ltr'>εὕρῃ</span> <span class='ocrx_word' id='word_1_702' title='bbox 2536 1883 2684 1952; x_wconf 79' lang='grc' dir='ltr'>παρὰ</span> <span class='ocrx_word' id='word_1_703' title='bbox 2709 1885 2826 1944; x_wconf 88' lang='grc' dir='ltr'>ταῖς</span> <span class='ocrx_word' id='word_1_704' title='bbox 2852 1883 3042 1946; x_wconf 79' lang='grc' dir='ltr'>ἄλλαις</span> <span class='ocrx_word' id='word_1_705' title='bbox 3074 1883 3337 1952; x_wconf 86' lang='grc' dir='ltr'>αίρέσεσι,</span> <span class='ocrx_word' id='word_1_706' title='bbox 3363 1884 3424 1936; x_wconf 87' lang='grc' dir='ltr'>τὸ</span> <span class='ocrx_word' id='word_1_707' title='bbox 3474 1883 3530 1935; x_wconf 81' lang='grc' dir='ltr'>δὲ</span> <span class='ocrx_word' id='word_1_708' title='bbox 3571 1886 3721 1937; x_wconf 91' lang='grc' dir='ltr'>ἐναν-</span> 
     </span>
    </p>
   </div>
   <div class='ocr_carea' id='block_1_85' title="bbox 2051 1967 3714 2040">
    <p class='ocr_par' dir='ltr' id='par_1_85' title="bbox 2051 1967 3714 2040">
     <span class='ocr_line' id='line_1_85' title="bbox 2051 1967 3714 2040; baseline 0.001 -20"><span class='ocrx_word' id='word_1_709' title='bbox 2051 1967 2160 2020; x_wconf 84' lang='grc' dir='ltr'>τίον</span> <span class='ocrx_word' id='word_1_710' title='bbox 2192 1969 2484 2038; x_wconf 78' lang='grc' dir='ltr'>παρ’ἡμῖν,</span> <span class='ocrx_word' id='word_1_711' title='bbox 2512 1967 2663 2020; x_wconf 84' lang='grc' dir='ltr'>ποίου</span> <span class='ocrx_word' id='word_1_712' title='bbox 2691 1967 2849 2036; x_wconf 87' lang='grc' dir='ltr'>λόγου</span> <span class='ocrx_word' id='word_1_713' title='bbox 2881 1969 3070 2040; x_wconf 75' lang='grc' dir='ltr'>χρείας</span> <span class='ocrx_word' id='word_1_714' title='bbox 3100 1969 3305 2031; x_wconf 86' lang='grc' dir='ltr'>Πάντες</span> <span class='ocrx_word' id='word_1_715' title='bbox 3328 1967 3714 2040; x_wconf 87' lang='grc' dir='ltr'>ὁμολογοῦμεν,</span> 
     </span>
    </p>
   </div>
   <div class='ocr_carea' id='block_1_86' title="bbox 2051 2055 3718 2126">
    <p class='ocr_par' dir='ltr' id='par_1_86' title="bbox 2051 2055 3718 2126">
     <span class='ocr_line' id='line_1_86' title="bbox 2051 2055 3718 2126; baseline 0.001 -18"><span class='ocrx_word' id='word_1_716' title='bbox 2051 2055 2131 2108; x_wconf 83' lang='grc' dir='ltr'>ὅτι</span> <span class='ocrx_word' id='word_1_717' title='bbox 2163 2055 2190 2104; x_wconf 89' lang='grc' dir='ltr'><strong>ὀ</strong></span> <span class='ocrx_word' id='word_1_718' title='bbox 2225 2055 2455 2126; x_wconf 82' lang='grc' dir='ltr'>Χριστὸς</span> <span class='ocrx_word' id='word_1_719' title='bbox 2483 2055 2635 2116; x_wconf 86' lang='grc' dir='ltr'>Θεός.</span> <span class='ocrx_word' id='word_1_720' title='bbox 2678 2055 2816 2107; x_wconf 79' lang='grc' dir='ltr'>Ἀλλ’</span> <span class='ocrx_word' id='word_1_721' title='bbox 2852 2056 3049 2126; x_wconf 82' lang='grc' dir='ltr'>ἴδωμεν</span> <span class='ocrx_word' id='word_1_722' title='bbox 3103 2056 3248 2119; x_wconf 85' lang='grc' dir='ltr'>τίνες</span> <span class='ocrx_word' id='word_1_723' title='bbox 3290 2057 3573 2126; x_wconf 80' lang='grc' dir='ltr'>μάχονται,</span> <span class='ocrx_word' id='word_1_724' title='bbox 3624 2059 3718 2110; x_wconf 80' lang='grc' dir='ltr'>καὶ</span> 
     </span>
    </p>
   </div>
   <div class='ocr_carea' id='block_1_87' title="bbox 2050 2142 3720 2211">
    <p class='ocr_par' dir='ltr' id='par_1_87' title="bbox 2050 2142 3720 2211">
     <span class='ocr_line' id='line_1_87' title="bbox 2050 2142 3720 2211; baseline 0.004 -19"><span class='ocrx_word' id='word_1_725' title='bbox 2050 2142 2193 2204; x_wconf 86' lang='grc' dir='ltr'>τίνες</span> <span class='ocrx_word' id='word_1_726' title='bbox 2217 2143 2274 2193; x_wconf 84' lang='grc' dir='ltr'>ού</span> <span class='ocrx_word' id='word_1_727' title='bbox 2312 2142 2594 2210; x_wconf 82' lang='grc' dir='ltr'>μάχονται.</span> <span class='ocrx_word' id='word_1_728' title='bbox 2634 2143 2824 2211; x_wconf 84' lang='grc' dir='ltr'>Ἡμεῖς</span> <span class='ocrx_word' id='word_1_729' title='bbox 2849 2142 3096 2209; x_wconf 87' lang='grc' dir='ltr'>λέγοντες</span> <span class='ocrx_word' id='word_1_730' title='bbox 3124 2142 3276 2204; x_wconf 82' lang='grc' dir='ltr'>Θεὸν,</span> <span class='ocrx_word' id='word_1_731' title='bbox 3315 2142 3440 2208; x_wconf 81' lang='grc' dir='ltr'>ἄξια</span> <span class='ocrx_word' id='word_1_732' title='bbox 3471 2143 3603 2198; x_wconf 82' lang='grc' dir='ltr'>Θεοῦ</span> <span class='ocrx_word' id='word_1_733' title='bbox 3626 2146 3720 2198; x_wconf 80' lang='grc' dir='ltr'>καὶ</span> 
     </span>
    </p>
   </div>
   <div class='ocr_carea' id='block_1_88' title="bbox 2052 2227 3720 2298">
    <p class='ocr_par' dir='ltr' id='par_1_88' title="bbox 2052 2227 3720 2298">
     <span class='ocr_line' id='line_1_88' title="bbox 2052 2227 3720 2298; baseline 0.003 -19"><span class='ocrx_word' id='word_1_734' title='bbox 2052 2228 2418 2298; x_wconf 78' lang='grc' dir='ltr'>φθεγγόμεθα,</span> <span class='ocrx_word' id='word_1_735' title='bbox 2457 2229 2537 2282; x_wconf 84' lang='grc' dir='ltr'>ὅτι</span> <span class='ocrx_word' id='word_1_736' title='bbox 2567 2227 2812 2292; x_wconf 82' lang='grc' dir='ltr'>ἐξουσίαν</span> <span class='ocrx_word' id='word_1_737' title='bbox 2851 2228 2980 2297; x_wconf 80' lang='grc' dir='ltr'>ἔχει,</span> <span class='ocrx_word' id='word_1_738' title='bbox 3022 2230 3105 2281; x_wconf 87' lang='grc' dir='ltr'>ὅτι</span> <span class='ocrx_word' id='word_1_739' title='bbox 3133 2229 3232 2282; x_wconf 82' lang='grc' dir='ltr'>οὐκ</span> <span class='ocrx_word' id='word_1_740' title='bbox 3269 2229 3382 2281; x_wconf 81' lang='grc' dir='ltr'>ἔστι</span> <span class='ocrx_word' id='word_1_741' title='bbox 3410 2230 3614 2294; x_wconf 86' lang='grc' dir='ltr'>δοῦλος,</span> <span class='ocrx_word' id='word_1_742' title='bbox 3637 2233 3720 2284; x_wconf 83' lang='grc' dir='ltr'>ὅτι</span> 
     </span>
    </p>
   </div>
   <div class='ocr_carea' id='block_1_89' title="bbox 2051 2313 3718 2384">
    <p class='ocr_par' dir='ltr' id='par_1_89' title="bbox 2051 2313 3718 2384">
     <span class='ocr_line' id='line_1_89' title="bbox 2051 2313 3718 2384; baseline 0.002 -18"><span class='ocrx_word' id='word_1_743' title='bbox 2051 2313 2352 2384; x_wconf 80' lang='grc' dir='ltr'>ἐλεύθερος,</span> <span class='ocrx_word' id='word_1_744' title='bbox 2383 2316 2461 2368; x_wconf 80' lang='grc' dir='ltr'>ὅτι</span> <span class='ocrx_word' id='word_1_745' title='bbox 2489 2316 2581 2384; x_wconf 84' lang='grc' dir='ltr'>ἀφ’</span> <span class='ocrx_word' id='word_1_746' title='bbox 2610 2315 2802 2368; x_wconf 89' lang='grc' dir='ltr'>ἐαυτοῦ</span> <span class='ocrx_word' id='word_1_747' title='bbox 2836 2316 3014 2368; x_wconf 90' lang='grc' dir='ltr'>πάντα</span> <span class='ocrx_word' id='word_1_748' title='bbox 3041 2318 3183 2368; x_wconf 87' lang='grc' dir='ltr'>ποιεῖ</span> <span class='ocrx_word' id='word_1_749' title='bbox 3209 2330 3221 2342; x_wconf 83' lang='grc'><strong>⁸</strong></span> <span class='ocrx_word' id='word_1_750' title='bbox 3255 2318 3462 2378; x_wconf 84' lang='grc' dir='ltr'>ἐκεῖνος</span> <span class='ocrx_word' id='word_1_751' title='bbox 3509 2316 3565 2369; x_wconf 82' lang='grc' dir='ltr'>δὲ</span> <span class='ocrx_word' id='word_1_752' title='bbox 3592 2319 3718 2370; x_wconf 80' lang='grc' dir='ltr'>τοὺ-</span> 
     </span>
    </p>
   </div>
   <div class='ocr_carea' id='block_1_90' title="bbox 2050 2399 3720 2474">
    <p class='ocr_par' dir='ltr' id='par_1_90' title="bbox 2050 2399 3720 2474">
     <span class='ocr_line' id='line_1_90' title="bbox 2050 2399 3720 2474; baseline 0.002 -21"><span class='ocrx_word' id='word_1_753' title='bbox 2050 2403 2279 2456; x_wconf 89' lang='grc' dir='ltr'>ναντίον.</span> <span class='ocrx_word' id='word_1_754' title='bbox 2306 2403 2472 2455; x_wconf 88' lang='grc' dir='ltr'>Πάλιν</span> <span class='ocrx_word' id='word_1_755' title='bbox 2492 2402 2701 2472; x_wconf 84' lang='grc' dir='ltr'>ἐρωτῶ,</span> <span class='ocrx_word' id='word_1_756' title='bbox 2725 2405 2774 2456; x_wconf 90' lang='grc' dir='ltr'>εἰ</span> <span class='ocrx_word' id='word_1_757' title='bbox 2803 2403 2983 2473; x_wconf 84' lang='grc' dir='ltr'>ἰατρὸς</span> <span class='ocrx_word' id='word_1_758' title='bbox 3013 2402 3228 2474; x_wconf 89' lang='grc' dir='ltr'>μέλλοις</span> <span class='ocrx_word' id='word_1_759' title='bbox 3259 2403 3567 2472; x_wconf 85' lang='grc' dir='ltr'>μανθάνειν,</span> <span class='ocrx_word' id='word_1_760' title='bbox 3610 2399 3720 2474; x_wconf 82' lang='grc' dir='ltr'>ἄρα</span> 
     </span>
    </p>
   </div>
   <div class='ocr_carea' id='block_1_91' title="bbox 2051 2489 3714 2562">
    <p class='ocr_par' dir='ltr' id='par_1_91' title="bbox 2051 2489 3714 2562">
     <span class='ocr_line' id='line_1_91' title="bbox 2051 2489 3714 2562; baseline 0.004 -24"><span class='ocrx_word' id='word_1_761' title='bbox 2051 2489 2232 2550; x_wconf 83' lang='grc' dir='ltr'>ἁπλῶς</span> <span class='ocrx_word' id='word_1_762' title='bbox 2257 2490 2348 2541; x_wconf 74' lang='grc' dir='ltr'>καὶ</span> <span class='ocrx_word' id='word_1_763' title='bbox 2369 2489 2442 2552; x_wconf 87' lang='grc' dir='ltr'>ὼς</span> <span class='ocrx_word' id='word_1_764' title='bbox 2475 2489 2685 2558; x_wconf 82' lang='grc' dir='ltr'>ἔτυχεν,</span> <span class='ocrx_word' id='word_1_765' title='bbox 2714 2491 2835 2542; x_wconf 88' lang='grc' dir='ltr'>εἰπέ</span> <span class='ocrx_word' id='word_1_766' title='bbox 2858 2507 2970 2559; x_wconf 88' lang='grc' dir='ltr'>μοι,</span> <span class='ocrx_word' id='word_1_767' title='bbox 3017 2489 3087 2542; x_wconf 79' lang='grc' dir='ltr'>τὰ</span> <span class='ocrx_word' id='word_1_768' title='bbox 3109 2490 3380 2558; x_wconf 90' lang='grc' dir='ltr'>λεγόμενα</span> <span class='ocrx_word' id='word_1_769' title='bbox 3409 2491 3714 2562; x_wconf 68' lang='grc' dir='ltr'>καταδέχῃς</span> 
     </span>
    </p>
   </div>
   <div class='ocr_carea' id='block_1_92' title="bbox 2050 2572 3714 2646">
    <p class='ocr_par' dir='ltr' id='par_1_92' title="bbox 2050 2572 3714 2646">
     <span class='ocr_line' id='line_1_92' title="bbox 2050 2572 3714 2646; baseline -0.001 -18"><span class='ocrx_word' id='word_1_770' title='bbox 2050 2575 2222 2628; x_wconf 87' lang='grc' dir='ltr'>καίτοι</span> <span class='ocrx_word' id='word_1_771' title='bbox 2251 2575 2420 2629; x_wconf 82' lang='grc' dir='ltr'>πολλὰ</span> <span class='ocrx_word' id='word_1_772' title='bbox 2445 2589 2470 2616; x_wconf 71' lang='grc' dir='ltr'>ι</span> <span class='ocrx_word' id='word_1_773' title='bbox 2496 2577 2624 2646; x_wconf 88' lang='grc' dir='ltr'>παρ’</span> <span class='ocrx_word' id='word_1_774' title='bbox 2652 2575 2883 2639; x_wconf 86' lang='grc' dir='ltr'>ἐκείνοις</span> <span class='ocrx_word' id='word_1_775' title='bbox 2903 2576 3166 2646; x_wconf 89' lang='grc' dir='ltr'>δόγματα.</span> <span class='ocrx_word' id='word_1_776' title='bbox 3190 2577 3254 2628; x_wconf 79' lang='grc' dir='ltr'><strong>Εἰ</strong></span> <span class='ocrx_word' id='word_1_777' title='bbox 3284 2572 3485 2646; x_wconf 76' lang='grc' dir='ltr'>μὲνοῦν</span> <span class='ocrx_word' id='word_1_778' title='bbox 3508 2576 3714 2641; x_wconf 86' lang='grc' dir='ltr'>ἁπλῶς,</span> 
     </span>
    </p>
   </div>
   <div class='ocr_carea' id='block_1_93' title="bbox 2041 2651 3713 2736">
    <p class='ocr_par' dir='ltr' id='par_1_93' title="bbox 2041 2651 3713 2736">
     <span class='ocr_line' id='line_1_93' title="bbox 2041 2651 3713 2736; baseline 0 -20"><span class='ocrx_word' id='word_1_779' title='bbox 2041 2651 2192 2733; x_wconf 42' lang='grc' dir='ltr'>’ἅπερ</span> <span class='ocrx_word' id='word_1_780' title='bbox 2226 2662 2291 2716; x_wconf 82' lang='grc' dir='ltr'>ἂν</span> <span class='ocrx_word' id='word_1_781' title='bbox 2329 2661 2590 2734; x_wconf 82' lang='grc' dir='ltr'>ἀκούσῃς,</span> <span class='ocrx_word' id='word_1_782' title='bbox 2621 2663 2915 2734; x_wconf 85' lang='grc' dir='ltr'>καταδέχῃ,</span> <span class='ocrx_word' id='word_1_783' title='bbox 2951 2665 3054 2716; x_wconf 89' lang='grc' dir='ltr'>οῦκ</span> <span class='ocrx_word' id='word_1_784' title='bbox 3107 2663 3222 2715; x_wconf 85' lang='grc' dir='ltr'>ἐστι</span> <span class='ocrx_word' id='word_1_785' title='bbox 3261 2662 3418 2716; x_wconf 88' lang='grc' dir='ltr'>τοῦτο</span> <span class='ocrx_word' id='word_1_786' title='bbox 3476 2663 3667 2736; x_wconf 87' lang='grc' dir='ltr'>ἀνδρός</span> <span class='ocrx_word' id='word_1_787' title='bbox 3698 2681 3713 2694; x_wconf 83' lang='grc'><em>’</em></span> 
     </span>
    </p>
   </div>
   <div class='ocr_carea' id='block_1_94' title="bbox 2049 2747 3718 2822">
    <p class='ocr_par' dir='ltr' id='par_1_94' title="bbox 2049 2747 3718 2822">
     <span class='ocr_line' id='line_1_94' title="bbox 2049 2747 3718 2822; baseline 0.001 -22"><span class='ocrx_word' id='word_1_788' title='bbox 2049 2751 2098 2800; x_wconf 90' lang='grc' dir='ltr'>εἰ</span> <span class='ocrx_word' id='word_1_789' title='bbox 2129 2749 2184 2800; x_wconf 84' lang='grc' dir='ltr'>δὲ</span> <span class='ocrx_word' id='word_1_790' title='bbox 2218 2748 2398 2818; x_wconf 90' lang='grc' dir='ltr'>κρίσιν</span> <span class='ocrx_word' id='word_1_791' title='bbox 2421 2749 2685 2819; x_wconf 85' lang='grc' dir='ltr'>ἐχεις’καὶ</span> <span class='ocrx_word' id='word_1_792' title='bbox 2716 2749 2862 2812; x_wconf 90' lang='grc' dir='ltr'>νοῦν,</span> <span class='ocrx_word' id='word_1_793' title='bbox 2893 2751 3110 2812; x_wconf 88' lang='grc' dir='ltr'>πάντως</span> <span class='ocrx_word' id='word_1_794' title='bbox 3132 2747 3255 2822; x_wconf 79' lang='grc' dir='ltr'>εἴσῃ</span> <span class='ocrx_word' id='word_1_795' title='bbox 3279 2750 3338 2801; x_wconf 81' lang='grc' dir='ltr'>τὸ</span> <span class='ocrx_word' id='word_1_796' title='bbox 3369 2749 3551 2806; x_wconf 90' lang='grc' dir='ltr'>καλόν.</span> <span class='ocrx_word' id='word_1_797' title='bbox 3589 2748 3718 2802; x_wconf 65' lang='grc' dir='ltr'>Υἱὲιν</span> 
     </span>
    </p>
   </div>
   <div class='ocr_carea' id='block_1_95' title="bbox 2047 2836 3715 2909">
    <p class='ocr_par' dir='ltr' id='par_1_95' title="bbox 2047 2836 3715 2909">
     <span class='ocr_line' id='line_1_95' title="bbox 2047 2836 3715 2909; baseline 0 -20"><span class='ocrx_word' id='word_1_798' title='bbox 2047 2836 2279 2906; x_wconf 88' lang='grc' dir='ltr'>λέγομεν</span> <span class='ocrx_word' id='word_1_799' title='bbox 2326 2839 2508 2909; x_wconf 78' lang='grc' dir='ltr'>ἡμεῖς,</span> <span class='ocrx_word' id='word_1_800' title='bbox 2571 2836 2984 2908; x_wconf 88' lang='grc' dir='ltr'>ἐπαληθεύομεν</span> <span class='ocrx_word' id='word_1_801' title='bbox 3032 2837 3061 2890; x_wconf 81' lang='grc' dir='ltr'>ὃ</span> <span class='ocrx_word' id='word_1_802' title='bbox 3105 2836 3339 2907; x_wconf 90' lang='grc' dir='ltr'>λέγομεν</span> <span class='ocrx_word' id='word_1_803' title='bbox 3368 2853 3382 2866; x_wconf 87' lang='grc'>·</span> <span class='ocrx_word' id='word_1_804' title='bbox 3432 2837 3628 2890; x_wconf 84' lang='grc' dir='ltr'>ἐκεῖνοι</span> <span class='ocrx_word' id='word_1_805' title='bbox 3658 2837 3715 2889; x_wconf 84' lang='grc' dir='ltr'>δὲ</span> 
     </span>
    </p>
   </div>
   <div class='ocr_carea' id='block_1_96' title="bbox 2046 2923 3716 2997">
    <p class='ocr_par' dir='ltr' id='par_1_96' title="bbox 2046 2923 3716 2997">
     <span class='ocr_line' id='line_1_96' title="bbox 2046 2923 3716 2997; baseline 0.001 -20"><span class='ocrx_word' id='word_1_806' title='bbox 2046 2923 2260 2992; x_wconf 88' lang='grc' dir='ltr'>λέγουσι</span> <span class='ocrx_word' id='word_1_807' title='bbox 2297 2926 2414 2996; x_wconf 85' lang='grc' dir='ltr'>μὲν,</span> <span class='ocrx_word' id='word_1_808' title='bbox 2445 2925 2542 2995; x_wconf 79' lang='grc' dir='ltr'>οὐχ</span> <span class='ocrx_word' id='word_1_809' title='bbox 2564 2925 2884 2996; x_wconf 86' lang='grc' dir='ltr'>ὁμολογοῦσι</span> <span class='ocrx_word' id='word_1_810' title='bbox 2909 2925 2986 2978; x_wconf 88' lang='grc' dir='ltr'>δέ.</span> <span class='ocrx_word' id='word_1_811' title='bbox 3026 2925 3142 2978; x_wconf 82' lang='grc' dir='ltr'>Ἵνα</span> <span class='ocrx_word' id='word_1_812' title='bbox 3172 2925 3228 2978; x_wconf 83' lang='grc' dir='ltr'>δὲ</span> <span class='ocrx_word' id='word_1_813' title='bbox 3256 2926 3348 2978; x_wconf 74' lang='grc' dir='ltr'>καὶ</span> <span class='ocrx_word' id='word_1_814' title='bbox 3383 2925 3716 2997; x_wconf 82' lang='grc' dir='ltr'>σαφέστερον</span> 
     </span>
    </p>
   </div>
   <div class='ocr_carea' id='block_1_97' title="bbox 2048 3006 3712 3083">
    <p class='ocr_par' dir='ltr' id='par_1_97' title="bbox 2048 3006 3712 3083">
     <span class='ocr_line' id='line_1_97' title="bbox 2048 3006 3712 3083; baseline 0.002 -19"><span class='ocrx_word' id='word_1_815' title='bbox 2048 3013 2205 3075; x_wconf 83' lang='grc' dir='ltr'>εῖπω,</span> <span class='ocrx_word' id='word_1_816' title='bbox 2244 3014 2442 3065; x_wconf 90' lang='grc' dir='ltr'>ἐκεῖνοι</span> <span class='ocrx_word' id='word_1_817' title='bbox 2471 3013 2653 3083; x_wconf 80' lang='grc' dir='ltr'>ἔχουσί</span> <span class='ocrx_word' id='word_1_818' title='bbox 2682 3014 2939 3082; x_wconf 74' lang='grc' dir='ltr'>τιναςάφ*</span> <span class='ocrx_word' id='word_1_819' title='bbox 2971 3006 3045 3066; x_wconf 81' lang='grc' dir='ltr'>ὧν</span> <span class='ocrx_word' id='word_1_820' title='bbox 3075 3013 3387 3076; x_wconf 88' lang='grc' dir='ltr'>καλοῦνται,</span> <span class='ocrx_word' id='word_1_821' title='bbox 3422 3013 3587 3067; x_wconf 81' lang='grc' dir='ltr'>αὑτοῦ</span> <span class='ocrx_word' id='word_1_822' title='bbox 3617 3013 3712 3068; x_wconf 81' lang='grc' dir='ltr'>τοῦ</span> 
     </span>
    </p>
   </div>
   <div class='ocr_carea' id='block_1_98' title="bbox 2048 3101 3714 3172">
    <p class='ocr_par' dir='ltr' id='par_1_98' title="bbox 2048 3101 3714 3172">
     <span class='ocr_line' id='line_1_98' title="bbox 2048 3101 3714 3172; baseline 0.002 -21"><span class='ocrx_word' id='word_1_823' title='bbox 2048 3101 2400 3170; x_wconf 86' lang='grc' dir='ltr'>αἱρεσιάρχου</span> <span class='ocrx_word' id='word_1_824' title='bbox 2445 3101 2691 3171; x_wconf 88' lang='grc' dir='ltr'>δηλονότι</span> <span class='ocrx_word' id='word_1_825' title='bbox 2729 3101 2789 3154; x_wconf 83' lang='grc' dir='ltr'>τὸ</span> <span class='ocrx_word' id='word_1_826' title='bbox 2847 3101 3047 3172; x_wconf 74' lang='grc' dir='ltr'>ὄνομα,</span> <span class='ocrx_word' id='word_1_827' title='bbox 3082 3101 3177 3154; x_wconf 76' lang='grc' dir='ltr'>καὶ</span> <span class='ocrx_word' id='word_1_828' title='bbox 3244 3103 3449 3172; x_wconf 79' lang='grc' dir='ltr'>ἑκάστη</span> <span class='ocrx_word' id='word_1_829' title='bbox 3502 3103 3714 3172; x_wconf 79' lang='grc' dir='ltr'>αἵρεσις</span> 
     </span>
    </p>
   </div>
   <div class='ocr_carea' id='block_1_99' title="bbox 2047 3187 3713 3260">
    <p class='ocr_par' dir='ltr' id='par_1_99' title="bbox 2047 3187 3713 3260">
     <span class='ocr_line' id='line_1_99' title="bbox 2047 3187 3713 3260; baseline 0.001 -20"><span class='ocrx_word' id='word_1_830' title='bbox 2047 3189 2248 3257; x_wconf 83' lang='grc' dir='ltr'>ὁμοίως</span> <span class='ocrx_word' id='word_1_831' title='bbox 2280 3204 2294 3218; x_wconf 78' lang='grc' dir='ltr'>ο</span> <span class='ocrx_word' id='word_1_832' title='bbox 2322 3189 2452 3258; x_wconf 84' lang='grc' dir='ltr'>παρ’</span> <span class='ocrx_word' id='word_1_833' title='bbox 2483 3189 2614 3257; x_wconf 82' lang='grc' dir='ltr'>ἡμῖν</span> <span class='ocrx_word' id='word_1_834' title='bbox 2651 3187 2789 3257; x_wconf 83' lang='grc' dir='ltr'>ἀνὴρ</span> <span class='ocrx_word' id='word_1_835' title='bbox 2815 3187 2911 3256; x_wconf 81' lang='grc' dir='ltr'>μὲν</span> <span class='ocrx_word' id='word_1_836' title='bbox 2941 3187 3115 3250; x_wconf 70' lang='grc' dir='ltr'>οὐδεὶς</span> <span class='ocrx_word' id='word_1_837' title='bbox 3140 3187 3339 3240; x_wconf 79' lang='grc' dir='ltr'>ἔδωκεν</span> <span class='ocrx_word' id='word_1_838' title='bbox 3357 3191 3488 3259; x_wconf 80' lang='grc' dir='ltr'>ἡμῖν</span> <span class='ocrx_word' id='word_1_839' title='bbox 3518 3188 3713 3260; x_wconf 76' lang='grc' dir='ltr'>ὄνομα,</span> 
     </span>
    </p>
   </div>
   <div class='ocr_carea' id='block_1_100' title="bbox 2048 3273 3710 3346">
    <p class='ocr_par' dir='ltr' id='par_1_100' title="bbox 2048 3273 3710 3346">
     <span class='ocr_line' id='line_1_100' title="bbox 2048 3273 3710 3346; baseline 0.001 -19"><span class='ocrx_word' id='word_1_840' title='bbox 2048 3276 2083 3344; x_wconf 84' lang='grc' dir='ltr'><strong>ἡ</strong></span> <span class='ocrx_word' id='word_1_841' title='bbox 2125 3274 2182 3327; x_wconf 81' lang='grc' dir='ltr'>δὲ</span> <span class='ocrx_word' id='word_1_842' title='bbox 2243 3273 2427 3338; x_wconf 85' lang='grc' dir='ltr'>πίστις</span> <span class='ocrx_word' id='word_1_843' title='bbox 2469 3275 2626 3345; x_wconf 82' lang='grc' dir='ltr'>αὐτή.</span> <span class='ocrx_word' id='word_1_844' title='bbox 2665 3273 2825 3326; x_wconf 84' lang='grc' dir='ltr'>Ἀλλὰ</span> <span class='ocrx_word' id='word_1_845' title='bbox 2864 3274 3062 3343; x_wconf 74' lang='grc' dir='ltr'>σκῆψις</span> <span class='ocrx_word' id='word_1_846' title='bbox 3091 3274 3249 3327; x_wconf 84' lang='grc' dir='ltr'>τοῦτο</span> <span class='ocrx_word' id='word_1_847' title='bbox 3290 3277 3382 3327; x_wconf 76' lang='grc' dir='ltr'>καὶ</span> <span class='ocrx_word' id='word_1_848' title='bbox 3415 3275 3710 3346; x_wconf 84' lang='grc' dir='ltr'>πρόφασις.</span> 
     </span>
    </p>
   </div>
   <div class='ocr_carea' id='block_1_101' title="bbox 2048 3359 3708 3434">
    <p class='ocr_par' dir='ltr' id='par_1_101' title="bbox 2048 3359 3708 3434">
     <span class='ocr_line' id='line_1_101' title="bbox 2048 3359 3708 3434; baseline 0.001 -21"><span class='ocrx_word' id='word_1_849' title='bbox 2048 3360 2147 3414; x_wconf 83' lang='grc' dir='ltr'>Διά</span> <span class='ocrx_word' id='word_1_850' title='bbox 2168 3360 2219 3414; x_wconf 88' lang='grc' dir='ltr'>τί</span> <span class='ocrx_word' id='word_1_851' title='bbox 2256 3359 2385 3431; x_wconf 81' lang='grc' dir='ltr'>γὰρ,</span> <span class='ocrx_word' id='word_1_852' title='bbox 2418 3359 2541 3413; x_wconf 89' lang='grc' dir='ltr'>εἰπέ</span> <span class='ocrx_word' id='word_1_853' title='bbox 2564 3377 2678 3430; x_wconf 87' lang='grc' dir='ltr'>μοι,</span> <span class='ocrx_word' id='word_1_854' title='bbox 2701 3359 2766 3413; x_wconf 80' lang='grc' dir='ltr'>ἂν</span> <span class='ocrx_word' id='word_1_855' title='bbox 2792 3360 2891 3429; x_wconf 83' lang='grc' dir='ltr'>μὲν</span> <span class='ocrx_word' id='word_1_856' title='bbox 2925 3361 3138 3430; x_wconf 88' lang='grc' dir='ltr'>ἱμάτιον</span> <span class='ocrx_word' id='word_1_857' title='bbox 3190 3360 3388 3434; x_wconf 84' lang='grc' dir='ltr'>μέλλῃς</span> <span class='ocrx_word' id='word_1_858' title='bbox 3427 3363 3708 3433; x_wconf 86' lang='grc' dir='ltr'>πρίασθαι,</span> 
     </span>
    </p>
   </div>
   <div class='ocr_carea' id='block_1_102' title="bbox 2047 3445 3714 3518">
    <p class='ocr_par' dir='ltr' id='par_1_102' title="bbox 2047 3445 3714 3518">
     <span class='ocr_line' id='line_1_102' title="bbox 2047 3445 3714 3518; baseline 0.001 -18"><span class='ocrx_word' id='word_1_859' title='bbox 2047 3449 2224 3501; x_wconf 89' lang='grc' dir='ltr'>καίτοι</span> <span class='ocrx_word' id='word_1_860' title='bbox 2252 3465 2314 3516; x_wconf 91' lang='grc' dir='ltr'>γε</span> <span class='ocrx_word' id='word_1_861' title='bbox 2344 3445 2644 3517; x_wconf 80' lang='grc' dir='ltr'>ὑφαντικῆς</span> <span class='ocrx_word' id='word_1_862' title='bbox 2667 3445 2888 3517; x_wconf 78' lang='grc' dir='ltr'>ἄπειρος</span> <span class='ocrx_word' id='word_1_863' title='bbox 2907 3445 2982 3499; x_wconf 81' lang='grc' dir='ltr'>ὢν</span> <span class='ocrx_word' id='word_1_864' title='bbox 3003 3448 3217 3518; x_wconf 87' lang='grc' dir='ltr'>τέχνης,</span> <span class='ocrx_word' id='word_1_865' title='bbox 3247 3448 3308 3500; x_wconf 85' lang='grc' dir='ltr'>ού</span> <span class='ocrx_word' id='word_1_866' title='bbox 3335 3448 3509 3517; x_wconf 87' lang='grc' dir='ltr'>λέγεις</span> <span class='ocrx_word' id='word_1_867' title='bbox 3538 3449 3714 3504; x_wconf 81' lang='grc' dir='ltr'>ταῦτα</span> 
     </span>
    </p>
   </div>
   <div class='ocr_carea' id='block_1_103' title="bbox 2045 3529 3710 3606">
    <p class='ocr_par' dir='ltr' id='par_1_103' title="bbox 2045 3529 3710 3606">
     <span class='ocr_line' id='line_1_103' title="bbox 2045 3529 3710 3606; baseline 0.001 -18"><span class='ocrx_word' id='word_1_868' title='bbox 2045 3536 2112 3588; x_wconf 76' lang='grc' dir='ltr'>τὰ</span> <span class='ocrx_word' id='word_1_869' title='bbox 2139 3537 2471 3606; x_wconf 78' lang='grc' dir='ltr'>ρήματα,ὄτι</span> <span class='ocrx_word' id='word_1_870' title='bbox 2498 3535 2610 3588; x_wconf 79' lang='grc' dir='ltr'>Οὐκ</span> <span class='ocrx_word' id='word_1_871' title='bbox 2637 3529 2752 3586; x_wconf 78' lang='grc' dir='ltr'>οἰδα</span> <span class='ocrx_word' id='word_1_872' title='bbox 2777 3533 3063 3605; x_wconf 85' lang='grc' dir='ltr'>ἀγοράσαι,</span> <span class='ocrx_word' id='word_1_873' title='bbox 3085 3534 3412 3604; x_wconf 79' lang='grc' dir='ltr'>ἐμπαίζουσί</span> <span class='ocrx_word' id='word_1_874' title='bbox 3441 3552 3551 3606; x_wconf 83' lang='grc' dir='ltr'>μοι’</span> <span class='ocrx_word' id='word_1_875' title='bbox 3576 3535 3710 3590; x_wconf 77' lang='grc' dir='ltr'>ἀλλὰ</span> 
     </span>
    </p>
   </div>
   <div class='ocr_carea' id='block_1_104' title="bbox 2047 3621 3711 3695">
    <p class='ocr_par' dir='ltr' id='par_1_104' title="bbox 2047 3621 3711 3695">
     <span class='ocr_line' id='line_1_104' title="bbox 2047 3621 3711 3695; baseline 0.002 -21"><span class='ocrx_word' id='word_1_876' title='bbox 2047 3624 2220 3676; x_wconf 88' lang='grc' dir='ltr'>πάντα</span> <span class='ocrx_word' id='word_1_877' title='bbox 2251 3626 2423 3685; x_wconf 82' lang='grc' dir='ltr'>ποιεῖς</span> <span class='ocrx_word' id='word_1_878' title='bbox 2452 3622 2592 3674; x_wconf 88' lang='grc' dir='ltr'>ῶστε</span> <span class='ocrx_word' id='word_1_879' title='bbox 2634 3621 2858 3691; x_wconf 88' lang='grc' dir='ltr'>μαθεῖν;</span> <span class='ocrx_word' id='word_1_880' title='bbox 2901 3621 3020 3675; x_wconf 81' lang='grc' dir='ltr'>Κᾶν</span> <span class='ocrx_word' id='word_1_881' title='bbox 3052 3622 3179 3676; x_wconf 78' lang='grc' dir='ltr'>ἄλλο</span> <span class='ocrx_word' id='word_1_882' title='bbox 3230 3623 3406 3676; x_wconf 83' lang='grc' dir='ltr'>ὁτιοῦν</span> <span class='ocrx_word' id='word_1_883' title='bbox 3443 3623 3711 3695; x_wconf 76' lang='grc' dir='ltr'>βουληθῇς</span> 
     </span>
    </p>
   </div>
   <div class='ocr_carea' id='block_1_105' title="bbox 2045 3709 3712 3782">
    <p class='ocr_par' dir='ltr' id='par_1_105' title="bbox 2045 3709 3712 3782">
     <span class='ocr_line' id='line_1_105' title="bbox 2045 3709 3712 3782; baseline 0.001 -19"><span class='ocrx_word' id='word_1_884' title='bbox 2045 3710 2358 3781; x_wconf 85' lang='grc' dir='ltr'>ὠνήσασθαι</span> <span class='ocrx_word' id='word_1_885' title='bbox 2390 3749 2404 3768; x_wconf 84' lang='grc'><strong>.</strong></span> <span class='ocrx_word' id='word_1_886' title='bbox 2464 3712 2642 3766; x_wconf 83' lang='grc' dir='ltr'>πάντα</span> <span class='ocrx_word' id='word_1_887' title='bbox 2685 3712 2860 3772; x_wconf 87' lang='grc' dir='ltr'>ποιεῖς</span> <span class='ocrx_word' id='word_1_888' title='bbox 2910 3709 3377 3782; x_wconf 80' lang='grc' dir='ltr'>πολυπραγμονῶν</span> <span class='ocrx_word' id='word_1_889' title='bbox 3415 3726 3429 3740; x_wconf 83' lang='grc'><em>’</em></span> <span class='ocrx_word' id='word_1_890' title='bbox 3476 3712 3712 3765; x_wconf 86' lang='grc' dir='ltr'>ἐνταῦθα</span> 
     </span>
    </p>
   </div>
   <div class='ocr_carea' id='block_1_106' title="bbox 2044 3796 3708 3867">
    <p class='ocr_par' dir='ltr' id='par_1_106' title="bbox 2044 3796 3708 3867">
     <span class='ocr_line' id='line_1_106' title="bbox 2044 3796 3708 3867; baseline 0.001 -17"><span class='ocrx_word' id='word_1_891' title='bbox 2044 3797 2098 3850; x_wconf 82' lang='grc' dir='ltr'>δὲ</span> <span class='ocrx_word' id='word_1_892' title='bbox 2123 3798 2291 3850; x_wconf 82' lang='grc' dir='ltr'>ταῦτα</span> <span class='ocrx_word' id='word_1_893' title='bbox 2319 3797 2518 3864; x_wconf 83' lang='grc' dir='ltr'>λέγεις.</span> <span class='ocrx_word' id='word_1_894' title='bbox 2573 3797 2735 3850; x_wconf 82' lang='grc' dir='ltr'>’Ὥστε</span> <span class='ocrx_word' id='word_1_895' title='bbox 2766 3797 2859 3849; x_wconf 73' lang='grc' dir='ltr'>ἐπὶ</span> <span class='ocrx_word' id='word_1_896' title='bbox 2879 3796 2957 3866; x_wconf 83' lang='grc' dir='ltr'>τῷ</span> <span class='ocrx_word' id='word_1_897' title='bbox 2980 3797 3124 3867; x_wconf 86' lang='grc' dir='ltr'>λόγῳ</span> <span class='ocrx_word' id='word_1_898' title='bbox 3165 3797 3340 3866; x_wconf 88' lang='grc' dir='ltr'>τούτῳ</span> <span class='ocrx_word' id='word_1_899' title='bbox 3374 3797 3528 3850; x_wconf 77' lang='grc' dir='ltr'>οὐδὲν</span> <span class='ocrx_word' id='word_1_900' title='bbox 3569 3798 3708 3862; x_wconf 79' lang='grc' dir='ltr'>ὅλως</span> 
     </span>
    </p>
   </div>
   <div class='ocr_carea' id='block_1_107' title="bbox 2044 3882 3708 3954">
    <p class='ocr_par' dir='ltr' id='par_1_107' title="bbox 2044 3882 3708 3954">
     <span class='ocr_line' id='line_1_107' title="bbox 2044 3882 3708 3954; baseline 0 -17"><span class='ocrx_word' id='word_1_901' title='bbox 2044 3883 2330 3954; x_wconf 83' lang='grc' dir='ltr'>καταδέξῃ.</span> <span class='ocrx_word' id='word_1_902' title='bbox 2363 3884 2544 3935; x_wconf 85' lang='grc' dir='ltr'>Ἔστω</span> <span class='ocrx_word' id='word_1_903' title='bbox 2572 3882 2772 3950; x_wconf 85' lang='grc' dir='ltr'>γάρτις</span> <span class='ocrx_word' id='word_1_904' title='bbox 2809 3883 2973 3952; x_wconf 81' lang='grc' dir='ltr'>μηδὲν</span> <span class='ocrx_word' id='word_1_905' title='bbox 3023 3883 3158 3946; x_wconf 79' lang='grc' dir='ltr'>ὅλως</span> <span class='ocrx_word' id='word_1_906' title='bbox 3197 3883 3372 3951; x_wconf 87' lang='grc' dir='ltr'>δόγμα</span> <span class='ocrx_word' id='word_1_907' title='bbox 3425 3882 3583 3954; x_wconf 82' lang='grc' dir='ltr'>ἔχων,</span> <span class='ocrx_word' id='word_1_908' title='bbox 3639 3884 3708 3937; x_wconf 83' lang='grc' dir='ltr'>ἂν</span> 
     </span>
    </p>
   </div>
   <div class='ocr_carea' id='block_1_108' title="bbox 2045 3969 3707 4042">
    <p class='ocr_par' dir='ltr' id='par_1_108' title="bbox 2045 3969 3707 4042">
     <span class='ocr_line' id='line_1_108' title="bbox 2045 3969 3707 4042; baseline -0.001 -19"><span class='ocrx_word' id='word_1_909' title='bbox 2045 3972 2290 4034; x_wconf 86' lang='grc' dir='ltr'>κάκεῖνος</span> <span class='ocrx_word' id='word_1_910' title='bbox 2307 3971 2440 4042; x_wconf 84' lang='grc' dir='ltr'>λέγῃ</span> <span class='ocrx_word' id='word_1_911' title='bbox 2467 3970 2494 4022; x_wconf 86' lang='grc' dir='ltr'><strong>ὃ</strong></span> <span class='ocrx_word' id='word_1_912' title='bbox 2517 3986 2584 4022; x_wconf 89' lang='grc' dir='ltr'>πε</span> <span class='ocrx_word' id='word_1_913' title='bbox 2595 3971 2647 4038; x_wconf 75' lang='grc' dir='ltr'>ρὶ</span> <span class='ocrx_word' id='word_1_914' title='bbox 2676 3987 2784 4022; x_wconf 90' lang='grc' dir='ltr'>των</span> <span class='ocrx_word' id='word_1_915' title='bbox 2808 3969 3149 4041; x_wconf 88' lang='grc' dir='ltr'>Χριστιανῶν</span> <span class='ocrx_word' id='word_1_916' title='bbox 3179 3971 3264 4033; x_wconf 83' lang='grc' dir='ltr'>σὺ,</span> <span class='ocrx_word' id='word_1_917' title='bbox 3285 3969 3548 4024; x_wconf 89' lang='grc' dir='ltr'>Τοσοῦτον</span> <span class='ocrx_word' id='word_1_918' title='bbox 3570 3969 3707 4042; x_wconf 81' lang='grc' dir='ltr'>πλῇ-</span> 
     </span>
    </p>
   </div>
   <div class='ocr_carea' id='block_1_109' title="bbox 2047 4057 3707 4130">
    <p class='ocr_par' dir='ltr' id='par_1_109' title="bbox 2047 4057 3707 4130">
     <span class='ocr_line' id='line_1_109' title="bbox 2047 4057 3707 4130; baseline 0.001 -20"><span class='ocrx_word' id='word_1_919' title='bbox 2047 4059 2136 4121; x_wconf 90' lang='grc' dir='ltr'>θος</span> <span class='ocrx_word' id='word_1_920' title='bbox 2167 4058 2465 4130; x_wconf 77' lang='grc' dir='ltr'>άνθρώπων</span> <span class='ocrx_word' id='word_1_921' title='bbox 2485 4060 2621 4123; x_wconf 76' lang='grc' dir='ltr'>ἐστὶ,</span> <span class='ocrx_word' id='word_1_922' title='bbox 2655 4060 2750 4112; x_wconf 78' lang='grc' dir='ltr'>καὶ</span> <span class='ocrx_word' id='word_1_923' title='bbox 2763 4059 3009 4130; x_wconf 89' lang='grc' dir='ltr'>δόγματα</span> <span class='ocrx_word' id='word_1_924' title='bbox 3034 4059 3215 4129; x_wconf 80' lang='grc' dir='ltr'>έχουσι</span> <span class='ocrx_word' id='word_1_925' title='bbox 3237 4058 3474 4130; x_wconf 84' lang='grc' dir='ltr'>διάφορα</span> <span class='ocrx_word' id='word_1_926' title='bbox 3493 4074 3508 4090; x_wconf 80' lang='grc' dir='ltr'><strong>ο</strong></span> <span class='ocrx_word' id='word_1_927' title='bbox 3544 4059 3573 4112; x_wconf 92' lang='grc' dir='ltr'>ό</span> <span class='ocrx_word' id='word_1_928' title='bbox 3603 4057 3707 4130; x_wconf 80' lang='grc' dir='ltr'>μὲν</span> 
     </span>
    </p>
   </div>
   <div class='ocr_carea' id='block_1_110' title="bbox 2046 4145 3708 4217">
    <p class='ocr_par' dir='ltr' id='par_1_110' title="bbox 2046 4145 3708 4217">
     <span class='ocr_line' id='line_1_110' title="bbox 2046 4145 3708 4217; baseline -0.001 -18"><span class='ocrx_word' id='word_1_929' title='bbox 2046 4147 2242 4215; x_wconf 86' lang='grc' dir='ltr'>Ἕλλην</span> <span class='ocrx_word' id='word_1_930' title='bbox 2275 4147 2442 4209; x_wconf 78' lang='grc' dir='ltr'>ἐστὶν,</span> <span class='ocrx_word' id='word_1_931' title='bbox 2481 4149 2509 4200; x_wconf 90' lang='lat'>6</span> <span class='ocrx_word' id='word_1_932' title='bbox 2538 4146 2594 4199; x_wconf 81' lang='grc' dir='ltr'>δὲ</span> <span class='ocrx_word' id='word_1_933' title='bbox 2639 4147 2906 4209; x_wconf 79' lang='grc' dir='ltr'>Ἰουδαῖος,</span> <span class='ocrx_word' id='word_1_934' title='bbox 2947 4148 2974 4198; x_wconf 89' lang='grc' dir='ltr'>ό</span> <span class='ocrx_word' id='word_1_935' title='bbox 2998 4147 3053 4199; x_wconf 76' lang='grc' dir='ltr'>δὲ</span> <span class='ocrx_word' id='word_1_936' title='bbox 3078 4147 3400 4217; x_wconf 89' lang='grc' dir='ltr'>Χριστιανός</span> <span class='ocrx_word' id='word_1_937' title='bbox 3431 4163 3446 4177; x_wconf 75' lang='grc' dir='ltr'>ο</span> <span class='ocrx_word' id='word_1_938' title='bbox 3473 4145 3592 4199; x_wconf 84' lang='grc' dir='ltr'>ούδέ</span> <span class='ocrx_word' id='word_1_939' title='bbox 3647 4145 3708 4198; x_wconf 80' lang='grc' dir='ltr'>ἓν</span> 
     </span>
    </p>
   </div>
   <div class='ocr_carea' id='block_1_111' title="bbox 2042 4231 3708 4304">
    <p class='ocr_par' dir='ltr' id='par_1_111' title="bbox 2042 4231 3708 4304">
     <span class='ocr_line' id='line_1_111' title="bbox 2042 4231 3708 4304; baseline 0 -20"><span class='ocrx_word' id='word_1_940' title='bbox 2042 4233 2123 4285; x_wconf 89' lang='grc' dir='ltr'>δεῖ</span> <span class='ocrx_word' id='word_1_941' title='bbox 2147 4233 2319 4303; x_wconf 88' lang='grc' dir='ltr'>δόγμα</span> <span class='ocrx_word' id='word_1_942' title='bbox 2341 4232 2732 4297; x_wconf 82' lang='grc' dir='ltr'>καταδέξασθαι</span> <span class='ocrx_word' id='word_1_943' title='bbox 2755 4247 2767 4261; x_wconf 75' lang='grc'><strong>⁸</strong></span> <span class='ocrx_word' id='word_1_944' title='bbox 2791 4232 3037 4303; x_wconf 75' lang='grc' dir='ltr'>ἀλλήλοις</span> <span class='ocrx_word' id='word_1_945' title='bbox 3054 4233 3160 4302; x_wconf 86' lang='grc' dir='ltr'>γάρ</span> <span class='ocrx_word' id='word_1_946' title='bbox 3189 4231 3516 4304; x_wconf 88' lang='grc' dir='ltr'>πολεμοῦσιν</span> <span class='ocrx_word' id='word_1_947' title='bbox 3542 4249 3555 4263; x_wconf 76' lang='grc' dir='ltr'><strong>ο</strong></span> <span class='ocrx_word' id='word_1_948' title='bbox 3593 4231 3708 4300; x_wconf 84' lang='grc' dir='ltr'>ἐγὼ</span> 
     </span>
    </p>
   </div>
   <div class='ocr_carea' id='block_1_112' title="bbox 2041 4315 3709 4392">
    <p class='ocr_par' dir='ltr' id='par_1_112' title="bbox 2041 4315 3709 4392">
     <span class='ocr_line' id='line_1_112' title="bbox 2041 4315 3709 4392; baseline -0.001 -17"><span class='ocrx_word' id='word_1_949' title='bbox 2041 4321 2099 4375; x_wconf 81' lang='grc' dir='ltr'>δὲ</span> <span class='ocrx_word' id='word_1_950' title='bbox 2153 4321 2399 4391; x_wconf 81' lang='grc' dir='ltr'>μαθητής</span> <span class='ocrx_word' id='word_1_951' title='bbox 2457 4324 2596 4392; x_wconf 83' lang='grc' dir='ltr'>εἰμι,</span> <span class='ocrx_word' id='word_1_952' title='bbox 2659 4321 2752 4374; x_wconf 70' lang='grc' dir='ltr'>καὶ</span> <span class='ocrx_word' id='word_1_953' title='bbox 2780 4320 2973 4390; x_wconf 86' lang='grc' dir='ltr'>κριτὴς</span> <span class='ocrx_word' id='word_1_954' title='bbox 3003 4323 3062 4374; x_wconf 86' lang='grc' dir='ltr'>ού</span> <span class='ocrx_word' id='word_1_955' title='bbox 3093 4320 3354 4392; x_wconf 85' lang='grc' dir='ltr'>βούλομαι</span> <span class='ocrx_word' id='word_1_956' title='bbox 3386 4315 3547 4386; x_wconf 79' lang='grc' dir='ltr'>εἶναι,</span> <span class='ocrx_word' id='word_1_957' title='bbox 3582 4320 3709 4374; x_wconf 79' lang='grc' dir='ltr'>οὐδὲ</span> 
     </span>
    </p>
   </div>
   <div class='ocr_carea' id='block_1_113' title="bbox 2041 4406 3697 4479">
    <p class='ocr_par' dir='ltr' id='par_1_113' title="bbox 2041 4406 3697 4479">
     <span class='ocr_line' id='line_1_113' title="bbox 2041 4406 3697 4479; baseline 0 -19"><span class='ocrx_word' id='word_1_958' title='bbox 2041 4407 2146 4474; x_wconf 85' lang='grc' dir='ltr'>’ἐξω</span> <span class='ocrx_word' id='word_1_959' title='bbox 2178 4408 2606 4476; x_wconf 83' lang='grc' dir='ltr'>καταγινώσκειν</span> <span class='ocrx_word' id='word_1_960' title='bbox 2628 4410 2656 4449; x_wconf 70' lang='grc' dir='ltr'>δ</span> <span class='ocrx_word' id='word_1_961' title='bbox 2681 4408 2797 4472; x_wconf 77' lang='grc' dir='ltr'>ἐνὸς</span> <span class='ocrx_word' id='word_1_962' title='bbox 2830 4409 3096 4478; x_wconf 89' lang='grc' dir='ltr'>δόγματος</span> <span class='ocrx_word' id='word_1_963' title='bbox 3132 4425 3146 4440; x_wconf 78' lang='grc' dir='ltr'><strong>ο</strong></span> <span class='ocrx_word' id='word_1_964' title='bbox 3208 4408 3390 4461; x_wconf 79' lang='grc' dir='ltr'>οὐκέτι</span> <span class='ocrx_word' id='word_1_965' title='bbox 3438 4425 3520 4461; x_wconf 89' lang='grc' dir='ltr'>σοι</span> <span class='ocrx_word' id='word_1_966' title='bbox 3556 4406 3697 4479; x_wconf 80' lang='grc' dir='ltr'>αῦτη</span> 
     </span>
    </p>
   </div>
   <div class='ocr_carea' id='block_1_114' title="bbox 2040 4494 3703 4567">
    <p class='ocr_par' dir='ltr' id='par_1_114' title="bbox 2040 4494 3703 4567">
     <span class='ocr_line' id='line_1_114' title="bbox 2040 4494 3703 4567; baseline -0.002 -18"><span class='ocrx_word' id='word_1_967' title='bbox 2040 4497 2278 4566; x_wconf 85' lang='grc' dir='ltr'>λοιπὸνή</span> <span class='ocrx_word' id='word_1_968' title='bbox 2309 4498 2577 4567; x_wconf 81' lang='grc' dir='ltr'>πρόφασις</span> <span class='ocrx_word' id='word_1_969' title='bbox 2611 4495 2795 4567; x_wconf 86' lang='grc' dir='ltr'>χώραν</span> <span class='ocrx_word' id='word_1_970' title='bbox 2832 4494 2966 4565; x_wconf 83' lang='grc' dir='ltr'>ἔχει.</span> <span class='ocrx_word' id='word_1_971' title='bbox 3007 4495 3270 4563; x_wconf 79' lang='grc' dir='ltr'>Καθάπερ</span> <span class='ocrx_word' id='word_1_972' title='bbox 3322 4495 3428 4564; x_wconf 81' lang='grc' dir='ltr'>γάρ</span> <span class='ocrx_word' id='word_1_973' title='bbox 3473 4497 3703 4564; x_wconf 73' lang='grc' dir='ltr'>ἴσχυσαν</span> 
     </span>
    </p>
   </div>
   <div class='ocr_carea' id='block_1_115' title="bbox 2039 4576 3693 4646">
    <p class='ocr_par' dir='ltr' id='par_1_115' title="bbox 2039 4576 3693 4646">
     <span class='ocr_line' id='line_1_115' title="bbox 2039 4576 3693 4646; baseline -0.002 -15"><span class='ocrx_word' id='word_1_974' title='bbox 2039 4578 2100 4631; x_wconf 78' lang='grc' dir='ltr'>τὸ</span> <span class='ocrx_word' id='word_1_975' title='bbox 2117 4579 2265 4631; x_wconf 91' lang='grc' dir='ltr'>νόθον</span> <span class='ocrx_word' id='word_1_976' title='bbox 2292 4578 2560 4642; x_wconf 87' lang='grc' dir='ltr'>ἐκϐαλεῖν,</span> <span class='ocrx_word' id='word_1_977' title='bbox 2592 4577 2763 4641; x_wconf 75' lang='grc' dir='ltr'>οὕτως</span> <span class='ocrx_word' id='word_1_978' title='bbox 2805 4577 3044 4646; x_wconf 84' lang='grc' dir='ltr'>ἰσχύσεις</span> <span class='ocrx_word' id='word_1_979' title='bbox 3093 4578 3184 4628; x_wconf 73' lang='grc' dir='ltr'>καὶ</span> <span class='ocrx_word' id='word_1_980' title='bbox 3235 4576 3468 4629; x_wconf 82' lang='grc' dir='ltr'>ἐνταῦθα</span> <span class='ocrx_word' id='word_1_981' title='bbox 3519 4576 3693 4628; x_wconf 85' lang='grc' dir='ltr'>ἐλθὼν</span> 
     </span>
    </p>
   </div>
   <div class='ocr_carea' id='block_1_116' title="bbox 2040 4657 3701 4731">
    <p class='ocr_par' dir='ltr' id='par_1_116' title="bbox 2040 4657 3701 4731">
     <span class='ocr_line' id='line_1_116' title="bbox 2040 4657 3701 4731; baseline -0.002 -18"><span class='ocrx_word' id='word_1_982' title='bbox 2040 4661 2327 4731; x_wconf 84' lang='grc' dir='ltr'>δοκιμάσαι</span> <span class='ocrx_word' id='word_1_983' title='bbox 2348 4661 2408 4712; x_wconf 87' lang='grc' dir='ltr'>τὸ</span> <span class='ocrx_word' id='word_1_984' title='bbox 2428 4661 2721 4723; x_wconf 84' lang='grc' dir='ltr'>λυσιτελές.</span> <span class='ocrx_word' id='word_1_985' title='bbox 2759 4660 2817 4712; x_wconf 89' lang='lat'>&#39;0</span> <span class='ocrx_word' id='word_1_986' title='bbox 2848 4660 2945 4729; x_wconf 83' lang='grc' dir='ltr'>μὲν</span> <span class='ocrx_word' id='word_1_987' title='bbox 2979 4658 3087 4727; x_wconf 76' lang='grc' dir='ltr'>γὰρ</span> <span class='ocrx_word' id='word_1_988' title='bbox 3136 4658 3362 4728; x_wconf 82' lang='grc' dir='ltr'>μηδενὸς</span> <span class='ocrx_word' id='word_1_989' title='bbox 3400 4659 3535 4721; x_wconf 83' lang='grc' dir='ltr'>ὅλως</span> <span class='ocrx_word' id='word_1_990' title='bbox 3576 4657 3701 4727; x_wconf 74' lang='lat'><em>667-</em></span> 
     </span>
    </p>
   </div>
   <div class='ocr_carea' id='block_1_117' title="bbox 2044 4742 3700 4813">
    <p class='ocr_par' dir='ltr' id='par_1_117' title="bbox 2044 4742 3700 4813">
     <span class='ocr_line' id='line_1_117' title="bbox 2044 4742 3700 4813; baseline -0.001 -17"><span class='ocrx_word' id='word_1_991' title='bbox 2044 4761 2210 4813; x_wconf 88' lang='grc' dir='ltr'>ματος</span> <span class='ocrx_word' id='word_1_992' title='bbox 2241 4746 2563 4812; x_wconf 78' lang='grc' dir='ltr'>καταγνοὺς,</span> <span class='ocrx_word' id='word_1_993' title='bbox 2599 4743 2834 4804; x_wconf 78' lang='grc' dir='ltr'>εὐκόλως</span> <span class='ocrx_word' id='word_1_994' title='bbox 2863 4742 3034 4795; x_wconf 86' lang='grc' dir='ltr'>ταῦτα</span> <span class='ocrx_word' id='word_1_995' title='bbox 3064 4744 3179 4810; x_wconf 82' lang='grc' dir='ltr'>ἐρεῖ</span> <span class='ocrx_word' id='word_1_996' title='bbox 3201 4759 3214 4772; x_wconf 83' lang='lat'><strong><em>°</em></strong></span> <span class='ocrx_word' id='word_1_997' title='bbox 3243 4744 3270 4794; x_wconf 87' lang='lat'>6</span> <span class='ocrx_word' id='word_1_998' title='bbox 3291 4743 3346 4794; x_wconf 84' lang='grc' dir='ltr'>δὲ</span> <span class='ocrx_word' id='word_1_999' title='bbox 3378 4745 3700 4810; x_wconf 84' lang='grc' dir='ltr'>καταγνοὺς,</span> 
     </span>
    </p>
   </div>
   <div class='ocr_carea' id='block_1_118' title="bbox 2041 4822 3700 4899">
    <p class='ocr_par' dir='ltr' id='par_1_118' title="bbox 2041 4822 3700 4899">
     <span class='ocr_line' id='line_1_118' title="bbox 2041 4822 3700 4899; baseline -0.001 -21"><span class='ocrx_word' id='word_1_1000' title='bbox 2041 4826 2142 4879; x_wconf 81' lang='grc' dir='ltr'>κᾶν</span> <span class='ocrx_word' id='word_1_1001' title='bbox 2186 4827 2352 4897; x_wconf 85' lang='grc' dir='ltr'>μηδὲν</span> <span class='ocrx_word' id='word_1_1002' title='bbox 2391 4828 2664 4897; x_wconf 74' lang='grc' dir='ltr'>ᾑρημένος</span> <span class='ocrx_word' id='word_1_1003' title='bbox 2690 4822 2746 4899; x_wconf 79' lang='grc' dir='ltr'>ᾖ,</span> <span class='ocrx_word' id='word_1_1004' title='bbox 2783 4823 2887 4892; x_wconf 78' lang='grc' dir='ltr'>ὀδῷ</span> <span class='ocrx_word' id='word_1_1005' title='bbox 2922 4823 3228 4893; x_wconf 79' lang='grc' dir='ltr'>προϐαίνων</span> <span class='ocrx_word' id='word_1_1006' title='bbox 3252 4825 3536 4893; x_wconf 80' lang='grc' dir='ltr'>δυνήσεται</span> <span class='ocrx_word' id='word_1_1007' title='bbox 3572 4841 3700 4877; x_wconf 86' lang='grc' dir='ltr'>συν-</span> 
     </span>
    </p>
   </div>
   <div class='ocr_carea' id='block_1_119' title="bbox 2045 4910 3702 4984">
    <p class='ocr_par' dir='ltr' id='par_1_119' title="bbox 2045 4910 3702 4984">
     <span class='ocr_line' id='line_1_119' title="bbox 2045 4910 3702 4984; baseline -0.001 -19"><span class='ocrx_word' id='word_1_1008' title='bbox 2045 4913 2171 4966; x_wconf 86' lang='grc' dir='ltr'>ιδεῖν</span> <span class='ocrx_word' id='word_1_1009' title='bbox 2198 4913 2258 4966; x_wconf 85' lang='grc' dir='ltr'>τὸ</span> <span class='ocrx_word' id='word_1_1010' title='bbox 2276 4913 2410 4966; x_wconf 89' lang='grc' dir='ltr'>δέον.</span> <span class='ocrx_word' id='word_1_1011' title='bbox 2461 4915 2552 4984; x_wconf 83' lang='grc' dir='ltr'>Μὴ</span> <span class='ocrx_word' id='word_1_1012' title='bbox 2570 4913 2643 4982; x_wconf 82' lang='grc' dir='ltr'>’δὴ</span> <span class='ocrx_word' id='word_1_1013' title='bbox 2684 4910 3054 4981; x_wconf 85' lang='grc' dir='ltr'>σκηπτώμεθα</span> <span class='ocrx_word' id='word_1_1014' title='bbox 3097 4911 3232 4980; x_wconf 80' lang='grc' dir='ltr'>μηδὲ</span> <span class='ocrx_word' id='word_1_1015' title='bbox 3277 4911 3702 4982; x_wconf 74' lang='grc' dir='ltr'>προφασιζὼμε-</span> 
     </span>
    </p>
   </div>
   <div class='ocr_carea' id='block_1_120' title="bbox 2041 4997 3704 5070">
    <p class='ocr_par' dir='ltr' id='par_1_120' title="bbox 2041 4997 3704 5070">
     <span class='ocr_line' id='line_1_120' title="bbox 2041 4997 3704 5070; baseline -0.001 -17"><span class='ocrx_word' id='word_1_1016' title='bbox 2041 5000 2106 5053; x_wconf 88' lang='grc' dir='ltr'>θα</span> <span class='ocrx_word' id='word_1_1017' title='bbox 2132 5018 2145 5032; x_wconf 74' lang='grc' dir='ltr'><strong>ο</strong></span> <span class='ocrx_word' id='word_1_1018' title='bbox 2181 5000 2354 5053; x_wconf 83' lang='grc' dir='ltr'>πάντα</span> <span class='ocrx_word' id='word_1_1019' title='bbox 2383 4999 2491 5069; x_wconf 79' lang='grc' dir='ltr'>γὰρ</span> <span class='ocrx_word' id='word_1_1020' title='bbox 2526 4999 2700 5070; x_wconf 79' lang='grc' dir='ltr'>ῥᾴδια.</span> <span class='ocrx_word' id='word_1_1021' title='bbox 2758 4997 2944 5050; x_wconf 89' lang='grc' dir='ltr'>Βούλει</span> <span class='ocrx_word' id='word_1_1022' title='bbox 2981 5013 3061 5049; x_wconf 91' lang='grc' dir='ltr'>σοι</span> <span class='ocrx_word' id='word_1_1023' title='bbox 3098 4997 3277 5063; x_wconf 81' lang='grc' dir='ltr'>δείξω,</span> <span class='ocrx_word' id='word_1_1024' title='bbox 3317 4998 3396 5051; x_wconf 85' lang='grc' dir='ltr'>ὃτι</span> <span class='ocrx_word' id='word_1_1025' title='bbox 3432 4999 3704 5070; x_wconf 82' lang='grc' dir='ltr'>πρόφασίς</span> 
     </span>
    </p>
   </div>
   <div class='ocr_carea' id='block_1_121' title="bbox 2040 5082 3705 5156">
    <p class='ocr_par' dir='ltr' id='par_1_121' title="bbox 2040 5082 3705 5156">
     <span class='ocr_line' id='line_1_121' title="bbox 2040 5082 3705 5156; baseline 0 -16"><span class='ocrx_word' id='word_1_1026' title='bbox 2040 5089 2154 5140; x_wconf 85' lang='grc' dir='ltr'>ἐστι</span> <span class='ocrx_word' id='word_1_1027' title='bbox 2181 5087 2388 5154; x_wconf 88' lang='grc' dir='ltr'>ταῦτα;</span> <span class='ocrx_word' id='word_1_1028' title='bbox 2419 5087 2500 5140; x_wconf 84' lang='grc' dir='ltr'>Τὰ</span> <span class='ocrx_word' id='word_1_1029' title='bbox 2526 5085 2790 5156; x_wconf 86' lang='grc' dir='ltr'>πρακτέα,</span> <span class='ocrx_word' id='word_1_1030' title='bbox 2817 5085 2912 5138; x_wconf 73' lang='grc' dir='ltr'>καὶ</span> <span class='ocrx_word' id='word_1_1031' title='bbox 2939 5085 3006 5138; x_wconf 78' lang='grc' dir='ltr'>τὰ</span> <span class='ocrx_word' id='word_1_1032' title='bbox 3040 5086 3113 5156; x_wconf 81' lang='grc' dir='ltr'>μὴ</span> <span class='ocrx_word' id='word_1_1033' title='bbox 3136 5086 3386 5156; x_wconf 88' lang='grc' dir='ltr'>πρακτέα</span> <span class='ocrx_word' id='word_1_1034' title='bbox 3409 5082 3585 5152; x_wconf 85' lang='grc' dir='ltr'>οἷδας;</span> <span class='ocrx_word' id='word_1_1035' title='bbox 3612 5087 3705 5140; x_wconf 79' lang='grc' dir='ltr'>διὰ</span> 
     </span>
    </p>
   </div>
   <div class='ocr_carea' id='block_1_122' title="bbox 2039 5171 3702 5246">
    <p class='ocr_par' dir='ltr' id='par_1_122' title="bbox 2039 5171 3702 5246">
     <span class='ocr_line' id='line_1_122' title="bbox 2039 5171 3702 5246; baseline 0.001 -19"><span class='ocrx_word' id='word_1_1036' title='bbox 2039 5177 2089 5227; x_wconf 86' lang='grc' dir='ltr'>τί</span> <span class='ocrx_word' id='word_1_1037' title='bbox 2122 5171 2213 5229; x_wconf 81' lang='grc' dir='ltr'>οὖν</span> <span class='ocrx_word' id='word_1_1038' title='bbox 2246 5177 2313 5229; x_wconf 76' lang='grc' dir='ltr'>τά</span> <span class='ocrx_word' id='word_1_1039' title='bbox 2340 5173 2587 5245; x_wconf 84' lang='grc' dir='ltr'>πρακτέα</span> <span class='ocrx_word' id='word_1_1040' title='bbox 2621 5172 2693 5244; x_wconf 80' lang='grc' dir='ltr'>μὴ</span> <span class='ocrx_word' id='word_1_1041' title='bbox 2730 5175 2988 5243; x_wconf 84' lang='grc' dir='ltr'>πράττεις</span> <span class='ocrx_word' id='word_1_1042' title='bbox 3007 5214 3022 5237; x_wconf 95' lang='grc'>,</span> <span class='ocrx_word' id='word_1_1043' title='bbox 3054 5172 3188 5228; x_wconf 85' lang='grc' dir='ltr'>ἀλλὰ</span> <span class='ocrx_word' id='word_1_1044' title='bbox 3210 5175 3278 5228; x_wconf 81' lang='grc' dir='ltr'>τὰ</span> <span class='ocrx_word' id='word_1_1045' title='bbox 3309 5174 3383 5246; x_wconf 83' lang='grc' dir='ltr'>μὴ</span> <span class='ocrx_word' id='word_1_1046' title='bbox 3413 5178 3702 5246; x_wconf 87' lang='grc' dir='ltr'>πρακτέα;</span> 
     </span>
    </p>
   </div>
   <div class='ocr_carea' id='block_1_123' title="bbox 2041 5261 3703 5334">
    <p class='ocr_par' dir='ltr' id='par_1_123' title="bbox 2041 5261 3703 5334">
     <span class='ocr_line' id='line_1_123' title="bbox 2041 5261 3703 5334; baseline 0.001 -20"><span class='ocrx_word' id='word_1_1047' title='bbox 2041 5263 2252 5333; x_wconf 77' lang='grc' dir='ltr'>Πρᾶξον</span> <span class='ocrx_word' id='word_1_1048' title='bbox 2272 5264 2472 5322; x_wconf 85' lang='grc' dir='ltr'>ἐκεῖνα,</span> <span class='ocrx_word' id='word_1_1049' title='bbox 2504 5263 2598 5314; x_wconf 65' lang='grc' dir='ltr'>κα)⁸</span> <span class='ocrx_word' id='word_1_1050' title='bbox 2639 5261 2784 5331; x_wconf 84' lang='grc' dir='ltr'>ὀρθῷ</span> <span class='ocrx_word' id='word_1_1051' title='bbox 2806 5262 3054 5333; x_wconf 84' lang='grc' dir='ltr'>λογισμῷ</span> <span class='ocrx_word' id='word_1_1052' title='bbox 3104 5263 3340 5333; x_wconf 83' lang='grc' dir='ltr'>ζήτησον</span> <span class='ocrx_word' id='word_1_1053' title='bbox 3392 5264 3544 5334; x_wconf 77' lang='grc' dir='ltr'>παρά</span> <span class='ocrx_word' id='word_1_1054' title='bbox 3606 5263 3703 5316; x_wconf 88' lang='grc' dir='ltr'>τοῦ</span> 
     </span>
    </p>
   </div>
   <div class='ocr_carea' id='block_1_124' title="bbox 2039 5347 3701 5420">
    <p class='ocr_par' dir='ltr' id='par_1_124' title="bbox 2039 5347 3701 5420">
     <span class='ocr_line' id='line_1_124' title="bbox 2039 5347 3701 5420; baseline 0.002 -19"><span class='ocrx_word' id='word_1_1055' title='bbox 2039 5349 2194 5409; x_wconf 87' lang='grc' dir='ltr'>Θεοῦ,</span> <span class='ocrx_word' id='word_1_1056' title='bbox 2224 5353 2313 5400; x_wconf 74' lang='grc' dir='ltr'>καὶ</span> <span class='ocrx_word' id='word_1_1057' title='bbox 2342 5347 2498 5411; x_wconf 83' lang='grc' dir='ltr'>αύτός</span> <span class='ocrx_word' id='word_1_1058' title='bbox 2526 5365 2606 5400; x_wconf 91' lang='grc' dir='ltr'>σοι</span> <span class='ocrx_word' id='word_1_1059' title='bbox 2625 5349 2842 5412; x_wconf 83' lang='grc' dir='ltr'>πάντως</span> <span class='ocrx_word' id='word_1_1060' title='bbox 2861 5349 3218 5420; x_wconf 74' lang='grc' dir='ltr'>ἀποκαλύψει.</span> <span class='ocrx_word' id='word_1_1061' title='bbox 3235 5353 3356 5403; x_wconf 83' lang='grc' dir='ltr'>Οὐκ</span> <span class='ocrx_word' id='word_1_1062' title='bbox 3369 5349 3701 5415; x_wconf 81' lang='grc' dir='ltr'>ἐστιπροσ-</span> 
     </span>
    </p>
   </div>
   <div class='ocr_carea' id='block_1_125' title="bbox 2040 5434 3702 5509">
    <p class='ocr_par' dir='ltr' id='par_1_125' title="bbox 2040 5434 3702 5509">
     <span class='ocr_line' id='line_1_125' title="bbox 2040 5434 3702 5509; baseline 0.001 -21"><span class='ocrx_word' id='word_1_1063' title='bbox 2040 5434 2417 5503; x_wconf 66' lang='grc' dir='ltr'>ωπολήππης,</span> <span class='ocrx_word' id='word_1_1064' title='bbox 2450 5440 2634 5505; x_wconf 66' lang='grc' dir='ltr'>φησὶν,</span> <span class='ocrx_word' id='word_1_1065' title='bbox 2659 5440 2690 5491; x_wconf 88' lang='grc' dir='ltr'>ό</span> <span class='ocrx_word' id='word_1_1066' title='bbox 2719 5437 2867 5509; x_wconf 73' lang='grc'>[260]</span> <span class='ocrx_word' id='word_1_1067' title='bbox 2897 5439 3060 5505; x_wconf 80' lang='grc' dir='ltr'>Θεός’</span> <span class='ocrx_word' id='word_1_1068' title='bbox 3093 5439 3206 5492; x_wconf 77' lang='grc' dir='ltr'>ἀλλ’</span> <span class='ocrx_word' id='word_1_1069' title='bbox 3227 5441 3283 5490; x_wconf 81' lang='grc' dir='ltr'>ἐν</span> <span class='ocrx_word' id='word_1_1070' title='bbox 3308 5437 3472 5489; x_wconf 82' lang='grc' dir='ltr'>παντί</span> <span class='ocrx_word' id='word_1_1071' title='bbox 3504 5437 3644 5490; x_wconf 73' lang='grc' dir='ltr'>ἔθνει</span> <span class='ocrx_word' id='word_1_1072' title='bbox 3669 5439 3702 5490; x_wconf 79' lang='lat'>6</span> 
     </span>
    </p>
   </div>
   <div class='ocr_carea' id='block_1_126' title="bbox 2042 5516 3699 5591">
    <p class='ocr_par' dir='ltr' id='par_1_126' title="bbox 2042 5516 3699 5591">
     <span class='ocr_line' id='line_1_126' title="bbox 2042 5516 3699 5591; baseline 0.003 -24"><span class='ocrx_word' id='word_1_1073' title='bbox 2042 5516 2370 5587; x_wconf 79' lang='grc' dir='ltr'>φοϐούμενος</span> <span class='ocrx_word' id='word_1_1074' title='bbox 2400 5519 2580 5579; x_wconf 73' lang='grc' dir='ltr'>αὑτὸν,</span> <span class='ocrx_word' id='word_1_1075' title='bbox 2604 5520 2698 5573; x_wconf 74' lang='grc' dir='ltr'>καὶ</span> <span class='ocrx_word' id='word_1_1076' title='bbox 2733 5521 3097 5591; x_wconf 75' lang='grc' dir='ltr'>ἐργαζόμενος</span> <span class='ocrx_word' id='word_1_1077' title='bbox 3121 5519 3484 5589; x_wconf 85' lang='grc' dir='ltr'>δικαιοσύνην,</span> <span class='ocrx_word' id='word_1_1078' title='bbox 3513 5519 3699 5583; x_wconf 73' lang='grc' dir='ltr'>δεκτὸς</span> 
     </span>
    </p>
   </div>
   <div class='ocr_carea' id='block_1_127' title="bbox 2041 5605 3698 5680">
    <p class='ocr_par' dir='ltr' id='par_1_127' title="bbox 2041 5605 3698 5680">
     <span class='ocr_line' id='line_1_127' title="bbox 2041 5605 3698 5680; baseline 0.001 -20"><span class='ocrx_word' id='word_1_1079' title='bbox 2041 5605 2188 5676; x_wconf 83' lang='grc' dir='ltr'>αὐτῷ</span> <span class='ocrx_word' id='word_1_1080' title='bbox 2219 5607 2387 5662; x_wconf 88' lang='grc' dir='ltr'>ἐστιν.</span> <span class='ocrx_word' id='word_1_1081' title='bbox 2423 5608 2535 5662; x_wconf 82' lang='grc' dir='ltr'>Οὐκ</span> <span class='ocrx_word' id='word_1_1082' title='bbox 2563 5609 2677 5662; x_wconf 78' lang='grc' dir='ltr'>ἐστι</span> <span class='ocrx_word' id='word_1_1083' title='bbox 2726 5614 2818 5664; x_wconf 85' lang='grc' dir='ltr'>τὸν</span> <span class='ocrx_word' id='word_1_1084' title='bbox 2855 5611 3025 5680; x_wconf 70' lang='grc' dir='ltr'>χωρὶς</span> <span class='ocrx_word' id='word_1_1085' title='bbox 3076 5608 3393 5679; x_wconf 73' lang='grc' dir='ltr'>προλήψεως</span> <span class='ocrx_word' id='word_1_1086' title='bbox 3435 5609 3698 5662; x_wconf 86' lang='grc' dir='ltr'>ἀκούοντα</span> 
     </span>
    </p>
   </div>
   <div class='ocr_carea' id='block_1_128' title="bbox 2045 5691 3700 5768">
    <p class='ocr_par' dir='ltr' id='par_1_128' title="bbox 2045 5691 3700 5768">
     <span class='ocr_line' id='line_1_128' title="bbox 2045 5691 3700 5768; baseline 0.001 -22"><span class='ocrx_word' id='word_1_1087' title='bbox 2045 5693 2120 5765; x_wconf 79' lang='grc' dir='ltr'>μὴ</span> <span class='ocrx_word' id='word_1_1088' title='bbox 2149 5693 2451 5748; x_wconf 89' lang='grc' dir='ltr'>πείθεσθαι.</span> <span class='ocrx_word' id='word_1_1089' title='bbox 2489 5696 2700 5766; x_wconf 83' lang='grc' dir='ltr'>Ὠσπερ</span> <span class='ocrx_word' id='word_1_1090' title='bbox 2723 5695 2832 5767; x_wconf 85' lang='grc' dir='ltr'>γάρ</span> <span class='ocrx_word' id='word_1_1091' title='bbox 2882 5697 2930 5749; x_wconf 91' lang='grc' dir='ltr'>εἰ</span> <span class='ocrx_word' id='word_1_1092' title='bbox 2978 5695 3158 5750; x_wconf 87' lang='grc' dir='ltr'>κανών</span> <span class='ocrx_word' id='word_1_1093' title='bbox 3191 5712 3276 5757; x_wconf 86' lang='grc' dir='ltr'>τις</span> <span class='ocrx_word' id='word_1_1094' title='bbox 3321 5691 3409 5766; x_wconf 79' lang='grc' dir='ltr'>ἦν,</span> <span class='ocrx_word' id='word_1_1095' title='bbox 3468 5696 3603 5768; x_wconf 85' lang='grc' dir='ltr'>πρὸς</span> <span class='ocrx_word' id='word_1_1096' title='bbox 3639 5696 3700 5748; x_wconf 74' lang='grc' dir='ltr'>δν</span> 
     </span>
    </p>
   </div>
   <div class='ocr_carea' id='block_1_129' title="bbox 2102 5877 3694 5942">
    <p class='ocr_par' dir='ltr' id='par_1_129' title="bbox 2102 5877 3694 5942">
     <span class='ocr_line' id='line_1_129' title="bbox 2102 5877 3694 5942; baseline 0.001 -15"><span class='ocrx_word' id='word_1_1097' title='bbox 2102 5879 2126 5907; x_wconf 78' lang='grc'><strong><em>⁸</em></strong></span> <span class='ocrx_word' id='word_1_1098' title='bbox 2153 5877 2286 5928; x_wconf 80' lang='lat' dir='ltr'>Unus</span> <span class='ocrx_word' id='word_1_1099' title='bbox 2323 5880 2580 5941; x_wconf 85' lang='grc' dir='ltr'>μανθάνειν·</span> <span class='ocrx_word' id='word_1_1100' title='bbox 2609 5879 2763 5927; x_wconf 83' lang='grc' dir='ltr'>καίτοι</span> <span class='ocrx_word' id='word_1_1101' title='bbox 2788 5882 2959 5942; x_wconf 83' lang='grc' dir='ltr'>πολλά,</span> <span class='ocrx_word' id='word_1_1102' title='bbox 2997 5884 3192 5932; x_wconf 65' lang='lat' dir='ltr'>caeteris</span> <span class='ocrx_word' id='word_1_1103' title='bbox 3232 5884 3439 5933; x_wconf 61' lang='lat' dir='ltr'>omissis.</span> <span class='ocrx_word' id='word_1_1104' title='bbox 3505 5880 3534 5921; x_wconf 72' lang='grc' dir='ltr'>δ</span> <span class='ocrx_word' id='word_1_1105' title='bbox 3560 5880 3694 5931; x_wconf 84' lang='lat' dir='ltr'>Idem</span> 
     </span>
    </p>
   </div>
   <div class='ocr_carea' id='block_1_130' title="bbox 2046 5941 2926 6004">
    <p class='ocr_par' dir='ltr' id='par_1_130' title="bbox 2046 5941 2926 6004">
     <span class='ocr_line' id='line_1_130' title="bbox 2046 5941 2926 6004; baseline -0.001 -14"><span class='ocrx_word' id='word_1_1106' title='bbox 2046 5941 2185 5991; x_wconf 74' lang='grc' dir='ltr'>εἶναι.</span> <span class='ocrx_word' id='word_1_1107' title='bbox 2225 5943 2280 5991; x_wconf 77' lang='grc' dir='ltr'>Εἰ</span> <span class='ocrx_word' id='word_1_1108' title='bbox 2304 5944 2354 5992; x_wconf 80' lang='grc' dir='ltr'>δέ</span> <span class='ocrx_word' id='word_1_1109' title='bbox 2395 5943 2502 5998; x_wconf 79' lang='grc' dir='ltr'>εἶξω</span> <span class='ocrx_word' id='word_1_1110' title='bbox 2539 5943 2926 6004; x_wconf 79' lang='grc' dir='ltr'>καταγινώσκειν.</span> 
     </span>
    </p>
   </div>
  </div>
