4100 6354
404 190 514 245 2ιὸ

403 307 582 359 πάντα
637 304 1030 361 ἀπευθύνεσθαι
1078 309 1267 381 ἐχρῆν,
1307 312 1368 365 οὐ
1420 311 1619 381 πολλῆς
1657 313 1761 366 ἔδει
1792 313 2055 384 σκέψεως,

401 392 537 445 ἀλλά
567 391 657 444 τὸν
689 396 1139 466 παραμετροῦντα
1168 396 1388 451 εὔκολον
1420 394 1488 469 ἦν
1509 398 1695 453 λαϐεῖν
1725 418 1738 430 ·
1768 400 1941 464 οὓτως
1964 401 2059 453 καὶ

402 479 515 533 νῦν.
552 479 672 543 Πῶς
705 476 797 533 οὖν
823 481 882 533 οὐ
916 483 1207 554 συνορῶσις
1241 486 1419 538 Πολλὰ
1441 488 1617 550 ποιεῖ,
1661 489 1758 541 καὶ
1792 488 2060 559 πρόληψις

401 567 495 620 καὶ⁸
521 565 854 636 ἀνθρώπιναι
886 568 1073 623 αἰτίαι.
1103 571 1272 624 Τοῦτο
1293 573 1386 625 καὶ
1407 574 1533 641 περί
1563 574 1740 644 ἡμῶν,
1781 576 1936 644 φησί,
1960 576 2056 629 καὶ

401 654 595 707 ἐκεῖνοι
626 652 860 720 λέγουσι.
893 655 1049 719 Πῶς;
1096 659 1185 727 Μὴ
1228 660 1336 729 γὰρ
1374 659 1754 730 ἀπεσχίσμεθα
1798 662 1896 731 τῆς
1932 663 2057 717 Ἐκ-

397 736 661 806 κλησίας;
696 738 770 806 μὴ
804 738 911 804 γὰρ
934 740 1288 810 αίρεσιάρχας
1312 742 1540 812 ἔχομεν;
1596 742 1669 815 μὴ
1704 743 1811 813 γάρ
1834 745 1929 797 ἀπ’
1962 745 2059 798 ἀν-

404 815 635 892 θρώπων
682 824 1029 896 καλούμεθα;
1078 827 1152 897 μὴ
1184 829 1291 898 γάρ
1346 830 1756 901 προηγούμενος
1788 831 1942 901 ήμῶν
1974 832 2057 896 τίς

401 910 570 975 ἐστιν,
607 910 794 983 ὥσπερ
818 913 892 983 τῷ
924 914 1021 981 μὲν
1048 916 1333 985 Μαρκίων,
1359 916 1435 987 τῷ
1463 918 1519 970 δὲ
1541 920 1859 989 Μανιχαῖος,
1890 918 1968 989 τῷ
2001 920 2058 973 δὲ

405 992 645 1062 ΙἌρειος,
667 994 745 1065 τῷ
773 996 829 1048 δὲ
858 996 1015 1059 ἄλλος
1045 1015 1126 1061 τις
1150 998 1409 1069 αἱρέσεως
1435 1001 1710 1071 ἀρχηγός;
1771 1003 1833 1056 Εἰ
1869 1003 1925 1057 δὲ
1963 1004 2059 1057 καὶ

400 1081 562 1151 ἡμεῖς
590 1085 958 1155 προσηγορίαν
991 1086 1131 1150 τινὸς
1158 1086 1370 1156 ἔχομεν,
1401 1088 1515 1141 ἀλλ’
1549 1091 1610 1142 οὐ
1639 1092 1764 1154 τοὺς
1785 1091 1883 1161 τῆς
1908 1092 2058 1163 αίρὲ-

403 1182 539 1227 σεως
572 1167 862 1239 ἄρξαντας,
901 1172 1034 1225 ἀλλά
1055 1174 1179 1236 τοὺς
1203 1175 1540 1245 προστάντας
1569 1177 1602 1246 ὴ
1610 1176 1724 1243 μῶν
1747 1177 1840 1230 καὶ
1863 1177 2054 1248 κυϐερ-

402 1255 669 1324 νήσαντας
722 1257 820 1328 τὴν
854 1260 1197 1330 Ἐκκλησίαν.
1224 1262 1336 1314 Οὐκ
1366 1262 1561 1332 ἔχομεν
1584 1263 1936 1327 διδασκάλους
1967 1266 2058 1318 ἐπὶ

400 1343 498 1412 τῆς
518 1344 621 1414 γῆς
646 1362 658 1374 ο
699 1345 772 1416 μὴ
804 1346 1016 1415 γένοιτο
1047 1366 1061 1379 ·
1091 1347 1187 1401 ἕνα
1212 1348 1407 1418 ἔχομεν
1437 1350 1528 1402 τὸν
1558 1353 1616 1405 ἐν
1640 1355 1752 1414 τοῖς
1787 1352 2054 1423 οὐρανοῖς.

401 1430 679 1497 Κάκεῖνοι,
706 1436 860 1504 φησὶ,
884 1428 957 1488 ’τά
981 1436 1119 1489 αὐτά
1157 1438 1567 1506 προϐάλλονται.
1616 1439 1755 1494 Ἀλλ’
1784 1440 2055 1511 ἐφέστηκε

400 1516 463 1569 τὸ
514 1518 683 1585 ὄνομα
717 1521 1059 1594 κατηγοροῦν
1102 1523 1300 1586 αὐτῶν,
1366 1526 1457 1577 καὶ
1492 1526 1803 1596 ὲμφράττον
1841 1528 1910 1581 τά
1940 1527 2059 1580 στό-

404 1621 568 1674 ματα.
602 1609 789 1662 Πολλοί
814 1622 841 1649 ι
869 1610 1152 1679 γεγόνασιν
1179 1612 1456 1683 Ἕλληνες,
1511 1615 1604 1666 καὶ
1658 1614 1832 1679 οὐδεὶς
1879 1616 2053 1670 ταῦτα

1146 193 1205 249 S.
1243 192 1527 251 JOANNIS
1570 195 2061 254 CHRYSOSTOMI
2111 197 2430 255 ARCHIEP.
2472 196 3022 257 CONSTANTINOP.

3702 197 3814 254 266

2154 312 2427 386 ἠρώτησε,
2478 315 2573 368 καὶ
2622 314 2769 386 παρά
2817 315 3127 384 φιλοσόφοις
3157 310 3227 386 ἦν
3267 313 3459 378 ταῦτα,
3495 316 3591 370 καὶ
3634 315 3816 379 οὐδεὶς

2156 402 2399 474 ἐκωλύθη
2430 402 2537 456 τῶν
2566 404 2665 474 τὴν
2702 403 2867 475 ὀρθὴν
2891 404 3103 473 αἵρεσιν
3124 405 3379 475 ἐχόντων.
3432 404 3530 457 Διά
3548 404 3601 457 τί
3627 404 3701 475 μὴ
3732 401 3818 457 εἷ-

2156 506 2255 542 πον
2274 490 2361 543 ὄτε
2389 491 2562 544 ταῦτα
2585 492 2819 555 ἐκίνουν,
2852 492 2934 545 ὅτι
2959 492 3052 545 καὶ
3074 487 3218 546 οὗτοι
3250 494 3493 545 κάκεῖνοι
3532 491 3775 545 Ἰουδαῖοι
3798 506 3816 521 ⁸

2155 576 2261 629 τίνι
2286 578 2367 630 δεῖ
2393 579 2539 648 ἡμᾶς
2568 578 2878 644 πείθεσθαι;
2927 578 3066 632 Ἀλλ’
3093 579 3421 649 ἐπείσθησαν
3442 578 3519 642 ὡς
3548 578 3676 634 ἔδει.
3717 579 3824 633 0-b-

2156 664 2286 717 κοῦν
2316 665 2411 719 καὶ
2450 666 2612 737 ἡμεῖς
2658 665 2975 737 πειθώμεθα
2994 669 3105 727 τοῖς
3146 666 3238 719 τοῦ
3277 667 3414 720 Θεοῦ
3460 667 3664 738 νόμοις,
3720 668 3823 720 καὶ

2156 752 2335 805 πάντα
2362 754 2687 824 πράττωμεν
2721 754 2861 808 κατὰ
2887 753 2947 807 τὸ
2972 753 3121 823 αὐτῷ
3153 754 3365 818 δοκοῦν,
3399 754 3494 809 καὶ
3540 755 3681 809 κατά
3714 755 3824 825 τὴν

2155 838 2317 894 αὐτοῦ
2347 839 2598 911 βούλησιν
2625 840 3088 911 πολιτευσώμεθα,
3104 838 3179 904 ὡς
3203 841 3282 893 ἐτι
3301 840 3465 909 ἐσμὲν
3496 843 3555 895 ἐν
3575 841 3653 912 τῷ
3674 859 3824 912 παρ-

2153 927 2267 979 όντι
2298 927 2414 997 βίῳ,
2467 927 2555 981 ἴνα
2599 927 2738 1000 μετὰ
2771 927 2973 999 ἀρετῆς
3012 928 3104 981 τὸν
3147 928 3440 982 ὑπόλοιπον
3475 928 3667 1001 χρόνον
3711 928 3819 998 τῆς

2157 1012 2301 1084 ζωῆς
2335 1014 2494 1086 ἡμῶν
2521 1015 2887 1081 διανύσαντες.
2947 1015 3058 1069 τῶν
3115 1015 3544 1086 ἐπηγγελμένων
3589 1015 3821 1083 ἀγαθῶν

2155 1102 2268 1164 τοῖς
2327 1103 2615 1170 ἀγαπῶσιν
2670 1103 2830 1157 αὐτὸν
2875 1106 3149 1174 ἐπιτυχεῖν
3178 1102 3557 1172 δυνησώμεθα,
3590 1102 3684 1155 καὶ
3714 1101 3823 1154 σὺν

2153 1189 2265 1251 τοῖς
2294 1188 2719 1262 εὐαρεστήσασιν
2744 1191 2893 1262 αὐτῷ
2930 1191 3097 1261 τιμῆς
3117 1190 3459 1262 ἀξιωθῶμεν,
3504 1190 3687 1261 χάριτι
3721 1188 3825 1241 καὶ

2157 1273 2533 1347 φιλανθρωπίᾳ
2563 1276 2655 1330 τοῦ
2695 1278 3015 1347 μονογενοῦς
3041 1278 3170 1332 Υίοῦ
3204 1278 3392 1340 αὐτοῦ.
3430 1279 3528 1332 καὶ
3574 1276 3671 1331 τοῦ
3700 1294 3816 1328 πα-

2156 1358 2344 1427 ναγίου
2374 1362 2469 1414 καὶ
2501 1363 2764 1426 ξωοποιοῦ
2798 1364 3134 1435 Πνεύματος,
3170 1366 3271 1436 τῆς
3298 1367 3428 1436 μιᾶς
3465 1365 3558 1419 καὶ
3580 1363 3822 1434 ἀληθοῦς

2158 1445 2429 1517 θεότητος,
2462 1450 2556 1503 νῦν
2579 1452 2672 1505 καὶ
2700 1452 2806 1519 ἀεὶ,
2828 1452 2922 1505 καὶ
2945 1453 3025 1517 εἰς
3046 1454 3173 1518 τοὺς
3202 1453 3404 1518 αἰῶνας
3431 1453 3541 1507 τῶν
3576 1451 3820 1506 αἰώνων.

2171 1531 2362 1602 Ἀμήν.

2218 1626 2247 1659 ⁸
2272 1626 2407 1677 Unus
2426 1629 2655 1691 στόματα.
2672 1632 2761 1679 Διά
2782 1630 2828 1679 τί
2844 1632 3028 1682 πολλοί.

486 1735 3669 1775 ._______________________________________

1921 1826 2165 1880 OMIAIA
2205 1828 2325 1883 AA'.

403 1913 645 1985 Παῦλος
685 1913 753 1966 δὲ
785 1913 882 1967 καὶ
933 1916 1244 1982 Βαρνάϐας
1272 1915 1561 1985 διέτριϐον
1599 1916 1670 1969 ἐν
1715 1917 2058 1985 Ἀντιοχείᾳ,

474 1936 645 1980 ῑυιιος
685 1936 753 1966 οε
785 1936 882 1967 και
933 1936 1244 1982 υαρναοας
1272 1936 1561 1985 οιετριοον
1599 1936 1670 1969 εν
1725 1936 1900 1971 Αντιο
1943 1936 2058 1985 ειᾳ,

474 1983 861 2061 διδᾴσειοντες
889 1985 984 2061 καὶ
1015 1985 1524 2061 εὐαχτξτλιζόμενοι
1542 1989 1695 2061 μεζά
1715 1989 1813 2041 καὶ
1844 1936 2062 2061 ἐτέρων

473 2054 718 2126 πολλῶν
744 2052 851 2106 τὸν
869 2055 1053 2126 ,ζόφον
1072 2052 1179 2109 τοῦ
1190 2052 1409 2120 Κυρίου
1448 2052 1608 2110 Μετὰ
1630 2055 1697 2109 δέ
1724 2074 1890 2122 τινας
1912 2052 2053 2126 ἦμέ-

465 2139 579 2191 ρας
607 2119 735 2206 εζπε
775 2119 1012 2206 Παῦλρς
1046 2126 1197 2206 πρὸς
1235 2119 1547 2206 θαρναϐαν
1575 2142 1601 2206 °_
1637 2119 2061 2206 Ἐπιστρέῃρἶν-

470 2210 571 2257 τες
598 2192 673 2260 δὴ
702 2193 1157 2263 ἐπισκεψώμεθα
1190 2192 1330 2261 τοὺς
1351 2195 1652 2263 ἀδελφοὺς
1682 2192 2063 2251 κατὰὴπᾶσαν

471 2259 671 2336 πόλιν,
715 2264 790 2336 εν
814 2259 1421 2336 αἶςήκατηγηηείλαμεν
1444 2259 1551 2319 τόν
1596 2259 1782 2336 λόγον
1812 2268 1918 2322 τοῦ
1950 2271 2061 2322 Κυ-

467 2334 623 2401 ρίου,
654 2333 778 2397 πῶς
804 2333 1075 2401 ἔχουσιν.

471 2422 539 2469 α’.
561 2417 704 2482 Ὅρα
727 2416 886 2470 πάλιν
911 2417 1087 2470 αὐτῶν
1110 2416 1171 2469 τὸ
1190 2417 1462 2481 ταπεινὸν,
1489 2417 1605 2482 πῶς
1626 2418 1719 2472 καὶ
1734 2419 1940 2489 ἑτέροις
1967 2437 2062 2490 με-

402 2504 670 2557 ταδιδόασι
695 2504 787 2557 τοῦ
815 2504 997 2572 λόγου.
1026 2505 1138 2556 Καὶ
1183 2506 1282 2575 ἤδη
1320 2504 1418 2573 μὲν
1456 2504 1564 2557 τῶν
1602 2505 1913 2558 ἀποστόλων
1951 2506 2060 2559 τῶν

400 2590 601 2645 λοιπῶν
636 2591 696 2643 τὸ
720 2588 853 2661 ἦθος
883 2590 1190 2661 ἀνέγραψεν
1229 2592 1358 2660 ἡμῖν
1387 2592 1415 2643 ό
1451 2591 1684 2656 Λουκᾶς,
1729 2592 1941 2655 δεικνὺς
1977 2592 2061 2645 ὅτι

401 2680 430 2731 ό
471 2680 567 2749 μὲν
598 2678 949 2749 ἁπαλώτερος
979 2674 1047 2748 ἦν
1080 2679 1174 2731 καὶ
1205 2677 1404 2747 μᾶλλον
1428 2678 1883 2750 συγγνωμονικός,
1910 2674 2062 2744 οὗτος

400 2768 457 2820 δὲ
483 2766 869 2837 ἀκριϐέστερος
898 2766 992 2819 καὶ⁵
1012 2766 1411 2837 αὐστηρότερος
1442 2781 1459 2799 ⁸
1483 2766 1716 2837 διάφορα
1738 2768 1845 2837 γάρ
1865 2768 2062 2821 ἐστιτὰ

402 2855 715 2924 χαρίσματα
745 2871 758 2885 °
798 2855 878 2906 ὅτι
929 2854 986 2907 δὲ
1038 2854 1132 2906 καὶ
1175 2852 1332 2907 τοῦτο
1369 2854 1636 2924 χάρισμα,
1681 2853 1859 2923 δῆλον.
1921 2853 2060 2907 Ἀλλ’

402 2945 577 2996 ἐκεῖνο
610 2942 709 3010 μὲν
742 2942 946 3013 ἑτέροις
971 2942 1159 3014 ῆθεσιν
1192 2941 1491 3013 ἀνθρώπων
1522 2941 1772 3013 ἁρμόζει,
1800 2941 1956 2995 τοῦτο
2004 2942 2063 2996 δὲ

404 3031 629 3101 ἑτέροις·
658 3029 759 3083 κᾶν
789 3031 1326 3100 μετασκευάσωνται,
1356 3029 1577 3099 γέγονεν
1608 3031 1879 3101 ἄχρηστον
1909 3030 2060 3102 [261]

403 3116 609 3170 λοιπόν.
651 3118 761 3171 Καὶ
791 3118 939 3171 δοκεῖ
983 3118 1081 3189 μὲν
1111 3111 1249 3170 εἷναί
1282 3134 1365 3181 τις
1396 3118 1767 3189 παροξυσμὸς,
1788 3117 1849 3171 τὸ
1876 3118 1933 3171 δὲ
1956 3120 2060 3171 πᾶν

403 3205 682 3275 οἰκονομία
709 3206 871 3258 ἐστίν.
907 3206 1070 3259 Ὥστε
1098 3206 1207 3276 γὰρ
1249 3207 1377 3269 τοὺς
1425 3206 1799 3277 προσήκοντας
1835 3205 2065 3260 ἕκαστον

403 3292 599 3355 τόπους
643 3291 955 3358 ἀπολαϐεῖν,
1005 3293 1160 3346 τοῦτο
1218 3292 1447 3361 γίνεται.
1482 3292 1695 3355 Ἀλλως
1737 3291 1796 3344 δὲ
1824 3292 1921 3346 καὶ
1952 3292 2069 3346 ἔδει

407 3379 609 3442 πάντας
634 3380 731 3449 οὐχ
762 3379 1054 3450 ὁμοτίμους
1084 3376 1242 3443 εἷναι,
1268 3378 1404 3432 ἀλλά
1443 3378 1533 3432 τὸν
1572 3379 1670 3447 μὲν
1713 3379 1927 3451 ἄρχειν,
1971 3379 2065 3433 τὸν

405 3461 461 3514 δὲ
492 3460 788 3531 ἄρχεσθαι·
820 3462 914 3514 καὶ
959 3462 1115 3515 τοῦτο
1139 3461 1501 3531 οἰκονομικόν.
1538 3460 1772 3533 Κύπριοι
1833 3462 1931 3533 μὲν
1954 3464 2066 3535 γάρ

406 3549 557 3603 οὐδὲν
591 3548 829 3601 τοιοῦτον
854 3548 1213 3614 ἐπεδείξαντο,
1235 3545 1346 3602 οἷον
1365 3550 1414 3602 οἰ
1448 3551 1506 3602 ἐν
1546 3549 1845 3622 Ἀντιοχείᾳ
1890 3550 1986 3603 καὶ
2016 3552 2065 3603 οἰ

406 3636 581 3689 λοιποί
606 3652 621 3667 ο
652 3637 748 3690 καὶ
770 3638 962 3690 ἐκεῖνοι
993 3636 1187 3707 μᾶλλον
1212 3637 1419 3690 ἐδέοντο
1441 3637 1533 3691 τοῦ
1555 3637 1719 3709 ἤθους
1737 3637 1831 3691 τοῦ
1851 3637 2070 3691 ἁπαλω-

407 3725 587 3795 τέρου,
634 3720 776 3778 οὗτοι
829 3724 887 3777 δὲ
933 3724 1143 3780 τούτου.
1200 3725 1511 3793 Βαρνάϐας
1557 3725 1626 3779 δὲ
1660 3726 2069 3781 ἐϐουλεύσατο

409 3811 901 3880 συμπαραλαϐεῖν
925 3812 1021 3865 καὶ
1054 3812 1337 3881 Ἰωάννην
1360 3812 1467 3866 τὸν
1500 3814 1881 3885 καλούμενον
1911 3813 2073 3881 Μάρ-

409 3916 521 3953 κον
556 3917 569 3931 ·
609 3900 849 3967 Παῦλος
868 3900 936 3952 δὲ
960 3899 1135 3967 ἠξίου
1169 3899 1275 3952 τὸν
1323 3900 1677 3955 ἀποστάντα
1716 3902 1820 3955 ἀπ’
1868 3899 2068 3955 αὐτῶν

410 3987 526 4040 ἀπὸ
566 3989 935 4055 Παμφυλίας,
966 3987 1060 4040 καὶ
1102 3987 1188 4055 μὴ
1222 3989 1599 4042 συνελθόντα
1644 3987 1851 4054 αὐτοῖς
1877 3990 1963 4054 εἰς
2001 3987 2070 4041 τὸ

410 4076 604 4142 ἔργον,
623 4075 708 4143 μὴ
732 4075 1220 4144 συμπαραλαϐεἷν
1246 4077 1481 4130 τοῦτον.
1513 4077 1783 4147 Ἐγένετο
1801 4072 1915 4131 οὖν
1930 4093 2071 4145 παρ-

415 4157 703 4225 οξυσμὸς,
756 4156 911 4211 ὥστε
948 4157 1313 4226 χωρισθῆναι
1341 4159 1563 4225 αὐτοὺς
1617 4158 1719 4212 ἀπ’
1757 4158 2067 4225 ἀλλήλων,

412 4241 520 4293 τόν
546 4257 607 4292 τε
633 4239 942 4306 Βαρνάϐαν
963 4241 1382 4306 παραλαϐόντα
1412 4240 1518 4295 τὸν
1539 4240 1801 4308 Μάρκον,
1825 4241 2073 4295 ἐκπλεῦ-

413 4338 515 4375 σαι
539 4324 624 4386 εἱς
652 4323 890 4388 Κύπρον
918 4339 932 4352 ·
974 4321 1215 4387 Παῦλος
1253 4322 1323 4375 δὲ
1364 4322 1797 4391 ἐπιλεξάμενος
1860 4324 2069 4388 Σίλαν,

413 4408 631 4474 ἐξῆλθε
694 4407 1044 4477 παραδοθεὶς
1095 4407 1172 4477 τῇ
1220 4410 1415 4479 χάριτι
1476 4409 1583 4463 τοῦ
1633 4410 1783 4463 Θεοῦ
1811 4411 1930 4465 ὑπὸ
1952 4410 2072 4464 τῶν

414 4496 711 4566 ἀδελφῶν.
792 4496 946 4549 Οὕτω
988 4497 1085 4551 καὶ
1140 4498 1350 4561 ἐνητοῖς
1404 4499 1712 4569 προφήταις
1748 4498 2071 4570 εὑρίσκομεν

413 4587 699 4658 διαφόρους
738 4586 961 4659 γνώμας
994 4589 1090 4643 καὶ
1131 4588 1363 4660 διάφορα
1403 4589 1508 4660 ἤθη
1560 4602 1574 4615 ’
1631 4585 1741 4644 οἷον
1791 4593 1820 4644 6
1890 4590 2073 4655 Ἠλίας

414 4676 702 4748 αὐστηρὸς,
738 4679 766 4731 6
806 4678 1045 4747 Μωῦσῆς
1093 4679 1285 4749 πρᾶος.
1335 4678 1444 4732 Καὶ
1476 4678 1900 4732 ἐνταῦθατοίνυν
1950 4697 2075 4749 σφο-

413 4763 664 4834 δρότερός
726 4766 873 4818 ἐστιν
928 4765 957 4818 6
1013 4763 1243 4829 Παῦλος.
1306 4762 1448 4819 Ἀλλ’
1521 4767 1622 4835 ὅρα
1680 4767 1774 4820 καὶ
1820 4766 1961 4819 οὕτω
2013 4768 2073 4820 τὸ

416 4853 654 4916 ἐπιεικὲς
712 4849 897 4907 αὐτοῦ.
952 4852 1170 4917 Ἠξίου,
1222 4853 1376 4924 φησὶ,
1430 4852 1537 4906 τὸν
1585 4854 1935 4907 ἀποστάντα
1971 4856 2071 4908 ἀπ’

414 4937 610 4991 αὐτῶν
642 4938 755 4991 ἀπὸ
791 4940 1143 5008 Παμφυλίας
1165 4940 1250 5008 μὴ
1273 4940 1784 5008 συμπαραλαϐεῖν.
1810 4941 2072 5013 Καθάπερ

416 5025 525 5095 γάρ
557 5042 639 5087 τις
684 5027 985 5095 στρατηγὸς
1018 5028 1117 5080 οὐκ
1152 5027 1218 5080 ἂν
1260 5027 1432 5079 ἒλοιτο
1458 5026 1548 5079 τὸν
1582 5028 1907 5097 σκευοφόρον
1932 5028 2073 5100 ἔχειν

417 5112 502 5165 ἀεὶ
531 5112 795 5182 βάναυσον
827 5128 839 5140 ·
871 5111 1041 5173 οὕτως
1067 5114 1185 5166 οὐδὲ
1213 5113 1240 5164 ὁ
1272 5113 1587 5177 ἀπόστολος.
1630 5113 1798 5167 Τοῦτο
1829 5116 1922 5168 καὶ
1948 5118 2075 5180 τοὺς

415 5200 607 5261 ἄλλους
636 5198 909 5259 ἐπαίδευε,
933 5200 1026 5251 καὶ
1051 5200 1212 5253 αὐτὸν
1240 5200 1569 5271 ὲρῤύθμιζεν
1596 5202 1818 5255 ἐκεῖνον.
1843 5203 2071 5264 Οὐκοῦν,

418 5287 570 5356 φησί,
605 5285 772 5348 κακὸς
798 5288 825 5339 ό
858 5286 1172 5356 Βαρνάϐας;
1222 5288 1486 5358 Οὐδαμῶς
1531 5307 1545 5321 ·
1585 5289 1722 5343 ἀλλά
1746 5290 1837 5343 καὶ
1871 5292 2075 5363 σφόδρα

416 5373 615 5427 ἄτοπον
649 5373 708 5426 τὸ
741 5372 981 5442 νομίζειν
1006 5373 1178 5426 τοῦτο.
1200 5373 1324 5437 Πῶς
1348 5374 1404 5428 δὲ
1423 5376 1521 5429 οὐκ
1543 5376 1741 5431 ἄτοπον
1771 5378 1912 5448 ὑπὲρ
1935 5379 2076 5432 οὔτω

417 5460 746 5549 ⁴πράγματος
768 5458 978 5549 μικροῦ
1003 5457 1188 5549 τοῦτον
1220 5459 1399 5549 λέγειν
1426 5462 1677 5549 γενέσθαι
1701 5465 1895 5549 κακόν;
1938 5465 2073 5518 Ἀλλ’

416 5545 540 5616 ὅρα,
572 5548 651 5600 ὅτι
679 5546 894 5617 πρῶτον
927 5546 1024 5615 μὲν
1049 5546 1216 5599 κακὸν
1242 5546 1392 5600 οὐδὲν
1419 5548 1654 5616 γέγονεν,
1690 5552 1737 5602 εἰ
1765 5545 2076 5623 ὁλοκλήροις

412 5634 619 5688 ἔθνεσιν
661 5634 985 5704 ἀρκοῦντες,
1024 5634 1431 5703 ἀπεσχίσθησαν
1476 5637 1570 5690 ἀπ’
1620 5638 1895 5707 ἀλλήλων,
1935 5640 2071 5695 ἀλλά

410 5723 502 5777 καὶ
545 5722 685 5792 μέγα
731 5722 932 5790 ἀγαθόν
957 5740 970 5755 ο
1001 5722 1189 5775 ἔπειτα
1226 5722 1307 5775 ὅτι
1341 5724 1389 5775 εἰ
1431 5725 1503 5794 μὴ
1536 5725 1692 5778 τοῦτο
1719 5721 1815 5796 ἦν.
1856 5725 1957 5778 οὐκ
2002 5725 2067 5778 ἄν

2157 1921 2349 1975 τοῦτον
2367 1923 2500 1994 μηδὲ
2520 1922 2678 1977 τοῦτο
2704 1924 3008 1996 κρύψαντα.
3053 1923 3192 1977 Ἀλλ’
3226 1924 3273 1977 εἰ
3304 1923 3399 1978 καὶ
3427 1935 3454 1965 ι
3477 1923 3819 1996 χωρισθῆναι

2158 2009 2284 2076 ἔδει,
2312 2011 2466 2080 φησὶ,
2495 2012 2664 2083 χωρὶς
2686 2012 3057 2083 παροξυσμοῦ.
3090 2011 3344 2065 Μάλιστα
3371 2012 3469 2081 μὲν
3492 2007 3583 2065 οὖν
3604 2012 3699 2065 καὶ
3725 2013 3817 2065 ἐν·

2156 2097 2344 2151 τεῦθεν
2362 2099 2631 2153 δείκνυται
2658 2101 2725 2154 τὰ
2754 2101 3091 2172 ἀνθρώπινα.
3114 2101 3177 2153 Εἰ
3206 2098 3318 2170 γὰρ
3337 2100 3429 2152 ἐπὶ
3453 2100 3547 2152 τοῦ
3572 2100 3820 2171 Χριστοῦ

2157 2187 2316 2240 τοῦτο
2358 2188 2467 2242 ἔδει
2518 2189 2773 2257 γενέσθαι
2802 2228 2819 2252 ,
2870 2188 3049 2259 πολλῷ
3099 2187 3297 2257 μᾶλλον
3328 2186 3579 2243 ἐνταῦθα.
3605 2188 3821 2253 Ἀλλως

2158 2276 2217 2329 δὲ
2247 2278 2276 2329 6
2312 2276 2660 2348 παροξυσμὸς
2691 2277 2791 2330 οὐκ
2817 2276 2883 2331 ἂν
2909 2276 2998 2346 εἴη
3036 2275 3267 2344 φαῦλος,
3306 2276 3434 2329 ὅταν
3462 2276 3603 2345 ὑπὲρ
3634 2275 3817 2329 τοιού-

2157 2382 2266 2419 των
2310 2365 2537 2430 ἒκαστος
2577 2365 2897 2436 ἀμφισϐητῇ
2923 2405 2939 2428 ,
2975 2365 3071 2418 καὶ
3110 2364 3250 2436 μετά
3295 2363 3502 2417 δικαίου
3532 2363 3711 2433 λόγου.
3751 2366 3819 2420 Εἰ

2163 2452 2261 2523 μέν
2288 2449 2381 2506 οὖν
2413 2470 2497 2517 τις
2522 2452 2700 2506 αὐτῶν
2727 2453 2788 2505 τὸ
2837 2451 3032 2507 ἑαυτοῦ
3074 2451 3254 2522 ζητῶν
3298 2451 3645 2522 παρωξύνετο
3667 2492 3682 2514 ,
3719 2453 3820 2505 καὶ

2160 2540 2257 2611 τὴν
2285 2542 2365 2602 εἰς
2396 2540 2560 2594 αὐτὸν
2584 2540 2749 2614 τιμὴν
2767 2582 2784 2603 ,
2825 2538 3007 2604 καλῶς
3030 2557 3043 2570 ο
3076 2540 3127 2593 εί
3159 2539 3217 2593 δὲ
3241 2539 3530 2593 παιδεῦσαι
3556 2541 3650 2594 καὶ
3670 2540 3820 2594 διδάο

2162 2624 2248 2690 ξαι
2290 2627 2548 2697 ἑκάτερος
2578 2625 2920 2697 βουλόμενος,
2968 2630 2996 2681 6
3045 2628 3142 2698 μὲν
3183 2626 3411 2698 ταύτην,
3450 2628 3480 2679 6
3521 2627 3578 2680 δὲ
3600 2628 3821 2698 ἐκείνην

2160 2712 2375 2775 ὥδευον,
2422 2712 2582 2766 τοῦτο
2633 2716 2781 2767 ποῖον
2824 2713 3113 2783 ἐγκλημα;
3156 2712 3334 2767 Πολλά
3378 2713 3472 2767 καὶ
3504 2713 3820 2785 ἀνθρωπίνῃ

2159 2799 2366 2871 διανοίᾳ
2411 2800 2626 2855 ἐποίουν
2655 2815 2670 2831 ⁸
2702 2801 2762 2853 οὐ
2809 2802 2917 2871 γάρ
2961 2797 3100 2873 ἦσαν
3150 2800 3284 2853 λίθοι
3312 2800 3345 2872 ἢ
3380 2800 3533 2865 ξύλα.
3568 2802 3677 2855 Καὶ
3712 2801 3824 2871 δρα

2161 2886 2372 2940 Παῦλον
2395 2886 2822 2958 κατηγοροῦντα,
2857 2889 2950 2941 καί
2978 2888 3074 2959 τὴν
3102 2888 3277 2942 αἰτίαν
3310 2887 3557 2957 λέγοντα.
3610 2889 3825 2960 ᾙδεῖτο

2160 2974 2269 3043 γάρ
2300 2973 2388 3028 τὸν
2413 2974 2697 3045 Βαρνάϐαν
2727 2975 2834 3028 ἀπὸ
2885 2976 3387 3046 ταπεινοφροσύνης
3430 2975 3632 3045 πολλῆς
3658 3017 3675 3039 ,
3719 2976 3825 3029 ἅτε

2161 3064 2591 3135 κεκοινωνηκότα
2624 3066 2682 3117 ἐν
2710 3063 2980 3127 τοσούτοις
3020 3064 3168 3132 αὐτῷ
3190 3065 3283 3117 καὶ
3310 3063 3428 3135 μετ’
3449 3062 3614 3117 αὐτοῦ
3646 3064 3780 3116 ὄντα
3802 3078 3819 3095 ο

2164 3151 2277 3203 ἀλλ’
2311 3152 2411 3221 οὐχ
2427 3151 2598 3214 οὓτως
2623 3151 2798 3222 ᾐδεῖτο
2823 3193 2838 3216 ,
2881 3151 3023 3206 ὥστε
3064 3152 3159 3205 καὶ
3197 3150 3443 3223 παριδεῖν
3465 3150 3524 3204 τὸ
3550 3151 3686 3204 δέον.
3722 3150 3828 3214 Τίς

2168 3238 2267 3309 μὲν
2292 3234 2384 3291 οὖν
2435 3237 2657 3309 ἄμεινον
2685 3238 3066 3303 ἐϐουλεύσατο,
3089 3240 3187 3310 οὐχ
3212 3238 3368 3311 ημῶν
3392 3238 3772 3310 ἀποφήνασθαι
3808 3256 3825 3269 ·

2164 3327 2300 3392 τέως
2327 3327 2403 3393 δὲ,
2431 3328 2513 3382 ὅτι
2550 3328 2759 3400 μεγάλη
2789 3330 3009 3397 γέγονεν
3040 3328 3338 3399 οἰκονομία,
3372 3329 3425 3380 εί
3451 3344 3514 3394 γε
3551 3321 3694 3381 οὗτοι
3722 3326 3829 3396 μὲν

2166 3415 2389 3487 ἔμελλον
2411 3415 2660 3487 δεύτερον
2688 3415 3030 3484 ἐπισκέψεως
3062 3412 3371 3481 ἀξιοῦσθαι,
3402 3414 3597 3467 ἐκεῖνοι
3621 3413 3679 3465 δὲ
3700 3413 3829 3467 οὐδέ

2166 3502 2333 3570 ἅπαξ.
2385 3505 2500 3573 Οὐχ
2526 3503 2711 3566 ἁπλῶς
2744 3502 3009 3574 διέτριϐον
3037 3503 3096 3556 ἐν
3139 3501 3436 3573 Ἀντιοχείᾳ
3454 3539 3470 3563 ,
3499 3500 3614 3553 ἀλλ’
3653 3499 3831 3552 ἐδίδα-

2168 3610 2316 3648 σκον.
2349 3594 2414 3647 Τί
2449 3594 2758 3660 ἐδίδασκον;
2789 3594 2842 3649 τί
2866 3594 2922 3647 δὲ
2948 3593 3391 3664 εὐηγγελίζοντος
3440 3591 3579 3655 Τούς
3613 3608 3675 3644 τε
3718 3592 3829 3663 ἤδη

2167 3684 2409 3745 πιστοὺς,
2449 3682 2575 3746 τούς
2598 3699 2657 3735 τε
2687 3681 2916 3735 οὐδέπω.
2960 3680 3180 3752 Ἐπειδὴ
3209 3680 3316 3752 γάρ
3356 3679 3523 3751 μυρία
3553 3677 3831 3732 σκάνδαλα

2166 3764 2255 3841 ἦν,
2275 3769 2382 3823 ἔδει
2407 3770 2505 3841 τῆς
2533 3770 2713 3823 αὐτῶν
2740 3769 3065 3841 παρουσίας.
3101 3769 3176 3823 Τὸ
3219 3767 3549 3840 ζητούμενον
3570 3807 3586 3828 ,
3608 3767 3702 3836 οὐχ
3736 3767 3829 3821 ὅτι

2167 3857 2523 3928 διηνέχθησαν
2538 3856 2685 3930 [εδε]
2698 3859 2756 3911 ἐν
2768 3858 2885 3920 ταῖς
2905 3854 3171 3927 γνώμαις,
3187 3855 3298 3909 ἀλλ’
3313 3858 3395 3909 ὅτι
3410 3853 3708 3923 συγκατέϐη
3716 3870 3824 3905 σαν

2169 3945 2418 4017 ἀλλήλοις
2446 3946 2594 4000 ἰδεῖν.
2635 3944 2791 3999 Οὕτω
2833 3942 3015 4015 μεῖζον
3052 3943 3253 4012 ἀγαθὸν
3284 3942 3475 4012 γέγονε
3503 3944 3565 3995 τὸ
3595 3942 3620 3982 ιι
3655 3957 3823 4011 χωρι-

2170 4032 2363 4103 σθῆναι
2382 4073 2397 4099 ,
2434 4033 2532 4087 καὶ
2562 4033 2838 4105 πρόφασιν
2880 4032 2945 4085 ἐκ
2966 4031 3159 4084 τούτου
3191 4031 3251 4085 τὸ
3278 4032 3509 4102 πρᾶγμα
3536 4029 3713 4083 ἔλαϐε.
3753 4027 3825 4081 Τί

2169 4114 2292 4183 οὗνς
2328 4118 2515 4191 ἐχθροὶ
2560 4119 2946 4190 ἀνεχώρησαν;
2976 4118 3069 4189 Μὴ
3091 4117 3317 4185 γένοιτο.
3357 4116 3521 4187 Ὁρᾷς
3544 4115 3653 4185 γάρ
3685 4116 3827 4184 μετά

2169 4207 2324 4262 τοῦτο
2370 4207 2655 4278 Βαρνάϐαν
2714 4205 2923 4259 πολλῶν
2966 4205 3253 4277 ἐγκωμίων
3303 4203 3639 4259 ἀπολαύοντα
3674 4201 3831 4272 παρά

2171 4295 2384 4350 Παύλου
2407 4298 2464 4349 ἐν
2487 4298 2607 4358 ταῖς
2647 4293 3004 4355 Ἐπιστολαῖς.
3031 4291 3447 4361 Παροξυσμύς,
3482 4292 3669 4361 φησὶν,
3700 4290 3833 4360 ἐγέ-

2170 4400 2307 4437 νετο
2332 4424 2346 4446 ,
2392 4383 2491 4437 οὐκ
2540 4381 2707 4453 ἔχθρα
2756 4381 2877 4435 οὐδὲ
2908 4379 3233 4449 φιλονεικία.
3268 4377 3531 4431 Τοσοῦτον
3555 4378 3769 4447 ἴσχυσεν
3799 4378 3832 4430 6

2172 4469 2552 4542 παροξυσμὸς,
2597 4467 2737 4522 ὥστε
2781 4467 3043 4538 χωρίσαι·
3074 4466 3169 4519 καὶ
3215 4464 3465 4527 εἰκότως.
3497 4463 3672 4535 Ὅπερ
3717 4463 3835 4534 γὰρ

2170 4557 2399 4620 ἕκαστος
2425 4555 2690 4609 ὑπέλαϐεν
2715 4550 2857 4608 εἶναι
2879 4552 3171 4617 λυσιτελὲς,
3201 4552 3357 4605 τοῦτο
3392 4549 3531 4621 μετά
3558 4550 3733 4603 ταῦτα
3761 4551 3833 4603 οὐ

2171 4645 2487 4714 προσήκατο
2507 4642 2596 4696 διὰ
2619 4642 2718 4713 τὴν
2746 4640 2881 4711 πρὸς
2921 4641 3129 4693 ἐκεῖνον
3154 4638 3462 4694 κοινωνίαν.

2244 4734 2308 4801 β’.
2340 4731 2493 4801 Ἑμοί
2508 4730 2654 4783 δοκεῖ
2678 4729 2772 4782 καὶ
2800 4727 2941 4782 κατά
2969 4727 3183 4781 σύνεσιν
3203 4725 3528 4795 γεγενῆσθαι
3546 4724 3636 4778 τὸν
3657 4741 3831 4795 χωρι-

2174 4820 2328 4889 σμὸν,
2354 4819 2449 4871 καὶ
2475 4816 2611 4888 πρός
2640 4816 2899 4886 ἀλλήλους
2914 4818 3104 4875 εἰπεῖν,
3126 4816 3208 4869 ὅτι
3239 4812 3454 4883 Ἐπειδὴ
3489 4811 3598 4881 ἐγὼ
3620 4813 3679 4865 οὐ
3712 4811 3831 4881 βού-

2171 4908 2354 4979 λομαι,
2398 4909 2461 4961 σὺ
2500 4906 2557 4959 δὲ
2592 4905 2789 4975 βούλει,
2830 4905 2917 4957 ἴνα
2959 4904 3034 4974 μὴ
3076 4901 3393 4974 μαχώμεθα,
3427 4899 3834 4970 διανειμώμεθα

2173 4997 2299 5059 τοὺς
2315 4995 2698 5057 τόπους.Ὢστε
2717 4992 2859 5046 πάνυ
2886 4993 3119 5052 εἴκοντες
3149 4988 3397 5059 ἀλλήλοις
3412 4987 3570 5041 τοῦτο
3589 4988 3829 5041 ἐποίουν.

2187 5083 2466 5137 Ἐϐούλετο
2495 5082 2604 5152 γὰρ
2638 5082 2827 5149 στῆναι
2860 5080 2920 5132 τὸ
2952 5078 3163 5131 Παύλου
3202 5076 3486 5149 Βαρνάϐας
3511 5093 3524 5106 ο
3548 5075 3633 5128 διά
3672 5074 3837 5129 τοῦτο

2174 5172 2266 5227 καὶ
2291 5169 2633 5241 ἀνεχώρησεν
2661 5184 2674 5198 ·
2718 5165 2966 5221 ἐϐούλετο
2994 5166 3089 5219 καὶ
3116 5165 3324 5226 Παῦλος
3356 5163 3557 5233 ὁμοίως
3590 5162 3651 5215 τὸ
3687 5164 3834 5216 ἐκεί-

2174 5278 2264 5316 νου
2282 5278 2295 5291 ·
2319 5260 2405 5313 διά
2427 5258 2585 5312 τοῦτο
2606 5258 2699 5311 καί
2724 5255 2883 5318 αὐτὸς
2906 5254 2967 5307 τὸ
2987 5256 3099 5307 ἴσον
3122 5255 3262 5306 ποιεῖ
3279 5253 3374 5305 καὶ
3389 5252 3678 5321 ἀναχωρεῖ.
3702 5251 3831 5303 Εἴθε

2174 5351 2270 5403 καὶ
2299 5350 2462 5420 ἡμεῖς
2491 5345 2764 5408 τοιούτους
2788 5342 3160 5415 ἐχωριζόμεθα
3189 5343 3504 5413 χωρισμούς
3524 5381 3539 5404 ,
3570 5340 3707 5393 ὥστε
3738 5342 3833 5394 ἐπὶ

2176 5439 2435 5509 κήρυγμα
2464 5434 2717 5487 ἁπιέναιί
2765 5432 3005 5498 Παῦλος
3049 5432 3135 5492 δὲ,
3171 5432 3334 5501 φησὶν
3359 5470 3373 5491 ,
3402 5428 3834 5497 ἐπιλεξάμενος

2174 5525 2283 5580 τὸν
2314 5524 2500 5577 Σίλαν
2522 5562 2537 5583 ,
2565 5521 2787 5588 ἐξῆλθε
2816 5518 3169 5587 παραδοθεὶς
3199 5518 3275 5585 τῇ
3309 5518 3500 5586 χάριτι
3531 5516 3639 5570 τοῦ
3683 5516 3835 5570 Θεοῦ

2175 5614 2295 5669 ὑπὸ
2339 5610 2456 5665 τῶν
2502 5608 2797 5677 ἀδελφῶν.
2841 5607 3164 5677 Θαυμαστός
3219 5606 3366 5659 ἐστιν
3403 5601 3553 5668 οὗτος
3590 5601 3618 5656 6
3666 5604 3832 5675 ἀνὴρ,

2233 5759 2250 5781 ³
2275 5757 2409 5806 Unus
2431 5752 2689 5819 κρύψαντα,
2733 5753 2855 5807 ὅλως
2880 5751 2931 5800 δὲ
2961 5751 3002 5799 εἰ
3039 5749 3137 5799 καί.
3203 5747 3233 5789 ιι
3262 5748 3456 5810 Ἀγαθὸν
3496 5747 3611 5797 εῖναι
3649 5746 3726 5809 τό,
3752 5745 3835 5796 sic

417 5810 620 5864 εἴλοντο
650 5810 883 5873 εὐκόλως
915 5810 1129 5881 ἀφεῖναι
1157 5810 1436 5880 ἀλλήλους.
1462 5812 1531 5866 Σὺ
1563 5813 1618 5866 δέ
1661 5830 1749 5882 μοι
1786 5811 2065 5883 θαύμασον
2169 5819 2381 5883 quidam.
