3978 6478
142 352 249 407 N5

142 480 196 523 et
224 467 351 522 facit
372 464 655 537 justitiam,
684 472 933 534 acceptus
960 462 1036 519 illi
1057 471 1159 519 est.
1188 462 1304 519 Non
1336 469 1513 533 potest
1542 462 1607 525 is,
1627 459 1717 530 qui

141 566 347 632 absque
383 558 726 630 przejudieata
767 557 1020 629 opinione
1054 556 1222 623 audit,
1252 570 1359 610 non
1392 553 1719 624 persuaderi.

143 653 211 709 Ut
250 655 401 710 enim
427 654 473 708 si
511 653 693 724 regula
731 651 975 723 quaedam
1012 660 1193 717 esset,
1231 649 1299 704 ad
1336 665 1494 720 quam
1536 662 1723 702 omnes

138 745 293 816 dirigi
318 755 612 815 Oporteret,
636 759 741 799 non
765 744 929 798 multa
949 743 1377 798 consideratione
1402 756 1536 812 opus
1558 748 1722 802 esset,

138 836 234 893 sed
265 837 409 892 male
444 837 750 891 metientem
781 835 936 890 facile
961 833 1487 901 deprehenderemus
1522 850 1535 886 :
1570 832 1642 887 ita
1671 840 1726 887 et

139 943 306 984 nunc.
336 928 620 997 Quomodo
644 943 775 1000 ergo
803 942 909 982 non
941 926 1160 981 vident?
1187 927 1345 982 Multa
1379 926 1430 981 id
1456 925 1721 990 efficiunt,

138 1020 485 1089 przejudicata
508 1020 711 1090 Opinio.
743 1020 1095 1087 liumanmque
1113 1033 1311 1073 causae.
1334 1017 1448 1072 Hoc
1474 1017 1633 1072 etiam
1655 1015 1726 1072 de

137 1113 320 1180 nobis,
354 1113 585 1183 inquies,
612 1113 686 1167 illi
718 1112 922 1167 dicunt.
949 1110 1265 1178 Quomodo?
1289 1127 1413 1165 num
1441 1110 1508 1165 ab
1538 1109 1725 1165 Eccle-

136 1206 213 1260 sia
236 1220 342 1260 nos
361 1205 695 1261 excidimus?
722 1222 847 1261 num
873 1204 1256 1262 haeresiarchas
1278 1204 1571 1259 habemus?
1596 1219 1724 1259 num

134 1295 206 1350 ab
230 1295 542 1352 hominibus
576 1312 772 1352 nomen
799 1295 1133 1368 accipimus?
1174 1311 1300 1350 num
1325 1293 1435 1349 dux
1460 1294 1722 1364 quispiam

136 1389 297 1443 nobis
339 1397 460 1450 est,
505 1398 563 1443 ut
610 1389 717 1444 illis
756 1388 1014 1454 Marcion,
1066 1388 1172 1443 illis
1214 1386 1573 1450 Manichaus,
1620 1386 1726 1441 illis

134 1483 302 1538 Arius
324 1520 347 1549 ,
388 1482 493 1537 illis
521 1482 657 1536 alius
686 1482 906 1537 haeresis
934 1480 1216 1551 princeps?
1241 1479 1392 1548 Quod
1422 1480 1467 1534 si
1500 1493 1598 1532 nos
1625 1492 1725 1532 cu-

132 1573 371 1643 iuspiam
400 1588 599 1628 nomen
633 1573 900 1638 feramus;
931 1581 988 1627 at
1014 1587 1121 1628 non
1150 1570 1410 1628 habemus
1438 1579 1600 1626 secta:
1625 1584 1726 1625 au-

134 1672 342 1730 ctores,
373 1664 471 1719 sed
499 1663 781 1734 prmfectos
806 1673 861 1719 et
885 1665 1268 1735 gubernatores
1294 1662 1573 1719 Ecclesiae.
1605 1662 1723 1718 Non

136 1756 404 1812 habemus
428 1756 715 1826 magistros
743 1771 906 1826 super
927 1765 1127 1812 terram
1151 1755 1342 1819 :absit,
1371 1771 1535 1809 unum
1563 1753 1727 1814 habe-

135 1865 259 1905 mus
302 1851 359 1905 in
397 1850 567 1907 caelis.
608 1849 689 1906 llli
717 1865 961 1923 quoque,
992 1851 1230 1922 inquies,
1260 1848 1376 1905 haec
1407 1850 1722 1905 obtendunt.

141 1986 365 1996 -—-—.-

1056 345 1124 403 IN
1161 346 1340 404 ACTA
1377 338 1902 403 APOSTOLORUM.
1940 343 2171 402 HOMIL.
2202 346 2446 403 XXXIV.

3299 351 3405 418 255.

1831 458 2023 518 Verum
2054 465 2252 522 habent
2278 483 2495 529 nomen,
2519 467 2660 539 quod
2688 466 2809 524 illos
2829 476 3065 531 accusat,
3089 466 3411 541 illorumqne

1826 570 1918 610 ora
1946 556 2195 613 obstruit.
2229 559 2375 614 Multi
2406 559 2554 614 fuere
2578 560 2824 629 gentiles.
2854 567 2909 615 et
2948 559 3125 614 nullus
3166 559 3280 617 btec
3319 561 3406 617 in-

1827 649 2117 719 terrogavit
2146 666 2159 704 :
2193 659 2246 706 et
2266 651 2405 719 apud
2438 650 2787 719 philosophos
2813 651 2927 707 haec
2952 660 3125 716 erant,
3149 662 3204 707 et
3232 653 3411 709 nullus

1828 753 2043 803 eorum,
2070 741 2159 809 qui
2188 750 2388 796 rectam
2420 753 2619 796 sectam
2652 743 2911 798 haberent
2929 784 2944 807 ,
2974 742 3276 812 prohibitus
3305 752 3408 798 est.

1827 829 1936 885 Cur
1964 847 2067 885 non
2095 832 2365 899 dixerunt,
2396 833 2612 903 quando
2643 834 2756 888 lucc
2786 834 3095 896 movebant.
3119 835 3259 905 quod
3281 846 3335 890 et
3356 836 3412 890 bi

1829 932 1883 978 et
1930 923 2005 978 illi
2048 923 2219 979 Judaei
2268 936 2470 989 essent,
2513 935 2569 981 et
2605 926 2708 981 utri
2748 927 3125 996 obtemperare
3152 930 3408 998 oportet?

1828 1014 1934 1070 Sed
1973 1025 2031 1069 ut
2074 1014 2355 1084 Oportebat
2382 1015 2838 1087 obtemperarunt.
2888 1018 2958 1073 Et
3000 1035 3102 1074 nos
3144 1036 3274 1089 ergo
3312 1021 3409 1075 Dei

1829 1105 2034 1176 legibus
2062 1105 2495 1176 obtemperemus
2519 1148 2536 1171 ,
2570 1119 2625 1163 et
2654 1109 2833 1163 omnia
2861 1119 2919 1163 ut
2947 1110 3045 1182 ipsi
3074 1110 3263 1181 placita
3292 1121 3417 1166 sunt

1828 1200 2125 1268 faciamus,
2173 1215 2237 1255 ac
2282 1201 2572 1257 secundum
2613 1201 2731 1270 ejus
2776 1202 3103 1259 voluntatem
3145 1203 3410 1269 vivamus,

1826 1293 1953 1349 dum
1981 1294 2035 1349 in
2062 1293 2314 1363 praesenti
2338 1298 2443 1348 vita
2472 1294 2734 1366 deglmus,
2762 1304 2823 1350 ut
2852 1296 2903 1349 in
2934 1296 3129 1351 virtute
3155 1298 3409 1366 praesenti

1829 1396 2096 1443 transacta
2125 1388 2231 1443 vita
2252 1430 2267 1453 ,
2300 1389 2558 1458 promissa
2590 1388 2936 1457 diligentibus
2960 1406 3020 1445 se
3049 1390 3184 1446 bona
3211 1406 3407 1447 conse-

1827 1496 2055 1552 quamur
2074 1523 2088 1543 ,
2119 1490 2176 1536 et
2203 1496 2323 1537 cum
2357 1481 2421 1536 iis
2448 1482 2538 1551 qui
2568 1481 2667 1551 ipsi
2700 1481 3018 1551 placuerunt
3046 1481 3373 1537 honoremur
3392 1525 3409 1548 ,

1826 1574 1993 1645 gratia
2019 1581 2077 1628 et
2100 1572 2427 1640 benignitate
2454 1572 2710 1642 unigeniti
2737 1572 2854 1626 Filii
2877 1572 2993 1641 ejus
3014 1582 3068 1628 et
3089 1574 3413 1628 sanctissimi

1828 1665 2132 1736 vivificique
2164 1664 2434 1733 Spiritus,
2463 1665 2618 1720 unius
2648 1674 2704 1719 et
2729 1680 2871 1719 verte
2901 1665 3121 1721 Deitatis
3143 1706 3159 1731 ,
3192 1681 3334 1721 nunc
3361 1674 3419 1721 et

1827 1775 2066 1832 semper,
2092 1769 2148 1816 et
2172 1760 2225 1816 in
2247 1759 2439 1815 saecula
2466 1759 2806 1815 saeculorum.
2833 1762 3029 1815 Amen.

1458 2056 1809 2120 HOMILIA
1849 2057 2153 2121 XXXIV.

132 2204 265 2261 Car.
300 2206 373 2260 15
423 2221 476 2257 v.
503 2206 593 2262 35.
625 2205 824 2262 Paulus
841 2218 1008 2262 autem
1042 2217 1089 2263 et
1123 2206 1384 2264 Barnabas
1402 2207 1728 2262 morabantur

205 2298 519 2364 Antiochiae,
545 2300 778 2353 docentes
798 2308 847 2353 et
872 2300 1271 2372 euangelizantes
1289 2316 1405 2354 cum
1424 2300 1541 2354 aliis
1565 2298 1728 2369 pluri-

206 2392 304 2446 bus
347 2391 553 2445 verbum
601 2390 833 2448 Domini.
878 2393 967 2450 36.
1012 2392 1140 2448 Post
1183 2394 1378 2465 aliquot
1420 2402 1588 2447 autem
1622 2392 1729 2447 dics

203 2485 345 2539 dixit
386 2486 458 2539 ad
494 2483 786 2539 Barnabam
827 2483 1026 2541 Paulus
1050 2501 1071 2541 :
1093 2484 1434 2549 Revertentes,
1474 2485 1730 2539 visitemus

205 2577 399 2642 fratres
421 2592 511 2645 per
528 2577 786 2631 universas
805 2577 1045 2641 civitates,
1069 2577 1122 2631 in
1148 2577 1325 2647 quibus
1345 2575 1729 2648 pradicaaimus

206 2666 418 2722 verbum
441 2667 670 2730 Domini.
697 2669 948 2739 quomodo
973 2685 1028 2723 se
1046 2669 1281 2724 habeant.

210 2760 267 2813 1.
295 2757 377 2812 De
406 2757 564 2813 Pauli
596 2775 712 2814 cum
743 2759 979 2814 Barnaba
1011 2760 1342 2816 dissensione.
1368 2789 1440 2803 -—
1468 2759 1603 2816 Vide
1631 2759 1731 2815 ite-

144 2865 262 2905 rum
288 2860 489 2921 quanta
522 2850 821 2906 humilitate
850 2867 1151 2908 sermonem
1180 2868 1301 2908 cum
1334 2852 1453 2907 aliis
1489 2867 1731 2907 commu-

151 2945 344 2999 nicent.
390 2944 462 2999 Et
481 2943 593 3015 jam
620 2944 832 3015 quidem
861 2946 1184 3017 reliquorum
1210 2947 1573 3017 apostolorum
1596 2962 1730 3003 con-

156 3036 481 3090 suetudinem
520 3035 804 3105 descripsit
840 3036 995 3092 nobis
1037 3036 1211 3092 Lucas
1233 3078 1247 3096 .
1279 3037 1571 3093 ostendens
1595 3038 1730 3094 alios

164 3127 422 3181 suaviores
448 3125 979 3197 indulgentioresque
1003 3142 1124 3184 esse
1141 3168 1159 3195 ,
1190 3128 1327 3182 alios
1355 3129 1652 3183 exactiores
1676 3136 1732 3184 et

169 3218 473 3273 austeriores
505 3236 521 3273 :
554 3218 764 3273 diversa
787 3234 1014 3290 namque
1037 3229 1163 3277 sunt
1182 3220 1321 3275 dona
1346 3238 1361 3274 :
1385 3220 1524 3291 quod
1551 3231 1729 3276 autem

165 3308 263 3364 hoc
286 3326 495 3381 quoque
522 3311 592 3365 sit
619 3312 816 3366 donum
846 3312 1033 3383 liquet.
1064 3312 1171 3369 Sed
1202 3313 1330 3370 illud
1365 3314 1579 3384 quidem
1611 3314 1732 3369 aliis

157 3403 421 3458 honiinnm
469 3404 708 3459 moribus
734 3405 1010 3474 competit,
1041 3404 1143 3460 hoc
1184 3416 1361 3461 autem
1396 3407 1550 3471 aliis;
1595 3416 1650 3461 et
1685 3406 1731 3461 si

146 3504 628 3558 cornmutarentur,
659 3497 861 3550 inutilia
885 3495 1076 3552 forent.
1100 3496 1324 3553 Videtur
1346 3498 1560 3568 quidem
1586 3514 1734 3568 quae-

145 3589 266 3641 dam
293 3602 419 3643 esse
448 3587 748 3653 dissensio;
782 3597 950 3643 totum
977 3604 1108 3645 vero
1138 3593 1433 3646 teconomia
1466 3599 1567 3645 est.
1597 3590 1733 3646 Illud

143 3680 286 3733 enim
306 3680 390 3743 lit,
411 3688 471 3733 ut
493 3681 850 3749 unusquisque
871 3681 1046 3736 locum
1064 3683 1152 3751 qui
1169 3681 1268 3737 sibi
1284 3682 1732 3739 conveniatoecu-

140 3781 250 3840 pet.
281 3772 539 3841 Alioquin
561 3785 690 3827 vero
705 3786 809 3827 non
830 3774 1128 3843 oportebat.
1142 3782 1202 3828 ut
1216 3790 1401 3830 omnes
1420 3776 1531 3845 pari
1552 3785 1736 3831 essent

142 3862 358 3918 honore
376 3904 393 3929 ,
428 3863 525 3919 sed
553 3871 609 3917 ut
636 3864 772 3918 alius
800 3874 1085 3933 praeesset,
1110 3864 1250 3921 alius
1282 3865 1524 3922 subditus
1550 3876 1731 3923 esset:

134 3965 193 4010 et
232 3958 346 4011 hoc
382 3957 545 4011 etiam
591 3956 936 4026 providentiae
973 3972 1110 4028 opus
1144 3968 1249 4014 est.
1294 3958 1478 4030 Cyprii
1508 3974 1737 4031 namque

140 4046 274 4102 nihil
310 4047 422 4101 tale
447 4047 837 4115 exbibuerant,
873 4048 1032 4119 quale
1068 4048 1387 4106 Antiocheni
1415 4060 1470 4107 et
1498 4052 1684 4123 reliqui
1718 4070 1733 4109 :

134 4148 191 4193 et
222 4138 302 4193 illi
333 4137 584 4205 mitiore,
616 4138 669 4194 hi
688 4140 969 4211 severiore
996 4140 1252 4211 magistro
1278 4156 1414 4212 opus
1445 4141 1733 4199 habebant.

134 4232 229 4287 57.
248 4229 527 4285 Barnabas
548 4226 714 4285 autem
734 4232 926 4286 volebat
937 4249 1105 4288 secum
1118 4250 1374 4288 assumere
1389 4244 1438 4289 et
1459 4232 1733 4302 Joannem,

135 4324 225 4392 fui
248 4322 651 4392 cognominatur
678 4322 886 4377 Marcus
913 4338 933 4378 .‘
960 4324 1051 4380 58.
1082 4322 1281 4379 Paulus
1308 4334 1475 4380 autem
1502 4326 1734 4397 rogabat,

134 4425 189 4467 ut
206 4414 307 4484 qui
331 4413 641 4469 discessisset
660 4416 722 4469 ab
743 4416 813 4470 eis
833 4416 897 4471 de
923 4415 1258 4488 Pamphylia,
1286 4428 1332 4472 et
1354 4436 1455 4474 non
1476 4431 1602 4475 esset
1622 4408 1751 4475 cum,

133 4512 206 4561 eis
233 4509 297 4562 in
330 4523 483 4577 opus,
504 4523 605 4562 non
634 4507 813 4563 debere
839 4510 1017 4578 recipi.
1042 4509 1134 4567 59.
1163 4509 1326 4564 Facta
1355 4521 1426 4565 est
1453 4512 1612 4582 igitur
1632 4511 1738 4566 dis-

132 4602 309 4656 sensio
336 4640 356 4667 ,
384 4601 461 4653 ita
479 4609 535 4653 ut
560 4600 870 4655 discederent
892 4602 954 4655 ab
984 4602 1193 4657 invicem
1214 4644 1229 4669 ,
1259 4612 1306 4658 et
1334 4602 1598 4659 Barnabas
1620 4605 1736 4675 qui-

134 4695 251 4747 dem
281 4704 557 4762 assumpto
582 4693 760 4748 Marco
788 4696 1044 4765 navigaret
1070 4696 1123 4749 in
1143 4695 1365 4765 Cyprum
1389 4712 1408 4751 :
1424 4697 1514 4752 40.
1540 4695 1738 4752 Paulus

132 4803 255 4841 sero
294 4785 461 4839 electo
504 4784 620 4840 Sila
665 4785 921 4855 profectus
968 4796 1071 4851 est,
1116 4788 1334 4844 traditus
1373 4792 1553 4859 gratia:
1578 4788 1677 4844 Dei
1705 4807 1738 4843 a

131 4879 416 4947 fratribus.
445 4876 535 4934 Sic
558 4886 611 4933 et
636 4879 688 4932 in
715 4879 988 4949 prophetis
1010 4877 1251 4935 diversas
1270 4882 1566 4937 sententias
1591 4897 1739 4937 com-

135 4970 407 5039 perimus,
437 4980 491 5024 et
520 4970 697 5024 Varios
723 4986 934 5025 mores:
960 4970 1102 5025 verbi
1124 4972 1290 5037 gratia
1322 4971 1468 5027 Elias
1493 4982 1738 5030 austeras

130 5071 251 5115 erat
278 5104 297 5126 ,
337 5061 550 5131 Moyses
576 5062 739 5115 mitis.
784 5062 880 5116 Hic
910 5062 1069 5133 igitur
1092 5061 1462 5118 vehementior
1486 5075 1566 5120 est
1596 5065 1737 5119 Pau-

133 5161 238 5208 lus.
284 5153 400 5209 Sed
444 5154 524 5208 sic
562 5162 735 5209 tamen
757 5154 879 5208 vide
908 5155 1369 5209 mansuetudinem
1389 5156 1526 5225 ejus.
1558 5156 1737 5228 Roga-

133 5249 239 5312 bat,
272 5248 477 5317 inquit,
499 5256 555 5299 ut
580 5247 666 5315 qui
688 5248 992 5301 discessisset
1012 5247 1074 5302 ab
1093 5249 1164 5303 eis
1183 5248 1246 5301 de
1272 5247 1610 5320 Pamphylia,
1636 5267 1735 5305 non

131 5342 324 5395 debere
352 5340 533 5408 recipi.
581 5339 648 5396 Ut
684 5342 825 5395 enim
864 5341 1279 5397 duxexercitns
1306 5343 1471 5399 nollet
1502 5344 1734 5415 bajulum

133 5448 361 5503 semper
389 5433 591 5486 habere
616 5433 891 5487 sordidum
916 5473 935 5500 ,
972 5434 1051 5488 sic
1080 5450 1252 5505 neque
1282 5436 1576 5505 apostolus.
1624 5437 1735 5493 Hoc

132 5526 307 5581 etiam
342 5526 480 5580 alios
508 5524 723 5591 docuit,
756 5537 809 5579 et
840 5525 985 5580 illum
1026 5525 1350 5581 emendavit.
1384 5527 1597 5598 Ergone
1628 5529 1731 5582 im-

138 5619 347 5685 probus
393 5617 708 5671 Barnabas?
738 5617 985 5683 Minime;
1016 5618 1123 5673 imo
1151 5619 1306 5675 valde
1330 5620 1617 5675 absurdum
1643 5636 1734 5676 es-

132 5720 219 5763 set
244 5710 302 5763 nl
334 5719 545 5778 putare.
579 5708 857 5777 Quomodo
882 5724 990 5764 non
1017 5710 1305 5765 absurdum
1328 5721 1486 5776 esset,
1517 5713 1588 5767 ob
1617 5729 1731 5768 rem

133 5804 278 5860 adeo
306 5802 481 5860 levem
523 5803 673 5859 illum
711 5804 892 5861 dicere
931 5804 1278 5877 improbum?
1307 5805 1414 5863 Sed
1437 5806 1577 5875 vide,
1605 5809 1730 5880 pri-

1837 2218 1984 2258 mum
2013 2202 2138 2259 hinc
2166 2202 2298 2258 nihil
2321 2202 2446 2258 mali
2468 2204 2804 2274 provenisse,
2826 2205 2871 2258 si
2900 2220 3020 2259 cum
3048 2204 3270 2276 integris
3295 2220 3423 2275 gen—

1836 2295 1978 2350 tibus
2008 2292 2257 2350 sufficere
2284 2304 2524 2365 possent,
2548 2296 2779 2367 separati
2809 2296 2947 2362 sint;
2980 2297 3089 2351 imo
3112 2298 3272 2351 etiam
3299 2296 3426 2352 hinc

1834 2403 2084 2459 magnum
2107 2387 2374 2458 prodiisse
2400 2387 2597 2443 bonum
2630 2405 2643 2442 :
2670 2388 2864 2442 deinde
2887 2428 2902 2449 .
2934 2390 2979 2444 si
3006 2388 3111 2443 hoc
3135 2405 3241 2443 non
3273 2388 3420 2444 acci-

1833 2480 2004 2536 disset
2027 2522 2044 2546 ,
2072 2496 2179 2535 non
2204 2478 2361 2537 facile
2385 2479 2623 2550 separari
2652 2480 2968 2535 voluissent.
2996 2480 3075 2535 Tu
3104 2496 3231 2536 vero
3262 2481 3425 2536 mire-

1818 2574 1911 2651 ;ris
1937 2572 2096 2627 velim
2119 2614 2136 2635 ,
2166 2570 2308 2643 quod
2342 2570 2513 2626 Lucas
2544 2572 2646 2627 hoc
2682 2588 2787 2626 non
2818 2572 3088 2628 celaverit.
3121 2572 3224 2627 Sed
3255 2573 3301 2627 si
3328 2588 3419 2627 se-

1834 2666 2009 2737 parari
2050 2665 2355 2737 oportebat,
2404 2667 2632 2736 inquies,
2676 2668 2864 2722 saltem
2906 2668 3024 2722 sine
3062 2668 3420 2725 dissensione.

1836 2760 1907 2813 At
1951 2758 2075 2813 hinc
2124 2759 2361 2813 maxime
2409 2758 2639 2813 humana
2687 2758 3061 2814 ostenduntur.
3103 2759 3233 2813 Nam
3278 2759 3322 2813 si
3368 2759 3423 2813 in

1836 2850 2052 2908 Christo
2096 2852 2379 2922 oportebat
2421 2854 2554 2918 lieri,
2600 2853 2766 2908 multo
2809 2852 2977 2923 magis
3022 2852 3128 2907 hic.
3174 2853 3424 2924 Alioquin

1837 2960 1968 3001 vero
1995 2945 2262 3001 dissensio
2288 2961 2394 3000 non
2424 2946 2563 3000 mala
2589 2954 2692 3012 est,
2719 2946 2933 3016 quando
2956 2945 3025 3000 de
3052 2944 3247 3001 talibus
3275 2945 3425 3015 quis-

1840 3037 1988 3108 piam
2018 3037 2315 3100 coutendit,
2340 3047 2397 3093 et
2422 3052 2543 3093 cum
2570 3038 2710 3107 justa
2740 3038 2968 3093 ratione.
2990 3038 3046 3094 Si
3073 3048 3219 3094 certe
3238 3054 3425 3094 eorum

1837 3131 2101 3202 quispiam
2128 3148 2247 3201 qua}
2293 3146 2387 3186 sua
2414 3140 2566 3187 erant
2596 3131 2683 3186 vel
2714 3131 2972 3186 honorem
2998 3146 3277 3202 quaerens,
3325 3147 3425 3186 ex-

1837 3235 2114 3295 asperatus
2134 3234 2296 3288 esset,
2328 3226 2465 3279 bene
2495 3224 2885 3294 improbaretur
2916 3242 2930 3279 :
2962 3226 3005 3279 si
3038 3240 3165 3279 vero
3197 3234 3427 3294 uterque

1838 3316 2032 3371 docere
2061 3316 2447 3387 instituereqne
2477 3318 2694 3378 volens,
2727 3317 2861 3370 alter
2893 3316 3010 3379 hac,
3039 3316 3179 3371 alter
3202 3316 3305 3369 alia
3339 3314 3423 3369 via

1838 3407 2097 3477 processit
2140 3424 2153 3460 :
2194 3407 2335 3477 quod
2385 3409 2586 3462 crimen
2634 3407 2832 3461 fuerit?
2879 3408 3039 3461 Multa
3080 3424 3144 3463 ex
3194 3407 3424 3461 humana

1838 3506 2016 3553 mente
2059 3497 2322 3552 faciebant
2354 3515 2496 3551 :non
2527 3498 2669 3552 enim
2696 3505 2852 3552 erant
2892 3497 3095 3567 lapides
3132 3508 3223 3551 ant
3260 3498 3421 3566 ligna.

1838 3587 1910 3643 Et
1934 3589 2054 3643 vide
2080 3589 2300 3644 Paulum
2324 3600 2664 3644 accusantem
2689 3598 2743 3644 et
2767 3605 2981 3643 causam
3004 3589 3291 3644 dicentem.
3321 3589 3427 3645 Re-

1838 3679 2128 3734 verebatur
2148 3680 2291 3733 enim
2322 3679 2615 3734 Barnabam
2646 3694 2753 3749 prae
2779 3679 3077 3734 humilitate
3103 3681 3268 3734 multa
3291 3722 3307 3746 ,
3334 3681 3425 3750 qui

1840 3770 1895 3825 in
1926 3771 2086 3826 tantis
2115 3771 2274 3825 rebus
2300 3770 2399 3825 sibi
2427 3786 2650 3826 consors
2671 3780 2723 3825 et
2744 3786 2923 3826 secum
2957 3771 3160 3836 fuerat;
3191 3771 3285 3827 sed
3318 3786 3423 3825 non

1840 3861 1912 3917 ita
1937 3862 2302 3925 reverebatur,
2326 3871 2386 3916 ut
2408 3862 2642 3916 ofﬁcium
2666 3864 2980 3933 negligeret.
3009 3862 3139 3919 Uter
3164 3879 3292 3933 ergo
3315 3879 3427 3920 me-

1839 3955 1943 4011 lius
1957 3955 2303 4021 consuluerit,
2326 3969 2430 4009 non
2442 3964 2525 4009 est
2546 3964 2784 4009 nostrum
2816 3954 3181 4024 pronuntiare,
3204 3954 3419 4010 interim

1841 4066 1972 4106 vero
2016 4064 2205 4119 magna
2236 4047 2336 4102 fuit
2362 4048 2659 4104 teconomia
2684 4088 2701 4113 ,
2733 4048 2777 4102 si
2808 4047 3021 4117 quidem
3052 4047 3103 4101 lii
3135 4048 3424 4103 secundam

1838 4141 2201 4197 visitationem
2224 4140 2559 4210 assequuturi
2588 4149 2761 4206 erant,
2792 4140 2880 4195 alii
2914 4140 3134 4196 nullam.
3167 4139 3280 4195 Non
3308 4140 3425 4195 sine

1839 4249 1996 4290 causa
2038 4243 2216 4289 autem
2257 4233 2556 4289 Antiochiae
2600 4234 2791 4288 morati
2829 4243 2984 4301 sunt,
3019 4234 3113 4288 sed
3139 4233 3421 4289 docebant.

1840 4327 1979 4395 Quid
2014 4329 2318 4385 docebant?
2362 4330 2488 4401 quid
2531 4328 3007 4401 evangelizabant?
3035 4330 3184 4385 Alios
3208 4328 3422 4400 quidem

1840 4421 2069 4487 ﬁdeles,
2114 4423 2251 4477 alios
2293 4421 2531 4477 nondum
2570 4422 2726 4478 tales.
2783 4421 2919 4490 Quia
2959 4422 3100 4476 enim
3145 4422 3419 4476 innumera

1840 4516 2089 4570 scandala
2125 4524 2314 4579 erant,
2351 4530 2487 4586 opus
2510 4526 2628 4570 erat
2660 4516 2872 4569 illorum
2908 4514 3209 4584 prtcsentia.
3241 4515 3297 4569 In
3324 4513 3424 4569 hac

1840 4609 2138 4677 quaestione
2156 4608 2570 4673 observandum,
2595 4623 2700 4662 non
2731 4608 2784 4662 in
2808 4622 2915 4678 quo
2935 4606 3308 4672 dissenserint,
3327 4607 3421 4662 sed

1842 4699 1895 4754 in
1922 4714 2031 4770 quo
2059 4708 2245 4755 mutuo
2267 4701 2660 4755 consenserint.
2702 4698 2791 4754 Sic
2819 4697 2990 4768 majus
3019 4699 3215 4753 bonum
3242 4714 3307 4753 ex
3336 4715 3421 4753 se-

1842 4794 2118 4862 paratione
2146 4793 2378 4862 prodiit,
2404 4803 2562 4864 atque
2590 4792 2719 4846 inde
2741 4802 2917 4847 ortum
2945 4802 3048 4849 est.
3088 4792 3224 4860 Quid
3255 4792 3423 4862 ergo?

1842 4886 2111 4941 inimicine
2162 4884 2540 4941 recesserunt?
2598 4884 2782 4949 Absit;
2831 4883 2981 4939 vides
3036 4885 3177 4939 enim
3237 4893 3420 4953 postea

1808 5028 1809 5031 η
1841 4980 2137 5036 Barnabam
2174 4980 2358 5036 multis
2388 4980 2635 5036 laudibus
2665 4995 2694 5032 a
2723 4979 2889 5034 Paulo
2913 4979 3172 5034 celebrari
3202 4980 3254 5034 in
3296 4981 3422 5050 Epi-

1840 5073 2011 5128 stolis.
2035 5071 2316 5137 Dissensio,
2341 5073 2528 5142 inquit,
2549 5076 2685 5142 facta
2705 5081 2797 5138 est,
2821 5086 2925 5125 non
2948 5071 3222 5127 inimicitia
3249 5088 3421 5144 neque

1837 5169 2133 5221 contentio.
2169 5166 2398 5221 Tantum
2427 5166 2590 5221 valuit
2613 5165 2896 5231 dissensio,
2929 5176 2985 5220 ut
3010 5175 3418 5236 separarentur;

1838 5268 1895 5314 et
1915 5259 2038 5330 jure
2062 5259 2300 5329 quidem.
2321 5258 2453 5313 Nam
2476 5258 2616 5328 quod
2640 5267 2866 5328 uterque
2892 5259 3109 5327 putabat
3134 5260 3260 5314 utile
3284 5259 3418 5327 fore,

1842 5361 2030 5422 postea
2053 5367 2157 5405 non
2185 5351 2512 5415 admisisset,
2540 5364 2606 5404 eo
2629 5350 2771 5420 quod
2800 5350 2957 5405 simul
2986 5358 3185 5406 essent.

1907 5443 1964 5498 2.
1990 5444 2114 5498 Mihi
2138 5443 2348 5497 videtur
2389 5442 2530 5496 illam
2560 5444 2948 5513 separationem
2983 5441 3271 5512 prudenter
3300 5456 3419 5497 esse

1837 5533 2031 5591 faetam
2055 5576 2071 5602 ,
2112 5535 2337 5605 illosque
2369 5544 2554 5589 mutuo
2581 5534 2782 5591 dixisse
2811 5553 2825 5589 :
2855 5534 3291 5604 Quandoquidem
3318 5548 3419 5601 ego

1838 5628 1982 5691 uolo,
2018 5636 2072 5680 tu
2098 5637 2275 5682 autem
2305 5628 2412 5694 vis;
2444 5637 2500 5682 ut
2533 5644 2599 5683 ne
2628 5643 2940 5698 pugnemus,
2984 5628 3096 5682 loca
3131 5624 3415 5679 distribua-

1837 5735 1975 5772 mus.
2006 5718 2187 5789 ltaque
2215 5721 2436 5774 multum
2464 5721 2565 5776 sibi
2596 5730 2779 5793 mutuo
2819 5718 3071 5774 cedentes
3109 5717 3209 5772 hoc
3250 5716 3416 5770 facie-

1835 5809 1984 5866 bant.
2009 5809 2230 5867 Volebat
2252 5811 2520 5869 Barnabas
2544 5823 2687 5870 stare
2700 5811 2840 5885 quod
2870 5810 3064 5868 Paulus
3084 5809 3422 5872 decreverat;
