3978 6482
580 339 686 395 247

576 457 698 513 ideo
716 455 937 511 recessit
960 473 974 511 :
996 454 1209 510 volebat
1231 452 1480 508 similiter
1502 454 1692 508 Paulus
1706 456 1846 523 quod
1879 453 1953 509 illi
1969 455 2150 525 placeo

577 549 696 612 bat;
742 548 965 617 ideoque
994 556 1048 602 et
1077 547 1189 616 ipse
1215 546 1439 602 recedit.
1474 545 1686 601 Utinam
1714 562 1810 602 nos
1836 563 2049 618 quoque
2076 557 2158 603 ta-

576 640 653 694 les
693 641 1058 708 separationes
1100 637 1523 703 admitteremus,
1564 647 1624 691 ut
1655 638 1721 692 ad
1764 639 2157 708 praedicandum

574 732 864 787 abiremus.
898 728 1095 783 Paulus
1123 738 1317 790 autent,
1356 728 1548 798 inquit,
1580 730 1738 783 electo
1765 728 1880 785 Sila
1904 735 2160 801 profectus

571 834 667 890 est,
698 826 912 878 traditus
937 823 1116 893 gratia:
1143 821 1232 874 Dei
1252 838 1283 873 a
1306 820 1569 893 fratribus.
1595 821 1940 876 Admirabilis
1961 831 2041 876 est
2071 821 2159 877 hic

577 919 659 971 vir
699 926 753 972 et
783 916 935 970 valde
980 929 1221 984 magnus.
1256 914 1551 968 Plurimum
1583 929 1715 969 vero
1742 914 1921 969 Marco
1960 914 2160 985 profuit

572 1009 685 1063 haec
717 1022 910 1078 pugna.
957 1006 1105 1060 Pauli
1136 1022 1364 1076 namque
1388 1007 1645 1061 severitas
1674 1008 1939 1061 convertit
1965 1007 2113 1062 illum
2138 1048 2153 1071 ,

569 1099 872 1169 benignitas
898 1106 1073 1152 autem
1106 1098 1363 1152 Barnabas
1394 1097 1520 1152 fecit
1556 1108 1612 1151 ut
1644 1113 1710 1153 ue
1744 1098 2153 1168 relinqueretur.

568 1193 756 1261 itaque
784 1202 1022 1261 pugnant
1048 1190 1284 1260 quidem.
1314 1189 1383 1244 ad
1410 1206 1573 1244 unum
1603 1206 1730 1245 vero
1762 1192 1919 1246 linem
1948 1191 2154 1246 lucrum

570 1285 847 1354 pertingit.
880 1284 1098 1337 Paulum
1129 1284 1273 1339 enim
1306 1282 1496 1337 videns
1522 1283 1660 1337 velle
1685 1282 1982 1348 discedere,
2015 1284 2152 1337 mni.

573 1385 683 1430 tum
713 1374 1029 1439 exterritus,
1075 1374 1310 1442 seipsum
1350 1372 1622 1426 damnavit
1651 1392 1664 1427 :
1696 1374 1995 1441 iterumque
2027 1372 2156 1426 Bar-

569 1467 763 1521 nabam
792 1467 978 1520 videns
1001 1468 1074 1520 ita
1101 1465 1200 1519 sibi
1232 1464 1651 1534 patrocinantem
1674 1507 1688 1529 ,
1720 1464 1874 1519 valde
1902 1465 2049 1518 illum
2076 1463 2156 1517 di-

568 1562 717 1626 lexit,
742 1569 796 1615 et
815 1577 879 1615 ex
905 1560 1180 1615 doctorum
1201 1574 1375 1629 pugna
1396 1560 1710 1614 emendatus
1731 1569 1813 1613 est
1834 1558 2151 1627 discipulus:

569 1662 773 1707 tantum
816 1652 985 1708 abfuit
1014 1669 1081 1707 ne
1112 1654 1165 1708 id
1206 1653 1528 1708 oil‘endicnlo
1570 1653 1667 1721 ipsi
1707 1662 1868 1705 esset.
1912 1652 1965 1706 Si
2010 1652 2154 1707 enim

572 1765 671 1818 pro
702 1765 799 1804 suo
844 1750 895 1803 id
939 1750 1192 1805 iecissent
1236 1751 1460 1817 honore,
1489 1750 1609 1819 jure
1647 1750 1886 1804 oll‘ensus
1927 1750 2152 1814 fuisset;

571 1843 653 1895 sin
694 1857 790 1911 pro
832 1843 995 1910 ipsius
1033 1843 1224 1907 salute,
1254 1850 1308 1897 et
1332 1842 1377 1895 si
1411 1850 1631 1910 propter
1660 1841 1711 1895 id
1742 1856 1903 1894 unum
1929 1853 2154 1895 conten-

570 1934 726 1997 dunt,
772 1944 828 1988 ut
866 1934 1150 1989 ostendant
1190 1949 1313 1989 eum
1352 1934 1441 2003 qui
1486 1934 1657 2003 ipsum
1692 1932 1976 1988 honoravit
2019 1933 2156 1988 bene

571 2026 921 2091 consuluisse,
955 2026 1078 2097 quid
1106 2025 1429 2081 absurdum?

647 2120 700 2172 5.
751 2118 881 2173 Vide
927 2117 1075 2173 Pauli
1128 2118 1462 2188 prudentiam
1508 2135 1521 2170 :
1568 2132 1671 2171 non
1721 2117 1867 2187 prius
1910 2119 1975 2169 ad
2020 2116 2153 2170 alias

574 2212 764 2265 transit
792 2211 980 2269 urbes.
1021 2226 1178 2281 quam
1208 2226 1336 2275 eas,
1379 2228 1497 2281 quae
1534 2211 1754 2265 verbum
1798 2218 2151 2279 acceperant,

570 2304 859 2358 visitasset.
889 2303 980 2358 41.
1012 2302 1404 2357 Perambulabat
1431 2314 1600 2357 autent
1627 2303 1843 2372 Syriam
1856 2311 1904 2356 et
1924 2301 2155 2357 Ciliciam

576 2397 884 2463 conﬁrmans
908 2394 1183 2450 Ecclesias.
1204 2394 1357 2465 (Cap.
1378 2395 1545 2468 16.)Ι.
1579 2394 1814 2451 Pervenit
1834 2408 1999 2451 autem
2020 2395 2152 2451 Der-

570 2486 662 2540 ben
699 2496 745 2540 et
774 2486 1027 2557 Lystram.
1060 2487 1268 2542 Etenim
1297 2488 1519 2541 stultum
1553 2497 1634 2543 est
1671 2497 1874 2544 temere
1913 2504 2151 2544 currere.

571 2579 683 2633 lloc
717 2587 771 2633 et
798 2593 894 2633 nos
934 2577 1189 2633 faciamus
1223 2598 1235 2633 :
1280 2580 1484 2648 primos
1512 2580 1743 2649 primum
1788 2580 2110 2635 instruamus
2134 2618 2155 2648 ,

570 2687 638 2726 ne
681 2672 756 2725 illi
802 2670 1183 2739 impedimento
1225 2672 1332 2726 sint
1376 2672 1780 2741 posterioribus.
1832 2670 2103 2726 Visitemus
2134 2713 2150 2739 ,

571 2763 760 2832 inquit,
789 2769 971 2834 fratres
996 2764 1248 2834 quomodo
1287 2781 1340 2818 se
1380 2764 1613 2819 habeant.
1653 2764 1763 2819 Hoc
1797 2766 2000 2820 scilicet
2033 2764 2155 2834 jure

572 2854 882 2923 ignorabat;
922 2863 983 2908 ut
1024 2856 1247 2911 veniens
1295 2857 1483 2912 fratres
1524 2857 1797 2912 inviseret.
1845 2857 1976 2912 Vide
2006 2858 2153 2912 ilium

573 2960 787 3013 semper
817 2944 1028 3015 vigilem
1056 2954 1111 3000 et
1150 2946 1438 3001 sollicitum
1459 2987 1475 3010 ,
1518 2962 1618 3002 nec
1654 2947 1895 3003 desidem
1925 2947 2149 3012 sedere,

571 3037 668 3089 etsi
715 3037 989 3090 innumera
1026 3038 1228 3092 subiret
1260 3038 1515 3107 pericula.
1545 3037 1706 3094 Vides
1742 3054 1850 3094 non
1881 3054 1945 3095 ex
1973 3037 2158 3093 formi-

572 3130 693 3184 dine
722 3130 1057 3185 Antiochiam
1084 3132 1311 3187 venisse.
1342 3131 1554 3187 Etenim
1582 3142 1641 3187 ut
1666 3132 1904 3192 medicus
1927 3140 2156 3203 aegrotos

573 3222 753 3276 adibat
783 3242 795 3276 :
828 3233 883 3277 et
909 3222 1160 3278 visitandi
1192 3224 1564 3279 necessitatem
1592 3223 1902 3288 declaravit,
1930 3223 2113 3278 dicens
2138 3243 2150 3277 :

573 3314 637 3368 In
665 3314 841 3382 quibus
879 3315 1264 3383 praedicavimus
1306 3316 1525 3369 verbum.
1563 3315 1805 3373 Recessit
1845 3315 2150 3380 Barnabas,

570 3418 752 3462 etnon
781 3408 916 3462 ultra
947 3409 1125 3464 socius
1152 3408 1269 3463 fuit.
1304 3408 1496 3474 Electa,
1532 3409 1719 3481 inquit,
1749 3409 1883 3475 Sila,
1916 3420 1962 3465 et
1992 3410 2156 3465 tradi-

571 3509 651 3553 tus
680 3502 857 3570 gratia.-
884 3500 1000 3554 Dei.
1029 3501 1165 3570 Quid
1198 3501 1297 3555 hoc
1322 3503 1446 3557 est?
1474 3502 1682 3557 Precati
1710 3512 1852 3567 sunt,
1886 3503 1998 3559 Dco
2026 3518 2154 3575 sup-

571 3591 854 3660 pliearunt.
910 3592 1041 3647 Vide
1097 3593 1293 3663 ubique
1346 3594 1641 3648 orationem
1690 3593 1912 3649 fratrum
1962 3611 2152 3666 magna

570 3696 747 3752 posse.
794 3685 872 3738 Ac
907 3683 1158 3754 deinceps
1198 3685 1359 3755 pedes
1403 3685 1724 3751 ambulabat,
1770 3694 1828 3740 ut
1871 3687 1923 3740 in
1963 3688 2152 3743 itinere

570 3776 870 3832 videntibus
910 3792 970 3833 se
1001 3778 1309 3847 prodesset;
1342 3789 1395 3833 et
1432 3779 1552 3848 jure
1593 3779 1822 3849 quidem.
1858 3778 1989 3833 Nam
2029 3794 2147 3834 cum

571 3867 905 3936 festinarent,
934 3872 1284 3943 navigabant;
1310 3888 1451 3928 nunc
1479 3888 1603 3927 vero
1629 3888 1735 3928 non
1765 3874 1911 3929 item.
1947 3873 2013 3927 Et
2038 3890 2152 3928 ecce

570 3961 848 4031 discipulus
892 3962 1096 4032 quidam
1130 3973 1237 4017 erat
1273 3963 1381 4018 illic
1414 3965 1615 4019 nomine
1656 3963 1968 4029 Timotheus,
2014 3965 2151 4033 ﬁlius

571 4054 794 4108 mulieris
818 4054 1018 4107 Judwa:
1046 4055 1231 4123 ﬁdelis,
1262 4066 1407 4124 patre
1433 4054 1629 4126 gentili.
1662 4055 1720 4109 2.
1756 4054 1890 4108 Huic
1920 4058 2148 4110 testimo-

572 4146 713 4198 nium
758 4145 943 4199 bonum
986 4147 1257 4201 reddebant
1296 4152 1499 4217 fratres,
1539 4149 1627 4218 qui
1666 4146 1835 4202 Iconii
1868 4160 1915 4203 et
1955 4149 2150 4220 Lystris

573 4247 739 4291 erant.
783 4238 835 4293 3.
884 4237 1033 4292 Hunc
1059 4240 1215 4293 voluit
1242 4238 1442 4294 Paulus
1469 4257 1638 4295 secum
1662 4243 1917 4310 proﬁcisci
1942 4258 1961 4296 :
1988 4252 2034 4295 et
2061 4259 2149 4297 as-

574 4345 771 4383 sumens
780 4331 1094 4384 circumcidit
1105 4348 1219 4384 eum
1236 4342 1441 4402 propter
1467 4332 1697 4401 Iudaea,
1711 4335 1795 4403 qui
1811 4336 2018 4389 erantin
2047 4336 2151 4391 illis

574 4421 718 4475 locis.
750 4418 989 4475 Sciebant
1015 4424 1145 4475 enim
1160 4439 1331 4476 omnes
1356 4425 1489 4491 quod
1508 4435 1652 4495 pater
1670 4428 1778 4495 ejus
1799 4438 1905 4480 erat
1925 4427 2145 4498 gentilis.

646 4512 801 4565 Pauli
841 4514 1127 4582 prudentia.
1178 4512 1363 4567 Omnia
1406 4527 1615 4584 prosunt
1655 4518 1863 4571 sanctis.
1905 4547 1979 4557 —
2013 4518 2150 4574 Vere

573 4613 790 4672 stupore
814 4603 972 4673 digna
1001 4613 1082 4658 est
1107 4603 1254 4659 Pauli
1286 4606 1584 4674 prudentia.
1613 4607 1714 4675 Qui
1748 4616 2023 4678 tantopere
2050 4626 2149 4679 pu-

571 4705 826 4765 gnaverat
864 4707 1082 4767 propter
1121 4698 1580 4753 circumcisionem
1600 4740 1615 4763 ,
1642 4701 1731 4766 qui
1762 4702 1937 4755 omnia
1964 4717 2149 4757 move-

571 4798 673 4854 rat,
703 4799 757 4845 et
781 4804 887 4844 non
918 4790 1064 4859 prius
1089 4790 1311 4853 destitit,
1339 4790 1511 4846 donec
1529 4807 1641 4846 rem
1673 4791 1953 4861 perliceret
1971 4836 1987 4859 ,
2015 4809 2149 4849 con-

571 4881 781 4935 ﬁrmato
806 4881 1053 4953 dogmate
1071 4924 1087 4949 ,
1116 4882 1811 4953 circumcidit-discipulum.
1848 4885 1962 4939 Non
1992 4886 2151 4940 modo

560 4962 707 5029 alios
744 4991 849 5029 non
886 4976 1119 5042 cohibet,
1156 4976 1250 5031 sed
1277 4976 1381 5031 hoc
1406 4988 1459 5031 et
1489 4977 1603 5047 ipse
1641 4978 1784 5032 facit.
1816 4977 1958 5033 Nihil
1985 4979 2150 5035 Paulo

573 5065 890 5133 prudentius
918 5084 932 5120 :
960 5074 1137 5121 omnia
1161 5108 1177 5133 ,
1209 5077 1268 5122 ut
1299 5067 1659 5123 conducerent
1696 5080 1940 5138 spectans
1963 5111 1978 5136 ,
2022 5070 2151 5127 nihil

574 5165 778 5211 temere
814 5166 871 5212 et
905 5173 970 5212 ex
1001 5160 1338 5228 praejudicata
1364 5160 1615 5229 opinione
1651 5162 1859 5230 agebat.
1893 5161 2043 5215 Hunc
2066 5179 2153 5216 vo-

574 5249 705 5309 luit,
744 5249 947 5318 inquit,
979 5266 1147 5304 secum
1184 5254 1456 5321 proﬁcisci.
1490 5252 1601 5306 Hoc
1634 5252 1874 5308 mirabile
1898 5262 1980 5307 est
2006 5252 2149 5323 quod

573 5342 923 5410 assumpserit
949 5358 1091 5396 eum.
1137 5343 1349 5413 Propter
1370 5344 1581 5400 Iudaeos
1602 5387 1616 5408 ,
1650 5346 1817 5416 inquit
1840 5386 1855 5408 ,
1895 5347 1981 5412 qui
2008 5358 2150 5400 erant

569 5434 623 5487 in
649 5432 755 5487 illis
784 5432 926 5487 locis.
956 5433 1102 5507 [llaec
1122 5450 1278 5489 causa
1300 5437 1712 5492 circumcidendi
1751 5435 1972 5509 fuit]q(a)
1999 5455 2011 5490 :
2043 5454 2149 5492 non

572 5528 715 5579 cnim
764 5525 1010 5579 tulissent
1050 5525 1233 5580 audire
1275 5529 1495 5581 verbum
1541 5528 1607 5583 ab
1653 5529 2044 5584 incircuntciso.
2086 5530 2151 5583 Et

572 5619 706 5671 cur?
733 5616 865 5672 Vide
898 5617 1212 5687 praeclarum
1239 5633 1373 5688 opus
1401 5636 1414 5673 :
1442 5620 1773 5677 circumcidit
1790 5662 1809 5691 ,
1840 5630 1899 5677 ut
1921 5623 2149 5678 circum-

638 5800 713 5860 (ιι)
732 5800 923 5849 Uncinis
946 5797 1107 5849 clausa
1124 5798 1307 5849 desunt
1328 5799 1377 5848 in
1397 5811 1513 5849 uno.

1308 336 1365 393 S.
1403 336 1679 394 JOANNIS
1713 332 2189 394 CHRYSOSTOMI
2225 335 2543 393 ARCBIEP.
2581 338 3111 398 CONSTANTINOP.

3746 352 3839 408 ω

2270 454 2526 510 cisionem
2555 456 2767 512 tolleret
2795 475 2808 511 :
2834 457 3079 529 dogmata
3108 462 3249 517 enim
3280 466 3607 533 praedicabat
3638 480 3843 539 aposta-

2264 546 2459 604 lorum.
2483 548 2674 604 Viden‘
2695 565 2945 620 pugnam,
2963 561 3020 607 et
3036 568 3131 622 per
3153 569 3384 626 pugnam
3407 558 3845 617 aediﬁcationem?

2261 639 2376 694 Non
2416 640 2485 694 ab
2511 642 2631 696 aliis
2669 642 3152 713 impugnabautur;
3199 649 3291 703 sed
3324 650 3422 719 ipsi
3460 654 3737 708 contraria
3779 655 3849 709 ia-

2261 731 2500 799 cientes,
2531 734 2602 787 ita
2632 734 2926 789 Ecclesiam
2953 737 3533 812 mdilicabant.Dogma
3558 744 3851 802 aﬂ'erebant

2262 839 2368 878 non
2415 825 2869 891 circumcidendi,
2900 838 2956 883 et
2982 830 3333 888 circumcidit.
3378 834 3446 889 Et
3484 836 3848 905 abundabant,

2260 914 2469 985 inquit,
2501 934 2709 971 numero
2742 920 2983 989 quotidie.
3016 920 3264 977 Vidistin'
3294 926 3575 982 utilitatem
3616 931 3848 984 circum-

2263 1007 2522 1062 cisionis?
2553 1009 2756 1064 Deinde
2786 1026 2892 1064 non
2937 1024 3175 1068 moratur
3217 1016 3324 1082 ibi,
3354 1019 3551 1088 quippe
3580 1020 3676 1090 qui
3726 1023 3853 1077 Visi-

2259 1100 2405 1154 tandi
2457 1102 2624 1170 gratia
2668 1103 2949 1168 venisset;
3006 1105 3100 1160 sed
3156 1108 3323 1178 quid?
3379 1109 3528 1165 Ultra
3590 1115 3850 1181 procedit.

2257 1191 2315 1245 ι.
2345 1190 2470 1245 Cum
2495 1201 2662 1246 autem
2689 1196 3055 1263 pertransircnt
3078 1197 3301 1254 civitates
3319 1241 3335 1264 ,
3362 1202 3629 1257 tradebant
3659 1206 3734 1258 eis
3760 1222 3849 1258 su-

2256 1282 2445 1335 stodire
2457 1282 2716 1353 dogmata,
2742 1300 2853 1353 qua:
2874 1296 3018 1340 erant
3044 1288 3243 1343 decreta
3267 1291 3330 1343 ab
3350 1294 3592 1359 apostolis
3612 1304 3662 1347 et
3689 1299 3852 1350 senio-

2257 1370 2423 1436 ribus,
2463 1374 2550 1443 qui
2591 1385 2733 1427 erant
2758 1375 2811 1428 in
2834 1374 3142 1434 Jerusalem.
3171 1380 3224 1433 5.
3252 1378 3434 1450 Itaque
3458 1382 3705 1439 Ecclesia:
3730 1403 3849 1441 con-

2259 1464 2591 1531 ﬁrmabantur
2642 1466 2743 1533 [ide
2766 1507 2781 1531 ,
2846 1477 2891 1521 et
2942 1470 3262 1526 abundabant
3331 1491 3540 1529 numero
3607 1482 3849 1547 quotidie.

2260 1553 2314 1608 6.
2347 1553 2683 1611 Transeuntes
2726 1568 2893 1614 autem
2923 1559 3207 1632 Phrygiam
3232 1575 3279 1617 et
3322 1564 3539 1622 Galatia:
3572 1571 3848 1640 regionem,

2258 1647 2500 1716 prohibiti
2524 1665 2556 1700 a
2591 1648 2791 1719 Spiritu
2822 1663 2995 1705 uincto
3022 1654 3159 1724 loqui
3188 1655 3389 1711 verbum
3418 1659 3469 1712 in
3500 1659 3623 1713 Asia
3641 1702 3659 1726 ,
3687 1663 3745 1717 6.
3770 1682 3852 1718 re-

2256 1737 2379 1799 licta
2408 1737 2641 1809 Phrygia
2666 1750 2713 1793 et
2745 1740 2981 1808 Calatia,
3012 1745 3066 1797 in
3094 1747 3311 1801 mediam
3349 1751 3604 1820 regionem
3636 1755 3849 1823 [estina-

2257 1827 2399 1882 baut.
2432 1830 2485 1882 7.
2510 1830 2634 1885 Cum
2664 1833 2910 1889 venissent
2936 1844 3108 1889 autem
3136 1838 3190 1891 in
3215 1837 3460 1909 Mysiam,
3490 1847 3755 1898 tentabant
3774 1849 3847 1902 ire

2261 1924 2315 1978 in
2342 1924 2658 1996 Bithyniam,
2686 1938 2732 1981 et
2757 1944 2857 1982 non
2890 1931 3114 1998 permisit
3143 1948 3226 1986 eos
3254 1933 3496 2003 Spiritus.
3520 1937 3699 2003 Quare
3730 1956 3851 2008 pro-

2259 2015 2408 2071 hibiti
2436 2016 2649 2071 fuerunt
2674 2034 2778 2072 non
2808 2020 2958 2086 dicit,
2980 2020 3072 2075 sed
3102 2030 3303 2077 tantum
3333 2025 3631 2094 prohibitos
3662 2028 3851 2097 fuisse,

2260 2122 2359 2162 nos
2386 2108 2583 2164 docens
2614 2119 2671 2163 ut
2710 2111 2884 2165 solum
2912 2112 3361 2183 obtemperemus,
3396 2132 3495 2172 nec
3529 2134 3726 2174 causas
3772 2124 3854 2176 in-

2259 2202 2570 2272 quiramus;
2600 2204 2996 2275 ostendensque
3032 2206 3156 2260 illos
3200 2208 3366 2261 multa
3418 2210 3652 2265 humano
3701 2229 3855 2269 more

2258 2294 2468 2349 fecisse.
2502 2295 2555 2350 8.
2592 2293 2720 2349 Cum
2746 2305 2921 2350 autem
2945 2300 3332 2367 pertransth
3358 2298 3600 2371 Mysiam,
3643 2304 3858 2359 descen-

2259 2387 2441 2441 derunt
2468 2386 2739 2443 Troadem.
2766 2388 2825 2444 ‘9.
2858 2388 2926 2442 Et
2948 2390 3077 2444 uisio
3106 2406 3197 2462 per
3222 2400 3418 2445 noctem
3446 2392 3618 2447 Paulo
3646 2406 3857 2449 ostensa

2248 2489 2332 2533 est
2360 2495 2379 2533 :
2413 2478 2503 2533 Vir
2529 2480 2738 2551 quidam
2764 2491 2873 2535 erat
2904 2481 3117 2537 Macedo
3144 2491 3284 2538 stans
3302 2525 3317 2549 ,
3345 2485 3624 2556 deprecans
3653 2505 3780 2543 eunt
3811 2500 3856 2543 et

2256 2573 2448 2639 dicens,
2490 2572 2768 2628 Transiens
2815 2577 2869 2627 in
2922 2574 3296 2643 Macedoniam,
3344 2581 3532 2648 adjuva
3581 2598 3700 2636 nos.
3747 2582 3857 2637 Cur

2256 2667 2412 2733 visio,
2438 2677 2493 2721 et
2519 2682 2615 2721 cur
2641 2667 2870 2737 Spiritus
2896 2670 3248 2739 sanctus-ipse
3266 2686 3372 2725 non
3395 2673 3554 2741 jussit
3577 2674 3601 2726 ?
3628 2674 3858 2731 Volebat

2257 2772 2353 2813 eos
2385 2758 2486 2813 hoc
2511 2775 2722 2830 quoque
2749 2759 2910 2815 modo
2934 2761 3224 2816 attrahere.
3255 2764 3464 2818 Etenim
3489 2766 3699 2821 sanctis
3718 2783 3860 2837 quo-

2258 2867 2366 2920 que
2410 2852 2643 2907 visiones
2692 2868 2788 2922 per
2827 2854 3094 2909 somnium
3141 2865 3503 2925 apparuerunt
3542 2877 3557 2912 :
3598 2869 3655 2913 et
3704 2859 3861 2916 initio

2258 2959 2472 3014 quoque
2501 2945 2618 3014 ipse
2653 2945 2916 3001 visionem
2947 2946 3131 3001 habuit
3157 2948 3390 3002 hominis
3420 2948 3782 3020 ingredientis
3806 2962 3861 3006 et

2257 3037 2580 3107 imponentis
2607 3038 2706 3093 sibi
2728 3053 2952 3095 manus.
2986 3040 3186 3095 Deinde
3206 3040 3327 3096 ideo
3352 3041 3523 3113 ipsum
3552 3042 3649 3097 illo
3670 3044 3856 3109 trahit,

2258 3142 2319 3185 ut
2363 3131 2673 3201 praedicatio
2711 3131 3113 3188 extenderetur.
3156 3134 3403 3205 Alioquin
3454 3150 3584 3190 vero
3630 3148 3858 3207 propter

2260 3222 2361 3279 hoc
2400 3222 2714 3294 prohibetur
2759 3226 2955 3280 morari
3003 3226 3055 3280 in
3097 3224 3217 3281 aliis
3257 3227 3583 3294 civitatibus,
3637 3228 3860 3284 Christo

2258 3314 2432 3385 ipsum
2456 3327 2695 3386 urgente.
2719 3314 2785 3371 Hi
2807 3331 3036 3388 namque
3054 3317 3260 3373 Joanne
3281 3318 3489 3373 l‘ruituri
3506 3330 3669 3377 erant
3688 3323 3860 3377 multo

2258 3415 2516 3475 tempore,
2544 3416 2599 3461 et
2618 3404 2846 3464 fortasse
2876 3424 2981 3463 non
3012 3409 3235 3465 multum
3264 3410 3530 3466 habebant
3553 3427 3736 3482 opus;
3765 3414 3862 3468 illo

2256 3509 2431 3553 autem
2476 3500 2707 3571 migrare
2752 3503 3054 3569 Oportebat.
3106 3502 3172 3558 Et
3217 3505 3583 3572 pertransiens
3627 3506 3858 3561 demum

2258 3590 2635 3661 proﬁciscitur.
2666 3590 2752 3647 i0.
2786 3590 2857 3647 Ut
2895 3603 3061 3648 autem
3088 3597 3249 3648 uisum
3279 3595 3435 3661 vidit,
3460 3598 3638 3650 statim
3665 3600 3860 3668 qua-si-

2253 3684 2415 3737 nimus
2436 3684 2687 3751 proﬁcisci
2704 3683 2759 3737 in
2780 3682 3155 3751 Macedoniam,
3179 3686 3300 3741 certi
3320 3687 3442 3756 facti
3461 3689 3599 3758 quod
3625 3699 3859 3743 uomet

2255 3790 2347 3828 nos
2398 3774 2539 3830 Deus
2587 3768 2935 3848 euangelium
2978 3779 3068 3833 eis.
3113 3779 3202 3833 il.
3247 3777 3561 3850 Navigantes
3609 3794 3786 3834 autem
3825 3800 3858 3833 α

2236 3880 2241 3907 ί
2254 3866 2459 3921 Troade
2496 3877 2632 3921 recto
2676 3884 2826 3922 cursu
2864 3869 3088 3923 uenimus
3122 3869 3177 3923 in
3208 3870 3641 3931 Samothraciam,
3687 3883 3736 3925 et
3770 3889 3855 3926 se-

2253 3961 2428 4028 quenti
2471 3957 2554 4011 die
2595 3957 2891 4026 Neapolim,
2938 3959 3023 4014 i2.
3065 3968 3113 4014 et
3155 3961 3272 4016 inde
3296 3959 3591 4030 Philippos,
3623 3979 3746 4031 qua
3776 3972 3851 4015 at

2254 4052 2420 4120 prima
2445 4051 2605 4121 partis
2636 4049 2953 4105 Macedonia:
2968 4053 3162 4116 civitas,
3189 4054 3406 4106 colonia.
3431 4052 3665 4109 Eramus
3685 4068 3839 4108 autem

2253 4142 2307 4195 in
2336 4141 2431 4195 hac
2456 4142 2578 4195 urbe
2609 4141 2785 4197 diebus
2826 4142 3017 4213 aliquot
3061 4147 3390 4215 conferentes.
3431 4145 3523 4200 Sic
3562 4147 3640 4201 illi
3683 4148 3830 4200 etiam

2252 4233 2496 4288 Christus
2524 4244 2745 4305 apparet
2767 4234 2983 4303 dicens,
3024 4234 3214 4291 Censori
3256 4246 3304 4290 te
3339 4248 3536 4307 oportet
3560 4239 3681 4293 sisti
3705 4239 3835 4311 (Act.

2252 4323 2344 4377 27.
2395 4323 2511 4396 24).
2566 4324 2769 4381 Deinde
2831 4324 2948 4381 loca
2998 4336 3279 4393 recenset,
3332 4328 3614 4383 historiam
3655 4331 3850 4400 quippe

2256 4426 2467 4484 texens,
2492 4427 2548 4473 et
2575 4418 2866 4475 ostendens
2887 4419 3104 4475 ubinam
3135 4431 3374 4476 moratus
3396 4423 3505 4488 sit;
3540 4424 3852 4494 indicatque

2256 4507 2406 4562 illum
2434 4510 2487 4563 in
2514 4509 2807 4580 majoribus
2828 4519 3116 4578 moratum,
3144 4512 3277 4566 alias
3294 4515 3644 4583 praeteriisse.
3664 4516 3859 4584 Digni-

2255 4611 2338 4657 tas
2364 4613 2449 4659 est
2484 4605 2717 4659 civitatis
2758 4605 3024 4661 coloniam
3068 4620 3209 4661 esse.
3241 4606 3348 4662 Sed
3375 4609 3659 4678 superiora
3688 4624 3858 4678 repe-

2257 4705 2454 4752 tamus.
2484 4697 2868 4754 Necessitatem
2896 4697 3155 4755 Barnabas
3182 4700 3427 4770 imponit,
3453 4701 3682 4756 dicens:
3716 4701 3859 4756 Visi-

2256 4799 2419 4844 temus
2443 4790 2689 4855 civitates,
2715 4791 2769 4845 in
2796 4791 2979 4860 quibus
3001 4792 3415 4847 annuntiauimus
3440 4794 3668 4848 verbm.
3695 4794 3857 4851 Licet

2259 4895 2365 4933 non
2395 4890 2667 4950 oporteret
2690 4895 2880 4952 rogare
2914 4896 3037 4936 eum
3059 4923 3075 4949 ,
3106 4897 3265 4953 quem
3292 4891 3471 4953 postea
3496 4895 3860 4941 accusaturus

2254 4978 2391 5024 erat.

2327 5062 2381 5114 4.
2418 5059 2600 5113 Adhuc
2626 5062 2692 5115 de
2720 5061 3041 5131 separatione
3067 5061 3225 5117 Pauli
3251 5071 3298 5117 et
3322 5062 3594 5118 Barnabc.
3623 5094 3701 5106 —-
3734 5065 3862 5121 Hoc

2255 5154 2416 5208 etiam
2458 5152 2601 5208 circa
2648 5154 2813 5209 Deum
2862 5164 2917 5209 et
2960 5155 3195 5225 Moysem
3239 5156 3481 5226 legimus.
3534 5156 3629 5211 Ille
3659 5170 3815 5227 rogat
3842 5202 3859 5219 ,

2257 5246 2399 5299 Deus
2426 5245 2695 5308 irascitur;
2728 5255 2783 5299 ut
2807 5245 3020 5315 quando
3044 5245 3174 5301 dicit
3202 5264 3217 5302 :
3248 5246 3311 5302 Si
3330 5250 3867 5319 paterejusaspuis-

2255 5345 2327 5388 set
2352 5337 2403 5389 in
2436 5337 2616 5407 faciem
2636 5338 2750 5407 ejus
2778 5337 2965 5408 (Num.
3002 5337 3087 5392 12.
3122 5339 3243 5408 li);
3269 5349 3324 5394 et
3349 5354 3558 5394 rursum
3581 5380 3598 5405 ,
3635 5339 3863 5395 Dimitte

2255 5444 2355 5493 me,
2385 5438 2434 5481 et
2459 5430 2618 5484 iratus
2644 5430 2819 5482 delebo
2842 5430 3092 5499 populum
3120 5432 3251 5483 hunc
3278 5431 3469 5502 (Exod.
3503 5432 3592 5485 δὲ.
3633 5431 3772 5500 '52);
3807 5444 3868 5486 et

2256 5519 2473 5575 Samuel
2499 5520 2711 5588 quando
2740 5523 2950 5592 lugebat
2975 5523 3186 5578 Saulcm
3215 5524 3293 5591 (i.
3329 5524 3452 5594 Reg.
3484 5526 3571 5581 15.
3591 5525 3687 5597 35)
3714 5543 3733 5580 :
3762 5542 3872 5595 per

2257 5624 2541 5682 utrumque
2566 5615 2707 5669 enim
2730 5632 2919 5686 magna
2946 5617 3197 5671 eveniunt
3218 5618 3379 5671 bona.
3407 5618 3496 5673 Sic
3518 5631 3573 5673 et
3596 5636 3741 5674 nunc
3766 5623 3873 5675 ille

2259 5705 2538 5772 irascitur,
2570 5706 2664 5760 sed
2694 5722 2799 5761 non
2829 5708 2948 5762 iste.
2976 5707 3090 5763 Hoc
3107 5709 3247 5779 apud
3278 5725 3377 5764 nos
3402 5711 3527 5765 item
3554 5712 3762 5765 evenit.
3794 5714 3877 5769 Es

2256 5796 2521 5855 dissensio
2553 5798 2833 5870 apposite,
2870 5808 2934 5857 ut
2968 5800 3061 5856 ille
3078 5801 3419 5871 erudiretur,
3450 5818 3551 5859 nec
3574 5804 3877 5861 videretur
