4100 6354
201 291 294 347 267
1155 298 1221 352 IN
1260 297 1442 353 ACTA
1482 292 2262 358 APOSTOLORUMJIOMIL.
2308 302 2542 357 XXXIV.

193 413 279 463 καὶ
311 411 510 481 σφόδρα
541 414 736 481 μέγας.
772 412 919 466 Πάνυ
947 413 1005 465 δέ
1028 412 1226 480 ὠφέλει
1254 413 1345 466 τὸν
1379 411 1608 480 Μάρκον
1633 411 1664 467 ή
1696 408 1842 478 μάχη

187 499 336 568 αὕτη.
368 500 440 552 Τὸ
471 501 568 568 μὲν
615 500 726 571 7&9
767 501 980 554 Παύλου
1011 501 1240 571 φοϐερὸν
1268 499 1604 570 ἐπέστρεψεν
1637 495 1799 550 αὐτὸν
1824 536 1839 558 ,

183 603 243 639 το
269 590 322 641 δὲ
348 588 604 659 Βαρνάϐα
649 590 887 660 χρηστὸν
933 591 1106 642 ἐποίει
1159 590 1353 660 μηκέτι
1397 587 1789 658 ἀπολειφθῆναι
1817 600 1830 613 °

184 677 316 729 ὥστε
341 678 604 748 μάχονται
628 679 747 746 μὲν,
782 679 916 749 πρὸς
935 678 1006 732 ἓν
1039 677 1094 731 δὲ
1123 678 1274 740 τέλος
1298 677 1517 746 ἀπαντᾷ
1546 676 1606 728 τὸ
1629 676 1840 743 κέρδος.

184 767 288 818 Καὶ
325 765 430 835 γὰρ
471 765 688 818 Παῦλον
725 766 868 836 ὁρῶν
902 764 1223 836 αἱρούμενον
1253 764 1577 831 ἀποστῆναι,
1612 766 1750 817 πάνυ
1779 765 1842 815 ἂν

183 854 411 924 ἐφοϐήθη
462 855 556 906 καὶ
611 854 860 922 κατέγνω
899 853 1133 908 ἐαυτοῦ·
1183 855 1276 907 καὶ
1338 852 1501 907 πάλιν
1554 851 1842 923 Βαρνάϐαν

180 940 316 1010 δρῶν
345 940 517 1003 οὕτως
545 940 707 994 αὐτοῦ
728 941 1106 1012 ἀντεχόμενον,
1125 943 1267 994 πάνυ
1298 942 1364 994 ἂν
1389 942 1548 994 αὑτὸν
1577 940 1802 1010 ἐφίλησε
1824 957 1835 970 ο

179 1029 269 1079 καὶ
292 1027 627 1098 διωρθοῦτοὸ
648 1029 895 1099 μαθητὴς
925 1029 1010 1082 διὰ
1036 1030 1134 1099 τῆς
1156 1028 1337 1099 μάχης
1360 1029 1466 1082 τῶν
1483 1028 1834 1082 διδασκάλων·

174 1115 420 1168 τοσοῦτον
472 1118 662 1186 ἀπεῖχε
711 1117 804 1169 τοῦ
865 1116 1341 1188 σκανδαλισθῆναι.
1377 1117 1438 1170 Εἰ
1477 1117 1574 1186 μὲν
1616 1116 1724 1188 γὰρ
1752 1117 1840 1171 διά

173 1207 270 1274 τὴν
301 1207 381 1268 εἰς
415 1207 645 1270 ἑαυτοὺς
679 1208 847 1276 τιμὴν
887 1205 1043 1259 τοῦτο
1076 1207 1345 1276 ἔπραττον
1365 1245 1378 1265 ,
1407 1206 1630 1268 εἰκότως
1660 1221 1674 1234 ·
1703 1206 1752 1258 εἰ
1781 1205 1840 1258 δὲ

171 1294 258 1345 διὰ
281 1294 377 1364 τὴν
406 1295 574 1348 αὑτοῦ
607 1296 904 1366 σωτηρίαν,
941 1297 1035 1348 καὶ
1067 1295 1135 1347 δι’
1169 1292 1227 1346 ἓν
1263 1293 1662 1364 φιλονεικοῦσιν
1695 1293 1837 1347 ὥστε

172 1382 336 1445 δεῖξαι
383 1383 476 1437 τὸν
523 1383 832 1452 τιμίτσαντα
879 1384 1041 1438 αὑτὸν
1077 1383 1257 1446 καλῶς
1291 1381 1714 1453 βεϐουλευμένον
1736 1425 1752 1449 ,
1786 1382 1838 1436 τί

170 1470 362 1524 ἄτοπον
378 1486 392 1534 ;

236 1565 299 1626 7'.
319 1557 466 1629 Ὀρα
481 1558 580 1628 τὴν
600 1559 813 1612 σύνεσιν
829 1559 922 1613 τοῦ
939 1559 1174 1613 Παύλου·
1193 1561 1253 1613 ού
1275 1559 1538 1630 πρότερον
1568 1558 1653 1611 ἐπ’
1674 1558 1839 1621 ἄλλας

167 1646 381 1716 ἔρχεται
414 1646 622 1709 πόλεις,
658 1648 787 1716 πρὶν
815 1648 846 1718 ἢ
875 1647 972 1710 τὰς
995 1647 1290 1717 δεξαμένας
1316 1647 1409 1700 τὸν
1437 1647 1594 1716 λόγον
1618 1647 1840 1701 ἐπισκέ-

165 1734 378 1798 ψασθαι.
403 1735 690 1801 Διήρχετο
713 1734 780 1786 δὲ
803 1734 918 1801 τὴν
943 1736 1167 1801 Συρίαν
1186 1735 1282 1787 καὶ
1301 1735 1575 1788 Κιλικίαν
1593 1735 1838 1801 ἐπιστη-

157 1821 329 1890 ρίζων
357 1822 470 1886 τὰς
511 1823 899 1888 Ἐκκλησίας.
951 1821 1307 1889 Κατήντησε
1361 1821 1429 1875 δὲ
1476 1825 1564 1888 εἱς
1613 1822 1838 1891 Δέρϐην

163 1913 254 1964 καὶ
301 1913 613 1979 Λύστραν.
665 1913 776 1964 Καὶ
823 1911 934 1981 γάρ
984 1911 1172 1974 ἀνοίας
1223 1912 1370 1964 ἐστὶν
1422 1913 1542 1981 εἰκῇ
1595 1912 1832 1982 τρέχειν.

161 1998 326 2051 Τοῦτο
358 2000 458 2051 καὶ
494 2000 656 2068 ἡμεῖς
683 1998 929 2067 ποιῶμεν
957 2013 972 2027 ·
994 1999 1120 2060 τοὺς
1152 1998 1400 2070 πρώτους
1431 1999 1689 2070 πρῶτονιι
1707 2017 1834 2053 παις

158 2086 402 2156 δεύωμεν
429 2125 443 2148 ,
502 2086 590 2139 ἵνα
645 2087 722 2156 μὴ
769 2079 916 2139 οὗτοι
961 2087 1220 2156 ἐμπόδιον
1254 2087 1507 2155 γίνωνται
1542 2090 1655 2151 τοῖς
1695 2088 1836 2158 μετὰ

155 2173 346 2228 ταῦτα.
388 2172 911 2242 Ἐπισκεψώμεθα,
964 2176 1116 2244 φησί,
1168 2175 1310 2240 τοὺς
1356 2176 1658 2245 ἀδελφοὺς
1711 2175 1835 2242 πῶς

155 2262 390 2329 ἔχουσι.
416 2260 529 2313 Καὶ
561 2260 722 2314 τοῦτο
748 2262 932 2329 ἠγνόει
965 2263 1211 2326 εἰκότως,
1238 2262 1323 2314 ἵνα
1342 2261 1513 2315 ἐλθὼν
1534 2263 1661 2324 τοὺς
1683 2263 1834 2316 ἀδελ-

155 2351 283 2417 φοὺς
323 2349 718 2419 ἐπισκέῂται.
746 2350 887 2421 Ὅρα
918 2351 1082 2404 αὑτὸν
1113 2351 1198 2404 ἀεὶ
1222 2350 1646 2421 διεγηγερμένον
1666 2391 1680 2414 ,
1737 2369 1833 2420 με·

155 2439 456 2509 ριμνῶντα,
517 2439 618 2492 οὐκ
665 2439 990 2509 ἀνεχόμενον
1039 2439 1328 2510 καθῆσθαι,
1378 2441 1553 2494 καίτοι
1605 2440 1832 2511 μυρίους

152 2529 392 2598 ὑπέμενε
427 2527 727 2590 κινδύνους.
748 2527 912 2599 Ὁρᾷς
932 2567 946 2589 ,
975 2528 1060 2581 ὅτι
1086 2529 1145 2581 ού
1176 2528 1379 2592 δειλίας
1405 2524 1471 2600 ἦν
1504 2529 1564 2582 τὸ
1593 2531 1673 2592 εἰς
1715 2531 1831 2582 Ἀν-

148 2617 391 2686 τιόχειαν
424 2615 637 2682 ἐλθεῖν;
675 2615 946 2686 Καθάπερ
974 2617 1083 2687 γάρ
1113 2617 1294 2686 ἰατρὸς
1327 2618 1421 2670 ἐπὶ
1447 2618 1572 2680 τοὺς
1604 2618 1832 2686 κάμνον-

147 2722 244 2766 τας
268 2703 444 2774 ἀπῄει
470 2742 484 2766 ,
512 2704 608 2756 καὶ
647 2704 748 2773 τὴν
778 2703 1023 2773 ἀνάγκην
1051 2704 1150 2771 τῆς
1190 2703 1531 2773 ἐπισκέψεως
1561 2704 1831 2775 ἐδήλωσεν

147 2792 337 2852 εἰπὼν,
379 2791 488 2844 Ἔν
510 2785 606 2858 αἷς
631 2792 1108 2860 κατηγγείλαμεν
1139 2790 1245 2844 τὸν
1275 2792 1481 2862 λόγον.
1529 2791 1766 2860 Ἀπέστη
1801 2793 1830 2844 6

145 2879 465 2950 Βαρνάϐας,
504 2880 600 2932 καλ.
634 2879 820 2932 οὐκέτι
854 2878 1134 2949 συνῆλθεν.
1156 2878 1644 2949 Ἐπιλεξάμενος,
1671 2880 1827 2952 φησὶ,

143 2970 247 3021 τὸν
286 2970 506 3032 Σίλαν,
536 2968 633 3021 καὶ
665 2967 1019 3036 παραδοθεὶς
1073 2967 1148 3034 τῇ
1176 2968 1369 3038 χάριτι
1407 2969 1514 3022 τοῦ
1539 2968 1707 3023 Θεοῦ.
1763 2969 1828 3021 Τί

141 3057 294 3110 τοῦτό
339 3059 524 3119 ἐστιν;
559 3055 823 3120 Ηῦξαντο,
860 3058 1044 3128 φησὶν,
1079 3057 1376 3127 ἐδεήθησαν
1398 3056 1492 3110 τοῦ
1520 3056 1830 3128 Θεοῦ.⁰’ορα

141 3144 424 3214 πανταχοῦ
443 3144 658 3214 μεγάλα
669 3144 976 3214 δυναμένην
986 3145 1085 3215 τὴν
1098 3144 1263 3215 εὐχὴν
1277 3145 1386 3198 τῶν
1401 3143 1548 3216 [263]
1563 3144 1825 3214 ἀδελφῶν.

141 3237 246 3288 Καὶ
267 3233 468 3286 λοιπὸν
485 3233 625 3302 πεζῇ
647 3231 838 3298 ὥδευε,
858 3233 951 3285 καὶ
972 3233 1060 3286 διὰ
1091 3232 1190 3302 τῆς
1215 3233 1520 3303 ὁδοιπορίας
1549 3232 1828 3305 ὠφελῆσαι

139 3325 259 3387 τοὺς
288 3321 549 3393 ὁρῶντας
571 3320 896 3391 βουλόμενος
924 3338 936 3350 ·
969 3321 1353 3384 εἰκότως.⁹’οτε
1377 3323 1478 3393 μὲν
1499 3321 1606 3393 γάρ
1632 3324 1829 3380 ἐσπευ-

137 3413 242 3475 δον,
269 3410 475 3464 ἔπλεον
494 3429 507 3441 ο
538 3409 632 3462 νῦν
665 3409 722 3462 δέ
749 3410 850 3463 οὐκ
881 3410 983 3462 ἐτι.
1017 3409 1126 3463 Καὶ
1164 3409 1293 3463 ἰδοὺ
1325 3412 1602 3479 μαθητής
1628 3431 1718 3480 τις
1752 3411 1829 3484 ἦν

135 3502 260 3556 ἐκεῖ
285 3502 545 3571 ὀνόματι
575 3503 849 3570 Τιμόθεος
871 3543 885 3564 ,
913 3502 1044 3568 υίὸς
1077 3503 1362 3570 γυναικὸς
1405 3504 1688 3572 Ἰουδαίας
1743 3524 1828 3560 πι-

136 3591 312 3659 στῆς,
340 3589 574 3657 πατρὸς
597 3589 668 3642 δὲ
693 3590 1003 3653 Ἕλληνος
1023 3606 1034 3618 ·
1059 3589 1126 3654 ὃς
1151 3591 1534 3658 ἐμαρτυρεῖτο
1563 3594 1686 3648 ὑπὸ
1708 3594 1827 3649 τῶν

134 3681 202 3729 ἐν
225 3681 543 3746 Λύστροις
570 3676 668 3730 καὶ
705 3678 938 3743 Ἰκωνίῳ
969 3675 1502 3745 ἀδελφῶνΤοῦτον
1521 3680 1827 3747 ἠθέλησεν

138 3771 167 3819 ὁ
191 3769 448 3832 Παῦλος
480 3766 606 3819 σὺν
641 3763 803 3830 αὐτῷ
830 3765 1136 3828 ἐξελθεῖν·
1164 3766 1261 3819 καὶ
1311 3767 1514 3820 λαϐὼν
1568 3770 1826 3837 περιέτε-

134 3871 242 3920 μεν
263 3853 470 3908 αὐτὸν
498 3853 597 3907 διὰ
639 3852 780 3916 τοὺς
830 3851 1159 3914 Ἰουδαίους
1201 3852 1343 3919 τοίνς
1386 3854 1565 3920 ὄντας
1607 3857 1675 3908 ἐν
1702 3855 1826 3922 τοῖς

137 3948 344 4008 τόποις
374 3943 662 4006 ἐκείνοις.
704 3940 973 4012 ’ᾙδεσαν
1013 3939 1125 4009 γὰρ
1157 3940 1420 4008 ἅπαντες
1459 3943 1566 3995 τὸν
1601 3943 1824 4012 πατέρα

136 4031 346 4094 αὑτοῦ,
381 4029 479 4082 ὅτι
509 4030 753 4096 ’Ἕλλην
781 4028 1080 4097 ὑπῆρχεν.

205 4119 396 4183 Ἄξιον
425 4116 768 4185 ἐκπλαγῆναι
792 4115 886 4168 τοῦ
903 4116 1115 4170 Παύλου
1132 4117 1230 4187 τὴν
1257 4116 1492 4171 σύνεσιν.
1511 4119 1572 4172 '0
1588 4120 1825 4175 τοσαῦτα

141 4209 534 4277 μαχεσάμενος
559 4207 687 4276 περὶ
715 4206 816 4275 τῆς
841 4207 1166 4276 περιτομῆς,
1196 4209 1224 4260 6
1251 4207 1428 4261 πάντα
1451 4210 1697 4275 κινήσας,
1728 4210 1823 4264 καὶ

141 4294 211 4363 μὴ
231 4296 510 4364 πρότερον
531 4292 796 4358 ἀποστάς,
822 4294 928 4356 ἕως
947 4294 1034 4346 ὅτε
1063 4293 1414 4364 κατώρθωσε,
1431 4293 1525 4348 τοῦ
1556 4295 1820 4366 δόγματος

137 4383 504 4451 κυρωθέντος,
541 4382 861 4451 περιτέμνει
886 4381 976 4434 τὸν
1008 4380 1275 4452 μαθητήν.
1307 4380 1384 4436 Ού
1418 4381 1579 4451 μόνον
1601 4384 1822 4454 ἐτέρους

135 4471 191 4522 ού
225 4471 459 4529 κωλύει.
492 4468 630 4523 άλλά
660 4469 754 4523 καὶ
773 4469 937 4532 αὐτὸς
958 4469 1117 4523 τοῦτο
1146 4469 1453 4541 ἐργάζεται.
1482 4470 1649 4524 υύδέν
1670 4473 1822 4526 Παύ-

135 4558 220 4612 λου
250 4557 629 4630 συνετώτερον
655 4575 668 4585 ·
698 4557 838 4610 ὥστε
861 4558 1040 4611 πάντα
1074 4557 1211 4626 πρὸς
1236 4557 1298 4610 τὸ
1325 4559 1599 4628 συμφέρον
1629 4559 1776 4630 ἐώρα
1803 4578 1820 4596 σ

132 4648 280 4702 οὐδὲν
309 4647 508 4710 άπλῶς
540 4647 718 4698 ἐποίει
757 4647 1043 4716 προλήψει.
1080 4644 1302 4698 Τοῦτον
1323 4645 1609 4714 ἠθέλησε,
1633 4648 1819 4718 φησὶν,

130 4735 406 4798 ἐξελθεῖν
432 4735 562 4788 σὺν
582 4733 762 4797 αὐτῷ.
792 4735 867 4786 Τὸ
921 4733 1234 4802 θαυμαστὸν
1261 4734 1420 4786 τοῦτο
1440 4775 1454 4795 ,
1484 4734 1566 4787 ὅτι
1602 4737 1694 4788 καί
1725 4738 1822 4790 ἐπ-

130 4829 290 4890 ήγετο
315 4824 513 4878 αὐτόν.
535 4821 637 4874 Διὰ
670 4821 812 4887 τοὺς
842 4821 1192 4887 Ἰουδαίους,
1211 4822 1365 4891 φησί,
1384 4820 1526 4888 τοὺς
1551 4823 1731 4890 ὄντας
1751 4825 1820 4878 ἐν

131 4913 249 4979 τοῖς
279 4915 503 4978 τόποις
534 4911 814 4976 ἐκείνοις.
842 4910 992 4980 Αῦτη
1023 4913 1056 4980 ἡ
1091 4910 1239 4964 αἰτία
1268 4909 1362 4963 τοῦ
1391 4914 1714 4980 περιτεμεῖν
1737 4913 1766 4951 ι’
1800 4929 1814 4943 ·

129 5003 185 5052 οὐ
213 5003 331 5072 γὰρ
363 5002 434 5056 ἂν
469 4999 762 5070 ἠνέσχοντο
791 4999 942 5070 παρά
969 4997 1309 5070 ἀκροϐύστου
1339 4999 1430 5052 τὸν
1463 4999 1621 5067 λόγον
1651 5001 1816 5054 ἀκοῦ-

132 5104 239 5144 σαι.
279 5091 399 5145 Καὶ
428 5089 485 5141 τί
505 5086 676 5159 ;”Ορα
700 5087 761 5139 τὸ
791 5086 1121 5156 κατόρθωμα
1141 5086 1526 5157 ·’περιέτεμεν,
1556 5088 1642 5141 ἵνα
1665 5106 1820 5161 περι-

129 5180 300 5250 τομὴν
338 5178 555 5250 καθέλῃ
583 5195 596 5208 ·
629 5175 697 5229 τά
727 5177 974 5247 δόγματα
1001 5175 1110 5247 γάρ
1143 5177 1410 5247 ἐκήρυττε
1439 5177 1507 5230 τὰ
1537 5177 1646 5231 τῶν
1678 5181 1830 5232 ἀποο.

132 5269 360 5324 στόλων,
401 5265 576 5340 Ὁρᾷς
624 5267 827 5337 μάχην,
878 5265 973 5319 καὶ
1002 5265 1089 5320 διά
1138 5265 1316 5336 μάχης
1358 5266 1688 5338 οἰκοδομήν;
1737 5267 1815 5322 Ού

130 5356 258 5426 παρ’
310 5356 526 5426 ἐτέρων
581 5353 1021 5424 πολεμούμενοι,
1066 5353 1202 5407 ἀλλά
1255 5357 1350 5408 καί
1400 5354 1556 5408 αὐτοὶ
1602 5356 1817 5410 ἐναντία

125 5443 438 5506 ποιοῦντες,
467 5440 614 5494 οὕτω
640 5441 740 5512 τὴν
777 5439 1104 5511 Ἐκκλησίαν
1128 5439 1457 5512 ᾠκοδόμουν.
1485 5442 1668 5511 Δόγμα
1713 5445 1816 5495 εἰσ-

123 5531 368 5598 ήνεγκαν
402 5531 480 5602 μὴ
512 5531 863 5601 περιτέμνειν
884 5568 899 5592 ,
943 5529 1038 5582 καὶ
1074 5529 1404 5599 περιτέμνει.
1447 5529 1813 5596 Καίἐπερίσ-

121 5631 337 5683 σευον,
363 5619 527 5688 φησί,
558 5616 641 5682 τῷ
674 5616 898 5685 ἀριθμῷ
924 5617 1052 5671 καθ’
1087 5617 1332 5686 ἡμέραν.
1367 5613 1520 5680 Εἶδες
1539 5617 1600 5669 τὸ
1626 5619 1814 5688 κέρδος

115 5706 216 5775 τῆς
251 5709 613 5777 περιτομῆςς
665 5701 800 5758 Εἶτα
841 5704 1028 5759 λοιπὸν
1074 5707 1174 5758 οὐκ
1213 5704 1539 5777 ἐνδιατρίϐει
1575 5704 1808 5769 τούτοις,

113 5791 209 5848 ἅτε
266 5796 691 5864 ἐπισκέψασθαι
737 5793 907 5847 ἐλθών
933 5810 946 5822 ·
987 5794 1123 5848 ἀλλά
1156 5793 1246 5861 τίς
1303 5794 1500 5866 Πόρῤω
1539 5794 1806 5864 πρόεισιν.

171 5899 191 5921 ’
221 5900 373 5951 Unus
406 5903 521 5957 τοὺς
548 5903 762 5962 πρώτους
798 5902 1030 5963 πρώτους.
1099 5902 1128 5942 ι)
1163 5900 1296 5962 Haec,
1345 5901 1462 5951 αὕτη
1496 5901 1526 5946 οίι
1555 5899 1684 5947 αἰτία
1721 5895 1806 5947 τοῦ

102 5966 413 6024 γιριτειιείν.
443 5964 629 6012 desum
661 5964 710 6010 in
753 5977 866 6011 uno.

488 6055 760 6114 Pnnm.
811 6050 853 6106 (1
868 6067 925 6106 ιι.
977 6047 1099 6107 LX.

3505 302 3608 355 9.48

1963 410 2060 476 Ὠς
2086 414 2154 466 δὲ
2184 415 2602 484 διεπορεύοντο
2631 421 2732 484 τὰς
2758 421 2986 484 πόλεις.
3015 419 3610 490 παρεδίδουν-ἀὐτοῖς

1947 501 2292 567 φυλάσσειν
2328 508 2400 559 τὰ
2439 506 2700 575 δόγματα
2735 509 2806 561 τὰ
2833 509 3150 576 κεκριμένα
3177 511 3294 563 ὑπὸ
3320 511 3438 565 τῶν
3462 514 3610 567 ἀπο-

1949 591 2187 643 στόλων
2210 594 2307 646 καί
2336 593 2453 648 τῶν
2476 595 2892 664 πρεσϐυτέρων
2920 596 3040 649 τῶν
3079 599 3150 650 ἐν
3196 599 3608 673 Ἰερουσαλήμι

1947 676 2016 728 Αἱ
2037 676 2153 744 μὲν
2174 673 2287 732 οὖν
2327 679 2684 746 Ἐκκλησίαι
2711 681 3097 750 ἐστερεοῦντο
3126 683 3201 753 τῇ
3243 688 3443 740 πίστει
3461 728 3474 746 .
3511 689 3612 743 καὶ

1944 759 2344 825 ἐπερίσσευον
2365 775 2389 801 ει
2416 761 2496 827 τῷ
2532 762 2754 833 ἀριθμῷ
2795 767 2922 818 καθ’
2959 768 3208 834 ἡμέραν.
3264 772 3612 838 Διελθόντες

1945 846 2012 900 δὲ
2047 849 2162 915 τὴν
2187 850 2450 918 Φρυγίαν
2481 851 2580 903 καὶ
2602 852 2717 918 τὴν
2741 855 3092 921 Γαλατικὴν
3134 856 3363 924 χώραν,
3418 861 3612 912 κωλυ-

1944 936 2146 1003 θέντες
2167 938 2283 992 ὑπὸ
2313 939 2417 992 τοῦ
2437 940 2610 1008 ἁγίου
2637 943 2985 1010 Πνεύματος
3006 944 3278 1010 λαλῆσαι
3295 946 3400 999 τὸν
3423 949 3611 1016 λόγον

1941 1024 2011 1076 ὲν
2027 1024 2101 1093 τῇ
2127 1026 2309 1093 Ἀσίᾳ,
2337 1029 2452 1094 τὴν
2472 1029 2735 1096 Φρυγίαν
2753 1031 2851 1083 καὶ
2878 1032 2992 1097 τὴν
3005 1035 3312 1087 Γαλατίαν
3334 1034 3608 1104 ἀφέντες,

1941 1116 2028 1179 εὶς
2052 1113 2168 1180 τὴν
2201 1117 2530 1184 μεσόγαιον
2577 1117 2899 1174 ἔσπευδον.
2947 1122 3258 1188 Ἐλθόντες
3297 1125 3448 1178 κατὰ
3494 1125 3611 1191 τὴν

1928 1205 2186 1257 Μυσίαν
2212 1202 2520 1272 ἐπείραζον
2544 1208 2632 1270 εις
2653 1206 2769 1271 τὴν
2793 1209 3080 1262 Βιθυνίαν
3111 1211 3484 1277 πορεύεσθαι,
3511 1211 3609 1266 και

1942 1293 2054 1344 οὐκ
2087 1293 2297 1345 εἴασεν
2321 1292 2544 1359 αὐτοὺς
2577 1294 2644 1347 τὸ
2685 1295 2947 1364 Πνεῦμα.
2984 1296 3084 1349 Διά
3113 1298 3165 1350 τί
3203 1298 3300 1367 μὲν
3338 1295 3431 1352 οὖν
3473 1302 3610 1352 ἐκω-

1942 1380 2203 1451 λύθησαν,
2233 1382 2294 1433 οὐ
2330 1382 2478 1453 λέγει
2511 1401 2524 1413 ·
2556 1384 2638 1436 ὅτι
2662 1384 2720 1437 δὲ
2753 1383 3102 1455 ἐκωλύθησαν
3121 1427 3136 1451 ,
3167 1382 3310 1452 εἷπε,
3340 1386 3608 1442 παιδεύων

1941 1470 2088 1540 ἡμᾶς
2122 1469 2404 1524 πείθεσθαι
2445 1471 2601 1541 μόνον
2636 1473 2730 1526 καὶ
2777 1473 2854 1542 μὴ
2891 1472 3073 1542 ζητεῖν
3121 1474 3220 1537 τὰς
3267 1475 3481 1538 αἰτίας,
3516 1475 3610 1527 καὶ

1940 1558 2174 1620 δεικνὺς,
2197 1558 2277 1611 ὅτι
2305 1559 2475 1613 πολλὰ
2506 1560 2601 1613 καὶ
2629 1561 2988 1631 ἀνθρωπίνως
3008 1561 3244 1615 ἐποίουν.
3275 1565 3612 1630 Παρελθόν-

1941 1664 2042 1712 τες
2061 1645 2133 1711 ,δὲ
2161 1648 2277 1714 τὴν
2302 1648 2545 1702 Μυσίαν
2570 1648 2914 1716 κατέϐησαν
2939 1651 3026 1714 εἰς
3061 1650 3314 1718 Τρωάδα.
3335 1650 3446 1704 Καὶ
3475 1650 3611 1718 ὅρα-

1935 1753 2022 1804 μα
2073 1735 2171 1788 διὰ
2215 1734 2325 1802 τῆς
2355 1735 2576 1802 νυκτὸς
2607 1735 2775 1805 ὤφθη
2807 1737 2887 1802 τῷ
2918 1738 3135 1804 Παύλῳ
3160 1754 3172 1766 ·
3203 1737 3370 1806 Ἀνήρ
3409 1756 3499 1804 τις
3533 1735 3610 1806 ἦν

1937 1823 2229 1876 Μακεδὼν
2276 1823 2506 1888 ἑστὼς,
2560 1823 2927 1893 παρακαλῶν
2976 1825 3164 1878 αὐτὸν
3225 1826 3322 1879 καί
3375 1825 3569 1894 λέγων
3595 1844 3607 1856 ·

1938 1912 2150 1976 Διαϐὰς
2172 1914 2259 1976 εἰς
2286 1911 2691 1975 Μακεδονίαν,
2724 1911 3046 1978 ,βοήθησον
3075 1911 3240 1979 ἡμῖν.
3269 1914 3370 1966 Διά
3397 1917 3449 1966 τί
3476 1914 3609 1982 ὅρα-

1942 2017 2019 2068 μα
2043 2040 2057 2059 .
2087 2001 2183 2053 καὶ
2213 2000 2286 2070 μὴ
2315 2001 2376 2052 τὸ
2408 2001 2633 2070 Πνεῦμα
2676 2001 2738 2053 τὸ
2781 2001 2935 2068 ἅγιον
2973 2001 3287 2066 ἐκέλευσεν;
3327 2001 3608 2055 Ἐϐούλετο

1937 2089 2135 2144 αὐτοὺς
2164 2089 2258 2141 καὶ
2287 2086 2460 2152 οὕτως
2481 2089 2800 2154 ἐφέλκεσθαι
2823 2107 2837 2120 ’
2867 2088 2989 2142 ἐπεὶ
3012 2091 3105 2142 καὶ
3134 2093 3246 2152 τοῖς
3274 2091 3450 2159 ἁγίοις
3475 2091 3607 2163 ὄναρ

1938 2176 2132 2244 ἐφάνη·
2172 2175 2265 2228 καὶ
2281 2175 2338 2241 ἐξ
2364 2176 2537 2246 ἀρχῆς
2554 2175 2716 2239 αὐτὸς
2731 2176 2913 2246 ὅραμα
2932 2173 3089 2237 εἶδεν.
3110 2177 3280 2248 ἄνδρα
3300 2177 3607 2230 εἰσελθόντα

1936 2264 2031 2314 καὶ
2057 2263 2312 2316 ἐπιθέντα
2337 2263 2485 2334 αὐτῷ
2507 2266 2716 2335 χεῖρας.
2740 2259 2873 2318 Εἶτα
2900 2263 2995 2318 καὶ
3014 2263 3104 2317 διὰ
3129 2264 3286 2318 τοῦτο
3305 2264 3468 2318 αὑτὸν
3492 2267 3608 2317 ἐκεῖ

1935 2351 2103 2414 ἕλκει,
2139 2351 2226 2404 ἵνα
2256 2351 2561 2421 ἐκτείνηται
2612 2350 2673 2403 τὸ
2723 2352 3008 2422 κήρυγμα.
3041 2351 3252 2415 Ἀλλως
3294 2353 3352 2406 δέ
3391 2353 3486 2405 καὶ
3519 2353 3606 2405 διὰ

1932 2441 2096 2494 τοῦτο
2131 2439 2400 2494 κωλύεται
2435 2440 2772 2511 ἐνδιατρῖψαι
2809 2442 2934 2504 ταῖς
2961 2439 3151 2504 ἄλλαις
3183 2441 3422 2506 πόλεσιν,
3463 2442 3608 2495 ἐπεί-

1933 2547 2122 2598 γοντος
2149 2530 2312 2583 αὐτὸν
2340 2529 2434 2582 τοῦ
2465 2529 2722 2600 Χριστοῦ.
2779 2524 2938 2584 Οὗτοι
2966 2529 3064 2600 μὲν
3083 2532 3193 2600 γὰρ
3221 2529 3443 2601 ἔμελλον
3470 2531 3606 2584 ἀπο·

1933 2617 2227 2670 λαύσεσθαι
2256 2618 2500 2671 Ἰωάννου
2517 2619 2611 2671 καὶ
2633 2618 2822 2688 χρόνον
2839 2617 3027 2680 πολὺν,
3049 2619 3144 2671 καὶ
3161 2616 3311 2690 [264]
3337 2618 3467 2682 ἴσως
3481 2619 3605 2673 οὐδὲ

1933 2707 2071 2759 πάνυ
2091 2706 2317 2759 ἐδέοντο·
2351 2707 2468 2760 ἐκεῖ
2481 2706 2535 2758 δὲ
2547 2704 2806 2758 ἀπελθεῖν
2838 2705 2966 2759 ἔδει.
2989 2706 3100 2760 Καὶ
3117 2707 3481 2776 ἀντιπεράσας
3498 2705 3608 2758 λοι-

1932 2793 2031 2845 πὸν
2054 2792 2268 2858 ἔξεισιν.
2288 2793 2382 2857 Ὡς
2401 2792 2468 2845 δὲ
2495 2793 2561 2844 τὸ
2587 2793 2777 2862 ὅραμα
2804 2788 3214 2859 εἷδεν,εὐθέως
3235 2790 3604 2863 ἐζητήσαμεν

1929 2881 2198 2944 ἐξελθεῖν
2235 2884 2321 2948 εἰς
2354 2881 2752 2944 Μακεδονίαν,
2805 2879 3262 2949 συμϐιϐάζοντες
3303 2881 3392 2935 ὅτι
3421 2897 3606 2950 προσ-

1931 2970 2214 3035 κέκληται
2269 2967 2426 3037 ἠμᾶς
2465 2971 2496 3021 ὁ
2553 2971 2769 3037 Κύριος
2813 2970 3316 3040 εὐαγγελίσασθαι
3358 2971 3599 3036 αὐτοῦς.

1943 3059 2324 3127 Ἀναχθέντες
2367 3058 2436 3112 δὲ
2475 3059 2594 3113 ἀπὸ
2631 3059 2898 3127 Τρωάδος
2938 3058 3470 3130 εὐθυδρομήσαμεν
3515 3061 3604 3124 εἰς

1930 3147 2345 3216 Σαμοθρᾴκην,
2380 3147 2453 3215 τῇ
2481 3164 2546 3201 τε
2572 3147 2829 3215 ἐπιούσῃ
2869 3150 2955 3211 είς
2996 3147 3331 3211 Νεάπολιν,
3375 3146 3604 3202 ἐκεῖθέν

1931 3252 1995 3288 τε
2017 3237 2103 3302 εἰς
2126 3237 2464 3302 Φιλίππους
2484 3276 2499 3298 ,
2545 3235 2678 3303 ἥτις
2706 3236 2837 3291 ἐστί
2863 3237 3062 3304 πρώτη
3087 3235 3198 3304 τῆς
3226 3236 3602 3304 Μακεδονίας

1929 3327 2130 3390 πόλις,
2162 3319 2686 3393 κολώνεια.⁷Ημεν
2712 3322 2781 3376 δὲ
2802 3325 2872 3378 ἐν
2890 3322 3044 3392 αὐτῇ
3069 3322 3144 3391 τῇ
3174 3324 3345 3378 πόλει
3379 3322 3603 3392 διατρί-

1931 3413 2137 3475 ϐοντες
2165 3411 2389 3482 ἡμέρας
2415 3412 2604 3477 τινάς.
2634 3410 2826 3475 Οὕτως
2855 3410 3004 3482 αὐτῷ
3033 3412 3128 3465 καὶ
3153 3412 3182 3464 6
3204 3411 3436 3482 Χριστὸς
3468 3413 3595 3479 φαίο

1930 3517 2078 3554 νεται
2110 3499 2284 3568 λέγων
2309 3541 2324 3562 ,
2359 3501 2439 3553 ὅτι
2469 3501 2725 3567 Καίσαρί
2759 3516 2834 3554 σε
2881 3499 2978 3554 δεῖ
3013 3500 3414 3568 παραστῆναι.
3467 3496 3598 3553 Εἶτα

1929 3587 2073 3655 λέγει
2109 3589 2200 3640 καὶ
2231 3589 2356 3652 τοὺς
2383 3588 2582 3652 τόπους
2602 3628 2618 3650 ,
2665 3585 2761 3642 ἆτε
2791 3587 3031 3660 ἱστορίαν
3072 3586 3454 3658 ἐξηγούμενος,
3503 3588 3601 3641 καὶ

1926 3674 2143 3737 δεικνὺς
2169 3676 2270 3728 ποῦ
2304 3676 2613 3746 ἐνεχρόνισε
2639 3692 2652 3705 ’
2682 3676 2777 3728 καὶ
2807 3675 3075 3728 δείκνυσιν
3095 3717 3110 3740 ,
3143 3675 3222 3728 ’ότι
3244 3675 3301 3727 ἐν
3326 3677 3442 3737 ταῖς
3477 3675 3597 3744 μεί-

1928 3760 2067 3825 ζοσι,
2097 3763 2195 3825 τὰς
2221 3762 2280 3815 δέ
2302 3763 2468 3828 ἄλλας
2498 3764 2722 3833 παρῄει.
2765 3763 3008 3831 Ἀξίωμά
3041 3764 3157 3814 ἐστι
3187 3761 3392 3823 πόλεως
3428 3765 3461 3832 ἡ
3505 3779 3598 3814 κο-

1927 3851 2142 3904 λώνεια.
2174 3850 2313 3902 Ἀλλ’
2335 3849 2540 3904 ἄνωθεν
2567 3849 2762 3920 ἴδωμεν
2790 3851 2857 3903 τά
2887 3849 3175 3920 εἰρημένα.
3203 3850 3472 3917 Ἀνάγκην
3496 3866 3594 3900 πε-

1931 3938 2163 4008 ριτίθησι
2194 3936 2271 4006 τῷ
2301 3936 2556 4007 Βαρνάϐᾳ
2581 3937 2682 4006 τῆς
2713 3937 3022 4006 ἀποδημίας
3053 3936 3226 4004 λέγων
3254 3954 3268 3967 ·
3321 3938 3596 3990 Ἐπισκε-

1925 4025 2170 4094 ψώμεθα
2216 4024 2322 4090 τὰς
2371 4025 2580 4090 πόλεις
2607 4065 2619 4084 ,
2677 4025 2747 4077 ἐν
2799 4019 2895 4090 αἷς
2960 4024 3430 4093 κατηγγείλαμεν
3487 4025 3595 4076 τὸν

1924 4116 2131 4183 λόγον.
2160 4113 2350 4166 Καίτοι
2380 4113 2482 4164 οὐκ
2508 4111 2613 4164 ἔδει
2637 4111 2827 4177 ἀξιοῦν
2866 4111 3024 4165 αὑτὸν
3057 4111 3317 4182 μέλλοντα
3354 4127 3592 4181 κατηγο-

1931 4207 2040 4275 ρεῖν
2075 4204 2213 4272 μετά
2235 4203 2426 4256 ταῦτα.

1995 4291 2058 4345 δ’.
2075 4291 2247 4344 Τοῦτο
2270 4292 2366 4344 καὶ
2387 4292 2480 4343 ἐπὶ
2501 4289 2594 4344 τοῦ
2625 4289 2761 4342 Θεοῦ
2793 4291 2997 4357 γίνεται
3024 4287 3228 4343 καὶτοῦ
3245 4287 3540 4350 Μωῦσέως·
3562 4289 3592 4341 6

1929 4381 2026 4450 μὲν
2055 4379 2214 4444 ἀξιοῖ,
2245 4383 2273 4434 ό
2297 4380 2352 4433 δέ
2379 4379 2677 4448 ὀργίζεται.
2707 4373 2833 4432 Οἴον
2861 4377 2937 4442 ὡς
2967 4379 3095 4431 ὅταν
3127 4377 3280 4448 λέγῃ·
3325 4379 3392 4430 El
3421 4378 3452 4430 ό
3482 4389 3592 4430 που

1924 4469 2034 4535 τὴρ
2058 4467 2245 4534 αὐτῆς
2269 4468 2604 4521 ἐνέπτυσεν
2642 4470 2728 4533 εἰς
2767 4469 2833 4519 τὸ
2871 4468 3194 4534 πρόσωπον
3221 4463 3416 4531 αὐτῆς
3453 4481 3466 4494 ·
3500 4465 3591 4517 καὶ

1924 4557 2106 4619 πάλιν,
2143 4559 2316 4624 Ἄφες
2363 4572 2440 4624 με
2463 4595 2478 4616 ,
2510 4554 2607 4608 καὶ
2637 4555 2923 4622 θυμωθεὶς
2950 4554 3250 4621 ἐξαλείψω
3279 4554 3386 4606 τὸν
3436 4553 3592 4606 λαὸν

1923 4644 2140 4698 τοῦτον
2162 4661 2174 4673 ·
2201 4644 2292 4696 καί
2314 4645 2342 4695 6
2370 4642 2643 4712 Σαμουὴλ,
2663 4643 2790 4694 ὅταν
2810 4641 2977 4711 πενθῇ
3008 4642 3096 4694 τὸν
3125 4640 3296 4693 Σαούλ
3327 4657 3339 4670 ·
3369 4641 3436 4692 δι’
3460 4643 3588 4693 ἑκά-ο

1921 4736 2094 4806 τέρων
2123 4734 2232 4804 7&9
2265 4733 2473 4803 μεγάλα
2500 4733 2712 4800 γίνεται
2737 4732 2932 4800 ἀγαθά.
2959 4729 3118 4784 Οῦτω
3141 4730 3203 4800 δὴ
3235 4730 3328 4782 καί
3353 4730 3586 4784 ἐνταῦθα

1922 4826 1951 4876 6
1985 4824 2084 4893 μὲν
2113 4821 2409 4892 ὀργίζεται,
2441 4823 2468 4874 6
2495 4821 2550 4873 δέ
2577 4821 2677 4872 οὐκ
2703 4820 2804 4872 ἐτι.
2836 4818 3005 4871 Τοῦτο
3026 4818 3118 4870 καὶ
3145 4817 3230 4886 ἐφ’
3256 4820 3288 4886 ἡ
3298 4817 3414 4887 μῶν
3441 4817 3588 4886 γίνε-

1921 4929 2028 4965 ται.
2069 4912 2176 4964 Καὶ
2200 4912 2228 4962 6
2259 4909 2606 4980 παροξυσμὸς
2653 4907 2878 4968 εἰκότως
2903 4947 2916 4966 ,
2958 4907 3042 4959 ἵνα
3067 4907 3272 4969 ἐκεῖνος
3300 4905 3584 4977 παιδευθῇ,

1921 5000 2016 5053 καὶ
2038 5001 2113 5069 μὴ
2136 4998 2261 5070 δόξῃ
2302 4997 2476 5067 σκηνὴ
2505 4997 2565 5049 τὸ
2593 4997 2824 5064 πρᾶγμα
2856 4988 3014 5046 εἶναι.
3062 4992 3137 5044 Οὐ
3170 4992 3279 5062 γὰρ
3301 4992 3367 5046 ἂν
3395 4997 3423 5047 ὁ
3449 5011 3587 5048 παν-

1919 5087 2086 5157 ταχοῦ
2111 5087 2296 5147 είκων,
2322 5083 2554 5139 ἐνταῦθα
2585 5084 2684 5136 οὐκ
2714 5077 2876 5145 εἶξεν,
2904 5081 2932 5132 ὀ
2956 5079 3099 5133 οὕτω
3124 5081 3334 5135 Παῦλον
3375 5082 3543 5152 φιλῶν
3569 5124 3583 5146 ,

1919 5174 2060 5227 ὥστε
2094 5175 2188 5228 καὶ
2216 5175 2322 5246 πρὸ
2347 5173 2536 5226 τούτου
2567 5170 2798 5239 ζητῆσαι
2830 5168 2991 5222 αὑτὸν
3014 5169 3071 5221 ἐν
3093 5169 3312 5240 Ταρσῷ,
3339 5170 3431 5224 καὶ
3452 5171 3586 5242 πρὸς

1918 5263 2043 5326 τοὺς
2066 5262 2396 5323 ἀποστόλους
2425 5258 2585 5312 αὑτὸν
2605 5258 2949 5324 ἀπενεγκεῖν,
2978 5257 3072 5309 καὶ
3097 5255 3194 5327 τὴν
3215 5256 3583 5327 ἐλεημοσύνην

1918 5352 2102 5420 κοινὴν
2135 5349 2468 5421 ἐργάσασθαι
2494 5348 2544 5410 b,
2571 5346 2664 5400 καὶ
2691 5345 2759 5398 τὰ
2788 5345 2930 5399 κατά
2959 5345 3019 5398 τὸ
3046 5344 3220 5415 δόγμα
3243 5347 3394 5415 κοινῇ
3420 5361 3585 5398 κατα-

1917 5439 2192 5504 δέξασθαι.
2240 5437 2353 5489 Οὐκ
2396 5437 2462 5488 ἂν
2504 5429 2597 5488 οὗν
2640 5433 2727 5486 διά
2766 5433 3004 5486 τοιοῦτον
3033 5435 3263 5506 πρᾶγμα
3295 5432 3543 5503 ὠργίσθη
3569 5447 3582 5461 ·

1916 5527 2051 5581 ἀλλά
2105 5524 2429 5596 χωρίζονται
2481 5522 2577 5574 ἀπ’
2623 5520 2910 5588 ἀλλήλων,
2964 5521 3106 5574 ὥστε
3155 5520 3440 5574 παιδεῦσαι
3489 5519 3585 5571 καὶ

1920 5615 2219 5686 ἀπαρτίσαι
2254 5611 2344 5664 διὰ
2371 5609 2466 5662 τοῦ
2501 5609 2784 5681 χωρισμοῦ
2818 5612 2944 5672 τοὺς
2975 5607 3262 5678 δεομένους
3304 5605 3424 5675 τῆς,
3451 5607 3582 5675 παρ’

1915 5703 2093 5756 αὐτῶν
2125 5701 2474 5764 διδασκαλίας
2513 5717 2528 5730 ·
2584 5699 2774 5771 ὥσπερ
2803 5692 2896 5753 οὖν
2923 5699 3019 5752 καὶ
3047 5693 3281 5767 ἀλλαχοῦ
3314 5697 3456 5748 ποιεῖ
3495 5694 3585 5748 λέ-

1975 5897 1998 5926 5
2024 5897 2337 5959 Περιέσσενον
2360 5934 2372 5957 ,
2407 5898 2479 5946 sic
2508 5894 2720 5958 quidam.
2787 5892 2816 5934 ὶο
2852 5892 3170 5957 Ἐργάσασθαι
3204 5889 3350 5941 deest
3390 5891 3438 5940 in
3480 5901 3591 5952 qu-

1921 5957 2125 6009 busdam

2991 6042 3064 6108 16
