4100 6354
543 251 659 306 εις)

552 397 671 450 των
703 396 717 414 ’
754 381 950 451 ἠλεῖς
982 382 1051 436 δὲ
1072 385 1158 453 μὴ
1194 382 1502 437 ἐκκακεῖτε
1545 383 1610 436 τὸ
1657 382 1852 436 καλὸν
1896 379 2227 442 ποιοῦντες.

553 481 668 533 Καὶ
708 480 939 550 ἐπιτιμᾷ
971 480 1070 551 μὲν
1102 480 1343 551 ἑτέροις,
1380 479 1592 533 κελεύει
1638 480 1694 531 δὲ
1746 479 1809 531 τὺ
1857 477 2020 531 καλὸν
2059 476 2232 528 ποιεῖν

554 580 691 645 πρὸς
730 576 959 638 πάντας.
998 577 1169 630 Τοῦτο
1201 578 1295 630 καὶ
1325 578 1382 629 ἐν
1412 578 1477 648 τῇ
1513 576 1772 647 συνηθείᾳ
1805 575 2086 643 ποιοῦμεν.
2118 574 2235 625 Ἐν-

552 672 731 726 ταῦθά
755 691 845 744 μοι
863 672 1081 726 δοκοῦσι
1109 674 1203 726 καὶ
1225 673 1373 728 ἄλλοι
1402 674 1885 744 συναγανακτῆσαι
1913 670 1989 741 τῷ
2015 670 2234 740 Παύλῳ.

552 770 666 823 Καὶ
700 770 884 823 λοιπὸν
914 771 1034 823 κατ’
1066 771 1201 824 ἰδίαν
1234 771 1523 834 κάκείνους
1544 770 1725 825 λαϐὼν
1749 772 1927 824 πάντα
1950 771 2109 833 ποιεῖ,
2142 768 2236 821 καὶ

553 870 835 938 παραινεῖ,
884 869 979 922 καὶ
1006 868 1267 924 νουθετεῖ.
1308 869 1488 923 Πολλά
1516 872 1549 937 ἡ
1580 868 1801 938 ὁμόνοια
1832 867 2075 929 δύναται,
2107 866 2237 919 πολ-

553 963 619 1017 λὰ
642 966 676 1036 ἡ
698 964 888 1034 ἀγάπη
909 980 923 993 °
948 964 1051 1019 κᾶν
1084 966 1226 1037 ὑπὲρ
1254 966 1492 1036 μεγάλου
1526 966 1698 1031 ἀξιοῖς
1722 1006 1736 1029 ,
1774 964 1874 1019 κᾶν
1901 964 2118 1028 ἀνάξιος
2144 959 2234 1037 ᾖς,

550 1061 660 1115 ἀπὸ
695 1063 795 1132 τῆς
829 1063 1202 1134 προαιρέσεως
1235 1062 1576 1137 άκουσθήσῃ,
1613 1064 1688 1133 μὴ
1716 1061 1905 1131 φοϐοῦ.
1929 1060 2233 1129 Διήρχετο,

550 1159 707 1229 φησί,
733 1158 840 1225 τὰς
869 1162 1103 1226 πόλεις.
1136 1161 1248 1214 Καὶ
1284 1160 1413 1214 ὶδοὺ
1438 1158 1519 1231 ἦν
1547 1160 1825 1230 μαθητὴς
1860 1162 2105 1228 ὀνόματι
2145 1161 2234 1211 Τι-

542 1257 784 1323 μόθεος,
829 1255 898 1322 ὃς
938 1258 1321 1326 ἐμαρτυρεῖτο
1367 1258 1489 1312 ὑπὸ
1538 1257 1660 1312 τῶν
1684 1258 1755 1311 ἐν
1804 1258 2103 1325 Λύστροις
2135 1260 2234 1315 καὶ

560 1352 789 1418 Ἰκονίῳ
820 1353 1124 1423 ἀδελφῶν.
1174 1354 1401 1425 Μεγάλη
1435 1357 1467 1425 ἠ
1500 1356 1685 1419 πίστις
1715 1368 1741 1395 ιι
1775 1355 1871 1408 τοῦ
1920 1355 2191 1425 Τιμοθέου
2214 1395 2231 1421 ,

545 1446 630 1499 ὅτι
658 1448 764 1500 ὑπὸ
794 1448 1016 1501 πάντων
1053 1452 1431 1520 μαρτυρεῖται.
1471 1448 1602 1503 Ὅτε
1651 1450 1864 1521 ἀπέστη
1909 1450 2231 1522 Βαρνάϐας,

544 1542 734 1615 ἕτερον
760 1544 1090 1615 ἀντίρροπον
1121 1546 1391 1613 εὑρίσκει.
1414 1548 1553 1619 Περὶ
1580 1547 1774 1600 τούτου
1809 1547 1967 1617 φησὶ,
2004 1552 2234 1618 Μεμνη-

540 1640 727 1707 μένος
754 1653 873 1695 σου
909 1640 1030 1695 τῶν
1061 1641 1337 1711 δακρύων
1381 1645 1479 1698 καί
1518 1644 1631 1712 τῆς
1665 1645 2076 1713 ἀνυποκρίτου
2114 1662 2231 1700 σου

545 1736 827 1802 πίστεως,
886 1737 1023 1804 ἣτις
1062 1738 1334 1808 ἐνῴκησε
1374 1739 1611 1810 πρῶτον
1655 1742 1725 1794 ἐν
1754 1740 1828 1811 τῇ
1853 1740 2061 1811 μάμμῃ
2114 1759 2232 1798 σου

545 1832 743 1896 Λωτδι,
785 1834 882 1887 καὶ
922 1834 999 1903 τῇ
1029 1838 1212 1905 μητρί
1240 1854 1359 1891 σου
1387 1838 1639 1907 Εὐνίκῃ.
1676 1838 1788 1892 Καὶ
1821 1839 2042 1905 λαϐὼν,
2075 1842 2229 1911 φησὶ,

542 1930 890 2001 περιέτεμεν
917 1934 1125 1987 αὐτόν.
1169 1933 1326 1994 Τίνος
1355 1934 1411 1987 δὲ
1440 1936 1626 1987 ἐνεκεν
1648 1975 1663 1999 ,
1699 1936 1865 1999 αὐτὸς
1909 1936 2104 2004 ἐπάγει
2145 1936 2230 1990 λέ-

544 2042 658 2094 γων
693 2046 706 2058 ·
740 2030 844 2081 Διὰ
873 2029 1014 2094 τοὺς
1045 2030 1376 2097 Ἰουδαίους
1406 2031 1548 2097 τοὺς
1575 2032 1757 2100 ὄντας
1776 2034 1837 2086 ἐν
1873 2032 1998 2099 τοῖς
2027 2037 2231 2098 τόποις

544 2122 822 2190 ἐκείνοις.
850 2127 949 2179 Διὰ
979 2126 1137 2182 τοῦτο
1157 2128 1338 2181 τοίνυν
1369 2130 1755 2200 περιτέμνεται
1786 2145 1798 2159 ³
1829 2131 1863 2200 ἢ
1902 2132 1997 2185 καὶ
2021 2131 2111 2183 διά
2138 2131 2229 2186 τὸν

546 2219 782 2285 πατέρα·
810 2221 1010 2293 Ἕλλην
1038 2225 1147 2295 γὰρ
1177 2224 1370 2294 ἔμενεν
1400 2224 1495 2279 ῶν.
1538 2228 1679 2297 Ἀρα
1707 2228 1807 2280 οὐκ
1831 2222 1898 2297 ἦν
1931 2227 2228 2298 ἐμπερίτο-

548 2332 667 2386 μος.
699 2316 850 2389 [265]
880 2320 1021 2390 Ὅρα
1061 2321 1163 2392 ἤδη
1202 2321 1295 2374 τὸν
1324 2323 1488 2393 νόμον
1518 2324 1799 2392 λυόμενον.
1858 2325 1983 2377 Τισὶ
2006 2324 2062 2377 δὲ
2082 2324 2230 2377 δοκεῖ

548 2414 686 2481 μετά
698 2416 756 2467 τὸ
768 2418 1031 2487 κήρυγμα
1042 2418 1203 2469 αὑτὸν
1220 2418 1496 2489 τεχθῆναι·
1514 2418 1628 2470 ἀλλ’
1647 2421 1747 2472 οὐκ
1762 2420 1877 2472 ἔστι
1892 2421 2033 2490 τάχα
2048 2420 2224 2472 τοῦτο.

557 2510 701 2566 Ἀπὸ
741 2513 1015 2582 ,βρέφους
1048 2514 1179 2583 γὰρ,
1223 2517 1379 2586 φησὶ,
1412 2519 1484 2570 τὰ
1514 2519 1639 2584 ἱερὰ
1674 2517 2003 2586 Γράμματα
2028 2514 2217 2582 οἶδας.

556 2607 765 2661 Ἐκεῖνο
791 2609 970 2661 τοίνυν
1005 2609 1152 2663 ἔστιν
1184 2613 1376 2671 εἰπειν.
1414 2613 1446 2683 ἦ
1481 2614 1527 2664 εἰ
1572 2612 1646 2683 μὴ
1679 2613 1856 2674 τοῦτο,
1887 2614 1968 2666 ὃτι
2005 2613 2227 2683 ἔμελλεν

546 2705 708 2758 αὐτὸν
737 2706 1038 2761 ἐπίσκοπον
1073 2712 1246 2762 ποιεῖν
1274 2751 1287 2774 ,
1316 2710 1409 2763 καὶ
1438 2711 1539 2764 οὐκ
1563 2711 1667 2762 ἔδει
1697 2711 2031 2781 άκρόόυστον
2065 2708 2223 2765 εἶναι.

546 2801 701 2866 Τέως
755 2803 811 2856 δὲ
850 2804 955 2858 ἔδει
1005 2805 1073 2858 τά
1116 2806 1245 2877 ἔθνη
1287 2808 1454 2878 μηδὲν
1506 2808 1745 2861 τοιοῦτον
1790 2809 2104 2876 φυλάττειν.
2150 2810 2223 2862 Οὕ

549 2899 749 2970 μικρὸν
780 2901 875 2954 καὶ
906 2903 1063 2955 τοῦτο
1093 2898 1181 2974 ἦν,
1222 2905 1355 2958 ὅπου
1386 2922 1450 2974 γε
1477 2904 1614 2975 μετά
1640 2906 1895 2959 τοσοῦτον
1915 2906 2106 2977 χρόνον
2130 2909 2225 2960 καὶ

544 2996 705 3051 τοῦτο
734 2999 931 3064 αὐτοὺς
956 3002 1362 3066 ἐσκανδάλιζεν.
1385 3004 1549 3074 Ἀρχὴ
1583 3005 1935 3069 καταλύσεως
1965 3002 2031 3077 ἦν
2062 3005 2122 3058 τὸ
2155 3008 2224 3060 τά

546 3094 673 3167 ἔθνη
710 3100 784 3169 μὴ
825 3104 1014 3171 τηρεῖν
1052 3101 1264 3164 ταῦτα,
1313 3104 1406 3155 καὶ
1453 3102 1621 3173 μηδὲν
1671 3102 2034 3172 βλάπτεσθαι,
2090 3105 2225 3175 μηδέ

547 3191 766 3247 ἔλαττον
790 3195 933 3265 ἔχειν
952 3197 1091 3250 κατά
1108 3198 1206 3268 τὴν
1223 3200 1405 3251 πίστιν
1432 3216 1443 3227 ο
1470 3200 1687 3262 ἑκόντες
1706 3200 1888 3252 λοιπὸν
1908 3200 2222 3269 ἀφίσταντο.

558 3288 715 3343 Ἐπεὶ
737 3288 832 3345 οὖν
863 3293 1055 3363 ἔμελλε
1097 3296 1389 3366 κηρύττειν
1415 3334 1428 3357 ,
1462 3296 1551 3350 ἵνα
1594 3297 1667 3368 μὴ
1699 3297 1860 3369 διπλῇ
1894 3298 2074 3369 πλήξῃ
2098 3300 2224 3363 τοὺς

559 3386 862 3453 Ἰουδαίους,
900 3389 1192 3461 περιέτεμε
1233 3391 1442 3457 τοῦτον,
1486 3395 1664 3448 καίτοι
1707 3395 1767 3459 ἐξ
1815 3397 2074 3466 ἡμισείας
2110 3393 2178 3468 ἦν
2208 3415 2223 3429 ο

546 3486 655 3537 ἀπὸ
682 3487 888 3556 πατρὸς
910 3488 1171 3559 Ἕλληνος
1194 3490 1301 3560 γάρ
1325 3485 1394 3560 ἧν
1418 3531 1433 3553 ,
1463 3491 1559 3544 καὶ
1590 3493 1789 3562 πιστῆς
1823 3493 2029 3563 μητρός
2054 3509 2067 3522 ·
2109 3493 2223 3547 ἀλλ’

544 3582 699 3650 ὅμως
724 3583 913 3655 ἐπειδὴ
954 3584 1094 3655 μέγα
1137 3581 1206 3657 ἦν
1251 3588 1427 3642 ἐκεῖνο
1462 3587 1521 3640 τὸ
1561 3588 1895 3661 κατόρθωμα
1927 3590 1989 3642 τὸ
2021 3591 2079 3644 ἐν
2114 3594 2226 3655 τοῖς

543 3676 779 3743 ἔθνεσιν,
811 3682 911 3734 ούκ
938 3680 1221 3754 ἐφρόντιζε
1242 3683 1432 3739 τούτου
1459 3703 1473 3714 ·
1498 3685 1587 3739 τὸν
1612 3686 1721 3755 γὰρ
1742 3687 1898 3756 λόγον
1927 3688 2035 3742 ἔδει
2058 3706 2225 3742 κατα-

549 3777 825 3848 σπαρῆναι
857 3799 868 3810 ·
890 3778 977 3832 διὰ
1006 3780 1163 3834 τοῦτο
1194 3782 1290 3834 καὶ
1319 3783 1479 3845 αὐτὸς
1509 3783 1671 3837 αὐτὸν
1700 3784 2046 3854 περιέτεμεν.
2083 3785 2225 3857 Ὅρα

546 3874 646 3926 καὶ
699 3875 932 3929 ἐνταῦθα
976 3876 1084 3931 ἀπὸ
1117 3877 1486 3943 ἐναντιώσεως
1521 3879 1665 3950 μέγα
1692 3896 1744 3933 τι
1776 3881 2067 3952 γενόμενον
2097 3882 2226 3951 ἀγα-

546 3972 661 4026 θόν.
686 3975 793 4027 Καὶ
819 3975 1225 4042 ἐπερίσσευον
1249 3978 1277 4016 δ
1310 3975 1391 4042 τῷ
1414 3977 1661 4047 ἀριθμῷ,
1696 3979 1882 4049 φησίν.
1923 3979 2106 4050 Ὁρᾷς,
2141 3980 2223 4034 ὅτι

547 4073 613 4125 ού
659 4075 818 4144 μόνον
857 4076 1011 4129 ουδὲν
1042 4076 1244 4146 ἔϐλαψε
1275 4077 1568 4148 περιτομὴ,
1605 4078 1742 4131 ἀλλά
1768 4079 1863 4131 καὶ
1892 4079 1959 4132 τά
1992 4080 2223 4149 μέγιστα

548 4170 865 4243 ὠφέλησεν,
902 4175 999 4239 Ὠς
1048 4174 1116 4227 δὲ
1166 4175 1231 4229 τὸ
1284 4176 1475 4245 ὅραμα
1521 4176 1703 4241 εἶδεν,
1750 4177 1988 4243 εὐθέως,
2030 4178 2218 4249 φησὶν,

546 4268 918 4338 ἐζητήσαμεν
949 4270 1220 4335 ἐξελθεῖν
1253 4276 1341 4338 εἰς
1366 4273 1481 4341 τὴν
1505 4274 1901 4341 Μακεδονίαν,
1933 4276 2221 4344 συμϐιϐά-

550 4362 751 4432 ζοντες
776 4364 866 4419 ὅτι
894 4369 1340 4436 προσκέκληται
1366 4368 1523 4438 ἡμᾶς
1547 4373 1579 4424 ὁ
1599 4374 1832 4439 Κύριος.

628 4464 786 4535 Ὅρα,
825 4464 1009 4517 οὐκέτι
1039 4465 1105 4518 δι’
1134 4466 1365 4535 ἀγγέλου
1394 4468 1647 4540 καθάπερ
1676 4470 1943 4543 Φιλίππῳ,
1969 4474 2220 4548 καθάπερ

548 4551 834 4623 Κορνηλίῳ
860 4566 875 4582 ⁸
900 4551 1037 4607 ἀλλὰ
1060 4554 1149 4618 τίς
1177 4556 1256 4607 Δι’
1280 4553 1561 4630 δράματος
1588 4557 1837 4625 φαίνεται
1867 4560 2015 4633 αύτῷ
2037 4562 2220 4615 λοιπὸν

546 4639 1056 4712 ἀνθρωπινώτερον,
1090 4642 1271 4697 οὐκέτι
1305 4644 1771 4714 θειότερον,”Ενθα
1806 4648 1907 4717 μὲν
1929 4650 2035 4720 γάρ
2065 4652 2221 4704 εὐκο-

545 4727 783 4799 λώτερον
808 4730 868 4783 τὸ
899 4730 1212 4803 πεισθῆναι,
1243 4731 1730 4805 ἀνθρωπινώτερον
1762 4752 1775 4766 ·
1808 4736 1935 4790 ἔνθα
1960 4738 2016 4791 δὲ
2050 4739 2219 4812 πολλὴ

548 4818 577 4884 ἡ
615 4815 723 4884 βία,
751 4817 1046 4887 θειότερον.
1090 4820 1264 4873 Ὅπου
1294 4820 1393 4891 μὲν
1423 4821 1531 4891 γὰρ
1566 4822 1802 4893 κηρῦξαι
1831 4827 2091 4896 ἠπείγετο
2127 4829 2221 4897 μό-

546 4920 656 4965 νον,
682 4907 762 4967 είς
782 4907 943 4959 τοῦτο
966 4907 1101 4977 ὄναρ
1133 4908 1379 4977 φαίνεται
1406 4911 1556 4983 αὐτῷ
1587 4926 1601 4941 ·
1634 4915 1767 4966 ὅπου
1797 4914 1852 4966 δὲ
1888 4913 1961 4984 μὴ
1988 4915 2221 4985 κηρῦξαι

544 4992 646 5043 οὐκ
694 4993 963 5063 ἠνείχετο,
1013 4997 1094 5057 εἰς
1140 4996 1297 5050 τοῦτο
1350 4998 1573 5070 Πνεῦμα
1622 5000 1776 5068 ἆγιον
1818 5002 2214 5061 ἀποκαλύπτει.

546 5078 700 5130 Οὕτω
735 5084 830 5132 καὶ
864 5083 980 5134 ἐκεῖ
1001 5083 1078 5152 τῷ
1108 5083 1301 5156 Πέτρῳ
1323 5100 1338 5114 °
1376 5088 1660 5153 Ἀναστὰς
1687 5089 1993 5158 κατάϐηθι.
2017 5092 2089 5144 Οὐ
2111 5093 2217 5165 γὰρ

544 5165 607 5234 δὴ
631 5168 724 5218 καὶ
751 5166 820 5218 τὰ
848 5167 1049 5223 εὔκολα
1077 5173 1365 5241 εἰργάζετο
1392 5175 1453 5228 τὸ
1484 5176 1708 5248 Πνεῦμα
1728 5218 1743 5241 ,
1776 5166 1892 5231 ἀλλ’
1930 5180 2087 5252 ἤρκει
2124 5183 2219 5235 καὶ

544 5254 677 5325 ὄναρ
708 5254 880 5327 αὐτῷ.
915 5258 1025 5310 Καὶ
1067 5259 1145 5328 τῷ
1194 5262 1390 5333 Ἰωσὴφ
1422 5264 1478 5316 δὲ
1514 5266 1712 5335 ῥᾳδίως
1746 5267 2052 5339 πειθομένῳ
2085 5270 2219 5342 δναρ

545 5342 817 5409 φαίνεται,
852 5348 964 5408 τοῖς
993 5346 1048 5399 δὲ
1077 5347 1256 5412 ἄλλοις
1281 5350 1451 5421 ὕπαρ.
1476 5351 1632 5405 Οὕτω
1662 5354 1757 5407 καὶ
1786 5356 2093 5429 Κορνηλίῳ,
2122 5360 2218 5413 καὶ

544 5430 695 5500 αὖτῷ
735 5430 936 5503 τούτῳ.
963 5435 1073 5487 Καὶ
1104 5435 1253 5504 ἰδοὺ,
1287 5439 1476 5508 φησὶν,
1507 5442 1662 5508 ἀνὴρ
1686 5445 1976 5498 Μακεδὼν
2004 5448 2214 5513 ἑστὼς,

543 5520 914 5587 παρακαλῶν
939 5523 1035 5577 καὶ
1066 5525 1278 5594 λέγων.
1310 5527 1423 5579 Οὕκ
1482 5524 1655 5593 εἶπεν,
1695 5532 2049 5597 Ἐπιτάττων,
2082 5538 2217 5590 ἀλλά

544 5608 919 5677 Παρακαλῶν
947 5624 961 5639 °
996 5612 1294 5675 τουτέστιν,
1325 5615 1465 5686 ὑπὲρ
1487 5617 1665 5671 αὐτῶν
1691 5619 1799 5673 τῶν
1830 5621 2100 5690 δεομένων
2120 5626 2218 5695 τῆς

545 5696 861 5765 θεραπείας.
907 5699 973 5751 Τί
1026 5702 1183 5765 ἐστι,
1244 5702 1742 5771 Συμόισάζοντεςε
1802 5708 2213 5781 Στοχαζόμενοι,

544 5788 695 5859 φησί.
737 5789 778 5839 Τ
783 5789 826 5858 ᾦ
854 5805 914 5840 τε
935 5789 1044 5861 γὰρ
1082 5790 1293 5844 Παῦλον
1341 5792 1467 5844 ἰδεῖν
1497 5793 1591 5844 καλ⁸
1626 5794 1828 5864 μηδένα
1867 5797 2082 5867 ἕτερον,
2125 5804 2216 5856 καὶ

609 5942 787 5994 δυωιὸ
808 5944 990 6007 μεγάλη
1013 5947 1043 6001 ἡ
1074 5944 1224 6009 χάρις.
1263 5948 1290 5989 b
1318 5947 1522 6007 Quidam
1544 5962 1659 5999 mss.
1682 5952 2005 6013 περιέσσευον.

1347 266 1403 320 S.
1447 263 1735 319 JOANNiS
1775 254 2267 317 CHRYSOSTOMI
2308 257 2631 314 ARCHIEP.
2671 253 3224 315 CONSTANTINOP.
3840 263 3916 316 25C

2337 377 2418 449 τῷ
2467 378 2777 449 κωλυθῆναι
2828 378 2936 431 ὑπὸ
2975 376 3072 430 τοῦ
3105 372 3418 445 Πνεύματος
3441 415 3457 439 ,
3497 374 3588 428 καὶ
3610 375 3677 447 τῷ
3701 378 3814 450 πρὸς
3842 385 3923 447 τοῖς

2338 476 2487 545 ὅροις
2548 471 2689 531 εἶναι
2715 516 2731 541 ,
2792 475 2903 530 ἀπὸ
2962 473 3168 529 τούτων
3220 471 3472 526 ἁπάντων
3515 471 3672 526 ταῦτα
3727 477 3919 546 συνῆγον,

2345 572 2553 636 Ἀλλως
2588 573 2646 626 δὲ
2678 574 2772 625 καὶ
2805 574 2834 625 ὁ
2868 570 3036 633 πλοῦς
3071 581 3097 611 α
3132 569 3291 623 τοῦτο
3324 568 3588 637 ἐνέφαινεν
3614 585 3626 599 ·
3652 570 3814 644 οὐγὰρ
3834 575 3920 641 ἐγέο

2344 688 2466 725 νετο
2497 671 2690 742 χρόνος
2722 672 2889 735 πολὺς
2913 712 2927 737 ,
2979 670 3103 723 ὅθεν
3134 670 3214 732 είς
3240 668 3407 739 αὐτὴν
3435 668 3528 739 τὴν
3564 669 3707 741 ῥίζαν
3737 672 3818 743 τῆς
3844 674 3924 726 Μα-

2343 769 2588 833 κεδονίας
2608 767 3195 841 παραγίνονται.”ίιστε
3217 766 3244 819 ὁ
3264 763 3600 837 παροξυσμὸς
3615 769 3923 840 συμφερόντως

2341 868 2705 937 οἰκονομεῖται
2727 865 3004 933 γενέσθαι.
3041 865 3155 919 Οὐκ
3181 865 3248 919 ἂν
3273 863 3380 935 γὰρ
3408 865 3660 934 ἐνήργησε
3679 864 3732 916 τὸ
3757 863 3926 934 Πνεῦμα

2338 961 2399 1015 τὺ
2428 961 2582 1030 ἆγιον
2606 1002 2622 1028 ,
2653 962 2755 1015 οὐκ
2788 962 2855 1015 ἂν
2885 962 2975 1015 τὸν
3023 960 3179 1029 λόγον
3228 960 3531 1014 Μακεδονία
3574 959 3779 1022 ἐδέξατο.
3818 961 3866 1013 Ἦ
3889 963 3927 1015 δὲ

2337 1059 2582 1131 τοσαύτη
2628 1058 2886 1132 προκοπὴ
2931 1062 3156 1130 σημεῖον
3186 1056 3280 1110 τοῦ
3315 1056 3389 1128 μὴ
3425 1055 3557 1110 εἷναί
3584 1075 3632 1110 τι
3659 1057 3931 1126 ἀνθρώπινον

2338 1159 2399 1212 τὺ
2432 1160 2677 1228 γεγονός.
2705 1159 2899 1213 Καίτοι
2929 1159 3029 1212 οὐκ
3062 1158 3189 1228 ἔφη,
3219 1157 3303 1210 ὅτι
3331 1156 3605 1227 Βαρνάϐας
3638 1156 3929 1226 παρωξύνθη·

2339 1256 2475 1309 ἀλλὰ
2499 1295 2514 1320 ,
2564 1255 2806 1321 Μεταξὺ
2839 1254 3036 1310 αὐτῶν
3064 1253 3455 1323 παροξυσμὸς
3478 1252 3714 1323 ἐγένετο.
3738 1255 3791 1307 El
3818 1248 3933 1318 οὕτος

2344 1355 2406 1408 ού
2439 1353 2797 1425 παρωξύνθη,
2830 1353 2952 1407 οὐδὲ
2975 1338 3205 1415 ἐκεῖνος.

2408 1450 2673 1506 ε¹.Ταῦτα
2704 1451 2927 1515 εἰδότες,
2966 1450 3040 1521 μὴ
3073 1448 3262 1512 ἁπλῶς
3287 1446 3352 1519 δὴ
3374 1446 3509 1502 αὐτὰ
3530 1446 3937 1517 ἐκλέγωμεν,ἁλλὲ

2340 1548 2704 1618 μανθάνωμεν
2729 1548 2824 1600 καὶ
2846 1546 3231 1616 παιδευώμεθα
3262 1561 3273 1574 ·
3301 1545 3363 1598 οὕ
3392 1544 3498 1613 γὰρ
3525 1545 3638 1614 είκῇ
3664 1543 3932 1612 γέγραπται.

2335 1646 2497 1715 Μέγα
2526 1645 2697 1699 κακὸν
2730 1647 2950 1713 ἀγνοεῖν
2975 1644 3199 1715 Γραφάς
3230 1657 3244 1674 ο
3276 1642 3372 1712 ἀφ’
3420 1635 3493 1695 ὧν
3534 1640 3821 1709 ὡφελεῖσθαι
3846 1639 3934 1699 δεῖ,

2333 1741 2443 1794 ἀπὸ
2480 1741 2688 1795 τούτων
2724 1739 3099 1812 βλαπτόμεθα.
3130 1737 3288 1792 Οὕτω
3326 1737 3422 1791 καὶ
3452 1737 3703 1807 φάρμακα
3734 1733 3937 1794 πολλάκις

2335 1838 2497 1908 φύσιν
2520 1838 2713 1909 ἔχοντα
2749 1836 3156 1910 θεραπευτικὴν
3179 1876 3193 1900 ,
3227 1836 3329 1890 οὐκ
3359 1835 3567 1889 εἰδότων
3586 1833 3685 1885 τῶν
3705 1831 3939 1903 χρωμένων

2334 1935 2518 2000 καλῶς
2547 1935 2785 2007 χρῆσθαι
2814 1935 2999 2000 αὐτοῖς
3020 1976 3035 2000 ,
3062 1933 3214 2006 [266]
3260 1932 3563 2003 διαφθείρει
3592 1931 3678 1983 καὶ
3706 1927 3936 1981 ἀπόλλυσι·

2334 2034 2430 2086 καὶ
2456 2033 2596 2087 ὅπλα
2620 2032 2898 2105 δυνάμενα
2924 2033 3179 2104 φυλάξαι,
3222 2031 3287 2086 ἂν
3326 2031 3514 2102 μηδεὶς
3542 2028 3674 2083 αὖτά
3713 2026 3809 2096 εἰδῇ
3833 2041 3943 2094 περι·

2335 2130 2546 2197 θέσθαι,
2581 2131 2673 2184 ὑπ’
2698 2131 2880 2184 αὐτῶν
2904 2129 3298 2202 διαφθείρεται.
3318 2128 3394 2181 Τὸ
3415 2128 3470 2180 δὲ
3491 2126 3672 2186 αἴτιον,
3708 2125 3778 2177 ὅτι
3807 2122 3942 2174 πάντα

2336 2228 2536 2299 μᾶλλον
2553 2227 2845 2298 ζητοῦμεν,
2866 2227 2899 2298 ἢ
2925 2229 2987 2280 τὸ
3013 2227 3112 2297 τῆς
3132 2226 3311 2297 ψυχῆς
3333 2226 3544 2296 ὄφελος,
3565 2221 3725 2277 καὶτὰ
3740 2219 3942 2287 ἀλλότρια

2334 2326 2537 2393 μᾶλλον
2565 2326 2877 2397 σκοποῦμεν
2899 2367 2913 2388 ,
2944 2326 2978 2397 ἦ
2999 2326 3061 2379 τὸ
3082 2326 3356 2397 ἡμέτερον
3376 2323 3666 2394 συμφέρον.
3699 2318 3797 2372 Καὶ
3808 2317 3944 2377 οἰκίας

2335 2426 2432 2495 μὲν
2451 2425 2710 2478 σύστασιν
2731 2425 2991 2487 πολλάκις
3010 2423 3302 2495 ζητοῦμεν,
3326 2423 3421 2476 καὶ
3443 2422 3542 2473 οὕκ
3556 2420 3617 2473 ἂν
3637 2412 3943 2485 ἁνασχοίμεθσ

2330 2523 2740 2593 παλαιουμένην
2757 2521 2925 2593 αὐτὴν
2949 2522 3073 2574 ἰδεῖν
3105 2521 3226 2573 οὐδὲ
3261 2519 3698 2573 καταπίπτουσαν
3728 2512 3828 2566 οὐδὲ
3866 2507 3944 2561 ύπδ

2330 2618 2618 2690 χειμώνων
2666 2617 3139 2691 ἐπηρεαζομένην⁸
3179 2618 3310 2686 περὶ
3347 2616 3406 2667 δέ
3441 2615 3539 2685 τῆς
3587 2611 3751 2683 ψυχῆς
3771 2604 3945 2673 οὐδεμία

2330 2716 2571 2788 φροντὶς,
2603 2714 2740 2769 ἀλλά
2771 2716 2798 2755 ι)
2830 2715 2934 2768 κᾶν
2973 2716 3099 2777 τοὺς
3130 2713 3417 2784 θεμελίους
3461 2711 3625 2779 αὐτῆς
3674 2707 3843 2776 ἴδωμεν
3868 2718 3942 2769 ση-

2331 2814 2626 2884 πομένους,
2655 2814 2759 2867 κᾶν
2793 2812 2893 2883 τὴν
2937 2810 3225 2881 οἰκοδομὴν
3280 2811 3381 2863 καὶ
3427 2809 3518 2861 τὸν
3572 2806 3781 2876 ὄροφον,
3810 2797 3943 2857 οὐδέκ

2327 2914 2461 2983 ἡμῖν
2484 2913 2512 2965 ό
2536 2911 2693 2980 λόγος
2730 2909 2866 2963 ἐστί.
2893 2907 3061 2961 Πάλιν
3090 2906 3259 2974 ἄλογα
3287 2904 3358 2959 ἂν
3383 2904 3616 2975 ἔχωμεν,
3646 2901 3701 2953 τὸ
3722 2895 3941 2968 συμφέρον

2329 3010 2508 3064 αὐτῶν
2544 3007 2835 3080 ζητοῦμεν,
2870 3007 2963 3059 καὶ
2995 3004 3375 3075 ίπποφορϐοὺς
3404 3003 3501 3055 καὶ
3540 2997 3850 3067 ίππιατροῦς,
3875 2989 3944 3044 καὶ

2330 3108 2509 3163 πάντα
2559 3106 2739 3159 κάλων
2799 3103 3058 3174 κινοῦμεν
3128 3118 3141 3131 ·
3206 3101 3303 3154 καὶ
3360 3100 3537 3161 οἰκίας
3583 3086 3941 3165 ἐπιμελούμεθα,

2331 3206 2428 3258 καὶ
2444 3206 2557 3267 τοῖς
2576 3205 2917 3273 ὲμπεπιστευ
2928 3201 3110 3271 μένοις
3135 3198 3540 3269 παραινοῦμεν,
3566 3195 3697 3248 ῶστε
3722 3190 3785 3263 μὴ
3805 3190 3945 3241 ἁπλως

2331 3300 2467 3370 μηδὲ
2502 3300 2578 3362 ὡς
2624 3298 2815 3369 ἔτυχεν
2849 3297 3117 3362 ἐλαύνειν,
3160 3296 3292 3366 μηδὲ
3341 3295 3507 3365 βάρος
3530 3289 3821 3347 ἐπιτιθέναι,
3845 3279 3942 3353 μηδὲ

2328 3396 2465 3466 ἀωρὶ
2494 3395 2602 3449 τῶν
2624 3395 2837 3449 νυκτῶν
2868 3394 3105 3462 ἐξάγειν,
3138 3392 3272 3463 μηδέ
3293 3394 3399 3456 τάς
3415 3391 3619 3462 τροφὰς
3642 3390 3741 3441 ἀπε
3750 3379 3937 3455 μπολξῖνο

2329 3494 2422 3547 καὶ
2459 3493 2643 3546 πολλοὶ
2687 3493 2842 3561 νόμοι
2888 3491 3019 3562 περὶ
3061 3489 3157 3543 τοῦ
3208 3490 3591 3561 συμφέροντος
3634 3483 3735 3538 τῶν
3780 3476 3937 3542 ἀλόγων

2330 3589 2538 3639 κεῖνται
2578 3586 2709 3657 παρ’
2729 3588 2864 3656 ἡμῖν
2893 3601 2905 3613 ·
2928 3584 3029 3654 τῆς
3054 3583 3111 3637 δὲ
3137 3582 3321 3654 ψυχῆς
3351 3583 3512 3652 λόγος
3533 3578 3712 3640 οὐδείς.
3749 3572 3887 3628 Πάλιν
3905 3562 3944 3618 τί

2327 3681 2471 3749 λέγω
2498 3682 2627 3752 περὶ
2669 3680 2881 3749 ἀλόγων
2930 3679 3039 3733 τῶν
3081 3678 3372 3751 χρησίμων
3403 3681 3564 3749 ἡμῖνς
3602 3674 3714 3730 Εἰσὶ
3734 3664 3887 3722 πολλοί
3910 3658 3947 3714 οἱ

2331 3780 2625 3853 στρουθοὺς
2648 3780 2862 3851 ἔχουσιν
2881 3780 3034 3833 οὐδὲν
3063 3778 3287 3849 ἔχοντας
3306 3779 3602 3849 χρήσιμον,
3633 3770 3777 3837 ἀλλ’ἢ
3798 3761 3949 3823 ἁπλῶς

2327 3881 2651 3951 τέρποντας,
2679 3878 2772 3930 καὶ
2805 3876 2992 3930 πολλοὶ
3029 3876 3125 3930 καὶ
3163 3876 3293 3945 περὶ
3324 3874 3553 3928 ἐκείνων
3580 3872 3734 3940 νόμοι,
3768 3864 3849 3916 καὶ
3874 3860 3947 3911 οὕ-

2325 3976 2412 4030 δὲν
2444 3976 2795 4047 ἠμελημένον
2828 3974 2947 4027 οὐδὲ
2979 3972 3213 4026 ἄτακτὸν
3252 3974 3394 4035 ἐστι,
3434 3972 3531 4025 x00.
3566 3969 3751 4021 πάντων
3778 3955 3948 4028 μᾶλλον

2325 4072 2752 4144 ἐπιμελούμεθα,
2801 4071 2835 4141 ἢ
2892 4070 3050 4140 ἡμῶν
3101 4068 3302 4123 αὐτῶν.
3368 4068 3530 4121 Οὕτω
3582 4063 3769 4117 πάντων
3806 4050 3945 4120 ἐσμὲν

2325 4170 2661 4241 ἀτιμότεροι.
2712 4167 2833 4221 Κᾶν
2895 4166 2993 4237 μέν
3047 4183 3131 4229 τις
3181 4167 3334 4236 ἡμᾶς
3381 4162 3616 4235 ὑϐρίζων
3644 4159 3773 4225 εἴπῃ,
3806 4150 3946 4207 κύων.

2324 4266 2633 4335 ἀλγοῦμεν*
2667 4265 2833 4335 ἡμεῖς
2862 4263 2919 4316 δὲ
2960 4264 3107 4333 ἡμᾶς
3136 4263 3340 4326 αὐτοὺς
3388 4261 3693 4332 ὑϐρίζοντες
3726 4252 3778 4303 οὐ
3810 4246 3951 4310 λόγῳ,

2325 4363 2440 4418 ἀλλ’
2476 4363 2642 4433 ἔργῳ,
2666 4361 2763 4415 καὶ
2806 4360 2944 4432 μηδὲ
2973 4358 3245 4429 τοσαύτης
3282 4357 3657 4427 μεταδιδόντες
3682 4341 3955 4416 ἐπιμελείας

2322 4465 2389 4533 τῇ
2418 4460 2562 4531 ψυχῇ
2584 4460 2716 4529 ὅσης
2741 4460 2853 4521 τοῖς
2879 4457 3059 4519 κυσὶν.
3081 4454 3235 4509 οὐδὲν
3259 4454 3548 4525 ἡγούμεθα
3564 4451 3773 4518 πάσχειν
3792 4437 3951 4493 δεινόν.

2335 4556 2529 4628 Ὀρᾶτε
2582 4557 2707 4609 ὅσου
2756 4553 2980 4615 σκότους
3017 4552 3085 4605 τά
3124 4551 3300 4604 πάντα
3366 4549 3767 4622 ἐμπέπλησται;
3820 4535 3956 4590 Πόσοι

2325 4654 2671 4727 φροντίζουσι
2719 4653 2827 4705 τῶν
2877 4650 3095 4717 κυνῶν,
3152 4649 3292 4703 ὥστε
3361 4649 3439 4721 μὴ
3472 4647 3629 4702 πλέον
3669 4640 3754 4694 τοῦ
3779 4637 3955 4735 δέοντοξ

2324 4752 2742 4825 ἐμπλησθῆναι,
2778 4750 2917 4803 ὣστε
2944 4749 3086 4814 ὀξεῖς
3120 4744 3257 4801 εἶναι
3282 4746 3381 4800 καὶ
3412 4742 3730 4816 θηρατικοὺς
3764 4732 3855 4787 ὑπὸ
3875 4732 3953 4781 τοῦ

2321 4849 2481 4921 λιμοῦ
2510 4850 2604 4903 καὶ
2633 4850 2732 4919 τῆς
2761 4847 2952 4918 πείνης
2995 4844 3340 4916 ὠθουμένους
3358 4863 3373 4878 ·
3412 4843 3621 4898 ἑαυτῶν
3655 4840 3708 4892 δὲ
3737 4835 3826 4888 οὐκ
3848 4831 3955 4933 ’ἐπιῗ

2325 4945 2614 5018 μελοῦνται
2643 4945 2763 4999 οὐδὲ
2797 4946 3176 4998 ἐπιτάττουσιν
3205 4942 3349 4996 ὥστε
3406 4943 3483 5013 μὴ
3510 4938 3713 5011 τρυφᾷν
3740 4950 3754 4962 ·
3787 4928 3867 4981 καὶ
3902 4928 3959 5030 fi

2326 5047 2424 5119 μὲν
2449 5046 2620 5115 ἄλογα
2656 5044 2969 5113 φιλοσοφεῖν
2997 5042 3345 5096 διδάσκουσιν
3369 5080 3385 5106 ,
3411 5041 3569 5093 αὐτοὶ
3588 5036 3643 5089 δὲ
3663 5034 3736 5096 εἰς
3758 5027 3845 5099 τὴν
3868 5027 3958 5074 τῶν

2321 5144 2532 5213 ἀλόγων
2562 5140 2857 5215 θηριωδίαν
2891 5140 3174 5210 ἀνέχονται
3203 5138 3590 5207 καταγόμενοι.
3676 5226 3679 5227 ν
3884 5214 3899 5227 .

2390 5213 2672 5312 Αίνιγμαήο
2704 5240 2765 5293 τὸ
2797 5238 3030 5308 πρᾶγμά
3069 5240 3206 5291 ἐστι.
3252 5235 3365 5288 Καὶ
3395 5232 3500 5286 ποῦ
3534 5230 3604 5284 τὰ
3638 5226 3797 5294 ἄλογα
3831 5213 3959 5312 φιλό-

2324 5351 2479 5402 σοφα,
2508 5306 2705 5401 φησίν;
2732 5329 2802 5381 Ἢ
2832 5306 2893 5380 οὕ
2921 5306 3070 5380 δοκεῖ
3097 5342 3179 5377 σοι
3206 5320 3531 5393 φιλοσοφίας
3560 5314 3696 5402 εἶναι
3726 5306 3957 5402 μεγάξηξο

2320 5390 2449 5475 ὅταν
2678 5390 3009 5486 δακνόμενος
3053 5413 3158 5465 ὑπὸ
3201 5390 3292 5465 τοῦ
3324 5406 3494 5478 λιμοῦ
3517 5446 3532 5470 ,
3568 5401 3701 5476 μετά
3723 5397 3780 5451 τὺ
3799 5390 3961 5489 λαϐεῖν

2320 5511 2411 5562 καὶ
2441 5505 2731 5577 θηρεῦσαι,
2762 5485 3044 5575 παρούσης
3069 5499 3341 5570 ἀπέχηται
3367 5497 3469 5567 τῆς
3491 5492 3717 5565 τροφῆς.
3742 5485 3963 5577 καίτράο

2319 5568 2658 5663 πεζαντδρῶν
2702 5568 3134 5660 παρακειμένην,
3166 5585 3260 5638 καὶ
3308 5582 3407 5634 τοῦ
3451 5578 3612 5651 λιμοῦ
3643 5568 3961 5663 κατεπείγον-

2318 5702 2409 5746 τος
2439 5661 2705 5751 ἁναμένοι
2746 5679 2838 5731 τὸν
2864 5677 3168 5744 δεσπότην;
3209 5670 3550 5741 Αίσχύνθητε
3580 5661 3827 5751 ἐαυτούςῖ
3856 5669 3966 5707 ml.

2318 5748 2670 5832 656301011;
2705 5767 2974 5838 ὑμετέρας
2995 5763 3273 5835 γαστέρας
3294 5760 3476 5823 οὕτως
3495 5753 3634 5811 εἶναι
3655 5748 3963 5824 φιλοσόφους·

2385 5895 2410 5923 ⁸
2434 5892 2573 5942 Alius
2632 5896 2856 5951 συνῆγον,
2899 5889 3115 5951 τουτέστι
3162 5888 3245 5935 καὶ
3281 5882 3513 5951 δ’ττλοῦς.
3548 5942 3560 5951 .
3587 5878 3617 5918 δ
3665 5874 3967 5951 Unus.

2322 5938 2649 6017 οὐδείς-λόγος,
2697 5938 2855 6002 ἀλλά.’
2922 5955 2943 5982 ε
2967 5950 3103 5999 Idem
3136 5946 3396 6011 θηριωδίαν
3441 5942 3738 6004 κατάγονται.
3773 5938 3966 5993 Δίιτιιι.
