3978 6482
189 348 293 408 ω

190 483 297 521 rem
328 479 452 521 esse
476 479 712 521 scenam.
742 461 924 534 Neque
951 461 1093 516 enim
1128 461 1218 531 qui
1256 474 1467 529 semper
1491 467 1762 523 cesserat,

186 560 269 615 hic
297 574 405 614 non
432 558 710 623 cessisset,
738 556 826 626 qui
854 556 925 609 ita
956 554 1176 608 Paulum
1199 552 1431 619 amabat,
1460 562 1517 607 ut
1539 552 1764 607 antehae

189 662 450 723 quareret
478 668 601 707 eum
630 651 801 715 Tarsi,
830 658 885 704 et
909 647 977 702 ad
1004 646 1276 716 apostolos
1305 647 1477 715 ipsum
1516 645 1763 700 introdu-

185 755 323 801 ceret
345 787 363 811 ,
395 753 449 801 et
487 745 876 816 eleemosynam
906 754 1242 795 communem
1278 736 1514 803 faceret,
1541 746 1594 792 et
1621 736 1762 807 quod

182 842 242 895 ad
290 840 487 910 dogma
536 838 776 900 attinet,
821 833 1174 889 communiter
1220 830 1533 899 susciperet.
1582 828 1763 898 Itaque

180 950 282 987 non
312 942 531 1002 propter
554 931 688 985 hanc
710 944 822 984 rem
854 928 1019 981 iratus
1042 923 1247 978 fuisset.
1275 921 1382 978 Sed
1410 930 1724 991 separantur
1742 961 1759 985 ,

176 1038 230 1079 ut
253 1026 504 1087 doceant,
529 1030 584 1077 et
605 1037 698 1091 per
716 1017 1108 1087 separationem
1138 1028 1252 1079 eos,
1283 1013 1371 1083 qui
1401 1012 1639 1066 doctrina
1665 1025 1760 1063 sua

177 1117 433 1186 egebant.
468 1114 747 1169 instituant
780 1130 793 1165 :
822 1124 878 1163 ut
907 1111 1063 1163 etiam
1094 1107 1220 1161 alibi
1254 1105 1378 1160 facit
1402 1105 1624 1160 dicens:
1660 1103 1761 1157 Vos

174 1218 345 1261 autem
365 1224 428 1260 ne
443 1204 785 1275 defatigemini
805 1204 987 1256 bonum
1009 1201 1247 1271 facientes
1265 1198 1341 1268 (2.
1367 1197 1543 1251 Thess.
1566 1197 1618 1252 5.
1645 1196 1757 1263 15).

175 1301 243 1355 Et
281 1300 418 1355 alios
445 1297 657 1369 quidem
698 1296 973 1364 increpat,
1010 1292 1162 1363 jubet
1204 1299 1380 1345 autem
1421 1289 1555 1343 bene
1584 1287 1761 1342 facere

173 1407 303 1463 erga
354 1406 560 1445 omnes.
609 1388 720 1443 lloc
763 1387 924 1442 etiam
970 1387 1023 1439 in
1061 1382 1446 1438 consuetudine
1476 1380 1754 1435 habemus.

175 1485 272 1539 Hic
302 1493 480 1537 autem
509 1480 635 1535 mihi
662 1479 912 1533 videntur
941 1477 1027 1531 alii
1055 1490 1265 1546 quoque
1294 1474 1545 1543 indignati
1566 1487 1686 1526 esse
1708 1472 1758 1525 in

171 1575 421 1629 Paulum.
449 1573 514 1627 Et
538 1579 717 1642 postea
741 1570 851 1634 ille,
882 1570 1009 1639 ipsis
1030 1582 1269 1623 seorsum
1296 1566 1559 1630 adductis,
1583 1564 1758 1618 omnia

173 1666 325 1730 facit,
356 1675 562 1730 monet,
592 1662 851 1717 hortatur.
884 1661 1040 1715 Multa
1070 1669 1244 1730 potest
1265 1658 1571 1725 concordia,
1595 1658 1758 1711 multa

167 1758 371 1811 caritas
398 1774 411 1809 :
436 1754 641 1809 etiamsi
668 1768 764 1823 pro
787 1767 845 1806 re
868 1766 1055 1820 magna
1082 1765 1254 1821 roges,
1280 1750 1486 1804 etiamsi
1516 1748 1759 1818 indignus

166 1848 242 1901 sis
262 1888 281 1912 ,
316 1853 535 1916 propter
560 1842 891 1913 propositum
919 1841 1150 1895 audieris
1168 1881 1182 1902 .
1214 1855 1281 1895 ne
1309 1840 1515 1894 timeas.
1540 1837 1758 1893 Peram-

165 1940 401 2003 bulabat,
431 1937 620 2006 inquit,
644 1935 883 1989 ciuitates.
908 1933 977 1987 Et
1001 1951 1111 1988 ecce
1137 1943 1243 1988 erat
1264 1934 1542 2004 discipulus
1560 1934 1760 1988 nomine

165 2028 467 2083 Timotheus
489 2069 505 2095 ,
542 2027 627 2097 qui
669 2028 1006 2081 testimonium
1036 2026 1245 2080 habebat
1274 2042 1308 2079 a
1351 2025 1590 2096 fratribus
1612 2066 1627 2089 ,
1672 2027 1760 2096 qui

163 2135 315 2178 erant
344 2123 540 2197 Lystris
567 2137 613 2183 et
637 2127 823 2183 Iconii.
850 2129 1033 2199 Magna
1064 2127 1197 2183 fides
1215 2128 1233 2158 ί
1255 2127 1543 2191 Timothei,
1571 2126 1660 2196 qui
1692 2125 1759 2179 ab

163 2219 419 2275 omnibus
444 2221 803 2276 testimonium
833 2222 1006 2277 habet.
1038 2221 1260 2287 Quando
1287 2220 1531 2275 discessit
1553 2219 1757 2273 Barna.

164 2311 283 2376 bas,
301 2312 532 2367 alterum
554 2314 652 2384 ipsi
675 2330 854 2384 parem
878 2315 1095 2370 invenit.
1128 2314 1201 2368 De
1221 2312 1322 2369 hoc
1342 2313 1537 2383 inquit:
1562 2311 1758 2365 Memor

163 2403 515 2475 lacrymarum
544 2416 742 2460 tuarum
771 2416 819 2459 et
847 2407 965 2475 fidei
992 2416 1093 2461 tua:
1117 2422 1219 2460 non
1238 2407 1520 2469 simulatis,
1549 2420 1662 2475 qua:
1680 2405 1760 2456 in-

162 2496 410 2549 habitarit
433 2498 595 2565 primo
615 2499 666 2551 in
686 2498 799 2551 avia
822 2507 909 2551 tua
935 2496 1112 2561 Laide,
1132 2507 1179 2551 et
1207 2498 1259 2550 in
1280 2505 1440 2550 matre
1459 2504 1546 2548 tua
1568 2494 1761 2549 Eunice

166 2590 240 2655 (2.
264 2588 402 2643 Tim.
432 2591 550 2645 1.4.
565 2590 639 2659 5).
661 2590 728 2644 Et
743 2607 1023 2655 assumens,
1048 2591 1233 2660 inquit.
1258 2589 1402 2644 illum
1422 2590 1755 2643 circumcidit.

166 2681 281 2748 Qua
309 2682 378 2736 de
398 2697 560 2736 causa
590 2682 702 2751 ipse
728 2682 896 2746 addit,
924 2682 1107 2736 dicens
1132 2700 1144 2735 :
1173 2681 1389 2750 Propter
1416 2680 1648 2743 Iudicas,
1669 2679 1756 2749 qui

171 2783 313 2826 erant
341 2776 395 2826 in
425 2774 548 2828 locis
576 2774 697 2828 illis.
729 2772 853 2827 Ideo
878 2788 1006 2843 ergo
1031 2772 1453 2835 circumciditur;
1488 2772 1569 2826 vel
1597 2771 1755 2826 etiam

172 2873 389 2934 propter
429 2875 657 2932 patrem,
699 2866 786 2935 qui
810 2865 1028 2935 gentilis
1047 2865 1316 2920 manebat.
1348 2864 1486 2932 Ergo
1515 2878 1622 2918 non
1652 2864 1758 2918 cir-

176 2958 439 3012 cumcisus
467 2968 604 3012 erat.
643 2957 775 3012 Vide
795 2958 907 3027 jam
938 2957 1167 3012 solutam
1194 2957 1386 3027 legem.
1410 2956 1632 3023 Quidam
1660 2972 1759 3010 au-

179 3060 278 3102 tem
320 3058 505 3118 putant
554 3050 699 3103 illum
744 3058 863 3118 post
904 3049 1336 3119 praedicationem
1368 3059 1547 3103 natum
1589 3062 1752 3113 esse;

186 3144 272 3195 sed
298 3142 474 3197 forsan
508 3142 611 3197 hoc
641 3158 745 3196 non
774 3151 874 3196 est.
905 3142 982 3196 Ab
1004 3142 1221 3212 infantia
1248 3158 1408 3207 enim,
1441 3140 1639 3211 inquit,
1666 3157 1752 3194 sa-

189 3249 293 3285 cras
333 3233 495 3289 literas
525 3234 677 3287 nosti.
719 3232 850 3288 Illud
886 3234 1045 3305 igitur
1070 3243 1154 3289 est
1178 3234 1497 3300 dicendum;
1524 3233 1610 3289 vel
1645 3232 1756 3288 for-

186 3333 337 3385 tasse.
362 3326 488 3396 quia
521 3326 670 3380 illum
701 3326 1046 3381 ordinaturus
1074 3334 1191 3382 erat
1211 3326 1542 3396 episc0pum,
1567 3334 1619 3380 et
1647 3341 1754 3380 non

170 3415 393 3471 decebat
441 3417 869 3473 incircumcisum
918 3432 1057 3473 esse.
1105 3416 1222 3473 Jam
1276 3426 1454 3472 autem
1506 3417 1755 3488 gentibus

164 3508 293 3563 nihil
345 3510 450 3563 tale
483 3510 801 3564 servandum
828 3520 962 3566 erat.
996 3510 1176 3581 Neque
1204 3510 1303 3566 hoc
1336 3525 1553 3579 Parvum
1596 3518 1750 3578 erat,

156 3602 380 3671 quando
406 3610 530 3671 post
560 3611 761 3656 tantum
792 3610 1000 3671 tempus
1026 3605 1126 3656 hoc
1146 3603 1250 3656 illis
1274 3602 1593 3657 offendiculo
1612 3610 1750 3656 erat.

156 3695 374 3750 Initium
426 3696 791 3765 abrogationis
828 3706 961 3762 erat,
1010 3697 1150 3767 quod
1203 3697 1429 3767 gentiles
1479 3697 1593 3753 haec
1646 3711 1751 3750 non

149 3800 449 3843 servarent
476 3804 646 3859 neque
672 3790 795 3845 hinc
822 3790 1172 3851 laederentur,
1201 3791 1435 3859 nihilque
1466 3790 1638 3845 minus
1660 3789 1754 3843 ha-

151 3881 350 3936 berent
380 3883 530 3937 circa
559 3882 717 3938 fidem
745 3900 757 3935 :
787 3892 978 3951 sponte
1002 3882 1214 3938 demum
1237 3883 1581 3938 desistebant.
1619 3883 1752 3950 Quia

146 3974 317 4043 igitur
365 3973 759 4044 praedicaturus
796 3984 934 4041 erat,
968 3991 1034 4029 ue
1072 3975 1355 4044 dupliciter
1382 3985 1636 4046 pungeret
1661 3976 1756 4032 Ju-

143 4066 300 4121 daeos
322 4109 342 4131 ,
374 4067 524 4121 hunc
546 4066 901 4131 circumcidit,
933 4066 1176 4136 quamvis
1201 4082 1268 4121 ex
1303 4067 1523 4121 dimidio
1549 4076 1752 4122 tantum

143 4168 320 4223 esset,
359 4172 520 4227 patre
552 4159 757 4227 gentili,
794 4167 965 4214 matre
998 4158 1159 4213 fideli.
1199 4161 1446 4213 Attamen
1477 4158 1598 4228 quia
1636 4174 1752 4213 ma-

137 4265 315 4318 guum
347 4258 477 4304 erat
505 4264 639 4317 Oplts
666 4250 801 4316 hoc,
843 4251 982 4320 quod
1022 4251 1162 4306 inter
1185 4262 1372 4321 gentes
1401 4251 1503 4307 hoc
1529 4262 1749 4322 ageret,

138 4356 251 4396 non
300 4325 537 4397 curavit.
566 4341 731 4405 illud;
764 4341 1041 4410 oportebat
1068 4342 1211 4397 enim
1250 4344 1469 4398 verbum
1508 4346 1753 4399 dissemi-

136 4434 257 4487 nari
286 4450 302 4485 :
330 4433 474 4487 ideo
508 4442 564 4489 et
603 4433 718 4500 ipse
756 4433 904 4487 illum
937 4435 1281 4489 circumcidit.
1315 4436 1412 4491 Hic
1445 4439 1605 4492 etiam
1633 4438 1751 4493 vide

132 4526 270 4581 dum
320 4542 359 4581 e
410 4528 687 4581 contrario
727 4526 938 4581 videtur
966 4542 1143 4596 agere.
1184 4544 1433 4598 magnum
1480 4540 1749 4600 peractum

132 4619 382 4673 bonum.
436 4616 507 4670 Et
547 4617 875 4671 abundabant
912 4634 1139 4683 numero,
1171 4620 1359 4689 inqttit.
1403 4622 1586 4677 Viden’
1613 4638 1749 4693 quo-

130 4712 306 4767 modo
354 4726 481 4765 non
525 4710 698 4765 Solum
738 4710 871 4764 nihil
916 4713 1158 4766 nocuerit
1185 4712 1543 4781 circumcisio,
1572 4716 1665 4770 sed
1696 4726 1751 4772 et

128 4804 459 4871 plurimum
488 4802 792 4871 profuerit?
820 4801 887 4857 Ut
907 4813 1072 4856 autent
1103 4804 1340 4858 uisionem
1367 4805 1517 4873 vidit,
1544 4807 1748 4873 statim,

126 4897 337 4967 inquit.
383 4896 719 4965 quasivimus
749 4897 1003 4964 proﬁcisci
1026 4898 1080 4951 in
1108 4896 1490 4964 Macedoniam,
1520 4900 1644 4953 certi
1670 4904 1751 4971 fa-

122 4994 194 5044 cti
220 4990 384 5055 quod
413 4997 645 5041 vocasset
666 5005 757 5042 nos
779 4986 936 5042 Deus.

207 5084 512 5139 Visionum
535 5089 581 5135 et
604 5083 915 5136 somniorum
936 5082 1209 5136 distinctio.
1227 5112 1299 5124 -—-
1324 5083 1475 5147 Vide,
1510 5100 1614 5139 non
1636 5084 1746 5154 jam

122 5193 223 5244 per
270 5172 580 5244 angelum,
606 5182 662 5225 ut
684 5172 932 5243 Philippo
961 5182 1014 5227 et
1046 5174 1322 5240 Cornelio;
1345 5175 1439 5229 sed
1467 5176 1627 5244 quid?
1648 5177 1751 5234 Per

120 5273 417 5325 visionem
453 5276 678 5337 apparet
703 5267 801 5337 ipsi
842 5267 1094 5336 deinceps
1142 5270 1373 5323 humano
1421 5285 1591 5335 more,
1642 5289 1746 5328 non

120 5365 340 5418 divino.
378 5359 499 5416 Ubi
525 5360 667 5413 enim
697 5358 902 5413 facilius
927 5369 1039 5413 erat
1064 5360 1406 5429 persuadere,
1429 5362 1745 5431 humanius;

121 5456 214 5510 ubi
245 5466 475 5523 magna
499 5451 580 5504 vis
608 5450 1027 5515 desiderabatur,
1060 5451 1308 5506 divinius.
1332 5452 1461 5508 Nam
1493 5455 1580 5509 ubi
1610 5472 1748 5526 prte-

122 5547 317 5604 dicare
366 5541 681 5601 festinabat
721 5543 915 5607 solum,
950 5543 1020 5598 ibi
1048 5545 1314 5599 somnium
1357 5546 1455 5616 ipsi
1495 5558 1745 5619 apparet;

123 5642 213 5698 ubi
238 5656 391 5697 vero
428 5636 736 5707 praedicare
766 5653 871 5693 non
892 5638 1269 5708 sustinebatur,
1302 5639 1372 5695 ibi
1394 5639 1625 5711 Spiritus
1655 5658 1745 5701 re-

189 5822 209 5851 ι
227 5824 374 5868 onus
399 5811 591 5874 habet,
616 5815 795 5880 gratia,
814 5826 918 5878 pro,
937 5811 1081 5879 ﬁdes.

1139 345 1202 402 IN
1240 344 1419 402 ACTA
1454 344 1975 403 APOSTOLORUM.
2020 346 2248 403 llOMlL.
2292 350 2531 405 XXXIV.

3352 355 3459 413 250

1868 461 2031 516 velat.
2061 462 2150 519 Sic
2176 476 2231 519 et
2254 466 2361 520 illic
2380 466 2570 521 l’elro:
2599 466 2844 538 Surgms,
2877 468 3138 521 descende.
3168 467 3281 522 Non
3312 470 3454 523 enim

1869 551 2044 608 facilia
2060 557 2381 625 operabatur
2396 558 2647 627 Spiritus.
2668 560 2760 613 sed
2774 560 2903 614 satis
2918 568 3036 614 erat
3050 560 3148 629 ipsi
3165 561 3453 614 somnium.

1867 642 2103 714 Josepbo
2122 662 2332 718 quoque
2355 650 2507 706 facile
2528 651 2770 706 credenti
2790 652 3055 707 somnium
3078 663 3317 723 apparet,
3337 652 3456 709 aliis

1867 750 1999 790 vero
2024 737 2178 792 visio.
2205 740 2280 794 ita
2312 752 2366 795 et
2392 741 2644 797 Cornelio
2679 752 2734 797 et
2776 744 2902 799 huic
2944 744 3063 813 ipsi.
3102 743 3169 797 Et
3198 760 3330 809 ecce,
3362 745 3450 799 in-

1867 830 2000 897 quit,
2033 831 2108 883 vir
2135 830 2348 886 Macedo
2368 843 2525 898 stans,
2557 834 2821 887 obsecrans
2855 844 2903 887 et
2930 835 3120 889 dicens.
3154 834 3269 889 Non
3296 832 3451 903 dixit,

1870 920 2212 991 Praecipiens,
2241 925 2676 991 sed.Obsecrans;
2702 928 2751 981 id
2778 938 2881 989 est,
2913 944 3009 997 pro
3050 930 3114 984 iis
3160 930 3249 998 qui
3292 944 3453 983 cura-

1868 1014 2013 1069 tione
2041 1029 2176 1084 opus
2213 1015 2498 1073 habebant.
2540 1018 2674 1086 Quid
2708 1029 2811 1083 est,
2844 1021 2978 1073 Certi
3002 1022 3124 1091 facti
3143 1019 3167 1073 2
3210 1021 3320 1075 Hoc
3347 1027 3451 1087 est,

1866 1106 2252 1176 conjectantes,
2284 1108 2596 1165 inferentes.
2622 1111 2753 1165 Nam
2784 1113 2922 1183 quod
2955 1112 3150 1167 Paulus
3176 1113 3371 1167 viderit
3397 1122 3453 1167 et

1865 1212 2024 1252 nemo
2046 1199 2203 1264 alius,
2231 1209 2286 1254 et
2321 1201 2465 1270 quod
2493 1202 2790 1270 prohibitus
2813 1205 2882 1257 sit
2910 1220 2938 1257 a
2964 1205 3184 1273 Spiritu,
3226 1214 3280 1259 et
3308 1203 3451 1273 quod

1866 1289 1920 1342 in
1960 1292 2201 1345 terminis
2230 1302 2429 1357 essent,
2465 1308 2531 1346 ex
2563 1293 2647 1348 his
2689 1294 2939 1350 omnibus
2970 1295 3083 1349 haec
3125 1294 3448 1350 inferebant.

1864 1380 2113 1451 Alioquin
2146 1383 2414 1453 navigatio
2443 1384 2569 1438 illud
2604 1385 2902 1439 indicabat:
2932 1401 3103 1455 neque
3140 1389 3283 1441 enim
3314 1386 3453 1440 mul-

1867 1480 1976 1526 tum
2009 1481 2219 1544 tempus
2243 1485 2380 1539 erat,
2412 1490 2519 1546 quo
2556 1476 2613 1530 in
2660 1477 2807 1531 illam
2851 1477 3175 1533 Macedonia:
3216 1477 3449 1534 radicem

1863 1578 2140 1624 venerant.
2165 1569 2339 1639 Atque
2365 1570 2435 1625 ita
2458 1570 2723 1625 dissensio
2745 1571 2944 1625 utiliter
2966 1572 3177 1639 provisa
3207 1571 3326 1625 fuit.
3345 1571 3453 1625 Ne-

1863 1676 1967 1731 que
1995 1662 2136 1716 enim
2166 1662 2297 1716 alias
2325 1662 2557 1732 Spiritus
2578 1671 2795 1719 sanctus
2819 1675 3072 1731 operatus
3088 1674 3252 1725 esset,
3279 1679 3454 1735 neque

1862 1752 2173 1809 Macedonia
2199 1755 2421 1810 verbum
2447 1757 2791 1826 suscepisset.
2820 1757 3023 1812 Tantus
3053 1772 3181 1812 vero
3213 1758 3301 1812 ille
3323 1771 3452 1826 pro-

1862 1844 2034 1901 fectus
2060 1848 2269 1918 signum
2299 1857 2434 1911 erat,
2460 1863 2574 1903 rem
2598 1858 2801 1918 gestam
2827 1865 2931 1902 non
2950 1848 3114 1903 fuisse
3138 1848 3447 1903 humanam.

1861 1939 2022 2008 Atqui
2045 1954 2149 1993 non
2173 1938 2328 2005 dixit,
2347 1940 2645 1995 Barnabam
2674 1942 3057 1996 exacerbatum
3086 1941 3283 2003 fuisse;
3315 1939 3435 2003 sed,

1862 2030 2008 2085 Inter
2034 2032 2153 2086 illos
2177 2032 2423 2087 dissensio
2445 2034 2561 2103 fuit.
2589 2033 2648 2089 Si
2690 2034 2774 2089 hic
2802 2035 3153 2089 exacerbatus
3199 2048 3305 2088 non
3342 2043 3447 2098 εει,

1862 2138 2038 2193 neque
2064 2124 2173 2179 ille.

1933 2218 1987 2273 5.
2032 2217 2159 2272 llaec
2186 2233 2308 2274 cum
2329 2219 2581 2287 sciamus,
2620 2234 2688 2275 ne
2714 2219 3076 2288 perfunctorie
3101 2219 3189 2275 illa
3211 2220 3448 2288 excipia-

1863 2326 2001 2374 mus,
2032 2312 2128 2367 sed
2168 2311 2439 2368 discamus
2470 2324 2527 2367 et
2569 2314 2939 2378 instituamur;
2980 2328 3153 2382 neque
3198 2314 3339 2366 enim
3372 2320 3450 2365 te-

1862 2417 2009 2457 mere
2036 2402 2297 2473 scriptum
2322 2413 2424 2459 est.
2444 2404 2685 2475 Magnum
2707 2404 2904 2459 malum
2930 2414 3014 2459 est
3038 2405 3286 2473 ignorare
3304 2404 3450 2459 Scri-

1863 2502 2077 2562 pturas:
2099 2509 2131 2549 a
2156 2495 2350 2565 quibus
2372 2496 2545 2565 juvari
2575 2505 2868 2565 oporteret,
2894 2496 2962 2549 ab
2988 2496 3053 2551 iis
3073 2495 3337 2550 laedimur.
3356 2495 3447 2550 Sic

1862 2586 2165 2655 frequenter
2184 2587 2471 2656 pbarmaca
2493 2588 2599 2641 vim
2622 2587 2874 2643 medendi
2895 2588 3166 2650 habentia,
3186 2603 3306 2642 cum
3329 2587 3447 2656 ejus

1862 2693 2017 2731 usum
2044 2679 2293 2734 nesciunt
2320 2679 2411 2748 qni
2451 2678 2541 2732 illa
2571 2678 2847 2739 adhibent,
2883 2689 3075 2733 nocent
3102 2692 3163 2731 ac
3206 2691 3448 2745 pessum-

1860 2762 2023 2816 dant:
2048 2772 2104 2817 et
2126 2777 2275 2817 arma
2306 2778 2425 2832 quae
2453 2772 2677 2831 possunt
2702 2764 2859 2826 tueri,
2893 2763 2995 2817 nisi
3021 2763 3140 2832 quis
3164 2770 3314 2816 recte
3339 2761 3447 2815 cir-

1859 2862 2167 2923 cumponat,
2188 2854 2251 2907 iis
2266 2863 2504 2909 utentem
2522 2856 2812 2924 perimunt.
2832 2855 3001 2909 Causa
3022 2869 3153 2909 vero
3178 2863 3280 2916 est,
3304 2852 3445 2923 quod

1858 2946 2035 2999 omnia
2086 2946 2255 3015 magis
2283 2961 2608 3015 quaeramus.
2637 2961 2795 3016 quam
2827 2946 3019 3000 anima:
3047 2945 3359 3009 utilitatem;
3389 2955 3447 2999 et

1857 3037 1960 3092 alia
1986 3039 2158 3107 magis
2180 3048 2508 3107 spectemus,
2538 3054 2696 3108 quam
2724 3039 3009 3093 utilitatem
3043 3049 3302 3093 nostram.
3336 3039 3443 3091 Dn-

1858 3145 1977 3184 mns
2014 3142 2160 3185 certe
2189 3130 2494 3185 firmitatem
2526 3145 2668 3200 saepe
2704 3132 3014 3201 quaerimus,
3066 3146 3167 3185 nec
3210 3131 3442 3199 patimur

1858 3220 2007 3275 illam
2035 3229 2304 3275 vetustate
2330 3231 2608 3276 nutantem
2631 3222 2714 3276 vel
2743 3221 3011 3276 labentem
3036 3220 3238 3284 videre,
3272 3236 3444 3290 neque

1856 3325 1887 3364 a
1910 3319 2223 3380 tempestate
2247 3311 2632 3379 periclitantem
2653 3311 2748 3366 :de
2765 3314 2941 3365 anima
2953 3326 3083 3367 vero
3101 3311 3243 3366 nulla
3268 3326 3393 3366 cura
3416 3329 3432 3363 :

1857 3403 1951 3458 sed
1981 3404 2194 3457 etiamsi
2226 3403 2572 3459 fundamenta
2601 3404 2722 3474 ejus
2750 3405 2962 3460 infirma
2998 3404 3295 3466 videamus.
3320 3405 3445 3460 licet

1856 3505 1912 3551 et
1933 3505 2263 3550 structuram
2291 3504 2345 3550 et
2376 3504 2573 3550 tectum
2600 3496 2824 3565 perinde
2853 3495 3081 3563 habere;
3115 3497 3314 3552 nullam
3338 3496 3440 3550 bo-

1856 3605 1974 3645 rum
2002 3590 2264 3643 rationem
2294 3588 2573 3644 habemus.
2610 3588 2740 3643 Item
2767 3589 2814 3645 si
2842 3599 3084 3645 armenta
3125 3590 3439 3657 habeamus,

1857 3683 1986 3754 quid
2013 3683 2118 3736 illis
2144 3682 2315 3752 prosit
2339 3682 2653 3751 qmerimus,
2685 3681 3042 3752 ductoresque
3077 3697 3141 3737 ac
3178 3684 3437 3747 medicos,

1855 3791 2178 3846 omnemque
2198 3774 2428 3844 lapidem
2455 3789 2734 3829 movemus
2751 3775 2804 3828 ιε
2831 3774 3018 3829 domos
3047 3790 3258 3845 quoque
3282 3790 3442 3830 cura-

1858 3882 1997 3930 mus,
2025 3875 2082 3921 et
2109 3880 2202 3920 eos
2230 3865 2424 3935 quibus
2454 3865 2570 3919 hate
2596 3864 2883 3919 commissa
2910 3875 3033 3921 sunt
3053 3867 3350 3931 hortamur,
3380 3877 3438 3921 ut

1856 3976 1963 4016 non
1992 3970 2196 4015 temere
2220 3960 2307 4014 vel
2330 3958 2692 4030 perfunctorie
2730 3959 2970 4029 jumenta
2996 3958 3232 4028 abigant,
3264 3975 3439 4030 neque

1857 4066 2017 4108 onera
2046 4052 2341 4121 imponant,
2384 4050 2468 4105 vel
2517 4050 2834 4119 intempesta
2867 4059 3024 4105 nocte
3063 4050 3313 4116 educant,
3346 4050 3435 4105 vel

1856 4143 2108 4198 alimenta
2136 4141 2481 4205 venumdent,
2516 4142 2803 4210 multaeque
2841 4140 2983 4210 leges
3011 4140 3151 4211 apud
3180 4156 3279 4195 nos
3308 4150 3436 4196 sunt

1855 4236 1921 4290 ad
1948 4235 2231 4289 utilitatem
2261 4233 2625 4303 iumentorum
2652 4251 2665 4288 :
2688 4234 2757 4289 de
2782 4235 2957 4289 anima
2984 4236 3122 4289 ratio
3148 4235 3312 4289 nulla.
3332 4235 3439 4291 Ve-

1857 4343 1972 4382 rum
2004 4325 2129 4395 quid
2157 4326 2278 4381 dico
2296 4325 2365 4381 de
2383 4326 2575 4393 brutis,
2600 4342 2719 4396 qute
2741 4327 2896 4380 nobis
2922 4326 3069 4381 utilia
3091 4327 3250 4381 sunt?
3280 4326 3437 4382 Multi

1857 4427 1999 4479 sunt,
2028 4417 2118 4487 qui
2150 4433 2395 4487 passeres
2420 4418 2620 4474 habent
2647 4419 2715 4474 ad
2742 4419 2875 4473 nihil
2901 4420 3079 4479 utiles.
3113 4419 3207 4475 sed
3232 4421 3321 4490 qui
3346 4435 3435 4475 so—

1855 4512 1963 4565 lum
1989 4519 2257 4575 recreant,
2280 4510 2570 4581 multaeque
2589 4522 2716 4566 sunt
2740 4514 2882 4567 circa
2924 4512 3044 4567 illos
3074 4514 3241 4582 leges,
3269 4514 3435 4569 nihil-

1854 4618 1957 4673 que
1969 4601 2252 4673 negligitur
2268 4602 2350 4658 vel
2366 4603 2657 4659 omittitur:
2679 4607 2961 4675 omniaque
2978 4608 3145 4676 magis
3161 4622 3432 4672 curamus,

1853 4709 2011 4763 quam
2036 4710 2134 4749 nos
2162 4694 2328 4765 ipsos.
2359 4694 2449 4750 Sic
2478 4696 2727 4751 omnibus
2755 4712 2939 4752 sumus
2984 4698 3348 4767 ignobiliores.
3377 4697 3434 4755 Si

1859 4787 1979 4856 quis
1999 4788 2388 4843 contumeliose
2411 4788 2564 4843 nobis
2583 4788 2796 4855 dixerit,
2818 4790 2999 4857 Canis,
3024 4791 3297 4860 dolemus;
3315 4808 3435 4848 cum

1856 4893 1986 4931 vero
2011 4893 2109 4932 nos
2137 4879 2237 4948 ipsi
2268 4878 2423 4934 nobis
2452 4881 2827 4935 contumeliam
2852 4880 3151 4950 inferimus,
3182 4897 3289 4939 non
3319 4900 3439 4941 ver-

1855 4968 1944 5033 bo,
1977 4969 2072 5023 sed
2094 4984 2175 5034 re,
2203 4984 2305 5025 nec
2328 4979 2528 5024 tantam
2555 4973 2745 5026 animae
2770 4986 2951 5025 curam
2976 4971 3253 5038 habemus,
3272 4990 3432 5045 quam

1861 5075 2077 5124 canum,
2101 5060 2233 5114 nihil
2258 5075 2357 5115 nos
2379 5062 2488 5130 pati
2512 5071 2777 5131 putamus.
2805 5062 2996 5118 Videte
3021 5066 3233 5134 quantis
3259 5069 3440 5124 omnia

1862 5151 2020 5222 plena
2044 5152 2152 5207 sint
2180 5152 2437 5209 tenebris.
2465 5153 2609 5219 Quot
2636 5162 2762 5208 sunt
2794 5154 2883 5224 qui
2913 5156 3150 5223 student,
3179 5174 3248 5214 ne
3274 5175 3437 5217 canes

1858 5242 1979 5312 plus
2003 5258 2156 5312 aequo
2181 5244 2540 5307 exsatientur;
2571 5252 2631 5299 ut
2657 5245 2767 5301 sint
2808 5245 3025 5303 veloces
3073 5257 3129 5305 et
3171 5254 3440 5309 venatorii

1859 5346 2133 5404 premente
2163 5334 2331 5401 fame;
2349 5334 2418 5391 de
2438 5350 2498 5391 se
2517 5351 2647 5391 vero
2668 5337 2797 5392 nihil
2818 5339 3191 5398 sollicitudinis
3213 5343 3432 5411 habent,

1856 5444 2032 5497 neque
2070 5426 2174 5480 sibi
2219 5428 2556 5497 przectpiunt,
2585 5444 2655 5485 ne
2680 5430 2886 5487 deliciis
2926 5433 3056 5489 dent
3100 5449 3352 5506 operam:
3385 5447 3442 5492 et

1854 5520 2009 5575 bruta
2041 5517 2257 5588 quidem
2286 5518 2657 5591 philosophari
2684 5522 2901 5594 docent,
2929 5541 2991 5583 se
3017 5542 3145 5584 vero
3169 5528 3222 5583 in
3250 5529 3435 5584 bruto-

1853 5627 1970 5667 rum
2001 5612 2262 5667 feritatem
2287 5612 2394 5669 labi
2421 5616 2712 5685 patiuntur.

1916 5769 1941 5844 ξ
1960 5767 2016 5844 In
2029 5768 2198 5844 Ganeo
2219 5767 2418 5844 legitur,
2434 5780 2552 5820 πάντα
2566 5784 2682 5832 sum
2694 5790 2877 5842 unum,
2898 5777 3026 5844 quod
3041 5785 3137 5844 est,
3159 5781 3217 5832 ad
3228 5779 3436 5843 literati.

1866 5841 2053 5882 omnem
2067 5830 2335 5896 [imitatum
2355 5844 2610 5887 mentm.
