3978 6510
450 377 551 433 251

535 489 807 543 Brutorum
830 482 1149 553 philosophia
1175 494 1307 550 quia.
1326 507 1397 515 —
1424 472 1671 541 Enigma
1691 478 1773 523 est
1794 466 1908 517 hinc
1930 476 2039 516 res.

464 583 530 635 lit
562 581 774 634 ubinam
798 587 923 631 sunt
948 574 1196 629 animalia
1221 565 1555 640 philoSOpha,
1589 559 1828 632 inquies?
1855 559 2046 611 Annon

466 674 562 727 tibi
590 672 800 726 videtur
830 684 1035 738 magna:
1061 679 1180 721 esse
1207 659 1578 733 pltilOSOpllit’ﬂ,
1604 670 1723 709 cum
1750 651 1900 706 canis
1931 664 2053 719 pre-

468 776 647 819 mente
664 763 824 826 fame,
851 770 1129 831 postquam
1150 759 1201 811 in
1218 764 1410 809 venatu
1433 752 1595 820 cepit,
1613 765 1641 802 a
1665 746 1910 818 przesenti
1929 757 2051 797 esca

469 858 722 920 abstinet,
756 865 809 909 et
840 862 1059 924 urgente
1082 850 1220 905 fame
1244 837 2058 911 dominuniexspectat?Pudeat

475 967 604 1005 vos:
632 958 846 1004 ventres
884 946 1076 1001 docete
1117 952 1349 1005 vestros,
1383 949 1441 994 ut
1485 941 1555 991 ita
1596 938 1705 991 sint
1731 930 2054 1003 philosophi.

476 1043 628 1099 Nulla
655 1040 805 1094 vobis
833 1037 1107 1093 excusatio
1135 1042 1235 1089 est.
1282 1034 1413 1087 Cum
1446 1039 1649 1084 natura:
1687 1021 2059 1087 irrationabili,

477 1150 597 1205 quae
638 1147 737 1187 nec
766 1130 1001 1199 loquitur
1032 1141 1131 1181 nec
1168 1124 1533 1183 ratiocinatur,
1584 1128 1783 1174 tantam
1828 1114 2065 1185 philoso-

482 1226 663 1293 phiam
697 1221 882 1276 indere
927 1220 1124 1290 possis,
1174 1217 1344 1272 multo
1394 1213 1562 1284 magis
1592 1209 1793 1281 poteris
1819 1207 1909 1261 tibi
1942 1206 2060 1275 ipsi.

482 1316 633 1383 Quod
662 1313 803 1369 enim
836 1328 901 1367 ex
936 1313 1163 1365 humana
1186 1309 1480 1379 diligentia,
1513 1321 1616 1359 non
1640 1320 1705 1358 ex
1737 1310 1919 1355 natura
1948 1314 2070 1368 pro-

487 1408 755 1459 liciscatur
782 1402 982 1471 liquet;
1011 1400 1246 1470 alioquin
1274 1408 1548 1467 Oporteret
1574 1408 1763 1447 omnes
1784 1405 1943 1445 canes
1970 1389 2071 1443 hoc

487 1497 707 1551 habere.
743 1491 931 1547 Estote
971 1492 1166 1546 saltem
1194 1492 1334 1545 sicut
1377 1502 1560 1543 canes.
1608 1485 1716 1539 Vos
1756 1498 1841 1537 me
1883 1483 2073 1551 cogitis

490 1589 613 1642 hinc
637 1586 882 1653 exempla
908 1584 1103 1638 ducere
1126 1602 1137 1637 :
1170 1581 1492 1652 oportuisset
1521 1579 1663 1633 enim
1692 1592 1723 1659 a
1751 1575 2072 1634 caalestibus;

491 1682 613 1749 quia
644 1694 772 1734 vero
800 1678 845 1733 si
881 1676 985 1731 tale
1012 1675 1285 1746 quidpiam
1317 1674 1526 1738 dixero,
1566 1670 1745 1725 dicitis
1774 1670 1862 1723 illa
1889 1682 2077 1737 magna

494 1771 793 1828 essezideo
828 1770 958 1824 nihil
1002 1768 1294 1824 czelestium
1340 1780 1600 1820 memoro.
1632 1763 1687 1818 Si
1726 1762 1913 1815 dixero
1939 1760 2079 1814 Pau-

498 1863 831 1929 lum,dicitis
874 1862 1021 1915 illum
1069 1859 1235 1913 fuisse
1278 1856 1609 1927 apostolum;
1643 1853 1763 1907 ideo
1806 1866 1913 1906 non
1961 1850 2083 1905 dico

499 1954 742 2010 Paulum.
774 1954 831 2008 Si
862 1953 1047 2006 dixero
1070 1951 1362 2014 hominem,
1392 1946 1599 2007 dicetis.
1624 1944 1715 1999 llle
1742 1944 1939 2012 potuit;
1966 1942 2085 1997 ideo

501 2062 677 2117 neque
708 2046 978 2100 hominem
1009 2044 1151 2107 dico,
1192 2042 1285 2096 sed
1313 2041 1562 2103 bestiam,
1608 2045 1663 2092 et
1702 2037 1926 2091 bestiam
1968 2051 2087 2105 qua:

503 2140 607 2193 hoc
627 2153 733 2193 non
757 2153 820 2191 ex
855 2146 1041 2190 natura
1064 2150 1160 2188 sua
1187 2133 1366 2195 habet,
1402 2147 1467 2185 ne
1490 2130 1681 2185 dicatis
1705 2129 1870 2197 ipsam
1899 2142 1962 2181 ex
1992 2142 2087 2179 na-

506 2239 628 2285 tura
658 2228 878 2292 habere,
910 2242 1015 2282 non
1046 2243 1110 2281 ex
1143 2225 1420 2295 proposito
1461 2237 1590 2285 suo;
1621 2220 1869 2291 quodque
1896 2221 2089 2273 mirum

508 2328 614 2384 est,
647 2335 752 2373 non
781 2320 1055 2388 proposito
1081 2332 1199 2381 suo,
1230 2315 1323 2369 sed
1346 2329 1473 2368 cura
1513 2322 1620 2368 tua.
1658 2311 1771 2365 Non
1800 2310 1940 2378 quod
1969 2309 2091 2363 fati-

510 2421 653 2480 gata,
687 2423 793 2463 non
820 2408 963 2476 quod
992 2422 1152 2461 cursu
1195 2406 1486 2473 discerpta,
1529 2417 1633 2458 non
1682 2401 1826 2471 quod
1876 2402 2095 2471 proprio

513 2499 697 2554 labore
718 2506 866 2569 parta
892 2498 1004 2553 haec
1030 2498 1257 2567 cogitet;
1287 2495 1383 2551 sed
1410 2495 1490 2549 his
1517 2493 1767 2547 omnibus
1798 2491 1939 2546 foras
1970 2491 2097 2547 mis-

518 2593 612 2657 sis,
629 2592 834 2659 jussuin
853 2589 1053 2644 domini
1072 2598 1251 2643 servat
1266 2598 1313 2643 et
1338 2598 1523 2642 ventre
1540 2586 1598 2641 fit
1614 2586 1878 2656 superior.
1901 2585 2095 2649 Etiam,

520 2682 760 2751 inquies;
791 2688 1064 2748 exspectat
1109 2680 1252 2732 enim
1302 2677 1529 2739 laudari,
1577 2685 1852 2746 exSpectat
1897 2676 2101 2746 majore

520 2771 622 2826 frui
654 2786 857 2826 mensa.
884 2771 976 2824 Dic
1007 2770 1166 2840 igitur
1196 2768 1288 2823 tibi
1318 2769 1439 2837 ipsi,
1471 2783 1656 2822 canem
1678 2783 1773 2837 spe
1793 2768 1985 2823 futura:
2004 2782 2102 2823 vo-

522 2863 738 2930 luptatis
768 2870 1085 2931 praeseutem
1107 2861 1413 2929 despicere;
1439 2868 1493 2913 tu
1518 2874 1647 2915 vero
1670 2875 1777 2914 non
1803 2862 1884 2915 vis
1908 2876 2005 2930 spe
2025 2860 2105 2915 fu-

508 2964 768 3007 turorum
821 2952 1083 3006 bonorum
1136 2951 1417 3021 pra‘seutia
1457 2959 1822 3007 contemnere.
1868 2951 1972 3007 Sed
2017 2952 2107 3007 ille

528 3044 740 3114 quidem
772 3042 940 3107 novit,
972 3044 1016 3095 si
1048 3042 1417 3110 intempestive
1438 3051 1487 3096 et
1518 3052 1713 3111 prmter
1740 3041 1986 3111 placitum
2008 3041 2109 3096 do-

534 3136 663 3190 mini
692 3136 870 3190 cibum
901 3135 1163 3205 degustet,
1199 3134 1289 3188 illo
1313 3134 1473 3188 etiam
1497 3133 1810 3203 privandum
1841 3148 1980 3200 esse,
2003 3149 2103 3188 nec

533 3236 769 3297 paratam
809 3242 987 3283 escam
1030 3227 1329 3281 habiturum
1361 3241 1501 3290 esse,
1534 3226 1629 3281 sed
1661 3226 1840 3298 plagas
1871 3243 1965 3296 pro
1988 3228 2109 3283 cibo

533 3330 906 3389 accepturum;
943 3329 995 3373 tu
1030 3334 1157 3373 vero
1188 3334 1255 3374 ne
1284 3318 1385 3373 hoc
1413 3318 1627 3389 quidem
1653 3328 1802 3388 potes
1828 3319 2009 3375 videre
2032 3341 2043 3375 :
2063 3330 2118 3374 et

536 3412 677 3481 quod
702 3413 790 3468 ille
819 3427 848 3465 a
872 3411 1261 3466 consuetudine
1302 3410 1506 3475 didicit,
1558 3411 1660 3466 hoc
1691 3422 1745 3466 tu
1774 3412 1981 3467 ratione
2011 3428 2118 3467 non

536 3504 811 3560 emendas.
844 3503 1117 3558 Imitemur
1143 3517 1324 3557 canes.
1351 3501 1465 3557 Hoc
1484 3502 1733 3557 dicuntur
1752 3511 1807 3558 et
1834 3504 2120 3573 accipitres

541 3605 593 3650 cl
618 3596 809 3663 aquilae
840 3594 1047 3659 facere;
1082 3601 1136 3648 et
1164 3593 1306 3648 sicut
1346 3593 1486 3648 inter
1524 3592 1665 3647 feras
1707 3602 1761 3648 et
1786 3608 2006 3663 capreas
2035 3610 2124 3648 ca-

544 3704 663 3753 nes,
691 3687 768 3741 sic
800 3686 851 3740 hi
884 3686 1022 3740 inter
1048 3700 1174 3740 aves
1204 3684 1438 3739 faciunt:
1463 3683 1517 3738 hi
1550 3699 1675 3739 vero
1704 3685 1861 3739 etiam
1908 3701 1973 3740 ex
2020 3686 2123 3739 hu-

548 3793 705 3832 mana
746 3777 1100 3848 philosophia.
1139 3776 1263 3831 llaec
1308 3791 1408 3831 nos
1454 3776 1708 3832 damnare
1738 3788 1979 3847 possunt,
2012 3777 2127 3832 haec

549 3885 647 3925 nos
672 3884 885 3939 capere.
916 3869 1075 3924 Aliud
1106 3868 1310 3923 dicam:
1335 3882 1504 3938 equos
1528 3878 1766 3938 agrestes
1803 3878 1859 3925 et
1897 3870 2128 3925 indomi-

549 3972 653 4028 tos,
683 3962 1023 4015 caleitrantes
1052 3970 1105 4015 et
1131 3960 1460 4026 mordentes,
1491 3959 1637 4015 brevi
1669 3971 1907 4030 tempore
1938 3962 2006 4015 ita
2038 3978 2131 4031 pe-

550 4053 639 4107 riti
668 4053 935 4117 erudiunt,
964 4061 1022 4106 ut
1044 4067 1210 4121 eques
1238 4050 1476 4106 insidens
1504 4066 1571 4106 ex
1598 4052 1894 4122 composito
1920 4053 2131 4107 incessu

552 4146 851 4199 oblcctetur
891 4146 1176 4207 :animam,
1215 4159 1343 4199 vero
1396 4144 1746 4213 incomposite
1798 4144 2133 4199 incedentem

557 4256 716 4295 nemo
744 4250 914 4306 curat,
947 4239 1039 4294 sed
1063 4239 1236 4293 exsilit
1262 4239 1368 4303 illa,
1399 4238 1660 4303 calcitrat,
1687 4237 1939 4292 deorsum
1969 4238 2136 4292 trahi-

559 4343 645 4388 tur
673 4344 729 4388 ut
754 4348 909 4403 puer,
943 4332 1194 4387 indecore
1224 4331 1420 4386 millies
1462 4331 1590 4401 agit,
1624 4345 1888 4400 nemoque
1916 4332 2015 4402 ipsi
2046 4348 2137 4385 ca-

563 4440 708 4479 mum
742 4424 909 4494 injicit
945 4433 999 4478 et
1027 4423 1318 4478 retinacula
1363 4422 1578 4492 pedum,
1623 4424 1707 4477 vel
1757 4422 1927 4488 frena,
1970 4440 2141 4494 neque

522 4562 525 4565 .
565 4514 799 4569 admittit
829 4515 917 4567 illa
950 4514 1179 4582 peritum
1224 4512 1480 4582 equitem,
1528 4512 1800 4567 Christum
1844 4513 1984 4568 dico.
2020 4514 2143 4569 ldeo

566 4606 745 4659 omnia
772 4620 865 4659 sus
891 4603 1062 4673 deque
1088 4604 1257 4674 posita
1279 4612 1424 4658 sunt.
1455 4604 1588 4658 Cum
1610 4604 1750 4659 enim
1773 4620 1933 4659 canes
1952 4605 2146 4661 doceas

568 4698 742 4753 ventri
772 4696 1056 4767 imperare,
1100 4703 1155 4751 et
1184 4696 1417 4749 furorem
1448 4695 1617 4750 leonis
1640 4695 1883 4760 edomes,
1920 4707 1974 4752 et
2002 4697 2147 4752 fero-

570 4788 707 4841 ciam
747 4787 888 4857 equi,
937 4796 992 4841 et
1020 4786 1215 4841 doceas
1244 4799 1370 4839 aves
1400 4785 1545 4855 loqui
1581 4800 1594 4838 :
1636 4800 1814 4841 annon
1855 4785 2147 4841 absurdum

572 4880 735 4934 fuerit
763 4880 933 4934 brutis
963 4878 1164 4933 naturis
1186 4877 1513 4933 rationabilia
1545 4894 1707 4947 opera
1747 4880 1951 4945 indere,
1982 4883 2034 4935 in
2060 4898 2149 4936 ra-

577 4970 847 5025 tionabilia
877 4985 1006 5024 vero
1045 4969 1488 5024 irrationabilium
1518 4969 1644 5023 vitia
1687 4970 1974 5026 inducere?
1997 4972 2152 5028 Nulla

579 5060 753 5124 nobis,
784 5060 927 5113 nu'lla
955 5068 1101 5115 certe
1127 5060 1283 5113 venia
1325 5070 1426 5113 est.
1458 5056 1656 5113 Omnes
1691 5060 1779 5128 qui
1810 5061 1944 5116 bene
1968 5072 2151 5132 agunt,

569 5161 686 5206 tam
718 5150 901 5205 ﬁdeles
942 5165 1099 5220 quam
1148 5150 1414 5216 infideles,
1443 5164 1540 5205 nos
1564 5152 1908 5207 accusabunt.
1936 5153 2069 5209 Nam
2101 5166 2155 5212 et

1162 368 1221 424 S.
1259 360 1534 420 JOANNIS
1567 347 2044 411 CHRYSOSTOMI
2086 345 2401 401 ARCIIIEP.
2428 342 2955 401 CONSTANTINOP.

3620 340 3730 396 εδει

2150 458 2391 513 inlideles
2420 459 2556 513 bene
2584 467 2766 528 agunt,
2794 468 2847 511 et
2878 460 3001 511 term
3022 472 3319 528 canesque;
3351 458 3453 513 soli
3484 458 3735 513 homines

2149 550 2387 605 minime.
2422 550 2529 606 Sed
2561 561 2616 605 et
2656 566 2752 605 nos
2798 552 2894 621 ipsi
2942 567 3040 605 nos
3065 553 3457 617 accusabimus,
3488 555 3579 622 qui
3611 570 3734 609 cum

2153 646 2423 707 volumus,
2455 653 2601 699 recte
2628 646 2864 715 agimus;
2893 659 3016 701 cum
3058 660 3187 700 vero
3230 645 3573 717 negligimus,
3610 664 3739 716 per-

2154 738 2436 792 trahimur.
2456 737 2587 791 Nam
2609 752 2678 793 ex
2695 737 2759 791 iis
2776 738 2959 803 etiam,
2982 738 3070 808 qui
3095 739 3403 809 nequissimi
3422 748 3564 805 sunt,
3590 741 3745 795 multi

2158 844 2302 899 smpe
2326 845 2450 884 cum
2476 830 2694 895 vellent,
2720 838 2846 883 sunt
2872 830 3079 884 mutati.
3106 830 3161 885 ln
3193 846 3349 887 causa
3375 841 3478 899 est,
3506 844 3565 887 ut
3608 834 3742 901 dixi,

2161 921 2284 990 quia
2308 922 2616 987 circuimus,
2634 938 2693 975 ea
2712 932 3014 991 quarrentes
3030 941 3146 993 qua:
3166 926 3284 981 aliis
3306 928 3451 981 utilia
3465 941 3612 994 sunt,
3638 944 3747 982 non

2164 1014 2339 1069 nobis.
2362 1016 2414 1070 Si
2438 1015 2652 1069 donmm
2671 1019 2998 1073 exstruxeris
3016 1019 3371 1088 splendidam,
3388 1022 3579 1078 domus
3600 1039 3751 1077 com-

2169 1106 2329 1160 modo
2350 1106 2553 1172 studes,
2581 1123 2686 1161 non
2715 1116 2837 1162 tuo:
2870 1110 2913 1162 si
2944 1119 3147 1165 vestem
3175 1114 3507 1179 magnificam
3527 1115 3752 1176 emeris.

2171 1199 2413 1269 corporis
2444 1198 2622 1254 decori
2662 1202 2924 1261 consulis.
2958 1218 3062 1257 non
3096 1211 3186 1257 tuo
3213 1222 3227 1259 :
3256 1205 3300 1259 si
3328 1222 3523 1275 equum
3554 1208 3755 1262 bonum

2171 1291 2462 1358 curaveris,
2497 1292 2764 1347 similiter.
2808 1294 2974 1349 Nemo
3001 1306 3152 1350 curat
3182 1306 3241 1351 ut
3266 1299 3335 1352 sit
3360 1300 3536 1352 anima
3563 1300 3707 1354 bona
3743 1318 3757 1355 :

2174 1385 2417 1454 quamvis
2433 1386 2475 1438 si
2500 1386 2591 1440 illa
2607 1386 2744 1440 bona
2774 1387 2863 1452 sit,
2891 1403 2995 1441 non
3019 1389 3087 1442 sit
3112 1390 3216 1443 illis
3238 1405 3400 1458 Opus;
3425 1392 3468 1445 si
3493 1392 3633 1446 bona
3654 1408 3758 1447 non

2178 1480 2264 1542 sit,
2296 1479 2437 1532 nulla
2466 1494 2531 1534 ex
2560 1479 2664 1533 illis
2692 1479 2912 1535 utilitas.
2941 1480 3090 1535 Sicut
3115 1482 3259 1535 enim
3298 1498 3420 1537 cum
3465 1483 3533 1537 de
3562 1498 3762 1553 sponsa

2179 1571 2371 1640 agitur,
2404 1572 2521 1625 sive
2566 1571 2687 1625 lecti
2732 1572 2840 1625 sint
2887 1587 2954 1626 ex
3002 1573 3356 1629 velaminibus
3403 1575 3603 1639 aureis,
3652 1578 3767 1629 sive

2182 1661 2330 1716 chori
2364 1662 2645 1717 mulierum
2680 1661 3211 1730 formosissimarum,
3252 1667 3369 1719 sive
3414 1682 3551 1721 poste
3589 1667 3770 1721 adsint

2184 1762 2238 1807 et
2261 1768 2497 1817 coronm,
2526 1754 2639 1808 sive
2668 1769 2898 1823 sponsus
2927 1755 3215 1821 formosus,
3258 1757 3373 1812 sive
3400 1758 3631 1821 ancillae,
3656 1757 3772 1812 sive

2187 1844 2372 1898 amicae
2401 1853 2712 1913 cunctmque
2738 1844 2950 1900 decora:
2979 1847 3105 1909 sint,
3152 1848 3196 1900 si
3247 1847 3336 1901 illa
3379 1849 3638 1903 deformis
3679 1850 3772 1913 sit,

2189 1934 2335 1989 nulla
2358 1935 2589 2000 utilitas;
2622 1944 2680 1990 ut
2706 1952 2882 2006 neque
2907 1937 3182 2004 damnum,
3213 1940 3256 1992 si
3281 1939 3368 1993 illa
3409 1940 3629 2008 pulchra
3661 1942 3773 2002 sit;

2192 2029 2301 2082 imo
2327 2038 2532 2084 contra.
2568 2029 2698 2083 Nam
2722 2030 2764 2084 si
2791 2029 3047 2086 deformis
3071 2034 3160 2097 sit,
3189 2048 3217 2087 a
3249 2034 3496 2089 formosis
3519 2033 3776 2097 lzedetur;

2194 2120 2239 2174 si
2262 2118 2517 2186 formosa,
2548 2137 2577 2173 a
2604 2120 2933 2177 deformibus
2970 2123 3262 2192 juvabitur.
3292 2126 3382 2180 Sic
3411 2137 3465 2180 et
3494 2127 3697 2192 anima,
3732 2129 3777 2179 si

2196 2211 2413 2280 pulchra
2442 2213 2532 2277 sit,
2577 2229 2682 2266 non
2711 2214 2870 2268 modo
2896 2215 3044 2269 nullo
3089 2221 3277 2271 horum
3305 2232 3441 2288 opus
3470 2217 3653 2284 habet,
3688 2218 3783 2270 sed

2197 2303 2359 2357 etiam
2391 2303 2479 2356 illa
2525 2304 2811 2359 obumbrat
2838 2306 3181 2375 pulchritudo
3210 2308 3347 2377 ejus.
3395 2308 3786 2379 Philosophum

2200 2393 2343 2448 enim
2374 2408 2482 2447 non
2526 2395 2605 2448 sic
2633 2396 2685 2449 in
2726 2396 2954 2464 divitiis,
2987 2408 3043 2451 ut
3071 2399 3126 2452 in
3156 2409 3466 2468 paupertate
3494 2399 3787 2469 fulgentem

2201 2484 2522 2540 videbimus.
2553 2485 2683 2541 Nam
2713 2488 2756 2542 si
2785 2488 2936 2543 dives
2963 2490 3052 2555 sit,
3084 2490 3232 2544 multi
3258 2492 3450 2559 opibus
3474 2490 3793 2545 adscribunt

2204 2576 2478 2643 virtutem,
2511 2586 2695 2648 utpote
2726 2580 2872 2634 nullo
2895 2590 3177 2652 egentem:
3206 2582 3253 2636 si
3283 2598 3413 2637 vero
3439 2583 3509 2637 sit
3537 2582 3721 2652 ineps,
3739 2592 3795 2636 et

2206 2669 2428 2724 omnino
2452 2671 2750 2740 splendeat,
2771 2688 2871 2728 nec
2892 2682 3043 2743 turpe
3060 2675 3329 2745 quidpiam
3348 2690 3506 2745 agere
3532 2686 3793 2745 cogatur;

2209 2778 2370 2819 nemo
2396 2778 2518 2819 cum
2542 2765 2635 2821 illo
2660 2766 2726 2821 de
2754 2766 3103 2837 philosophia:
3129 2782 3327 2823 corona
3354 2770 3648 2823 contendit.

2285 2859 2469 2913 Anima
2497 2859 2729 2912 ornanda
2758 2859 2874 2929 plus
2902 2876 3052 2928 quam
3078 2860 3183 2913 alia
3230 2861 3419 2913 omnia.
3454 2889 3526 2899 —
3545 2859 3801 2913 Animam

2214 2951 2376 3021 igitur
2399 2966 2675 3015 ornemus,
2704 2952 2747 3005 si
2773 2951 2964 3005 divites
2992 2966 3112 3006 esse
3138 2951 3385 3006 velimus.
3409 2950 3537 3019 Qure
3570 2952 3801 3015 utilitas,

2218 3046 2265 3099 si
2295 3044 2454 3099 mula:
2479 3044 2614 3098 alba:
2644 3044 2770 3109 sint,
2804 3044 3027 3114 pingues
3057 3053 3110 3098 et
3133 3044 3331 3106 obesse,
3366 3052 3419 3096 tu
3448 3059 3576 3097 vero
3604 3044 3699 3113 qui
3722 3059 3809 3097 se-

2220 3137 2337 3202 des,
2367 3137 2602 3207 gracilis,
2633 3137 2907 3191 seabiosus
2931 3147 2985 3191 et
3009 3136 3301 3191 deformis?
3323 3136 3462 3204 quod
3493 3136 3732 3196 lucrum.
3764 3135 3809 3188 si

2225 3237 2390 3284 strata
2437 3228 2616 3283 mollia
2661 3238 2715 3282 et
2758 3228 3004 3298 pulchra,
3052 3230 3313 3283 varietate
3354 3237 3575 3295 arteque
3608 3228 3809 3296 plena;

2224 3321 2398 3375 anima
2427 3335 2555 3375 vero
2582 3320 2772 3391 pannis
2801 3322 2990 3376 laceris
3019 3321 3223 3382 induta.
3255 3322 3337 3375 vel
3368 3320 3504 3373 nuda
3544 3329 3600 3373 et
3628 3319 3815 3373 foeda?

2225 3412 2367 3482 quod
2406 3412 2633 3479 lucrum,
2679 3413 2724 3467 si
2768 3427 2938 3482 equus
2966 3414 3264 3481 composito
3293 3412 3458 3483 gradu
3491 3411 3729 3474 incedat,
3764 3421 3819 3465 et

2230 3505 2604 3576 tripudiantem
2630 3506 2797 3575 magis
2822 3506 3036 3572 referat,
3060 3522 3218 3576 quam
3237 3505 3594 3570 incedentem,
3620 3516 3677 3559 et
3698 3516 3817 3573 post

2229 3596 2534 3667 hujnsmodi
2573 3597 2823 3651 chorcam
2853 3598 3087 3666 Sponsali
3130 3598 3198 3651 sit
3241 3604 3555 3651 ornamento
3586 3594 3819 3649 decor:-

2232 3698 2347 3753 tus;
2371 3704 2535 3759 eques
2556 3705 2686 3743 vero
2717 3690 2836 3758 plus
2859 3705 3016 3758 quam
3045 3687 3267 3743 claudus
3300 3687 3585 3750 claudicet,
3615 3694 3674 3740 et
3704 3687 3821 3754 plus

2232 3796 2390 3851 quam
2418 3782 2659 3837 ebriosus
2679 3783 2798 3852 quis
2829 3780 3165 3851 furiosusque
3195 3781 3450 3835 distortus
3480 3781 3549 3833 sit
3574 3779 3821 3833 manibus

2235 3873 2586 3943 pedibusque.
2623 3874 2717 3927 Dic
2745 3873 2903 3939 mihi,
2932 3874 2976 3929 si
3006 3874 3126 3943 quis
3169 3874 3261 3927 tibi
3304 3872 3459 3926 daret
3487 3886 3690 3941 equum
3719 3872 3823 3939 pul-

2237 3966 2447 4031 chrum,
2476 3973 2531 4020 et
2566 3981 2762 4035 corpus
2792 3976 2939 4021 tuum
2990 3966 3370 4035 distorqueret,
3422 3980 3540 4034 quae
3586 3964 3821 4016 utilitas?

2238 4057 2391 4113 Nunc
2415 4059 2647 4112 animam
2679 4057 2960 4113 distortam
2994 4056 3182 4121 habes,
3211 4072 3310 4110 nec
3337 4070 3510 4109 curas.
3565 4055 3643 4108 De
3675 4054 3813 4107 nobis

2242 4149 2391 4219 ipsis,
2415 4165 2617 4219 qumso,
2650 4150 2863 4205 tandem
2886 4150 3104 4204 solliciti
3126 4149 3311 4203 simus.
3342 4148 3420 4203 Ne
3446 4162 3546 4202 nos
3576 4148 3817 4201 omnibus

2244 4245 2708 4313 ignominiosiores
2736 4244 3143 4298 constituamus.
3186 4243 3241 4296 Si
3272 4244 3388 4311 quis
3430 4256 3526 4294 nos
3571 4240 3820 4295 conviciis

2246 4338 2497 4401 incessat,
2528 4337 2838 4392 mordemur
2881 4338 3260 4407 dolemusque;
3305 4350 3425 4389 cum
3456 4350 3586 4389 vero
3628 4350 3731 4388 nos
3775 4348 3826 4386 re

2248 4434 2360 4502 ipsa
2386 4433 2721 4487 contumeliis
2742 4431 3023 4495 afticimus,
3074 4446 3176 4485 non
3203 4429 3587 4483 convertimur.
3618 4426 3828 4495 Resipi-

2249 4539 2460 4579 scamus
2491 4524 2571 4577 vel
2599 4538 2722 4578 sero
2744 4523 2981 4589 tandem,
3010 4532 3069 4577 ut
3094 4524 3382 4592 possimus,
3412 4530 3699 4590 postquam
3723 4519 3833 4573 ani-

2250 4631 2392 4671 mam
2422 4617 2807 4683 curaverimus,
2858 4626 2911 4672 et
2961 4617 3210 4671 virtutem
3255 4616 3601 4679 coluerimus,
3635 4624 3833 4669 eterna

2251 4714 2505 4783 consequi
2535 4713 2694 4779 bona,
2739 4714 2909 4783 gratia
2942 4722 2994 4768 et
3040 4713 3365 4782 benignitate
3408 4711 3619 4765 Domini
3666 4710 3835 4764 nostri

2254 4803 2380 4859 Jesu
2404 4804 2626 4869 Christi,
2658 4807 2873 4875 quicum
2917 4806 3059 4860 Patri
3100 4814 3155 4860 et
3183 4805 3402 4873 Spiritui
3433 4814 3624 4857 sancto
3643 4803 3836 4873 gloria,

2258 4896 2560 4967 imperium,
2603 4898 2797 4965 honor,
2826 4912 2967 4953 nunc
3006 4907 3060 4952 et
3086 4912 3319 4967 semper,
3344 4906 3398 4951 et
3428 4896 3480 4950 in
3505 4896 3707 4950 smcula
3739 4908 3835 4948 se-

2258 4989 2517 5046 culorum.
2544 4989 2734 5043 Amen.

575 5282 3845 5314 .______.____._._____._.__.._____________________________

1882 5362 2224 5429 HOMILIA
2269 5372 2538 5438 XXXV.

578 5499 709 5555 CAP.
740 5498 829 5553 16.
876 5514 927 5553 v.
976 5500 1062 5554 15.
1115 5498 1210 5553 Die
1235 5508 1398 5552 autem
1426 5499 1745 5554 sabbatorum
1780 5505 1965 5572 egressi
1983 5522 2158 5563 sumus

656 5592 778 5646 urbe
804 5608 973 5646 versus
1007 5592 1237 5661 ﬂuvium.
1270 5593 1354 5645 ubi
1392 5592 1580 5646 solebat
1625 5597 1785 5648 oratio
1817 5613 1921 5651 esse
1950 5615 1969 5652 .'
2002 5610 2050 5653 et
2078 5618 2159 5655 se-

656 5688 824 5741 dentes
863 5687 1186 5757 loquebamur
1211 5686 1519 5749 mulieribus,
1550 5705 1663 5756 quia
1686 5703 2035 5746 convenerant.
2070 5695 2157 5751 M.

657 5778 723 5834 Et
749 5781 978 5850 quwdam
1006 5780 1187 5837 mulier
1220 5781 1420 5837 nomine
1446 5779 1631 5852 Lydia,
1674 5788 2001 5856 purpuraria,
2033 5788 2158 5843 civi-

2334 5529 2453 5578 Iulis
2505 5525 2962 5596 Thyatirenorum,
2995 5531 3163 5583 colens
3206 5529 3387 5593 Deum,
3435 5531 3677 5585 audivit:
3707 5534 3851 5600 cuitu

2335 5619 2586 5674 Dominus
2612 5637 2700 5673 cor
2726 5623 2945 5692 aperuit,
2974 5632 3029 5676 ut
3053 5623 3327 5678 attendere!
3348 5624 3410 5677 iis
3428 5640 3543 5694 qua
3556 5624 3853 5677 dicebantur

2338 5732 2369 5767 a
2394 5716 2576 5770 Paulo.

2344 5804 2394 5857 l.
2430 5801 2624 5859 Paulus
2644 5802 2901 5875 judaisat.
2935 5799 3113 5873 Lydia:
3139 5802 3461 5876 philosophia
3482 5813 3531 5859 et
3552 5801 3857 5861 humilitas.
