4100 6354
226 166 337 223 251

206 287 336 341 Οὐκ
363 286 512 341 ἔστιν
545 287 672 358 ὑμῖν
701 288 985 357 ἀπολογία.
1028 289 1231 359 Ἀλὸγῳ
1254 289 1411 357 φύσει
1444 289 1688 361 δυνηθεὶς
1715 290 1889 343 ἐνθεῖ-

205 391 300 426 ναι
331 374 457 427 οὔτε
506 376 849 446 φθεγγομένη
899 376 1022 429 οὔτε
1069 377 1329 447 λογισμὸν
1378 377 1575 449 ἐχούσῃ
1618 378 1887 449 τοσαύτην

205 462 558 530 φιλοσοφίαν,
600 464 780 533 πολλῷ
842 464 1041 534 μᾶλλον
1091 465 1294 537 δυνήσῃ
1349 466 1548 535 σαυτῷ.
1604 466 1725 518 Ὅτι
1778 465 1887 535 γάρ

204 550 539 619 ἐπιμελείας
595 553 941 624 ἀνθρωπίνης
996 556 1145 617 ἐστὶ,
1204 556 1300 607 καὶ
1349 555 1408 606 ού
1440 554 1674 623 φύσεως,
1718 554 1886 623 ἐχρῆν

204 637 465 702 ἅπαντας
502 640 657 692 τοῦτο
679 641 803 703 τοὺς
833 640 1002 704 κύνας
1025 642 1190 709 ἔχειν.
1220 640 1446 693 Γένεσθε
1467 636 1559 693 οῦν
1584 640 1724 694 κατά
1760 642 1886 704 τοὺς

202 725 404 787 κύνας.
460 726 650 797 Ὑμεῖς
680 744 747 797 με
774 728 1110 795 ἀναγκάζετε
1135 730 1341 781 ἐκεῖθεν
1363 729 1432 782 τὰ
1466 728 1886 799 παραδείγματα

202 813 434 881 φέρειν·
466 813 573 866 ἔδει
611 814 709 883 μὲν
738 816 845 886 γὰρ
879 816 991 870 ἀπὸ
1022 816 1129 869 τῶν
1154 816 1418 886 οὐρανίων
1440 833 1452 847 ⁸
1483 817 1670 887 ἐπειδὴ
1697 816 1784 879 δὲ,
1818 816 1886 869 ἂν

201 902 352 953 εῖπω
404 918 459 953 τι
500 900 767 965 τοιοῦτον,
803 902 988 972 λέγετε
1019 904 1101 957 ὅτι
1146 904 1329 957 ἐκεῖνα
1378 904 1589 974 μεγάλα
1620 906 1748 968 είσὶ,
1797 903 1887 958 διά

198 987 368 1040 τοῦτο
402 988 558 1041 οὐδὲν
583 989 727 1057 λέγω
748 989 859 1042 τῶν
882 992 942 1043 οὺ
953 992 1166 1061 ρανίων.
1208 992 1325 1046 Κᾶν
1358 992 1498 1045 εῖπω
1525 994 1616 1045 τὸν
1638 993 1848 1046 Παῦλον
1865 1033 1882 1060 ,

200 1074 402 1141 λέγετε
432 1076 513 1128 ὅτι
546 1078 755 1139 ἐκεῖνος
774 1078 1070 1142 ἀπόστολος
1100 1074 1167 1150 ῆν
1187 1095 1202 1111 ο
1231 1079 1319 1132 διὰ
1337 1078 1496 1132 τοῦτο
1524 1078 1644 1133 οὐδὲ
1673 1079 1885 1134 Παῦλον

202 1161 379 1229 λέγω.
412 1164 510 1215 Ἂν
534 1165 689 1217 εἴπω
708 1163 1012 1234 ἄνθρωπον,
1040 1165 1226 1235 λέγετε
1266 1168 1347 1220 ὅτι
1385 1168 1590 1230 ἐκεῖνος
1622 1166 1879 1237 ὴδύνατο’

202 1250 299 1303 διὰ
319 1250 481 1305 τοῦτο
509 1252 629 1304 οὐδὲ
658 1250 805 1323 [267]
841 1252 1125 1324 ἄνθρωπον
1153 1254 1314 1322 λέγω,
1346 1254 1481 1307 ἀλλὰ
1525 1254 1710 1325 θηρίον
1730 1294 1744 1316 ,
1789 1256 1884 1308 καὶ

203 1338 403 1409 θηρίον
428 1339 490 1391 οὐ
524 1338 683 1409 φύσει
710 1340 870 1392 τοῦτο
894 1340 1034 1411 ἔχον,
1054 1342 1139 1393 ἵνα
1164 1342 1237 1411 μὴ
1268 1342 1455 1410 είπητε
1480 1341 1561 1394 ὅτι
1587 1341 1765 1410 φύσει,
1791 1343 1885 1395 καὶ

198 1428 261 1478 οῦ
295 1427 625 1498 προαιρέσει
643 1425 805 1480 τοῦτο
820 1427 1151 1499 κατώρθωσε
1169 1446 1182 1459 ’
1211 1430 1302 1482 καὶ
1330 1430 1389 1482 τὸ
1417 1428 1481 1501 δὴ
1501 1441 1526 1469 α
1549 1429 1882 1498 θαυμαστὸν,

200 1514 533 1583 προαιρέσει
558 1515 657 1568 οὐκ
693 1516 889 1585 οίκείᾳ,
937 1517 1070 1569 ἀλλά
1109 1519 1172 1587 τῇ
1210 1520 1276 1589 σῇ
1318 1517 1625 1589 ἐπιμελείᾳ.
1654 1518 1763 1587 Ούχ
1800 1518 1883 1571 ὅτι

201 1603 519 1670 κατεκόπη,
552 1602 649 1672 ούχ
702 1604 784 1656 ὅτι
835 1604 1135 1675 διεσπάσθη
1178 1604 1256 1675 τῷ
1292 1604 1497 1675 δρόμῳ,
1530 1606 1625 1675 οὐχ
1664 1606 1745 1657 ὅτι
1773 1608 1886 1669 τοῖς

198 1689 434 1752 οἰκείοις
466 1690 630 1742 αὑτοῦ
668 1691 850 1754 πόνοις
877 1691 1088 1756 ἐλαϐεν,
1124 1694 1321 1747 ἐννοεῖ·
1348 1693 1481 1748 ἀλλά
1504 1694 1681 1746 πάντα
1710 1694 1884 1748 ταῦτα

203 1776 373 1847 ῥίψας
420 1776 548 1843 ἔξω,
583 1777 644 1829 τὸ
674 1778 766 1831 τοῦ
817 1779 1079 1833 δεσπότου
1114 1782 1438 1851 πρόσταγμα
1470 1782 1746 1851 φυλάττει,
1791 1784 1884 1835 καὶ

200 1862 448 1933 γαστρὸς
482 1864 756 1935 ἀνώτερον
781 1866 807 1905 b
840 1866 1068 1936 γίνεται.
1108 1868 1238 1931 Ναὶ,
1266 1868 1431 1938 φησί’
1467 1869 1741 1940 προσδοκᾷ
1773 1870 1882 1941 γὰρ

123 2003 126 2007 .
199 1951 687 2022 ἐπαινεθήσεσθαι,
735 1955 1009 2026 προσδοκᾷ
1050 1954 1292 2020 πλείονος
1320 1956 1719 2010 ἀπολαύσεσθαι
1750 1973 1884 2027 τρα-

198 2039 399 2107 πέζης.
438 2041 575 2093 Εἰπὲ
598 2038 691 2095 οὖν
717 2042 811 2094 καὶ
838 2042 1036 2113 σαυτῷ,
1057 2044 1138 2096 ὅτι
1162 2046 1189 2097 ὁ
1210 2043 1356 2096 κύων
1380 2044 1554 2097 ἐλπίδι
1581 2043 1881 2114 μελλούσης

196 2127 425 2195 ἡδονῆς,
460 2128 559 2198 τῆς
586 2128 869 2200 παρούσης
907 2133 1272 2201 καταφρονεῖο
1309 2132 1373 2184 σὺ
1408 2132 1464 2184 δὲ
1505 2132 1565 2184 οὐ
1594 2131 1773 2201 βούλει
1796 2131 1881 2184 ἐλ-

193 2215 317 2267 πίδι
338 2216 455 2267 τῶν
480 2216 785 2285 μελλόντων
801 2217 1023 2285 ἀγαθῶν
1040 2218 1150 2271 τῶν
1172 2219 1455 2289 παρόντων
1482 2223 1842 2290 καταφρονεῖν
1861 2236 1875 2249 ’

192 2301 317 2354 ἀλλ’
353 2304 565 2367 ἐκεῖνος
604 2304 701 2375 μὲν
729 2302 872 2357 οἶδεν
900 2306 1004 2369 ὃτι,
1034 2305 1100 2359 ἂν
1151 2306 1395 2374 ἀκαίρως
1428 2306 1522 2359 καὶ
1544 2306 1697 2376 παρά
1720 2306 1780 2360 τὸ
1802 2306 1879 2378 τῷ

190 2389 438 2460 δεσπότῃ
464 2391 657 2444 δοκοῦν
682 2392 782 2461 τῆς
811 2392 1016 2463 τροφῆς
1041 2391 1435 2463 ἀπογεύσηται,
1462 2394 1719 2465 κάκείνης
1741 2396 1880 2447 ἀπο-

195 2478 634 2548 στερηθήσεται,
695 2480 789 2532 καὶ
838 2481 957 2533 οὐδὲ
997 2480 1094 2551 τὴν
1144 2482 1455 2552 ὡρισμένην
1497 2481 1628 2547 ἕξει,
1664 2482 1885 2552 πληγὰς

194 2565 383 2619 λαϐὼν
409 2568 533 2619 ἀντὶ
559 2567 660 2637 τῆς
692 2570 897 2639 τροφῆς
920 2586 933 2599 ο
954 2570 1019 2622 σὺ
1051 2570 1109 2623 δὲ
1137 2570 1257 2622 οὐδὲ
1278 2569 1434 2624 τοῦτο
1467 2571 1692 2624 δύνασαι
1725 2572 1875 2635 ἰδεῖν,

194 2656 295 2709 καὶ
332 2656 474 2726 ὅπερ
506 2656 614 2708 ἀπὸ
667 2656 765 2726 τῆς
795 2657 1079 2727 συνηθείας
1118 2657 1320 2727 ἔμαθεν
1354 2660 1593 2723 ἐκεῖνος,
1623 2660 1781 2713 τοῦτο
1810 2662 1875 2713 σὺ

193 2744 306 2796 ἀπὸ
328 2743 494 2811 λόγου
523 2744 584 2796 οὐ
609 2743 912 2813 κατορθοῖς.
944 2744 1328 2816 Μιμησώμεθα
1352 2747 1477 2810 τοὺς
1501 2747 1685 2810 κύνας.
1705 2746 1875 2800 Τοῦτο

194 2830 445 2898 λέγονται
485 2829 582 2885 καὶ
612 2830 829 2901 ἱέρακες
868 2833 1040 2884 ποιεῖν
1082 2833 1176 2884 καὶ
1212 2832 1379 2887 ἀετοί.
1429 2834 1607 2904 Ὅπερ
1638 2834 1729 2886 ἐπὶ
1766 2833 1872 2887 τῶν

195 2918 456 2986 ἀλόγωνο
510 2918 603 2971 καὶ
656 2918 765 2971 τῶν
818 2919 1093 2990 δορκάδων
1144 2921 1361 2982 ἐκεῖνοι,
1408 2920 1565 2973 τοῦτο
1618 2921 1711 2974 ἐπὶ
1764 2920 1873 2974 τῶν

193 3008 429 3079 ὀρνίθων
482 3000 667 3060 οῦτοι⁸
730 3008 823 3061 καὶ
876 3001 1023 3061 οῦτοι
1077 3008 1134 3060 δὲ
1186 3008 1347 3060 πάλιν
1401 3009 1508 3061 ἀπὸ
1557 3008 1873 3078 φιλοσοφίας

193 3098 570 3167 ἀνθρωπίνης.
638 3095 822 3151 Ταῦτα
878 3098 1025 3167 ἡμᾶς
1076 3096 1433 3150 καταδικάσαι
1496 3097 1644 3168 ἔχει,
1701 3096 1873 3151 ταῦτα

194 3187 344 3254 ἡμᾶς
384 3183 549 3237 ἑλεῖν.
585 3184 738 3237 Εἴπω
766 3184 860 3237 καὶ
882 3184 1068 3255 ἕτερον
1088 3223 1102 3245 ,
1156 3184 1354 3245 ἵππους
1381 3183 1610 3254 ἀγρίους
1638 3184 1733 3236 καὶ
1776 3186 1871 3237 ἀν-

191 3273 442 3341 ημέρους
471 3270 748 3334 λαϐόντες,
772 3270 1123 3335 λακτίζοντας
1140 3272 1232 3324 καὶ
1261 3271 1574 3333 δάκνοντας,
1602 3272 1659 3323 ἐν
1681 3273 1875 3343 βραχεῖ

192 3360 373 3430 χρόνῳ
401 3358 546 3412 οὕτω
581 3358 923 3412 παιδεύουσιν
960 3360 1009 3411 οἱ
1056 3358 1334 3429 ἔμπειροι,
1369 3357 1443 3422 ώς
1468 3359 1558 3411 τὸν
1603 3359 1872 3429 ἐπιϐάτην

194 3448 409 3517 τρυφᾷν
451 3445 544 3498 τὸν
582 3445 985 3518 ἐπικαθήμενον
1029 3446 1108 3517 τῷ
1152 3446 1252 3515 τῆς
1282 3446 1543 3515 βαδίσεως
1587 3449 1868 3517 εύτάκτῳ·

193 3536 289 3605 τῆς
332 3535 394 3589 δέ
434 3534 615 3605 ψυχῆς
670 3536 882 3589 ἄτακτα
934 3534 1255 3605 βαδιζούσης
1299 3535 1473 3598 οὐδεὶς
1508 3536 1867 3606 ἐπιμελεῖται,

192 3625 326 3679 ἀλλά
348 3625 447 3676 καὶ
476 3623 621 3693 πηδᾷ
648 3623 744 3675 καὶ
771 3622 1015 3687 λακτίζει
1039 3624 1133 3676 καὶ
1167 3623 1390 3694 σύρεται
1413 3625 1587 3693 χαμαὶ
1615 3625 1869 3697 καθάπερ

192 3714 428 3776 παιδίον,
463 3714 559 3765 καὶ
590 3713 893 3782 ἀσχημονεῖ
927 3712 1115 3782 μυρία,
1150 3715 1244 3766 καὶ
1271 3712 1446 3774 οὐδεὶς
1482 3714 1616 3784 αύτῇ
1641 3714 1871 3783 ψαλίδας

193 3800 540 3871 περιτίθησιν
567 3800 688 3854 οὐδὲ
724 3800 1062 3871 ποδόστροφα
1082 3800 1201 3853 οὐδὲ
1239 3800 1511 3869 χαλινοὺς,
1542 3800 1652 3853 οὐδ’
1675 3803 1871 3855 ἐπικα-

194 3890 327 3954 θίζει
358 3890 454 3943 τὸν
484 3889 746 3959 ἔμπειρον
775 3888 1061 3958 ἐπιϐάτην,
1092 3887 1182 3941 τὸν
1211 3887 1444 3959 Χριστὸν
1471 3887 1631 3956 λέγω.
1664 3890 1763 3944 Διά
1786 3907 1869 3943 τοι

192 3980 347 4033 τοῦτο
378 3978 561 4031 πάντα
590 3978 703 4031 ἀνω
740 3976 834 4029 καὶ
862 3976 1011 4028 κάτω
1038 3975 1281 4044 γέγονεν.
1317 3976 1481 4029 Ὅταν
1500 3974 1610 4048 γὰρ
1644 3977 1739 4030 καὶ
1767 3996 1869 4047 γα-

193 4069 351 4139 στρὸς
379 4068 606 4139 κρατεῖν
637 4064 808 4128 κύνας
829 4063 1111 4136 παιδεύῃς,
1146 4065 1239 4117 καὶ
1267 4064 1435 4135 θυμὸν
1470 4065 1529 4119 ἐν
1565 4065 1737 4119 λέοντι
1772 4066 1865 4120 δα-

193 4157 396 4228 μαζῃς,
426 4155 524 4207 καὶ⁸
557 4151 781 4217 ἀταξίαν
800 4153 859 4204 ἐν
881 4153 1087 4216 ἵπποις,
1118 4153 1212 4205 καὶ
1238 4152 1567 4220 εύγλωττίαν
1589 4155 1648 4207 ἐν
1667 4154 1860 4225 ὄρνισι,

190 4242 302 4303 πῶς
340 4240 445 4293 ούκ
468 4239 667 4293 ἄτοπον
695 4241 751 4291 ἐν
784 4238 883 4307 μὲν
914 4237 1129 4306 ἀλόγοις
1163 4237 1357 4307 φύσεσι
1389 4237 1580 4307 λογικά
1600 4240 1863 4295 ἐντιθέναι

188 4326 612 4398 κατορθώματα,
643 4326 701 4379 ἐν
729 4325 785 4378 δὲ
819 4324 1063 4393 λογικαῖς
1082 4325 1149 4378 τὰ
1177 4324 1286 4378 τῶν
1312 4324 1521 4394 ἀλόγων
1551 4328 1863 4396 ἐπεισάγειν

188 4418 369 4487 παθη;
425 4415 543 4467 Ούκ
576 4412 722 4466 εστιν
763 4415 914 4483 ἡμῖν,
968 4414 1067 4465 οὐκ
1110 4412 1225 4465 ἔστι
1278 4412 1597 4485 συγγνώμη.
1656 4416 1863 4479 Πάντες

187 4506 342 4575 ἡμῶν
373 4505 844 4577 κατηγορήσουσιν
871 4500 922 4553 οἱ
962 4499 1405 4571 κατωρθωκότες,
1436 4502 1529 4554 καὶ
1560 4504 1739 4555 πιστοὶ
1764 4505 1859 4557 καὶ

185 4595 403 4649 ἄπιστοι
425 4608 439 4621 ·
479 4591 573 4643 καὶ
605 4591 714 4659 γὰρ
744 4588 838 4641 καὶ
877 4588 1095 4642 ἄπιστοι
1126 4587 1494 4660 κατώρθωσαν
1516 4629 1531 4654 ,
1562 4591 1657 4644 καὶ
1694 4590 1859 4662 θηρία

185 4683 272 4734 καὶ
298 4680 486 4743 κύνες,
519 4677 621 4730 οὐκ
651 4675 927 4729 ἂνθρωποι
954 4677 1112 4746 μόνον
1131 4692 1147 4705 ι
1174 4677 1267 4729 καὶ
1297 4677 1454 4749 ἡμεῖς
1491 4677 1647 4751 ἡμῶν
1679 4679 1858 4731 αὐτῶν

186 4822 258 4934 sa.
280 4821 356 4932 {On
379 4831 499 4867 mss.
524 4815 816 4878 quibusdam
838 4815 894 4873 δή
915 4815 1061 4865 deest
1143 4814 1169 4857 b
1190 4814 1287 4863 Alii
1319 4815 1569 4878 ἀνώτεροι.

248 4899 294 4933 τι
320 4896 419 4932 lus.

248 4896 419 4933 unus.

1640 4821 1661 4847 "
1684 4822 1857 4881 Λαγῶν

1295 172 1361 227 ΙΝ
1396 173 1576 229 ACTA
1613 172 2146 231 APOS'I'OLORUM.
2170 173 2401 230 IIOMIL.
2438 172 2655 228 XXXV.

3544 169 3663 222 252

1991 290 2469 360 κατηγορήσομεν,
2514 290 2641 343 ὅταν
2695 286 2792 358 μὲν
2852 286 3187 358 βουλώμεθα,
3240 284 3653 359 κατορθοῦντες,

1988 377 2116 430 ὅταν
2163 377 2219 428 δὲ
2272 376 2624 447 ρᾳθυμῶμεν,
2677 375 3093 447 ὕποσυρόμενοι.
3136 375 3247 429 Καὶ
3291 374 3401 444 γὰρ
3454 373 3560 426 τῶν
3596 373 3655 424 ἐν

1992 466 2197 536 σφοδρᾷ
2229 465 2398 536 κακίᾳ
2446 466 2614 519 όντων
2649 464 2833 517 πολλοὶ
2873 464 3130 527 πολλάκις
3166 464 3488 533 θελήσαντες
3522 476 3655 530 μετ-

1988 553 2258 607 εϐάλοντο.
2296 553 2369 605 Τὸ
2394 553 2450 606 δὲ
2482 553 2674 615 αἴτιον,
2705 552 2839 622 ὅπερ
2862 552 3016 621 ἔφην,
3058 552 3140 603 ὃτι
3164 548 3563 621 περιερχόμεθα
3585 548 3654 599 τὰ
3686 552 3709 561 ’

1989 644 2191 713 ἐτέρων
2249 643 2603 712 συμφέροντα
2642 640 2963 711 ζητοῦντες,
3026 642 3086 693 οὐ
3134 639 3204 693 τὰ
3250 638 3513 709 ἡμέτερα.
3556 638 3655 689 “Av

1930 732 1933 735 ’
1986 728 2163 782 οἰκίαν
2211 729 2571 799 οίκοδομήσῃς
2616 727 2894 798 λαμπρὰν,
2924 726 2986 778 τὸ
3017 726 3117 795 τῆς
3159 726 3338 786 οἰκίας
3376 718 3654 793 συμφέρον

1987 811 2146 879 εἶδες,
2172 816 2233 868 οὑ
2258 815 2318 867 τὸ
2349 815 2440 867 σόν
2459 832 2475 845 ⁸
2504 815 2569 868 ἂν
2606 816 2817 885 ἱμάτιον
2846 814 3015 885 λάϐῃς
3045 812 3227 873 καλὸν,
3259 811 3318 865 τὸ
3338 808 3431 863 τοῦ
3468 807 3648 876 σώμα-
3707 836 3714 845 ο

1986 919 2099 965 τος,
2122 903 2181 956 οὔ
2210 903 2271 955 τὺ
2295 902 2385 954 σόν
2407 918 2421 934 ο
2458 901 2522 957 ἂν
2552 902 2716 954 ἵππον
2752 902 2938 963 καλὸν,
2971 899 3251 962 ὡσαύτως.
3283 896 3473 959 Οὐδεὶς
3506 896 3656 956 ὅπως
3708 916 3711 921 ·

1988 989 2141 1044 ἐσται
2172 990 2318 1060 ψυχὴ
2364 989 2501 1059 καλὴ
2542 992 2763 1042 σκοπεῖ’
2811 991 2986 1041 καίτοι
3019 987 3223 1053 ταύτης
3252 984 3418 1053 οὔσης
3458 982 3650 1051 καλῆς.

1985 1078 2195 1142 οὐδενὸς
2233 1079 2457 1131 ἐκείνων
2507 1078 2740 1131 δεῖοούκ
2788 1076 2952 1147 οὔσης
2980 1077 3055 1140 δὲ,
3110 1075 3265 1129 οὐδὲν
3320 1072 3379 1137 ἐξ
3430 1070 3652 1124 ἐκείνων

1984 1165 2191 1234 ὄφελος.
2223 1166 2488 1234 Καθάπερ
2520 1165 2628 1234 γὰρ
2675 1165 2764 1217 ἐπὶ
2809 1164 3056 1234 νύμφης,
3086 1161 3186 1215 κᾶν
3222 1158 3491 1220 παστάδες
3520 1150 3654 1209 ὦσιν

1985 1256 2048 1307 ἐκ
2069 1253 2581 1324 παραπετασμάτων
2612 1253 2849 1323 χρυσῶν,
2888 1252 2993 1305 κᾶν
3042 1249 3193 1321 χοροὶ
3230 1243 3332 1301 ὦσι
3378 1243 3654 1313 γυναικῶν

1984 1341 2368 1395 εὐειδεστάτων
2398 1341 2492 1395 καὶ
2520 1340 2720 1405 καλῶν,
2758 1339 2859 1393 κᾶν
2898 1339 3026 1411 ῥόδα
3073 1337 3177 1391 κᾶν
3209 1334 3517 1404 στέμματα,
3549 1330 3656 1384 κᾶν

1985 1430 2013 1481 ό
2036 1428 2269 1499 νυμφίος
2295 1427 2457 1492 καλὸς
2488 1423 2544 1503 ᾖ,
2566 1428 2671 1482 κᾶν
2704 1429 2758 1480 αί
2782 1426 3109 1497 θεράπαιναι
3137 1424 3242 1477 κᾶν
3273 1423 3329 1476 αἱ
3360 1421 3510 1491 φίλαι
3548 1418 3669 1503 κᾶν

1988 1517 2187 1580 πάντες
2216 1501 2511 1586 εὐπρεπεῖς
2553 1510 2720 1577 ὦσιν,
2758 1513 2908 1586 [268]
2967 1512 3146 1582 ἐκείνη
3201 1510 3256 1563 δὲ
3296 1507 3570 1580 ἀμορφίας

1989 1604 2181 1675 μεστὴ,
2208 1604 2398 1673 ὄφελος
2418 1604 2600 1657 οὐδέν’
2632 1603 2820 1673 ὥσπερ
2848 1598 2940 1655 οῦν
2972 1600 3093 1655 οὐδὲ
3128 1599 3299 1665 καλῆς
3339 1595 3503 1663 οὔσης
3534 1591 3655 1663 βλά-

1985 1692 2077 1754 ϐος
2098 1709 2151 1744 τι
2178 1692 2372 1761 γένοιτ’
2402 1691 2468 1745 ἂν
2498 1692 2605 1744 ἀπὸ
2626 1690 2852 1756 τούτων,
2884 1688 3020 1743 ἀλλά
3046 1688 3141 1741 καὶ
3164 1684 3490 1740 τούναντίον.
3522 1681 3657 1733 Ἀπὸ

1988 1780 2084 1850 μὲν
2114 1779 2222 1850 γάρ
2244 1779 2464 1833 ἐκείνων
2487 1779 2735 1850 ἀμόρφου
2757 1778 2943 1842 οὔσης,
2966 1774 3319 1847 ἀμορφοτέρα
3335 1772 3401 1826 ἂν
3424 1771 3615 1840 φανείη
3636 1786 3648 1798 ·

1984 1866 2092 1919 ἀπὸ
2142 1867 2198 1919 δὲ
2244 1866 2448 1920 τούτων
2494 1866 2799 1937 ώραιοτέρα
2849 1864 2914 1918 ἂν
2963 1865 3192 1932 γένοιτο.
3248 1861 3403 1915 Οῦτω
3437 1858 3502 1928 δὴ
3560 1857 3689 1941 καῖ

1982 1953 2159 2024 ψυχὴ,
2200 1956 2325 2008 ὅταν
2455 1954 2625 2024 καλὴ,
2656 1953 2717 2005 ού
2767 1953 2927 2023 μόνον
2959 1951 3170 2013 οὐδενὸς
3217 1950 3390 2002 δεῖται
3424 1945 3649 2006 τούτων,

1982 2042 2117 2095 ἀλλά
2144 2043 2236 2094 καὶ
2266 2042 2546 2104 συσκιάζει
2572 2042 2634 2095 τὸ
2655 2041 2848 2103 κάλλος
2874 2041 3064 2110 αὐτῆς.
3097 2038 3206 2091 Τὸν
3229 2036 3338 2105 γάρ
3365 2032 3653 2101 φιλόσοφον

1981 2129 2078 2197 οὔχ
2106 2128 2279 2192 οὔτως
2304 2131 2360 2182 ἐν
2395 2128 2632 2198 πλούτῳ,
2678 2129 2753 2191 ὡς
2781 2130 2838 2180 ἐν
2872 2128 3031 2195 πενίᾳ
3077 2123 3317 2193 ὀψόμεθα
3343 2121 3646 2190 λάμποντα.

1995 2216 2141 2269 Ἐκεῖ
2188 2217 2286 2286 μὲν
2314 2216 2427 2285 γὰρ.
2464 2220 2575 2280 τοῖς
2608 2216 2868 2286 χρήμασι.
2888 2214 3047 2267 τοῦτο
3084 2211 3269 2265 πολλοὶ
3307 2208 3647 2276 λογιοῦνται,

1982 2309 2075 2363 καὶ
2104 2308 2181 2379 τῷ
2218 2310 2292 2379 μὴ
2322 2308 2477 2361 ἐνδεᾶ
2513 2308 2810 2378 χρημάτων
2849 2300 3017 2357 εἶναι·
3047 2304 3174 2355 ὅταν
3204 2301 3260 2354 δὲ
3287 2298 3448 2369 πενίᾳ
3490 2295 3648 2366 συζῇ,

1979 2400 2074 2453 καὶ
2094 2399 2183 2452 διά
2218 2400 2436 2453 πάντων
2457 2399 2668 2468 λάμπῃ,
2696 2397 2792 2449 καὶ
2825 2395 2991 2465 μηδὲν
3022 2391 3244 2463 αἰσχρὸν
3274 2386 3655 2456 ἀναγκάζηται

1979 2490 2172 2549 ποιεῖν,
2200 2488 2300 2540 οὐκ
2326 2486 2578 2548 ἐτιᾶλλος
2605 2502 2683 2548 τις
2715 2484 3026 2552 διανέμεται
3067 2481 3203 2551 πρὸς
3247 2476 3409 2532 αὐτὸν
3438 2476 3529 2529 τὸν
3554 2473 3649 2526 ἐπὶ

1977 2578 2042 2646 τῇ
2073 2575 2360 2643 φιλοσοφίᾳ
2376 2575 2657 2643 στέφανον.

2049 2662 2266 2733 Ταύτην
2321 2659 2411 2716 οῦν
2462 2660 2911 2731 καλλωπίζωμεν,
2944 2660 2995 2712 εί
3020 2675 3085 2727 γε
3127 2653 3452 2727 βουλοίμεθα
3485 2651 3649 2705 πλου-

1977 2755 2110 2805 τεῖν.
2142 2753 2206 2804 Τί
2238 2751 2297 2805 τὸ
2324 2751 2533 2819 ὄφελος,
2556 2752 2684 2805 ὅταν
2707 2751 2763 2801 αἱ
2805 2748 2902 2818 μὲν
2938 2746 3151 2817 ἡμίονοι
3190 2742 3383 2796 λευκαὶ
3423 2740 3525 2795 ὦσι
3551 2741 3671 2793 καὶ·

1975 2840 2283 2909 σφριγῶσαι
2300 2840 2396 2893 καὶ
2428 2837 2863 2907 εὑσωματοῦσαι,
2892 2838 2956 2888 σὺ
2980 2836 3037 2888 δὲ
3062 2835 3090 2888 ό
3118 2833 3425 2904 καθήμενος
3451 2829 3649 2893 λεπτὸς

1974 2928 2069 2982 καὶ
2094 2928 2375 2998 ψωραλέος
2404 2929 2509 2981 καὶ
2531 2928 2818 2997 δυσειδής;
2852 2926 2901 2978 τί
2942 2925 3027 2978 δαὶ
3070 2923 3129 2977 τὸ
3155 2922 3343 2995 κέρδος
3367 2964 3382 2987 ,
3419 2921 3547 2989 ὅταν
3578 2920 3663 2971 τὰν

1977 3017 2077 3087 μὲν
2103 3016 2396 3087 στρώματα
2431 3016 2617 3070 ἁπαλά
2647 3017 2738 3068 καὶ
2763 3014 2905 3067 καλά
2936 3010 2992 3084 ᾗ,
3022 3013 3118 3066 καὶ
3141 3010 3343 3080 πολλῆς
3374 3007 3648 3070 ποικιλίας

1973 3102 2211 3174 γέμοντα
2243 3104 2336 3157 καὶ
2384 3102 2663 3173 τέχνης,ή
2711 3102 2769 3155 δὲ
2814 3101 2961 3171 ψυχὴ
2993 3101 3159 3171 ῥάκια
3208 3096 3653 3169 περιϐεϐλημένη

1971 3187 2004 3265 ᾗ
2046 3194 2141 3246 καὶ
2194 3192 2373 3263 γυμνὴ
2413 3193 2506 3246 καὶ
2551 3192 2781 3263 αἰσχρός
2825 3190 2878 3242 τί
2927 3190 2987 3241 τὸ
3034 3188 3247 3260 κέρδος,
3303 3188 3430 3240 ὅταν
3480 3188 3510 3237 ὁ
3547 3185 3649 3255 μὲν

1972 3281 2139 3344 ἵππος
2166 3280 2404 3333 εὔτακτα
2428 3278 2641 3350 βαδίζῃ,
2691 3280 2786 3332 καὶ
2821 3276 3100 3349 χορεύοντι
3157 3276 3358 3346 μᾶλλον
3388 3273 3582 3337 ἐοικὼς
3611 3273 3648 3343 ἦ

1973 3367 2257 3440 βαδίζοντι,
2288 3368 2385 3421 καὶ
2413 3368 2549 3438 μετά
2572 3369 2671 3437 τῆς
2704 3366 2917 3437 χορείας
2953 3364 3143 3433 κόσμῳ
3170 3377 3194 3403 ιι
3230 3362 3647 3432 κεκοσμημένος

1968 3452 2002 3531 ᾖ
2024 3455 2298 3527 νυμφικῷο
2323 3458 2350 3510 ὁ
2370 3456 2425 3509 δὲ
2455 3456 2860 3525 ἐπικαθήμενος
2882 3452 2988 3505 τῶν
3016 3451 3206 3522 χωλῶν
3240 3451 3440 3522 μᾶλλον
3468 3451 3648 3502 ἀσκω-

1969 3544 2149 3615 λιάζῃ,
2180 3544 2274 3596 καὶ
2306 3544 2413 3597 τῶν
2468 3543 2775 3614 μεθυόντων
2807 3543 2900 3595 καὶ
2932 3541 3038 3595 τῶν
3079 3537 3419 3610 μαινομένων
3449 3536 3667 3606 μᾶλλον-

1967 3631 2396 3703 διεστραμμένος
2488 3633 2581 3685 καὶ
2610 3634 2799 3702 χεῖρας
2842 3631 2937 3683 καὶ
2987 3629 3191 3692 πόδαςς
3242 3626 3375 3680 Εἰπὲ
3415 3626 3479 3697 δή
3532 3642 3644 3694 μοι,

1967 3720 2021 3772 εἴ
2049 3721 2130 3783 τίς
2159 3737 2238 3773 σοι
2284 3720 2446 3772 ἵππον
2484 3720 2655 3773 ἐδίδου
2686 3719 2872 3782 καλὸν,
2906 3718 3001 3769 καὶ
3046 3718 3105 3770 τὸ
3133 3715 3291 3785 σῶμα
3333 3714 3646 3785 διέστρεφε,

1966 3807 2019 3864 τί
2068 3809 2128 3861 τὸ
2178 3808 2404 3878 ὄφελος;
2455 3806 2569 3860 Νῦν
2620 3806 2797 3877 ψυχὴν
2855 3804 3291 3875 διεστραμμένην
3325 3802 3491 3872 ἔχεις,
3549 3801 3645 3855 καὶ

1966 3895 2117 3948 οὐδέν
2143 3912 2223 3948 σοι
2261 3895 2444 3965 μέλει;
2482 3894 2863 3965 Φροντίσωμεν
2892 3892 3047 3960 ἡμῶν
3068 3890 3246 3945 αὐτῶν
3274 3907 3427 3955 ποτε,
3470 3906 3643 3958 παρα-

1967 3982 2136 4037 καλῶ.
2166 3983 2259 4054 Μὴ
2286 3982 2351 4053 δὴ
2381 3982 2600 4036 πάντων
2642 3982 2996 4051 ἀτιμοτέρους
3039 3981 3184 4047 ἡμᾶς
3227 3978 3424 4040 αὐτοὺς
3470 3994 3644 4031 κατα-

1971 4072 2262 4142 στήσομεν.
2293 4069 2411 4123 Κᾶν
2439 4070 2536 4140 μὲν
2567 4068 2775 4140 ῥήμασί
2829 4085 2914 4130 τις
2945 4067 3163 4137 ὑϐρίζῃ,
3204 4064 3515 4135 δακνόμεθα
3550 4067 3651 4120 καί

1970 4158 2269 4229 ἀλγοῦμεν·
2305 4156 2597 4227 πράγμασι
2646 4156 2702 4209 δὲ
2737 4157 2964 4219 ἑαυτοὺς
2995 4155 3326 4227 ὑϐρίζοντες,
3379 4156 3480 4208 οὐκ
3524 4155 3642 4206 ἐπι-

1970 4245 2329 4318 στρεφόμεθα.
2362 4243 2749 4315 Ἀνανήψωμεν
2792 4244 2890 4313 ὀψὲ
2937 4242 3066 4311 γοῦν
3102 4259 3253 4305 ποτε,
3288 4242 3375 4295 ἵνα
3410 4240 3642 4311 δυνηθῶ-

1970 4358 2089 4411 μεν,
2118 4338 2335 4408 καὶτῆς
2367 4337 2544 4408 ψυχῆς
2573 4336 2774 4405 πολλὴν
2808 4334 2905 4405 τὴν
2938 4334 3258 4403 ἐπιμέλειαν
3297 4331 3669 4402 ποιούμενοι,,

1968 4430 2063 4482 καὶ
2095 4429 2192 4497 τῆς
2220 4427 2420 4497 ἀρετῆς
2446 4423 2849 4495 ἐπιλαϐόμενοι,
2882 4423 2990 4475 τῶν
3012 4423 3245 4475 αἰωνίων
3274 4423 3457 4491 τυχεῖν
3502 4420 3639 4488 ἀγα-

1967 4515 2094 4577 θῶν,
2124 4516 2306 4585 χάριτι
2339 4513 2437 4567 καὶ
2460 4511 2838 4583 φιλανθρωπίᾳ
2882 4510 2974 4563 τοῦ
3020 4512 3225 4580 Κυρίου
3277 4508 3431 4578 ἡμῶν
3463 4507 3639 4577 Ἰησοῦ

1966 4600 2224 4669 Χριστοῦ,
2275 4599 2393 4669 μεθῗ
2428 4594 2488 4655 οὗ
2531 4598 2609 4669 τῷ
2642 4599 2823 4669 Πατρὶ
2871 4598 2987 4667 ὅιμα
3026 4597 3104 4666 τῷ
3140 4596 3281 4666 ἁγίῳ
3334 4594 3649 4664 Πνεύματιν

1964 4688 2112 4754 δόξα,
2134 4688 2353 4755 κράτος,
2380 4686 2531 4756 τιμὴ,
2560 4686 2654 4739 νῦν
2676 4687 2770 4739 καὶ
2796 4686 2903 4750 ἀεὶ,
2933 4684 3025 4737 καὶ
3048 4685 3126 4744 εἰς
3153 4683 3278 4746 τοὺς
3299 4682 3653 4745 αἰῶναςκτῶν,

1966 4775 2197 4829 αἰώνων.
2223 4777 2417 4845 ’Δμήν

2025 4866 2055 4895 ⁸
2093 4865 2191 4913 Alli
2217 4865 2335 4912 αετά
2357 4869 2440 4921 τῆς
2463 4862 2674 4927 πορείας,
2690 4862 2771 4909 καὶ
2792 4861 2979 4923 κόσμῳ.

1764 5244 2005 5297 omum
2042 5244 2167 5311 Λετ.

183 5368 253 5435 Τῇ
280 5367 349 5420 δὲ
384 5364 576 5434 ἡμέρᾳ
606 5361 724 5416 τῶν
760 5360 1071 5435 σαϐϐάτων
1088 5362 1424 5435 ἐξήλθομεν
1452 5363 1567 5427 ἔξω
1588 5362 1700 5430 τῆς
1728 5364 1836 5435 ad.

235 5427 387 5502 ξιεως
411 5427 625 5501 ‘z'apa
698 5432 986 5499 ποταμὸν,
1045 5427 1116 5486 οὗ
1172 5427 1465 5501 ἐνομίζετο
1523 5427 1835 5502 προσευχὴ

236 5506 430 5567 εἶναι.
482 5504 581 5557 καὶ
628 5504 985 5567 καθίσαντες
1044 5503 1379 5571 ἐλαλοῦμεν
1434 5503 1561 5569 ταῖς
1604 5508 1838 5557 συνελ-

236 5580 489 5639 θούσαις
539 5574 798 5643 γυναιξί.
846 5574 954 5626 Καί
988 5589 1077 5637 τις
1118 5574 1291 5642 γυνὴ.
1337 5576 1579 5642 ὀνόματι
1625 5574 1833 5635 Λυδία,

237 5645 741 5715 πορφυρόπωλις,
803 5646 1035 5703 πόλεως
1106 5646 1472 5710 Θυατείρων,
1543 5643 1835 5712 σεϐομένη

237 5719 338 5771 τὸν
396 5714 567 5777 Θεὸν,
619 5714 924 5782 ἤκουσεν·
983 5710 1059 5782 ἧς
1110 5718 1143 5767 ό
1204 5716 1417 5782 Κύριος
1474 5714 1679 5782 ἤνοιξε
1726 5714 1838 5781 τὴν

237 5734 338 5771 τον
396 5734 567 5777 δεον,
619 5734 924 5782 ηκουσεν·
983 5734 1059 5783 ης
1110 5734 1142 5767 Ο
1204 5734 1417 5782 ιιυριος
1474 5734 1679 5783 τινοιζε
1726 5734 1836 5781 την

236 5787 491 5910 κίιμὸέαν
547 5786 868 5853 προσέχειν
922 5786 1043 5851 τοῖς
1095 5785 1490 5855 λαλουμένοις
1548 5785 1666 5839 ὑπὸ
1729 5785 1836 5840 τοῦ

240 5861 379 5915 Hal}.
411 5872 502 5911 ου.

288 5872 440 5913 ωηο
450 5875 483 5909 ν
496 5905 502 5911 .

2017 5369 2085 5415 α’.
2123 5364 2265 5432 Ὂρα
2296 5363 2455 5417 πάλιν
2504 5363 2835 5429 ίουδαῒζοντα
2873 5362 2965 5417 τὸν
3003 5361 3233 5426 Παῦλον,
3270 5362 3363 5413 καὶ
3395 5359 3501 5413 ἀπὸ
3529 5360 3623 5415 τοῦ

1946 5440 2139 5511 καιροῦ
2192 5442 2287 5494 καὶ
2343 5443 2451 5496 ἀπὸ
2505 5443 2599 5496 τοῦ
2666 5444 2892 5514 τρόπου.
2957 5438 3038 5497 Οὔ
3093 5440 3409 5509 ἐνομίζετο,
3463 5441 3618 5508 φησὶ,

1945 5524 2217 5593 προσευχὴ
2267 5518 2425 5577 εἶναι.
2462 5526 2536 5578 Οὐ
2578 5524 2685 5598 γὰρ
2736 5525 2800 5598 δὴ
2850 5525 2976 5579 ἔνθα
3022 5520 3310 5592 συναγωγὴ
3343 5515 3409 5590 ἦν
3437 5520 3619 5589 μόνον.

1943 5600 2080 5654 ἀλλά
2108 5602 2201 5654 καὶ
2233 5601 2338 5668 ἐξω
2368 5602 2616 5676 ηὔχοντο,
2669 5606 2861 5677 ῶσπερ
2890 5605 3052 5657 τόπον
3084 5601 3207 5655 τινὰ
3245 5598 3613 5670 ἀφορίζοντες,

1943 5689 2037 5743 ἆτε
2075 5690 2520 5764 σωματικώτεροι
2551 5694 2701 5758 ὄντες
2732 5694 2994 5747 Ἰουδαῖοι.
3044 5688 3123 5758 Τῇ
3160 5687 3348 5757 ἡμέρᾳ
3380 5685 3451 5738 δὲ
3496 5686 3627 5741 τῶν

1945 5767 2276 5833 σαϐϐάτων,
2306 5770 2393 5823 ὅτε
2425 5774 2517 5827 καὶ
2538 5773 2692 5842 ὄχλον
2726 5774 2873 5835 εἰκὸς
2905 5770 2971 5843 ἧν
2993 5769 3283 5824 συνελθεῖν.
3308 5765 3463 5837 1269]
3493 5767 3635 5822 Kal;

1948 5848 2307 5917 καθίσαντες
2333 5851 2671 5924 ἐλαλοῦμεν
2709 5854 2835 5920 ταῖς
2859 5853 3304 5918 συνελθούσαις
3336 5847 3615 5919 ruralia.
