4100 6354
412 290 520 347 ςόδ

408 412 522 466 Καί
545 429 636 476 τις
658 411 816 482 γυνὴ
837 414 1080 484 ὀνόματι
1100 416 1310 483 Λυδία,
1340 422 1823 488 πορφυρόπωλις,
1846 422 2079 489 πόλεως

411 502 770 569 Θυατείρων,
822 503 1119 573 σεϐομένη
1176 507 1282 559 τὸν
1343 506 1509 572 Θεὸν,
1566 508 1835 577 ἤκουσεν
1859 527 1874 544 ·
1920 506 1995 581 ἧς
2045 514 2079 566 ὁ

408 593 624 661 Κύριος
678 593 945 661 διήνοιξε
983 593 1098 660 τὴν
1138 595 1391 663 καρδίαν
1428 598 1753 667 προσέχειν
1790 598 1915 665 τοῖς
1969 602 2079 653 Ja-

406 681 729 748 λουμένοις
772 682 891 736 ὑπὸ
932 682 1037 736 τοῦ
1077 683 1342 737 Παύλου.
1385 683 1528 754 Ὅρα
1572 683 1634 737 τὸ
1660 684 1865 756 ἄτυφον
1894 685 2077 740 πάλιν.

407 766 550 834 Γυνὴ
579 768 673 821 καὶ
701 768 931 839 ταπεινὴ
966 767 1125 839 αῦτη,
1158 769 1255 821 καλ⁷
1271 768 1427 841 δῆλον
1455 770 1564 824 ἀπὸ
1596 772 1693 843 τῆς
1711 773 1936 843 τέχνης·
1963 772 2079 826 ἀλλ’

405 855 509 925 ὅρα
543 855 605 908 τὸ
637 856 924 925 φιλόσοφον
956 856 1147 927 αὐτῆς.
1183 857 1408 930 Πρῶτον
1460 860 1558 930 μὲν
1593 860 1700 932 γάρ
1732 861 1870 932 αὐτῇ
1903 860 2078 933 ἐμαρ-

403 946 608 1016 τύρησε
638 944 814 1006 τοῦτο,
844 945 903 998 τὸ
936 944 1189 999 σέϐεσθαι
1226 947 1318 1001 τὸν
1343 947 1497 1015 Θεὸν,
1528 948 1719 1003 ἔπειτα
1761 949 1824 1002 τὸ
1853 948 2079 1003 καλέσαι

402 1035 529 1096 τοὺς
548 1033 879 1097 ἀποστόλους
908 1035 1097 1106 αὐτήν.
1133 1036 1231 1101 Ὠς
1267 1035 1336 1089 δὲ
1366 1036 1693 1104 ἐϐαπτίσθη
1724 1038 1879 1106 αὐτὴ
1919 1038 2015 1091 καί
2045 1040 2079 1092 ὁ

401 1118 567 1187 οἶκος
600 1122 813 1189 αὐτῆς,
852 1122 1232 1190 παρεκάλεσε
1258 1124 1555 1194 λέγουσα’
1598 1125 1804 1192 Κύριοι
1847 1143 1986 1194 μου,
2025 1127 2078 1179 εί

402 1210 714 1278 κεκρίκατέ
746 1228 825 1279 με
854 1212 1083 1279 πιστὴν
1121 1213 1202 1278 τῷ
1241 1214 1433 1280 Κυρίῳ
1483 1209 1657 1277 εἶναι,
1696 1215 2077 1281 εἰσελθόντες

400 1302 487 1364 εὶς
508 1298 615 1353 τὸν
652 1295 823 1352 οἶκόν
849 1318 969 1368 μου
1007 1301 1270 1369 μείνατε.
1304 1300 1414 1353 Καὶ
1446 1300 1847 1369 παρεϐιάσατο
1896 1301 2073 1370 ἡμᾶς.

411 1387 509 1452 Ὧς
545 1388 614 1440 δέ
638 1388 995 1455 ἐϐαπτίσθη,
1042 1390 1228 1458 φησὶν,
1266 1388 1420 1457 αὐτὴ
1469 1388 1567 1443 καὶ
1597 1391 1635 1457 ἠ
1670 1390 1826 1443 οίκία
1863 1389 2072 1459 αὐτῆς.

400 1476 599 1528 Σκόπει
620 1476 737 1538 πῶς
771 1476 1017 1540 ἅπαντας
1043 1476 1227 1530 ἔπεισε
1247 1494 1260 1509 ·
1319 1473 1437 1531 εἶτα
1470 1477 1635 1548 βλέπε
1684 1477 1922 1541 σύνεσιν,
1958 1478 2075 1542 πῶς

399 1563 641 1617 δυσωπεῖ
687 1568 814 1628 τοὺς
866 1565 1220 1630 ἀποστόλους,
1270 1566 1443 1638 πόσης
1496 1568 1881 1639 ταπεινότητος
1914 1569 2074 1638 γέμει

397 1652 468 1705 τά
503 1653 743 1724 ῥήματα,
799 1653 973 1724 πόσης
1025 1655 1237 1721 σοφίας.
1291 1657 1359 1708 El
1410 1655 1720 1725 κεκρίκατέ
1756 1673 1855 1726 με,
1916 1658 2070 1725 φησὶ,

397 1740 628 1807 πιστὴν
662 1738 745 1806 τῷ
783 1740 996 1808 Κυρίῳ.
1030 1742 1195 1794 Οὐδὲν
1218 1743 1779 1814 ἐντρεπτικώτερονι.
1812 1744 1945 1798 Τίνα
1972 1744 2073 1797 ούκ

396 1828 464 1883 ἂν
495 1830 732 1908 ἐμάλαξε
766 1829 935 1884 ταῦτα
982 1829 1051 1883 τά
1099 1831 1355 1901 ρήματα;
1392 1833 1505 1886 Οὐκ
1548 1832 1799 1901 ἠξίωσεν,
1838 1833 1899 1884 ού
1932 1849 2064 1901 παρ-

397 1918 655 1972 ἐκάλεσεν
702 1917 908 1981 ἁπλῶς,
965 1919 1063 1973 οὐκ
1108 1918 1285 1990 ἀφῆκε
1337 1918 1559 1990 κυρίους
1603 1916 1764 1983 εἶναι,
1810 1919 1946 1974 ἀλλά
1975 1922 2072 1976 καὶ

395 2002 674 2072 ἠνάγκασε
726 2000 1002 2071 σφοδρῶς·
1042 2001 1199 2055 τοῦτο
1244 2003 1351 2072 γάρ
1398 2004 1513 2055 ἐστι
1537 2002 1622 2067 τὸ,
1665 2004 2071 2072 Παρεϐιὰσατο

395 2098 581 2167 ἡμᾶς·
619 2098 886 2162 τουτέστι,
909 2098 1120 2163 τούτοις
1139 2102 1251 2163 τοίς
1280 2100 1537 2169 ῥήμασιν.
1558 2099 1700 2170 Ὅρα
1723 2100 1839 2164 πῶς
1868 2100 2071 2167 εὐθέως

396 2191 756 2259 καρποφορεῖ,
798 2188 892 2241 καὶ
927 2187 1118 2258 κέρδος
1149 2191 1358 2257 ἡγεῖται
1393 2187 1534 2256 μέγα
1571 2188 1668 2259 τὴν
1707 2189 1918 2260 κλῆσιν.
1949 2190 2069 2244 Ὀτι

396 2271 451 2328 Ξὲ
485 2272 680 2341 πιστὴν
706 2273 977 2342 ἐκρίνατε,
1007 2271 1167 2341 δῆλον
1196 2272 1260 2323 ἐκ
1279 2270 1371 2323 τοῦ
1396 2271 1697 2342 ἐγχειρίσαι
1722 2290 1812 2343 μοι
1842 2273 2070 2329 τοιαῦτα

397 2356 691 2425 μυστήρια,
727 2356 829 2409 οὐκ
855 2354 921 2409 ἀν
961 2355 1384 2426 ἐγχειρίσαντες,
1414 2356 1464 2407 εί
1497 2355 1573 2425 μὴ
1626 2355 1881 2427 τοιαύτην
1910 2358 2065 2430 ἐκρίο

391 2468 541 2505 νατε.
579 2452 688 2505 Καὶ
733 2453 834 2505 οὐκ
880 2452 1145 2523 ἐτόλμησε
1199 2449 1306 2520 πρὸ
1337 2450 1526 2505 τούτου
1552 2451 1798 2517 καλέσαι,
1845 2453 1960 2507 ἀλλ’
1978 2455 2067 2509 ὅτε

391 2535 697 2606 ἐϐαπτίσθη
719 2552 733 2566 ’
785 2535 942 2605 δῆλον
982 2535 1231 2589 ἐντεῦθεν
1265 2536 1515 2600 ποιοῦσα,
1546 2536 1627 2588 ὃτι
1662 2536 1761 2590 οὐκ
1798 2537 1864 2591 ἂν
1891 2538 2067 2604 ἄλλως

392 2619 600 2673 ἔπεισε.
633 2621 733 2672 Δια
782 2620 836 2673 τί
882 2620 940 2675 δὲ
984 2621 1083 2674 οῦκ
1119 2619 1400 2673 ἐϐούλοντο
1427 2620 1476 2674 οἰ
1519 2621 1648 2690 περὶ
1692 2620 1926 2687 Παῦλον,
1950 2623 2065 2675 ἀλλ’

392 2708 646 2761 ἀνένευον
686 2707 827 2761 ὥστε
876 2708 969 2761 καὶ
1023 2707 1308 2778 βιασθῆναι
1348 2706 1585 2771 αύτούς;
1639 2708 1797 2761 Ἤτοι
1851 2709 2067 2780 ἐκείνην

390 2794 784 2865 ἐκκαλούμενοι
818 2796 898 2859 εἰς
939 2792 1164 2864 μείζονα
1202 2794 1550 2866 προθυμίαν’
1592 2794 1624 2866 ῆ
1677 2795 1868 2867 ἐπειδὴ
1913 2793 2067 2851 εἶπεν

388 2885 419 2937 6
465 2884 718 2955 Χριστὸς,
764 2885 868 2948 Είς
902 2881 983 2950 ἣν
1015 2882 1091 2936 ἂν
1124 2881 1306 2937 πόλιν
1349 2882 1680 2950 είσέλθητε,
1742 2884 1835 2951 τίς
1897 2885 2069 2939 ἐστιν

390 2970 560 3037 ἄξιος
582 2970 939 3040 ἐρωτήσατε,
970 2970 1068 3025 καί
1120 2970 1247 3024 ἐκεῖ
1268 2972 1531 3039 μείνατε.
1571 2973 1733 3026 Ὥστε
1773 2972 1951 3027 πάντα
1998 2974 2067 3028 δι’

389 3059 704 3128 οἰκονομίαν
770 3060 1006 3113 ἐποίουν.
1053 3060 1315 3129 Ἐγένετο
1346 3060 1413 3114 δὲ
1448 3061 1868 3130 πορευομένων
1898 3063 2068 3132 ἡμῶν

387 3149 479 3214 είς
519 3148 893 3217 προσευχὴν,
933 3149 1266 3216 παιδίσκην
1325 3149 1460 3203 τινὰ
1511 3151 1781 3218 ἔχουσαν
1831 3151 2069 3221 πνεῦμα

389 3242 664 3308 πύθωνος
691 3240 1037 3310 ἀπαντῆσαι
1076 3241 1239 3310 ἡμῖν,
1298 3240 1431 3307 ἥτις
1487 3242 1776 3312 ἐργασίαν
1826 3242 2068 3311 πολλὴν

390 3328 634 3398 παρεῖχε
657 3328 780 3393 τοῖς
797 3330 1025 3398 κυρίοις
1050 3327 1242 3397 αὐτῆς
1265 3329 1700 3399 μαντευομένη.
1736 3330 1899 3400 Αὕτη
1930 3347 2067 3384 κατ-

389 3418 868 3483 ακολουθήσασα
891 3416 970 3482 τῷ
985 3418 1202 3484 Παύλῳ
1222 3416 1320 3470 καὶ
1343 3416 1507 3485 ἡμῖν,
1530 3416 1732 3485 ἐκραζε
1755 3417 2024 3488 λέγουσα
2048 3435 2063 3452 ⁸

394 3505 569 3565 Οὗτοι
591 3513 643 3563 οὶ
665 3509 962 3576 ἄνθρωποι
991 3508 1198 3562 δοῦλοι
1220 3506 1325 3561 τοῦ
1362 3507 1508 3561 Θεοῦ
1532 3508 1637 3562 τοῦ
1667 3508 1961 3577 Ὑψίστου
1983 3512 2065 3563 εὶ-

388 3598 518 3662 σίν,
547 3597 764 3663 οἵτινες
790 3596 1307 3666 καταγγέλλουσιν
1321 3595 1466 3665 ἡμῖν
1494 3596 1638 3650 ὁδὸν
1658 3598 1975 3665 σωτηρίας.
2000 3597 2065 3650 Τί

390 3685 594 3756 δήποτε
614 3687 708 3738 καὶ
727 3688 753 3738 ό
768 3686 974 3757 δαίμων
990 3682 1167 3738 ταῦτα
1195 3684 1614 3755 ὲφθέγγετο,καὶ
1640 3686 1667 3737 6
1685 3684 1898 3747 Παῦλος
1924 3685 2064 3739 ἐκώ-

392 3775 553 3840 λυσε;
589 3777 857 3839 Κάκεῖνος
883 3773 1206 3845 κακούργως
1251 3774 1444 3836 ἐποίει,
1490 3774 1582 3827 καὶ
1600 3768 1756 3837 οὗτος
1791 3776 2062 3838 συνετῶς·

390 3865 639 3919 ἐϐούλετο
694 3866 803 3937 γὰρ
854 3863 928 3935 μὴ
986 3864 1297 3929 ἀξιόπιστον
1341 3863 1501 3917 αὑτὸν
1543 3867 1716 3919 ποιεῖν
1751 3866 1800 3918 δ.
1847 3866 1909 3919 Εἰ
1955 3864 2065 3937 γὰρ

390 3956 707 4025 προσήκατο
730 3952 895 4007 αὑτοῦ
933 3954 1033 4024 τὴν
1075 3952 1377 4025 μαρτυρίαν
1414 3955 1442 4006 6
1477 3952 1709 4021 Παῦλος,
1747 3953 1977 4017 πολλοὺς
1998 3954 2066 4008 ἀν

391 4044 485 4096 καὶ
528 4043 636 4097 τῶν
674 4042 882 4096 πιστῶν
926 4042 1230 4113 ἠπάτησεν,
1276 4040 1374 4096 ἅτε
1428 4042 1520 4094 ὑπ’
1564 4041 1775 4095 ἐκείνου
1820 4041 2060 4113 δεχθείςο

387 4130 477 4185 διὰ
505 4132 660 4185 τοῦτο
720 4131 970 4201 ἀνέχεται
1020 4131 1089 4182 τά
1118 4129 1238 4183 καθ’
1274 4131 1496 4192 ἑαυτοὺς
1543 4131 1737 4195 εἰπεῖν,
1771 4131 1858 4183 ἴνα
1891 4131 2064 4202 στήσῃ

386 4220 458 4271 τά
486 4219 623 4286 ὑπὲρ
658 4217 844 4281 αὐτοῦ,
875 4217 969 4270 καὶ¹
999 4216 1161 4280 αὐτὸς
1196 4215 1603 4284 συγκαταϐάσει
1625 4218 1893 4287 κέχρηται
1925 4218 2064 4288 πρὸς

387 4305 489 4375 τὴν
503 4305 799 4359 ἀπώλειαν.
826 4305 869 4357 Τ
872 4305 900 4357 ὸ
923 4304 1020 4375 μὲν
1043 4301 1136 4357 οὖν
1165 4303 1379 4373 πρῶτον
1410 4304 1470 4356 ού
1494 4305 1809 4375 προσήκατο
1830 4305 2060 4373 Παῦλος,

388 4392 524 4446 ἀλλά
578 4393 885 4454 διέπτυσεν,
942 4393 1005 4444 ού
1052 4392 1375 4461 βουλόμενος
1451 4392 1642 4445 ἐαυτὸν
1717 4394 2064 4465 ἐπιρρίπτειν

389 4478 576 4541 ἁπλῶς
614 4480 727 4539 τοῖς
761 4475 1038 4546 σημείοις·
1075 4476 1149 4538 ὠς
1177 4474 1231 4526 δὲ
1267 4475 1498 4543 ἐπέμενε
1546 4475 1703 4528 τοῦτο
1742 4478 1910 4530 ποιῶν
1969 4479 2065 4531 ἐπὶ

390 4565 588 4627 πολλὰς
619 4566 847 4635 ἡμέρας,
878 4564 974 4617 καὶ⁷
998 4564 1059 4616 τὸ
1092 4562 1249 4633 ἔργον
1278 4562 1510 4626 ἐδείκνυ,
1544 4561 1717 4619 Οὗτοι
1745 4567 1799 4619 οί
1841 4566 2062 4634 ἄνθρω·

389 4672 511 4721 ποι,
530 4657 720 4726 λέγων,
739 4656 948 4711 δοῦλοι
970 4656 1073 4709 τοῦ
1100 4654 1247 4709 Θεοῦ
1276 4654 1690 4724 τοῦὙψίστου
1716 4658 1894 4725 είσίν,
1927 4660 2064 4713 οἵτι.

388 4764 491 4811 νες
516 4746 1036 4815 καταγγέλλουσιν
1060 4744 1205 4811 ἡμῖν
1233 4742 1378 4797 ὁδὸν
1424 4746 1720 4813 σωτηρίας
1744 4762 1755 4774 ·
1794 4747 1914 4799 τότε
1942 4748 2063 4800 ἐκέ-

390 4830 579 4883 λευσεν
601 4829 749 4901 αὐτῷ
782 4828 1037 4893 ἐξελθεῖν.
1073 4827 1459 4893 Διιιπονηθείς
1486 4827 1553 4881 δὲ
1590 4832 1621 4881 ό
1661 4829 1922 4895 Παῦλος.
1962 4831 2063 4885 καί

390 4918 781 4985 ἐπιστρέψας,
830 4916 912 4983 τῷ
955 4917 1247 4985 πνεύματι
1283 4912 1452 4969 εἷπε·
1513 4916 1912 4986 Παραγγέλλω
1962 4933 2063 4971 σοι

389 5008 459 5060 ἐν
525 5007 766 5073 ὀνόματι
805 5006 999 5072 Ἰησοῦ
1063 5005 1339 5072 Χριστοῦ,
1379 5004 1649 5068 ἐξελθεῖν
1698 5005 1799 5058 ἀπ’
1848 5006 2058 5074 αὐτῆς.

390 5090 502 5147 Καὶ
540 5092 799 5158 ἐξῆλθεν
853 5091 1006 5160 αὐτῇ
1045 5091 1117 5161 τῇ
1155 5091 1295 5159 ὥρᾳ.
1344 5092 1598 5157 Ἰδόντες
1646 5091 1714 5144 δὲ
1761 5094 1815 5146 οἱ
1869 5095 2061 5160 κύριοι

392 5181 603 5249 αὐτῆς,
640 5181 729 5233 ὅτι
766 5180 1020 5247 ἐξῆλθεν
1056 5183 1095 5249 -ὴ
1145 5183 1320 5247 ἐλπὶς
1358 5182 1639 5250 ἐργασίας
1682 5180 1899 5246 αὐτῶν,
1937 5183 2062 5236 ἐπι-

392 5270 707 5336 λαϐόμενοι
738 5268 844 5321 τὸν
882 5268 1126 5321 Παῦλον
1159 5269 1255 5320 καὶ
1292 5267 1397 5320 τὸν
1420 5270 1628 5331 Σίλαν,
1653 5270 1950 5322 εἵλκυσαν
1974 5273 2061 5337 εἰς

393 5360 507 5423 τὴν
541 5356 690 5429 [270]
717 5356 939 5424 ἀγορὰν
968 5356 1066 5408 ἐπὶ
1098 5355 1237 5420 τοὺς
1266 5354 1581 5423 ἄρχοντας,
1634 5356 1733 5412 καὶ
1758 5373 2063 5430 προσαγα-

392 5448 601 5513 γόντες
663 5444 884 5510 αὐτοὺς
932 5442 1059 5509 τοῖς
1115 5444 1487 5511 στρατηγοῖς,
1530 5441 1740 5499 εἷπονο
1794 5444 1969 5504 Οὗτοι
2008 5453 2062 5504 ot

394 5534 690 5602 ἄνθρωποι
720 5530 1207 5601 ἐκταράσσουσιν
1226 5532 1393 5601 ἡμῶν
1422 5534 1536 5601 τὴν
1555 5537 1754 5601 πόλιν,
1787 5536 2062 5592 Ἰουδαῖοι

392 5620 787 5690 ὑπάρχοντες,
850 5621 945 5674 καὶ
999 5619 1513 5689 καταγγέλλουσιν
1553 5621 1679 5691 ἔθη,
1724 5623 1763 5678 ἃ
1810 5627 1922 5680 οὐκ
1960 5626 2060 5691 ἕξε-

394 5745 564 5785 εστιν
582 5728 729 5798 ’ἡμῖν
792 5727 1233 5797 παραδέχεσθαι
1294 5728 1435 5782 οὺδέ
1507 5731 1700 5783 ποιεῖν
1757 5731 2061 5802 Ῥωμαίοις

396 5813 555 5876 οὖσι.
582 5817 864 5887 Πανταχοῦ
905 5817 972 5870 τὰ
1010 5820 1267 5890 χρήματα
1292 5818 1442 5871 αἴτια
1488 5819 1597 5870 τῶν
1633 5821 1835 5874 κακῶν.
1866 5825 1928 5876 ’Ὠ
1963 5825 2062 5892 τῆς

460 5923 484 5950 ⁸
513 5923 703 5983 Μοτθῑ,
743 5924 1054 5984 ἑντρεπτικόν,
1102 5926 1244 5972 male.
1320 5922 1452 5973 bAliI’
1480 5924 1700 5973 ἐϐούλετο
1730 5926 1892 5974 λοιπὸν
1936 5927 2061 5983 ἀξιό-

399 6001 564 6038 πιστον
598 5988 761 6036 ἑαυτὸν
784 5987 949 6035 ποιεῖν.

1200 301 1261 355 S.
1297 301 1581 359 JOANNIS
1611 303 2103 361 CHRYSUSTOMI
2141 304 2460 363 ARCHIEP.
2509 302 3057 363 CONSTANTINOP.
3088 353 3092 357 .

3757 306 3861 359 239$

2182 422 2462 495 ὠμότητος
2489 423 2590 495 τῆς
2616 421 2966 493 Ἐλληνικῆςί
3008 418 3288 475 ἐϐούλοντο
3330 419 3592 492 δαιμονᾷν
3616 421 3674 474 τὸ
3697 432 3865 492 κοράο

2185 526 2319 572 σιον,
2372 509 2513 564 ὥστε
2570 509 3024 582 χρηματίζεσθαι.
3067 509 3531 578 Ἐπιλαϐόμενοι,
3566 511 3721 581 φησὶ,
3758 512 3866 563 τὸν

2182 596 2428 652 Παῦλον
2465 598 2561 652 καί
2596 598 2703 652 τὸν
2733 600 2942 663 Σίλαν,
2976 597 3226 663 ἔλεγον·
3263 593 3439 651 Οὗτοι
3484 600 3537 651 οὶ
3563 597 3864 666 ἅνθρωποι

2181 685 2671 753 ἐκταράσσουσιν
2694 685 2864 754 ’ἡμῶν
2886 685 3001 753 τὴν
3023 687 3223 739 πόλιν.
3268 686 3333 738 Τί
3369 687 3728 755 ποιήσαντες;
3773 686 3864 739 διά

2179 773 2230 825 τί
2278 770 2372 828 οὖν
2421 774 2497 845 μὴ
2550 774 2657 845 πρὸ
2712 772 2902 827 τούτου
2958 772 3281 839 είλκύσατε;
3312 773 3608 837 Ἰουδαῖοι,
3670 773 3862 843 φησὶν,

2179 861 2555 933 ὑπάρχοντες
2575 881 2589 894 ο
2643 861 2787 916 οὕτω
2818 862 2879 915 τὸ
2910 862 3080 931 ὄνομα
3120 860 3451 931 διεϐέϐλητο.
3500 861 3613 916 Καὶ
3644 879 3867 930 καταν-

2179 950 2509 1020 γέλλουσιν
2560 951 2686 1020 ἔθη,
2725 951 2765 1004 d
2814 952 2926 1005 οὐκ
2958 950 3199 1014 ἔξεστιν
3226 949 3371 1019 ἡμῖν
3414 948 3865 1018 παραδέχεσθαι

2179 1038 2321 1093 οὐδὲ
2347 1039 2540 1093 ποιεῖν
2572 1040 2868 1108 Ῥωμαίοις
2890 1036 3089 1093 οὖσιν.
3115 1039 3209 1101 Et;
3257 1038 3585 1092 καθοσίωσιν
3609 1038 3672 1091 τὸ
3716 1040 3865 1109 1:de-

2178 1146 2295 1199 γμα
2327 1129 2553 1201 ἤγαγον.
2603 1129 2715 1183 Καὶ
2769 1127 3118 1195 συνεπέστη
3154 1130 3187 1182 ὀ
3239 1126 3425 1197 ὄχλος
3470 1127 3595 1181 κατ’
3632 1126 3857 1184 αὐτῶν.

2183 1218 2247 1270 ’Ὠ
2288 1218 2388 1288 τῆς
2420 1217 2677 1286 ἀλογίαςί
2721 1217 2821 1271 οὐκ
2850 1217 3142 1287 ὲξήτασαν,
3197 1216 3259 1269 ού
3297 1217 3605 1287 μετέδωκαν
3664 1216 3861 1285 λόγουο

2177 1306 2353 1359 καίτοι
2382 1307 2625 1359 τοιούτου
2658 1304 2932 1374 θαύματος
2959 1304 3252 1373 γενομένου
3290 1304 3410 1357 δέον
3454 1304 3859 1375 προσκυνῆσαι,

2175 1395 2292 1448 δέον
2330 1395 2404 1458 ὡς
2451 1396 2706 1467 σωτῆρας
2732 1396 2826 1449 καὶ
2856 1395 3147 1464 εὐεργέτας
3174 1392 3339 1464 ἔχειν.
3370 1394 3433 1446 Εἰ
3460 1394 3570 1464 γὰρ
3594 1394 3698 1465 χρή
3709 1411 3865 1463 ματα

2175 1483 2480 1547 ἐϐούλεσθε,
2513 1483 2600 1536 ὃιά
2642 1483 2696 1537 τί
2743 1482 2986 1536 τοιοῦτον
3032 1482 3260 1535 πλοῦτον
3291 1481 3561 1551 εὑρόντες,
3600 1483 3677 1552 μὴ
3726 1484 3865 1535 ἐπε·-

2174 1571 2443 1642 δράμετε;
2475 1572 2645 1626 Τοῦτο
2674 1570 3090 1642 λαμπροτέρους
3106 1571 3269 1634 ποιεῖ,
3290 1569 3352 1622 τὸ
3380 1569 3638 1624 δύνασθαι
3666 1569 3865 1638 δαίμο-

2175 1679 2271 1724 νας
2305 1661 2650 1724 ἀπελαύνειν,
2700 1662 2733 1733 ἢ
2787 1661 2849 1713 τὸ
2895 1662 3078 1724 αὐτοῖς
3108 1658 3409 1715 πείθεσθαι.
3446 1659 3575 1713 Ἰδοὺ
3610 1662 3709 1714 καὶ
3756 1678 3864 1730 ση-

2176 1751 2323 1819 μεῖα,
2347 1750 2440 1802 καὶ
2472 1751 2505 1819 ή
2524 1748 2926 1819 φιλοχρηματία
2954 1748 3116 1801 πλέον
3139 1747 3348 1817 ἴσχυσε.
3370 1748 3481 1802 Καὶ
3507 1750 3562 1801 οί
3594 1766 3864 1817 στρατη-

2172 1837 2286 1905 γοὶ,
2311 1837 2772 1904 περιρρήξαντες
2786 1837 2859 1890 τὰ
2881 1834 3078 1905 ἱμάτια
3102 1835 3318 1901 αὐτῶν,
3344 1836 3630 1890 ἐκέλευον
3650 1836 3865 1904 ῥαϐδί-

2172 1924 2319 1985 ζειν
2372 1924 2605 1990 πολλάς
2652 1941 2717 1979 τε
2758 1924 3063 1990 ἐπιθέντες
3104 1923 3311 1991 αὐτοῖς
3336 1923 3594 1993 πληγὰς,
3628 1923 3866 1977 ἔϐαλον

2169 2010 2256 2074 εἰς
2328 2007 2617 2075 φυλακὴν
2640 2045 2656 2069 ,
2724 2007 3234 2077 παραγγείλαντες
3300 2006 3380 2073 τῷ
3433 2006 3864 2075 δεσμοφύλακι

2169 2093 2461 2163 ἀσφαλῶς
2492 2094 2695 2163 τηρεῖν
2731 2096 2972 2161 αὐτούς.
3024 2095 3084 2151 '0
3132 2096 3231 2167 μὲν
3280 2093 3374 2150 οὖν
3401 2095 3609 2158 Παῦλος
3638 2095 3700 2147 τὸ
3740 2096 3863 2148 πᾶν

2169 2184 2480 2255 εἰργάσατο,
2510 2184 2604 2239 καὶ
2636 2184 2705 2238 τά
2738 2184 2991 2256 θαύματα
3040 2186 3135 2239 καὶ
3159 2184 3258 2255 τὴν
3297 2184 3676 2238 διδασκαλίαν’
3736 2184 3859 2237 τῶν

2166 2273 2222 2327 δὲ
2257 2273 2516 2327 κινδύνων
2536 2275 2630 2327 καὶ
2651 2276 2680 2326 6
2713 2274 2872 2337 Σίλας
2902 2276 3171 2328 κοινωνεῖ.
3196 2273 3263 2326 Τί
3291 2274 3428 2336 ἐστι,
3460 2273 3862 2339 Διαπονηθεὶς

2167 2356 2237 2410 δὲ
2273 2360 2306 2411 ό
2341 2357 2618 2423 Παῦλος;
2656 2358 2768 2429 Τὴν
2800 2357 3155 2428 κακουργίαν.
3188 2356 3373 2426 φησὶν,
3409 2354 3532 2409 ἰδὼν
3578 2355 3673 2408 τοῦ
3724 2355 3856 2409 δαί-

2170 2460 2351 2515 μονος,
2379 2444 2561 2509 καθὼς
2594 2444 2756 2509 αὐτὸς
2794 2444 3027 2515 ἀλλαχοῦ
3065 2457 3092 2486 ιι
3122 2445 3270 2512 λέγει
3292 2460 3305 2473 °
3368 2445 3450 2497 Οὐ
3493 2443 3605 2512 γὰρ
3657 2442 3857 2497 αὐτοῦ

2166 2533 2240 2587 τὰ
2276 2533 2548 2603 νοήματα
2589 2533 2946 2603 ἀγνοοῦμεν.
2990 2532 3090 2585 Διὰ
3142 2532 3197 2587 τί
3247 2532 3323 2603 μὴ
3380 2527 3556 2594 εἷπον,
3609 2532 3692 2584 ὅτι
3742 2531 3856 2583 Τὸν

2166 2621 2398 2692 δαίμονα
2422 2620 2695 2686 ἐξέϐαλον,
2727 2621 2809 2673 ὅτι
2832 2622 2912 2684 είς
2948 2620 3080 2673 Θεὸν
3109 2619 3409 2690 ἠσέϐησαν,
3444 2618 3558 2673 ἀλλ’
3583 2618 3676 2671 ἐπὶ
3710 2617 3856 2670 καθ-

2165 2709 2384 2763 οσίωσιν
2399 2710 2712 2781 τρέπονταις
2736 2703 2915 2763 Ἧττα
2940 2710 3122 2772 αὐτοῖς
3142 2706 3300 2760 τοῦτο
3324 2702 3411 2778 ἦν.
3436 2705 3593 2759 Οὕτω
3625 2705 3721 2758 καὶ
3750 2706 3853 2758 ἐπὶ

2165 2796 2260 2850 τοῦ
2274 2796 2507 2867 Χριστοῦ
2520 2797 2723 2866 ἔλεγον·
2734 2799 2855 2849 Οὐκ
2870 2794 3382 2865 ἐχομενβασιλέα,
3394 2795 3445 2848 ει
3454 2792 3539 2863 μὴ
3550 2794 3847 2861 Καίσαρα.

2167 2885 2294 2951 Πᾶς
2330 2889 2363 2940 ό
2400 2886 2618 2940 ἑαυτὸν
2663 2884 2850 2938 ποιῶν
2881 2883 3172 2948 βασιλέα,
3223 2880 3519 2952 ἀντιλέγει
3566 2880 3647 2946 τῷ
3704 2881 3855 2934 Καί-

2166 2990 2324 3043 σαρι.
2349 2975 2457 3028 Καὶ
2486 2973 2705 3027 ἔϐαλον
2734 2972 2975 3039 αὐτοὺς,
3004 2972 3188 3043 φησὶν,
3218 2972 3304 3037 εἰς
3335 2968 3640 3039 φυλακήν.
3669 2968 3851 3030 Πολὺς

2164 3063 2194 3115 6
2225 3062 2415 3133 θυμός.
2446 3064 2552 3127 Ὃς
2580 3062 2988 3131 παραγγελίαν
3012 3061 3296 3126 τοιαύτην
3318 3056 3602 3127 είληεεὼς,
3627 3056 3853 3111 ἔϐαλεν

2165 3151 2387 3217 αὐτοὺς
2408 3153 2494 3216 είς
2534 3150 2648 3219 τὴν
2680 3150 2983 3218 ἐσωτέραν
3008 3148 3313 3218 φυλακὴν,
3347 3147 3445 3201 καί
3476 3145 3613 3212 τοὺς
3652 3145 3851 3212 πόδας

2165 3237 2364 3292 αὐτῶν
2395 3239 2780 3308 ἠσφαλίσατο
2807 3239 2893 3302 είς
2927 3237 2995 3290 τὸ
3031 3235 3245 3300 ξύλον.
3270 3236 3433 3307 Ὅρα,
3463 3236 3712 3298 κάκεῖνος
3735 3235 3849 3287 πά-

2165 3325 2250 3380 λιν
2277 3328 2355 3390 είς
2374 3326 2473 3395 τὴν
2494 3325 2766 3396 ἐσωτέραν
2795 3325 3044 3396 φυλακὴν
3074 3325 3273 3388 αὐτοὺς
3295 3322 3535 3384 ἐνέϐαλε,
3567 3323 3661 3376 καὶ⁵
3684 3321 3849 3378 τοῦτο

2166 3412 2541 3483 οἰκονομικῶς.
2570 3412 2787 3483 Ἐπειδὴ
2813 3411 2923 3484 γὰρ
2952 3411 3139 3482 θαῦμα
3169 3411 3360 3481 ἔμελλε
3401 3410 3648 3480 γίνεσθαι
3675 3408 3846 3480 μέγα,

2166 3502 2467 3571 ἐπιτήδειος
2495 3504 2522 3554 6
2554 3502 2715 3564 τόπος
2741 3502 2878 3573 πρὸς
2899 3500 2997 3572 τὴν
3030 3500 3293 3572 ἀκρόασιν
3315 3502 3342 3552 ὁ
3372 3499 3475 3563 ἔξω
3504 3499 3602 3568 τῆς
3635 3498 3850 3563 πόλεως

2166 3589 2430 3660 κρίνεται,
2463 3589 2785 3661 πειρασμῶν
2810 3589 3234 3658 ἀπηλλαγμένος
3267 3589 3360 3641 καὶ
3392 3587 3672 3641 κινδύνων.
3700 3588 3852 3659 Ὅρα

2167 3676 2282 3740 πῶς
2306 3678 2404 3730 οὑκ
2436 3676 2751 3747 αἰσχύνεται
2780 3676 2851 3729 τὰ
2898 3676 3304 3746 ἐπιτηδεύματα
3335 3674 3657 3740 καταλέγειν
3690 3676 3717 3727 6
3744 3675 3848 3744 τὴν

2168 3766 2411 3837 ἱστορίαν
2440 3766 2685 3835 γράφων.
2727 3767 2853 3820 Ἂτε
2904 3765 2969 3835 δὴ
3022 3766 3117 3818 καὶ
3171 3764 3370 3833 ἀργίας
3418 3762 3603 3833 οὔσης,
3642 3763 3848 3831 μᾶλλον

2166 3856 2455 3923 προσεῖχον
2486 3856 2597 3915 τοῖς
2624 3852 2936 3922 λεγομένοις
2961 3868 2976 3883 ·
3028 3852 3121 3905 καὶ
3149 3850 3271 3903 οὐδὲ
3312 3852 3345 3920 ἠ
3376 3850 3529 3913 πόλις
3574 3848 3705 3917 αῦτη
3737 3866 3844 3916 μευ

2166 3941 2307 4013 γάλη
2336 3943 2368 4013 ἡ
2392 3942 2501 3996 τῶν
2528 3940 2923 4011 Φιλιππησίων.
2960 3939 3144 3993 Ταῦτα
3162 3940 3226 4009 δὴ
3254 3939 3519 4008 μαθόντες
3539 3939 3625 3990 καὶ
3649 3938 3833 4005 ἡμεῖς,

2168 4030 2369 4101 μηδένα
2424 4028 2900 4101 ἐπαισχυνώμεθα.
2951 4028 3112 4098 Παρά
3176 4027 3367 4098 βυρσεῖ
3403 4026 3554 4095 μένει
3604 4026 3831 4094 Πέτρος,

2167 4117 2319 4188 παρά
2372 4117 2815 4189 πορφυροπώλιδι
2874 4115 3087 4180 Παῦλος
3111 4114 3161 4171 ά.
3220 4114 3331 4168 Ποῦ
3366 4117 3394 4167 ό
3449 4119 3648 4183 τῦφος;
3691 4114 3834 4183 Ἀρα

2163 4205 2257 4260 τοῦ
2291 4205 2425 4260 Θεοῦ
2454 4205 2704 4276 δεόμεθα,
2728 4204 2867 4259 ὥστε
2915 4203 3123 4269 ἀνοίξαι
3159 4203 3413 4274 καρδίαν·
3443 4205 3472 4256 6
3499 4202 3628 4266 Θεὸς
3658 4202 3712 4255 δὲ
3740 4205 3836 4254 ἀν-

2163 4294 2300 4363 οίγει
2336 4293 2560 4365 καρδίας
2580 4293 2677 4357 τὰς
2709 4292 3064 4363 βουλομένας”
3095 4292 3208 4345 ἐστι
3239 4292 3347 4363 γὰρ
3372 4294 3469 4346 καὶ
3498 4290 3837 4361 πεπηρωμέ-

2164 4400 2258 4446 νας
2304 4382 2447 4437 ἰδεῖν.
2486 4382 2625 4435 Ἀλλ’
2668 4382 2864 4451 ἴδωμεν
2918 4381 3124 4435 ἀνωθεν
3177 4381 3247 4433 τά
3293 4380 3578 4451 εἰρημένα.
3640 4378 3836 4445 Γυνὴ,

2164 4471 2318 4542 φησὶ,
2369 4470 2844 4538 πορφυρόπωλις,
2879 4464 2953 4537 ἧς
2984 4471 3016 4521 ό
3053 4469 3267 4535 Κύριος
3317 4468 3523 4534 ἤνοιξε
3552 4466 3666 4534 τὴν
3695 4484 3839 4533 acap-

2163 4559 2320 4626 δίαν,
2335 4559 2657 4626 προσέχειν
2672 4556 2795 4621 τοῖς
2808 4557 3206 4625 λαλουμένοις
3222 4556 3339 4610 ὑπὸ
3355 4555 3463 4609 τοῦ
3478 4558 3744 4609 Παύλου.
3766 4554 3841 4607 Τὸ

2168 4649 2265 4718 μὲν
2288 4642 2380 4700 οὖν
2409 4645 2639 4710 ἀνοῖξαι,
2670 4644 2766 4697 τοῦ
2786 4643 2942 4696 Θεοῦ·
2968 4646 3028 4696 τὸ
3048 4644 3105 4696 δὲ
3138 4644 3446 4716 προσέχειν,
3470 4643 3637 4713 αὐτῆς
3654 4662 3667 4675 ο
3695 4642 3839 4696 ὥστε

2166 4736 2259 4788 καὶ
2286 4736 2426 4787 θεῖον
2460 4734 2555 4787 καὶ
2584 4731 2921 4804 ἀνθρώπινον
2954 4727 3043 4804 ἦν.
3078 4731 3230 4803 [271]
3259 4733 3354 4798 Ὠς
3383 4732 3452 4784 δὲ
3484 4732 3838 4797 ἐϐαπτίσθη,

2164 4822 2316 4892 φησὶ,
2344 4821 2723 4888 παρεκάλεσε
2747 4823 3047 4891 λέγουσαι
3080 4822 3150 4872 Εί
3188 4818 3498 4888 κεκρίκατέ
3540 4835 3637 4887 με.
3673 4819 3838 4887 Ὅρα,

2162 4911 2258 4962 καὶ
2289 4908 2632 4980 βαπτίζεται,
2666 4909 2760 4961 καὶ
2776 4909 2987 4979 δέχεται
3016 4908 3143 4971 τοὺς
3171 4908 3500 4969 ἀποστόλους
3534 4907 3672 4975 μετά
3712 4922 3837 4957 τοσ-

2163 4996 2333 5068 αύτης
2366 4996 2664 5068 ἱκετηρίας,
2699 4999 2836 5066 μετά
2865 4995 3105 5058 πλείονος
3144 4996 3177 5066 ἢ
3220 4997 3248 5048 6
3295 4994 3566 5063 Ἀϐραὰμ.
3602 4994 3711 5046 Καὶ
3737 4993 3835 5045 οὐκ

2163 5082 2314 5139 εἶπεν
2345 5086 2493 5141 οὐδὲν
2521 5085 2648 5140 ἀλλο
2684 5085 2995 5155 τεκμήριον,
3020 5084 3134 5138 ἀλλ’
3154 5086 3351 5145 ἐκεῖνο,
3386 5082 3479 5151 ἀφ’
3510 5075 3569 5135 οὗ
3610 5081 3789 5150 ἐσώθη
3816 5098 3831 5112 ο

2163 5176 2261 5228 οὐκ
2290 5171 2465 5242 εἶπεν,
2505 5176 2553 5226 εἰ
2589 5174 2832 5244 μεγάλην
2878 5176 3135 5241 γυναῖκα,
3196 5173 3245 5224 εἰ
3290 5170 3493 5240 εὐλαϐῆ
3538 5170 3835 5239 κεκρίκατέ

2167 5280 2261 5335 με’
2304 5262 2439 5316 ἀλλὰ
2465 5262 2550 5326 τί;
2583 5262 2817 5330 Πιστὶιν
2839 5260 2920 5326 τῷ
2943 5263 3166 5328 Κυρίῳο
3212 5262 3260 5313 εἰ
3295 5260 3372 5331 τῷ
3400 5261 3611 5331 Κυρίῳ,
3653 5257 3836 5328 πολλῷ

2166 5352 2364 5423 μᾶλλον
2404 5352 2552 5422 ὑμῖν,
2603 5354 2650 5404 εί
2686 5351 2763 5422 μὴ
2798 5350 3210 5420 ἀμφισϐητεῖτε.
3243 5350 3353 5403 Καὶ
3387 5351 3487 5402 οὐκ
3520 5346 3661 5414 εἷπε,
3694 5348 3835 5418 Παρ’

2163 5443 2304 5511 ἐμοὶ,
2338 5441 2450 5494 ἀλλ’
2486 5443 2588 5506 Εὶς
2626 5440 2732 5493 τὸν
2769 5435 2937 5491 οἶκόν
2966 5456 3084 5507 μου
3118 5439 3383 5507 μείνατε,
3439 5437 3581 5491 ὥστε
3639 5436 3832 5502 δεῖξαι,

2162 5531 2244 5583 ὅτι
2274 5529 2411 5599 μετά
2439 5528 2639 5597 πολλῆς
2661 5526 2821 5580 τοῦτο
2844 5526 3016 5578 ἐποίει
3052 5525 3383 5596 προθυμίας.
3410 5527 3617 5589 Ὄντως
3664 5524 3833 5594 πιστὴ

2161 5621 2194 5689 ἠ
2234 5618 2391 5688 γυνή.
2439 5615 2572 5669 Εἰπὲ
2600 5615 2661 5686 δή
2697 5632 2808 5685 μοι,
2852 5614 2933 5678 τίς
2960 5609 3113 5677 οὗτός
3162 5614 3310 5667 ἐστιν
3339 5616 3367 5668 6
3397 5615 3642 5685 δαίμων;
3674 5614 3831 5676 Θεὸς,

2163 5711 2315 5780 φησὶ,
2361 5707 2573 5761 πύθωψ
2627 5709 2732 5760 ἀπὸ
2763 5706 2857 5759 τοῦ
2891 5706 3055 5758 τόπου
3086 5704 3225 5759 οὕτω
3251 5705 3488 5774 λέγεται.
3543 5706 3723 5776 Ὁρᾷς,
3748 5705 3832 5758 ὅτι

2228 5938 2253 5965 ει
2292 5924 2528 5986 Ἀλλαχοῦ
2548 5927 2689 5974 deest
2714 5927 2761 5972 in
2790 5937 2903 5973 uno.
2973 5922 2998 5961 δ
3038 5923 3167 5971 Idem
3209 5922 3587 5985 πορςυροπώὶιόι
3618 5923 3697 5969 καί
3724 5925 3827 5984 ξεν,

2167 5991 2294 6051 μένει
2324 5987 2533 6044 Παῦλος.
