3978 6472
156 294 266 349 253

154 436 203 451 -ρ
259 405 393 462 Vide
419 418 603 460 rursus
629 404 848 460 Paulum
865 402 1248 476 judaizantem,
1275 409 1331 456 et
1364 415 1395 454 a
1421 408 1663 471 tempore
1689 405 1746 453 et

152 515 184 551 a
212 498 355 551 loco.
392 495 491 552 Ubi
515 498 808 566 putabatur,
837 496 1028 565 inquit,
1051 494 1216 548 oratio
1240 508 1365 547 esse.
1390 490 1575 562 Neque
1598 489 1744 544 enim

154 598 362 641 tantum
388 586 477 641 ubi
515 602 783 659 synagoga
818 596 954 652 erat,
984 586 1078 640 sed
1103 586 1263 639 etiam
1296 583 1426 638 foris
1452 581 1746 653 precaban-

153 689 241 734 tur
270 699 286 734 :
319 681 469 750 quasi
494 680 667 734 locum
697 679 1001 750 quempiam
1042 680 1394 747 assignantes,
1427 676 1549 746 quia
1572 673 1744 729 «ιιιόωὶ

151 771 451 826 crassiores
476 783 647 825 erant.
676 770 769 824 Die
797 783 964 824 autem
991 769 1331 832 sabbatorum,
1361 765 1574 837 quando
1600 769 1744 821 veri-

151 864 330 918 simile
356 872 475 919 erat
502 864 709 918 turbam
732 864 1037 918 convenire.
1071 862 1135 916 Et
1162 862 1387 916 sedentes
1420 858 1747 930 loquebamur

150 955 470 1018 mulieribus.
502 964 979 1025 qutzconvenerant.
1007 952 1071 1006 Et
1099 954 1280 1007 mulier
1294 951 1522 1023 quaedam
1546 951 1747 1005 nomine

151 1046 354 1117 Lydia,
416 1047 762 1117 purpuraria,
802 1046 1015 1100 civitatis
1070 1044 1528 1116 Thyatirenorum,
1578 1045 1748 1099 colens

148 1138 344 1203 Deum,
373 1138 564 1191 audiuit
588 1154 607 1192 :
631 1138 775 1205 cuius
802 1137 1050 1192 Dominus
1070 1153 1157 1191 cor
1180 1146 1469 1207 aperuerat,
1501 1145 1556 1189 ut
1578 1144 1747 1188 atten-

149 1230 294 1283 deret
345 1228 412 1283 iis
448 1244 562 1299 qua:
607 1228 905 1282 dicebantur
947 1246 980 1282 a
1008 1227 1195 1281 Paulo.
1226 1227 1361 1282 Vide
1404 1242 1517 1282 rem
1545 1241 1576 1281 a
1608 1225 1749 1281 fastu

148 1321 407 1375 alienam.
436 1320 623 1375 Mulier
650 1332 705 1375 et
730 1320 948 1375 humilis
972 1330 1108 1386 erat,
1136 1330 1192 1375 ut
1212 1320 1385 1391 palam
1406 1328 1488 1375 est
1507 1319 1575 1372 ab
1596 1327 1747 1375 arte:

150 1411 249 1465 sed
278 1413 404 1466 vide
443 1412 833 1482 philosophiam
879 1410 1016 1482 ejus.
1068 1411 1249 1467 Primo
1277 1411 1491 1482 quidem
1519 1411 1620 1465 hoc
1650 1410 1751 1480 ipsi

148 1503 313 1557 datur
344 1503 732 1569 testimonium,
775 1504 917 1573 quod
946 1503 1151 1558 coleret
1174 1503 1362 1569 Deum,
1392 1501 1587 1558 deinde
1609 1500 1751 1573 quod

150 1597 411 1650 invitaret
438 1597 729 1665 apostolos.
758 1597 843 1651 15.
869 1594 997 1651 Cum
1024 1611 1142 1667 ergo
1168 1595 1421 1665 baptizata
1440 1603 1566 1649 esset
1593 1604 1636 1647 et
1659 1593 1752 1647 do-

150 1706 266 1743 mus
295 1691 430 1758 ejus,
457 1689 729 1758 deprecata
747 1699 823 1743 est
851 1688 1020 1744 dicem
1049 1704 1068 1742 :
1092 1686 1302 1742 Domini
1328 1689 1446 1752 mei,
1474 1687 1517 1740 si
1537 1686 1750 1757 judica-

149 1782 242 1834 stis
271 1796 356 1834 me
380 1780 582 1848 ﬁdelem
608 1780 829 1835 Domino
858 1795 989 1849 esse,
1015 1780 1217 1834 introite
1243 1779 1295 1832 in
1318 1778 1524 1832 domum
1553 1794 1714 1831 meam
1732 1817 1749 1845 ,

148 1882 200 1924 es
216 1882 437 1926 manete.
463 1870 531 1926 Et
551 1873 710 1944 coegit
732 1888 844 1928 nos.
873 1871 941 1927 Ut
965 1882 1131 1927 autem
1153 1872 1409 1941 baptizata
1432 1880 1526 1935 est,
1555 1870 1749 1941 inquit,

146 1968 243 2022 illa
267 1980 319 2022 et
345 1968 529 2023 domus
552 1970 682 2039 ejus.
705 1967 999 2024 Considera
1023 1969 1293 2038 quomodo
1319 1966 1550 2021 suaserit
1573 1966 1752 2020 omni-

148 2060 300 2115 bus:
347 2060 547 2116 deinde
592 2060 717 2116 vide
774 2059 1141 2130 prudentiam,
1191 2059 1460 2130 quomodo
1506 2059 1755 2114 obsecret

146 2153 455 2221 apostolos,
482 2169 642 2224 quam
673 2153 893 2208 humilia
919 2152 1158 2224 proferat
1184 2152 1373 2221 verba,
1405 2168 1526 2207 cum
1554 2161 1752 2222 quanta

145 2247 441 2314 sapientia.
488 2246 552 2301 Si
597 2247 846 2317 judicatis
899 2262 1000 2313 me,
1050 2246 1238 2316 inquit,
1281 2246 1482 2314 ﬁdelem
1508 2243 1748 2298 Domino.

148 2338 294 2392 Nihil
332 2338 401 2391 ad
431 2338 861 2409 persuadendum
885 2339 1080 2409 aptius.
1109 2338 1279 2406 Quem
1319 2352 1425 2392 non
1455 2335 1756 2392 emollirent

149 2430 268 2484 haec
290 2430 502 2484 verba?
520 2430 633 2484 Non
659 2432 884 2501 rogavit,
917 2444 1021 2484 non
1045 2438 1259 2499 precata
1284 2437 1368 2484 est
1394 2436 1620 2495 tantum,
1647 2441 1752 2481 non

148 2536 347 2575 eorum
391 2521 617 2575 arbitrio
665 2538 778 2575 rem
826 2522 1065 2591 reliquit,
1111 2521 1207 2576 sed
1243 2521 1406 2576 etiam
1450 2521 1665 2590 coegit:
1701 2517 1753 2574 id

150 2613 295 2667 enim
339 2613 608 2684 signiﬁcat
660 2613 815 2680 illud,
871 2612 1044 2685 Coegit
1086 2629 1199 2680 nos,
1230 2612 1284 2667 id
1309 2620 1411 2680 est,
1440 2612 1523 2666 his
1553 2611 1751 2667 verbis.

154 2705 289 2758 Vide
315 2706 590 2775 quomodo
619 2706 797 2760 statim
847 2705 1076 2760 fructum
1127 2705 1283 2770 ferat,
1322 2715 1378 2760 et
1407 2705 1611 2759 lucrum
1641 2719 1755 2757 ma-

155 2813 316 2867 gnum
350 2804 501 2866 putet
546 2797 900 2852 vocationem.
933 2795 1088 2864 Quod
1116 2812 1203 2852 me
1233 2796 1446 2852 tidelem
1470 2797 1750 2866 judicave-

161 2893 293 2957 ritis,
324 2892 495 2961 liquet
522 2904 593 2946 ex
623 2906 713 2957 eo,
747 2891 888 2961 quod
923 2890 1054 2945 mihi
1077 2900 1219 2944 tanta
1240 2890 1491 2962 mysteria
1524 2887 1754 2944 tradide-

165 2984 297 3048 ritis,
330 2998 440 3036 non
495 2982 762 3048 tradituri,
808 2983 907 3037 nisi
938 2997 1025 3037 me
1055 2982 1214 3036 talem
1239 2981 1597 3051 judicassetis.
1647 2980 1755 3035 Nec

172 3090 292 3127 ausa
315 3083 394 3128 est
420 3084 583 3129 antea
609 3074 856 3139 invitare,
901 3074 999 3129 sed
1046 3084 1327 3145 postquam
1358 3074 1620 3143 baptizata
1650 3082 1753 3142 est,

182 3166 298 3219 huic
324 3165 613 3220 ostendens
638 3180 698 3221 se
726 3181 832 3221 non
861 3167 969 3221 alio
990 3167 1151 3221 modo
1177 3180 1549 3236 persuasuram
1569 3164 1753 3223 fuisse.

182 3259 282 3311 Cur
300 3258 494 3314 Paulus
517 3268 574 3314 et
596 3259 727 3314 socii
749 3259 1023 3323 nolebant,
1041 3258 1137 3313 sed
1158 3259 1475 3326 renuebant,
1500 3259 1571 3313 ita
1592 3267 1651 3313 ut
1668 3273 1759 3314 co-

169 3352 458 3421 gerentur?
505 3352 577 3410 Ut
628 3352 775 3408 illam
804 3352 871 3407 ad
902 3352 1074 3423 majus
1121 3352 1357 3407 studium
1384 3353 1752 3419 concitarent;

166 3444 243 3497 vel
264 3446 390 3514 quia
419 3444 561 3499 dixit
584 3444 831 3500 Christus
855 3463 869 3499 :
897 3443 967 3499 In
1000 3461 1368 3518 quamcumque
1393 3446 1644 3501 civitatem
1673 3448 1757 3500 in-

159 3544 434 3607 trareritis,
467 3544 579 3613 quis
606 3543 670 3597 sit
711 3542 894 3615 dignus
936 3543 1263 3613 interrogate,
1313 3551 1359 3596 et
1412 3543 1517 3597 illic
1564 3554 1759 3598 manete

156 3635 325 3704 (Luc.
360 3637 453 3691 10.
480 3636 573 3709 8).
604 3635 786 3707 Itaque
828 3634 1005 3691 omnia
1053 3650 1150 3705 per
1199 3636 1554 3691 meonemiam
1599 3636 1760 3691 iacie-

151 3728 307 3783 bant.
333 3728 424 3783 16.
458 3727 675 3781 Factum
692 3738 766 3782 est
784 3738 952 3782 autem
965 3728 1199 3782 euntibus
1218 3727 1359 3781 nobis
1376 3728 1443 3780 ad
1458 3729 1757 3795 orationem,

153 3822 388 3888 puellam
412 3822 687 3890 quamdam
715 3820 978 3874 habentem
1002 3821 1236 3891 spiritum
1262 3820 1534 3890 pythonem
1562 3820 1763 3875 obviare

152 3914 329 3980 nobis,
386 3928 505 3983 qua:
545 3921 800 3982 quwstum
838 3928 1081 3982 magnum
1120 3912 1389 3982 prwstabat
1422 3911 1639 3965 dominis
1658 3913 1762 3968 suis

152 4008 466 4061 divinando.
499 4007 585 4061 I7.
618 4005 744 4061 Haec
770 4006 1077 4075 subsequuta
1104 4004 1329 4058 Paulum
1354 4015 1401 4059 et
1438 4021 1529 4059 nos
1562 4002 1759 4059 clama-

153 4100 263 4167 bat,
294 4099 475 4151 dicens
502 4112 520 4152 :
542 4097 639 4151 Isti
662 4098 889 4151 homines
916 4097 1046 4151 servi
1065 4095 1161 4151 Dei
1184 4096 1367 4151 excelsi
1405 4107 1542 4162 sunt,
1562 4098 1650 4169 qui
1671 4114 1767 4151 an-

154 4192 403 4243 nuntiant
430 4190 573 4243 nobis
593 4192 726 4245 viam
746 4190 942 4245 salutis.
994 4188 1101 4244 Cur
1123 4198 1178 4244 et
1198 4190 1405 4244 dmmon
1436 4190 1559 4244 talia
1587 4191 1764 4260 loquu-

156 4294 248 4338 tus
274 4292 387 4349 est,
418 4294 477 4337 et
512 4282 709 4338 Paulus
742 4282 1017 4352 prohibuit
1042 4284 1064 4334 Υ
1090 4281 1160 4337 Ει
1187 4281 1280 4337 ille
1308 4282 1563 4352 maligne,
1600 4291 1656 4336 et
1679 4282 1766 4337 hic

152 4377 472 4445 prudenter
498 4374 689 4446 agebat
715 4393 731 4429 :
752 4375 962 4430 volebat
982 4376 1122 4429 enim
1146 4389 1252 4429 non
1276 4373 1377 4429 [ide
1399 4375 1614 4445 dignum
1641 4376 1765 4429 red-

154 4470 295 4525 dere
334 4470 375 4523 ⁸.
404 4468 541 4524 Nam
570 4470 613 4524 si
646 4469 1009 4525 testimonium
1040 4470 1156 4539 ejus
1201 4469 1393 4523 Paulus
1439 4469 1764 4537 admisisset,

154 4564 375 4620 multos
404 4565 567 4619 etiam
584 4562 768 4619 ﬁdeles
787 4564 1106 4633 decepisset,
1126 4571 1184 4617 ut
1205 4563 1271 4617 ab
1292 4563 1382 4618 illo
1402 4565 1726 4633 approbatus
1752 4582 1769 4619 :

155 4659 289 4714 ideo
322 4657 452 4711 illos
479 4657 755 4726 praedicat,
783 4666 840 4711 ut
881 4671 976 4711 sua
1021 4655 1276 4723 stabiliat,
1304 4664 1359 4711 et
1404 4656 1691 4711 demissius
1712 4672 1769 4711 se

154 4751 309 4819 gerit
333 4747 403 4802 ad
427 4748 739 4817 perniciem.
772 4748 953 4803 Primo
982 4748 1159 4817 itaque
1184 4762 1289 4801 non
1316 4746 1531 4802 admisit
1550 4746 1767 4814 Paulus,

154 4842 258 4895 sed
296 4839 533 4910 respuit,
565 4839 757 4894 nolens
786 4849 893 4893 tam
919 4838 1075 4894 facile
1102 4840 1255 4909 signa
1276 4838 1436 4894 edere
1461 4857 1473 4891 :
1502 4840 1624 4909 quia
1643 4854 1771 4894 vero

154 4935 566 5005 perseverabat
585 4933 675 4986 illa
699 4933 880 4986 multis
906 4932 1115 4997 diebus,
1139 4941 1193 4986 et
1218 4946 1357 5002 Opus
1390 4931 1723 4986 monstrabat
1754 4948 1769 4984 :

156 5027 238 5081 Hi
266 5026 510 5080 homines
535 5026 664 5079 serui
686 5022 783 5079 Dei
807 5024 1041 5079 altissimi
1068 5034 1203 5091 sunt,
1240 5024 1325 5093 qui
1354 5023 1654 5077 annuntiant
1677 5041 1773 5078 no-

152 5124 237 5177 bis
286 5121 430 5174 niam
475 5119 694 5184 salutis;
740 5128 865 5175 tunc
914 5119 1170 5189 praecepit
1217 5116 1293 5172 illi
1347 5126 1404 5172 ut
1446 5118 1635 5174 exiret.
1682 5117 1769 5173 I8.

158 5215 373 5268 Dolens
399 5222 572 5266 autem
599 5210 822 5277 Paulus,
850 5221 896 5265 et
919 5226 1204 5276 conuersus,
1226 5210 1426 5279 spiritui
1446 5211 1574 5265 dixit
1592 5225 1610 5263 :
1631 5209 1775 5265 Prat-

160 5309 313 5378 εἱρξο
345 5306 435 5359 tibi
467 5305 521 5358 in
544 5304 747 5357 nomine
770 5302 896 5358 Iesu
932 5304 1139 5371 Christi,
1171 5304 1308 5357 exire
1348 5305 1411 5356 ab
1445 5320 1523 5357 ea.
1553 5304 1618 5357 Et
1656 5306 1778 5358 eariit

159 5400 358 5453 eadem
383 5399 536 5451 hora.
569 5395 659 5451 I9.
691 5395 924 5452 Videntes
947 5406 1114 5450 autem
1140 5396 1333 5450 domini
1360 5398 1489 5465 ejus,
1519 5400 1638 5466 quia
1665 5398 1777 5451 exi‘

162 5494 236 5546 sit
270 5508 395 5562 spes
419 5500 644 5557 questus
673 5506 868 5557 eorum,
899 5490 1331 5561 apprehendentes
1363 5488 1585 5544 Paulum
1614 5500 1660 5544 et
1687 5490 1779 5545 Si-

164 5590 303 5651 lam,
339 5583 673 5638 adduxerunt
699 5585 751 5636 in
772 5588 941 5655 forum
957 5583 1024 5635 ad
1040 5584 1314 5655 principes,
1332 5583 1422 5639 20.
1446 5594 1491 5639 et
1517 5584 1782 5651 offerentes

166 5696 259 5735 eos
284 5678 691 5748 magistratibus,
723 5677 961 5730 dixerunt
989 5692 1009 5731 :
1039 5675 1108 5730 Hi
1134 5678 1360 5732 homines
1385 5679 1684 5733 conturbant
1707 5680 1781 5732 ci-

240 5775 259 5806 ⁵
300 5772 398 5823 Alii
416 5773 625 5832 habent,
641 5770 818 5822 colebat
839 5771 965 5823 enim
988 5785 1037 5822 se
1052 5769 1153 5833 [ide
1176 5772 1372 5834 dignum
1386 5773 1565 5835 faccre.

1083 286 1150 341 IN
1190 284 1373 341 ACTA
1415 276 1944 337 APOSTOLOIIUM.
1986 276 2215 333 IIOMIL.
2259 279 2475 335 XXXV.

3331 288 3438 344 256

1854 392 2056 448 nitatem
2103 404 2350 461 nostram,
2401 413 2515 451 cum
2560 399 2663 452 sint
2710 400 2905 467 Judaei,
2943 402 3034 456 2I.
3066 413 3112 457 et
3136 405 3443 459 anntmtiant

1850 503 2036 552 mores,
2063 503 2186 557 quos
2203 504 2303 543 non
2320 489 2436 543 licet
2460 489 2602 544 nobis
2621 492 2878 561 suscipere
2896 510 3054 565 neque
3078 510 3297 562 servare,
3323 512 3449 553 cum

1848 580 2007 635 simus
2038 579 2279 637 Romani.
2306 581 2511 653 Ubique
2532 584 2795 639 malorum
2823 601 3000 642 causa:
3022 590 3265 657 pecunia:
3293 600 3461 644 sunt-

1848 670 1894 726 Ο
1917 687 2241 743 paganorum
2272 673 2713 732 inbumanitatem
2740 678 2754 731 l
2785 677 3053 733 Volebant
3073 681 3303 749 puellam
3332 681 3446 736 da:-

1850 766 2149 819 moniacam
2165 781 2307 833 esse,
2333 775 2389 820 ut
2406 769 2659 837 pecunias
2683 770 3015 841 colligerent.
3038 771 3447 843 Appreltendett-

1851 863 1944 921 tes,
1980 856 2171 927 inquit,
2218 855 2445 912 Paulum
2495 870 2542 913 et
2584 860 2774 928 Silam,
2816 863 3047 917 dicebant
3077 864 3189 919 :Hi
3216 868 3459 921 homines

1848 950 2150 1004 conturbant
2179 951 2424 1005 civitatem
2445 964 2691 1010 nostram.
2728 954 2866 1022 Quid
2894 955 3151 1012 facientes
3180 960 3314 1014 ?cur
3338 977 3469 1014 non,

1849 1047 1975 1095 ante
2002 1041 2239 1096 traxistis
2268 1042 2408 1097 eos?
2434 1039 2607 1097 Judaei
2637 1061 2753 1097 cum
2778 1047 2899 1111 sint,
2927 1047 3177 1119 inquiunt
3206 1067 3219 1103 :
3252 1052 3320 1104 ita
3350 1066 3468 1106 no»

1850 1146 1974 1186 men
2005 1131 2135 1186 illud
2168 1133 2309 1187 male
2328 1133 2601 1189 audiebat.
2634 1133 2704 1188 Et
2750 1140 3055 1192 annuntiant
3096 1157 3283 1207 mores,
3320 1158 3447 1211 quos

1852 1238 1955 1277 non
1978 1223 2093 1276 licet
2121 1223 2262 1277 nobis
2286 1225 2537 1295 suscipere
2583 1243 2741 1297 neque
2764 1244 2981 1295 servare,
3007 1247 3121 1285 cum
3149 1234 3308 1287 simus
3336 1234 3436 1288 Ro~

1852 1316 2011 1371 mani.
2035 1315 2169 1371 Rem
2200 1317 2254 1371 in
2284 1316 2426 1371 laesa:
2453 1318 2747 1387 majestatis
2766 1320 2973 1376 crimen
3003 1333 3238 1379 vertunt.
3261 1326 3353 1380 ΞΩ.
3381 1326 3449 1380 Et

1852 1408 2005 1463 simul
2027 1409 2301 1463 insurrexit
2321 1409 2467 1463 turba
2490 1420 2668 1464 contra
2689 1412 2827 1466 illos.
2844 1412 2889 1467 0
2914 1413 3303 1485 insipientiam!
3330 1418 3463 1473 Nun'

1853 1500 2270 1570 examinarutit,
2303 1517 2411 1557 non
2458 1502 2853 1571 deliberarunt;
2899 1508 3144 1575 quamvis
3193 1524 3259 1564 eo
3303 1512 3463 1567 editor

1852 1594 2112 1649 miraculo
2141 1594 2367 1651 adorare
2399 1606 2692 1667 oporteret,
2716 1606 2771 1652 et
2807 1598 2926 1653 illos
2953 1616 3050 1668 pro
3082 1604 3449 1658 servatoribus

1855 1695 1909 1741 et
1949 1686 2203 1743 beneﬁcis
2236 1687 2460 1744 habere.
2496 1688 2630 1743 Nam
2663 1690 2707 1743 si
2726 1691 2981 1759 pecunias
3018 1692 3303 1759 volebatis,
3350 1710 3448 1749 cur

1856 1779 2016 1832 tantis
2034 1779 2266 1834 inventis
2282 1779 2480 1835 divitiis
2502 1795 2606 1835 non
2626 1783 2973 1838 accurristis?
2993 1784 3158 1839 Posse
3177 1786 3455 1842 daemmias

1855 1870 2063 1941 fugare,
2092 1873 2484 1944 splendidiores
2506 1874 2701 1940 reddit,
2721 1891 2878 1947 quam
2901 1877 3030 1947 ipsis
3052 1878 3450 1950 obtemperare.

1856 1963 1996 2019 Ecce
2023 1964 2196 2035 signa,
2231 1965 2327 2020 sed
2357 1969 2704 2035 pecuniarum
2725 1969 2993 2036 cupiditas
3016 1971 3134 2038 plus
3169 1971 3351 2026 valuit.
3385 1973 3459 2027 Et

1854 2055 2205 2124 magistratus,
2251 2057 2421 2110 scissis
2464 2058 2646 2111 tunicis
2673 2074 2868 2125 eorum,
2890 2061 3158 2131 jusserunt
3185 2080 3269 2117 eos
3299 2066 3454 2135 virgis

1857 2146 1989 2200 credi
2017 2146 2146 2202 :25.
2178 2157 2361 2201 etcum
2386 2149 2572 2202 multas
2598 2150 2671 2203 eis
2702 2152 2881 2222 plagas
2903 2151 3277 2220 imposuissent,
3306 2158 3454 2209 mise-

1856 2247 1975 2291 runt
2011 2254 2096 2293 eos
2132 2240 2187 2293 in
2209 2251 2478 2305 carcerem,
2509 2242 2855 2311 praecipientes
2879 2245 3077 2297 custodi
3105 2256 3158 2299 ut
3189 2248 3455 2317 diligenter

1859 2330 2134 2385 custodiret
2163 2347 2266 2386 eos.
2299 2332 2488 2403 Itaque
2518 2333 2713 2387 Paulus
2740 2344 2909 2388 totmn
2937 2336 3080 2402 fecit,
3113 2345 3169 2391 et
3197 2340 3469 2394 miracula.

1857 2429 1913 2476 et
1939 2422 2275 2488 doctrinam;
2328 2424 2685 2494 periculorum
2729 2441 2860 2480 vero
2899 2442 3121 2483 consors
3150 2427 3247 2483 fuit
3292 2431 3453 2487 Silus.

1857 2512 1993 2580 Quid
2024 2524 2108 2569 est
2132 2511 2325 2569 Dolens
2345 2525 2513 2569 autem
2541 2516 2743 2570 Paulus
2761 2516 2787 2569 ?
2814 2517 3088 2585 Malitiam,
3118 2520 3309 2590 inquit,
3339 2522 3451 2576 da:-

1859 2606 2034 2661 monis
2056 2606 2262 2673 videns,
2288 2616 2344 2661 ut
2374 2608 2489 2677 ipse
2514 2608 2639 2664 alibi
2668 2609 2795 2664 dicit
2834 2628 2847 2665 :
2877 2609 3001 2665 Non
3033 2614 3167 2667 enim
3191 2617 3457 2686 cogitatio.
3494 2598 3497 2599 ν

1859 2713 1945 2751 nes
1970 2698 2079 2768 ejus
2102 2698 2395 2768 ignoramus
2422 2698 2513 2770 (2.
2538 2697 2656 2756 Cor.
2684 2700 2742 2754 2.
2768 2703 2828 2756 II
2851 2702 2894 2773 ).
2919 2705 3026 2758 Cur
3052 2720 3159 2759 non
3179 2707 3452 2773 dixerunt,

1860 2790 2165 2845 Dzemonem
2207 2790 2503 2861 ejecerunt,
2547 2794 2599 2846 in
2640 2788 2808 2848 Deum
2838 2796 2999 2864 impie
3046 2808 3311 2868 egerunt;
3357 2802 3466 2855 sed.

1857 2884 2062 2940 crimen
2092 2885 2234 2940 besse
2255 2886 2551 2955 majestatis
2579 2887 2883 2942 intentant?
2907 2889 3005 2944 Ilic
3026 2905 3085 2946 se
3108 2894 3275 2946 victos
3299 2894 3453 2949 vide-

1858 2974 2008 3032 bant.
2030 2975 2119 3033 Sic
2149 2978 2291 3033 etde
2312 2978 2527 3033 Christo
2544 2979 2794 3035 dicebant
2818 2998 2832 3037 :
2867 2981 2990 3035 Non
3006 2983 3245 3038 habemus
3265 3002 3475 3056 regem,_

1859 3072 1958 3126 nisi
1983 3069 2234 3128 Cwsarem
2265 3072 2461 3146 (Joan.
2488 3075 2577 3129 I9.
2613 3075 2731 3145 15).
2765 3074 2942 3130 Omnis
2969 3077 3055 3147 qui
3077 3095 3129 3132 se
3170 3096 3335 3150 regem
3371 3084 3457 3152 fa-

1861 3165 1966 3232 cit,
2015 3167 2317 3220 contradicit
2359 3166 2551 3221 Cazsari
2598 3167 2773 3239 (Ibid.
2802 3184 2848 3222 υ.
2890 3170 3013 3241 12).
3042 3170 3112 3223 Et
3138 3175 3477 3245 conjecerunt

1861 3274 1968 3324 eos,
1995 3258 2189 3328 inquit,
2237 3259 2291 3312 in
2334 3275 2602 3313 carcerem.
2645 3260 2866 3330 Magnus
2896 3261 3063 3318 furor.
3088 3263 3180 3317 24.
3212 3264 3314 3330 Qui
3340 3282 3475 3319 cum.

1862 3351 1964 3406 tale
1993 3362 2301 3424 prteceptunt
2350 3356 2644 3424 accepisset,
2694 3354 2908 3425 conjecit
2945 3355 3061 3409 illos
3087 3358 3140 3410 in
3170 3357 3460 3413 interiorem

1860 3460 2142 3512 carcerem,
2170 3456 2218 3499 et
2249 3446 2399 3517 pedes
2425 3462 2598 3499 eorum
2630 3446 2833 3501 strinxit
2871 3448 3031 3518 ligno.
3067 3448 3221 3515 Vide,
3249 3450 3337 3505 ille
3365 3468 3477 3507 eos

1862 3533 1917 3588 in
1948 3533 2259 3591 interiorem
2285 3536 2516 3606 conjecit
2544 3524 2815 3605 carcerein
2842 3548 2932 3592 :et
2959 3539 3057 3593 hoc
3075 3554 3142 3594 ex
3174 3542 3463 3610 providen-

1865 3627 1939 3682 tia
1985 3628 2206 3684 I’actum.
2246 3630 2383 3696 Quia
2412 3632 2554 3685 enim
2588 3630 2904 3685 miraculum
2928 3647 3179 3702 magnum
3212 3633 3457 3691 futurum

1865 3728 2003 3787 erat,
2034 3720 2260 3775 idoneus
2282 3721 2433 3776 locus
2465 3721 2531 3777 ad
2560 3737 2673 3777 rem
2703 3723 3056 3795 evulgandam
3082 3734 3232 3779 extra
3266 3728 3455 3783 urbem

1865 3812 2136 3879 statuitur,
2168 3816 2552 3869 tentationibus
2573 3825 2625 3870 et
2654 3815 2907 3885 periculis
2929 3832 3147 3871 vacuus.
3176 3817 3310 3873 Vide
3330 3835 3469 3890 quo-

1866 3904 2029 3960 modo
2057 3904 2145 3960 hic
2193 3907 2421 3976 scriptor
2444 3908 2619 3962 studia
2662 3923 2950 3963 recensere
2992 3926 3096 3963 non
3153 3910 3461 3967 erubescat.

1868 3995 2026 4051 Certe
2056 4012 2179 4051 cum
2204 4000 2358 4068 quies
2409 4006 2588 4062 esset,
2618 3998 2790 4068 magis
2823 3999 3172 4054 attendebant
3212 4002 3295 4065 iis,
3343 4019 3463 4073 quae

1868 4088 2222 4143 dicebantur:
2255 4104 2427 4160 neque
2470 4089 2596 4143 urbs
2650 4089 2738 4144 illa
2791 4089 3215 4161 Philippensium
3264 4108 3458 4163 magna

1870 4188 2005 4234 erat.
2056 4180 2182 4235 Haec
2229 4190 2284 4236 et
2336 4196 2433 4234 nus
2459 4180 2713 4248 scientes,
2754 4182 3025 4236 neminem
3054 4184 3461 4240 erubescamus.

1871 4270 2026 4342 Apud
2059 4273 2346 4327 coriarium
2377 4281 2559 4326 manet
2588 4273 2801 4341 Petrus,
2847 4274 2987 4343 apud
3036 4278 3408 4346 purpurariam
3439 4281 3457 4311 ³

1872 4366 2087 4421 Paulus.
2120 4366 2221 4422 Ubi
2247 4376 2329 4421 est
2346 4366 2549 4422 fastus?
2571 4366 2734 4438 Igitur
2766 4370 2933 4423 Deum
2968 4387 3266 4440 precemur,
3291 4385 3349 4428 ut
3372 4389 3469 4431 cor

1873 4458 2079 4525 aperiat
2109 4475 2121 4511 :
2156 4456 2303 4512 Deus
2349 4468 2526 4512 autem
2554 4459 2714 4514 corda
2739 4476 2859 4531 qua:
2884 4461 3150 4518 voluerint
3186 4467 3386 4535 aperit;
3414 4476 3481 4522 at~

1873 4559 2135 4604 excaecata
2164 4549 2324 4603 corda
2356 4549 2537 4606 videre
2556 4560 2658 4606 est.
2691 4550 2798 4608 Sed
2825 4556 3109 4625 superiora
3133 4565 3461 4628 repetamus.

1876 4641 2088 4710 Mulier,
2117 4642 2307 4712 inquit,
2330 4645 2661 4715 purpuraria,
2688 4648 2833 4716 cujus
2854 4646 3103 4704 Dominus
3130 4666 3217 4704 cor
3235 4654 3479 4722 aperuit,

1876 4745 1929 4788 ut
1958 4735 2231 4789 attenderet
2254 4736 2337 4798 iis,
2364 4752 2476 4805 qua:
2496 4737 2789 4791 dicebantur
2821 4756 2853 4791 a
2891 4738 3084 4796 Paulo.
3112 4745 3337 4812 Aperire
3364 4746 3483 4800 ita—-

1878 4843 1982 4897 que
2010 4828 2101 4883 Dei
2148 4837 2253 4896 est,
2278 4830 2556 4884 attendere
2587 4846 2715 4885 vero
2743 4830 2926 4885 illius:
2960 4846 3047 4888 res
3078 4833 3237 4905 igitur
3269 4846 3385 4891 erat
3410 4848 3473 4893 et

1878 4917 2054 4974 divina
2083 4928 2138 4974 et
2165 4919 2418 4975 humana.
2447 4921 2572 4976 Cum
2596 4932 2760 4975 autem
2784 4924 3037 4993 baptizata
3055 4926 3254 4995 fuisset,
3274 4928 3468 4998 inquit,

1881 5012 2146 5083 deprecata
2171 5023 2245 5066 est
2271 5014 2461 5081 dicens,
2494 5012 2555 5068 Si
2565 5014 2837 5085 judicastis
2868 5032 2965 5068 me.
2999 5016 3210 5088 Vide,et
3236 5020 3476 5091 baptiza-

1882 5112 2001 5171 tur,
2031 5113 2086 5159 et
2114 5105 2302 5175 recipit
2331 5104 2603 5173 apostolos
2630 5115 2749 5175 post
2772 5116 2971 5161 tantam
2994 5110 3465 5181 supplicationem,

1885 5198 2139 5265 majorem
2171 5212 2328 5266 quam
2356 5196 2499 5249 illam
2525 5194 2836 5251 Abrahami.
2864 5197 2973 5253 Nec
3003 5201 3129 5255 dicit
3155 5202 3300 5257 aliud
3332 5205 3474 5261 indi-

1885 5290 2049 5353 cium,
2088 5304 2245 5358 qliam
2292 5287 2440 5352 illud,
2472 5303 2578 5357 quo
2618 5298 2827 5343 servata
2857 5288 3053 5346 fuerat.
3080 5291 3198 5347 Non
3227 5293 3381 5359 dixit,
3414 5296 3472 5350 Si

1888 5397 2156 5452 magnam,
2189 5382 2231 5435 si
2261 5381 2399 5449 piam
2421 5382 2698 5437 mulierem
2724 5383 3003 5453 judicastis
3030 5387 3265 5453 me;sed
3304 5389 3477 5457 quid?

1889 5472 2121 5528 Fidelem
2140 5472 2382 5527 Domino.
2414 5473 2468 5528 Si
2502 5474 2749 5537 Domino,
2782 5476 2949 5530 multo
2974 5478 3140 5547 magis
3166 5478 3337 5543 vobis,
3370 5479 3495 5533 nisi.

1888 5563 2165 5620 dubitetis.
2196 5563 2305 5620 Nec
2327 5565 2482 5632 dixit,
2514 5566 2667 5635 Apud
2705 5583 2812 5634 me,
2834 5565 3025 5631 sed,In
3051 5568 3202 5623 domo
3229 5586 3341 5623 mea
3366 5588 3474 5624 νωρ

1891 5665 2037 5719 nete;
2066 5665 2123 5709 ut
2151 5656 2459 5711 ostenderet
2497 5671 2559 5713 se
2588 5656 2689 5712 hoc
2715 5673 2837 5713 cum
2867 5673 3056 5728 magna
3085 5659 3363 5717 alacritate.
3393 5660 3479 5719 la?

1961 5776 1976 5805 ι
2014 5773 2207 5833 Quidam
2227 5772 2376 5832 addit,
2398 5780 2443 5823 et
2462 5771 2795 5841 alienigenam.
