3978 6514
478 333 585 388 955

479 460 625 501 cere.
655 441 794 497 Vere
825 436 997 494 fidelis
1019 435 1230 492 mulier.
1271 433 1367 487 Dic
1393 444 1523 485 vero
1552 427 1702 493 mihi,
1730 426 1849 494 quis
1876 432 1957 478 est
1981 423 2069 477 hic

477 534 721 591 daemon?
749 534 908 592 Deus.
944 529 1173 597 inquies,
1206 526 1409 598 python
1457 539 1470 575 :
1503 536 1533 573 a
1556 520 1675 573 loco
1714 519 1792 571 sic
1821 525 2064 569 vocatur.

478 629 664 684 Viden’
685 628 846 681 etiam
874 623 1170 688 Apollinem
1196 632 1316 672 esse
1344 616 1641 669 daemonem
1659 612 1683 665 ?
1702 620 1757 667 et
1774 610 1895 680 quia
1919 607 2065 661 vole-

480 722 572 776 bat
612 721 730 775 illos
774 720 824 771 in
855 715 1177 770 tentationes
1204 710 1443 780 injicere,
1484 716 1544 760 ut
1572 704 1739 774 magis
1786 702 2063 763 excitaret,

474 814 540 867 ad
565 813 667 867 hoc
696 807 1023 879 loquendum
1053 802 1279 857 induxit.

543 904 598 957 9..
631 903 674 958 Ο
699 901 948 961 sceleste,
977 904 1031 950 et
1060 891 1473 948 scelestissimel
1525 889 1583 944 Si
1629 902 1757 957 ergo
1784 885 1922 941 nosti
1946 885 2064 938 illos

474 997 618 1050 viam
645 992 833 1048 salutis
859 988 1196 1053 annuntiare,
1232 1000 1327 1040 cur
1373 998 1478 1037 non
1527 979 1800 1051 egrederis
1837 974 2065 1031 lubens?

474 1089 580 1144 Sed
615 1087 844 1155 idipsum
869 1081 1010 1151 quod
1042 1081 1225 1135 Simon
1254 1077 1487 1141 volebat,
1531 1089 1652 1128 cum
1680 1072 1906 1136 diceret,
1934 1066 2065 1122 Date

470 1179 617 1243 mihi,
650 1186 704 1230 ut
730 1177 810 1229 cui
831 1176 1121 1242 iniposuero
1168 1185 1370 1232 manus,
1400 1167 1615 1236 accipiat
1642 1163 1893 1231 Spiritum
1938 1177 2061 1214 san-

469 1281 603 1323 ctum
630 1268 779 1342 (Act.
809 1272 860 1321 8.
896 1264 1003 1335 l9)
1030 1282 1043 1317 :
1080 1264 1177 1316 hoc
1207 1269 1262 1315 et
1289 1260 1389 1314 i5te
1416 1258 1676 1312 faciebat:
1700 1254 1824 1325 quia
1849 1252 2064 1307 videbat

468 1364 589 1417 illos
635 1361 915 1425 celebrari,
978 1358 1049 1411 ita
1082 1354 1321 1418 simulat,
1355 1353 1455 1406 hac
1494 1351 1701 1405 ratione
1749 1360 1973 1418 Sperans
2001 1361 2061 1401 se

467 1453 874 1526 relinquendum
906 1466 1026 1505 esse
1062 1450 1115 1503 in
1140 1462 1388 1517 corpore,
1438 1446 1482 1499 si
1512 1444 1696 1499 eadem
1724 1442 2053 1512 praedicaret.

465 1551 523 1606 Si
564 1564 694 1604 vero
734 1547 873 1617 apud
925 1546 1194 1598 hominem
1252 1542 1371 1595 Non
1398 1552 1470 1595 est
1500 1540 1726 1610 speciosa
1761 1538 1871 1591 laus
1892 1539 1943 1589 in
1973 1553 2059 1589 ore

467 1641 745 1711 peccatoris
775 1638 970 1709 (Eccli.
1006 1638 1092 1691 l5.
1126 1635 1225 1707 9),
1256 1635 1423 1688 multo
1473 1633 1642 1702 magis
1686 1630 1825 1700 apud
1851 1630 2055 1685 daemo-

468 1750 590 1790 nem
626 1753 638 1787 :
670 1734 712 1788 si
741 1733 809 1787 ab
838 1731 1140 1785 hominibus
1165 1727 1526 1784 testimonium
1554 1741 1659 1780 non
1688 1721 2057 1794 accipitChri-

465 1840 602 1896 stus,
636 1842 734 1881 nec
762 1842 793 1881 a
821 1825 1059 1889 Joanne;
1091 1824 1256 1876 multo
1278 1824 1458 1875 minus
1481 1834 1511 1874 a
1556 1818 1820 1873 daemone.
1852 1814 2054 1871 Praedi-

464 1940 592 1979 care
613 1924 753 1977 enim
778 1937 883 1974 non
911 1932 995 1975 est
1022 1918 1317 1983 hominum,
1343 1916 1438 1970 sed
1460 1914 1687 1984 Spiritus
1708 1913 1897 1966 sancti.
1922 1910 2055 1977 Quia

463 2018 626 2087 igitur
650 2025 962 2085 arroganter
990 2013 1251 2067 faciebant
1275 2010 1590 2075 clamantes,
1608 2007 1844 2061 clamore
1864 2020 1923 2059 se
1944 2012 2057 2057 stu-

467 2125 653 2180 porem
718 2109 976 2161 allaturos
1034 2105 1340 2174 sperabant,
1397 2102 1680 2156 dicentes;
1717 2097 1785 2151 Hi
1827 2098 2054 2151 homines

462 2204 759 2258 conturbant
779 2202 1029 2255 civitatem
1050 2209 1293 2252 nostram.
1318 2195 1457 2267 Quid
1479 2195 1650 2249 dicis?
1670 2193 1918 2248 credisne
1937 2192 2048 2246 dte-

460 2298 651 2352 moni?
681 2312 777 2350 cur
807 2312 909 2348 non
937 2294 1022 2348 hic
1055 2292 1214 2347 etiam
1246 2291 1461 2345 credis?
1490 2290 1582 2343 llle
1610 2287 1757 2352 dicit,
1790 2286 1934 2341 Servi
1952 2285 2052 2339 Dei

459 2390 696 2445 altissimi
711 2405 732 2450 ;
761 2398 817 2442 tu
846 2388 1002 2453 dicis,
1033 2385 1343 2439 Conturbant
1393 2384 1644 2436 civitatem
1672 2390 1896 2436 nostram
1919 2396 1937 2435 :
1962 2380 2051 2434 illc

458 2481 608 2546 dicit,
629 2478 944 2532 Anntmtiant
967 2478 1109 2530 nobis
1138 2477 1269 2529 niam
1294 2474 1504 2539 salutis;
1529 2484 1582 2527 tu
1604 2488 1730 2527 vero
1742 2472 1894 2536 dicis,
1913 2470 2050 2526 Tra-

459 2574 585 2625 dunt
612 2571 754 2625 nobis
794 2585 979 2635 mores,
1030 2584 1156 2637 quos
1199 2584 1302 2620 non
1331 2565 1443 2619 licet
1471 2564 1739 2632 suscipere.
1771 2562 1904 2617 Vide
1931 2562 2050 2617 illos

458 2680 631 2733 neque
656 2662 887 2717 dtcnioni
912 2674 1071 2714 aures
1094 2658 1414 2728 praebentes,
1442 2656 1536 2709 sed
1562 2670 1721 2709 unam
1745 2662 2048 2723 spectantes

456 2755 756 2809 avaritiam.
785 2752 1094 2815 Traxerunt,
1126 2748 1316 2818 inquit,
1349 2764 1433 2801 eos
1470 2748 1521 2800 in
1569 2751 1739 2816 [orum
1762 2745 1828 2798 ad
1854 2745 2049 2815 princi-

458 2863 544 2915 pes
577 2862 595 2898 :
621 2855 668 2898 et
697 2844 918 2897 cucurrit
945 2842 1081 2912 plebs
1108 2840 1346 2893 adversus
1375 2855 1480 2891 eos.
1508 2837 1643 2891 Vide
1673 2836 1793 2890 illos
1820 2852 1924 2889 non
1956 2850 2044 2889 re—

456 2937 725 3008 spondere
751 2950 850 2989 nec
881 2950 1000 2989 sese
1026 2948 1255 3003 purgare
1279 2948 1293 2997 ;
1346 2942 1402 2985 ut
1426 2930 1629 2998 majore
1648 2930 1757 2984 sint
1782 2928 1924 3000 digni
1951 2929 2046 2981 ad-

456 3031 757 3087 miratione.
789 3029 921 3084 Nam
962 3028 1057 3093 ait,
1110 3027 1236 3080 Cum
1269 3026 1521 3094 inﬁrmor,
1568 3033 1685 3077 tunc
1708 3032 1885 3094 potens
1907 3038 2040 3076 sum.

456 3126 654 3196 Sufﬁcit
681 3124 765 3177 tibi
792 3124 956 3195 gratia
1003 3137 1144 3185 mea;
1175 3136 1294 3174 nam
1350 3120 1508 3172 virtus
1536 3134 1649 3171 mea
1674 3118 1729 3172 in
1754 3117 2045 3185 inﬁrmitate

455 3219 712 3286 perﬁcitur
734 3216 821 3287 (2.
847 3214 965 3270 Cor.
995 3214 1083 3268 12.
1114 3212 1182 3272 10
1226 3222 1272 3266 et
1312 3211 1412 3281 9).
1436 3211 1617 3281 itaque
1646 3224 1713 3264 ex
1738 3219 2043 3263 mansuetu-

452 3310 579 3363 dine
608 3307 950 3361 admirabiles
978 3314 1153 3360 erant.
1195 3304 1405 3372 Quanto
1447 3301 1757 3372 diligentior
1796 3300 2040 3355 custodia

453 3412 588 3469 erat,
618 3410 762 3456 tanto
788 3400 1101 3454 miraculum
1141 3396 1490 3468 splendidius.
1522 3395 1769 3449 Fortasse
1793 3393 1871 3449 sic
1890 3393 2037 3448 sedi-

451 3502 651 3555 tionem
699 3497 889 3552 sedare
943 3495 1214 3549 volebant.
1262 3493 1395 3559 Quia
1446 3491 1696 3545 videbant
1751 3491 2037 3545 instantem

452 3592 684 3657 turbam,
705 3591 871 3661 plagis
887 3586 1100 3659 quidem
1128 3588 1179 3640 in
1206 3586 1456 3655 praesenti
1482 3583 1716 3639 furorem
1737 3584 1926 3637 sistere
1944 3598 2038 3634 vo-

448 3686 660 3749 lebanl;
692 3700 812 3737 cum
844 3693 1019 3736 autem
1063 3683 1113 3734 in
1144 3694 1414 3735 carcerein
1445 3677 1791 3746 conjecerunt
1819 3684 1874 3728 et
1899 3691 2036 3743 pra:-

447 3785 705 3849 ceperunt
729 3784 975 3830 accurate
1019 3773 1240 3834 servari,
1272 3785 1486 3824 causam
1545 3770 1732 3823 audire
1762 3768 2031 3823 volebant.

448 3872 517 3925 Et
545 3870 748 3925 strinxit
775 3870 932 3939 ligno,
960 3868 1166 3936 inquit;
1195 3880 1258 3919 ac
1286 3866 1330 3918 si
1358 3863 1583 3927 diceret,
1616 3863 1666 3914 in
1693 3860 2036 3927 nervo.Quot

445 3962 696 4034 lacrytnis
713 3960 869 4029 digna
892 3971 1035 4021 sunt,
1061 3974 1179 4029 quae
1202 3973 1341 4011 nunc
1371 3957 1637 4027 aguntur?
1665 3955 1741 4010 Illi
1771 3956 1905 4007 mala
1938 3969 2032 4022 pa-

444 4055 731 4118 tiebantur,
757 4067 853 4106 nos
873 4052 923 4103 in
948 4051 1393 4120 deliciisagimus,
1415 4063 1512 4102 n0s
1529 4049 1580 4101 in
1610 4048 1855 4102 theatris.
1879 4047 2032 4103 Unde

440 4146 706 4216 pernicies
751 4143 944 4199 accidit
963 4151 1019 4197 et
1039 4143 1450 4213 submergimur,
1474 4140 1598 4195 dum
1617 4141 1848 4211 quietem
1873 4141 2029 4195 undi-

441 4257 544 4310 que
573 4239 885 4309 quaeriinus,
917 4252 1018 4290 nec
1046 4251 1142 4305 pro
1167 4236 1382 4289 Christo
1411 4234 1656 4289 volumus
1677 4235 1761 4289 vel
1787 4234 2027 4289 convicia

439 4333 726 4394 sustinere,
756 4331 838 4384 vel
865 4330 1026 4383 etiam
1054 4329 1234 4383 verba.
1259 4328 1382 4382 Haec
1408 4327 1714 4398 frequenter
1742 4327 1795 4382 in
1826 4342 2029 4382 memo-

439 4428 575 4479 riam
626 4437 960 4488 revocemus,
1004 4422 1263 4487 obsecro,
1309 4431 1505 4491 quanta
1558 4421 1632 4474 illi
1684 4421 1827 4491 passi
1878 4422 2021 4485 sint,

437 4528 635 4590 quanta
664 4516 1034 4582 sustinuerint,
1061 4514 1330 4585 quomodo
1358 4529 1457 4568 nec
1478 4513 1693 4579 turbati,
1719 4528 1817 4568 nec
1834 4512 2023 4568 offensi

437 4614 565 4665 sint.
598 4609 692 4665 Dei
717 4623 852 4677 opus
878 4608 1325 4676 exsequebantur,
1350 4616 1404 4660 et
1431 4605 1545 4660 haec
1571 4608 1709 4675 passi
1739 4615 1881 4660 sunt.
1904 4605 2019 4661 Non

434 4702 685 4757 dicebant
713 4718 726 4753 :
759 4700 867 4755 Cur
898 4700 998 4752 hoc
1019 4698 1388 4769 praedicamus,
1416 4713 1513 4751 nec
1541 4697 1694 4752 nobis
1716 4698 2018 4767 praisidium

432 4795 587 4850 alien
644 4794 825 4847 Deus?
882 4790 985 4846 Sed
1036 4800 1090 4845 et
1144 4790 1244 4843 hoc
1288 4789 1391 4843 il-lis
1433 4788 1704 4859 proderat,
1737 4798 1791 4843 et
1818 4789 2019 4860 absque

433 4903 533 4957 ope
574 4904 637 4941 ex
687 4888 798 4956 ipsa
840 4900 900 4939 re
956 4884 1346 4938 constantiores
1390 4881 1677 4947 reddebat,
1731 4881 2013 4944 fortiores,

435 4979 836 5048 imperterritos.
884 4977 1160 5031 Tribulatio
1180 5018 1197 5044 ,
1228 4975 1434 5045 inquit,
1464 4975 1753 5044 patientiam
1780 4985 2017 5043 operatur

432 5073 624 5141 (Rom.
658 5072 711 5124 5.
744 5069 834 5140 4).

503 5162 652 5216 Nihil
676 5162 902 5214 inutilius
927 5160 1300 5221 alicam—Ne,
1322 5174 1524 5228 qumso,
1550 5158 1744 5212 ﬂuxam
1766 5168 1820 5212 et
1844 5159 2015 5213 disso-

432 5256 599 5309 lutam
627 5268 924 5322 quaeramus
956 5252 1135 5304 vitain.
1164 5250 1233 5306 Ut
1275 5252 1416 5306 enim
1466 5250 1551 5304 hic
1589 5250 1782 5321 duplex
1816 5251 2010 5304 bonum

431 5358 537 5412 est,
566 5347 707 5417 quod
740 5346 987 5399 fortiores
1029 5350 1155 5397 liant
1174 5387 1189 5409 ,
1213 5355 1266 5399 et
1292 5344 1431 5413 quod
1461 5360 1648 5414 magna
1676 5344 1745 5398 sit
1772 5360 2008 5399 merces:

428 5441 507 5494 sic
530 5439 597 5492 ibi
622 5436 817 5506 duplex
840 5437 1058 5499 malum,
1079 5436 1218 5506 quod
1243 5438 1507 5492 molliores
1523 5438 1769 5503 evadant,
1790 5447 1843 5492 et
1869 5437 2011 5508 quod

428 5533 495 5586 ad
527 5531 726 5585 nullam
753 5529 1052 5590 utilitatem,
1080 5528 1171 5581 sed
1195 5528 1244 5579 in
1271 5530 1487 5582 malum.
1513 5532 1650 5585 Nihil
1681 5533 1821 5585 enim
1847 5531 2009 5585 inuti-

429 5624 531 5679 lius
577 5623 813 5685 homine,
843 5620 930 5691 qui
964 5621 1027 5672 -in
1067 5619 1177 5671 otio
1219 5629 1273 5673 et
1310 5619 1516 5673 deliciis
1557 5635 1722 5675 totum
1769 5625 2012 5693 transigit

429 5726 659 5783 tempus.
715 5712 827 5777 Vir,
858 5712 1048 5782 inquit,
1080 5727 1185 5764 non
1218 5712 1492 5779 probatus,
1522 5715 1679 5766 etiam
1708 5716 1966 5783 reprobus
1993 5734 2003 5767 :

426 5807 709 5878 mprobus,
733 5821 839 5861 non
866 5805 920 5860 in
952 5806 1032 5861 his
1060 5814 1259 5860 tantum
1292 5804 1695 5870 certaminibus,
1727 5806 1818 5861 sed
1852 5809 2011 5862 etiam

1177 321 1235 377 S.
1276 315 1556 375 JOANNIS
1576 310 2053 371 CIIRYSOSTOMI
2106 308 2422 368 ARCHIEP.
2454 313 2987 372 CONSTANTINOP.

3657 319 3761 380 πθ

2176 426 2229 478 in
2256 425 2375 482 aliis
2402 428 2674 484 omnibus.
2732 429 2839 484 Res
2878 441 2962 485 est
3005 430 3204 487 inutilis
3249 433 3451 489 desidia
3481 452 3494 486 :
3527 443 3686 504 atque
3708 436 3762 489 in

2174 517 2305 587 ipsis
2346 519 2557 574 deliciis
2595 520 2724 574 nihil
2752 521 2823 578 ita
2853 521 3023 576 fructu
3062 538 3251 579 carens
3296 535 3355 579 ut
3393 525 3630 579 deliciari
3666 525 3757 580 :id

2174 610 2317 695 enim
2358 608 2625 665 fastidium
2650 613 2805 682 parit.
2847 613 3029 685 Neque
3060 624 3203 669 tanta
3235 626 3319 671 est
3343 617 3584 672 ciborum
3613 618 3759 673 desi-

2171 703 2380 775 diaeque
2416 706 2693 775 voluptas;
2726 706 2821 761 sed
2851 708 3029 762 omnia
3072 710 3313 765 deﬂuunt
3340 721 3395 765 et
3415 712 3653 766 avolant.
3683 712 3760 770 Ne

2172 794 2310 850 hanc
2350 811 2670 867 quaeramus.
2719 797 2775 854 Si
2819 800 2964 855 enim
3010 802 3352 858 considerare
3396 805 3761 871 voluerimus,

2170 898 2291 943 nter
2318 891 2533 944 suavius
2559 901 2698 960 agat,
2732 892 2821 961 qui
2851 893 3061 948 laborat
3085 901 3139 947 et
3164 894 3215 947 in
3243 895 3495 949 mrumnis
3515 896 3666 962 vivit,
3691 912 3762 951 an

2169 981 2259 1051 qui
2286 982 2567 1036 deliciatur
2599 1001 2613 1037 :
2648 983 2796 1036 illum
2825 985 3041 1038 suavius
3066 986 3243 1041 vivere
3268 987 3757 1056 deprehendetnus.

2168 1072 2300 1127 Nam
2345 1066 2517 1143 primo
2545 1074 2687 1129 illius
2716 1090 2909 1144 corpus
2934 1090 3131 1131 enerve
3159 1087 3212 1132 et
3238 1078 3473 1147 ineptum
3506 1091 3589 1135 est
3614 1098 3629 1132 :
3658 1080 3759 1134 de—

2168 1165 2291 1219 inde
2319 1167 2561 1234 corporis
2586 1182 2774 1221 sensus
2798 1184 2902 1221 non
2929 1179 3055 1223 sunt
3078 1170 3271 1225 sinceri
3295 1186 3467 1242 neque
3489 1172 3629 1238 sani,
3660 1173 3759 1227 sed

2167 1259 2357 1314 molles
2382 1270 2436 1314 et
2463 1260 2693 1329 languidi
2720 1278 2734 1327 ;
2767 1261 2853 1316 tibi
2884 1278 3013 1316 vero
3038 1263 3114 1318 sic
3141 1280 3227 1318 res
3254 1264 3434 1330 habet,
3465 1282 3638 1337 neque
3663 1284 3757 1321 sa-

2165 1353 2347 1407 nitatis
2374 1355 2621 1423 voluptas
2649 1365 2892 1424 apparet.
2942 1355 3073 1422 Quis
3101 1372 3271 1427 equus
3304 1354 3466 1425 utilis,
3501 1360 3589 1429 qui
3616 1360 3757 1414 deli-

2164 1450 2334 1504 ciatur
2370 1465 2436 1503 an
2478 1450 2565 1520 qui
2592 1451 2914 1505 exercetur?
2942 1468 3061 1521 qua:
3103 1454 3272 1517 navis,
3302 1470 3420 1524 qua:
3446 1456 3661 1526 navigat
3685 1471 3754 1508 an

2162 1558 2281 1613 qua:
2316 1542 2549 1597 otiatur?
2586 1558 2706 1613 quae
2732 1559 2898 1613 aqua,
2935 1561 3055 1613 qua:
3084 1544 3199 1599 ﬂuit
3226 1562 3292 1599 an
3323 1561 3441 1615 qua:
3480 1548 3756 1617 quiescit?

2161 1637 2303 1708 quod
2335 1636 2556 1704 ferrum,
2587 1638 2729 1707 quod
2756 1646 3000 1692 movetur
3025 1654 3092 1693 an
3123 1639 3263 1709 quod
3295 1640 3429 1694 nihil
3456 1650 3713 1709 operatur
3732 1642 3757 1694 ?

2161 1746 2338 1786 annon
2366 1730 2496 1786 illud
2526 1731 2741 1801 quidem
2769 1731 3046 1801 splendet,
3101 1744 3152 1788 et
3179 1744 3401 1804 argento
3431 1735 3607 1790 simile
3634 1746 3751 1801 eSt;

2162 1828 2266 1885 hoc
2293 1835 2469 1882 autem
2500 1827 2743 1896 rubigine
2767 1830 3134 1895 consumitur,
3163 1838 3218 1883 et
3248 1829 3432 1884 inutile
3456 1840 3559 1895 est,
3589 1840 3753 1900 atque

2159 1936 2226 1974 ex
2252 1919 2475 1974 materia
2499 1934 2593 1973 sna
2622 1919 2894 1989 quidpiam
2924 1920 3158 1973 amittit?
3200 1920 3328 1976 Tale
3355 1921 3627 1991 quidpiam
3652 1937 3752 1978 ac-

2158 2013 2289 2068 cidit
2315 2015 2503 2068 otiosaa
2528 2014 2722 2067 animae
2752 2031 2765 2066 :
2799 2013 2989 2082 rubigo
3016 2012 3259 2082 qttmdam
3294 2013 3436 2068 illam
3464 2015 3749 2084 pervadit,

2158 2118 2211 2163 et
2239 2107 2579 2177 splendorem
2619 2107 2855 2161 corrodit
2893 2117 3193 2177 caateraque
3234 2108 3433 2162 omnia.
3480 2110 3594 2176 Qua
3630 2120 3752 2165 arte

2155 2200 2274 2269 quis
2302 2201 2439 2255 hanc
2464 2200 2760 2269 rubiginem
2786 2200 3142 2256 absterserit?
3172 2199 3554 2255 Erumnarnm
3581 2210 3707 2257 cote
3732 2222 3747 2259 :

2157 2291 2263 2345 illa:
2285 2292 2466 2346 utilem
2494 2291 2727 2347 reddunt
2746 2292 2975 2347 animam
2998 2300 3051 2345 et
3072 2294 3122 2345 in
3150 2292 3396 2347 omnibus
3416 2294 3747 2362 expeditam.

2154 2381 2434 2450 Quomodo
2464 2382 2629 2449 enim,
2657 2397 2859 2453 quaeso,
2885 2383 3079 2453 poterit
3106 2383 3230 2436 vitia
3259 2383 3553 2449 succidere,
3581 2384 3750 2438 hebe-

2154 2486 2260 2531 tata
2287 2477 2421 2541 acie,
2446 2484 2500 2531 et
2526 2478 2674 2547 quasi
2698 2477 2970 2547 plumbum
2997 2475 3229 2531 reﬂexa?
3253 2477 3524 2547 quomodo
3547 2476 3746 2531 diabo-

2152 2571 2260 2625 lum
2282 2570 2592 2627 confodiet?
2618 2572 2703 2626 cui
2728 2586 2833 2625 non
2855 2578 2939 2624 est
2958 2570 3199 2639 ingratus
3224 2569 3386 2624 homo
3407 2570 3494 2640 qui
3521 2570 3749 2640 pingue-

2151 2661 2262 2717 dini
2287 2661 2484 2727 studet,
2513 2676 2575 2716 ac
2605 2661 2747 2716 velut
2777 2660 2947 2730 pboca
2979 2659 3243 2714 trahitur?

2222 2755 2275 2810 5.
2305 2752 2471 2807 Lauta
2498 2769 2667 2808 mensa
2695 2754 3022 2825 vituperatur.
3047 2782 3115 2792 —
3137 2751 3255 2807 Non
3283 2751 3383 2807 hoc
3409 2751 3529 2806 dico
3555 2750 3623 2806 de
3652 2752 3743 2815 iis,

2149 2846 2240 2914 qui
2260 2856 2443 2899 natura
2467 2845 2603 2900 tales
2623 2855 2767 2912 sunt,
2790 2843 2883 2899 sed
2906 2843 2972 2899 de
2992 2844 3074 2909 iis,
3087 2844 3175 2914 qui
3192 2858 3255 2898 ex
3273 2843 3511 2898 ciborum
3531 2843 3745 2898 deliciis

2149 2938 2275 2994 talia
2319 2939 2421 2993 sibi
2465 2953 2691 3007 corpora
2730 2946 2944 3008 parant,
2973 2951 3095 2991 cum
3142 2944 3331 2991 natura
3372 2950 3467 2990 sua
3510 2936 3747 3006 graciles

2146 3043 2347 3090 essent.
2374 3033 2534 3089 Ortus
2554 3043 2636 3089 est
2656 3033 2759 3100 sol,
2782 3032 2958 3088 radios
2982 3032 3177 3103 ubique
3196 3031 3507 3102 splendidos
3524 3032 3745 3099 effudit,

2146 3126 2385 3198 singulos
2426 3126 2495 3181 ad
2534 3141 2696 3196 opera
2735 3126 2984 3181 excitavit
3012 3142 3027 3180 :
3058 3125 3291 3196 agricola
3316 3136 3527 3194 sumpto
3560 3125 3747 3195 ligone

2146 3220 2287 3283 exit,
2317 3217 2540 3271 aerarius
2569 3216 2818 3271 malleum
2847 3215 3205 3287 apprehendit
3226 3257 3242 3280 ,
3270 3216 3463 3286 singuli
3491 3217 3742 3272 artiﬁces

2143 3324 2264 3379 quae
2284 3308 2384 3363 sibi
2407 3316 2734 3379 congruunt;
2756 3316 2811 3362 et
2830 3323 3095 3378 quemque
3118 3309 3360 3364 invenies
3382 3310 3742 3364 instrumenta

2143 3416 2237 3455 sua
2266 3409 2612 3466 tractantem;
2638 3400 2831 3455 mulier
2885 3400 3063 3456 colum
3094 3400 3178 3456 vel
3211 3410 3472 3456 texturam
3504 3402 3700 3470 arripit
3726 3420 3740 3456 :

2143 3492 2235 3548 illc
2261 3502 2438 3546 autem
2479 3506 2690 3547 summo
2738 3507 2895 3547 mane
2918 3493 3070 3562 quasi
3102 3508 3294 3562 porcus
3317 3493 3383 3548 ad
3407 3494 3742 3563 pascendum

2140 3594 2383 3639 ventrem
2413 3584 2554 3648 exit,
2586 3599 2834 3653 quaerens
2862 3584 3134 3655 quomodo
3163 3584 3361 3639 lautam
3394 3596 3546 3655 paret
3573 3602 3741 3641 inen-

2141 3691 2276 3730 sam.
2328 3676 2490 3746 Atqui
2537 3675 2821 3730 brutorum
2861 3684 2944 3732 est
2983 3684 3190 3730 tantum
3235 3693 3265 3730 a
3315 3692 3522 3731 summo
3572 3694 3742 3734 mane

2138 3769 2313 3823 cibum
2341 3768 2511 3834 adire,
2535 3768 2657 3836 quia
2683 3767 2750 3821 ad
2782 3768 2916 3821 nihil
2947 3768 3094 3823 utilia
3126 3778 3272 3835 sunt,
3304 3769 3403 3822 nisi
3430 3770 3492 3822 ad
3527 3782 3742 3825 macta-

2141 3860 2360 3914 tionem.
2409 3859 2503 3913 illa
2535 3874 2663 3913 vero
2687 3874 2807 3928 quae
2854 3858 3015 3913 dorso
3060 3870 3303 3930 gestant,
3336 3870 3388 3914 et
3417 3861 3567 3930 operi
3604 3872 3740 3929 apta

2138 3962 2291 4019 sunt,
2340 3953 2453 4021 ipsa
2500 3967 2711 4022 quoque
2758 3962 2919 4007 noctu
2945 3952 3010 4005 ad
3042 3967 3178 4022 opus
3203 3953 3574 4023 egrediuntur.
3632 3954 3740 4009 llic

2136 4054 2313 4101 autem
2343 4062 2372 4099 a
2402 4048 2540 4100 lecto
2563 4060 2808 4116 surgens,
2839 4046 2953 4101 sole
2979 4045 3152 4101 forum
3182 4047 3443 4116 replente,
3467 4057 3520 4101 et
3552 4050 3732 4101 omni.

2135 4139 2233 4192 bus
2265 4138 2444 4193 labore
2470 4138 2695 4203 satiatis,
2726 4139 2895 4208 surgit
2921 4154 2980 4193 se
3010 4138 3319 4193 distendens
3347 4140 3494 4207 quasi
3527 4154 3731 4209 porcus

2133 4230 2424 4299 saginatus,
2451 4239 2730 4299 postquam
2765 4230 3019 4299 optimam
3048 4230 3152 4284 diei
3178 4241 3381 4300 partem
3406 4231 3458 4284 in
3486 4232 3731 4285 tenebris

2131 4324 2483 4392 consumpsit.
2524 4322 2727 4377 Deinde
2775 4324 2941 4376 multo
2972 4332 3213 4393 tempore
3262 4324 3312 4377 in
3353 4324 3489 4378 lecto
3531 4323 3723 4387 sedet,

2130 4430 2230 4470 nec
2292 4416 2432 4470 ferre
2480 4424 2657 4485 potest
2706 4430 2851 4483 szepe
2896 4417 3252 4485 veSpertinam
3292 4416 3602 4485 crapulam,
3672 4421 3725 4472 in

2131 4506 2216 4561 his
2246 4518 2566 4576 consumpta
2594 4508 2824 4562 maxima
2876 4509 3132 4577 temporis
3186 4517 3356 4576 parte.
3414 4509 3550 4563 Hinc
3597 4524 3724 4563 sese

2129 4610 2382 4665 exornat,
2414 4609 2467 4655 et
2498 4600 2737 4669 procedit
2766 4600 3110 4670 turpitudinis
3147 4603 3510 4670 spectaculum
3536 4645 3550 4667 ,
3582 4601 3722 4656 nihil

2128 4691 2333 4746 habens
2386 4692 2652 4755 hominis,
2704 4691 2796 4745 sed
2843 4691 3019 4745 omnia
3063 4691 3453 4747 hominiformis
3497 4694 3708 4748 bestiae.

2124 4790 2266 4845 oculi
2314 4789 2564 4859 lippiunt,
2596 4790 2777 4842 vinum
2808 4803 2871 4842 os
2898 4788 3024 4853 olet,
3059 4787 3254 4842 misera
3282 4789 3456 4843 anima
3480 4790 3636 4858 quasi
3661 4790 3720 4841 in

2123 4882 2319 4936 lectum
2349 4880 2592 4950 conjecta
2618 4880 2687 4934 ob
2714 4879 2913 4933 illatam
2945 4878 3063 4933 sine
3088 4879 3249 4933 modo
3275 4879 3514 4933 ciborum
3547 4882 3717 4935 Sarci-

2125 4989 2269 5038 nam,
2297 4974 2474 5027 carnis
2516 4971 2725 5040 pondus
2752 4970 3140 5025 circumferens
3169 4975 3305 5023 sicut
3334 4971 3573 5038 elephas.
3604 4970 3717 5041 De.

2123 5067 2247 5121 inde
2272 5067 2489 5120 veniens
2518 5066 2568 5118 in
2599 5064 2730 5118 locis
2760 5064 2944 5128 sedet,
2973 5065 3203 5133 taliaque
3227 5063 3354 5118 dicit
3379 5073 3434 5117 et
3463 5061 3625 5127 facit,
3660 5073 3719 5117 ut

2122 5159 2311 5213 melius
2338 5165 2483 5211 esset
2510 5156 2745 5210 dormire
2776 5156 2920 5209 illum
2944 5197 2957 5218 ,
2981 5170 3137 5225 quam
3174 5155 3410 5225 vigilare.
3442 5155 3497 5209 Si
3528 5156 3712 5224 gravia

2122 5250 2450 5313 nuntientur,
2476 5248 2651 5318 puella
2669 5248 2855 5317 quavis
2882 5247 3095 5301 mollior
3119 5255 3236 5309 est;
3263 5247 3305 5299 si
3330 5248 3533 5307 suavia,
3556 5246 3710 5314 puel-

2120 5343 2154 5396 li
2197 5342 2429 5411 cnjusvis
2486 5341 2763 5395 tenerior:
2797 5339 3228 5407 frequentissime
3267 5339 3475 5391 oscitat.
3521 5337 3707 5391 Omni—

2117 5437 2216 5491 bus
2240 5445 2441 5505 prostat
2462 5434 2597 5488 mala
2617 5433 2812 5487 inferre
2832 5433 3155 5496 vole..tibns,
3180 5433 3221 5486 si
3248 5448 3349 5486 non
3375 5432 3707 5495 hominibus,

2118 5539 2264 5583 certe
2305 5526 2579 5580 affectibus
2617 5548 2629 5581 :
2662 5527 2819 5578 talem
2859 5525 3129 5578 hominem
3163 5523 3313 5577 facile
3342 5526 3574 5576 excitant
3602 5524 3705 5591 ira,

2116 5618 2544 5687 concupiscentia
2568 5661 2581 5681 ,
2614 5617 2810 5670 invidia
2835 5658 2848 5680 ,
2882 5616 3080 5669 omnia.
3132 5613 3333 5670 Omnes
3384 5616 3705 5681 adulantur,

2118 5729 2306 5768 omnes
2349 5711 2671 5769 ministrant,
2715 5710 3013 5763 molliorem
3059 5709 3217 5763 solito
3258 5709 3545 5762 rcddcntes
3582 5709 3706 5763 ani-

2123 5827 2261 5865 mam
2308 5828 2319 5862 ε
2372 5818 2423 5863 et
2465 5805 2698 5875 quotidie
2748 5802 2928 5875 prodit
2982 5818 3101 5857 cum
3153 5818 3338 5869 magna
3395 5803 3707 5859 accessione
