4100 6354
156 250 265 305 255

156 373 248 425 καὶ
305 373 334 426 6
365 370 639 424 Ἀπόλλων
679 370 891 443 δαίμων
920 371 1065 439 ἐστί;
1126 374 1235 429 Καὶ
1277 376 1400 429 ἐπεὶ
1447 377 1696 432 ἐϐούλετο
1744 382 1824 445 εἰς

154 460 496 530 πειρασμούς
529 458 728 521 αὐτοὺς
764 457 1039 529 ἐμϐαλεῖν,
1098 459 1239 514 ὥστε
1277 463 1475 533 μᾶλλον
1502 467 1819 536 παροξῦναι,

148 548 501 619 παρώρμησε
529 545 727 615 λέγειν.

214 716 287 787 β’.
318 712 393 768 Ὦ
418 716 585 786 μιαρέ
615 717 707 770 καὶ
738 717 1029 789 παμμίαρε
1049 734 1063 749 ·
1093 720 1141 772 εἰ
1174 718 1351 774 τοίνυν
1386 720 1553 786 οἶδας,
1592 723 1674 776 ὅτι
1704 723 1822 776 666v

149 803 429 873 σωτηρίας
456 803 907 871 καταγγέλλουσι,
939 805 990 857 τί
1021 805 1094 877 μὴ
1130 805 1406 870 ἐξίστασαι
1447 807 1623 873 ἐκώνς
1682 810 1821 863 Ἀλλ’

146 892 283 960 ὅπερ
301 889 493 959 Σίμων
526 889 775 944 ἐϐούλετο
801 892 1002 959 λέγων·
1037 894 1178 947 Δότε
1198 913 1323 962 μοι,
1360 897 1462 949 ἵνα
1486 890 1534 963 ᾧ
1552 898 1661 951 ἐὰν
1692 897 1822 951 ἐπιο

148 977 225 1033 θῶ
259 978 371 1039 τὰς
416 976 642 1046 χεῖρας,
684 978 959 1048 λαμϐάνῃ
1013 980 1255 1050 Πνεῦμα
1296 981 1503 1051 ἅγιον·
1541 984 1699 1037 τοῦτο
1731 986 1824 1038 καὶ

146 1057 301 1126 οὗτος
325 1064 540 1117 ἐποίει·
585 1065 769 1136 ἐπειδὴ
794 1061 933 1117 εἶδεν
952 1064 1392 1136 εὐδοκιμοῦντας,
1432 1069 1528 1123 καὶ
1554 1062 1655 1123 ὧδε
1688 1072 1819 1125 ὐποο

147 1153 415 1221 κρίνεται,
440 1160 468 1188 ι
496 1151 671 1224 ταύτῃ
711 1153 1109 1224 προσεδόκησεν
1140 1155 1332 1210 ἐαυτὸν
1367 1157 1619 1226 ἀφίεσθαι
1652 1160 1710 1211 ἐν
1747 1159 1823 1229 τῷ

149 1241 385 1309 σώματι,
425 1242 473 1293 εί
503 1241 570 1292 τὰ
617 1240 755 1292 αὐτά
806 1240 1112 1311 κηρύξειεν.
1165 1243 1228 1295 Εἰ
1268 1242 1322 1296 δὲ
1354 1245 1504 1314 παρά
1536 1245 1821 1317 ἀνθρώπου

151 1332 269 1398 Οὐχ
300 1328 522 1396 ὡραῖος
548 1332 580 1383 ὁ
609 1325 778 1393 αἶνος
806 1330 875 1382 ἐν
898 1329 977 1395 τῷ
999 1331 1249 1399 στόματι
1281 1332 1646 1400 ἁμαρτωλοὶ),
1692 1335 1823 1388 πολ-

147 1416 218 1485 λῷ
274 1416 483 1486 μᾶλλον
531 1417 681 1487 παρά
738 1417 993 1486 δαίμονος
1028 1432 1043 1449 ·
1094 1420 1139 1471 εἰ
1199 1419 1352 1490 παρὰ
1401 1419 1701 1490 ἀνθρώπων
1756 1423 1822 1493 ὴν

150 1505 461 1574 μαρτυρίαν
503 1506 562 1558 οὐ
585 1504 847 1577 λαμϐάνει
885 1507 913 1558 6
950 1505 1203 1577 Χριστὸς,
1223 1507 1342 1559 οὐδέ
1376 1512 1527 1579 παρά
1556 1507 1821 1574 Ἰωάννου,

149 1592 325 1662 πολλῷ
342 1593 549 1659 μᾶλλον
571 1593 719 1662 παρὰ
736 1592 1010 1659 δαίμονος.
1040 1592 1113 1645 Τὸ
1133 1594 1241 1664 γὰρ
1275 1594 1561 1663 κηρύττειν
1598 1596 1697 1649 οὐκ
1727 1598 1823 1650 ἀν-

149 1681 408 1751 θρώπων,
440 1680 579 1734 ἀλλὰ
601 1680 738 1732 Πνεύ
747 1696 913 1750 ματος
963 1678 1142 1747 ἁγίου.
1198 1681 1348 1733 Ἐπεὶ
1374 1676 1466 1734 οὖν
1492 1681 1825 1747 ἀλαζονικῶς

145 1774 363 1826 ἐποίουν
398 1772 656 1841 βοῶντες,
688 1773 753 1841 τῇ
781 1773 994 1841 κραυγῇ
1027 1770 1390 1841 καταπλήξειν
1420 1773 1695 1843 ἐνόμισαν,
1732 1773 1822 1827 λέ-

146 1878 331 1928 γοντες
350 1876 366 1890 ·
416 1854 592 1915 οὗτοι
612 1863 664 1913 οἱ
688 1860 983 1927 ἂνθρωποι
1007 1858 1497 1927 ἐκταράσσουσιν
1522 1860 1690 1930 ἡμῶν
1711 1862 1824 1931 τὴν

145 1950 345 2002 πόλιν.
381 1948 451 2000 Τί
495 1947 711 2015 λέγεις;
745 1946 904 2018 πείθῃ
946 1946 1024 2017 τῷ
1071 1946 1319 2017 δαίμονι;
1367 1949 1454 2001 διὰ
1489 1950 1541 2002 τί
1580 1950 1701 2020 οὐχὶ
1732 1953 1824 2005 καὶ

146 2035 377 2088 ἐνταῦθα
398 2051 415 2100 ;
453 2035 691 2094 Ἐκεῖνος
712 2033 879 2102 λέγει,
913 2034 996 2086 ὅτι
1022 2034 1233 2089 Δοῦλοι
1255 2035 1361 2089 τοῦ
1387 2036 1535 2090 Θεοῦ
1558 2036 1663 2091 τοῦ
1684 2038 1822 2106 ὑψί-

145 2140 325 2177 στου·
366 2124 436 2176 σὺ
470 2122 671 2191 λέγεις,
715 2122 797 2175 ὅτι
836 2121 1355 2191 Ἐκταράσσουσιν
1375 2123 1548 2193 ἡμῶν
1571 2124 1686 2191 τὴν
1714 2126 1822 2179 πό-

144 2216 271 2264 λιν·
318 2212 532 2273 ἐκεῖνος
577 2209 747 2276 λέγει,
799 2210 879 2263 ὅτι
933 2209 1455 2279 Καταγγέλλουσιν
1492 2210 1634 2279 ἡμῖν
1681 2211 1825 2266 ὁδὸν

146 2299 479 2365 σωτηρίας·
519 2298 583 2349 σὺ
625 2296 824 2365 λέγεις,
860 2296 1298 2363 Παραδιδόασιν
1325 2297 1468 2365 ἡμῖν
1494 2298 1619 2367 ἔθη,
1643 2297 1682 2351 (2
1713 2301 1824 2353 οὐκ

145 2389 349 2451 ἔξεστι
392 2384 856 2455 παραδέχεσθαι.
893 2386 1032 2457 Ὅρα
1090 2386 1211 2439 οὐδέ
1242 2384 1318 2458 τῷ
1369 2387 1584 2458 δαίμονι
1628 2391 1824 2455 αὐτοὺς

153 2477 542 2544 πῳσέχοντας,
594 2474 729 2527 ἀλλὰ
756 2474 891 2544 πρὸς
916 2473 973 2525 ἓν
1009 2473 1269 2544 ὁρῶντας,
1309 2477 1407 2545 τὴν
1438 2476 1821 2548 φιλαργυρίαν.

146 2562 469 2617 Ηλκυσάν
490 2579 554 2616 τε
578 2563 821 2627 αὐτοὺς,
852 2562 1035 2632 φησὶν,
1061 2565 1148 2629 εἰς
1170 2563 1285 2632 τὴν
1311 2565 1534 2635 ἀγορὰν
1557 2567 1655 2620 ἐπὶ
1682 2567 1824 2633 τοὺς

144 2653 476 2720 ἀρχοντας·
520 2653 616 2705 καί
644 2652 991 2720 συνεπέστη
1022 2656 1056 2707 ό
1084 2652 1267 2722 ὄχλος
1288 2656 1415 2707 κατ’
1441 2653 1657 2712 αὐτῶν.
1680 2655 1824 2727 Ὅρα

148 2742 345 2803 αὐτοὺς
396 2741 499 2793 οὐκ
541 2741 1003 2811 ἀποκρινομένους
1036 2740 1157 2793 οὐδὲ
1200 2741 1691 2813 ἀπολογουμένους,
1737 2744 1825 2796 ἵνα

156 2829 401 2896 μείζονος
421 2828 563 2894 ἄξιοι
592 2826 867 2897 θαύματος
913 2826 1198 2895 γένωνται.
1246 2828 1430 2882 ⁰Οταν
1475 2830 1603 2900 γὰρ,
1638 2830 1821 2901 φησὶν,

151 2914 408 2979 ἀσθενῶ,
435 2915 570 2968 τότε
598 2914 855 2980 δυνατός
878 2917 1011 2983 εἰμι.
1047 2914 1247 2982 Ἀρκεῖ
1269 2932 1370 2969 σοι
1405 2916 1443 2983 ἡ
1478 2916 1650 2985 χάρις
1680 2933 1821 2986 μου·

154 3007 195 3071 ἠ
231 3004 339 3073 γὰρ
366 3003 628 3072 δύναμίς
659 3022 778 3073 μου
834 3003 905 3056 ἐν
934 3002 1217 3070 ἀσθενείᾳ
1262 3004 1609 3058 τελειοῦται.
1663 3005 1826 3057 Ὥστε

156 3092 247 3144 καὶ
287 3092 399 3144 ἀπὸ
445 3090 549 3159 τῆς
594 3090 890 3152 ἐπιεικείας
940 3089 1327 3161 θαυμασθῆναι
1386 3091 1582 3155 αὐτοὺς
1636 3092 1826 3163 ἐχρῆν.

158 3179 299 3249 ὐσῳ
322 3177 698 3249 ἀκριϐεστέρα
726 3178 761 3247 ἡ
788 3177 1003 3249 φυλακὴ
1040 3178 1271 3247 γίνεται,
1300 3179 1538 3249 τοσούτῳ
1560 3178 1620 3233 τὸ
1644 3179 1829 3251 θαῦμα

156 3266 553 3338 λαμπρότερον.
588 3267 750 3329 Ἴσως
782 3266 880 3337 τὴν
914 3265 1177 3320 σύστασιν
1210 3266 1438 3334 ἐκκόψαι
1466 3268 1495 3307 1)
1521 3267 1830 3338 βουλόμενοι

158 3355 304 3408 τοῦτο
330 3355 554 3425 ἐποίουν
576 3355 794 3407 ἐκεῖνοι.
826 3352 1044 3423 Ἐπειδὴ
1063 3349 1202 3407 εἶδον
1222 3354 1314 3407 τὸν
1348 3350 1505 3415 ὄχλον
1527 3355 1827 3425 ἐφεστῶτα,

157 3448 266 3506 ταῖς
289 3444 392 3513 μὲν
419 3424 658 3510 πληγαῖς
688 3440 779 3494 τὸν
802 3441 971 3511 θυμὸν
994 3440 1134 3504 τέως
1168 3442 1362 3513 στῆσαι
1397 3424 1698 3509 ἐϐούλοντο,
1751 3444 1831 3516 τῷ

156 3532 210 3585 δέ
234 3534 310 3594 εἰς
343 3531 726 3600 δεσμωτήριον
754 3529 1010 3599 ἐμϐαλεῖν
1057 3529 1151 3583 καὶ
1188 3531 1551 3602 παραγγεῖλαι
1571 3532 1830 3602 ἀσφαλῶς

158 3622 358 3690 τηρεῖν,
407 3617 641 3671 ἀκοῦσαι
685 3617 877 3688 ἦθελον
906 3616 1000 3671 τοῦ
1040 3617 1383 3687 πράγματος.
1431 3618 1830 3689 K011103011}!-

162 3724 317 3771 σατο,
348 3707 543 3776 φησὶν,
590 3709 676 3773 εἰς
705 3705 772 3759 τὸ
801 3706 1010 3770 ξύλον,
1041 3706 1114 3770 ὡς
1156 3706 1220 3759 ἂν
1259 3706 1402 3759 εῐποι
1451 3725 1555 3772 τις,
1600 3710 1693 3772 Εἰς
1738 3710 1829 3764 τὸν

164 3794 360 3865 νέρϐον.
400 3795 589 3847 Πὸσων
617 3793 866 3864 δακρύων
894 3794 962 3846 τά
985 3793 1078 3847 νῦν
1104 3794 1265 3859 ἄξια;
1297 3795 1523 3850 Ἐκεῖνοι
1569 3797 1666 3867 μὲν
1691 3799 1827 3852 ἔπα-

166 3880 241 3933 θον
282 3884 387 3936 ὅσα
413 3882 509 3933 κα)⁸
555 3880 777 3944 ἔπαθον,
836 3882 997 3950 ἡμεῖς
1030 3880 1087 3934 δὲ
1135 3882 1191 3933 ἐν
1229 3885 1446 3953 τρυφῇ,
1490 3884 1650 3954 ἡμεῖς
1681 3885 1738 3937 δὲ
1771 3887 1828 3939 ἐν

165 3968 424 4041 θεάτροις.
458 3969 623 4021 ’Ὅθεν
664 3969 761 4021 καὶ
786 3968 1158 4039 ἀπολλύμεθα,
1182 3969 1275 4022 καὶ
1297 3971 1824 4042 καταποντιζόμεθα,

164 4058 329 4110 ἄνεσιν
360 4056 657 4126 ζητοῦντες
699 4056 997 4127 πανταχοῦ.
1028 4058 1123 4109 καὶ
1152 4057 1271 4110 οὐδὲ
1302 4058 1495 4128 μέχρις
1517 4059 1826 4129 ὀνειδισμοῦ

164 4146 238 4199 διὰ
272 4148 366 4200 τὸν
391 4146 629 4217 Χριστὸν
649 4144 963 4216 ἀνεχόμενοι
990 4144 1320 4217 λυπηθῆναι,
1347 4147 1469 4200 οὐδέ
1491 4149 1653 4218 μέχρι
1675 4148 1824 4223 [272]

162 4232 329 4302 λόγου.
366 4232 594 4295 Τούτοις
642 4232 881 4302 συνεχῶς
919 4233 1422 4304 ἀναμιμνήσκωμεν
1444 4236 1692 4301 ἐαυτοὺς,
1723 4253 1828 4291 πα-

165 4321 395 4391 ρακαλῶ,
421 4321 526 4373 ὅσα
550 4319 772 4383 ἔπαθον,
807 4320 909 4373 ὅσα
950 4319 1266 4390 ὑπέμειναν,
1319 4320 1435 4383 πῶς
1494 4321 1593 4375 οὐκ
1639 4322 1828 4395 ἐθορυ-

160 4408 360 4473 ϐοῦντο,
416 4407 536 4470 πῶς
584 4407 685 4459 οὐκ
724 4406 1180 4471 ἐσκανδαλίζοντο.
1226 4407 1298 4460 Τὸ
1351 4408 1446 4461 τοῦ
1493 4408 1627 4462 Θεοῦ
1664 4410 1825 4482 ἔργον

160 4500 391 4563 ἐποίουν,
421 4499 516 4551 καὶ
545 4496 719 4550 ταῦτα
760 4496 1016 4567 ἔπασχον.
1052 4497 1166 4550 Οὐκ
1197 4498 1401 4566 ἔλεγον.
1442 4498 1506 4551 Τί
1529 4495 1686 4555 τοῦτο
1728 4518 1825 4571 κη-

162 4587 451 4656 ρύττομεν,
499 4585 594 4638 καὶ
656 4584 716 4636 οὐ
772 4585 1093 4653 προΐσταται
1154 4585 1310 4654 ἡμῶν
1364 4586 1393 4638 6
1444 4586 1615 4652 Θεός;
1664 4588 1825 4643 Ἀλλά

161 4679 245 4727 καὶ
302 4675 469 4728 τοῦτο
525 4674 723 4736 αὐτοὺς
766 4672 1002 4741 ὠφέλει,
1055 4673 1149 4725 καὶ
1198 4673 1365 4743 χωρὶς
1426 4674 1524 4743 τῆς
1574 4674 1826 4746 βοηθείας

166 4762 301 4832 αὐτῷ
330 4762 413 4832 τῷ
443 4761 730 4831 πράγματι
760 4759 1151 4830 εὐτονωτέρους
1189 4761 1379 4823 ἐποίει,
1424 4762 1822 4834 ἰσχυροτέρους,

163 4849 612 4919 ἀκαταπλήκτους
639 4857 687 4899 ο.
727 4845 800 4901 Ἠ
838 4845 1064 4915 θλῖψις,
1104 4846 1290 4917 φησὶν,
1324 4849 1643 4917 ὑπομονὴν
1680 4866 1821 4903 κατα

162 4955 213 5002 ερ
221 4939 471 5004 γὰζεται.

222 5028 310 5096 Μὴ
349 5026 418 5096 δὴ
479 5024 571 5076 τὸν
627 5024 791 5095 ὑγρὸν
834 5024 929 5076 καὶ
967 5023 1352 5093 διακεχυμένον
1399 5024 1650 5096 ζητῶμεν
1689 5026 1823 5096 βίον.

165 5114 362 5185 Ὠσπερ
399 5112 514 5183 γάρ
543 5111 775 5164 ἐνταῦθα
802 5110 1021 5163 διπλοῦν
1065 5110 1125 5163 τὸ
1174 5110 1358 5176 καλὸν,
1402 5112 1485 5164 ὅτι
1509 5129 1569 5165 τε
1615 5114 1827 5184 ἰσχυροὶ

164 5204 393 5267 γίνονται
425 5201 525 5253 καί
553 5201 635 5252 ὅτι
666 5198 893 5269 μεγάλοι
926 5200 973 5250 οἱ
1003 5198 1206 5266 μισθοὶ,
1252 5196 1424 5262 οὕτως
1457 5200 1575 5253 ἐκεῖ
1602 5200 1826 5255 διπλοῦν

166 5291 217 5339 τὸ
237 5290 424 5355 κακὸν,
452 5289 537 5341 ὅτι
567 5304 625 5338 τε
667 5285 1063 5356 μαλακώτεροι.
1092 5285 1442 5339 καθίστανται
1476 5288 1566 5340 καὶ
1603 5289 1683 5341 ὅτι
1738 5289 1826 5342 ἐπ’

165 5377 321 5431 οὐδενὶ
344 5375 595 5447 χρηστῷ,
634 5373 769 5427 ἀλλά
790 5376 883 5427 καὶ
910 5374 1003 5426 ἐπὶ
1040 5371 1211 5443 κακῷ.
1242 5372 1405 5426 Οὐδὲν
1428 5373 1537 5445 γὰρ
1560 5376 1828 5446 ἀχρηστό-

165 5482 306 5535 τερον
354 5464 648 5533 ἀνθρώπου
697 5462 889 5530 γένοιτ’
923 5461 989 5514 ἂν
1027 5462 1084 5513 ἐν
1130 5461 1311 5513 ἀνέσει
1363 5462 1457 5515 καὶ
1499 5467 1677 5535 τρυφῇ
1735 5466 1827 5518 τὸν

164 5552 367 5606 ἅπαντα
399 5549 778 5613 διατελοῦντος
831 5550 1040 5619 χρόνον.
1084 5549 1246 5619 Ἀνὴρ
1286 5549 1415 5620 γάρ,
1456 5553 1638 5621 φησὶν,
1674 5553 1829 5605 ἀπεί-

168 5656 370 5709 ραστος,
407 5640 507 5693 καὶ
526 5638 813 5707 ἀδόκιμος·
852 5637 1128 5707 ἀδόκιμος,
1153 5638 1253 5691 οὐκ
1278 5639 1335 5691 ἐν
1359 5640 1470 5702 τοῖς
1496 5640 1673 5709 ἀγῶσι
1701 5642 1825 5693 τού-

218 5815 235 5838 ⁸
258 5819 346 5866 Καὶ
369 5816 484 5865 οὐδέ
506 5812 831 5873 ὑποκρίνεται,
857 5813 927 5859 sic
954 5824 1083 5860 unus
1103 5811 1273 5860 codex.
1346 5812 1373 5849 Ι)
1404 5812 1533 5861 Mem
1552 5817 1635 5871 τήν
1659 5817 1827 5865 στάσιν

164 5878 371 5941 ἐκκόψαι,
444 5881 465 5909 ε
495 5877 613 5935 Alii,
638 5876 778 5936 χωρὶς
817 5880 896 5931 τῆς
926 5873 1139 5931 ἀληθείας
1170 5874 1217 5921 ἐν
1252 5875 1379 5938 αὐτῷ
1417 5878 1482 5936 τῷ
1508 5878 1761 5939 πράγματι.

1184 253 1252 310 IN
1296 255 1477 313 ACTA
1508 258 2290 322 APOSTOLOBUM.HOMIL.
2324 266 2519 323 XXXV

1918 400 2054 445 τοις.
2083 384 2216 440 ἀλλὰ
2238 388 2332 440 καὶ
2358 388 2417 440 ἐν
2438 388 2552 452 τοῖς
2582 386 2762 452 ἄλλοις
2788 388 3013 444 ἅπασιν.
3035 388 3337 460 ’Δχρηστον
3356 391 3590 459 πρᾶγμα

1920 472 1955 538 ἠ
1984 472 2186 535 ἄνεσις,
2224 475 2317 526 καὶ
2349 476 2409 527 ἐν
2439 476 2575 546 αὐτῇ
2627 475 2685 529 δέ
2736 478 2801 545 τῇ
2826 479 3003 548 τρυφῇ
3030 478 3181 530 οὐδὲν
3208 475 3378 539 οὕτως
3402 477 3586 530 ἀνεπι-

1920 558 2148 629 τήδειον,
2177 560 2251 624 ὡς
2296 561 2355 613 τὸ
2408 564 2658 633 τρυφᾴν·
2718 564 3021 633 προσκορές
3068 564 3177 633 γάρ
3224 565 3391 617 ἐστιν.
3453 561 3592 616 Οὔτε

1925 645 2108 698 σιτίων
2137 647 2296 717 ήδονὴ
2329 648 2585 719 τοσαύτη,
2620 648 2744 703 οὔτε
2795 650 3051 713 ἀνέσεως,
3100 650 3237 703 ἀλλὰ
3270 649 3447 703 πάντα
3479 648 3592 714 ἐξί-

1921 732 2060 802 τηλα
2086 734 2292 803 γίνεται
2327 738 2419 789 καὶ
2454 736 2684 808 διαρρεῖ.
2744 739 2834 807 Μὴ
2875 737 2939 809 δὴ
2968 737 3173 807 ταύτην
3221 736 3589 808 ἐπιζητῶμεν.

1921 819 1986 871 El
2014 821 2121 890 γάρ
2155 826 2375 876 σκοπεῖν
2405 823 2702 895 θελήσομεν
2735 825 2818 888 τίς
2849 826 2995 896 ἥδιον
3026 825 3223 892 διάγει,
3263 826 3291 877 6
3321 825 3589 894 πονούμε-
3654 813 3661 827 ’

1921 922 2012 969 νος
2041 908 2132 960 καὶ
2166 907 2678 980 ταλαιπωρούμενος
2717 912 2749 981 ἢ
2796 913 2825 964 ὁ
2865 911 3083 982 τρυφῶν
3105 928 3119 942 ·
3171 910 3358 964 τοῦτον
3390 911 3591 982 μᾶλλον

1921 992 2240 1063 εὑρήσομεν.
2276 995 2494 1067 Πρῶτον
2527 997 2622 1067 μὲν
2643 998 2749 1068 γὰρ
2775 997 2865 1050 τοῦ
2889 998 3133 1051 τοιούτου
3163 997 3224 1049 τὸ
3270 996 3429 1068 σῶμα
3460 998 3594 1051 αὐτὸ

1921 1076 2141 1133 ἔκλυτον
2170 1081 2264 1134 καί
2293 1082 2634 1153 πεπλαδηκός
2656 1100 2671 1115 ·
2707 1083 2896 1136 ἔπειτα
2951 1086 3047 1138 καὶ
3097 1086 3152 1137 αἰ
3186 1085 3279 1137 τοῦ
3336 1084 3591 1155 σώματος

1921 1166 2199 1236 αἰσθήσεις
2233 1167 2332 1221 οὐκ
2368 1171 2507 1222 εἰσιν
2536 1170 2848 1241 εἰλικρινεῖς
2875 1170 2995 1223 οὐδὲ
3019 1172 3211 1240 ὑγιεῖς,
3239 1170 3373 1224 ἀλλά
3396 1172 3593 1241 χαῦναι

1922 1252 2016 1305 καὶ
2060 1254 2295 1321 μαλακαί
2319 1266 2341 1294 ο
2367 1272 2380 1285 ·
2416 1255 2621 1309 τούτων
2648 1256 2703 1308 δέ
2731 1257 2829 1309 οὐκ
2855 1256 3051 1322 οὐσῶν,
3100 1258 3220 1311 οὐδέ
3247 1260 3344 1328 τῆς
3380 1259 3592 1327 ὑγιείας

1919 1340 2080 1410 ἡδονὴ
2119 1345 2381 1408 φαίνεται.
2427 1344 2582 1407 Ποῖος
2632 1344 2795 1406 ἵππος
2838 1346 3127 1414 χρήσιμος,
3167 1346 3195 1397 6
3245 1346 3463 1415 τρυφῶν
3495 1346 3527 1417 ἢ
3560 1349 3590 1406 6

1920 1427 2358 1497 γυμναζόμενος;
2387 1431 2515 1482 ποία
2529 1430 2680 1493 ναῦς,
2702 1433 2733 1498 ἡ
2759 1432 2994 1483 πλέουσα
3016 1433 3099 1502 ἢη
3125 1432 3401 1503 ἀργοῦσαι
3436 1437 3589 1487 ποῖον

1922 1514 2085 1585 ὕδωρ,
2115 1516 2174 1568 τὸ
2199 1516 2440 1588 τρέχονῆ
2464 1518 2523 1570 τὸ
2548 1518 2717 1581 ἐστώς
2738 1536 2752 1583 ;
2778 1522 2927 1582 ποῖος
2952 1520 3189 1590 σίδηρος,
3208 1522 3236 1573 6
3268 1521 3415 1573 κινού
3426 1539 3583 1590 μενος

1921 1602 1954 1673 ἢ
1984 1606 2011 1655 6
2044 1602 2118 1673 μὴ
2146 1604 2544 1675 ἐργαζόμενοςς
2574 1608 2670 1676 οὐχ
2711 1610 2738 1660 6
2761 1608 2858 1677 μὲν
2881 1608 3214 1678 ἀπολάμπει,
3244 1610 3338 1661 καὶ
3362 1608 3586 1680 ἀργύρῳ

1921 1690 2258 1759 προσέοικεν,
2303 1694 2331 1744 6
2378 1692 2435 1744 δὲ
2477 1694 2734 1746 κατίωται
2765 1695 3040 1765 πανταχοῦ
3066 1695 3336 1766 ἄχρηστος
3367 1697 3461 1760 ὢν,
3494 1698 3594 1751 καὶ

1920 1776 2023 1844 τῆς
2056 1776 2185 1849 ὕλης
2213 1779 2450 1842 ἀπολλύς
2476 1798 2530 1832 τι
2577 1781 2676 1851 τῆς
2705 1782 2950 1845 οἰκείας;
3003 1782 3255 1835 Τοιοῦτόν
3288 1801 3341 1836 τι
3380 1784 3596 1851 γίνεται

1923 1864 2015 1916 καί
2051 1865 2143 1916 ἐπὶ
2166 1865 2264 1935 τῆς
2294 1866 2568 1938 ἀργούσης
2594 1868 2800 1939 ψυχῆς·
2856 1870 2932 1932 ἰός
2952 1887 3033 1932 τις
3059 1871 3229 1940 αὐτῆς
3250 1875 3591 1941 καταχεῖται,

1920 1952 2015 2003 καὶ
2036 1952 2237 2022 τρώγει
2263 1955 2361 2025 τήν
2384 1972 2442 2006 τε
2469 1955 2826 2027 λαμπρότητα
2854 1958 2948 2010 καὶ
2976 1956 3045 2009 τά
3072 1956 3205 2010 ἄλλα
3230 1959 3425 2011 πάντα.
3469 1958 3590 2012 Τίνι

1919 2034 2011 2091 οὖν
2029 2039 2094 2091 ἄν
2122 2055 2206 2102 τις
2241 2040 2427 2094 τοῦτον
2460 2042 2794 2111 ἀποσμήξειε
2832 2043 2924 2095 τὸν
2955 2043 3066 2108 ἰὸν;
3102 2045 3180 2115 Τῇ
3222 2045 3326 2098 τῶν
3361 2044 3593 2114 θλίψεων

1920 2126 2122 2198 ἀκόνῃ·
2161 2122 2320 2182 αὗται
2359 2131 2626 2200 χρήσιμον
2665 2129 2987 2202 ἐργάζονται
3041 2134 3139 2203 τὴν
3176 2132 3355 2204 ψυχὴν
3393 2135 3493 2187 καὶ
3533 2135 3594 2188 ἐν

1921 2214 2084 2266 πᾶσιν
2118 2214 2445 2284 ἐπιτηδείαν.
2506 2216 2630 2281 Πῶς
2678 2218 2806 2289 γὰρ,
2848 2220 2968 2271 εἰπέ
3035 2237 3144 2289 μοι,
3197 2220 3486 2290 δυνήσεται
3523 2220 3593 2274 τὰ

1921 2300 2068 2371 πάθη
2112 2300 2352 2370 τέμνειν,
2384 2303 2482 2372 τῆς
2514 2304 2697 2373 ἀκμῆς
2730 2304 3150 2376 ἀμϐλυνθείσης,
3187 2307 3283 2359 καὶ
3325 2307 3590 2376 μολύϐδου

1920 2386 2074 2457 δίκην
2104 2388 2710 2459 ἐπανακαμπτομένης;
2768 2391 2886 2454 πῶς
2924 2390 3014 2443 τὸν
3059 2391 3306 2444 διάϐολον
3342 2392 3592 2461 τρώσει;

1921 2473 2038 2525 Τίνι
2064 2473 2120 2526 δὲ
2162 2474 2261 2527 οὐκ
2286 2474 2432 2527 ἐστιν
2475 2474 2643 2545 ἀηδὴς
2684 2475 2780 2529 ἄνθ
2792 2493 2969 2546 ρωπος
2992 2478 3359 2548 πολυσαρκίαν
3384 2477 3589 2542 ἀσκῶν,

1921 2559 2110 2632 φώκης
2144 2561 2299 2631 δίκην
2340 2562 2675 2633 συρόμενος;

1992 2655 2061 2715 γ’.
2082 2649 2155 2700 υύ
2177 2649 2432 2719 περὶτῶν
2457 2650 2614 2718 φύσει
2636 2649 2802 2703 ὄντων
2824 2649 2982 2704 τοῦτο
3006 2652 3167 2719 λέγω,
3184 2651 3319 2705 ἀλλά
3340 2653 3591 2723 περὶτῶν

1922 2738 1986 2791 ἐκ
2013 2738 2112 2809 τῆς
2149 2739 2357 2810 τρυφῆς
2408 2739 2628 2793 τοιαῦτα
2683 2742 3205 2796 κατασκευασάντων
3244 2743 3311 2794 τά
3344 2741 3594 2812 σώματα,

1923 2824 2050 2895 περί
2080 2825 2187 2878 τῶν
2222 2825 2431 2879 λεπτῶν
2466 2826 2608 2879 κατά
2644 2827 2826 2896 φύσιν.
2860 2828 3155 2882 ’Δνέτειλεν
3198 2832 3227 2883 6
3258 2830 3426 2899 ἥλιος,
3451 2831 3591 2900 λαμ-

1880 2972 1893 2997 ⁴
1922 2912 2069 2983 πράς
2100 2913 2278 2983 ἀφῆκε
2304 2912 2577 2984 πανταχοῦ
2602 2914 2702 2977 τὰς
2729 2915 2971 2983 ἀκτῖνας,
3000 2918 3221 2987 ἧγειρεν
3242 2918 3470 2970 ἕκαστον
3497 2917 3594 2969 ἐπὶ

1924 2999 1992 3052 τὰ
2017 3000 2153 3070 ἔργα
2171 3016 2184 3030 ·
2231 3001 2260 3053 6
2286 3000 2525 3070 γεωργὸς
2551 3000 2648 3072 τὴν
2673 3000 2920 3055 δίκελλαν
2953 3003 3132 3056 λαϐὼν
3159 3003 3375 3068 ἔξεισιν,
3406 3006 3435 3056 ὁ
3467 3005 3594 3075 χαλ-

1926 3088 2158 3152 κοτύπος
2193 3088 2293 3159 τὴν
2334 3088 2562 3159 σφῦραν,
2588 3090 2684 3141 καὶ
2720 3090 2781 3143 τὸ
2818 3092 3150 3163 κατάλληλον
3196 3092 3423 3156 ἕκαστος
3485 3094 3593 3146 τῶν

1925 3175 2287 3246 δημιουργῶν,
2324 3176 2419 3228 καὶ
2483 3176 2733 3247 εὑρήσεις
2781 3176 3009 3231 ἕκαστον
3056 3178 3125 3233 τά
3174 3180 3349 3233 οἰκεῖα
3385 3179 3593 3250 ὄργανα.

1930 3263 2464 3334 μεταχειριζόμενον·
2499 3266 2532 3335 ή
2564 3264 2701 3337 γυνὴ
2729 3264 3008 3338 ἠλακάτην
3049 3266 3082 3337 ἧ
3139 3266 3209 3319 τὰ
3262 3267 3590 3338 ὑφάσματα·

1926 3351 2089 3414 αὐτὸς
2113 3351 2170 3404 δέ
2191 3351 2438 3422 καθάπερ
2454 3352 2481 3405 6
2498 3353 2678 3422 χοῖρος
2701 3353 2729 3393 b
2751 3353 2952 3418 εὐθέως
2974 3354 3083 3408 ἀπὸ
3109 3353 3251 3427 πρωῒ
3276 3355 3368 3407 ἐπὶ
3394 3355 3593 3426 βοσκὴν

1928 3438 2097 3504 ἔξεισι
2135 3438 2234 3509 τῆς
2282 3439 2537 3511 γαστρὸς,
2590 3439 2768 3508 ζητῶν
2793 3441 2911 3504 πῶς
2942 3440 3092 3514 [275]
3120 3440 3398 3513 τράπεζαν
3430 3442 3595 3495 πολυ-

1925 3525 2053 3595 τελῇ
2086 3527 2501 3581 κατασκευάσει.
2541 3528 2733 3580 Καίτοι
2766 3528 2874 3582 τῶν
2906 3529 3115 3597 ἀλόγων
3146 3530 3263 3583 ἐστὶ
3292 3530 3450 3600 μόνον
3486 3530 3599 3584 ἀπὸ

1927 3613 2071 3685 πρωῒ
2098 3614 2409 3685 τρέφεσθαι,
2439 3615 2625 3686 ἐπειδὴ
2658 3616 2791 3687 πρὸς
2827 3616 2977 3671 οὐδέν
3016 3619 3132 3670 ἐστι
3157 3619 3426 3689 χρήσιμα,
3456 3617 3594 3671 ἀλλά

1928 3702 2061 3773 πρὸς
2081 3703 2140 3756 τὸ
2161 3702 2476 3772 σφάζεσθαι.
2500 3704 2581 3756 Τὰ
2604 3704 2660 3757 δὲ
2693 3705 2975 3775 νωτοφόρα
3006 3706 3183 3759 αὐτῶν
3214 3706 3307 3759 καὶ
3331 3704 3594 3774 ἐργασίαν

1926 3792 2289 3861 ἀναδεχόμενα
2319 3792 2412 3844 καὶ
2442 3792 2579 3845 αὐτά
2600 3794 2706 3847 ἀπὸ
2737 3794 2945 3846 νυκτῶν
2978 3793 3067 3846 ἐπὶ
3097 3795 3157 3846 τὸ
3186 3794 3345 3865 ἐργον
3374 3792 3593 3857 ἔξεισιν.

1927 3875 2090 3944 Οὗτος
2119 3880 2175 3932 δὲ
2206 3881 2313 3933 ἀπὸ
2344 3882 2442 3951 τῆς
2471 3881 2630 3951 εὐνῆς
2661 3882 2920 3946 ἀναστὰς,
2952 3882 3045 3935 τοῦ
3075 3882 3224 3952 ἡλίου
3252 3883 3351 3952 τὴν
3388 3880 3595 3950 ἀγοράν

1925 3967 2318 4038 ἐμπλήσαντος,
2366 3968 2461 4020 καὶ
2507 3968 2724 4021 πάντων
2752 3968 3113 4039 κορεσθέντων
3142 3969 3242 4039 τῆς
3277 3968 3480 4029 οἰκείας
3504 3970 3595 4037 ἐρ-

1924 4056 2141 4122 γασίας,
2191 4053 2473 4107 ἀνίσταται
2524 4054 2934 4124 διατεινόμενος,
2994 4055 3244 4127 καθάπερ
3306 4056 3473 4118 ὅντως
3529 4050 3595 4120 ὗς

1926 4143 2287 4212 πιαινόμενος,
2320 4142 2382 4194 τὸ
2419 4141 2700 4194 κάλλιστον
2725 4144 2823 4212 τῆς
2856 4142 3066 4212 ἡμέρας
3110 4143 3167 4196 ἐν
3219 4143 3397 4195 σκότει
3424 4160 3595 4196 κατα-

1925 4229 2188 4294 ναλώσας.
2235 4224 2367 4283 Εἶτα
2402 4229 2632 4300 κάθηται
2668 4230 2832 4283 πολὺν
2883 4230 2976 4281 ἐπὶ
3024 4231 3122 4299 τῆς
3172 4231 3332 4299 εὐνῆς
3382 4231 3595 4301 καιρὸν,

1926 4318 2183 4381 πολλάκις
2208 4317 2327 4371 οὐδὲ
2355 4318 2662 4385 ἀνενεγκεῖν
2688 4319 2703 4337 ‘
2727 4316 3017 4387 δυνάμενος
3046 4319 3153 4371 ἀπὸ
3182 4319 3278 4388 τῆς
3304 4318 3596 4388 ἐσπερινῆς

1928 4405 2118 4477 μέθης,
2174 4403 2562 4466 καταναλώσας
2602 4403 2693 4457 τὸν
2741 4404 2961 4458 πλείονα
3012 4403 3202 4472 καιρὸν
3264 4405 3320 4455 ἐν
3364 4402 3592 4465 τούτοις.

1926 4488 2059 4547 Εἶτα
2092 4492 2419 4556 καλλωπίζει
2446 4492 2658 4555 ἑαυτὸν,
2688 4495 2782 4545 καὶ
2811 4492 3052 4560 πρόεισιν
3083 4489 3595 4561 ἀσχημοσύνηςθέ-

1925 4598 2110 4652 ατρον,
2132 4581 2281 4635 οὐδὲν
2304 4580 2440 4651 ἔχων
2464 4579 2774 4647 ἀνθρώπου,
2798 4580 2932 4633 ἀλλὰ
2962 4580 3137 4633 πάντα
3168 4579 3356 4650 θηρίου
3388 4579 3597 4647 ἀνθρω-

1926 4668 2209 4740 πομόρφου
2235 4685 2249 4699 ·
2277 4670 2325 4722 οἱ
2346 4668 2611 4738 ὀφθαλμοὶ
2635 4667 2865 4739 δίυγροι,
2893 4669 3036 4720 οἴνου
3070 4667 3131 4719 τὸ
3170 4667 3343 4735 στόμα
3366 4665 3590 4729 ἀπόζον,

1926 4755 2322 4827 ἡταλαίπωρος
2344 4755 2489 4826 ψυχὴ
2518 4755 2766 4827 καθάπερ
2812 4757 2902 4808 ἐπὶ
2937 4755 3123 4824 κλίνης
3156 4752 3458 4822 βεϐλημένη
3489 4751 3595 4804 ὑπὸ

1925 4842 2027 4913 τῆς
2052 4842 2305 4913 ἀμέτρως
2341 4842 2669 4913 ἐγχεομένης
2700 4841 3084 4911 ἐωλοκρασίας,
3115 4840 3177 4891 τὸ
3210 4839 3437 4908 μέγεθος
3483 4838 3594 4890 τῶν

1929 4930 2146 5001 σαρκῶν
2174 4930 2543 5001 περιφέρουσα
2572 4929 2821 5000 καθάπερ
2844 4929 3057 4996 ἐλέφας.
3114 4922 3247 4979 Εἶτα
3295 4925 3462 4978 ἐλθὼν
3490 4926 3592 4979 κά-

1929 5018 2087 5087 θηται
2116 5020 2172 5071 ἐν
2200 5019 2402 5083 τόποις,
2435 5019 2528 5070 καὶ
2553 5017 2696 5083 λέγει
2722 5015 2942 5068 τοιαῦτα
2975 5015 3067 5067 καὶ
3094 5017 3255 5075 ποιεῖ,
3282 5013 3357 5076 ὼς
3382 5013 3593 5083 βέλτιον

1929 5098 2065 5157 εἶναι
2111 5103 2188 5155 ἔτι
2218 5102 2492 5155 καθεύδειν
2517 5099 2729 5169 αὐτὸνῆ
2780 5099 3156 5169 ἐγρηγορέναι.
3194 5099 3289 5150 Ἂν
3320 5096 3469 5149 δεινὰ
3497 5098 3597 5149 ἐπα

1928 5190 2189 5261 αγγελθῇ,
2240 5189 2437 5249 παντὸς
2495 5186 2749 5257 κορασίου
2810 5185 3193 5255 μαλακώτερος
3226 5186 3476 5253 γίνεται·
3525 5185 3594 5239 ἂν

1930 5279 2162 5349 χρηστὰ·
2192 5277 2391 5339 παντὸς
2432 5274 2643 5327 παιδίου
2678 5274 3034 5344 χαυνότεροςο
3086 5274 3303 5344 χάσμης
3361 5273 3508 5343 αὐτῷ
3559 5276 3594 5346 ἡ

1929 5367 2049 5435 ὄψις
2079 5367 2258 5434 γέμει.
2293 5366 2432 5417 Πᾶσι
2456 5363 2733 5434 πρόκειται
2756 5365 2867 5426 τοῖς
2896 5362 3232 5433 βουλομένοις
3263 5365 3446 5426 κακῶς
3467 5382 3609 5431 ποι-ν

1929 5457 2027 5513 εῖν,
2060 5455 2105 5505 εἰ
2134 5454 2228 5505 καὶ
2263 5452 2336 5520 μὴ
2367 5454 2477 5511 τοῖς
2520 5450 2845 5520 ἀνθρώποις,
2886 5451 3019 5503 ἀλλά
3082 5454 3191 5513 τοῖς
3227 5452 3461 5502 πάθεσι·
3498 5449 3593 5503 καὶ

1932 5538 2100 5608 θυμὸς
2126 5538 2216 5589 τὸν
2258 5535 2495 5589 τοιοῦτον
2527 5537 2724 5608 ἐγείρει
2769 5538 2983 5608 ῥᾳδίως,
3017 5538 3110 5590 καὶ
3157 5537 3441 5605 ἐπιθυμία,
3502 5536 3591 5588 καὶ

1934 5626 2218 5697 βασκανία,
2262 5626 2355 5677 καὶ
2384 5627 2577 5679 πάντα.
2632 5627 2838 5688 Πάντες
2870 5626 3240 5685 κολακεύουσι,
3279 5625 3477 5686 πάντες
3511 5623 3593 5675 θε-

1937 5709 2248 5781 ραπεύουσι,
2299 5710 2692 5781 μαλακωτέραν
2760 5711 2794 5779 ἡ
2860 5712 3005 5762 ἐστιν
3066 5709 3416 5779 ἐργαζόμενοι
3494 5707 3593 5776 τὴν

1978 5818 2005 5845 ⁸
2050 5818 2206 5870 Alius.
2252 5816 2331 5864 καὶ
2371 5817 2737 5878 μεμαλαγμέναι.
2806 5814 2951 5865 bAlii
2987 5819 3028 5862 οἱ
3070 5814 3235 5874 χοῖροι.
3307 5813 3321 5831 '
3346 5814 3425 5862 Sic
3449 5814 3592 5869 codd.

1940 5882 2140 5941 optime.
2177 5879 2341 5929 Monii".
2377 5880 2590 5939 ἐνεγκεῖν.
2634 5879 2766 5926 lion.
