4100 6354
451 272 561 327 257

450 380 664 452 ψυχήν
714 380 813 436 καὶ
838 381 962 435 καθ’
990 379 1228 452 ἑκάστην
1252 380 1465 452 ἡμέραν
1492 382 1731 453 πρόεισι,
1760 378 1895 434 πολύ
1932 398 1986 434 τι
2032 380 2133 450 τῆς

455 470 614 523 νόσου
642 469 1100 543 προσλαμϐάνων.
1124 471 1221 523 Ἂν
1252 471 1328 532 είς
1358 470 1700 540 πραγμάτων
1734 469 1952 540 ἐμπέσῃ
1979 468 2135 540 περί-

457 572 668 621 στασιν,
718 558 896 629 τέφρα
938 557 1035 611 καὶ
1070 557 1217 621 κόνις
1276 555 1504 625 γίνεται,
1558 556 1656 609 καὶ
1700 556 1853 610 οὐδὲν
1886 555 2035 626 αὐτῷ
2065 556 2135 609 τὰ

458 646 662 717 σηρικὰ
715 646 908 716 ἱμάτια
953 644 1341 714 συμϐάλλεται.
1382 644 1571 699 Ταῦτα
1612 647 1747 717 ἡμῖν
1797 646 1896 715 οὐχ
1949 644 2135 708 ἀπλῶς

458 733 691 806 εἴρηται,
725 734 840 787 ἀλλ’
871 734 956 787 ἴνα
988 733 1366 803 παιδεύσωμεν
1401 731 1607 804 μηδένα
1657 732 1843 805 ἀργῶς
1869 731 1969 804 ζῇν
2001 732 2137 803 μηδὲ

459 822 606 891 εἰκῇ.
641 823 706 874 Ἦ
754 820 862 893 γάρ
897 820 1064 891 ἀργία
1090 820 1185 873 καὶ
1213 821 1247 890 ἡ
1270 820 1451 891 τρυφὴ
1481 819 1618 891 πρὸς
1647 820 1913 890 ἐργασίαν
1946 820 2137 872 ἀνεπι-

461 908 693 979 τήδειον,
725 909 861 980 πρὸς
889 907 1047 972 δόξαν
1098 907 1280 978 μόνον,
1312 908 1451 979 πρὸς
1504 907 1719 979 ἡδονήν.
1775 906 1901 971 Πῶς
1934 906 2136 969 πάντες

458 996 550 1049 τὸν
572 996 812 1049 τοιοῦτον
840 995 902 1048 ού
923 996 1389 1063 καταγνώσονται,
1420 996 1517 1050 καὶ⁵
1539 998 1728 1049 οἰκεῖοι
1750 995 1846 1048 καὶ
1875 994 2018 1064 φίλοι
2041 993 2137 1046 καὶ

462 1085 779 1150 συγγενεῖς;
842 1082 925 1145 τίς
964 1082 1020 1135 δὲ
1050 1083 1110 1136 ού
1141 1083 1364 1146 δικαίως
1406 1084 1541 1153 ἐρεῖ,
1598 1082 1762 1153 ἄχθος
1790 1075 1943 1144 οὗτος
1973 1079 2138 1152 ἀρού-

463 1184 582 1239 ρας,
605 1171 724 1239 εἰκῇ
748 1170 1023 1239 παρῆλθεν
1050 1173 1129 1233 είς
1150 1170 1240 1223 τὸν
1264 1171 1469 1240 κόσμον
1496 1171 1525 1222 ό
1552 1169 1795 1232 τοιοῦτος
1820 1186 1833 1199 ·
1864 1168 2063 1240 μᾶλλον
2079 1167 2137 1221 δὲ

460 1255 561 1308 οὑκ
590 1257 734 1325 εἰκῇ,
770 1255 909 1309 ἀλλά
937 1256 1034 1309 καὶ
1063 1257 1155 1310 ἐπὶ
1202 1256 1354 1328 κακῷ
1384 1258 1483 1325 τῆς
1534 1255 1729 1310 ἑαυτοῦ
1750 1256 2013 1326 κεφαλῆς,
2044 1254 2138 1308 ἐπὶ¹

460 1340 609 1414 λύμῃ
639 1342 761 1414 ἰδίᾳ,
787 1344 879 1396 ἐπὶ
921 1343 1092 1416 βλάϐῃ
1129 1344 1365 1415 ἐτέρων;
1403 1346 1467 1397 Τί
1498 1340 1590 1398 οὖν
1628 1344 1776 1415 ἥδιον
1809 1345 1969 1415 αὐτῇ,
2014 1343 2137 1396 ἴδω-

466 1447 597 1501 μεν⁹
640 1431 798 1484 τοῦτο
823 1432 929 1502 γάρ
957 1434 1071 1484 ἐστι
1100 1432 1159 1485 τὸ
1182 1431 1536 1503 ζητούμενον,
1562 1432 1727 1504 σχολὴ
1752 1432 1848 1486 καὶ
1874 1430 2135 1503 ἀπραξία.

461 1519 574 1571 Καὶ
604 1519 657 1572 τί
692 1519 1015 1591 ἀηδέστερον
1053 1520 1251 1589 γένοιτ’
1281 1521 1347 1574 ἂν
1388 1519 1675 1592 ἀνθρώπου
1726 1519 1878 1572 οὐδὲν
1924 1518 2139 1589 ἔχοντος

462 1608 669 1671 ποιεῖν;
709 1606 761 1659 τί
818 1608 1238 1679 μοχθηρότερον,
1292 1607 1346 1660 τί
1382 1606 1886 1678 ταλαιπωρότερον;
1932 1604 2139 1675 μυρίων

463 1693 523 1746 ού
552 1695 729 1764 χεῖρον
759 1693 918 1747 τοῦτο
944 1694 1180 1765 δεσμῶν,
1218 1695 1532 1765 χασμᾶσθαι
1559 1693 1653 1746 καὶ
1705 1691 1990 1761 κεχηνέναι
2021 1690 2139 1744 δια-

464 1782 666 1845 παντὸς
700 1784 792 1835 ἐπὶ¹
821 1782 921 1851 τῆς
954 1785 1161 1853 ἀγορᾶς
1209 1782 1513 1854 καθήμενον
1562 1780 1775 1850 ὁρῶντα
1819 1780 1945 1842 τοὺς
2001 1796 2142 1849 παρ-

470 1868 675 1935 ιόντας;
702 1870 765 1923 Ἦ
785 1872 890 1942 γὰρ
914 1870 1058 1941 ψυχὴ
1090 1870 1249 1939 φύσιν
1273 1869 1471 1940 ἔχουσα
1496 1869 1589 1922 τοῦ
1628 1867 1893 1922 κινεῖσθαι
1923 1866 2146 1920 διαπαν⁸

464 1958 577 2022 τὸς,
621 1959 720 2012 οὐκ
752 1959 1003 2028 ἀνέχεται
1053 1960 1299 2030 ἠρεμεῖν.
1340 1959 1696 2028 Ἐμπρακτον
1722 1955 1783 2008 τὺ
1819 1954 1959 2021 ζῶον
1984 1954 2144 2007 τοῦτο

466 2045 721 2117 ἐποίησεν
744 2048 771 2098 ό
817 2047 968 2111 Θεὸς,
997 2047 1091 2100 καὶ
1118 2045 1258 2099 κατά
1293 2046 1457 2115 φύσιν
1486 2043 1633 2115 αὐτῷ
1678 2045 1794 2097 ἐστι
1819 2044 1880 2097 τὸ
1912 2042 2147 2114 ἐργάζε-

470 2133 616 2198 σθαι,
653 2133 804 2204 παρὰ
827 2133 989 2203 φύσιν
1021 2135 1077 2187 δὲ
1113 2135 1176 2186 τὸ
1212 2135 1423 2204 ἀργεῖν.
1452 2133 1544 2204 Μὴ
1571 2133 1681 2187 ἀπὸ
1702 2133 1809 2186 τῶν
1844 2131 2147 2184 νοσούντων

467 2221 537 2275 τά
570 2224 868 2292 πράγματα
889 2222 1293 2293 δοκιμάζωμεν,
1318 2221 1454 2275 ἀλλά
1470 2220 1564 2274 τοῦ
1595 2220 1922 2292 πράγματος
1953 2221 2149 2289 πεῖραν

468 2307 740 2377 λάϐωμεν.
792 2310 956 2362 υύδέν
1011 2308 1209 2380 σχολῆς
1263 2308 1687 2379 μοχθηρότερον,
1741 2307 1894 2361 οὐδὲν
1927 2306 2146 2377 ἀργίας

467 2396 566 2450 Διὰ
602 2397 759 2451 τοῦτο
793 2400 873 2459 είς
932 2399 1180 2469 ἀνάγκην
1239 2398 1386 2469 ἡμᾶς
1443 2396 1781 2468 κατέστησεν
1830 2394 2094 2467 ἐργασίας
2122 2394 2152 2447 ό

1214 268 1273 324 S.
1326 254 1614 325 JOANNIS
1654 264 2151 324 CHRYSOSTOMI
2182 264 2505 322 ARCHIEP.
2546 264 3093 323 CONSTANTINOP.

3809 262 3915 316 9.33

2234 382 2386 446 Θεός.
2441 384 2626 437 Πάντα
2669 382 2778 453 γὰρ
2824 384 2857 452 ὴ
2909 377 3076 452 ἀργία
3108 376 3358 449 βλάπτει,
3395 377 3491 432 καὶ
3539 379 3608 433 τά
3640 380 3776 453 μέλη
3822 381 3918 434 τοῦ

2236 470 2488 542 σώματος
2556 472 2695 525 αύτά
2766 470 2991 541 βλάπτει
3042 484 3159 532 πως
3211 468 3245 538 ἡ
3295 467 3485 538 ἀργία.
3537 470 3646 522 Καὶ
3679 470 3788 540 γάρ
3823 471 3920 523 καὶ

2235 559 2513 630 ὀφθαλμὸς
2529 561 2577 612 εί
2601 559 2677 630 μὴ
2697 559 2983 630 ἐργάζοιτο
2997 556 3058 610 τὸ
3080 555 3268 619 αὑτοῦ,
3300 554 3451 629 [274]
3474 557 3567 609 καὶ
3598 558 3795 628 στόμα,
3823 558 3921 611 καὶ

2234 645 2447 718 γαστὴρ
2476 647 2570 700 καὶ
2600 647 2729 709 πᾶν,
2768 647 2797 698 ὃ
2817 662 2870 698 τι
2897 644 2964 698 ἂν
3000 643 3145 697 εἴποι
3166 661 3249 706 τις
3281 643 3390 695 τῶν
3415 643 3617 714 μελῶν,
3654 646 3734 708 είς
3765 646 3922 698 νόσον

2236 734 2497 805 ἐμπίπτει
2528 732 2625 805 τὴν
2669 733 2936 804 ἐσχάτηνο
2985 731 3137 785 οὐδὲν
3180 731 3238 783 δέ
3302 730 3498 794 οὕτως,
3532 732 3609 795 ὼς
3668 734 3702 804 ή
3742 731 3918 804 ψυχή.

2237 823 2450 893 Ὥσπερ
2495 822 2553 876 δὲ
2583 822 2751 893 ἀργία
2792 821 2983 883 κακὸν,
3015 820 3157 874 οὕτω
3185 818 3281 873 καὶ
3313 821 3543 890 ἐργασία
3571 823 3604 892 ἠ
3636 822 3712 893 μὴ
3749 839 3923 894 προσ-

2236 911 2464 981 ήκουσα.
2507 908 2774 979 Καθάπερ
2807 909 2915 978 γὰρ
2944 908 2996 959 εἰ
3022 925 3105 970 τις
3136 907 3210 978 μὴ
3248 907 3437 970 ἐσθίει,
3480 911 3559 971 είς
3596 912 3722 972 τοὺς
3770 910 3924 962 ὀδόν-

2236 1012 2334 1059 τας
2369 994 2686 1065 βλάπτεται,
2714 995 2816 1048 κάν
2846 995 3001 1066 ἐσθίῃ
3035 994 3105 1047 τά
3134 993 3210 1065 μὴ
3234 997 3597 1065 προσήκοντα,
3640 998 3786 1049 ποιεῖ
3818 997 3922 1049 αύ-

2236 1084 2361 1147 τοὺς
2397 1083 2693 1154 αίμωδιᾷν·
2730 1082 2872 1137 οὕτω
2896 1082 2960 1154 δὴ
2986 1083 3081 1136 καὶ
3113 1082 3367 1145 ἐνταῦθα,
3398 1082 3462 1135 ἀν
3486 1101 3547 1137 τε
3584 1084 3658 1157 μὴ
3674 1086 3923 1158 ἐργάζη-

2236 1188 2347 1236 ται,
2381 1171 2446 1225 ἀν
2477 1187 2538 1223 τε
2583 1170 2881 1243 ἐργάζηται
2929 1170 2999 1224 τά
3049 1170 3123 1241 μὴ
3164 1172 3533 1243 προσήκοντα,
3563 1173 3661 1242 τὴν
3708 1175 3926 1227 οἰκείαν

2236 1258 2531 1312 ἀπόλλυσιν
2567 1259 2739 1328 ἰσχύν.
2774 1258 2984 1313 Οὐκοῦν
3030 1259 3316 1331 ἀμφότερα
3347 1259 3570 1331 φεύγειν
3604 1262 3925 1328 σπουδάζω-

2241 1364 2363 1417 μεν,
2413 1347 2509 1400 καὶ
2553 1348 2750 1418 ἀργίαν
2786 1348 2882 1401 καὶ
2932 1346 3194 1418 ἐργασίαν
3245 1348 3445 1417 ἀργίας
3499 1349 3923 1420 χαλεπωτέραν.

2241 1435 2377 1489 Ποία
2427 1435 2485 1488 δὲ
2531 1434 2669 1505 αὕτη
2725 1435 2871 1498 ἐστί;
2927 1435 3257 1502 Πλεονεξίαι,
3289 1436 3479 1507 θυμὸς,
3510 1437 3819 1507 βασκανίαι,
3854 1437 3929 1491 τά

2242 1524 2403 1577 λοιπά
2434 1523 2544 1576 τῶν
2582 1522 2789 1576 παθῶν.
2833 1524 2920 1576 Ἐν
2950 1523 3160 1587 τούτοις
3197 1526 3299 1596 τὴν
3330 1526 3528 1597 ἀργίαν
3573 1525 3929 1596 μεταδιώκω-

2249 1629 2370 1683 μεν,
2403 1612 2489 1665 ἵνα
2526 1610 2633 1665 τῶν
2662 1610 3089 1681 ἐπηγγελμένων
3132 1613 3262 1682 ἡμῖν
3312 1613 3531 1681 ἀγαθῶν
3573 1613 3832 1684 τύχωμεν
3860 1618 3878 1634 '
3909 1655 3927 1679 ,

2246 1700 2426 1771 χάριτι
2454 1700 2546 1753 καὶ
2571 1698 2950 1770 φιλανθρωπίᾳ
2978 1698 3072 1751 τοῦ
3108 1699 3314 1771 Κυρίου
3358 1700 3517 1771 ήμῶν
3549 1700 3724 1771 Ἰησοῦ
3782 1702 3927 1771 Χρισ-

2250 1787 2398 1852 στοῦ,
2434 1786 2553 1857 μεθ’
2580 1781 2641 1841 οὗ
2670 1785 2747 1856 τῷ
2781 1786 2955 1857 Πατρὶ
2998 1786 3112 1857 ἅμα
3167 1786 3244 1857 τῷ
3283 1787 3423 1858 ἁγίῳ
3457 1787 3734 1858 Πνεύματι
3774 1789 3926 1853 δόξα,

2249 1875 2468 1946 κράτος,
2496 1872 2649 1944 τιμὴ,
2682 1873 2777 1927 νῦν
2825 1875 2917 1927 καὶ⁷
2964 1860 3072 1941 ἀεὶ,
3115 1874 3210 1928 καὶ
3269 1876 3350 1938 είς
3396 1877 3522 1940 τοὺς
3568 1876 3771 1940 αἰῶνας
3816 1877 3932 1930 τῶν

2251 1962 2482 2017 αἰώνων.
2520 1962 2711 2033 Ἀμήν.

2315 2090 2336 2110 ⁹
2376 2090 2459 2141 Sic
2500 2092 2671 2151 oplimi
2716 2091 2857 2139 codd.
2904 2089 3075 2140 Edili:
3122 2091 3329 2141 Ποία....
3364 2090 3496 2150 ἐστί;
3529 2092 3805 2148 ῐῐλεονεξία,
3849 2092 3931 2138 θυ-

2256 2153 2891 2231 μὸςἏ’βασκανία,Λ.ἔριδες,“
2924 2153 3075 2229 φόνοι,
3121 2154 3396 2231 ζῆλοι,ηκαὶ
3436 2155 3496 2201 τὰ
3535 2154 3773 2230 ύπολοιπα
3827 2154 3930 2199 τῶν

2254 2214 2528 2263 ἀκαθέκτων
2593 2217 2774 2262 παθῶν.
2841 2214 3145 2269 Ἐντούτοις
3190 2214 3438 2277 ὀφείλομεν
3502 2217 3587 2271 τήν
3634 2215 3799 2277 ἀργίαν
3847 2230 3936 2273 με·

2253 2278 2521 2331 ταδιώκειν,
2567 2277 2647 2339 καί
2675 2278 2761 2334 τήν
2786 2278 2882 2324 τῶν
2903 2276 3084 2339 ἀρετῶν
3126 2276 3347 2339 ἐργασίαν
3369 2277 3486 2339 μετά
3510 2276 3677 2332 πάσης
3698 2278 3921 2339 σπουδῆς

2258 2339 2531 2449 ﬂiam:
2550 2373 2565 2396 ,
2625 2337 2704 2385 ἶνα
2752 2340 2834 2386 καὶ
2882 2339 2979 2386 τῶν
3028 2337 3169 2399 ἐπηγ.
3213 2337 3327 2400 ἡμῖν
3375 2338 3563 2400 ἀγαθῶν
3609 2338 3927 2400 ἐπιτύχωμεν.

2300 2412 2393 2449 υιτ.

2013 2647 2263 2703 OMIAIA
2298 2647 2437 2715 Λσι.

469 2750 633 2807 Κατὰ
668 2747 738 2801 δὲ
767 2747 834 2801 τό
856 2748 1259 2813 μεσονύκτιον
1285 2747 1528 2815 Παῦλος
1561 2746 1659 2799 καὶ
1690 2744 1874 2815 Σίλας
1895 2757 2154 2815 προσευ-

542 2821 785 2889 χόμενοι
823 2812 1056 2885 ὕμνουν
1082 2818 1189 2871 τὸν
1218 2820 1395 2872 Θεόν·
1427 2812 1525 2870 καί
1540 2814 1924 2889 ἐπηκροῶντο
1942 2812 2154 2889 aptam

543 2883 628 2944 δι’
655 2883 908 2956 δέσμιοι.
980 2889 1174 2957 Ἀςρνω
1230 2889 1299 2943 δὲ
1361 2887 1617 2957 σεισμός
1647 2883 1912 2954 ἐγένετο
1943 2883 2149 2957 μέγας.

545 2958 699 3013 ὥστε
727 2953 1103 3027 σαλευθῆναι
1135 2960 1208 3012 τὰ
1245 2953 1516 3028 θεμέλια
1549 2956 1668 3028 τοῦ
1709 2953 2150 3028 δεσμωτηρίους

543 3029 947 3099 ἀνεῴχθησάν
985 3020 1046 3081 τε
1080 3020 1447 3099 παραχρῆμα
1493 3032 1553 3083 αί
1601 3027 1770 3096 θύραι
1800 3020 2016 3090 πᾶσαί,
2053 3020 2154 3077 καί

543 3100 790 3154 πάντων
827 3100 900 3152 τὰ
925 3098 1118 3169 δεσμὰ
1154 3100 1362 3168 ἀνέθη.

544 3204 686 3261 α’.Τί
704 3203 908 3257 τούτων
931 3204 1043 3257 ἴσον
1066 3201 1260 3272 γένοιτ’
1279 3203 1342 3256 ἂν
1360 3202 1466 3256 τῶν
1481 3200 1666 3272 ψυχῶν
1682 3218 1696 3266 ;
1714 3196 2153 3269 Ἐμαστίχθησαν

473 3292 677 3354 πολλὰς
706 3292 918 3362 πληγὰς
937 3292 1214 3356 λαϐόντες,
1243 3290 1598 3361 ύϐρίσθησαν,
1621 3288 1750 3360 περὶ
1777 3287 1887 3340 τῶν
1910 3286 2154 3355 ἐσχάτων

473 3380 874 3444 ἐκινδύνευσαν,
910 3381 989 3443 είς
1019 3379 1080 3432 τὸ
1114 3378 1266 3443 ξύλον
1286 3374 1425 3449 ἦσαν
1463 3373 1868 3448 ἐμϐεϐλημένοι
1890 3414 1908 3441 ,
1942 3374 2023 3437 είς
2053 3373 2154 3442 τὴν

475 3469 751 3539 ἐσωτέραν
778 3468 1022 3537 φυλακήν
1043 3483 1057 3498 ·
1092 3468 1186 3519 καὶ
1210 3467 1329 3519 ούδέ
1361 3465 1504 3519 οὕτω
1533 3462 1812 3516 καθεύδειν
1839 3461 2114 3531 ἠνείχοντο
2133 3498 2150 3525 ,

475 3554 591 3608 ἀλλ’
625 3553 997 3624 ἐπαννύχιζον.
1041 3554 1235 3625 Ὁρᾶτε
1270 3555 1393 3607 ὅσον
1435 3554 1469 3623 ἡ
1495 3550 1672 3620 θλῖψις
1710 3547 2156 3617 ἀγαθόν;Ἦμεῖς

475 3643 533 3695 δέ
556 3642 678 3695 ούδέ
710 3645 766 3694 ἐν
795 3641 1021 3704 ἁπαλοῖς
1043 3642 1191 3706 ὄντες
1228 3640 1563 3713 στρώμασιν,
1596 3638 1785 3691 οὐδένα
1817 3636 2118 3699 δεδοικότες
2136 3675 2151 3699 ,

475 3731 603 3801 ὃλην
623 3731 723 3803 τὴν
748 3730 915 3783 νύκτα
940 3731 1291 3802 καθεύδομεν.
1310 3731 1464 3801 Τάχα
1482 3730 1572 3784 διὰ
1593 3728 1750 3782 τοῦτο
1771 3726 2152 3797 ἐπαννύχιζον,

477 3820 665 3890 ἐπειδὴ
723 3820 781 3871 ἐν
826 3819 1034 3883 τούτοις
1082 3815 1240 3891 ἦσαν.
1296 3821 1407 3889 Οὐχ
1454 3820 1488 3890 ή
1549 3816 1645 3871 τοῦ
1698 3815 1865 3870 ὕπνου
1899 3815 2156 3887 τυραννὶς

476 3909 673 3973 αὐτοὺς
702 3903 867 3973 εἷλεν,
894 3908 991 3978 ούχ
1021 3910 1054 3979 ἡ
1105 3907 1354 3980 ἀλγηδὼν
1398 3906 1670 3977 ἔκαμψεν,
1702 3905 1799 3974 οὐχ
1826 3904 1855 3955 ό
1884 3903 2046 3972 φόϐος
2076 3904 2156 3965 είς

476 3998 709 4070 ἀπορίαν
739 3996 1015 4063 ἐνέϐαλεν,
1047 3997 1159 4050 ἀλλ’
1192 3999 1329 4051 αύτά
1352 3997 1417 4067 δὴ
1443 3996 1615 4050 ταῦτα
1642 3994 1820 4063 πολλῷ
1854 3993 2053 4065 μᾶλλον
2084 3987 2153 4064 ἦν

475 4087 546 4140 τά
575 4087 914 4157 διεγείροντα
946 4086 1174 4149 αὐτοὺς,
1215 4087 1308 4139 καὶ
1343 4085 1536 4156 ἡδονῆς
1580 4084 1890 4154 πληροῦντα
1927 4080 2151 4151 πολλῆς.

474 4174 639 4229 Κατὰ
666 4172 734 4225 δὲ
776 4172 841 4226 τό
873 4173 1279 4243 μεσονύκτιον
1311 4172 1546 4241 ὕμνουν
1592 4171 1700 4224 τὸν
1741 4170 1910 4235 Θεὸν,
1967 4170 2152 4240 φησὶν,

474 4260 860 4329 ἐπηκροῶντο
905 4260 973 4313 δέ
1003 4260 1206 4315 αὐτῶν
1248 4262 1302 4315 οὶ
1354 4259 1607 4328 δέσμιοι.
1640 4256 1800 4311 Ξένον
1834 4258 1943 4330 γὰρ
1980 4257 2155 4312 ἐδόκει

478 4346 615 4404 εἷναι
639 4352 733 4402 καί⁵
764 4349 1086 4418 παράδοξον.
1108 4351 1301 4418 Ἄφνω
1324 4349 1391 4402 δὲ
1413 4352 1666 4417 σεισμὸς
1689 4347 1927 4418 ἐγένετο
1943 4347 2151 4417 μέγας,

475 4439 635 4493 ὥστε
691 4441 1069 4508 σαλευθῆναι
1130 4438 1200 4492 τὰ
1246 4436 1490 4507 θεμέλια
1546 4437 1653 4491 τοῦ
1708 4436 2151 4507 δεσμωτηρίου·

477 4526 874 4596 ἀνεῴχθησαν
927 4545 992 4581 τε
1049 4526 1413 4601 παραχρῆμα
1468 4525 1660 4581 πᾶσαι
1701 4529 1761 4580 al
1802 4526 1996 4595 θύραι,
2056 4524 2157 4579 καὶ

478 4616 722 4670 πάντων
745 4616 818 4670 τὰ
850 4616 1042 4686 δεσμὰ
1064 4616 1270 4685 ἀνέθη.
1308 4615 1537 4685 Σεισμὸς
1570 4616 1827 4683 ἐγένετο,
1869 4614 2010 4668 ὥστε
2048 4615 2155 4683 ἀφ-

478 4704 804 4773 υπνισθῆναι
838 4705 1076 4769 ἐκεῖνον,
1112 4704 1208 4757 καὶ
1253 4705 1312 4756 αἱ
1362 4704 1526 4771 θύραι
1578 4704 1964 4775 ἀνεῴχθησαν,
2014 4700 2157 4755 ὥστε

480 4791 754 4863 θαυμάσαι
784 4793 844 4845 τὸ
863 4792 1103 4862 γεγονός,
1135 4791 1319 4845 Ταῦτα
1344 4793 1394 4844 οἱ
1425 4793 1698 4859 δεσμῶται
1727 4792 1827 4860 οὐχ
1868 4789 2086 4861 ἐώρων·
2118 4783 2156 4861 ἦ

479 4880 587 4949 γὰρ
608 4879 674 4933 ἂν
704 4879 901 4948 ἔφυγον
928 4882 1186 4943 ἅπαντες.
1221 4880 1523 4945 Ἕξυπνος
1553 4881 1621 4932 δὲ
1648 4878 1969 4947 γενόμενος
2002 4878 2035 4930 ό
2065 4874 2158 4929 δε·

480 4968 828 5036 σμοφύλαξ,
860 4968 958 5020 καί
986 4966 1131 5021 ίδὼν
1160 4967 1542 5037 ἀνεῳγμένας
1565 4967 1671 5032 τὰς
1694 4966 1879 5032 θύρας
1908 4962 2021 5031 τῆς
2046 4981 2159 5032 φυ-

479 5055 697 5124 λακῆς,
720 5056 1115 5125 σπασάμενος
1134 5056 1436 5126 μάχαιραν
1469 5055 1727 5124 ἔμελλεν
1754 5052 1973 5106 ἑαυτὸν
1993 5052 2157 5105 ἀναι-

474 5143 630 5213 ρεῖν,
682 5144 930 5213 νομίζων
981 5145 1133 5218 [275]
1176 5143 1615 5214 ἐκπεφευγέναι
1658 5140 1799 5208 τοὺς
1844 5140 2153 5209 δεσμίους.

494 5231 803 5301 Ἐφώνησε
827 5232 895 5287 δὲ
920 5234 1088 5303 φωνῇ
1100 5234 1333 5304 μεγάλῃ
1358 5236 1390 5286 ό
1410 5231 1674 5297 Παῦλος,
1698 5229 1892 5299 λέγων
1910 5244 1925 5257 ·
1950 5226 2157 5295 Μηδὲν

481 5320 719 5389 πράξῃς
749 5321 985 5386 σεαυτῷ
1019 5323 1211 5376 κακόν
1234 5336 1245 5348 ⁸
1272 5320 1537 5386 ἅπαντες
1563 5318 1673 5389 γάρ
1709 5318 1895 5387 ἐσμεν
1921 5315 2154 5372 ἐνθάδε.

493 5408 803 5480 Ἐθαύμασε
829 5410 1027 5479 μᾶλλον
1045 5410 1141 5479 τὴν
1165 5407 1575 5479 φιλανθρωπίαν
1604 5406 1816 5460 Παύλου
1836 5421 1850 5435 ⁸
1881 5404 2154 5476 ἐξεπλάγη

480 5496 579 5568 τὴν
612 5497 884 5569 ἀνδρείαν,
912 5497 994 5549 ὅτι
1021 5497 1114 5549 καὶ
1152 5500 1343 5565 φυγεῖν
1378 5496 1674 5567 δυνάμενος
1706 5496 1806 5548 οὐκ
1836 5494 2026 5562 ἔφυγε,
2064 5495 2159 5546 καὶ

481 5585 563 5639 ὃτι
617 5585 777 5638 αὐτὸν
809 5584 1050 5637 ἐκώλυσε
1107 5585 1206 5651 τῆς
1264 5585 1498 5655 σφαγῆς.
1556 5583 1825 5652 Αίτήσας
1871 5581 1940 5634 δὲ
1991 5580 2158 5650 φῶτα

482 5673 871 5741 εἱσεπήδησε,
906 5671 1005 5724 καί
1041 5671 1329 5741 ἔντρομος
1370 5673 1676 5741 ὑπάρχων,
1705 5669 2050 5737 προσέπεσε
2079 5669 2159 5738 τῷ

487 5760 704 5824 Παύλῳ
745 5760 843 5813 καὶ
888 5759 967 5823 τῷ
999 5760 1186 5825 Σίλᾳ,
1220 5760 1316 5812 καὶ
1367 5758 1721 5827 προαγαγὼν
1749 5758 1972 5822 αὐτοὺς
2024 5759 2159 5821 ἔξω,

488 5848 635 5916 ἔφη’
669 5848 890 5914 Κύριοι,
919 5848 975 5899 τί
1000 5864 1076 5914 με
1115 5847 1209 5899 δεῖ
1238 5848 1450 5910 ποιεῖν,
1494 5847 1594 5899 ἵνα
1632 5844 1839 5908 σωθιῖ›;
1864 5842 2016 5908 Εἶδες
2048 5846 2161 5907 πῶς

484 5935 648 5989 αὐτὸν
680 5928 789 5988 εἷλε
822 5935 881 5987 τὸ
904 5934 1088 6004 θαῦμα
1112 5953 1128 6000 ‘,
1162 5939 1223 5990 Ol
1249 5937 1313 5988 δὲ
1336 5932 1528 6000 εἶπεν,
1556 5935 1902 5988 Πίστευσον
1927 5934 2023 5986 ἐπὶ
2058 5933 2164 5986 τὸν

2253 2741 2473 2808 Κύριον
2506 2739 2740 2809 Ἰησοῦν
2761 2739 3040 2809 Χριστόν,
3069 2740 3167 2794 καὶ
3187 2740 3438 2812 σωθήσῃ
3469 2739 3551 2794 σὺ
3584 2740 3682 2794 καί
3709 2743 3744 2795 ό
3767 2736 3931 2809 οἶκός

2254 2845 2393 2881 σου.
2444 2828 2554 2882 Καὶ
2601 2828 2918 2897 ἐλάλησαν
2953 2826 3114 2893 αὐτῷ
3154 2827 3263 2881 τὸν
3309 2829 3498 2897 λόγον
3530 2828 3639 2883 τοῦ
3682 2831 3928 2897 Κυρίου,

2255 2916 2352 2969 καί
2384 2915 2535 2971 πᾶσι
2571 2916 2696 2983 τοῖς
2721 2917 2792 2970 ἐν
2818 2915 2894 2985 τῇ
2932 2917 3090 2983 οικίᾳ
3114 2915 3320 2971 αὐτοῦ.
3362 2917 3456 2971 Ἐκ
3488 2917 3584 2970 τοῦ
3610 2917 3815 2981 εὐθέως
3838 2918 3928 2971 λα-

2254 3003 2416 3075 λῆσαι
2446 3004 2593 3075 αὐτῷ
2631 3004 2976 3069 ἐπεδείξαντο
3007 3004 3108 3077 τὴν
3136 3004 3264 3075 περὶ
3296 3004 3459 3059 αὐτὸν
3498 3005 3926 3077 φιλανθρωπίαν.

2254 3094 2365 3147 Καὶ
2405 3092 2768 3162 παραλαϐὼν
2803 3093 3026 3161 αὐτοὺς
3056 3092 3125 3146 ὲν
3171 3093 3373 3161 ἐκείνη
3420 3092 3495 3162 τῇ
3531 3088 3654 3161 ὥρᾳ
3686 3092 3801 3162 τῆς
3828 3111 3925 3147 νυ-

2255 3179 2418 3246 κτὸς,
2448 3180 2710 3234 ἔλουσεν
2729 3179 2847 3234 ἀπὸ
2884 3178 3005 3234 τῶν
3030 3179 3299 3251 πληγῶν.
3317 3182 3425 3236 Καί
3457 3182 3789 3250 ἐϐαπτίσθη
3827 3185 3933 3236 αὑ-

2253 3268 2378 3333 τὸς,
2411 3267 2508 3321 καί
2536 3270 2590 3322 οἱ
2616 3267 2805 3323 αὑτοῦ
2828 3266 3052 3335 πάντες
3080 3269 3458 3339 παραχρῆμα.
3503 3271 3839 3340 Ἀναγαγὼν
3869 3288 3932 3324 τε

2255 3356 2477 3422 αὐτοὺς
2496 3358 2584 3421 είς
2618 3355 2726 3409 τὸν
2750 3351 2940 3422 οἶκον,
2964 3356 3261 3427 παρέθηκε
3282 3356 3593 3425 τράπεζαν,
3624 3359 3727 3411 καὶ
3756 3362 3930 3428 ἠγαλ-

2254 3442 2427 3499 λιᾶτο
2458 3443 2699 3498 πανοικὶ
2727 3445 3143 3510 πεπιστευκὼς
3162 3444 3243 3510 τῷ
3265 3445 3406 3511 Θεῷ.
3430 3446 3687 3499 Ἕλουσεν
3711 3448 3925 3513 αὐτοὺς,

2255 3531 2443 3599 ῶσπερ
2468 3532 2827 3602 ἀμειϐόμενος
2848 3532 2947 3604 τὴν
2979 3532 3161 3604 χάριν,
3196 3536 3290 3586 καὶ
3322 3550 3499 3602 τιμων
3527 3534 3725 3596 αὐτοὺς
3762 3532 3832 3587 δι’
3858 3530 3930 3587 ὢν

2254 3620 2444 3673 ἐποίει.
2465 3620 2707 3689 Ἡμέρας
2726 3620 2796 3674 δέ
2820 3620 3172 3691 γενομένης,
3198 3621 3568 3676 ἀπέστειλαν
3593 3624 3648 3675 οἱ
3674 3638 3934 3690 στρατηο

2254 3707 2345 3777 τοὶ
2388 3706 2530 3773 τοὺς
2562 3707 2979 3778 ῥαϐδούχους,
3021 3708 3332 3779 λέγοντες·
3387 3709 3727 3763 Ἀπόλυσον
3795 3707 3936 3774 τοὺς

2254 3796 2608 3865 ἀνθρώπους
2651 3799 2943 3865 ἐκείνους.
3004 3800 3289 3869 ’Έγνωσαν
3348 3798 3478 3863 ἴσως
3532 3801 3594 3854 τὸ
3626 3801 3857 3870 γεγονὸς
3886 3800 3939 3853 σί

2258 3888 2573 3958 στρατηγοὶ,
2598 3888 2693 3941 καὶ
2718 3888 2819 3942 ούκ
2850 3887 3092 3959 ἐτόλμων
3114 3890 3207 3957 ἀφ’
3225 3888 3434 3942 ἐαυτῶν
3458 3889 3693 3957 ἀφεῖναι.
3723 3888 3938 3958 Ἀπήν-

2257 3978 2416 4044 τειλε
2444 3975 2513 4028 δὲ
2542 3977 2577 4029 ὁ
2614 3976 3009 4045 δεσμοφύλαξ
3053 3975 3196 4041 τοὺς
3235 3977 3457 4043 λόγους
3492 3978 3735 4039 τούτους
3778 3977 3936 4041 πρὸς

2255 4063 2364 4117 τὸν
2383 4063 2630 4118 Παῦλον
2658 4065 2864 4134 φήσας
2888 4103 2903 4130 ,
2936 4063 3025 4119 ὅτι
3066 4062 3540 4117 Ἀπεστάλκασιν
3573 4065 3624 4115 οι
3664 4076 3931 4129 στρατη-

2257 4152 2367 4222 γοὶ,
2393 4154 2493 4207 ἵνα
2519 4152 2883 4222 ἀπολυθῆτε.
2913 4153 3045 4207 Νῦν
3077 4148 3193 4207 οὖν
3212 4153 3565 4217 ἐξελθόντες
3605 4152 3939 4219 πορεύεσθε

2255 4242 2326 4297 ἐν
2347 4243 2573 4313 εἰρήνῃ.
2612 4244 2673 4297 '0
2703 4243 2771 4297 δὲ
2800 4244 3040 4309 Παῦλος
3064 4245 3179 4313 ἔφη
3214 4242 3365 4311 πρὸς
3400 4243 3621 4306 αὐτούς
3643 4256 3658 4271 ·
3700 4241 3939 4307 Δείραν-

2257 4348 2356 4400 τες
2383 4330 2541 4403 ημᾶς
2583 4330 2866 4402 δημοσίᾳ,
2898 4332 3355 4400 ἀκατακρίτους,
3402 4328 3754 4396 ἀνθρώπους
3792 4329 3937 4382 Ῥω-

2252 4422 2471 4490 μαίους
2512 4420 2932 4491 ὑπάρχοντας,
2960 4420 3184 4474 ἔϐαλον
3213 4421 3301 4485 είς
3337 4415 3642 4487 φυλακήν.
3671 4416 3783 4470 Καὶ
3820 4418 3943 4471 νῦν

2255 4509 2447 4577 λάθρα
2491 4507 2649 4579 ημᾶς
2682 4507 3090 4571 ὲκϐάλλουσι;
3140 4508 3226 4562 Οὐ
3268 4505 3381 4576 γάρ
3404 4522 3419 4537 ·
3453 4504 3613 4559 ἀλλὰ
3648 4504 3941 4570 ἐλθόντες

2257 4597 2428 4652 αὐτοὶ
2490 4596 2648 4666 ἡμᾶς
2710 4595 3189 4666 ἐξαγαγέτωσαν.
3250 4592 3630 4662 Ἂνήγγειλαν
3680 4590 3751 4643 δὲ
3813 4591 3945 4657 τοῖς

2257 4686 2614 4755 στρατηγοῖς
2634 4688 2686 4739 ot
2714 4685 3040 4753 ῥαϐδοῦχοι
3061 4684 3132 4738 τὰ
3151 4682 3387 4753 ῥήματα
3420 4681 3605 4734 ταῦτα
3630 4696 3643 4709 °
3673 4680 3773 4733 καί
3799 4680 3942 4749 ἐερσ-

2259 4775 2534 4843 ϐήθησαν
2561 4774 2970 4840 ἀκούσαντες,
3003 4772 3091 4826 ὅτι
3129 4770 3403 4840 Ῥωμαῖοί
3446 4772 3586 4823 εισι.
3622 4768 3736 4821 Καὶ
3764 4769 3943 4832 ἐξελ-

2260 4864 2469 4929 θόντες
2496 4861 2922 4930 παρεκάλεσαν
2946 4860 3188 4927 αὐτοὺς,
3223 4858 3321 4912 καί
3358 4858 3753 4927 ἐξαγαγόντες
3788 4856 3941 4923 ἠρώ-

2257 4968 2378 5005 των
2420 4951 2692 5015 ἐξελθεῖν
2733 4950 2844 5018 τῆς
2880 4950 3132 5015 πόλεως.
3184 4947 3568 5013 Ἐξελθόντες
3606 4944 3675 4997 δὲ
3714 4945 3786 4997 ἐκ
3826 4942 3941 5012 τῆς

2258 5037 2563 5109 φυλακῆς,
2612 5037 2905 5107 εἰσῆλθον
2945 5037 3093 5106 πρὸς
3130 5036 3245 5105 τὴν
3287 5034 3535 5100 Λυδίαν,
3574 5033 3673 5087 καί
3704 5032 3940 5100 ἰδόντες

2259 5127 2400 5193 τοὺς
2432 5126 2735 5197 ἀδελφοὺς
2771 5124 3194 5191 παρεκάλεσαν
3226 5124 3467 5188 αὐτοὺς,
3506 5122 3601 5175 καί
3643 5120 3936 5187 ἐξῆλθον.

2260 5217 2370 5270 Καὶ
2397 5217 2506 5270 τῶν
2531 5216 2853 5288 στρατηγῶν
2889 5213 3245 5283 δηλωσάντων
3273 5214 3301 5265 ό
3339 5210 3551 5272 Παῦλος
3578 5209 3677 5261 οὐκ
3712 5208 3939 5279 ἐξέρχε-

2259 5329 2379 5366 ται·
2411 5311 2550 5380 τάχα
2579 5309 2666 5364 διὰ
2696 5308 2795 5379 τὴν
2828 5306 3027 5361 Λυδίαν
3048 5318 3096 5370 α,
3123 5304 3219 5359 καὶ
3246 5304 3370 5366 τοὺς
3402 5300 3595 5363 ἄλλους
3628 5299 3898 5368 ἀδελφούς
3918 5316 3933 5330 ·

2260 5400 2293 5472 ἢ
2333 5399 2430 5453 καὶ
2488 5398 2671 5468 φοϐῶν
2718 5397 2934 5461 αὐτοὺς,
2976 5396 3063 5447 ἶνα
3121 5392 3197 5465 μὴ
3254 5389 3581 5461 νομισθῶσιν
3630 5385 3940 5458 ἠξιωκότες

2258 5486 2657 5553 ἀπολελύσθαι,
2714 5486 2811 5541 καὶ
2861 5485 2948 5537 ἴνα
2986 5482 3080 5536 καὶ
3135 5482 3261 5542 τοὺς
3317 5478 3507 5541 ἀλλους
3536 5478 3592 5530 ἐν
3646 5473 3936 5548 παρρησίᾳ

2260 5579 2661 5648 καταστήσωσι.
2692 5572 2985 5646 Τριπλοῦν,
3025 5570 3320 5639 ἀγαπητοὶ,
3359 5568 3418 5622 τὸ
3449 5566 3699 5637 ἔγκλημα
3717 5560 3819 5635 ἦν,
3849 5566 3935 5617 ὅτι

2262 5668 2353 5721 καὶ
2398 5666 2719 5734 Ῥωμαίους,
2752 5664 2847 5715 καὶ
2884 5659 3301 5727 ἀκατακρίτους,
3340 5659 3434 5710 καὶ
3471 5656 3705 5727 δημοσία
3736 5654 3937 5709 ἔϐαλον

2259 5758 2336 5819 εἰς
2378 5753 2643 5823 φυλακήν.
2690 5751 2884 5820 Ὁρᾷς,
2924 5751 3005 5803 ὅτι
3049 5750 3141 5802 καὶ
3188 5746 3501 5817 ἀνθρώπινα
3532 5743 3939 5808 κατεσκεύαζον

2262 5842 2449 5896 πολλά.
2513 5838 2886 5907 Ἐξετάσωμεν
2934 5836 3070 5905 πρὸς
3120 5835 3333 5903 ἐκείνην
3369 5834 3466 5903 τὴν
3508 5832 3679 5887 νύκτα
3726 5831 3935 5893 ταύτας

2325 5942 2350 5970 ⁸
2376 5940 2476 5990 ΑΙιί
2501 5939 2755 6003 ἐξέρχεται,
2780 5938 2903 5984 ἀλλὰ
2928 5936 3010 5991 καὶ
3032 5936 3111 5984 διὰ
3140 5931 3226 5986 τὴν
3246 5933 3445 5983 Λυδίαν»
