  <div class='ocr_page' id='page_1' title='image "/cluster/home/n/w/nwhite01/storage/ocr_20150623/60/hvd.32044019207810/262.png"; bbox 0 0 3978 6472; ppageno 0'>
   <div class='ocr_carea' id='block_1_1' title="bbox 128 328 233 383">
    <p class='ocr_par' dir='ltr' id='par_1_1' title="bbox 128 328 233 383">
     <span class='ocr_line' id='line_1_1' title="bbox 128 328 233 383; baseline 0 -1"><span class='ocrx_word' id='word_1_1' title='bbox 128 328 233 383; x_wconf 75' lang='grc' dir='ltr'><strong>Ξ57</strong></span> 
     </span>
    </p>
   </div>
   <div class='ocr_carea' id='block_1_2' title="bbox 127 439 1710 514">
    <p class='ocr_par' dir='ltr' id='par_1_2' title="bbox 127 439 1710 514">
     <span class='ocr_line' id='line_1_2' title="bbox 127 439 1710 514; baseline 0 -16"><span class='ocrx_word' id='word_1_2' title='bbox 127 443 324 500; x_wconf 84' lang='lat' dir='ltr'><strong>morbi.</strong></span> <span class='ocrx_word' id='word_1_3' title='bbox 372 443 432 500; x_wconf 91' lang='lat' dir='ltr'><strong>Si</strong></span> <span class='ocrx_word' id='word_1_4' title='bbox 456 442 512 499; x_wconf 91' lang='lat' dir='ltr'><strong>in</strong></span> <span class='ocrx_word' id='word_1_5' title='bbox 537 441 869 514; x_wconf 74' lang='lat' dir='ltr'><strong>negotiorum</strong></span> <span class='ocrx_word' id='word_1_6' title='bbox 896 439 1264 497; x_wconf 84' lang='lat' dir='ltr'><strong>difficultatem</strong></span> <span class='ocrx_word' id='word_1_7' title='bbox 1290 442 1509 509; x_wconf 86' lang='lat' dir='ltr'><strong>incidat,</strong></span> <span class='ocrx_word' id='word_1_8' title='bbox 1535 441 1710 513; x_wconf 83' lang='lat' dir='ltr'><strong>pulvis</strong></span> 
     </span>
    </p>
   </div>
   <div class='ocr_carea' id='block_1_3' title="bbox 124 532 1704 605">
    <p class='ocr_par' dir='ltr' id='par_1_3' title="bbox 124 532 1704 605">
     <span class='ocr_line' id='line_1_3' title="bbox 124 532 1704 605; baseline 0.001 -16"><span class='ocrx_word' id='word_1_9' title='bbox 124 545 177 589; x_wconf 89' lang='lat' dir='ltr'><strong>et</strong></span> <span class='ocrx_word' id='word_1_10' title='bbox 196 535 338 590; x_wconf 83' lang='lat' dir='ltr'><strong>cinis</strong></span> <span class='ocrx_word' id='word_1_11' title='bbox 360 534 633 600; x_wconf 83' lang='lat' dir='ltr'><strong>redditur;</strong></span> <span class='ocrx_word' id='word_1_12' title='bbox 680 533 921 600; x_wconf 81' lang='lat' dir='ltr'><strong>nihilque</strong></span> <span class='ocrx_word' id='word_1_13' title='bbox 944 534 993 588; x_wconf 91' lang='lat' dir='ltr'><strong>ei</strong></span> <span class='ocrx_word' id='word_1_14' title='bbox 1020 532 1208 589; x_wconf 82' lang='lat' dir='ltr'><strong>sericae</strong></span> <span class='ocrx_word' id='word_1_15' title='bbox 1242 542 1420 590; x_wconf 80' lang='lat' dir='ltr'><strong>vestes</strong></span> <span class='ocrx_word' id='word_1_16' title='bbox 1457 545 1704 605; x_wconf 77' lang='lat' dir='ltr'><strong>prosunt.</strong></span> 
     </span>
    </p>
   </div>
   <div class='ocr_carea' id='block_1_4' title="bbox 125 623 1707 690">
    <p class='ocr_par' dir='ltr' id='par_1_4' title="bbox 125 623 1707 690">
     <span class='ocr_line' id='line_1_4' title="bbox 125 623 1707 690; baseline 0.002 -11"><span class='ocrx_word' id='word_1_17' title='bbox 125 624 250 680; x_wconf 69' lang='lat' dir='ltr'><strong>litae</strong></span> <span class='ocrx_word' id='word_1_18' title='bbox 280 641 388 679; x_wconf 91' lang='lat' dir='ltr'><strong>non</strong></span> <span class='ocrx_word' id='word_1_19' title='bbox 419 625 536 680; x_wconf 84' lang='lat' dir='ltr'><strong>sine</strong></span> <span class='ocrx_word' id='word_1_20' title='bbox 560 638 722 679; x_wconf 89' lang='lat' dir='ltr'><strong>causa</strong></span> <span class='ocrx_word' id='word_1_21' title='bbox 749 638 780 677; x_wconf 89' lang='lat' dir='ltr'><strong>a</strong></span> <span class='ocrx_word' id='word_1_22' title='bbox 810 623 963 678; x_wconf 91' lang='lat' dir='ltr'><strong>nobis</strong></span> <span class='ocrx_word' id='word_1_23' title='bbox 985 623 1235 678; x_wconf 89' lang='lat' dir='ltr'><strong>dicuntur</strong></span> <span class='ocrx_word' id='word_1_24' title='bbox 1257 664 1274 690; x_wconf 90' lang='lat'><strong>,</strong></span> <span class='ocrx_word' id='word_1_25' title='bbox 1300 624 1395 680; x_wconf 87' lang='lat' dir='ltr'><strong>sed</strong></span> <span class='ocrx_word' id='word_1_26' title='bbox 1424 633 1484 680; x_wconf 92' lang='lat' dir='ltr'><strong>ut</strong></span> <span class='ocrx_word' id='word_1_27' title='bbox 1509 626 1707 682; x_wconf 87' lang='lat' dir='ltr'><strong>docea-</strong></span> 
     </span>
    </p>
   </div>
   <div class='ocr_carea' id='block_1_5' title="bbox 120 715 1713 791">
    <p class='ocr_par' dir='ltr' id='par_1_5' title="bbox 120 715 1713 791">
     <span class='ocr_line' id='line_1_5' title="bbox 120 715 1713 791; baseline 0.001 -18"><span class='ocrx_word' id='word_1_28' title='bbox 120 734 261 784; x_wconf 88' lang='lat' dir='ltr'><strong>mus,</strong></span> <span class='ocrx_word' id='word_1_29' title='bbox 286 734 355 774; x_wconf 90' lang='lat' dir='ltr'><strong>ne</strong></span> <span class='ocrx_word' id='word_1_30' title='bbox 377 720 498 790; x_wconf 83' lang='lat' dir='ltr'><strong>quis</strong></span> <span class='ocrx_word' id='word_1_31' title='bbox 522 718 695 773; x_wconf 87' lang='lat' dir='ltr'><strong>otiose</strong></span> <span class='ocrx_word' id='word_1_32' title='bbox 718 727 773 772; x_wconf 88' lang='lat' dir='ltr'><strong>et</strong></span> <span class='ocrx_word' id='word_1_33' title='bbox 794 716 1051 773; x_wconf 88' lang='lat' dir='ltr'><strong>inutiliter</strong></span> <span class='ocrx_word' id='word_1_34' title='bbox 1069 718 1232 772; x_wconf 84' lang='lat' dir='ltr'><strong>vivat.</strong></span> <span class='ocrx_word' id='word_1_35' title='bbox 1278 715 1457 774; x_wconf 88' lang='lat' dir='ltr'><strong>Otium</strong></span> <span class='ocrx_word' id='word_1_36' title='bbox 1484 734 1713 791; x_wconf 82' lang='lat' dir='ltr'><strong>namque</strong></span> 
     </span>
    </p>
   </div>
   <div class='ocr_carea' id='block_1_6' title="bbox 122 808 1710 880">
    <p class='ocr_par' dir='ltr' id='par_1_6' title="bbox 122 808 1710 880">
     <span class='ocr_line' id='line_1_6' title="bbox 122 808 1710 880; baseline -0.001 -15"><span class='ocrx_word' id='word_1_37' title='bbox 122 821 177 865; x_wconf 87' lang='lat' dir='ltr'><strong>et</strong></span> <span class='ocrx_word' id='word_1_38' title='bbox 204 811 416 865; x_wconf 68' lang='lat' dir='ltr'><strong>delicia:</strong></span> <span class='ocrx_word' id='word_1_39' title='bbox 445 810 512 865; x_wconf 90' lang='lat' dir='ltr'><strong>ad</strong></span> <span class='ocrx_word' id='word_1_40' title='bbox 542 825 677 880; x_wconf 91' lang='lat' dir='ltr'><strong>opus</strong></span> <span class='ocrx_word' id='word_1_41' title='bbox 727 809 963 875; x_wconf 88' lang='lat' dir='ltr'><strong>inutiles,</strong></span> <span class='ocrx_word' id='word_1_42' title='bbox 995 808 1060 863; x_wconf 91' lang='lat' dir='ltr'><strong>ad</strong></span> <span class='ocrx_word' id='word_1_43' title='bbox 1088 809 1313 880; x_wconf 80' lang='lat' dir='ltr'><strong>gloriam</strong></span> <span class='ocrx_word' id='word_1_44' title='bbox 1360 810 1535 865; x_wconf 89' lang='lat' dir='ltr'><strong>solum</strong></span> <span class='ocrx_word' id='word_1_45' title='bbox 1562 820 1617 866; x_wconf 91' lang='lat' dir='ltr'><strong>et</strong></span> <span class='ocrx_word' id='word_1_46' title='bbox 1644 809 1710 865; x_wconf 90' lang='lat' dir='ltr'><strong>ad</strong></span> 
     </span>
    </p>
   </div>
   <div class='ocr_carea' id='block_1_7' title="bbox 120 900 1712 971">
    <p class='ocr_par' dir='ltr' id='par_1_7' title="bbox 120 900 1712 971">
     <span class='ocr_line' id='line_1_7' title="bbox 120 900 1712 971; baseline 0.003 -18"><span class='ocrx_word' id='word_1_47' title='bbox 120 903 454 971; x_wconf 83' lang='lat' dir='ltr'><strong>voluptatem</strong></span> <span class='ocrx_word' id='word_1_48' title='bbox 484 910 627 957; x_wconf 88' lang='lat' dir='ltr'><strong>sunt.</strong></span> <span class='ocrx_word' id='word_1_49' title='bbox 686 900 965 967; x_wconf 83' lang='lat' dir='ltr'><strong>Quomodo</strong></span> <span class='ocrx_word' id='word_1_50' title='bbox 994 915 1100 955; x_wconf 91' lang='lat' dir='ltr'><strong>non</strong></span> <span class='ocrx_word' id='word_1_51' title='bbox 1129 915 1317 956; x_wconf 86' lang='lat' dir='ltr'><strong>omnes</strong></span> <span class='ocrx_word' id='word_1_52' title='bbox 1347 902 1505 957; x_wconf 86' lang='lat' dir='ltr'><strong>talem</strong></span> <span class='ocrx_word' id='word_1_53' title='bbox 1536 903 1712 957; x_wconf 89' lang='lat' dir='ltr'><strong>homi-</strong></span> 
     </span>
    </p>
   </div>
   <div class='ocr_carea' id='block_1_8' title="bbox 118 990 1711 1063">
    <p class='ocr_par' dir='ltr' id='par_1_8' title="bbox 118 990 1711 1063">
     <span class='ocr_line' id='line_1_8' title="bbox 118 990 1711 1063; baseline 0.001 -16"><span class='ocrx_word' id='word_1_54' title='bbox 118 1008 245 1047; x_wconf 88' lang='lat' dir='ltr'><strong>nem</strong></span> <span class='ocrx_word' id='word_1_55' title='bbox 275 993 576 1057; x_wconf 88' lang='lat' dir='ltr'><strong>damnent,</strong></span> <span class='ocrx_word' id='word_1_56' title='bbox 606 990 911 1058; x_wconf 84' lang='lat' dir='ltr'><strong>domestici,</strong></span> <span class='ocrx_word' id='word_1_57' title='bbox 940 991 1137 1059; x_wconf 91' lang='lat' dir='ltr'><strong>amici,</strong></span> <span class='ocrx_word' id='word_1_58' title='bbox 1170 994 1379 1063; x_wconf 79' lang='lat' dir='ltr'><strong>cognati</strong></span> <span class='ocrx_word' id='word_1_59' title='bbox 1401 992 1424 1045; x_wconf 66' lang='grc' dir='ltr'><strong>ἲ</strong></span> <span class='ocrx_word' id='word_1_60' title='bbox 1446 994 1566 1063; x_wconf 87' lang='lat' dir='ltr'><strong>quis</strong></span> <span class='ocrx_word' id='word_1_61' title='bbox 1604 1007 1711 1049; x_wconf 91' lang='lat' dir='ltr'><strong>non</strong></span> 
     </span>
    </p>
   </div>
   <div class='ocr_carea' id='block_1_9' title="bbox 112 1080 1712 1152">
    <p class='ocr_par' dir='ltr' id='par_1_9' title="bbox 112 1080 1712 1152">
     <span class='ocr_line' id='line_1_9' title="bbox 112 1080 1712 1152; baseline 0.001 -16"><span class='ocrx_word' id='word_1_62' title='bbox 112 1083 234 1152; x_wconf 77' lang='lat' dir='ltr'><strong>jure</strong></span> <span class='ocrx_word' id='word_1_63' title='bbox 259 1082 439 1149; x_wconf 89' lang='lat' dir='ltr'><strong>dicat,</strong></span> <span class='ocrx_word' id='word_1_64' title='bbox 470 1080 685 1138; x_wconf 84' lang='lat' dir='ltr'><strong>Pondus</strong></span> <span class='ocrx_word' id='word_1_65' title='bbox 716 1089 875 1138; x_wconf 77' lang='lat' dir='ltr'><strong>terra:</strong></span> <span class='ocrx_word' id='word_1_66' title='bbox 900 1081 988 1137; x_wconf 91' lang='lat' dir='ltr'><strong>hic</strong></span> <span class='ocrx_word' id='word_1_67' title='bbox 1012 1091 1117 1148; x_wconf 90' lang='lat' dir='ltr'><strong>est,</strong></span> <span class='ocrx_word' id='word_1_68' title='bbox 1144 1080 1340 1137; x_wconf 80' lang='lat' dir='ltr'><strong>frustra</strong></span> <span class='ocrx_word' id='word_1_69' title='bbox 1370 1081 1426 1137; x_wconf 90' lang='lat' dir='ltr'><strong>in</strong></span> <span class='ocrx_word' id='word_1_70' title='bbox 1456 1082 1712 1139; x_wconf 87' lang='lat' dir='ltr'><strong>nnmdum</strong></span> 
     </span>
    </p>
   </div>
   <div class='ocr_carea' id='block_1_10' title="bbox 115 1172 1710 1245">
    <p class='ocr_par' dir='ltr' id='par_1_10' title="bbox 115 1172 1710 1245">
     <span class='ocr_line' id='line_1_10' title="bbox 115 1172 1710 1245; baseline 0.001 -17"><span class='ocrx_word' id='word_1_71' title='bbox 115 1174 355 1245; x_wconf 86' lang='lat' dir='ltr'><strong>prodiit;</strong></span> <span class='ocrx_word' id='word_1_72' title='bbox 385 1176 494 1230; x_wconf 89' lang='lat' dir='ltr'><strong>imo</strong></span> <span class='ocrx_word' id='word_1_73' title='bbox 511 1190 618 1229; x_wconf 92' lang='lat' dir='ltr'><strong>non</strong></span> <span class='ocrx_word' id='word_1_74' title='bbox 642 1174 861 1239; x_wconf 81' lang='lat' dir='ltr'><strong>frustra,</strong></span> <span class='ocrx_word' id='word_1_75' title='bbox 890 1172 986 1230; x_wconf 89' lang='lat' dir='ltr'><strong>sed</strong></span> <span class='ocrx_word' id='word_1_76' title='bbox 1013 1174 1064 1228; x_wconf 91' lang='lat' dir='ltr'><strong>in</strong></span> <span class='ocrx_word' id='word_1_77' title='bbox 1087 1174 1286 1229; x_wconf 90' lang='lat' dir='ltr'><strong>malum</strong></span> <span class='ocrx_word' id='word_1_78' title='bbox 1315 1175 1504 1245; x_wconf 85' lang='lat' dir='ltr'><strong>capitis</strong></span> <span class='ocrx_word' id='word_1_79' title='bbox 1530 1175 1633 1241; x_wconf 88' lang='lat' dir='ltr'><strong>sui,</strong></span> <span class='ocrx_word' id='word_1_80' title='bbox 1657 1176 1710 1229; x_wconf 90' lang='lat' dir='ltr'><strong>in</strong></span> 
     </span>
    </p>
   </div>
   <div class='ocr_carea' id='block_1_11' title="bbox 116 1265 1712 1337">
    <p class='ocr_par' dir='ltr' id='par_1_11' title="bbox 116 1265 1712 1337">
     <span class='ocr_line' id='line_1_11' title="bbox 116 1265 1712 1337; baseline -0.001 -14"><span class='ocrx_word' id='word_1_81' title='bbox 116 1268 419 1337; x_wconf 85' lang='lat' dir='ltr'><strong>perniciem</strong></span> <span class='ocrx_word' id='word_1_82' title='bbox 462 1282 651 1334; x_wconf 90' lang='lat' dir='ltr'><strong>suam,</strong></span> <span class='ocrx_word' id='word_1_83' title='bbox 691 1266 747 1321; x_wconf 91' lang='lat' dir='ltr'><strong>in</strong></span> <span class='ocrx_word' id='word_1_84' title='bbox 789 1265 1041 1321; x_wconf 89' lang='lat' dir='ltr'><strong>damnum</strong></span> <span class='ocrx_word' id='word_1_85' title='bbox 1098 1266 1367 1321; x_wconf 85' lang='lat' dir='ltr'><strong>aliorum?</strong></span> <span class='ocrx_word' id='word_1_86' title='bbox 1419 1266 1545 1337; x_wconf 86' lang='lat' dir='ltr'><strong>quid</strong></span> <span class='ocrx_word' id='word_1_87' title='bbox 1590 1266 1712 1322; x_wconf 87' lang='lat' dir='ltr'><strong>dul-</strong></span> 
     </span>
    </p>
   </div>
   <div class='ocr_carea' id='block_1_12' title="bbox 116 1357 1712 1428">
    <p class='ocr_par' dir='ltr' id='par_1_12' title="bbox 116 1357 1712 1428">
     <span class='ocr_line' id='line_1_12' title="bbox 116 1357 1712 1428; baseline -0.002 -13"><span class='ocrx_word' id='word_1_88' title='bbox 116 1362 234 1415; x_wconf 73' lang='lat' dir='ltr'><strong>cius</strong></span> <span class='ocrx_word' id='word_1_89' title='bbox 279 1359 395 1415; x_wconf 91' lang='lat' dir='ltr'><strong>otio</strong></span> <span class='ocrx_word' id='word_1_90' title='bbox 459 1358 747 1414; x_wconf 81' lang='lat' dir='ltr'><strong>videmus?</strong></span> <span class='ocrx_word' id='word_1_91' title='bbox 823 1358 954 1413; x_wconf 89' lang='lat' dir='ltr'><strong>illud</strong></span> <span class='ocrx_word' id='word_1_92' title='bbox 997 1357 1139 1413; x_wconf 89' lang='lat' dir='ltr'><strong>enim</strong></span> <span class='ocrx_word' id='word_1_93' title='bbox 1191 1364 1275 1412; x_wconf 89' lang='lat' dir='ltr'><strong>est</strong></span> <span class='ocrx_word' id='word_1_94' title='bbox 1322 1358 1464 1428; x_wconf 89' lang='lat' dir='ltr'><strong>quod</strong></span> <span class='ocrx_word' id='word_1_95' title='bbox 1519 1359 1712 1427; x_wconf 63' lang='lat' dir='ltr'><strong>quieri—</strong></span> 
     </span>
    </p>
   </div>
   <div class='ocr_carea' id='block_1_13' title="bbox 116 1449 1711 1522">
    <p class='ocr_par' dir='ltr' id='par_1_13' title="bbox 116 1449 1711 1522">
     <span class='ocr_line' id='line_1_13' title="bbox 116 1449 1711 1522; baseline -0.003 -15"><span class='ocrx_word' id='word_1_96' title='bbox 116 1464 225 1517; x_wconf 67' lang='lat' dir='ltr'><strong>tur,</strong></span> <span class='ocrx_word' id='word_1_97' title='bbox 279 1453 452 1507; x_wconf 92' lang='lat' dir='ltr'><strong>otium</strong></span> <span class='ocrx_word' id='word_1_98' title='bbox 482 1449 794 1506; x_wconf 80' lang='lat' dir='ltr'><strong>etvacatio.</strong></span> <span class='ocrx_word' id='word_1_99' title='bbox 842 1450 910 1504; x_wconf 81' lang='lat' dir='ltr'><strong>Et</strong></span> <span class='ocrx_word' id='word_1_100' title='bbox 938 1450 1064 1520; x_wconf 89' lang='lat' dir='ltr'><strong>quid</strong></span> <span class='ocrx_word' id='word_1_101' title='bbox 1115 1449 1371 1522; x_wconf 80' lang='lat' dir='ltr'><strong>ingratius</strong></span> <span class='ocrx_word' id='word_1_102' title='bbox 1409 1449 1566 1504; x_wconf 88' lang='lat' dir='ltr'><strong>fuerit</strong></span> <span class='ocrx_word' id='word_1_103' title='bbox 1610 1449 1711 1503; x_wconf 86' lang='lat' dir='ltr'><strong>ho-</strong></span> 
     </span>
    </p>
   </div>
   <div class='ocr_carea' id='block_1_14' title="bbox 114 1539 1706 1612">
    <p class='ocr_par' dir='ltr' id='par_1_14' title="bbox 114 1539 1706 1612">
     <span class='ocr_line' id='line_1_14' title="bbox 114 1539 1706 1612; baseline -0.003 -13"><span class='ocrx_word' id='word_1_104' title='bbox 114 1559 263 1599; x_wconf 85' lang='lat' dir='ltr'><strong>mine</strong></span> <span class='ocrx_word' id='word_1_105' title='bbox 324 1543 457 1598; x_wconf 87' lang='lat' dir='ltr'><strong>nihil</strong></span> <span class='ocrx_word' id='word_1_106' title='bbox 510 1541 746 1596; x_wconf 87' lang='lat' dir='ltr'><strong>habente</strong></span> <span class='ocrx_word' id='word_1_107' title='bbox 796 1539 940 1612; x_wconf 91' lang='lat' dir='ltr'><strong>quod</strong></span> <span class='ocrx_word' id='word_1_108' title='bbox 969 1541 1257 1612; x_wconf 81' lang='lat' dir='ltr'><strong>operetur?</strong></span> <span class='ocrx_word' id='word_1_109' title='bbox 1306 1539 1433 1610; x_wconf 90' lang='lat' dir='ltr'><strong>quid</strong></span> <span class='ocrx_word' id='word_1_110' title='bbox 1479 1540 1706 1608; x_wconf 73' lang='lat' dir='ltr'><strong>fmdius,</strong></span> 
     </span>
    </p>
   </div>
   <div class='ocr_carea' id='block_1_15' title="bbox 116 1629 1710 1701">
    <p class='ocr_par' dir='ltr' id='par_1_15' title="bbox 116 1629 1710 1701">
     <span class='ocr_line' id='line_1_15' title="bbox 116 1629 1710 1701; baseline -0.002 -13"><span class='ocrx_word' id='word_1_111' title='bbox 116 1633 243 1701; x_wconf 91' lang='lat' dir='ltr'><strong>quid</strong></span> <span class='ocrx_word' id='word_1_112' title='bbox 299 1631 594 1687; x_wconf 82' lang='lat' dir='ltr'><strong>miserius?</strong></span> <span class='ocrx_word' id='word_1_113' title='bbox 640 1645 818 1684; x_wconf 90' lang='lat' dir='ltr'><strong>annon</strong></span> <span class='ocrx_word' id='word_1_114' title='bbox 848 1629 953 1684; x_wconf 88' lang='lat' dir='ltr'><strong>hoc</strong></span> <span class='ocrx_word' id='word_1_115' title='bbox 978 1629 1277 1685; x_wconf 88' lang='lat' dir='ltr'><strong>innumeris</strong></span> <span class='ocrx_word' id='word_1_116' title='bbox 1302 1630 1455 1700; x_wconf 82' lang='lat' dir='ltr'><strong>pejus</strong></span> <span class='ocrx_word' id='word_1_117' title='bbox 1482 1641 1565 1685; x_wconf 66' lang='grc' dir='ltr'><strong>εει</strong></span> <span class='ocrx_word' id='word_1_118' title='bbox 1589 1630 1710 1685; x_wconf 89' lang='lat' dir='ltr'><strong>vin-</strong></span> 
     </span>
    </p>
   </div>
   <div class='ocr_carea' id='block_1_16' title="bbox 114 1722 1709 1793">
    <p class='ocr_par' dir='ltr' id='par_1_16' title="bbox 114 1722 1709 1793">
     <span class='ocr_line' id='line_1_16' title="bbox 114 1722 1709 1793; baseline -0.001 -14"><span class='ocrx_word' id='word_1_119' title='bbox 114 1726 273 1793; x_wconf 87' lang='lat' dir='ltr'><strong>culis,</strong></span> <span class='ocrx_word' id='word_1_120' title='bbox 329 1727 563 1779; x_wconf 87' lang='lat' dir='ltr'><strong>oseitare</strong></span> <span class='ocrx_word' id='word_1_121' title='bbox 598 1737 814 1793; x_wconf 87' lang='lat' dir='ltr'><strong>semper</strong></span> <span class='ocrx_word' id='word_1_122' title='bbox 840 1722 894 1777; x_wconf 93' lang='lat' dir='ltr'><strong>in</strong></span> <span class='ocrx_word' id='word_1_123' title='bbox 925 1722 1040 1777; x_wconf 91' lang='lat' dir='ltr'><strong>foro</strong></span> <span class='ocrx_word' id='word_1_124' title='bbox 1068 1722 1365 1787; x_wconf 89' lang='lat' dir='ltr'><strong>sedentem,</strong></span> <span class='ocrx_word' id='word_1_125' title='bbox 1392 1736 1458 1777; x_wconf 90' lang='lat' dir='ltr'><strong>ac</strong></span> <span class='ocrx_word' id='word_1_126' title='bbox 1487 1731 1709 1792; x_wconf 64' lang='lat' dir='ltr'><strong>printer-</strong></span> 
     </span>
    </p>
   </div>
   <div class='ocr_carea' id='block_1_17' title="bbox 113 1812 1706 1886">
    <p class='ocr_par' dir='ltr' id='par_1_17' title="bbox 113 1812 1706 1886">
     <span class='ocr_line' id='line_1_17' title="bbox 113 1812 1706 1886; baseline -0.004 -13"><span class='ocrx_word' id='word_1_127' title='bbox 113 1827 312 1873; x_wconf 86' lang='lat' dir='ltr'><strong>euntes</strong></span> <span class='ocrx_word' id='word_1_128' title='bbox 351 1815 635 1886; x_wconf 75' lang='lat' dir='ltr'><strong>spectem?</strong></span> <span class='ocrx_word' id='word_1_129' title='bbox 683 1816 875 1869; x_wconf 83' lang='lat' dir='ltr'><strong>Anima</strong></span> <span class='ocrx_word' id='word_1_130' title='bbox 915 1813 1114 1885; x_wconf 81' lang='lat' dir='ltr'><strong>quippe</strong></span> <span class='ocrx_word' id='word_1_131' title='bbox 1141 1828 1209 1868; x_wconf 74' lang='lat' dir='ltr'><strong>es</strong></span> <span class='ocrx_word' id='word_1_132' title='bbox 1234 1822 1423 1867; x_wconf 89' lang='lat' dir='ltr'><strong>natura</strong></span> <span class='ocrx_word' id='word_1_133' title='bbox 1471 1812 1706 1879; x_wconf 86' lang='lat' dir='ltr'><strong>habens,</strong></span> 
     </span>
    </p>
   </div>
   <div class='ocr_carea' id='block_1_18' title="bbox 115 1904 1709 1978">
    <p class='ocr_par' dir='ltr' id='par_1_18' title="bbox 115 1904 1709 1978">
     <span class='ocr_line' id='line_1_18' title="bbox 115 1904 1709 1978; baseline -0.001 -17"><span class='ocrx_word' id='word_1_134' title='bbox 115 1920 173 1961; x_wconf 88' lang='lat' dir='ltr'><strong>ut</strong></span> <span class='ocrx_word' id='word_1_135' title='bbox 192 1922 417 1978; x_wconf 84' lang='lat' dir='ltr'><strong>semper</strong></span> <span class='ocrx_word' id='word_1_136' title='bbox 440 1915 735 1971; x_wconf 87' lang='lat' dir='ltr'><strong>moveatur,</strong></span> <span class='ocrx_word' id='word_1_137' title='bbox 750 1906 982 1975; x_wconf 89' lang='lat' dir='ltr'><strong>quietem</strong></span> <span class='ocrx_word' id='word_1_138' title='bbox 1005 1920 1113 1959; x_wconf 91' lang='lat' dir='ltr'><strong>non</strong></span> <span class='ocrx_word' id='word_1_139' title='bbox 1134 1905 1254 1960; x_wconf 83' lang='lat' dir='ltr'><strong>fert.</strong></span> <span class='ocrx_word' id='word_1_140' title='bbox 1276 1904 1356 1959; x_wconf 87' lang='lat' dir='ltr'><strong>Ad</strong></span> <span class='ocrx_word' id='word_1_141' title='bbox 1379 1904 1709 1974; x_wconf 80' lang='lat' dir='ltr'><strong>operandam</strong></span> 
     </span>
    </p>
   </div>
   <div class='ocr_carea' id='block_1_19' title="bbox 113 1996 1710 2068">
    <p class='ocr_par' dir='ltr' id='par_1_19' title="bbox 113 1996 1710 2068">
     <span class='ocr_line' id='line_1_19' title="bbox 113 1996 1710 2068; baseline -0.003 -12"><span class='ocrx_word' id='word_1_142' title='bbox 113 2002 257 2056; x_wconf 88' lang='lat' dir='ltr'><strong>Deus</strong></span> <span class='ocrx_word' id='word_1_143' title='bbox 288 2000 396 2055; x_wconf 90' lang='lat' dir='ltr'><strong>hoc</strong></span> <span class='ocrx_word' id='word_1_144' title='bbox 421 1999 619 2055; x_wconf 88' lang='lat' dir='ltr'><strong>animal</strong></span> <span class='ocrx_word' id='word_1_145' title='bbox 668 1998 794 2055; x_wconf 87' lang='lat' dir='ltr'><strong>fecit</strong></span> <span class='ocrx_word' id='word_1_146' title='bbox 824 2019 839 2056; x_wconf 91' lang='lat'><strong>:</strong></span> <span class='ocrx_word' id='word_1_147' title='bbox 879 1998 1171 2054; x_wconf 88' lang='lat' dir='ltr'><strong>secundum</strong></span> <span class='ocrx_word' id='word_1_148' title='bbox 1216 2006 1461 2052; x_wconf 89' lang='lat' dir='ltr'><strong>naturam</strong></span> <span class='ocrx_word' id='word_1_149' title='bbox 1486 1996 1603 2068; x_wconf 85' lang='lat' dir='ltr'><strong>ejus</strong></span> <span class='ocrx_word' id='word_1_150' title='bbox 1626 2005 1710 2052; x_wconf 87' lang='lat' dir='ltr'><strong>est</strong></span> 
     </span>
    </p>
   </div>
   <div class='ocr_carea' id='block_1_20' title="bbox 112 2088 1710 2163">
    <p class='ocr_par' dir='ltr' id='par_1_20' title="bbox 112 2088 1710 2163">
     <span class='ocr_line' id='line_1_20' title="bbox 112 2088 1710 2163; baseline -0.001 -17"><span class='ocrx_word' id='word_1_151' title='bbox 112 2092 258 2163; x_wconf 88' lang='lat' dir='ltr'><strong>quod</strong></span> <span class='ocrx_word' id='word_1_152' title='bbox 292 2101 583 2162; x_wconf 88' lang='lat' dir='ltr'><strong>operetur,</strong></span> <span class='ocrx_word' id='word_1_153' title='bbox 611 2098 797 2147; x_wconf 91' lang='lat' dir='ltr'><strong>contra</strong></span> <span class='ocrx_word' id='word_1_154' title='bbox 829 2099 1071 2145; x_wconf 91' lang='lat' dir='ltr'><strong>naturam</strong></span> <span class='ocrx_word' id='word_1_155' title='bbox 1101 2090 1246 2160; x_wconf 90' lang='lat' dir='ltr'><strong>quod</strong></span> <span class='ocrx_word' id='word_1_156' title='bbox 1271 2090 1342 2144; x_wconf 89' lang='lat' dir='ltr'><strong>sit</strong></span> <span class='ocrx_word' id='word_1_157' title='bbox 1364 2090 1588 2145; x_wconf 87' lang='lat' dir='ltr'><strong>otiosus.</strong></span> <span class='ocrx_word' id='word_1_158' title='bbox 1630 2088 1710 2145; x_wconf 83' lang='lat' dir='ltr'><strong>Ne</strong></span> 
     </span>
    </p>
   </div>
   <div class='ocr_carea' id='block_1_21' title="bbox 112 2181 1705 2254">
    <p class='ocr_par' dir='ltr' id='par_1_21' title="bbox 112 2181 1705 2254">
     <span class='ocr_line' id='line_1_21' title="bbox 112 2181 1705 2254; baseline 0 -18"><span class='ocrx_word' id='word_1_159' title='bbox 112 2187 181 2237; x_wconf 85' lang='lat' dir='ltr'><strong>ab</strong></span> <span class='ocrx_word' id='word_1_160' title='bbox 206 2185 372 2254; x_wconf 77' lang='lat' dir='ltr'><strong>:egris</strong></span> <span class='ocrx_word' id='word_1_161' title='bbox 400 2199 515 2239; x_wconf 84' lang='lat' dir='ltr'><strong>rem</strong></span> <span class='ocrx_word' id='word_1_162' title='bbox 545 2183 891 2254; x_wconf 75' lang='lat' dir='ltr'><strong>exploremus</strong></span> <span class='ocrx_word' id='word_1_163' title='bbox 911 2224 925 2249; x_wconf 93' lang='lat'><strong>,</strong></span> <span class='ocrx_word' id='word_1_164' title='bbox 951 2181 1047 2238; x_wconf 91' lang='lat' dir='ltr'><strong>sed</strong></span> <span class='ocrx_word' id='word_1_165' title='bbox 1074 2182 1254 2252; x_wconf 90' lang='lat' dir='ltr'><strong>operis</strong></span> <span class='ocrx_word' id='word_1_166' title='bbox 1280 2181 1705 2253; x_wconf 83' lang='lat' dir='ltr'><strong>experimentum</strong></span> 
     </span>
    </p>
   </div>
   <div class='ocr_carea' id='block_1_22' title="bbox 1044 324 2451 390">
    <p class='ocr_par' dir='ltr' id='par_1_22' title="bbox 1044 324 2451 390">
     <span class='ocr_line' id='line_1_22' title="bbox 1044 324 2451 390; baseline 0.006 -8"><span class='ocrx_word' id='word_1_167' title='bbox 1044 325 1113 382; x_wconf 70' lang='grc' dir='ltr'><strong>ιιι</strong></span> <span class='ocrx_word' id='word_1_168' title='bbox 1151 325 1334 383; x_wconf 79' lang='lat' dir='ltr'><strong>ACTA</strong></span> <span class='ocrx_word' id='word_1_169' title='bbox 1370 324 1899 389; x_wconf 76' lang='lat' dir='ltr'><strong>APOSTOLORUM.</strong></span> <span class='ocrx_word' id='word_1_170' title='bbox 1937 327 2167 385; x_wconf 78' lang='lat' dir='ltr'><strong>HOMIL.</strong></span> <span class='ocrx_word' id='word_1_171' title='bbox 2209 328 2451 390; x_wconf 75' lang='lat' dir='ltr'><strong>XXXVI.</strong></span> 
     </span>
    </p>
   </div>
   <div class='ocr_carea' id='block_1_23' title="bbox 3286 340 3394 398">
    <p class='ocr_par' dir='ltr' id='par_1_23' title="bbox 3286 340 3394 398">
     <span class='ocr_line' id='line_1_23' title="bbox 3286 340 3394 398; baseline 0 0"><span class='ocrx_word' id='word_1_172' title='bbox 3286 340 3394 398; x_wconf 69' lang='lat'><strong>258</strong></span> 
     </span>
    </p>
   </div>
   <div class='ocr_carea' id='block_1_24' title="bbox 1814 445 3394 520">
    <p class='ocr_par' dir='ltr' id='par_1_24' title="bbox 1814 445 3394 520">
     <span class='ocr_line' id='line_1_24' title="bbox 1814 445 3394 520; baseline 0.008 -20"><span class='ocrx_word' id='word_1_173' title='bbox 1814 445 2107 515; x_wconf 89' lang='lat' dir='ltr'><strong>capiamus.</strong></span> <span class='ocrx_word' id='word_1_174' title='bbox 2158 447 2302 506; x_wconf 82' lang='lat' dir='ltr'><strong>Nihil</strong></span> <span class='ocrx_word' id='word_1_175' title='bbox 2348 450 2497 520; x_wconf 91' lang='lat' dir='ltr'><strong>otio,</strong></span> <span class='ocrx_word' id='word_1_176' title='bbox 2528 450 2662 509; x_wconf 86' lang='lat' dir='ltr'><strong>nihil</strong></span> <span class='ocrx_word' id='word_1_177' title='bbox 2710 451 2915 512; x_wconf 80' lang='lat' dir='ltr'><strong>desidia</strong></span> <span class='ocrx_word' id='word_1_178' title='bbox 2960 453 3394 514; x_wconf 83' lang='lat' dir='ltr'><strong>deterius:ideo</strong></span> 
     </span>
    </p>
   </div>
   <div class='ocr_carea' id='block_1_25' title="bbox 1816 539 3397 618">
    <p class='ocr_par' dir='ltr' id='par_1_25' title="bbox 1816 539 3397 618">
     <span class='ocr_line' id='line_1_25' title="bbox 1816 539 3397 618; baseline 0.008 -23"><span class='ocrx_word' id='word_1_179' title='bbox 1816 539 1973 597; x_wconf 90' lang='lat' dir='ltr'><strong>nobis</strong></span> <span class='ocrx_word' id='word_1_180' title='bbox 1994 539 2132 597; x_wconf 90' lang='lat' dir='ltr'><strong>Deus</strong></span> <span class='ocrx_word' id='word_1_181' title='bbox 2149 541 2424 599; x_wconf 83' lang='lat' dir='ltr'><strong>lahorandi</strong></span> <span class='ocrx_word' id='word_1_182' title='bbox 2445 545 2817 603; x_wconf 80' lang='lat' dir='ltr'><strong>necessitatem</strong></span> <span class='ocrx_word' id='word_1_183' title='bbox 2838 546 3114 618; x_wconf 84' lang='lat' dir='ltr'><strong>imposuit.</strong></span> <span class='ocrx_word' id='word_1_184' title='bbox 3132 548 3397 608; x_wconf 84' lang='lat' dir='ltr'><strong>Omnibus</strong></span> 
     </span>
    </p>
   </div>
   <div class='ocr_carea' id='block_1_26' title="bbox 1817 633 3394 708">
    <p class='ocr_par' dir='ltr' id='par_1_26' title="bbox 1817 633 3394 708">
     <span class='ocr_line' id='line_1_26' title="bbox 1817 633 3394 708; baseline 0.007 -22"><span class='ocrx_word' id='word_1_185' title='bbox 1817 633 2015 702; x_wconf 87' lang='lat' dir='ltr'><strong>quippe</strong></span> <span class='ocrx_word' id='word_1_186' title='bbox 2043 642 2200 690; x_wconf 90' lang='lat' dir='ltr'><strong>nocet</strong></span> <span class='ocrx_word' id='word_1_187' title='bbox 2224 635 2415 703; x_wconf 90' lang='lat' dir='ltr'><strong>otium,</strong></span> <span class='ocrx_word' id='word_1_188' title='bbox 2442 636 2679 706; x_wconf 86' lang='lat' dir='ltr'><strong>ipsisque</strong></span> <span class='ocrx_word' id='word_1_189' title='bbox 2697 639 2940 708; x_wconf 89' lang='lat' dir='ltr'><strong>corporis</strong></span> <span class='ocrx_word' id='word_1_190' title='bbox 2959 640 3234 695; x_wconf 89' lang='lat' dir='ltr'><strong>membris.</strong></span> <span class='ocrx_word' id='word_1_191' title='bbox 3260 640 3394 697; x_wconf 83' lang='lat' dir='ltr'><strong>Nam</strong></span> 
     </span>
    </p>
   </div>
   <div class='ocr_carea' id='block_1_27' title="bbox 1818 726 3394 805">
    <p class='ocr_par' dir='ltr' id='par_1_27' title="bbox 1818 726 3394 805">
     <span class='ocr_line' id='line_1_27' title="bbox 1818 726 3394 805; baseline 0.008 -26"><span class='ocrx_word' id='word_1_192' title='bbox 1818 726 2005 781; x_wconf 90' lang='lat' dir='ltr'><strong>oculus</strong></span> <span class='ocrx_word' id='word_1_193' title='bbox 2029 728 2072 781; x_wconf 91' lang='lat' dir='ltr'><strong>si</strong></span> <span class='ocrx_word' id='word_1_194' title='bbox 2098 742 2203 782; x_wconf 91' lang='lat' dir='ltr'><strong>non</strong></span> <span class='ocrx_word' id='word_1_195' title='bbox 2223 737 2492 797; x_wconf 89' lang='lat' dir='ltr'><strong>operetur,</strong></span> <span class='ocrx_word' id='word_1_196' title='bbox 2516 729 2747 801; x_wconf 87' lang='lat' dir='ltr'><strong>itemque</strong></span> <span class='ocrx_word' id='word_1_197' title='bbox 2772 746 2854 798; x_wconf 89' lang='lat' dir='ltr'><strong>os,</strong></span> <span class='ocrx_word' id='word_1_198' title='bbox 2878 741 3064 788; x_wconf 87' lang='lat' dir='ltr'><strong>venter</strong></span> <span class='ocrx_word' id='word_1_199' title='bbox 3087 743 3143 791; x_wconf 93' lang='lat' dir='ltr'><strong>et</strong></span> <span class='ocrx_word' id='word_1_200' title='bbox 3166 733 3394 805; x_wconf 84' lang='lat' dir='ltr'><strong>quodvis</strong></span> 
     </span>
    </p>
   </div>
   <div class='ocr_carea' id='block_1_28' title="bbox 1818 816 3397 885">
    <p class='ocr_par' dir='ltr' id='par_1_28' title="bbox 1818 816 3397 885">
     <span class='ocr_line' id='line_1_28' title="bbox 1818 816 3397 885; baseline 0.008 -13"><span class='ocrx_word' id='word_1_201' title='bbox 1818 816 2119 872; x_wconf 86' lang='lat' dir='ltr'><strong>membrum</strong></span> <span class='ocrx_word' id='word_1_202' title='bbox 2138 859 2154 885; x_wconf 93' lang='lat'><strong>,</strong></span> <span class='ocrx_word' id='word_1_203' title='bbox 2183 818 2237 872; x_wconf 91' lang='lat' dir='ltr'><strong>in</strong></span> <span class='ocrx_word' id='word_1_204' title='bbox 2263 830 2563 876; x_wconf 80' lang='lat' dir='ltr'><strong>extremum</strong></span> <span class='ocrx_word' id='word_1_205' title='bbox 2608 822 2793 879; x_wconf 85' lang='lat' dir='ltr'><strong>incidit</strong></span> <span class='ocrx_word' id='word_1_206' title='bbox 2821 826 3064 882; x_wconf 88' lang='lat' dir='ltr'><strong>morbum</strong></span> <span class='ocrx_word' id='word_1_207' title='bbox 3095 843 3109 880; x_wconf 91' lang='lat'><strong>:</strong></span> <span class='ocrx_word' id='word_1_208' title='bbox 3138 827 3231 882; x_wconf 90' lang='lat' dir='ltr'><strong>sed</strong></span> <span class='ocrx_word' id='word_1_209' title='bbox 3261 828 3397 885; x_wconf 84' lang='lat' dir='ltr'><strong>nihil</strong></span> 
     </span>
    </p>
   </div>
   <div class='ocr_carea' id='block_1_29' title="bbox 1819 908 3396 981">
    <p class='ocr_par' dir='ltr' id='par_1_29' title="bbox 1819 908 3396 981">
     <span class='ocr_line' id='line_1_29' title="bbox 1819 908 3396 981; baseline 0.007 -16"><span class='ocrx_word' id='word_1_210' title='bbox 1819 910 1892 965; x_wconf 86' lang='lat' dir='ltr'><strong>ita</strong></span> <span class='ocrx_word' id='word_1_211' title='bbox 1918 908 2103 965; x_wconf 91' lang='lat' dir='ltr'><strong>labore</strong></span> <span class='ocrx_word' id='word_1_212' title='bbox 2146 918 2270 981; x_wconf 88' lang='lat' dir='ltr'><strong>eget</strong></span> <span class='ocrx_word' id='word_1_213' title='bbox 2298 923 2359 966; x_wconf 89' lang='lat' dir='ltr'><strong>ut</strong></span> <span class='ocrx_word' id='word_1_214' title='bbox 2386 913 2583 968; x_wconf 90' lang='lat' dir='ltr'><strong>anima.</strong></span> <span class='ocrx_word' id='word_1_215' title='bbox 2615 914 2765 971; x_wconf 90' lang='lat' dir='ltr'><strong>Sicut</strong></span> <span class='ocrx_word' id='word_1_216' title='bbox 2791 927 2969 973; x_wconf 89' lang='lat' dir='ltr'><strong>autem</strong></span> <span class='ocrx_word' id='word_1_217' title='bbox 2995 919 3163 974; x_wconf 90' lang='lat' dir='ltr'><strong>otium</strong></span> <span class='ocrx_word' id='word_1_218' title='bbox 3196 922 3396 976; x_wconf 91' lang='lat' dir='ltr'><strong>malum</strong></span> 
     </span>
    </p>
   </div>
   <div class='ocr_carea' id='block_1_30' title="bbox 1818 999 3397 1078">
    <p class='ocr_par' dir='ltr' id='par_1_30' title="bbox 1818 999 3397 1078">
     <span class='ocr_line' id='line_1_30' title="bbox 1818 999 3397 1078; baseline 0.008 -22"><span class='ocrx_word' id='word_1_219' title='bbox 1818 1007 1921 1066; x_wconf 88' lang='lat' dir='ltr'><strong>est,</strong></span> <span class='ocrx_word' id='word_1_220' title='bbox 1949 999 2022 1055; x_wconf 92' lang='lat' dir='ltr'><strong>ita</strong></span> <span class='ocrx_word' id='word_1_221' title='bbox 2049 1014 2262 1071; x_wconf 91' lang='lat' dir='ltr'><strong>quoque</strong></span> <span class='ocrx_word' id='word_1_222' title='bbox 2286 1005 2530 1072; x_wconf 82' lang='lat' dir='ltr'><strong>Operatio</strong></span> <span class='ocrx_word' id='word_1_223' title='bbox 2556 1019 2662 1059; x_wconf 89' lang='lat' dir='ltr'><strong>non</strong></span> <span class='ocrx_word' id='word_1_224' title='bbox 2689 1022 3007 1077; x_wconf 81' lang='lat' dir='ltr'><strong>congruens.</strong></span> <span class='ocrx_word' id='word_1_225' title='bbox 3035 1011 3397 1078; x_wconf 88' lang='lat' dir='ltr'><strong>Quemadmo-</strong></span> 
     </span>
    </p>
   </div>
   <div class='ocr_carea' id='block_1_31' title="bbox 1818 1093 3397 1173">
    <p class='ocr_par' dir='ltr' id='par_1_31' title="bbox 1818 1093 3397 1173">
     <span class='ocr_line' id='line_1_31' title="bbox 1818 1093 3397 1173; baseline 0.008 -24"><span class='ocrx_word' id='word_1_226' title='bbox 1818 1093 1946 1149; x_wconf 91' lang='lat' dir='ltr'><strong>dum</strong></span> <span class='ocrx_word' id='word_1_227' title='bbox 1973 1094 2117 1151; x_wconf 90' lang='lat' dir='ltr'><strong>enim</strong></span> <span class='ocrx_word' id='word_1_228' title='bbox 2162 1095 2209 1150; x_wconf 90' lang='lat' dir='ltr'><strong>si</strong></span> <span class='ocrx_word' id='word_1_229' title='bbox 2258 1097 2378 1166; x_wconf 90' lang='lat' dir='ltr'><strong>quis</strong></span> <span class='ocrx_word' id='word_1_230' title='bbox 2422 1112 2528 1152; x_wconf 89' lang='lat' dir='ltr'><strong>non</strong></span> <span class='ocrx_word' id='word_1_231' title='bbox 2554 1098 2698 1167; x_wconf 90' lang='lat' dir='ltr'><strong>edat,</strong></span> <span class='ocrx_word' id='word_1_232' title='bbox 2728 1101 2782 1155; x_wconf 93' lang='lat' dir='ltr'><strong>in</strong></span> <span class='ocrx_word' id='word_1_233' title='bbox 2811 1101 3058 1159; x_wconf 90' lang='lat' dir='ltr'><strong>dentibus</strong></span> <span class='ocrx_word' id='word_1_234' title='bbox 3084 1105 3322 1173; x_wconf 66' lang='lat' dir='ltr'><strong>laeditur;</strong></span> <span class='ocrx_word' id='word_1_235' title='bbox 3349 1107 3397 1163; x_wconf 89' lang='lat' dir='ltr'><strong>si</strong></span> 
     </span>
    </p>
   </div>
   <div class='ocr_carea' id='block_1_32' title="bbox 1819 1190 3398 1265">
    <p class='ocr_par' dir='ltr' id='par_1_32' title="bbox 1819 1190 3398 1265">
     <span class='ocr_line' id='line_1_32' title="bbox 1819 1190 3398 1265; baseline 0.01 -25"><span class='ocrx_word' id='word_1_236' title='bbox 1819 1202 1939 1257; x_wconf 85' lang='lat' dir='ltr'><strong>quae</strong></span> <span class='ocrx_word' id='word_1_237' title='bbox 1966 1202 2071 1242; x_wconf 90' lang='lat' dir='ltr'><strong>non</strong></span> <span class='ocrx_word' id='word_1_238' title='bbox 2097 1199 2409 1259; x_wconf 89' lang='lat' dir='ltr'><strong>competunt</strong></span> <span class='ocrx_word' id='word_1_239' title='bbox 2435 1190 2578 1257; x_wconf 85' lang='lat' dir='ltr'><strong>edat,</strong></span> <span class='ocrx_word' id='word_1_240' title='bbox 2609 1201 2667 1247; x_wconf 93' lang='lat' dir='ltr'><strong>ut</strong></span> <span class='ocrx_word' id='word_1_241' title='bbox 2691 1193 3075 1265; x_wconf 89' lang='lat' dir='ltr'><strong>obstupescant</strong></span> <span class='ocrx_word' id='word_1_242' title='bbox 3098 1198 3300 1255; x_wconf 80' lang='lat' dir='ltr'><strong>efficit:</strong></span> <span class='ocrx_word' id='word_1_243' title='bbox 3323 1201 3398 1257; x_wconf 89' lang='lat' dir='ltr'><strong>ita</strong></span> 
     </span>
    </p>
   </div>
   <div class='ocr_carea' id='block_1_33' title="bbox 1819 1278 3393 1362">
    <p class='ocr_par' dir='ltr' id='par_1_33' title="bbox 1819 1278 3393 1362">
     <span class='ocr_line' id='line_1_33' title="bbox 1819 1278 3393 1362; baseline 0.009 -28"><span class='ocrx_word' id='word_1_244' title='bbox 1819 1289 1876 1334; x_wconf 90' lang='lat' dir='ltr'><strong>et</strong></span> <span class='ocrx_word' id='word_1_245' title='bbox 1903 1278 2023 1346; x_wconf 91' lang='lat' dir='ltr'><strong>hic,</strong></span> <span class='ocrx_word' id='word_1_246' title='bbox 2055 1279 2170 1336; x_wconf 88' lang='lat' dir='ltr'><strong>sive</strong></span> <span class='ocrx_word' id='word_1_247' title='bbox 2223 1296 2331 1335; x_wconf 88' lang='lat' dir='ltr'><strong>non</strong></span> <span class='ocrx_word' id='word_1_248' title='bbox 2378 1293 2646 1353; x_wconf 89' lang='lat' dir='ltr'><strong>operetur,</strong></span> <span class='ocrx_word' id='word_1_249' title='bbox 2682 1286 2796 1341; x_wconf 88' lang='lat' dir='ltr'><strong>sive</strong></span> <span class='ocrx_word' id='word_1_250' title='bbox 2842 1300 3094 1357; x_wconf 86' lang='lat' dir='ltr'><strong>operetur</strong></span> <span class='ocrx_word' id='word_1_251' title='bbox 3137 1307 3255 1362; x_wconf 63' lang='lat' dir='ltr'><strong>quae</strong></span> <span class='ocrx_word' id='word_1_252' title='bbox 3286 1308 3393 1349; x_wconf 92' lang='lat' dir='ltr'><strong>non</strong></span> 
     </span>
    </p>
   </div>
   <div class='ocr_carea' id='block_1_34' title="bbox 1818 1374 3398 1457">
    <p class='ocr_par' dir='ltr' id='par_1_34' title="bbox 1818 1374 3398 1457">
     <span class='ocr_line' id='line_1_34' title="bbox 1818 1374 3398 1457; baseline 0.009 -30"><span class='ocrx_word' id='word_1_253' title='bbox 1818 1384 2051 1445; x_wconf 87' lang='lat' dir='ltr'><strong>oportet,</strong></span> <span class='ocrx_word' id='word_1_254' title='bbox 2078 1374 2187 1429; x_wconf 92' lang='lat' dir='ltr'><strong>vim</strong></span> <span class='ocrx_word' id='word_1_255' title='bbox 2222 1376 2417 1430; x_wconf 89' lang='lat' dir='ltr'><strong>amittit</strong></span> <span class='ocrx_word' id='word_1_256' title='bbox 2460 1391 2635 1433; x_wconf 91' lang='lat' dir='ltr'><strong>suam.</strong></span> <span class='ocrx_word' id='word_1_257' title='bbox 2690 1378 2833 1450; x_wconf 88' lang='lat' dir='ltr'><strong>Ergo</strong></span> <span class='ocrx_word' id='word_1_258' title='bbox 2876 1389 3161 1453; x_wconf 90' lang='lat' dir='ltr'><strong>utrumque</strong></span> <span class='ocrx_word' id='word_1_259' title='bbox 3215 1385 3398 1457; x_wconf 89' lang='lat' dir='ltr'><strong>fugere</strong></span> 
     </span>
    </p>
   </div>
   <div class='ocr_carea' id='block_1_35' title="bbox 1819 1465 3398 1543">
    <p class='ocr_par' dir='ltr' id='par_1_35' title="bbox 1819 1465 3398 1543">
     <span class='ocr_line' id='line_1_35' title="bbox 1819 1465 3398 1543; baseline 0.008 -23"><span class='ocrx_word' id='word_1_260' title='bbox 1819 1465 2130 1522; x_wconf 76' lang='lat' dir='ltr'><strong>Studeamus</strong></span> <span class='ocrx_word' id='word_1_261' title='bbox 2153 1506 2171 1535; x_wconf 95' lang='lat'><strong>,</strong></span> <span class='ocrx_word' id='word_1_262' title='bbox 2200 1477 2257 1522; x_wconf 90' lang='lat' dir='ltr'><strong>et</strong></span> <span class='ocrx_word' id='word_1_263' title='bbox 2284 1469 2451 1522; x_wconf 88' lang='lat' dir='ltr'><strong>otium</strong></span> <span class='ocrx_word' id='word_1_264' title='bbox 2481 1478 2535 1523; x_wconf 90' lang='lat' dir='ltr'><strong>et</strong></span> <span class='ocrx_word' id='word_1_265' title='bbox 2559 1483 2694 1538; x_wconf 90' lang='lat' dir='ltr'><strong>opus</strong></span> <span class='ocrx_word' id='word_1_266' title='bbox 2721 1473 2831 1524; x_wconf 91' lang='lat' dir='ltr'><strong>otio</strong></span> <span class='ocrx_word' id='word_1_267' title='bbox 2855 1474 3088 1541; x_wconf 85' lang='lat' dir='ltr'><strong>gravius.</strong></span> <span class='ocrx_word' id='word_1_268' title='bbox 3118 1475 3398 1543; x_wconf 85' lang='lat' dir='ltr'><strong>Quodnam</strong></span> 
     </span>
    </p>
   </div>
   <div class='ocr_carea' id='block_1_36' title="bbox 1818 1558 3392 1639">
    <p class='ocr_par' dir='ltr' id='par_1_36' title="bbox 1818 1558 3392 1639">
     <span class='ocr_line' id='line_1_36' title="bbox 1818 1558 3392 1639; baseline 0.008 -26"><span class='ocrx_word' id='word_1_269' title='bbox 1818 1558 1949 1613; x_wconf 90' lang='lat' dir='ltr'><strong>illud</strong></span> <span class='ocrx_word' id='word_1_270' title='bbox 1977 1559 2097 1614; x_wconf 87' lang='lat' dir='ltr'><strong>est?</strong></span> <span class='ocrx_word' id='word_1_271' title='bbox 2127 1560 2383 1621; x_wconf 82' lang='lat' dir='ltr'><strong>Avaritia,</strong></span> <span class='ocrx_word' id='word_1_272' title='bbox 2416 1560 2516 1627; x_wconf 78' lang='lat' dir='ltr'><strong>ira,</strong></span> <span class='ocrx_word' id='word_1_273' title='bbox 2547 1561 2763 1628; x_wconf 88' lang='lat' dir='ltr'><strong>invidia,</strong></span> <span class='ocrx_word' id='word_1_274' title='bbox 2782 1566 3173 1634; x_wconf 90' lang='lat' dir='ltr'><strong>contentiones,</strong></span> <span class='ocrx_word' id='word_1_275' title='bbox 3193 1571 3392 1639; x_wconf 82' lang='lat' dir='ltr'><strong>caedes,</strong></span> 
     </span>
    </p>
   </div>
   <div class='ocr_carea' id='block_1_37' title="bbox 1817 1650 3401 1721">
    <p class='ocr_par' dir='ltr' id='par_1_37' title="bbox 1817 1650 3401 1721">
     <span class='ocr_line' id='line_1_37' title="bbox 1817 1650 3401 1721; baseline 0.008 -15"><span class='ocrx_word' id='word_1_276' title='bbox 1817 1650 2214 1716; x_wconf 65' lang='lat' dir='ltr'><strong>aimulationes,</strong></span> <span class='ocrx_word' id='word_1_277' title='bbox 2262 1660 2319 1705; x_wconf 89' lang='lat' dir='ltr'><strong>et</strong></span> <span class='ocrx_word' id='word_1_278' title='bbox 2360 1651 2568 1721; x_wconf 90' lang='lat' dir='ltr'><strong>reliqua</strong></span> <span class='ocrx_word' id='word_1_279' title='bbox 2595 1652 2743 1708; x_wconf 89' lang='lat' dir='ltr'><strong>vitia.</strong></span> <span class='ocrx_word' id='word_1_280' title='bbox 2791 1654 2873 1709; x_wconf 80' lang='lat' dir='ltr'><strong>Ab</strong></span> <span class='ocrx_word' id='word_1_281' title='bbox 2916 1654 3001 1711; x_wconf 91' lang='lat' dir='ltr'><strong>his</strong></span> <span class='ocrx_word' id='word_1_282' title='bbox 3022 1673 3215 1715; x_wconf 89' lang='lat' dir='ltr'><strong>vacare</strong></span> <span class='ocrx_word' id='word_1_283' title='bbox 3238 1661 3401 1718; x_wconf 89' lang='lat' dir='ltr'><strong>debe-</strong></span> 
     </span>
    </p>
   </div>
   <div class='ocr_carea' id='block_1_38' title="bbox 1817 1743 3400 1823">
    <p class='ocr_par' dir='ltr' id='par_1_38' title="bbox 1817 1743 3400 1823">
     <span class='ocr_line' id='line_1_38' title="bbox 1817 1743 3400 1823; baseline 0.009 -27"><span class='ocrx_word' id='word_1_284' title='bbox 1817 1756 1971 1809; x_wconf 87' lang='lat' dir='ltr'><strong>mus,</strong></span> <span class='ocrx_word' id='word_1_285' title='bbox 2003 1751 2058 1797; x_wconf 94' lang='lat' dir='ltr'><strong>et</strong></span> <span class='ocrx_word' id='word_1_286' title='bbox 2084 1743 2333 1797; x_wconf 90' lang='lat' dir='ltr'><strong>virtutum</strong></span> <span class='ocrx_word' id='word_1_287' title='bbox 2364 1746 2728 1813; x_wconf 89' lang='lat' dir='ltr'><strong>operationem</strong></span> <span class='ocrx_word' id='word_1_288' title='bbox 2772 1760 2894 1801; x_wconf 91' lang='lat' dir='ltr'><strong>cum</strong></span> <span class='ocrx_word' id='word_1_289' title='bbox 2934 1751 3079 1804; x_wconf 89' lang='lat' dir='ltr'><strong>omni</strong></span> <span class='ocrx_word' id='word_1_290' title='bbox 3125 1750 3400 1823; x_wconf 85' lang='lat' dir='ltr'><strong>diligentia</strong></span> 
     </span>
    </p>
   </div>
   <div class='ocr_carea' id='block_1_39' title="bbox 1819 1836 3395 1915">
    <p class='ocr_par' dir='ltr' id='par_1_39' title="bbox 1819 1836 3395 1915">
     <span class='ocr_line' id='line_1_39' title="bbox 1819 1836 3395 1915; baseline 0.007 -25"><span class='ocrx_word' id='word_1_291' title='bbox 1819 1836 2088 1907; x_wconf 89' lang='lat' dir='ltr'><strong>persequi,</strong></span> <span class='ocrx_word' id='word_1_292' title='bbox 2133 1845 2192 1890; x_wconf 89' lang='lat' dir='ltr'><strong>ut</strong></span> <span class='ocrx_word' id='word_1_293' title='bbox 2234 1838 2493 1906; x_wconf 89' lang='lat' dir='ltr'><strong>promissa</strong></span> <span class='ocrx_word' id='word_1_294' title='bbox 2546 1852 2939 1909; x_wconf 89' lang='lat' dir='ltr'><strong>consequamur</strong></span> <span class='ocrx_word' id='word_1_295' title='bbox 2992 1842 3172 1908; x_wconf 86' lang='lat' dir='ltr'><strong>bona,</strong></span> <span class='ocrx_word' id='word_1_296' title='bbox 3225 1849 3395 1915; x_wconf 80' lang='lat' dir='ltr'><strong>gratia</strong></span> 
     </span>
    </p>
   </div>
   <div class='ocr_carea' id='block_1_40' title="bbox 1817 1926 3399 2006">
    <p class='ocr_par' dir='ltr' id='par_1_40' title="bbox 1817 1926 3399 2006">
     <span class='ocr_line' id='line_1_40' title="bbox 1817 1926 3399 2006; baseline 0.006 -24"><span class='ocrx_word' id='word_1_297' title='bbox 1817 1935 1873 1982; x_wconf 82' lang='lat' dir='ltr'><strong>et</strong></span> <span class='ocrx_word' id='word_1_298' title='bbox 1912 1926 2237 1998; x_wconf 83' lang='lat' dir='ltr'><strong>benignitate</strong></span> <span class='ocrx_word' id='word_1_299' title='bbox 2296 1927 2503 1982; x_wconf 86' lang='lat' dir='ltr'><strong>Domini</strong></span> <span class='ocrx_word' id='word_1_300' title='bbox 2550 1929 2717 1983; x_wconf 90' lang='lat' dir='ltr'><strong>nostri</strong></span> <span class='ocrx_word' id='word_1_301' title='bbox 2756 1929 2886 1986; x_wconf 84' lang='lat' dir='ltr'><strong>Jesu</strong></span> <span class='ocrx_word' id='word_1_302' title='bbox 2930 1931 3152 1999; x_wconf 85' lang='lat' dir='ltr'><strong>Christi,</strong></span> <span class='ocrx_word' id='word_1_303' title='bbox 3184 1937 3399 2006; x_wconf 88' lang='lat' dir='ltr'><strong>quicum</strong></span> 
     </span>
    </p>
   </div>
   <div class='ocr_carea' id='block_1_41' title="bbox 1817 2021 3400 2096">
    <p class='ocr_par' dir='ltr' id='par_1_41' title="bbox 1817 2021 3400 2096">
     <span class='ocr_line' id='line_1_41' title="bbox 1817 2021 3400 2096; baseline 0.004 -17"><span class='ocrx_word' id='word_1_304' title='bbox 1817 2021 1960 2079; x_wconf 87' lang='lat' dir='ltr'><strong>Patri</strong></span> <span class='ocrx_word' id='word_1_305' title='bbox 1983 2031 2037 2078; x_wconf 90' lang='lat' dir='ltr'><strong>et</strong></span> <span class='ocrx_word' id='word_1_306' title='bbox 2059 2021 2279 2093; x_wconf 86' lang='lat' dir='ltr'><strong>Spiritui</strong></span> <span class='ocrx_word' id='word_1_307' title='bbox 2300 2031 2484 2077; x_wconf 89' lang='lat' dir='ltr'><strong>sancto</strong></span> <span class='ocrx_word' id='word_1_308' title='bbox 2503 2023 2692 2094; x_wconf 83' lang='lat' dir='ltr'><strong>gloria,</strong></span> <span class='ocrx_word' id='word_1_309' title='bbox 2714 2024 3017 2093; x_wconf 91' lang='lat' dir='ltr'><strong>imperium,</strong></span> <span class='ocrx_word' id='word_1_310' title='bbox 3041 2025 3232 2096; x_wconf 87' lang='lat' dir='ltr'><strong>honor,</strong></span> <span class='ocrx_word' id='word_1_311' title='bbox 3260 2044 3400 2087; x_wconf 89' lang='lat' dir='ltr'><strong>nunc</strong></span> 
     </span>
    </p>
   </div>
   <div class='ocr_carea' id='block_1_42' title="bbox 1816 2113 3120 2185">
    <p class='ocr_par' dir='ltr' id='par_1_42' title="bbox 1816 2113 3120 2185">
     <span class='ocr_line' id='line_1_42' title="bbox 1816 2113 3120 2185; baseline 0.001 -13"><span class='ocrx_word' id='word_1_312' title='bbox 1816 2124 1872 2172; x_wconf 90' lang='lat' dir='ltr'><strong>et</strong></span> <span class='ocrx_word' id='word_1_313' title='bbox 1899 2129 2133 2185; x_wconf 88' lang='lat' dir='ltr'><strong>semper,</strong></span> <span class='ocrx_word' id='word_1_314' title='bbox 2163 2121 2219 2170; x_wconf 92' lang='lat' dir='ltr'><strong>et</strong></span> <span class='ocrx_word' id='word_1_315' title='bbox 2244 2113 2299 2169; x_wconf 84' lang='lat' dir='ltr'><strong>iii</strong></span> <span class='ocrx_word' id='word_1_316' title='bbox 2323 2114 2516 2170; x_wconf 69' lang='lat' dir='ltr'><strong>saecula</strong></span> <span class='ocrx_word' id='word_1_317' title='bbox 2544 2116 2882 2173; x_wconf 59' lang='lat' dir='ltr'><strong>saeculorum.</strong></span> <span class='ocrx_word' id='word_1_318' title='bbox 2928 2118 3120 2175; x_wconf 85' lang='lat' dir='ltr'><strong>Amen.</strong></span> 
     </span>
    </p>
   </div>
   <div class='ocr_carea' id='block_1_43' title="bbox 130 2292 3403 2317">
    <p class='ocr_par' dir='ltr' id='par_1_43' title="bbox 130 2292 3403 2317">
     <span class='ocr_line' id='line_1_43' title="bbox 130 2292 3403 2317; baseline 0.002 -9"><span class='ocrx_word' id='word_1_319' title='bbox 130 2292 3403 2317; x_wconf 56' lang='lat' dir='ltr'><strong>mm</strong></span> 
     </span>
    </p>
   </div>
   <div class='ocr_carea' id='block_1_44' title="bbox 1433 2348 2126 2412">
    <p class='ocr_par' dir='ltr' id='par_1_44' title="bbox 1433 2348 2126 2412">
     <span class='ocr_line' id='line_1_44' title="bbox 1433 2348 2126 2412; baseline 0 -2"><span class='ocrx_word' id='word_1_320' title='bbox 1433 2348 1783 2411; x_wconf 75' lang='lat' dir='ltr'><strong>HOMILIA</strong></span> <span class='ocrx_word' id='word_1_321' title='bbox 1822 2349 2126 2412; x_wconf 81' lang='lat' dir='ltr'><strong>XXXVI.</strong></span> 
     </span>
    </p>
   </div>
   <div class='ocr_carea' id='block_1_45' title="bbox 115 2450 1739 2510">
    <p class='ocr_par' dir='ltr' id='par_1_45' title="bbox 115 2450 1739 2510">
     <span class='ocr_line' id='line_1_45' title="bbox 115 2450 1739 2510; baseline -0.002 0"><span class='ocrx_word' id='word_1_322' title='bbox 115 2455 241 2510; x_wconf 73' lang='lat' dir='ltr'><strong>Cu.</strong></span> <span class='ocrx_word' id='word_1_323' title='bbox 271 2454 367 2508; x_wconf 66' lang='grc'><strong>16.</strong></span> <span class='ocrx_word' id='word_1_324' title='bbox 397 2467 452 2506; x_wconf 90' lang='lat' dir='ltr'><strong>v.</strong></span> <span class='ocrx_word' id='word_1_325' title='bbox 483 2452 572 2507; x_wconf 71' lang='lat'><strong>25.</strong></span> <span class='ocrx_word' id='word_1_326' title='bbox 627 2450 801 2506; x_wconf 76' lang='lat' dir='ltr'><strong>Media</strong></span> <span class='ocrx_word' id='word_1_327' title='bbox 854 2460 1024 2505; x_wconf 87' lang='lat' dir='ltr'><strong>autem</strong></span> <span class='ocrx_word' id='word_1_328' title='bbox 1070 2461 1215 2505; x_wconf 85' lang='lat' dir='ltr'><strong>nocte</strong></span> <span class='ocrx_word' id='word_1_329' title='bbox 1249 2450 1451 2506; x_wconf 90' lang='lat' dir='ltr'><strong>Paulus</strong></span> <span class='ocrx_word' id='word_1_330' title='bbox 1480 2465 1527 2506; x_wconf 85' lang='lat' dir='ltr'><strong>et</strong></span> <span class='ocrx_word' id='word_1_331' title='bbox 1570 2451 1739 2507; x_wconf 89' lang='lat' dir='ltr'><strong>Silas-</strong></span> 
     </span>
    </p>
   </div>
   <div class='ocr_carea' id='block_1_46' title="bbox 180 2543 1703 2609">
    <p class='ocr_par' dir='ltr' id='par_1_46' title="bbox 180 2543 1703 2609">
     <span class='ocr_line' id='line_1_46' title="bbox 180 2543 1703 2609; baseline 0 -10"><span class='ocrx_word' id='word_1_332' title='bbox 180 2557 395 2601; x_wconf 85' lang='lat' dir='ltr'><strong>orantes</strong></span> <span class='ocrx_word' id='word_1_333' title='bbox 436 2544 715 2599; x_wconf 77' lang='lat' dir='ltr'><strong>laudabant</strong></span> <span class='ocrx_word' id='word_1_334' title='bbox 774 2543 972 2609; x_wconf 82' lang='lat' dir='ltr'><strong>Deum;</strong></span> <span class='ocrx_word' id='word_1_335' title='bbox 1009 2554 1057 2599; x_wconf 89' lang='lat' dir='ltr'><strong>et</strong></span> <span class='ocrx_word' id='word_1_336' title='bbox 1092 2544 1364 2599; x_wconf 77' lang='lat' dir='ltr'><strong>audiebant</strong></span> <span class='ocrx_word' id='word_1_337' title='bbox 1410 2561 1494 2600; x_wconf 88' lang='lat' dir='ltr'><strong>eos</strong></span> <span class='ocrx_word' id='word_1_338' title='bbox 1529 2545 1703 2599; x_wconf 87' lang='lat' dir='ltr'><strong>vincti.</strong></span> 
     </span>
    </p>
   </div>
   <div class='ocr_carea' id='block_1_47' title="bbox 182 2638 1716 2708">
    <p class='ocr_par' dir='ltr' id='par_1_47' title="bbox 182 2638 1716 2708">
     <span class='ocr_line' id='line_1_47' title="bbox 182 2638 1716 2708; baseline -0.002 -13"><span class='ocrx_word' id='word_1_339' title='bbox 182 2642 281 2695; x_wconf 77' lang='lat'><strong>26.</strong></span> <span class='ocrx_word' id='word_1_340' title='bbox 320 2639 505 2695; x_wconf 83' lang='lat' dir='ltr'><strong>Subito</strong></span> <span class='ocrx_word' id='word_1_341' title='bbox 531 2654 648 2692; x_wconf 86' lang='lat' dir='ltr'><strong>vero</strong></span> <span class='ocrx_word' id='word_1_342' title='bbox 677 2646 825 2692; x_wconf 64' lang='lat' dir='ltr'><strong>terra</strong></span> <span class='ocrx_word' id='word_1_343' title='bbox 863 2647 1028 2692; x_wconf 86' lang='lat' dir='ltr'><strong>motus</strong></span> <span class='ocrx_word' id='word_1_344' title='bbox 1069 2638 1234 2707; x_wconf 87' lang='lat' dir='ltr'><strong>factus</strong></span> <span class='ocrx_word' id='word_1_345' title='bbox 1262 2646 1337 2692; x_wconf 88' lang='lat' dir='ltr'><strong>est</strong></span> <span class='ocrx_word' id='word_1_346' title='bbox 1364 2654 1609 2708; x_wconf 87' lang='lat' dir='ltr'><strong>magnus,</strong></span> <span class='ocrx_word' id='word_1_347' title='bbox 1640 2638 1716 2692; x_wconf 89' lang='lat' dir='ltr'><strong>ita</strong></span> 
     </span>
    </p>
   </div>
   <div class='ocr_carea' id='block_1_48' title="bbox 189 2731 1710 2802">
    <p class='ocr_par' dir='ltr' id='par_1_48' title="bbox 189 2731 1710 2802">
     <span class='ocr_line' id='line_1_48' title="bbox 189 2731 1710 2802; baseline -0.002 -15"><span class='ocrx_word' id='word_1_348' title='bbox 189 2744 245 2787; x_wconf 75' lang='lat' dir='ltr'><strong>ut</strong></span> <span class='ocrx_word' id='word_1_349' title='bbox 272 2743 592 2788; x_wconf 74' lang='lat' dir='ltr'><strong>moverentur</strong></span> <span class='ocrx_word' id='word_1_350' title='bbox 630 2731 960 2801; x_wconf 85' lang='lat' dir='ltr'><strong>fundamenta</strong></span> <span class='ocrx_word' id='word_1_351' title='bbox 992 2731 1244 2785; x_wconf 87' lang='lat' dir='ltr'><strong>carceris:</strong></span> <span class='ocrx_word' id='word_1_352' title='bbox 1269 2740 1315 2785; x_wconf 90' lang='lat' dir='ltr'><strong>et</strong></span> <span class='ocrx_word' id='word_1_353' title='bbox 1337 2731 1504 2785; x_wconf 85' lang='lat' dir='ltr'><strong>statim</strong></span> <span class='ocrx_word' id='word_1_354' title='bbox 1529 2741 1710 2802; x_wconf 89' lang='lat' dir='ltr'><strong>aperta</strong></span> 
     </span>
    </p>
   </div>
   <div class='ocr_carea' id='block_1_49' title="bbox 186 2822 1714 2891">
    <p class='ocr_par' dir='ltr' id='par_1_49' title="bbox 186 2822 1714 2891">
     <span class='ocr_line' id='line_1_49' title="bbox 186 2822 1714 2891; baseline -0.001 -11"><span class='ocrx_word' id='word_1_355' title='bbox 186 2834 311 2880; x_wconf 83' lang='lat' dir='ltr'><strong>sunt</strong></span> <span class='ocrx_word' id='word_1_356' title='bbox 364 2825 538 2879; x_wconf 88' lang='lat' dir='ltr'><strong>omnia</strong></span> <span class='ocrx_word' id='word_1_357' title='bbox 579 2824 747 2891; x_wconf 91' lang='lat' dir='ltr'><strong>ostia,</strong></span> <span class='ocrx_word' id='word_1_358' title='bbox 794 2832 841 2877; x_wconf 85' lang='lat' dir='ltr'><strong>et</strong></span> <span class='ocrx_word' id='word_1_359' title='bbox 883 2822 1230 2877; x_wconf 89' lang='lat' dir='ltr'><strong>universorum</strong></span> <span class='ocrx_word' id='word_1_360' title='bbox 1283 2823 1487 2877; x_wconf 85' lang='lat' dir='ltr'><strong>vincula</strong></span> <span class='ocrx_word' id='word_1_361' title='bbox 1545 2822 1714 2878; x_wconf 84' lang='lat' dir='ltr'><strong>soluta</strong></span> 
     </span>
    </p>
   </div>
   <div class='ocr_carea' id='block_1_50' title="bbox 192 2925 336 2971">
    <p class='ocr_par' dir='ltr' id='par_1_50' title="bbox 192 2925 336 2971">
     <span class='ocr_line' id='line_1_50' title="bbox 192 2925 336 2971; baseline 0 0"><span class='ocrx_word' id='word_1_362' title='bbox 192 2925 336 2971; x_wconf 63' lang='grc' dir='ltr'><strong><em>κιαι.</em></strong></span> 
     </span>
    </p>
   </div>
   <div class='ocr_carea' id='block_1_51' title="bbox 198 3022 1713 3095">
    <p class='ocr_par' dir='ltr' id='par_1_51' title="bbox 198 3022 1713 3095">
     <span class='ocr_line' id='line_1_51' title="bbox 198 3022 1713 3095; baseline 0.001 -15"><span class='ocrx_word' id='word_1_363' title='bbox 198 3026 252 3080; x_wconf 74' lang='grc'><strong>1.</strong></span> <span class='ocrx_word' id='word_1_364' title='bbox 277 3025 412 3094; x_wconf 83' lang='lat' dir='ltr'><strong>Quid</strong></span> <span class='ocrx_word' id='word_1_365' title='bbox 434 3025 521 3081; x_wconf 91' lang='lat' dir='ltr'><strong>his</strong></span> <span class='ocrx_word' id='word_1_366' title='bbox 542 3040 638 3095; x_wconf 87' lang='lat' dir='ltr'><strong>par</strong></span> <span class='ocrx_word' id='word_1_367' title='bbox 660 3023 819 3080; x_wconf 87' lang='lat' dir='ltr'><strong>fuerit</strong></span> <span class='ocrx_word' id='word_1_368' title='bbox 838 3022 1152 3079; x_wconf 80' lang='lat' dir='ltr'><strong>animabus?</strong></span> <span class='ocrx_word' id='word_1_369' title='bbox 1179 3022 1356 3094; x_wconf 81' lang='lat' dir='ltr'><strong>Virgis</strong></span> <span class='ocrx_word' id='word_1_370' title='bbox 1374 3024 1499 3081; x_wconf 67' lang='grc' dir='ltr'><strong>αεδὶ</strong></span> <span class='ocrx_word' id='word_1_371' title='bbox 1520 3025 1713 3082; x_wconf 84' lang='lat' dir='ltr'><strong>multas</strong></span> 
     </span>
    </p>
   </div>
   <div class='ocr_carea' id='block_1_52' title="bbox 138 3117 1714 3189">
    <p class='ocr_par' dir='ltr' id='par_1_52' title="bbox 138 3117 1714 3189">
     <span class='ocr_line' id='line_1_52' title="bbox 138 3117 1714 3189; baseline 0.002 -17"><span class='ocrx_word' id='word_1_372' title='bbox 138 3133 319 3189; x_wconf 73' lang='lat' dir='ltr'><strong>plagas</strong></span> <span class='ocrx_word' id='word_1_373' title='bbox 353 3125 691 3188; x_wconf 85' lang='lat' dir='ltr'><strong>acceperant,</strong></span> <span class='ocrx_word' id='word_1_374' title='bbox 721 3117 1076 3173; x_wconf 85' lang='lat' dir='ltr'><strong>contumelias</strong></span> <span class='ocrx_word' id='word_1_375' title='bbox 1112 3126 1169 3172; x_wconf 90' lang='lat' dir='ltr'><strong>et</strong></span> <span class='ocrx_word' id='word_1_376' title='bbox 1211 3126 1449 3173; x_wconf 77' lang='lat' dir='ltr'><strong>extrema</strong></span> <span class='ocrx_word' id='word_1_377' title='bbox 1478 3118 1714 3189; x_wconf 88' lang='lat' dir='ltr'><strong>pericula</strong></span> 
     </span>
    </p>
   </div>
   <div class='ocr_carea' id='block_1_53' title="bbox 144 3209 1710 3282">
    <p class='ocr_par' dir='ltr' id='par_1_53' title="bbox 144 3209 1710 3282">
     <span class='ocr_line' id='line_1_53' title="bbox 144 3209 1710 3282; baseline 0.001 -17"><span class='ocrx_word' id='word_1_378' title='bbox 144 3212 419 3279; x_wconf 84' lang='lat' dir='ltr'><strong>subieraut,</strong></span> <span class='ocrx_word' id='word_1_379' title='bbox 454 3212 509 3266; x_wconf 92' lang='lat' dir='ltr'><strong>in</strong></span> <span class='ocrx_word' id='word_1_380' title='bbox 538 3211 682 3282; x_wconf 89' lang='lat' dir='ltr'><strong>ligno</strong></span> <span class='ocrx_word' id='word_1_381' title='bbox 708 3211 869 3265; x_wconf 92' lang='lat' dir='ltr'><strong>vincti</strong></span> <span class='ocrx_word' id='word_1_382' title='bbox 901 3218 1071 3275; x_wconf 89' lang='lat' dir='ltr'><strong>erant,</strong></span> <span class='ocrx_word' id='word_1_383' title='bbox 1105 3209 1159 3264; x_wconf 90' lang='lat' dir='ltr'><strong>in</strong></span> <span class='ocrx_word' id='word_1_384' title='bbox 1186 3224 1402 3265; x_wconf 85' lang='lat' dir='ltr'><strong>carcere</strong></span> <span class='ocrx_word' id='word_1_385' title='bbox 1432 3211 1710 3266; x_wconf 88' lang='lat' dir='ltr'><strong>interiori:</strong></span> 
     </span>
    </p>
   </div>
   <div class='ocr_carea' id='block_1_54' title="bbox 139 3302 1714 3375">
    <p class='ocr_par' dir='ltr' id='par_1_54' title="bbox 139 3302 1714 3375">
     <span class='ocr_line' id='line_1_54' title="bbox 139 3302 1714 3375; baseline -0.001 -17"><span class='ocrx_word' id='word_1_386' title='bbox 139 3314 191 3358; x_wconf 89' lang='lat' dir='ltr'><strong>et</strong></span> <span class='ocrx_word' id='word_1_387' title='bbox 227 3320 295 3358; x_wconf 86' lang='lat' dir='ltr'><strong>ne</strong></span> <span class='ocrx_word' id='word_1_388' title='bbox 320 3305 392 3359; x_wconf 85' lang='lat' dir='ltr'><strong>sic</strong></span> <span class='ocrx_word' id='word_1_389' title='bbox 416 3303 635 3375; x_wconf 92' lang='lat' dir='ltr'><strong>quidem</strong></span> <span class='ocrx_word' id='word_1_390' title='bbox 663 3318 910 3358; x_wconf 89' lang='lat' dir='ltr'><strong>somnum</strong></span> <span class='ocrx_word' id='word_1_391' title='bbox 937 3318 1132 3373; x_wconf 87' lang='lat' dir='ltr'><strong>capere</strong></span> <span class='ocrx_word' id='word_1_392' title='bbox 1163 3302 1436 3369; x_wconf 91' lang='lat' dir='ltr'><strong>volebant,</strong></span> <span class='ocrx_word' id='word_1_393' title='bbox 1466 3302 1563 3359; x_wconf 90' lang='lat' dir='ltr'><strong>sed</strong></span> <span class='ocrx_word' id='word_1_394' title='bbox 1590 3317 1714 3371; x_wconf 91' lang='lat' dir='ltr'><strong>per-</strong></span> 
     </span>
    </p>
   </div>
   <div class='ocr_carea' id='block_1_55' title="bbox 133 3391 1715 3464">
    <p class='ocr_par' dir='ltr' id='par_1_55' title="bbox 133 3391 1715 3464">
     <span class='ocr_line' id='line_1_55' title="bbox 133 3391 1715 3464; baseline 0.001 -17"><span class='ocrx_word' id='word_1_395' title='bbox 133 3395 367 3464; x_wconf 76' lang='lat' dir='ltr'><strong>vigilium</strong></span> <span class='ocrx_word' id='word_1_396' title='bbox 388 3394 637 3464; x_wconf 87' lang='lat' dir='ltr'><strong>agebant.</strong></span> <span class='ocrx_word' id='word_1_397' title='bbox 663 3391 866 3449; x_wconf 82' lang='lat' dir='ltr'><strong>Videtis</strong></span> <span class='ocrx_word' id='word_1_398' title='bbox 886 3401 1142 3463; x_wconf 90' lang='lat' dir='ltr'><strong>quantum</strong></span> <span class='ocrx_word' id='word_1_399' title='bbox 1163 3393 1234 3447; x_wconf 92' lang='lat' dir='ltr'><strong>sit</strong></span> <span class='ocrx_word' id='word_1_400' title='bbox 1257 3391 1471 3447; x_wconf 79' lang='lat' dir='ltr'><strong>afﬂictio</strong></span> <span class='ocrx_word' id='word_1_401' title='bbox 1492 3392 1715 3448; x_wconf 79' lang='lat' dir='ltr'><strong>bonum?</strong></span> 
     </span>
    </p>
   </div>
   <div class='ocr_carea' id='block_1_56' title="bbox 120 3484 1715 3554">
    <p class='ocr_par' dir='ltr' id='par_1_56' title="bbox 120 3484 1715 3554">
     <span class='ocr_line' id='line_1_56' title="bbox 120 3484 1715 3554; baseline -0.001 -14"><span class='ocrx_word' id='word_1_402' title='bbox 120 3485 230 3541; x_wconf 85' lang='lat' dir='ltr'><strong>Nos</strong></span> <span class='ocrx_word' id='word_1_403' title='bbox 268 3497 457 3541; x_wconf 86' lang='lat' dir='ltr'><strong>autem</strong></span> <span class='ocrx_word' id='word_1_404' title='bbox 502 3486 556 3540; x_wconf 91' lang='lat' dir='ltr'><strong>in</strong></span> <span class='ocrx_word' id='word_1_405' title='bbox 597 3484 847 3540; x_wconf 88' lang='lat' dir='ltr'><strong>mollibus</strong></span> <span class='ocrx_word' id='word_1_406' title='bbox 886 3484 1039 3540; x_wconf 90' lang='lat' dir='ltr'><strong>lectis</strong></span> <span class='ocrx_word' id='word_1_407' title='bbox 1064 3484 1183 3539; x_wconf 89' lang='lat' dir='ltr'><strong>sine</strong></span> <span class='ocrx_word' id='word_1_408' title='bbox 1229 3484 1341 3538; x_wconf 93' lang='lat' dir='ltr'><strong>ullo</strong></span> <span class='ocrx_word' id='word_1_409' title='bbox 1376 3493 1583 3539; x_wconf 87' lang='lat' dir='ltr'><strong>terrore</strong></span> <span class='ocrx_word' id='word_1_410' title='bbox 1618 3498 1715 3554; x_wconf 92' lang='lat' dir='ltr'><strong>per</strong></span> 
     </span>
    </p>
   </div>
   <div class='ocr_carea' id='block_1_57' title="bbox 121 3575 1713 3647">
    <p class='ocr_par' dir='ltr' id='par_1_57' title="bbox 121 3575 1713 3647">
     <span class='ocr_line' id='line_1_57' title="bbox 121 3575 1713 3647; baseline 0 -16"><span class='ocrx_word' id='word_1_411' title='bbox 121 3586 291 3631; x_wconf 89' lang='lat' dir='ltr'><strong>totam</strong></span> <span class='ocrx_word' id='word_1_412' title='bbox 350 3577 649 3631; x_wconf 86' lang='lat' dir='ltr'><strong>dormimus</strong></span> <span class='ocrx_word' id='word_1_413' title='bbox 695 3588 927 3632; x_wconf 91' lang='lat' dir='ltr'><strong>noctem.</strong></span> <span class='ocrx_word' id='word_1_414' title='bbox 985 3576 1147 3631; x_wconf 88' lang='lat' dir='ltr'><strong>Forte</strong></span> <span class='ocrx_word' id='word_1_415' title='bbox 1201 3575 1324 3632; x_wconf 88' lang='lat' dir='ltr'><strong>ideo</strong></span> <span class='ocrx_word' id='word_1_416' title='bbox 1377 3575 1713 3647; x_wconf 83' lang='lat' dir='ltr'><strong>pervigilium</strong></span> 
     </span>
    </p>
   </div>
   <div class='ocr_carea' id='block_1_58' title="bbox 114 3666 1714 3739">
    <p class='ocr_par' dir='ltr' id='par_1_58' title="bbox 114 3666 1714 3739">
     <span class='ocr_line' id='line_1_58' title="bbox 114 3666 1714 3739; baseline 0.002 -19"><span class='ocrx_word' id='word_1_417' title='bbox 114 3671 375 3737; x_wconf 78' lang='lat' dir='ltr'><strong>agebant,</strong></span> <span class='ocrx_word' id='word_1_418' title='bbox 430 3668 554 3739; x_wconf 83' lang='lat' dir='ltr'><strong>quia</strong></span> <span class='ocrx_word' id='word_1_419' title='bbox 594 3667 697 3724; x_wconf 88' lang='lat' dir='ltr'><strong>hoc</strong></span> <span class='ocrx_word' id='word_1_420' title='bbox 738 3670 793 3722; x_wconf 90' lang='lat' dir='ltr'><strong>in</strong></span> <span class='ocrx_word' id='word_1_421' title='bbox 831 3676 974 3722; x_wconf 87' lang='lat' dir='ltr'><strong>statu</strong></span> <span class='ocrx_word' id='word_1_422' title='bbox 1002 3676 1176 3723; x_wconf 89' lang='lat' dir='ltr'><strong>erant.</strong></span> <span class='ocrx_word' id='word_1_423' title='bbox 1228 3666 1347 3721; x_wconf 87' lang='lat' dir='ltr'><strong>Non</strong></span> <span class='ocrx_word' id='word_1_424' title='bbox 1379 3667 1499 3722; x_wconf 90' lang='lat' dir='ltr'><strong>illos</strong></span> <span class='ocrx_word' id='word_1_425' title='bbox 1536 3669 1714 3723; x_wconf 91' lang='lat' dir='ltr'><strong>somni</strong></span> 
     </span>
    </p>
   </div>
   <div class='ocr_carea' id='block_1_59' title="bbox 118 3758 1714 3832">
    <p class='ocr_par' dir='ltr' id='par_1_59' title="bbox 118 3758 1714 3832">
     <span class='ocr_line' id='line_1_59' title="bbox 118 3758 1714 3832; baseline -0.001 -18"><span class='ocrx_word' id='word_1_426' title='bbox 118 3762 381 3832; x_wconf 76' lang='lat' dir='ltr'><strong>tyrannis</strong></span> <span class='ocrx_word' id='word_1_427' title='bbox 424 3761 585 3831; x_wconf 87' lang='lat' dir='ltr'><strong>cepit,</strong></span> <span class='ocrx_word' id='word_1_428' title='bbox 631 3775 737 3814; x_wconf 88' lang='lat' dir='ltr'><strong>non</strong></span> <span class='ocrx_word' id='word_1_429' title='bbox 776 3760 931 3814; x_wconf 87' lang='lat' dir='ltr'><strong>dolor</strong></span> <span class='ocrx_word' id='word_1_430' title='bbox 969 3758 1194 3825; x_wconf 80' lang='lat' dir='ltr'><strong>inﬂexit,</strong></span> <span class='ocrx_word' id='word_1_431' title='bbox 1227 3773 1332 3813; x_wconf 91' lang='lat' dir='ltr'><strong>non</strong></span> <span class='ocrx_word' id='word_1_432' title='bbox 1382 3760 1542 3814; x_wconf 91' lang='lat' dir='ltr'><strong>timor</strong></span> <span class='ocrx_word' id='word_1_433' title='bbox 1580 3774 1714 3814; x_wconf 90' lang='lat' dir='ltr'><strong>con-</strong></span> 
     </span>
    </p>
   </div>
   <div class='ocr_carea' id='block_1_60' title="bbox 113 3848 1716 3921">
    <p class='ocr_par' dir='ltr' id='par_1_60' title="bbox 113 3848 1716 3921">
     <span class='ocr_line' id='line_1_60' title="bbox 113 3848 1716 3921; baseline -0.001 -15"><span class='ocrx_word' id='word_1_434' title='bbox 113 3861 402 3907; x_wconf 84' lang='lat' dir='ltr'><strong>sternatos</strong></span> <span class='ocrx_word' id='word_1_435' title='bbox 431 3850 698 3917; x_wconf 88' lang='lat' dir='ltr'><strong>reddidit;</strong></span> <span class='ocrx_word' id='word_1_436' title='bbox 740 3850 833 3905; x_wconf 89' lang='lat' dir='ltr'><strong>sed</strong></span> <span class='ocrx_word' id='word_1_437' title='bbox 864 3851 979 3906; x_wconf 70' lang='lat' dir='ltr'><strong>haec</strong></span> <span class='ocrx_word' id='word_1_438' title='bbox 1011 3850 1181 3904; x_wconf 88' lang='lat' dir='ltr'><strong>multo</strong></span> <span class='ocrx_word' id='word_1_439' title='bbox 1221 3848 1389 3921; x_wconf 87' lang='lat' dir='ltr'><strong>magis</strong></span> <span class='ocrx_word' id='word_1_440' title='bbox 1418 3849 1537 3905; x_wconf 91' lang='lat' dir='ltr'><strong>illos</strong></span> <span class='ocrx_word' id='word_1_441' title='bbox 1571 3850 1716 3906; x_wconf 82' lang='lat' dir='ltr'><strong>exci-</strong></span> 
     </span>
    </p>
   </div>
   <div class='ocr_carea' id='block_1_61' title="bbox 112 3939 1716 4012">
    <p class='ocr_par' dir='ltr' id='par_1_61' title="bbox 112 3939 1716 4012">
     <span class='ocr_line' id='line_1_61' title="bbox 112 3939 1716 4012; baseline -0.002 -14"><span class='ocrx_word' id='word_1_442' title='bbox 112 3945 337 4011; x_wconf 82' lang='lat' dir='ltr'><strong>tabant,</strong></span> <span class='ocrx_word' id='word_1_443' title='bbox 382 3953 441 3998; x_wconf 85' lang='lat' dir='ltr'><strong>et</strong></span> <span class='ocrx_word' id='word_1_444' title='bbox 484 3944 648 3997; x_wconf 88' lang='lat' dir='ltr'><strong>multa</strong></span> <span class='ocrx_word' id='word_1_445' title='bbox 677 3942 960 4012; x_wconf 87' lang='lat' dir='ltr'><strong>replebant</strong></span> <span class='ocrx_word' id='word_1_446' title='bbox 999 3942 1292 4011; x_wconf 86' lang='lat' dir='ltr'><strong>voluptate.</strong></span> <span class='ocrx_word' id='word_1_447' title='bbox 1339 3939 1518 3995; x_wconf 77' lang='lat' dir='ltr'><strong>Media</strong></span> <span class='ocrx_word' id='word_1_448' title='bbox 1544 3951 1716 3995; x_wconf 89' lang='lat' dir='ltr'><strong>autem</strong></span> 
     </span>
    </p>
   </div>
   <div class='ocr_carea' id='block_1_62' title="bbox 108 4032 1717 4105">
    <p class='ocr_par' dir='ltr' id='par_1_62' title="bbox 108 4032 1717 4105">
     <span class='ocr_line' id='line_1_62' title="bbox 108 4032 1717 4105; baseline -0.001 -18"><span class='ocrx_word' id='word_1_449' title='bbox 108 4046 288 4102; x_wconf 82' lang='lat' dir='ltr'><strong>nocte,</strong></span> <span class='ocrx_word' id='word_1_450' title='bbox 361 4034 554 4105; x_wconf 88' lang='lat' dir='ltr'><strong>inquit,</strong></span> <span class='ocrx_word' id='word_1_451' title='bbox 612 4043 815 4088; x_wconf 79' lang='lat' dir='ltr'><strong>orantes</strong></span> <span class='ocrx_word' id='word_1_452' title='bbox 871 4032 1151 4088; x_wconf 84' lang='lat' dir='ltr'><strong>laudabant</strong></span> <span class='ocrx_word' id='word_1_453' title='bbox 1196 4033 1397 4087; x_wconf 87' lang='lat' dir='ltr'><strong>Deum:</strong></span> <span class='ocrx_word' id='word_1_454' title='bbox 1446 4032 1717 4087; x_wconf 80' lang='lat' dir='ltr'><strong>audiebant</strong></span> 
     </span>
    </p>
   </div>
   <div class='ocr_carea' id='block_1_63' title="bbox 102 4123 1717 4195">
    <p class='ocr_par' dir='ltr' id='par_1_63' title="bbox 102 4123 1717 4195">
     <span class='ocr_line' id='line_1_63' title="bbox 102 4123 1717 4195; baseline 0 -17"><span class='ocrx_word' id='word_1_455' title='bbox 102 4137 287 4180; x_wconf 75' lang='lat' dir='ltr'><strong>autem</strong></span> <span class='ocrx_word' id='word_1_456' title='bbox 330 4127 451 4180; x_wconf 84' lang='lat' dir='ltr'><strong>illos</strong></span> <span class='ocrx_word' id='word_1_457' title='bbox 494 4126 668 4179; x_wconf 83' lang='lat' dir='ltr'><strong>vincti.</strong></span> <span class='ocrx_word' id='word_1_458' title='bbox 717 4125 929 4181; x_wconf 85' lang='lat' dir='ltr'><strong>Novum</strong></span> <span class='ocrx_word' id='word_1_459' title='bbox 959 4125 1105 4180; x_wconf 89' lang='lat' dir='ltr'><strong>enim</strong></span> <span class='ocrx_word' id='word_1_460' title='bbox 1134 4132 1191 4180; x_wconf 91' lang='lat' dir='ltr'><strong>et</strong></span> <span class='ocrx_word' id='word_1_461' title='bbox 1226 4123 1548 4195; x_wconf 86' lang='lat' dir='ltr'><strong>stupendum</strong></span> <span class='ocrx_word' id='word_1_462' title='bbox 1576 4123 1717 4178; x_wconf 80' lang='lat' dir='ltr'><strong>vide-</strong></span> 
     </span>
    </p>
   </div>
   <div class='ocr_carea' id='block_1_64' title="bbox 100 4216 1710 4288">
    <p class='ocr_par' dir='ltr' id='par_1_64' title="bbox 100 4216 1710 4288">
     <span class='ocr_line' id='line_1_64' title="bbox 100 4216 1710 4288; baseline -0.001 -19"><span class='ocrx_word' id='word_1_463' title='bbox 100 4217 275 4271; x_wconf 80' lang='lat' dir='ltr'><strong>batur</strong></span> <span class='ocrx_word' id='word_1_464' title='bbox 299 4231 447 4272; x_wconf 86' lang='lat' dir='ltr'><strong>esse.</strong></span> <span class='ocrx_word' id='word_1_465' title='bbox 473 4216 655 4272; x_wconf 86' lang='lat' dir='ltr'><strong>Subito</strong></span> <span class='ocrx_word' id='word_1_466' title='bbox 676 4232 789 4271; x_wconf 87' lang='lat' dir='ltr'><strong>vero</strong></span> <span class='ocrx_word' id='word_1_467' title='bbox 821 4224 969 4270; x_wconf 70' lang='lat' dir='ltr'><strong>terrae</strong></span> <span class='ocrx_word' id='word_1_468' title='bbox 996 4224 1160 4270; x_wconf 88' lang='lat' dir='ltr'><strong>motus</strong></span> <span class='ocrx_word' id='word_1_469' title='bbox 1190 4218 1354 4288; x_wconf 85' lang='lat' dir='ltr'><strong>factus</strong></span> <span class='ocrx_word' id='word_1_470' title='bbox 1380 4224 1451 4270; x_wconf 90' lang='lat' dir='ltr'><strong>est</strong></span> <span class='ocrx_word' id='word_1_471' title='bbox 1476 4230 1710 4286; x_wconf 85' lang='lat' dir='ltr'><strong>magnus,</strong></span> 
     </span>
    </p>
   </div>
   <div class='ocr_carea' id='block_1_65' title="bbox 98 4308 1712 4382">
    <p class='ocr_par' dir='ltr' id='par_1_65' title="bbox 98 4308 1712 4382">
     <span class='ocr_line' id='line_1_65' title="bbox 98 4308 1712 4382; baseline 0.001 -21"><span class='ocrx_word' id='word_1_472' title='bbox 98 4312 180 4364; x_wconf 84' lang='lat' dir='ltr'><strong>ita</strong></span> <span class='ocrx_word' id='word_1_473' title='bbox 207 4323 272 4364; x_wconf 83' lang='lat' dir='ltr'><strong>ut</strong></span> <span class='ocrx_word' id='word_1_474' title='bbox 303 4320 631 4364; x_wconf 79' lang='lat' dir='ltr'><strong>moverentur</strong></span> <span class='ocrx_word' id='word_1_475' title='bbox 658 4310 988 4382; x_wconf 87' lang='lat' dir='ltr'><strong>fundamenta</strong></span> <span class='ocrx_word' id='word_1_476' title='bbox 1006 4310 1224 4363; x_wconf 87' lang='lat' dir='ltr'><strong>carceris</strong></span> <span class='ocrx_word' id='word_1_477' title='bbox 1244 4324 1263 4362; x_wconf 91' lang='lat'><strong>:</strong></span> <span class='ocrx_word' id='word_1_478' title='bbox 1292 4319 1339 4362; x_wconf 90' lang='lat' dir='ltr'><strong>et</strong></span> <span class='ocrx_word' id='word_1_479' title='bbox 1361 4308 1532 4363; x_wconf 86' lang='lat' dir='ltr'><strong>statim</strong></span> <span class='ocrx_word' id='word_1_480' title='bbox 1559 4323 1712 4377; x_wconf 85' lang='lat' dir='ltr'><strong>aper-</strong></span> 
     </span>
    </p>
   </div>
   <div class='ocr_carea' id='block_1_66' title="bbox 96 4400 1709 4469">
    <p class='ocr_par' dir='ltr' id='par_1_66' title="bbox 96 4400 1709 4469">
     <span class='ocr_line' id='line_1_66' title="bbox 96 4400 1709 4469; baseline 0 -16"><span class='ocrx_word' id='word_1_481' title='bbox 96 4414 150 4453; x_wconf 85' lang='lat' dir='ltr'><strong>ta</strong></span> <span class='ocrx_word' id='word_1_482' title='bbox 172 4412 312 4455; x_wconf 76' lang='lat' dir='ltr'><strong>sunt</strong></span> <span class='ocrx_word' id='word_1_483' title='bbox 361 4403 491 4456; x_wconf 86' lang='lat' dir='ltr'><strong>ostia</strong></span> <span class='ocrx_word' id='word_1_484' title='bbox 514 4403 707 4469; x_wconf 87' lang='lat' dir='ltr'><strong>omnia,</strong></span> <span class='ocrx_word' id='word_1_485' title='bbox 729 4412 778 4456; x_wconf 92' lang='lat' dir='ltr'><strong>et</strong></span> <span class='ocrx_word' id='word_1_486' title='bbox 797 4402 1145 4456; x_wconf 82' lang='lat' dir='ltr'><strong>universorum</strong></span> <span class='ocrx_word' id='word_1_487' title='bbox 1164 4401 1365 4455; x_wconf 87' lang='lat' dir='ltr'><strong>vincula</strong></span> <span class='ocrx_word' id='word_1_488' title='bbox 1384 4400 1551 4454; x_wconf 84' lang='lat' dir='ltr'><strong>soluta</strong></span> <span class='ocrx_word' id='word_1_489' title='bbox 1570 4409 1709 4453; x_wconf 81' lang='lat' dir='ltr'><strong>sunt.</strong></span> 
     </span>
    </p>
   </div>
   <div class='ocr_carea' id='block_1_67' title="bbox 94 4492 1707 4559">
    <p class='ocr_par' dir='ltr' id='par_1_67' title="bbox 94 4492 1707 4559">
     <span class='ocr_line' id='line_1_67' title="bbox 94 4492 1707 4559; baseline 0.001 -12"><span class='ocrx_word' id='word_1_490' title='bbox 94 4492 300 4549; x_wconf 63' lang='lat' dir='ltr'><strong>Terre</strong></span> <span class='ocrx_word' id='word_1_491' title='bbox 348 4504 522 4548; x_wconf 86' lang='lat' dir='ltr'><strong>motus</strong></span> <span class='ocrx_word' id='word_1_492' title='bbox 560 4493 730 4549; x_wconf 89' lang='lat' dir='ltr'><strong>factus</strong></span> <span class='ocrx_word' id='word_1_493' title='bbox 765 4502 867 4559; x_wconf 90' lang='lat' dir='ltr'><strong>est,</strong></span> <span class='ocrx_word' id='word_1_494' title='bbox 908 4494 981 4548; x_wconf 93' lang='lat' dir='ltr'><strong>ita</strong></span> <span class='ocrx_word' id='word_1_495' title='bbox 1009 4502 1067 4548; x_wconf 92' lang='lat' dir='ltr'><strong>ut</strong></span> <span class='ocrx_word' id='word_1_496' title='bbox 1094 4502 1279 4547; x_wconf 90' lang='lat' dir='ltr'><strong>custos</strong></span> <span class='ocrx_word' id='word_1_497' title='bbox 1318 4492 1647 4547; x_wconf 78' lang='lat' dir='ltr'><strong>excitaretur</strong></span> <span class='ocrx_word' id='word_1_498' title='bbox 1675 4506 1707 4548; x_wconf 90' lang='lat' dir='ltr'><strong>a</strong></span> 
     </span>
    </p>
   </div>
   <div class='ocr_carea' id='block_1_68' title="bbox 91 4583 1707 4658">
    <p class='ocr_par' dir='ltr' id='par_1_68' title="bbox 91 4583 1707 4658">
     <span class='ocr_line' id='line_1_68' title="bbox 91 4583 1707 4658; baseline -0.001 -16"><span class='ocrx_word' id='word_1_499' title='bbox 91 4603 311 4643; x_wconf 84' lang='lat' dir='ltr'><strong>somno</strong></span> <span class='ocrx_word' id='word_1_500' title='bbox 334 4605 353 4652; x_wconf 90' lang='lat'><strong>;</strong></span> <span class='ocrx_word' id='word_1_501' title='bbox 376 4598 429 4642; x_wconf 91' lang='lat' dir='ltr'><strong>et</strong></span> <span class='ocrx_word' id='word_1_502' title='bbox 448 4587 584 4642; x_wconf 82' lang='lat' dir='ltr'><strong>ostia</strong></span> <span class='ocrx_word' id='word_1_503' title='bbox 604 4596 790 4658; x_wconf 87' lang='lat' dir='ltr'><strong>aperta</strong></span> <span class='ocrx_word' id='word_1_504' title='bbox 817 4595 963 4654; x_wconf 91' lang='lat' dir='ltr'><strong>sunt,</strong></span> <span class='ocrx_word' id='word_1_505' title='bbox 990 4587 1059 4640; x_wconf 90' lang='lat' dir='ltr'><strong>ita</strong></span> <span class='ocrx_word' id='word_1_506' title='bbox 1081 4595 1139 4640; x_wconf 92' lang='lat' dir='ltr'><strong>ut</strong></span> <span class='ocrx_word' id='word_1_507' title='bbox 1158 4600 1245 4640; x_wconf 88' lang='lat' dir='ltr'><strong>res</strong></span> <span class='ocrx_word' id='word_1_508' title='bbox 1265 4594 1406 4640; x_wconf 90' lang='lat' dir='ltr'><strong>esset</strong></span> <span class='ocrx_word' id='word_1_509' title='bbox 1424 4583 1707 4640; x_wconf 86' lang='lat' dir='ltr'><strong>mirabilis.</strong></span> 
     </span>
    </p>
   </div>
   <div class='ocr_carea' id='block_1_69' title="bbox 92 4676 1709 4747">
    <p class='ocr_par' dir='ltr' id='par_1_69' title="bbox 92 4676 1709 4747">
     <span class='ocr_line' id='line_1_69' title="bbox 92 4676 1709 4747; baseline -0.002 -14"><span class='ocrx_word' id='word_1_510' title='bbox 92 4680 234 4734; x_wconf 75' lang='lat' dir='ltr'><strong>[hec</strong></span> <span class='ocrx_word' id='word_1_511' title='bbox 264 4678 442 4733; x_wconf 79' lang='lat' dir='ltr'><strong>vincti</strong></span> <span class='ocrx_word' id='word_1_512' title='bbox 475 4694 581 4732; x_wconf 91' lang='lat' dir='ltr'><strong>non</strong></span> <span class='ocrx_word' id='word_1_513' title='bbox 613 4677 901 4742; x_wconf 87' lang='lat' dir='ltr'><strong>videbant;</strong></span> <span class='ocrx_word' id='word_1_514' title='bbox 932 4677 1169 4747; x_wconf 90' lang='lat' dir='ltr'><strong>alioquin</strong></span> <span class='ocrx_word' id='word_1_515' title='bbox 1201 4676 1463 4746; x_wconf 79' lang='lat' dir='ltr'><strong>fugissent</strong></span> <span class='ocrx_word' id='word_1_516' title='bbox 1492 4690 1709 4732; x_wconf 89' lang='lat' dir='ltr'><strong>omnes.</strong></span> 
     </span>
    </p>
   </div>
   <div class='ocr_carea' id='block_1_70' title="bbox 85 4769 1712 4841">
    <p class='ocr_par' dir='ltr' id='par_1_70' title="bbox 85 4769 1712 4841">
     <span class='ocr_line' id='line_1_70' title="bbox 85 4769 1712 4841; baseline -0.002 -15"><span class='ocrx_word' id='word_1_517' title='bbox 85 4773 186 4826; x_wconf 76' lang='lat'><strong>9.7.</strong></span> <span class='ocrx_word' id='word_1_518' title='bbox 231 4771 652 4841; x_wconf 73' lang='lat' dir='ltr'><strong>Expergefactus</strong></span> <span class='ocrx_word' id='word_1_519' title='bbox 679 4780 847 4823; x_wconf 85' lang='lat' dir='ltr'><strong>autem</strong></span> <span class='ocrx_word' id='word_1_520' title='bbox 870 4780 1057 4835; x_wconf 86' lang='lat' dir='ltr'><strong>custos,</strong></span> <span class='ocrx_word' id='word_1_521' title='bbox 1086 4779 1132 4823; x_wconf 92' lang='lat' dir='ltr'><strong>et</strong></span> <span class='ocrx_word' id='word_1_522' title='bbox 1156 4769 1328 4823; x_wconf 86' lang='lat' dir='ltr'><strong>videns</strong></span> <span class='ocrx_word' id='word_1_523' title='bbox 1343 4770 1535 4840; x_wconf 84' lang='lat' dir='ltr'><strong>januas</strong></span> <span class='ocrx_word' id='word_1_524' title='bbox 1562 4785 1712 4838; x_wconf 85' lang='lat' dir='ltr'><strong>aper-</strong></span> 
     </span>
    </p>
   </div>
   <div class='ocr_carea' id='block_1_71' title="bbox 86 4861 1705 4933">
    <p class='ocr_par' dir='ltr' id='par_1_71' title="bbox 86 4861 1705 4933">
     <span class='ocr_line' id='line_1_71' title="bbox 86 4861 1705 4933; baseline 0.001 -18"><span class='ocrx_word' id='word_1_525' title='bbox 86 4878 171 4918; x_wconf 79' lang='lat' dir='ltr'><strong>tas</strong></span> <span class='ocrx_word' id='word_1_526' title='bbox 218 4863 479 4929; x_wconf 84' lang='lat' dir='ltr'><strong>carceris,</strong></span> <span class='ocrx_word' id='word_1_527' title='bbox 526 4863 792 4933; x_wconf 77' lang='lat' dir='ltr'><strong>euaginata</strong></span> <span class='ocrx_word' id='word_1_528' title='bbox 841 4861 1013 4933; x_wconf 87' lang='lat' dir='ltr'><strong>gladio</strong></span> <span class='ocrx_word' id='word_1_529' title='bbox 1056 4861 1252 4915; x_wconf 84' lang='lat' dir='ltr'><strong>volebat</strong></span> <span class='ocrx_word' id='word_1_530' title='bbox 1298 4878 1352 4916; x_wconf 90' lang='lat' dir='ltr'><strong>se</strong></span> <span class='ocrx_word' id='word_1_531' title='bbox 1396 4862 1705 4931; x_wconf 87' lang='lat' dir='ltr'><strong>inter/icere,</strong></span> 
     </span>
    </p>
   </div>
   <div class='ocr_carea' id='block_1_72' title="bbox 84 4952 1710 5027">
    <p class='ocr_par' dir='ltr' id='par_1_72' title="bbox 84 4952 1710 5027">
     <span class='ocr_line' id='line_1_72' title="bbox 84 4952 1710 5027; baseline 0 -18"><span class='ocrx_word' id='word_1_532' title='bbox 84 4958 380 5010; x_wconf 62' lang='lat' dir='ltr'><strong>intimam</strong></span> <span class='ocrx_word' id='word_1_533' title='bbox 435 4956 627 5027; x_wconf 87' lang='lat' dir='ltr'><strong>fugisse</strong></span> <span class='ocrx_word' id='word_1_534' title='bbox 681 4956 894 5008; x_wconf 84' lang='lat' dir='ltr'><strong>vinctos.</strong></span> <span class='ocrx_word' id='word_1_535' title='bbox 943 4954 1032 5010; x_wconf 73' lang='grc'><strong>28.</strong></span> <span class='ocrx_word' id='word_1_536' title='bbox 1087 4952 1335 5010; x_wconf 80' lang='lat' dir='ltr'><strong>Clamavit</strong></span> <span class='ocrx_word' id='word_1_537' title='bbox 1376 4962 1543 5009; x_wconf 87' lang='lat' dir='ltr'><strong>autem</strong></span> <span class='ocrx_word' id='word_1_538' title='bbox 1591 4970 1710 5010; x_wconf 83' lang='lat' dir='ltr'><strong>voce</strong></span> 
     </span>
    </p>
   </div>
   <div class='ocr_carea' id='block_1_73' title="bbox 84 5046 1708 5119">
    <p class='ocr_par' dir='ltr' id='par_1_73' title="bbox 84 5046 1708 5119">
     <span class='ocr_line' id='line_1_73' title="bbox 84 5046 1708 5119; baseline 0.001 -19"><span class='ocrx_word' id='word_1_539' title='bbox 84 5066 302 5119; x_wconf 73' lang='lat' dir='ltr'><strong>ntagna</strong></span> <span class='ocrx_word' id='word_1_540' title='bbox 337 5046 557 5111; x_wconf 81' lang='lat' dir='ltr'><strong>Paulus,</strong></span> <span class='ocrx_word' id='word_1_541' title='bbox 587 5048 761 5102; x_wconf 88' lang='lat' dir='ltr'><strong>dicens</strong></span> <span class='ocrx_word' id='word_1_542' title='bbox 779 5063 798 5101; x_wconf 94' lang='lat'><strong>:</strong></span> <span class='ocrx_word' id='word_1_543' title='bbox 827 5046 977 5101; x_wconf 80' lang='lat' dir='ltr'><strong>Nihil</strong></span> <span class='ocrx_word' id='word_1_544' title='bbox 999 5047 1084 5101; x_wconf 88' lang='lat' dir='ltr'><strong>tibi</strong></span> <span class='ocrx_word' id='word_1_545' title='bbox 1106 5048 1233 5101; x_wconf 89' lang='lat' dir='ltr'><strong>mali</strong></span> <span class='ocrx_word' id='word_1_546' title='bbox 1251 5047 1466 5116; x_wconf 81' lang='lat' dir='ltr'><strong>feceris:</strong></span> <span class='ocrx_word' id='word_1_547' title='bbox 1487 5048 1708 5102; x_wconf 86' lang='lat' dir='ltr'><strong>universi</strong></span> 
     </span>
    </p>
   </div>
   <div class='ocr_carea' id='block_1_74' title="bbox 81 5140 1706 5212">
    <p class='ocr_par' dir='ltr' id='par_1_74' title="bbox 81 5140 1706 5212">
     <span class='ocr_line' id='line_1_74' title="bbox 81 5140 1706 5212; baseline -0.001 -15"><span class='ocrx_word' id='word_1_548' title='bbox 81 5146 233 5197; x_wconf 80' lang='lat' dir='ltr'><strong>enim</strong></span> <span class='ocrx_word' id='word_1_549' title='bbox 271 5142 369 5195; x_wconf 82' lang='lat' dir='ltr'><strong>hic</strong></span> <span class='ocrx_word' id='word_1_550' title='bbox 393 5158 589 5194; x_wconf 85' lang='lat' dir='ltr'><strong>sumus.</strong></span> <span class='ocrx_word' id='word_1_551' title='bbox 640 5142 949 5196; x_wconf 72' lang='lat' dir='ltr'><strong>Admiratus</strong></span> <span class='ocrx_word' id='word_1_552' title='bbox 987 5149 1069 5195; x_wconf 91' lang='lat' dir='ltr'><strong>est</strong></span> <span class='ocrx_word' id='word_1_553' title='bbox 1116 5141 1283 5210; x_wconf 83' lang='lat' dir='ltr'><strong>magis</strong></span> <span class='ocrx_word' id='word_1_554' title='bbox 1321 5140 1706 5212; x_wconf 85' lang='lat' dir='ltr'><strong>benignitatem</strong></span> 
     </span>
    </p>
   </div>
   <div class='ocr_carea' id='block_1_75' title="bbox 84 5233 1709 5304">
    <p class='ocr_par' dir='ltr' id='par_1_75' title="bbox 84 5233 1709 5304">
     <span class='ocr_line' id='line_1_75' title="bbox 84 5233 1709 5304; baseline 0.001 -17"><span class='ocrx_word' id='word_1_555' title='bbox 84 5236 255 5288; x_wconf 79' lang='lat' dir='ltr'><strong>Pauli</strong></span> <span class='ocrx_word' id='word_1_556' title='bbox 285 5253 303 5288; x_wconf 92' lang='lat'><strong>:</strong></span> <span class='ocrx_word' id='word_1_557' title='bbox 337 5233 617 5302; x_wconf 84' lang='lat' dir='ltr'><strong>obstupuit</strong></span> <span class='ocrx_word' id='word_1_558' title='bbox 649 5233 1036 5298; x_wconf 81' lang='lat' dir='ltr'><strong>fortitudinem,</strong></span> <span class='ocrx_word' id='word_1_559' title='bbox 1070 5233 1209 5302; x_wconf 88' lang='lat' dir='ltr'><strong>quod</strong></span> <span class='ocrx_word' id='word_1_560' title='bbox 1241 5248 1361 5288; x_wconf 88' lang='lat' dir='ltr'><strong>cum</strong></span> <span class='ocrx_word' id='word_1_561' title='bbox 1385 5233 1566 5301; x_wconf 78' lang='lat' dir='ltr'><strong>ingere</strong></span> <span class='ocrx_word' id='word_1_562' title='bbox 1595 5248 1709 5304; x_wconf 74' lang='lat' dir='ltr'><strong>p08~</strong></span> 
     </span>
    </p>
   </div>
   <div class='ocr_carea' id='block_1_76' title="bbox 80 5324 1702 5395">
    <p class='ocr_par' dir='ltr' id='par_1_76' title="bbox 80 5324 1702 5395">
     <span class='ocr_line' id='line_1_76' title="bbox 80 5324 1702 5395; baseline -0.002 -13"><span class='ocrx_word' id='word_1_563' title='bbox 80 5338 197 5393; x_wconf 70' lang='lat' dir='ltr'><strong>set,</strong></span> <span class='ocrx_word' id='word_1_564' title='bbox 237 5342 366 5381; x_wconf 81' lang='lat' dir='ltr'><strong>non</strong></span> <span class='ocrx_word' id='word_1_565' title='bbox 415 5325 627 5395; x_wconf 77' lang='lat' dir='ltr'><strong>fugerit,</strong></span> <span class='ocrx_word' id='word_1_566' title='bbox 662 5334 716 5379; x_wconf 89' lang='lat' dir='ltr'><strong>et</strong></span> <span class='ocrx_word' id='word_1_567' title='bbox 741 5324 884 5395; x_wconf 88' lang='lat' dir='ltr'><strong>quod</strong></span> <span class='ocrx_word' id='word_1_568' title='bbox 926 5326 1096 5394; x_wconf 90' lang='lat' dir='ltr'><strong>ipsum</strong></span> <span class='ocrx_word' id='word_1_569' title='bbox 1138 5340 1169 5379; x_wconf 91' lang='lat' dir='ltr'><strong>a</strong></span> <span class='ocrx_word' id='word_1_570' title='bbox 1196 5325 1344 5379; x_wconf 66' lang='lat' dir='ltr'><strong>crede</strong></span> <span class='ocrx_word' id='word_1_571' title='bbox 1385 5326 1702 5379; x_wconf 85' lang='lat' dir='ltr'><strong>cohibuerit.</strong></span> 
     </span>
    </p>
   </div>
   <div class='ocr_carea' id='block_1_77' title="bbox 80 5418 1706 5487">
    <p class='ocr_par' dir='ltr' id='par_1_77' title="bbox 80 5418 1706 5487">
     <span class='ocr_line' id='line_1_77' title="bbox 80 5418 1706 5487; baseline -0.003 -12"><span class='ocrx_word' id='word_1_572' title='bbox 80 5420 180 5475; x_wconf 73' lang='lat'><strong>29.</strong></span> <span class='ocrx_word' id='word_1_573' title='bbox 222 5418 415 5472; x_wconf 80' lang='lat' dir='ltr'><strong>Petito</strong></span> <span class='ocrx_word' id='word_1_574' title='bbox 431 5428 597 5471; x_wconf 85' lang='lat' dir='ltr'><strong>autent</strong></span> <span class='ocrx_word' id='word_1_575' title='bbox 625 5418 816 5471; x_wconf 80' lang='lat' dir='ltr'><strong>tantine</strong></span> <span class='ocrx_word' id='word_1_576' title='bbox 834 5418 1171 5487; x_wconf 84' lang='lat' dir='ltr'><strong>introgressus</strong></span> <span class='ocrx_word' id='word_1_577' title='bbox 1190 5427 1284 5483; x_wconf 84' lang='lat' dir='ltr'><strong>est,</strong></span> <span class='ocrx_word' id='word_1_578' title='bbox 1310 5428 1357 5471; x_wconf 88' lang='lat' dir='ltr'><strong>et</strong></span> <span class='ocrx_word' id='word_1_579' title='bbox 1387 5419 1706 5487; x_wconf 78' lang='lat' dir='ltr'><strong>tremefactus</strong></span> 
     </span>
    </p>
   </div>
   <div class='ocr_carea' id='block_1_78' title="bbox 82 5508 1707 5581">
    <p class='ocr_par' dir='ltr' id='par_1_78' title="bbox 82 5508 1707 5581">
     <span class='ocr_line' id='line_1_78' title="bbox 82 5508 1707 5581; baseline 0 -18"><span class='ocrx_word' id='word_1_580' title='bbox 82 5513 339 5581; x_wconf 78' lang='lat' dir='ltr'><strong>procidit</strong></span> <span class='ocrx_word' id='word_1_581' title='bbox 369 5520 489 5563; x_wconf 85' lang='lat' dir='ltr'><strong>ante</strong></span> <span class='ocrx_word' id='word_1_582' title='bbox 528 5508 755 5562; x_wconf 84' lang='lat' dir='ltr'><strong>Paulum</strong></span> <span class='ocrx_word' id='word_1_583' title='bbox 795 5517 842 5562; x_wconf 90' lang='lat' dir='ltr'><strong>et</strong></span> <span class='ocrx_word' id='word_1_584' title='bbox 890 5508 1077 5575; x_wconf 85' lang='lat' dir='ltr'><strong>Silam,</strong></span> <span class='ocrx_word' id='word_1_585' title='bbox 1109 5508 1199 5565; x_wconf 80' lang='grc'><strong>50.</strong></span> <span class='ocrx_word' id='word_1_586' title='bbox 1244 5519 1291 5563; x_wconf 90' lang='lat' dir='ltr'><strong>et</strong></span> <span class='ocrx_word' id='word_1_587' title='bbox 1316 5510 1595 5579; x_wconf 81' lang='lat' dir='ltr'><strong>producens</strong></span> <span class='ocrx_word' id='word_1_588' title='bbox 1623 5526 1707 5563; x_wconf 89' lang='lat' dir='ltr'><strong>eos</strong></span> 
     </span>
    </p>
   </div>
   <div class='ocr_carea' id='block_1_79' title="bbox 79 5600 1706 5672">
    <p class='ocr_par' dir='ltr' id='par_1_79' title="bbox 79 5600 1706 5672">
     <span class='ocr_line' id='line_1_79' title="bbox 79 5600 1706 5672; baseline -0.003 -14"><span class='ocrx_word' id='word_1_589' title='bbox 79 5612 265 5671; x_wconf 79' lang='lat' dir='ltr'><strong>foras,</strong></span> <span class='ocrx_word' id='word_1_590' title='bbox 304 5603 471 5655; x_wconf 70' lang='lat' dir='ltr'><strong>dixit:</strong></span> <span class='ocrx_word' id='word_1_591' title='bbox 514 5600 743 5663; x_wconf 86' lang='lat' dir='ltr'><strong>Domini,</strong></span> <span class='ocrx_word' id='word_1_592' title='bbox 772 5600 895 5671; x_wconf 85' lang='lat' dir='ltr'><strong>quid</strong></span> <span class='ocrx_word' id='word_1_593' title='bbox 927 5617 1009 5653; x_wconf 87' lang='lat' dir='ltr'><strong>me</strong></span> <span class='ocrx_word' id='word_1_594' title='bbox 1046 5610 1243 5669; x_wconf 84' lang='lat' dir='ltr'><strong>oportet</strong></span> <span class='ocrx_word' id='word_1_595' title='bbox 1271 5604 1436 5672; x_wconf 88' lang='lat' dir='ltr'><strong>facere</strong></span> <span class='ocrx_word' id='word_1_596' title='bbox 1461 5611 1515 5654; x_wconf 87' lang='lat' dir='ltr'><strong>ut</strong></span> <span class='ocrx_word' id='word_1_597' title='bbox 1539 5601 1706 5655; x_wconf 76' lang='lat' dir='ltr'><strong>salt-us</strong></span> 
     </span>
    </p>
   </div>
   <div class='ocr_carea' id='block_1_80' title="bbox 71 5692 1706 5763">
    <p class='ocr_par' dir='ltr' id='par_1_80' title="bbox 71 5692 1706 5763">
     <span class='ocr_line' id='line_1_80' title="bbox 71 5692 1706 5763; baseline 0.001 -18"><span class='ocrx_word' id='word_1_598' title='bbox 71 5694 267 5757; x_wconf 78' lang='lat' dir='ltr'><strong>ﬁam?</strong></span> <span class='ocrx_word' id='word_1_599' title='bbox 288 5693 484 5748; x_wconf 82' lang='lat' dir='ltr'><strong>Viden‘</strong></span> <span class='ocrx_word' id='word_1_600' title='bbox 512 5702 711 5763; x_wconf 86' lang='lat' dir='ltr'><strong>quanta</strong></span> <span class='ocrx_word' id='word_1_601' title='bbox 740 5692 890 5747; x_wconf 91' lang='lat' dir='ltr'><strong>illum</strong></span> <span class='ocrx_word' id='word_1_602' title='bbox 920 5694 1124 5763; x_wconf 83' lang='lat' dir='ltr'><strong>ceperit</strong></span> <span class='ocrx_word' id='word_1_603' title='bbox 1152 5692 1472 5747; x_wconf 89' lang='lat' dir='ltr'><strong>admiratio?</strong></span> <span class='ocrx_word' id='word_1_604' title='bbox 1501 5694 1589 5748; x_wconf 81' lang='grc'><strong>51.</strong></span> <span class='ocrx_word' id='word_1_605' title='bbox 1641 5694 1706 5747; x_wconf 82' lang='lat' dir='ltr'><strong>At</strong></span> 
     </span>
    </p>
   </div>
   <div class='ocr_carea' id='block_1_81' title="bbox 68 5783 1703 5856">
    <p class='ocr_par' dir='ltr' id='par_1_81' title="bbox 68 5783 1703 5856">
     <span class='ocr_line' id='line_1_81' title="bbox 68 5783 1703 5856; baseline 0.001 -17"><span class='ocrx_word' id='word_1_606' title='bbox 68 5791 159 5844; x_wconf 71' lang='lat' dir='ltr'><strong>itii</strong></span> <span class='ocrx_word' id='word_1_607' title='bbox 200 5788 496 5841; x_wconf 71' lang='lat' dir='ltr'><strong>dixerunt:</strong></span> <span class='ocrx_word' id='word_1_608' title='bbox 537 5784 698 5841; x_wconf 78' lang='lat' dir='ltr'><strong>Crede</strong></span> <span class='ocrx_word' id='word_1_609' title='bbox 739 5786 794 5840; x_wconf 82' lang='lat' dir='ltr'><strong>in</strong></span> <span class='ocrx_word' id='word_1_610' title='bbox 832 5783 1111 5841; x_wconf 80' lang='lat' dir='ltr'><strong>Dominum</strong></span> <span class='ocrx_word' id='word_1_611' title='bbox 1131 5784 1307 5844; x_wconf 80' lang='lat' dir='ltr'><strong>Jesttm</strong></span> <span class='ocrx_word' id='word_1_612' title='bbox 1348 5785 1624 5856; x_wconf 81' lang='lat' dir='ltr'><strong>Christum,</strong></span> <span class='ocrx_word' id='word_1_613' title='bbox 1656 5794 1703 5842; x_wconf 89' lang='lat' dir='ltr'><strong>et</strong></span> 
     </span>
    </p>
   </div>
   <div class='ocr_carea' id='block_1_82' title="bbox 1819 2453 3403 2530">
    <p class='ocr_par' dir='ltr' id='par_1_82' title="bbox 1819 2453 3403 2530">
     <span class='ocr_line' id='line_1_82' title="bbox 1819 2453 3403 2530; baseline 0.009 -23"><span class='ocrx_word' id='word_1_614' title='bbox 1819 2453 1991 2508; x_wconf 87' lang='lat' dir='ltr'><strong>salvus</strong></span> <span class='ocrx_word' id='word_1_615' title='bbox 2018 2454 2116 2506; x_wconf 90' lang='lat' dir='ltr'><strong>eris</strong></span> <span class='ocrx_word' id='word_1_616' title='bbox 2145 2462 2199 2506; x_wconf 87' lang='lat' dir='ltr'><strong>tu</strong></span> <span class='ocrx_word' id='word_1_617' title='bbox 2225 2461 2271 2507; x_wconf 92' lang='lat' dir='ltr'><strong>et</strong></span> <span class='ocrx_word' id='word_1_618' title='bbox 2300 2453 2480 2508; x_wconf 87' lang='lat' dir='ltr'><strong>damus</strong></span> <span class='ocrx_word' id='word_1_619' title='bbox 2506 2464 2612 2509; x_wconf 86' lang='lat' dir='ltr'><strong>tua.</strong></span> <span class='ocrx_word' id='word_1_620' title='bbox 2646 2454 2736 2511; x_wconf 75' lang='grc'><strong>52.</strong></span> <span class='ocrx_word' id='word_1_621' title='bbox 2763 2456 2833 2511; x_wconf 85' lang='lat' dir='ltr'><strong>Et</strong></span> <span class='ocrx_word' id='word_1_622' title='bbox 2860 2459 3052 2530; x_wconf 80' lang='lat' dir='ltr'><strong>loquuti</strong></span> <span class='ocrx_word' id='word_1_623' title='bbox 3075 2474 3192 2517; x_wconf 90' lang='lat' dir='ltr'><strong>sunt</strong></span> <span class='ocrx_word' id='word_1_624' title='bbox 3216 2466 3263 2518; x_wconf 85' lang='lat' dir='ltr'><strong>ei</strong></span> <span class='ocrx_word' id='word_1_625' title='bbox 3290 2482 3403 2521; x_wconf 86' lang='lat' dir='ltr'><strong>ver-</strong></span> 
     </span>
    </p>
   </div>
   <div class='ocr_carea' id='block_1_83' title="bbox 1820 2543 3397 2626">
    <p class='ocr_par' dir='ltr' id='par_1_83' title="bbox 1820 2543 3397 2626">
     <span class='ocr_line' id='line_1_83' title="bbox 1820 2543 3397 2626; baseline 0.011 -28"><span class='ocrx_word' id='word_1_626' title='bbox 1820 2545 1935 2598; x_wconf 89' lang='lat' dir='ltr'><strong>bum</strong></span> <span class='ocrx_word' id='word_1_627' title='bbox 1965 2543 2193 2611; x_wconf 88' lang='lat' dir='ltr'><strong>Domini,</strong></span> <span class='ocrx_word' id='word_1_628' title='bbox 2226 2555 2273 2599; x_wconf 89' lang='lat' dir='ltr'><strong>et</strong></span> <span class='ocrx_word' id='word_1_629' title='bbox 2300 2548 2534 2600; x_wconf 89' lang='lat' dir='ltr'><strong>omnibus</strong></span> <span class='ocrx_word' id='word_1_630' title='bbox 2560 2549 2651 2615; x_wconf 85' lang='lat' dir='ltr'><strong>qui</strong></span> <span class='ocrx_word' id='word_1_631' title='bbox 2676 2560 2820 2603; x_wconf 88' lang='lat' dir='ltr'><strong>erant</strong></span> <span class='ocrx_word' id='word_1_632' title='bbox 2849 2551 2901 2605; x_wconf 86' lang='lat' dir='ltr'><strong>in</strong></span> <span class='ocrx_word' id='word_1_633' title='bbox 2928 2554 3079 2607; x_wconf 88' lang='lat' dir='ltr'><strong>doma</strong></span> <span class='ocrx_word' id='word_1_634' title='bbox 3104 2556 3232 2626; x_wconf 87' lang='lat' dir='ltr'><strong>ejus.</strong></span> <span class='ocrx_word' id='word_1_635' title='bbox 3262 2558 3397 2623; x_wconf 83' lang='lat' dir='ltr'><strong>Quia</strong></span> 
     </span>
    </p>
   </div>
   <div class='ocr_carea' id='block_1_84' title="bbox 1817 2636 3396 2707">
    <p class='ocr_par' dir='ltr' id='par_1_84' title="bbox 1817 2636 3396 2707">
     <span class='ocr_line' id='line_1_84' title="bbox 1817 2636 3396 2707; baseline 0.009 -16"><span class='ocrx_word' id='word_1_636' title='bbox 1817 2636 2001 2692; x_wconf 89' lang='lat' dir='ltr'><strong>statim</strong></span> <span class='ocrx_word' id='word_1_637' title='bbox 2040 2636 2242 2707; x_wconf 90' lang='lat' dir='ltr'><strong>loquuti</strong></span> <span class='ocrx_word' id='word_1_638' title='bbox 2283 2647 2411 2693; x_wconf 89' lang='lat' dir='ltr'><strong>sunt</strong></span> <span class='ocrx_word' id='word_1_639' title='bbox 2454 2638 2552 2705; x_wconf 91' lang='lat' dir='ltr'><strong>illi,</strong></span> <span class='ocrx_word' id='word_1_640' title='bbox 2594 2639 2933 2698; x_wconf 88' lang='lat' dir='ltr'><strong>declararunt</strong></span> <span class='ocrx_word' id='word_1_641' title='bbox 2976 2645 3396 2706; x_wconf 88' lang='lat' dir='ltr'><strong>misericordiam</strong></span> 
     </span>
    </p>
   </div>
   <div class='ocr_carea' id='block_1_85' title="bbox 1819 2727 3398 2807">
    <p class='ocr_par' dir='ltr' id='par_1_85' title="bbox 1819 2727 3398 2807">
     <span class='ocr_line' id='line_1_85' title="bbox 1819 2727 3398 2807; baseline 0.006 -23"><span class='ocrx_word' id='word_1_642' title='bbox 1819 2742 1942 2799; x_wconf 86' lang='lat' dir='ltr'><strong>erga</strong></span> <span class='ocrx_word' id='word_1_643' title='bbox 1974 2728 2142 2784; x_wconf 90' lang='lat' dir='ltr'><strong>illum.</strong></span> <span class='ocrx_word' id='word_1_644' title='bbox 2169 2729 2259 2785; x_wconf 77' lang='grc'><strong>55.</strong></span> <span class='ocrx_word' id='word_1_645' title='bbox 2279 2727 2349 2783; x_wconf 89' lang='lat' dir='ltr'><strong>Et</strong></span> <span class='ocrx_word' id='word_1_646' title='bbox 2376 2732 2648 2801; x_wconf 83' lang='lat' dir='ltr'><strong>assumptis</strong></span> <span class='ocrx_word' id='word_1_647' title='bbox 2671 2733 2775 2788; x_wconf 88' lang='lat' dir='ltr'><strong>illis</strong></span> <span class='ocrx_word' id='word_1_648' title='bbox 2802 2735 2856 2787; x_wconf 86' lang='lat' dir='ltr'><strong>in</strong></span> <span class='ocrx_word' id='word_1_649' title='bbox 2875 2737 3049 2790; x_wconf 86' lang='lat' dir='ltr'><strong>eadem</strong></span> <span class='ocrx_word' id='word_1_650' title='bbox 3070 2737 3195 2792; x_wconf 85' lang='lat' dir='ltr'><strong>hora</strong></span> <span class='ocrx_word' id='word_1_651' title='bbox 3216 2743 3398 2807; x_wconf 88' lang='lat' dir='ltr'><strong>noctis,</strong></span> 
     </span>
    </p>
   </div>
   <div class='ocr_carea' id='block_1_86' title="bbox 1819 2820 3404 2898">
    <p class='ocr_par' dir='ltr' id='par_1_86' title="bbox 1819 2820 3404 2898">
     <span class='ocr_line' id='line_1_86' title="bbox 1819 2820 3404 2898; baseline 0.008 -23"><span class='ocrx_word' id='word_1_652' title='bbox 1819 2820 1942 2876; x_wconf 82' lang='lat' dir='ltr'><strong>lavit</strong></span> <span class='ocrx_word' id='word_1_653' title='bbox 1979 2822 2159 2893; x_wconf 83' lang='lat' dir='ltr'><strong>plagas</strong></span> <span class='ocrx_word' id='word_1_654' title='bbox 2210 2839 2416 2880; x_wconf 86' lang='lat' dir='ltr'><strong>eorum:</strong></span> <span class='ocrx_word' id='word_1_655' title='bbox 2439 2834 2487 2878; x_wconf 86' lang='lat' dir='ltr'><strong>et</strong></span> <span class='ocrx_word' id='word_1_656' title='bbox 2530 2825 2817 2895; x_wconf 81' lang='lat' dir='ltr'><strong>baptizatus</strong></span> <span class='ocrx_word' id='word_1_657' title='bbox 2853 2836 2929 2882; x_wconf 87' lang='lat' dir='ltr'><strong>est</strong></span> <span class='ocrx_word' id='word_1_658' title='bbox 2974 2829 3116 2898; x_wconf 88' lang='lat' dir='ltr'><strong>ipse,</strong></span> <span class='ocrx_word' id='word_1_659' title='bbox 3146 2840 3194 2884; x_wconf 87' lang='lat' dir='ltr'><strong>et</strong></span> <span class='ocrx_word' id='word_1_660' title='bbox 3234 2835 3404 2890; x_wconf 90' lang='lat' dir='ltr'><strong>omnis</strong></span> 
     </span>
    </p>
   </div>
   <div class='ocr_carea' id='block_1_87' title="bbox 1819 2914 3398 2990">
    <p class='ocr_par' dir='ltr' id='par_1_87' title="bbox 1819 2914 3398 2990">
     <span class='ocr_line' id='line_1_87' title="bbox 1819 2914 3398 2990; baseline 0.008 -22"><span class='ocrx_word' id='word_1_661' title='bbox 1819 2914 2002 2970; x_wconf 90' lang='lat' dir='ltr'><strong>domus</strong></span> <span class='ocrx_word' id='word_1_662' title='bbox 2046 2916 2155 2985; x_wconf 86' lang='lat' dir='ltr'><strong>ejus</strong></span> <span class='ocrx_word' id='word_1_663' title='bbox 2201 2918 2459 2970; x_wconf 87' lang='lat' dir='ltr'><strong>continua.</strong></span> <span class='ocrx_word' id='word_1_664' title='bbox 2493 2917 2581 2972; x_wconf 77' lang='grc'><strong>54.</strong></span> <span class='ocrx_word' id='word_1_665' title='bbox 2628 2917 2851 2990; x_wconf 86' lang='lat' dir='ltr'><strong>Cumque</strong></span> <span class='ocrx_word' id='word_1_666' title='bbox 2882 2922 3195 2990; x_wconf 74' lang='lat' dir='ltr'><strong>perduxisset</strong></span> <span class='ocrx_word' id='word_1_667' title='bbox 3220 2941 3304 2979; x_wconf 88' lang='lat' dir='ltr'><strong>eos</strong></span> <span class='ocrx_word' id='word_1_668' title='bbox 3343 2930 3398 2981; x_wconf 83' lang='lat' dir='ltr'><strong>in</strong></span> 
     </span>
    </p>
   </div>
   <div class='ocr_carea' id='block_1_88' title="bbox 1819 3007 3398 3080">
    <p class='ocr_par' dir='ltr' id='par_1_88' title="bbox 1819 3007 3398 3080">
     <span class='ocr_line' id='line_1_88' title="bbox 1819 3007 3398 3080; baseline 0.009 -19"><span class='ocrx_word' id='word_1_669' title='bbox 1819 3007 2026 3063; x_wconf 82' lang='lat' dir='ltr'><strong>domum</strong></span> <span class='ocrx_word' id='word_1_670' title='bbox 2051 3025 2215 3076; x_wconf 89' lang='lat' dir='ltr'><strong>suam,</strong></span> <span class='ocrx_word' id='word_1_671' title='bbox 2242 3011 2480 3080; x_wconf 90' lang='lat' dir='ltr'><strong>apposuit</strong></span> <span class='ocrx_word' id='word_1_672' title='bbox 2507 3028 2750 3077; x_wconf 86' lang='lat' dir='ltr'><strong>mensam,</strong></span> <span class='ocrx_word' id='word_1_673' title='bbox 2779 3022 2825 3067; x_wconf 87' lang='lat' dir='ltr'><strong>et</strong></span> <span class='ocrx_word' id='word_1_674' title='bbox 2850 3017 3113 3070; x_wconf 73' lang='lat' dir='ltr'><strong>exsultavit</strong></span> <span class='ocrx_word' id='word_1_675' title='bbox 3140 3034 3257 3072; x_wconf 87' lang='lat' dir='ltr'><strong>cum</strong></span> <span class='ocrx_word' id='word_1_676' title='bbox 3294 3028 3398 3075; x_wconf 87' lang='lat' dir='ltr'><strong>tota</strong></span> 
     </span>
    </p>
   </div>
   <div class='ocr_carea' id='block_1_89' title="bbox 1821 3100 3398 3182">
    <p class='ocr_par' dir='ltr' id='par_1_89' title="bbox 1821 3100 3398 3182">
     <span class='ocr_line' id='line_1_89' title="bbox 1821 3100 3398 3182; baseline 0.009 -29"><span class='ocrx_word' id='word_1_677' title='bbox 1821 3100 1970 3154; x_wconf 90' lang='lat' dir='ltr'><strong>domo</strong></span> <span class='ocrx_word' id='word_1_678' title='bbox 2002 3102 2212 3156; x_wconf 84' lang='lat' dir='ltr'><strong>credens</strong></span> <span class='ocrx_word' id='word_1_679' title='bbox 2251 3101 2377 3157; x_wconf 84' lang='lat' dir='ltr'><strong>Deo.</strong></span> <span class='ocrx_word' id='word_1_680' title='bbox 2417 3102 2570 3158; x_wconf 84' lang='lat' dir='ltr'><strong>Lavit</strong></span> <span class='ocrx_word' id='word_1_681' title='bbox 2595 3120 2707 3172; x_wconf 85' lang='lat' dir='ltr'><strong>eos,</strong></span> <span class='ocrx_word' id='word_1_682' title='bbox 2745 3107 2896 3176; x_wconf 93' lang='lat' dir='ltr'><strong>quasi</strong></span> <span class='ocrx_word' id='word_1_683' title='bbox 2939 3110 3166 3179; x_wconf 88' lang='lat' dir='ltr'><strong>gratiam</strong></span> <span class='ocrx_word' id='word_1_684' title='bbox 3202 3128 3398 3182; x_wconf 86' lang='lat' dir='ltr'><strong>repen-</strong></span> 
     </span>
    </p>
   </div>
   <div class='ocr_carea' id='block_1_90' title="bbox 1820 3193 3401 3275">
    <p class='ocr_par' dir='ltr' id='par_1_90' title="bbox 1820 3193 3401 3275">
     <span class='ocr_line' id='line_1_90' title="bbox 1820 3193 3401 3275; baseline 0.008 -27"><span class='ocrx_word' id='word_1_685' title='bbox 1820 3193 1975 3261; x_wconf 86' lang='lat' dir='ltr'><strong>dens,</strong></span> <span class='ocrx_word' id='word_1_686' title='bbox 2008 3203 2063 3249; x_wconf 92' lang='lat' dir='ltr'><strong>et</strong></span> <span class='ocrx_word' id='word_1_687' title='bbox 2090 3195 2167 3250; x_wconf 90' lang='lat' dir='ltr'><strong>sic</strong></span> <span class='ocrx_word' id='word_1_688' title='bbox 2199 3195 2320 3250; x_wconf 92' lang='lat' dir='ltr'><strong>illos</strong></span> <span class='ocrx_word' id='word_1_689' title='bbox 2356 3196 2646 3254; x_wconf 90' lang='lat' dir='ltr'><strong>honorans.</strong></span> <span class='ocrx_word' id='word_1_690' title='bbox 2693 3199 2783 3255; x_wconf 74' lang='lat'><strong>55.</strong></span> <span class='ocrx_word' id='word_1_691' title='bbox 2827 3200 2896 3254; x_wconf 88' lang='lat' dir='ltr'><strong>Et</strong></span> <span class='ocrx_word' id='word_1_692' title='bbox 2930 3218 3048 3255; x_wconf 86' lang='lat' dir='ltr'><strong>cum</strong></span> <span class='ocrx_word' id='word_1_693' title='bbox 3099 3204 3207 3259; x_wconf 86' lang='lat' dir='ltr'><strong>dies</strong></span> <span class='ocrx_word' id='word_1_694' title='bbox 3234 3210 3401 3275; x_wconf 86' lang='lat' dir='ltr'><strong>factus</strong></span> 
     </span>
    </p>
   </div>
   <div class='ocr_carea' id='block_1_91' title="bbox 1818 3287 3403 3359">
    <p class='ocr_par' dir='ltr' id='par_1_91' title="bbox 1818 3287 3403 3359">
     <span class='ocr_line' id='line_1_91' title="bbox 1818 3287 3403 3359; baseline 0.008 -20"><span class='ocrx_word' id='word_1_695' title='bbox 1818 3294 1964 3353; x_wconf 81' lang='lat' dir='ltr'><strong>esset,</strong></span> <span class='ocrx_word' id='word_1_696' title='bbox 1993 3287 2236 3341; x_wconf 84' lang='lat' dir='ltr'><strong>miserunt</strong></span> <span class='ocrx_word' id='word_1_697' title='bbox 2259 3290 2588 3358; x_wconf 87' lang='lat' dir='ltr'><strong>magistratus</strong></span> <span class='ocrx_word' id='word_1_698' title='bbox 2628 3290 2850 3359; x_wconf 84' lang='lat' dir='ltr'><strong>lictores,</strong></span> <span class='ocrx_word' id='word_1_699' title='bbox 2890 3293 3148 3350; x_wconf 87' lang='lat' dir='ltr'><strong>dicentes:</strong></span> <span class='ocrx_word' id='word_1_700' title='bbox 3188 3296 3403 3353; x_wconf 87' lang='lat' dir='ltr'><strong>Dimitte</strong></span> 
     </span>
    </p>
   </div>
   <div class='ocr_carea' id='block_1_92' title="bbox 1820 3379 3398 3459">
    <p class='ocr_par' dir='ltr' id='par_1_92' title="bbox 1820 3379 3398 3459">
     <span class='ocr_line' id='line_1_92' title="bbox 1820 3379 3398 3459; baseline 0.01 -28"><span class='ocrx_word' id='word_1_701' title='bbox 1820 3379 2046 3433; x_wconf 86' lang='lat' dir='ltr'><strong>homines</strong></span> <span class='ocrx_word' id='word_1_702' title='bbox 2073 3380 2210 3434; x_wconf 85' lang='lat' dir='ltr'><strong>illos.</strong></span> <span class='ocrx_word' id='word_1_703' title='bbox 2258 3380 2630 3452; x_wconf 86' lang='lat' dir='ltr'><strong>Cognoverant</strong></span> <span class='ocrx_word' id='word_1_704' title='bbox 2653 3383 2788 3440; x_wconf 85' lang='lat' dir='ltr'><strong>forte</strong></span> <span class='ocrx_word' id='word_1_705' title='bbox 2808 3385 3002 3442; x_wconf 87' lang='lat' dir='ltr'><strong>factum</strong></span> <span class='ocrx_word' id='word_1_706' title='bbox 3032 3389 3398 3459; x_wconf 86' lang='lat' dir='ltr'><strong>magistratus,</strong></span> 
     </span>
    </p>
   </div>
   <div class='ocr_carea' id='block_1_93' title="bbox 1818 3470 3401 3544">
    <p class='ocr_par' dir='ltr' id='par_1_93' title="bbox 1818 3470 3401 3544">
     <span class='ocr_line' id='line_1_93' title="bbox 1818 3470 3401 3544; baseline 0.009 -21"><span class='ocrx_word' id='word_1_707' title='bbox 1818 3479 1874 3523; x_wconf 89' lang='lat' dir='ltr'><strong>et</strong></span> <span class='ocrx_word' id='word_1_708' title='bbox 1902 3484 2008 3524; x_wconf 92' lang='lat' dir='ltr'><strong>non</strong></span> <span class='ocrx_word' id='word_1_709' title='bbox 2036 3470 2302 3527; x_wconf 88' lang='lat' dir='ltr'><strong>audebant</strong></span> <span class='ocrx_word' id='word_1_710' title='bbox 2329 3488 2425 3542; x_wconf 89' lang='lat' dir='ltr'><strong>per</strong></span> <span class='ocrx_word' id='word_1_711' title='bbox 2450 3476 2656 3544; x_wconf 88' lang='lat' dir='ltr'><strong>seipsos</strong></span> <span class='ocrx_word' id='word_1_712' title='bbox 2683 3476 2972 3533; x_wconf 89' lang='lat' dir='ltr'><strong>dimittere.</strong></span> <span class='ocrx_word' id='word_1_713' title='bbox 3000 3479 3089 3534; x_wconf 76' lang='lat'><strong>56.</strong></span> <span class='ocrx_word' id='word_1_714' title='bbox 3128 3478 3401 3537; x_wconf 84' lang='lat' dir='ltr'><strong>Nuntiavit</strong></span> 
     </span>
    </p>
   </div>
   <div class='ocr_carea' id='block_1_94' title="bbox 1819 3569 3396 3635">
    <p class='ocr_par' dir='ltr' id='par_1_94' title="bbox 1819 3569 3396 3635">
     <span class='ocr_line' id='line_1_94' title="bbox 1819 3569 3396 3635; baseline 0.01 -21"><span class='ocrx_word' id='word_1_715' title='bbox 1819 3574 1986 3618; x_wconf 87' lang='lat' dir='ltr'><strong>autem</strong></span> <span class='ocrx_word' id='word_1_716' title='bbox 2010 3576 2175 3620; x_wconf 88' lang='lat' dir='ltr'><strong>custos</strong></span> <span class='ocrx_word' id='word_1_717' title='bbox 2201 3569 2416 3622; x_wconf 85' lang='lat' dir='ltr'><strong>carceris</strong></span> <span class='ocrx_word' id='word_1_718' title='bbox 2439 3569 2589 3623; x_wconf 86' lang='lat' dir='ltr'><strong>verba</strong></span> <span class='ocrx_word' id='word_1_719' title='bbox 2616 3569 2725 3623; x_wconf 71' lang='lat' dir='ltr'><strong>lucc</strong></span> <span class='ocrx_word' id='word_1_720' title='bbox 2751 3569 2940 3635; x_wconf 89' lang='lat' dir='ltr'><strong>Paulo,</strong></span> <span class='ocrx_word' id='word_1_721' title='bbox 2970 3572 3142 3628; x_wconf 82' lang='lat' dir='ltr'><strong>dicens</strong></span> <span class='ocrx_word' id='word_1_722' title='bbox 3161 3589 3181 3626; x_wconf 92' lang='lat'><strong>:</strong></span> <span class='ocrx_word' id='word_1_723' title='bbox 3230 3573 3396 3629; x_wconf 84' lang='lat' dir='ltr'><strong>Mise-</strong></span> 
     </span>
    </p>
   </div>
   <div class='ocr_carea' id='block_1_95' title="bbox 1818 3656 3399 3733">
    <p class='ocr_par' dir='ltr' id='par_1_95' title="bbox 1818 3656 3399 3733">
     <span class='ocr_line' id='line_1_95' title="bbox 1818 3656 3399 3733; baseline 0.008 -26"><span class='ocrx_word' id='word_1_724' title='bbox 1818 3663 1936 3708; x_wconf 88' lang='lat' dir='ltr'><strong>runt</strong></span> <span class='ocrx_word' id='word_1_725' title='bbox 1962 3656 2303 3725; x_wconf 86' lang='lat' dir='ltr'><strong>magistratus,</strong></span> <span class='ocrx_word' id='word_1_726' title='bbox 2326 3667 2381 3711; x_wconf 89' lang='lat' dir='ltr'><strong>ut</strong></span> <span class='ocrx_word' id='word_1_727' title='bbox 2407 3658 2751 3713; x_wconf 89' lang='lat' dir='ltr'><strong>dimittamini.</strong></span> <span class='ocrx_word' id='word_1_728' title='bbox 2781 3659 2933 3714; x_wconf 87' lang='lat' dir='ltr'><strong>Nunc</strong></span> <span class='ocrx_word' id='word_1_729' title='bbox 2958 3662 3116 3733; x_wconf 83' lang='lat' dir='ltr'><strong>igitur</strong></span> <span class='ocrx_word' id='word_1_730' title='bbox 3141 3674 3399 3730; x_wconf 69' lang='lat' dir='ltr'><strong>exeuntes,</strong></span> 
     </span>
    </p>
   </div>
   <div class='ocr_carea' id='block_1_96' title="bbox 1817 3746 3398 3827">
    <p class='ocr_par' dir='ltr' id='par_1_96' title="bbox 1817 3746 3398 3827">
     <span class='ocr_line' id='line_1_96' title="bbox 1817 3746 3398 3827; baseline 0.008 -28"><span class='ocrx_word' id='word_1_731' title='bbox 1817 3746 1886 3800; x_wconf 90' lang='lat' dir='ltr'><strong>ite</strong></span> <span class='ocrx_word' id='word_1_732' title='bbox 1911 3746 1964 3800; x_wconf 88' lang='lat' dir='ltr'><strong>in</strong></span> <span class='ocrx_word' id='word_1_733' title='bbox 1986 3764 2127 3817; x_wconf 86' lang='lat' dir='ltr'><strong>pace.</strong></span> <span class='ocrx_word' id='word_1_734' title='bbox 2161 3747 2358 3804; x_wconf 86' lang='lat' dir='ltr'><strong>Paulus</strong></span> <span class='ocrx_word' id='word_1_735' title='bbox 2381 3761 2549 3805; x_wconf 88' lang='lat' dir='ltr'><strong>autem</strong></span> <span class='ocrx_word' id='word_1_736' title='bbox 2573 3753 2699 3806; x_wconf 76' lang='lat' dir='ltr'><strong>dixit</strong></span> <span class='ocrx_word' id='word_1_737' title='bbox 2724 3753 2827 3809; x_wconf 85' lang='lat' dir='ltr'><strong>eis:</strong></span> <span class='ocrx_word' id='word_1_738' title='bbox 2853 3755 2943 3810; x_wconf 80' lang='grc'><strong>57.</strong></span> <span class='ocrx_word' id='word_1_739' title='bbox 2986 3756 3155 3810; x_wconf 76' lang='lat' dir='ltr'><strong>Ctesos</strong></span> <span class='ocrx_word' id='word_1_740' title='bbox 3182 3773 3275 3811; x_wconf 89' lang='lat' dir='ltr'><strong>nos</strong></span> <span class='ocrx_word' id='word_1_741' title='bbox 3304 3775 3398 3827; x_wconf 82' lang='lat' dir='ltr'><strong>pu-</strong></span> 
     </span>
    </p>
   </div>
   <div class='ocr_carea' id='block_1_97' title="bbox 1820 3839 3397 3912">
    <p class='ocr_par' dir='ltr' id='par_1_97' title="bbox 1820 3839 3397 3912">
     <span class='ocr_line' id='line_1_97' title="bbox 1820 3839 3397 3912; baseline 0.006 -20"><span class='ocrx_word' id='word_1_742' title='bbox 1820 3839 1964 3906; x_wconf 85' lang='lat' dir='ltr'><strong>blice,</strong></span> <span class='ocrx_word' id='word_1_743' title='bbox 1997 3840 2329 3905; x_wconf 88' lang='lat' dir='ltr'><strong>indemnatos,</strong></span> <span class='ocrx_word' id='word_1_744' title='bbox 2357 3842 2583 3897; x_wconf 88' lang='lat' dir='ltr'><strong>homines</strong></span> <span class='ocrx_word' id='word_1_745' title='bbox 2614 3841 2891 3912; x_wconf 86' lang='lat' dir='ltr'><strong>Romanos,</strong></span> <span class='ocrx_word' id='word_1_746' title='bbox 2923 3846 3167 3901; x_wconf 83' lang='lat' dir='ltr'><strong>miserunt</strong></span> <span class='ocrx_word' id='word_1_747' title='bbox 3191 3848 3245 3901; x_wconf 87' lang='lat' dir='ltr'><strong>in</strong></span> <span class='ocrx_word' id='word_1_748' title='bbox 3281 3864 3397 3901; x_wconf 86' lang='lat' dir='ltr'><strong>car-</strong></span> 
     </span>
    </p>
   </div>
   <div class='ocr_carea' id='block_1_98' title="bbox 1818 3935 3404 4007">
    <p class='ocr_par' dir='ltr' id='par_1_98' title="bbox 1818 3935 3404 4007">
     <span class='ocr_line' id='line_1_98' title="bbox 1818 3935 3404 4007; baseline 0.008 -23"><span class='ocrx_word' id='word_1_749' title='bbox 1818 3947 2017 3996; x_wconf 82' lang='lat' dir='ltr'><strong>cerem;</strong></span> <span class='ocrx_word' id='word_1_750' title='bbox 2059 3941 2106 3985; x_wconf 91' lang='lat' dir='ltr'><strong>et</strong></span> <span class='ocrx_word' id='word_1_751' title='bbox 2146 3949 2282 3985; x_wconf 90' lang='lat' dir='ltr'><strong>nunc</strong></span> <span class='ocrx_word' id='word_1_752' title='bbox 2324 3935 2515 3989; x_wconf 86' lang='lat' dir='ltr'><strong>occulte</strong></span> <span class='ocrx_word' id='word_1_753' title='bbox 2565 3951 2656 3989; x_wconf 88' lang='lat' dir='ltr'><strong>nos</strong></span> <span class='ocrx_word' id='word_1_754' title='bbox 2698 3938 2946 4005; x_wconf 83' lang='lat' dir='ltr'><strong>ejiciunt?</strong></span> <span class='ocrx_word' id='word_1_755' title='bbox 2998 3937 3121 3993; x_wconf 88' lang='lat' dir='ltr'><strong>Non</strong></span> <span class='ocrx_word' id='word_1_756' title='bbox 3169 3943 3259 4007; x_wconf 87' lang='lat' dir='ltr'><strong>ita,</strong></span> <span class='ocrx_word' id='word_1_757' title='bbox 3309 3945 3404 3996; x_wconf 83' lang='lat' dir='ltr'><strong>sed</strong></span> 
     </span>
    </p>
   </div>
   <div class='ocr_carea' id='block_1_99' title="bbox 1818 4025 3401 4097">
    <p class='ocr_par' dir='ltr' id='par_1_99' title="bbox 1818 4025 3401 4097">
     <span class='ocr_line' id='line_1_99' title="bbox 1818 4025 3401 4097; baseline 0.008 -20"><span class='ocrx_word' id='word_1_758' title='bbox 1818 4026 2038 4089; x_wconf 87' lang='lat' dir='ltr'><strong>veniant,</strong></span> <span class='ocrx_word' id='word_1_759' title='bbox 2080 4025 2172 4081; x_wconf 79' lang='lat'><strong>&#39;58.</strong></span> <span class='ocrx_word' id='word_1_760' title='bbox 2222 4036 2273 4081; x_wconf 91' lang='lat' dir='ltr'><strong>et</strong></span> <span class='ocrx_word' id='word_1_761' title='bbox 2321 4027 2419 4097; x_wconf 84' lang='lat' dir='ltr'><strong>ipsi</strong></span> <span class='ocrx_word' id='word_1_762' title='bbox 2463 4044 2554 4083; x_wconf 90' lang='lat' dir='ltr'><strong>nos</strong></span> <span class='ocrx_word' id='word_1_763' title='bbox 2604 4031 2828 4096; x_wconf 87' lang='lat' dir='ltr'><strong>cjiciant.</strong></span> <span class='ocrx_word' id='word_1_764' title='bbox 2881 4030 3197 4087; x_wconf 87' lang='lat' dir='ltr'><strong>Nuntiarunt</strong></span> <span class='ocrx_word' id='word_1_765' title='bbox 3229 4045 3401 4090; x_wconf 86' lang='lat' dir='ltr'><strong>autem</strong></span> 
     </span>
    </p>
   </div>
   <div class='ocr_carea' id='block_1_100' title="bbox 1820 4118 3397 4196">
    <p class='ocr_par' dir='ltr' id='par_1_100' title="bbox 1820 4118 3397 4196">
     <span class='ocr_line' id='line_1_100' title="bbox 1820 4118 3397 4196; baseline 0.008 -27"><span class='ocrx_word' id='word_1_766' title='bbox 1820 4118 2191 4188; x_wconf 87' lang='lat' dir='ltr'><strong>magistratibus</strong></span> <span class='ocrx_word' id='word_1_767' title='bbox 2214 4120 2413 4174; x_wconf 86' lang='lat' dir='ltr'><strong>lictores</strong></span> <span class='ocrx_word' id='word_1_768' title='bbox 2439 4120 2546 4175; x_wconf 76' lang='lat' dir='ltr'><strong>lucc</strong></span> <span class='ocrx_word' id='word_1_769' title='bbox 2564 4122 2713 4175; x_wconf 89' lang='lat' dir='ltr'><strong>verba</strong></span> <span class='ocrx_word' id='word_1_770' title='bbox 2731 4137 2750 4176; x_wconf 93' lang='lat'><strong>:</strong></span> <span class='ocrx_word' id='word_1_771' title='bbox 2775 4124 3145 4196; x_wconf 84' lang='lat' dir='ltr'><strong>timueruntque</strong></span> <span class='ocrx_word' id='word_1_772' title='bbox 3181 4128 3397 4182; x_wconf 85' lang='lat' dir='ltr'><strong>audien-</strong></span> 
     </span>
    </p>
   </div>
   <div class='ocr_carea' id='block_1_101' title="bbox 1820 4210 3398 4285">
    <p class='ocr_par' dir='ltr' id='par_1_101' title="bbox 1820 4210 3398 4285">
     <span class='ocr_line' id='line_1_101' title="bbox 1820 4210 3398 4285; baseline 0.008 -23"><span class='ocrx_word' id='word_1_773' title='bbox 1820 4219 1910 4274; x_wconf 90' lang='lat' dir='ltr'><strong>tes,</strong></span> <span class='ocrx_word' id='word_1_774' title='bbox 1940 4211 2075 4281; x_wconf 87' lang='lat' dir='ltr'><strong>quod</strong></span> <span class='ocrx_word' id='word_1_775' title='bbox 2114 4210 2333 4265; x_wconf 77' lang='lat' dir='ltr'><strong>Romani</strong></span> <span class='ocrx_word' id='word_1_776' title='bbox 2362 4223 2543 4266; x_wconf 88' lang='lat' dir='ltr'><strong>essent.</strong></span> <span class='ocrx_word' id='word_1_777' title='bbox 2572 4212 2661 4267; x_wconf 76' lang='lat'><strong>59.</strong></span> <span class='ocrx_word' id='word_1_778' title='bbox 2693 4213 2758 4266; x_wconf 81' lang='lat' dir='ltr'><strong>Et</strong></span> <span class='ocrx_word' id='word_1_779' title='bbox 2784 4216 2971 4285; x_wconf 89' lang='lat' dir='ltr'><strong>egressi</strong></span> <span class='ocrx_word' id='word_1_780' title='bbox 3000 4217 3250 4285; x_wconf 86' lang='lat' dir='ltr'><strong>deprecati</strong></span> <span class='ocrx_word' id='word_1_781' title='bbox 3275 4231 3398 4274; x_wconf 88' lang='lat' dir='ltr'><strong>sunt</strong></span> 
     </span>
    </p>
   </div>
   <div class='ocr_carea' id='block_1_102' title="bbox 1817 4300 3395 4376">
    <p class='ocr_par' dir='ltr' id='par_1_102' title="bbox 1817 4300 3395 4376">
     <span class='ocr_line' id='line_1_102' title="bbox 1817 4300 3395 4376; baseline 0.009 -23"><span class='ocrx_word' id='word_1_782' title='bbox 1817 4316 1923 4365; x_wconf 88' lang='lat' dir='ltr'><strong>eos,</strong></span> <span class='ocrx_word' id='word_1_783' title='bbox 1951 4311 2000 4355; x_wconf 86' lang='lat' dir='ltr'><strong>et</strong></span> <span class='ocrx_word' id='word_1_784' title='bbox 2027 4300 2230 4357; x_wconf 88' lang='lat' dir='ltr'><strong>eductos</strong></span> <span class='ocrx_word' id='word_1_785' title='bbox 2252 4303 2519 4374; x_wconf 86' lang='lat' dir='ltr'><strong>rogabant,</strong></span> <span class='ocrx_word' id='word_1_786' title='bbox 2549 4314 2601 4357; x_wconf 87' lang='lat' dir='ltr'><strong>ut</strong></span> <span class='ocrx_word' id='word_1_787' title='bbox 2620 4304 2977 4376; x_wconf 85' lang='lat' dir='ltr'><strong>egrederentur</strong></span> <span class='ocrx_word' id='word_1_788' title='bbox 3002 4325 3030 4362; x_wconf 92' lang='lat' dir='ltr'><strong>e</strong></span> <span class='ocrx_word' id='word_1_789' title='bbox 3061 4311 3276 4366; x_wconf 84' lang='lat' dir='ltr'><strong>civitate.</strong></span> <span class='ocrx_word' id='word_1_790' title='bbox 3304 4312 3395 4368; x_wconf 68' lang='lat'><strong>40.</strong></span> 
     </span>
    </p>
   </div>
   <div class='ocr_carea' id='block_1_103' title="bbox 1820 4389 3401 4473">
    <p class='ocr_par' dir='ltr' id='par_1_103' title="bbox 1820 4389 3401 4473">
     <span class='ocr_line' id='line_1_103' title="bbox 1820 4389 3401 4473; baseline 0.009 -29"><span class='ocrx_word' id='word_1_791' title='bbox 1820 4389 2025 4462; x_wconf 80' lang='lat' dir='ltr'><strong>Egressi</strong></span> <span class='ocrx_word' id='word_1_792' title='bbox 2059 4403 2227 4447; x_wconf 90' lang='lat' dir='ltr'><strong>autem</strong></span> <span class='ocrx_word' id='word_1_793' title='bbox 2268 4395 2330 4447; x_wconf 88' lang='lat' dir='ltr'><strong>de</strong></span> <span class='ocrx_word' id='word_1_794' title='bbox 2364 4411 2583 4462; x_wconf 85' lang='lat' dir='ltr'><strong>carcere,</strong></span> <span class='ocrx_word' id='word_1_795' title='bbox 2625 4398 2837 4466; x_wconf 86' lang='lat' dir='ltr'><strong>ingressi</strong></span> <span class='ocrx_word' id='word_1_796' title='bbox 2878 4409 2996 4453; x_wconf 89' lang='lat' dir='ltr'><strong>sunt</strong></span> <span class='ocrx_word' id='word_1_797' title='bbox 3035 4403 3103 4455; x_wconf 86' lang='lat' dir='ltr'><strong>ad</strong></span> <span class='ocrx_word' id='word_1_798' title='bbox 3142 4402 3360 4473; x_wconf 83' lang='lat' dir='ltr'><strong>Lydiam</strong></span> <span class='ocrx_word' id='word_1_799' title='bbox 3382 4422 3401 4460; x_wconf 87' lang='lat'><strong>:</strong></span> 
     </span>
    </p>
   </div>
   <div class='ocr_carea' id='block_1_104' title="bbox 1816 4484 3398 4564">
    <p class='ocr_par' dir='ltr' id='par_1_104' title="bbox 1816 4484 3398 4564">
     <span class='ocr_line' id='line_1_104' title="bbox 1816 4484 3398 4564; baseline 0.008 -27"><span class='ocrx_word' id='word_1_800' title='bbox 1816 4492 1864 4537; x_wconf 93' lang='lat' dir='ltr'><strong>et</strong></span> <span class='ocrx_word' id='word_1_801' title='bbox 1891 4484 2009 4538; x_wconf 86' lang='lat' dir='ltr'><strong>visis</strong></span> <span class='ocrx_word' id='word_1_802' title='bbox 2061 4486 2305 4556; x_wconf 86' lang='lat' dir='ltr'><strong>fratribus</strong></span> <span class='ocrx_word' id='word_1_803' title='bbox 2331 4487 2584 4541; x_wconf 72' lang='lat' dir='ltr'><strong>cxhortati</strong></span> <span class='ocrx_word' id='word_1_804' title='bbox 2630 4501 2749 4543; x_wconf 86' lang='lat' dir='ltr'><strong>sunt</strong></span> <span class='ocrx_word' id='word_1_805' title='bbox 2782 4506 2887 4557; x_wconf 88' lang='lat' dir='ltr'><strong>eos,</strong></span> <span class='ocrx_word' id='word_1_806' title='bbox 2928 4501 2977 4546; x_wconf 92' lang='lat' dir='ltr'><strong>et</strong></span> <span class='ocrx_word' id='word_1_807' title='bbox 3015 4496 3228 4564; x_wconf 88' lang='lat' dir='ltr'><strong>profecti</strong></span> <span class='ocrx_word' id='word_1_808' title='bbox 3257 4507 3398 4551; x_wconf 87' lang='lat' dir='ltr'><strong>sunt.</strong></span> 
     </span>
    </p>
   </div>
   <div class='ocr_carea' id='block_1_105' title="bbox 1816 4572 3390 4653">
    <p class='ocr_par' dir='ltr' id='par_1_105' title="bbox 1816 4572 3390 4653">
     <span class='ocr_line' id='line_1_105' title="bbox 1816 4572 3390 4653; baseline 0.011 -25"><span class='ocrx_word' id='word_1_809' title='bbox 1816 4572 1990 4629; x_wconf 84' lang='lat' dir='ltr'><strong>Etiam</strong></span> <span class='ocrx_word' id='word_1_810' title='bbox 2016 4579 2414 4647; x_wconf 83' lang='lat' dir='ltr'><strong>magistratibus</strong></span> <span class='ocrx_word' id='word_1_811' title='bbox 2435 4581 2875 4638; x_wconf 85' lang='lat' dir='ltr'><strong>denuntiantibus</strong></span> <span class='ocrx_word' id='word_1_812' title='bbox 2904 4585 3101 4641; x_wconf 87' lang='lat' dir='ltr'><strong>Paulus</strong></span> <span class='ocrx_word' id='word_1_813' title='bbox 3125 4604 3232 4642; x_wconf 91' lang='lat' dir='ltr'><strong>non</strong></span> <span class='ocrx_word' id='word_1_814' title='bbox 3259 4590 3390 4653; x_wconf 81' lang='lat' dir='ltr'><strong>exit,</strong></span> 
     </span>
    </p>
   </div>
   <div class='ocr_carea' id='block_1_106' title="bbox 1817 4666 3398 4741">
    <p class='ocr_par' dir='ltr' id='par_1_106' title="bbox 1817 4666 3398 4741">
     <span class='ocr_line' id='line_1_106' title="bbox 1817 4666 3398 4741; baseline 0.009 -20"><span class='ocrx_word' id='word_1_815' title='bbox 1817 4666 1955 4723; x_wconf 81' lang='lat' dir='ltr'><strong>forte</strong></span> <span class='ocrx_word' id='word_1_816' title='bbox 1978 4680 2197 4738; x_wconf 86' lang='lat' dir='ltr'><strong>propter</strong></span> <span class='ocrx_word' id='word_1_817' title='bbox 2226 4670 2449 4741; x_wconf 85' lang='lat' dir='ltr'><strong>Lydiam</strong></span> <span class='ocrx_word' id='word_1_818' title='bbox 2468 4714 2482 4737; x_wconf 95' lang='lat'><strong>,</strong></span> <span class='ocrx_word' id='word_1_819' title='bbox 2509 4681 2565 4727; x_wconf 91' lang='lat' dir='ltr'><strong>ct</strong></span> <span class='ocrx_word' id='word_1_820' title='bbox 2592 4674 2727 4729; x_wconf 88' lang='lat' dir='ltr'><strong>alios</strong></span> <span class='ocrx_word' id='word_1_821' title='bbox 2756 4675 2976 4731; x_wconf 89' lang='lat' dir='ltr'><strong>fratres:</strong></span> <span class='ocrx_word' id='word_1_822' title='bbox 3002 4679 3086 4731; x_wconf 86' lang='lat' dir='ltr'><strong>vel</strong></span> <span class='ocrx_word' id='word_1_823' title='bbox 3114 4689 3170 4732; x_wconf 91' lang='lat' dir='ltr'><strong>ut</strong></span> <span class='ocrx_word' id='word_1_824' title='bbox 3199 4689 3398 4736; x_wconf 87' lang='lat' dir='ltr'><strong>terreat</strong></span> 
     </span>
    </p>
   </div>
   <div class='ocr_carea' id='block_1_107' title="bbox 1816 4759 3393 4835">
    <p class='ocr_par' dir='ltr' id='par_1_107' title="bbox 1816 4759 3393 4835">
     <span class='ocr_line' id='line_1_107' title="bbox 1816 4759 3393 4835; baseline 0.008 -21"><span class='ocrx_word' id='word_1_825' title='bbox 1816 4759 1962 4828; x_wconf 88' lang='lat' dir='ltr'><strong>illos,</strong></span> <span class='ocrx_word' id='word_1_826' title='bbox 1980 4778 2049 4817; x_wconf 90' lang='lat' dir='ltr'><strong>ne</strong></span> <span class='ocrx_word' id='word_1_827' title='bbox 2072 4772 2384 4831; x_wconf 89' lang='lat' dir='ltr'><strong>putarentur</strong></span> <span class='ocrx_word' id='word_1_828' title='bbox 2404 4778 2592 4835; x_wconf 84' lang='lat' dir='ltr'><strong>rogatu</strong></span> <span class='ocrx_word' id='word_1_829' title='bbox 2613 4784 2709 4821; x_wconf 86' lang='lat' dir='ltr'><strong>suo</strong></span> <span class='ocrx_word' id='word_1_830' title='bbox 2726 4767 2931 4824; x_wconf 90' lang='lat' dir='ltr'><strong>dimissi</strong></span> <span class='ocrx_word' id='word_1_831' title='bbox 2953 4770 3133 4835; x_wconf 85' lang='lat' dir='ltr'><strong>fuisse,</strong></span> <span class='ocrx_word' id='word_1_832' title='bbox 3160 4781 3217 4825; x_wconf 93' lang='lat' dir='ltr'><strong>ut</strong></span> <span class='ocrx_word' id='word_1_833' title='bbox 3232 4774 3393 4828; x_wconf 86' lang='lat' dir='ltr'><strong>etiam</strong></span> 
     </span>
    </p>
   </div>
   <div class='ocr_carea' id='block_1_108' title="bbox 1815 4853 3392 4931">
    <p class='ocr_par' dir='ltr' id='par_1_108' title="bbox 1815 4853 3392 4931">
     <span class='ocr_line' id='line_1_108' title="bbox 1815 4853 3392 4931; baseline 0.01 -25"><span class='ocrx_word' id='word_1_834' title='bbox 1815 4853 1936 4908; x_wconf 89' lang='lat' dir='ltr'><strong>aliis</strong></span> <span class='ocrx_word' id='word_1_835' title='bbox 1963 4855 2209 4910; x_wconf 81' lang='lat' dir='ltr'><strong>fiduciam</strong></span> <span class='ocrx_word' id='word_1_836' title='bbox 2241 4857 2507 4913; x_wconf 87' lang='lat' dir='ltr'><strong>inderent.</strong></span> <span class='ocrx_word' id='word_1_837' title='bbox 2536 4859 2776 4931; x_wconf 81' lang='lat' dir='ltr'><strong>Triplex,</strong></span> <span class='ocrx_word' id='word_1_838' title='bbox 2798 4864 3001 4929; x_wconf 86' lang='lat' dir='ltr'><strong>dilecti,</strong></span> <span class='ocrx_word' id='word_1_839' title='bbox 3019 4863 3220 4919; x_wconf 89' lang='lat' dir='ltr'><strong>crimen</strong></span> <span class='ocrx_word' id='word_1_840' title='bbox 3244 4876 3392 4922; x_wconf 87' lang='lat' dir='ltr'><strong>erat:</strong></span> 
     </span>
    </p>
   </div>
   <div class='ocr_carea' id='block_1_109' title="bbox 1814 4947 3394 5027">
    <p class='ocr_par' dir='ltr' id='par_1_109' title="bbox 1814 4947 3394 5027">
     <span class='ocr_line' id='line_1_109' title="bbox 1814 4947 3394 5027; baseline 0.008 -26"><span class='ocrx_word' id='word_1_841' title='bbox 1814 4947 1955 5018; x_wconf 90' lang='lat' dir='ltr'><strong>quod</strong></span> <span class='ocrx_word' id='word_1_842' title='bbox 1978 4947 2268 5017; x_wconf 82' lang='lat' dir='ltr'><strong>Romanos,</strong></span> <span class='ocrx_word' id='word_1_843' title='bbox 2299 4952 2439 5021; x_wconf 89' lang='lat' dir='ltr'><strong>quod</strong></span> <span class='ocrx_word' id='word_1_844' title='bbox 2469 4968 2574 5006; x_wconf 90' lang='lat' dir='ltr'><strong>non</strong></span> <span class='ocrx_word' id='word_1_845' title='bbox 2595 4952 2896 5023; x_wconf 90' lang='lat' dir='ltr'><strong>damnatos,</strong></span> <span class='ocrx_word' id='word_1_846' title='bbox 2926 4955 3067 5025; x_wconf 92' lang='lat' dir='ltr'><strong>quod</strong></span> <span class='ocrx_word' id='word_1_847' title='bbox 3098 4957 3313 5027; x_wconf 85' lang='lat' dir='ltr'><strong>publice</strong></span> <span class='ocrx_word' id='word_1_848' title='bbox 3340 4960 3394 5015; x_wconf 92' lang='lat' dir='ltr'><strong>in</strong></span> 
     </span>
    </p>
   </div>
   <div class='ocr_carea' id='block_1_110' title="bbox 1816 5044 3395 5117">
    <p class='ocr_par' dir='ltr' id='par_1_110' title="bbox 1816 5044 3395 5117">
     <span class='ocr_line' id='line_1_110' title="bbox 1816 5044 3395 5117; baseline 0.007 -21"><span class='ocrx_word' id='word_1_849' title='bbox 1816 5056 2086 5098; x_wconf 88' lang='lat' dir='ltr'><strong>carcerem</strong></span> <span class='ocrx_word' id='word_1_850' title='bbox 2122 5044 2500 5113; x_wconf 72' lang='lat' dir='ltr'><strong>coniecissent.</strong></span> <span class='ocrx_word' id='word_1_851' title='bbox 2545 5045 2704 5101; x_wconf 87' lang='lat' dir='ltr'><strong>Vides</strong></span> <span class='ocrx_word' id='word_1_852' title='bbox 2732 5047 2855 5101; x_wconf 89' lang='lat' dir='ltr'><strong>illos</strong></span> <span class='ocrx_word' id='word_1_853' title='bbox 2898 5048 3127 5117; x_wconf 88' lang='lat' dir='ltr'><strong>plurima</strong></span> <span class='ocrx_word' id='word_1_854' title='bbox 3158 5050 3395 5108; x_wconf 90' lang='lat' dir='ltr'><strong>humano</strong></span> 
     </span>
    </p>
   </div>
   <div class='ocr_carea' id='block_1_111' title="bbox 1817 5134 3398 5206">
    <p class='ocr_par' dir='ltr' id='par_1_111' title="bbox 1817 5134 3398 5206">
     <span class='ocr_line' id='line_1_111' title="bbox 1817 5134 3398 5206; baseline 0.009 -21"><span class='ocrx_word' id='word_1_855' title='bbox 1817 5148 1965 5189; x_wconf 87' lang='lat' dir='ltr'><strong>more</strong></span> <span class='ocrx_word' id='word_1_856' title='bbox 1986 5134 2197 5190; x_wconf 87' lang='lat' dir='ltr'><strong>fecisse.</strong></span> <span class='ocrx_word' id='word_1_857' title='bbox 2223 5135 2578 5206; x_wconf 79' lang='lat' dir='ltr'><strong>Esquiramus</strong></span> <span class='ocrx_word' id='word_1_858' title='bbox 2597 5147 2805 5193; x_wconf 92' lang='lat' dir='ltr'><strong>noctem</strong></span> <span class='ocrx_word' id='word_1_859' title='bbox 2824 5138 2989 5205; x_wconf 88' lang='lat' dir='ltr'><strong>illam,</strong></span> <span class='ocrx_word' id='word_1_860' title='bbox 3012 5156 3133 5196; x_wconf 87' lang='lat' dir='ltr'><strong>cum</strong></span> <span class='ocrx_word' id='word_1_861' title='bbox 3152 5144 3398 5201; x_wconf 82' lang='lat' dir='ltr'><strong>noctibus</strong></span> 
     </span>
    </p>
   </div>
   <div class='ocr_carea' id='block_1_112' title="bbox 1819 5227 3393 5305">
    <p class='ocr_par' dir='ltr' id='par_1_112' title="bbox 1819 5227 3393 5305">
     <span class='ocr_line' id='line_1_112' title="bbox 1819 5227 3393 5305; baseline 0.008 -25"><span class='ocrx_word' id='word_1_862' title='bbox 1819 5227 2015 5282; x_wconf 87' lang='lat' dir='ltr'><strong>nostris</strong></span> <span class='ocrx_word' id='word_1_863' title='bbox 2063 5229 2445 5299; x_wconf 86' lang='lat' dir='ltr'><strong>comparando,</strong></span> <span class='ocrx_word' id='word_1_864' title='bbox 2500 5230 2587 5284; x_wconf 86' lang='lat' dir='ltr'><strong>ubi</strong></span> <span class='ocrx_word' id='word_1_865' title='bbox 2640 5233 3083 5297; x_wconf 85' lang='lat' dir='ltr'><strong>comessationes,</strong></span> <span class='ocrx_word' id='word_1_866' title='bbox 3138 5236 3393 5305; x_wconf 84' lang='lat' dir='ltr'><strong>ebrietas,</strong></span> 
     </span>
    </p>
   </div>
   <div class='ocr_carea' id='block_1_113' title="bbox 1814 5316 3390 5392">
    <p class='ocr_par' dir='ltr' id='par_1_113' title="bbox 1814 5316 3390 5392">
     <span class='ocr_line' id='line_1_113' title="bbox 1814 5316 3390 5392; baseline 0.007 -21"><span class='ocrx_word' id='word_1_867' title='bbox 1814 5316 2062 5383; x_wconf 81' lang='lat' dir='ltr'><strong>lascivia;</strong></span> <span class='ocrx_word' id='word_1_868' title='bbox 2091 5317 2180 5373; x_wconf 88' lang='lat' dir='ltr'><strong>ubi</strong></span> <span class='ocrx_word' id='word_1_869' title='bbox 2208 5330 2432 5373; x_wconf 89' lang='lat' dir='ltr'><strong>somnus</strong></span> <span class='ocrx_word' id='word_1_870' title='bbox 2458 5334 2487 5373; x_wconf 91' lang='lat' dir='ltr'><strong>a</strong></span> <span class='ocrx_word' id='word_1_871' title='bbox 2517 5329 2694 5375; x_wconf 90' lang='lat' dir='ltr'><strong>morte</strong></span> <span class='ocrx_word' id='word_1_872' title='bbox 2723 5321 2852 5375; x_wconf 87' lang='lat' dir='ltr'><strong>nihil</strong></span> <span class='ocrx_word' id='word_1_873' title='bbox 2881 5322 3159 5392; x_wconf 79' lang='lat' dir='ltr'><strong>dill‘erens,</strong></span> <span class='ocrx_word' id='word_1_874' title='bbox 3193 5327 3280 5380; x_wconf 88' lang='lat' dir='ltr'><strong>ubi</strong></span> <span class='ocrx_word' id='word_1_875' title='bbox 3307 5329 3390 5382; x_wconf 89' lang='lat' dir='ltr'><strong>vi—</strong></span> 
     </span>
    </p>
   </div>
   <div class='ocr_carea' id='block_1_114' title="bbox 1812 5410 3389 5484">
    <p class='ocr_par' dir='ltr' id='par_1_114' title="bbox 1812 5410 3389 5484">
     <span class='ocr_line' id='line_1_114' title="bbox 1812 5410 3389 5484; baseline 0.006 -19"><span class='ocrx_word' id='word_1_876' title='bbox 1812 5410 1953 5481; x_wconf 69' lang='lat' dir='ltr'><strong>gilia:</strong></span> <span class='ocrx_word' id='word_1_877' title='bbox 1982 5426 2173 5465; x_wconf 91' lang='lat' dir='ltr'><strong>somno</strong></span> <span class='ocrx_word' id='word_1_878' title='bbox 2200 5411 2317 5480; x_wconf 88' lang='lat' dir='ltr'><strong>ipso</strong></span> <span class='ocrx_word' id='word_1_879' title='bbox 2342 5411 2638 5481; x_wconf 86' lang='lat' dir='ltr'><strong>graviores.</strong></span> <span class='ocrx_word' id='word_1_880' title='bbox 2695 5413 2800 5467; x_wconf 83' lang='lat' dir='ltr'><strong>Alii</strong></span> <span class='ocrx_word' id='word_1_881' title='bbox 2828 5416 2969 5470; x_wconf 91' lang='lat' dir='ltr'><strong>enim</strong></span> <span class='ocrx_word' id='word_1_882' title='bbox 2995 5416 3287 5484; x_wconf 90' lang='lat' dir='ltr'><strong>dormiunt,</strong></span> <span class='ocrx_word' id='word_1_883' title='bbox 3318 5421 3389 5475; x_wconf 88' lang='lat' dir='ltr'><strong>ita</strong></span> 
     </span>
    </p>
   </div>
   <div class='ocr_carea' id='block_1_115' title="bbox 1813 5502 3390 5579">
    <p class='ocr_par' dir='ltr' id='par_1_115' title="bbox 1813 5502 3390 5579">
     <span class='ocr_line' id='line_1_115' title="bbox 1813 5502 3390 5579; baseline 0.006 -22"><span class='ocrx_word' id='word_1_884' title='bbox 1813 5512 1872 5558; x_wconf 91' lang='lat' dir='ltr'><strong>ut</strong></span> <span class='ocrx_word' id='word_1_885' title='bbox 1916 5502 2046 5558; x_wconf 89' lang='lat' dir='ltr'><strong>nihil</strong></span> <span class='ocrx_word' id='word_1_886' title='bbox 2091 5504 2357 5568; x_wconf 83' lang='lat' dir='ltr'><strong>sentiant;</strong></span> <span class='ocrx_word' id='word_1_887' title='bbox 2402 5504 2491 5558; x_wconf 88' lang='lat' dir='ltr'><strong>alii</strong></span> <span class='ocrx_word' id='word_1_888' title='bbox 2540 5505 2915 5564; x_wconf 87' lang='lat' dir='ltr'><strong>miserabiliter</strong></span> <span class='ocrx_word' id='word_1_889' title='bbox 2950 5509 3185 5579; x_wconf 83' lang='lat' dir='ltr'><strong>vigilant,</strong></span> <span class='ocrx_word' id='word_1_890' title='bbox 3233 5511 3390 5567; x_wconf 81' lang='lat' dir='ltr'><strong>dolos</strong></span> 
     </span>
    </p>
   </div>
   <div class='ocr_carea' id='block_1_116' title="bbox 1812 5584 3389 5667">
    <p class='ocr_par' dir='ltr' id='par_1_116' title="bbox 1812 5584 3389 5667">
     <span class='ocr_line' id='line_1_116' title="bbox 1812 5584 3389 5667; baseline 0.007 -18"><span class='ocrx_word' id='word_1_891' title='bbox 1812 5604 2102 5657; x_wconf 81' lang='lat' dir='ltr'><strong>struentes,</strong></span> <span class='ocrx_word' id='word_1_892' title='bbox 2152 5596 2219 5649; x_wconf 90' lang='lat' dir='ltr'><strong>de</strong></span> <span class='ocrx_word' id='word_1_893' title='bbox 2249 5597 2488 5664; x_wconf 85' lang='lat' dir='ltr'><strong>pecuniis</strong></span> <span class='ocrx_word' id='word_1_894' title='bbox 2531 5607 2804 5667; x_wconf 87' lang='lat' dir='ltr'><strong>curantes,</strong></span> <span class='ocrx_word' id='word_1_895' title='bbox 2836 5610 2893 5655; x_wconf 90' lang='lat' dir='ltr'><strong>ut</strong></span> <span class='ocrx_word' id='word_1_896' title='bbox 2940 5584 3267 5657; x_wconf 83' lang='lat' dir='ltr'><strong>ulciscantur</strong></span> <span class='ocrx_word' id='word_1_897' title='bbox 3296 5620 3389 5660; x_wconf 82' lang='lat' dir='ltr'><strong>eos</strong></span> 
     </span>
    </p>
   </div>
   <div class='ocr_carea' id='block_1_117' title="bbox 1813 5686 3390 5767">
    <p class='ocr_par' dir='ltr' id='par_1_117' title="bbox 1813 5686 3390 5767">
     <span class='ocr_line' id='line_1_117' title="bbox 1813 5686 3390 5767; baseline 0.008 -27"><span class='ocrx_word' id='word_1_898' title='bbox 1813 5689 1901 5757; x_wconf 91' lang='lat' dir='ltr'><strong>qui</strong></span> <span class='ocrx_word' id='word_1_899' title='bbox 1940 5700 2000 5741; x_wconf 91' lang='lat' dir='ltr'><strong>se</strong></span> <span class='ocrx_word' id='word_1_900' title='bbox 2041 5686 2296 5741; x_wconf 67' lang='lat' dir='ltr'><strong>lazserunt</strong></span> <span class='ocrx_word' id='word_1_901' title='bbox 2337 5687 2651 5754; x_wconf 85' lang='lat' dir='ltr'><strong>studentes,</strong></span> <span class='ocrx_word' id='word_1_902' title='bbox 2698 5691 3009 5748; x_wconf 87' lang='lat' dir='ltr'><strong>inimicitias</strong></span> <span class='ocrx_word' id='word_1_903' title='bbox 3039 5695 3390 5767; x_wconf 83' lang='lat' dir='ltr'><strong>meditantes,</strong></span> 
     </span>
    </p>
   </div>
   <div class='ocr_carea' id='block_1_118' title="bbox 1816 5777 3395 5859">
    <p class='ocr_par' dir='ltr' id='par_1_118' title="bbox 1816 5777 3395 5859">
     <span class='ocr_line' id='line_1_118' title="bbox 1816 5777 3395 5859; baseline 0.005 -21"><span class='ocrx_word' id='word_1_904' title='bbox 1816 5780 1977 5838; x_wconf 80' lang='lat' dir='ltr'><strong>verba</strong></span> <span class='ocrx_word' id='word_1_905' title='bbox 2010 5777 2397 5836; x_wconf 83' lang='lat' dir='ltr'><strong>contumeliosa</strong></span> <span class='ocrx_word' id='word_1_906' title='bbox 2426 5788 2692 5839; x_wconf 89' lang='lat' dir='ltr'><strong>transacto</strong></span> <span class='ocrx_word' id='word_1_907' title='bbox 2717 5785 2803 5840; x_wconf 87' lang='lat' dir='ltr'><strong>die</strong></span> <span class='ocrx_word' id='word_1_908' title='bbox 2833 5801 3014 5844; x_wconf 81' lang='lat' dir='ltr'><strong>secum</strong></span> <span class='ocrx_word' id='word_1_909' title='bbox 3048 5798 3395 5859; x_wconf 64' lang='lat' dir='ltr'><strong>reputantes;</strong></span> 
     </span>
    </p>
   </div>
  </div>
