3978 6496
574 334 681 393 259

573 451 653 502 sic
671 450 765 503 ira:
787 448 961 518 ignem
982 442 1335 510 succendunt,
1358 451 1413 497 et
1440 438 1793 496 intolerabilia
1808 444 2147 507 perpetrant.
2162 472 2187 497 .,

576 539 855 611 Perpende
887 536 1157 609 quomodo
1181 536 1373 591 Petrus
1399 531 1718 587 dormiebat.
1750 530 1853 585 Per
1880 529 2181 598 diSpensa--

575 633 774 687 tionem
806 630 936 685 illud
965 628 1163 684 factum
1205 634 1328 682 est:
1364 624 1584 695 angelus
1612 622 1756 678 enim
1788 620 2024 685 advenit,
2056 633 2154 673 ne-

573 724 879 791 minemque
926 735 1041 775 rem
1088 727 1292 789 gestam
1344 718 1485 771 scire
1529 714 1838 784 oportebat;
1878 722 1933 768 et
1962 711 2155 767 merito

570 810 811 881 quidem,
839 820 896 864 ut
921 825 991 865 ne
1032 819 1213 863 custos
1256 807 1491 862 carceris
1528 805 1761 875 seipsum
1806 805 2152 859 interﬁceret.
2194 798 2207 859 Ῐ

576 903 644 957 Et
670 917 766 957 cur
794 916 901 954 non
931 900 1073 954 aliud
1106 900 1319 969 signum
1360 899 1557 952 factum
1583 898 1694 951 est?
1724 896 1855 965 Quia
1882 894 2011 949 illud
2042 910 2155 949 ma-
2198 974 2201 977 Α

571 994 715 1047 xime
738 992 911 1062 ipsum
935 991 1204 1045 attrahere
1225 1000 1282 1045 et
1302 989 1623 1044 confirmare
1639 996 1868 1057 poterat,
1888 986 2154 1056 siquidem

578 1082 669 1136 ille
712 1081 1104 1151 periclitaturus
1149 1092 1284 1145 erat,
1330 1081 1431 1135 nisi
1477 1081 1548 1135 ita
1590 1081 1784 1136 factum
1819 1088 2001 1134 esset:
2044 1092 2153 1132 non

573 1173 717 1227 enim
746 1174 815 1227 ita
838 1174 988 1243 signa
1017 1173 1251 1237 trahunt,
1274 1184 1411 1229 utea
1430 1189 1548 1243 quae
1572 1172 1640 1227 ad
1665 1172 1888 1227 salutem
1911 1180 2150 1226 nostram

567 1264 815 1317 attinent.
868 1263 946 1318 Ne
981 1264 1254 1318 videretur
1286 1275 1443 1319 terra:
1485 1274 1688 1317 motum
1730 1277 1825 1331 per
1870 1276 1930 1317 se
1956 1261 2153 1317 factum

568 1370 708 1422 esse,
741 1364 1023 1425 sequutum
1071 1365 1154 1411 est
1195 1355 1269 1422 id,
1319 1355 1462 1425 quod
1494 1355 1595 1424 ipsi
1638 1353 1943 1408 testimonio
1983 1362 2149 1406 esset.

572 1446 639 1499 Et
667 1456 825 1500 noctu
851 1448 1081 1501 accidit:
1115 1447 1247 1500 nihil
1274 1448 1416 1516 enim
1442 1446 1507 1499 ad
1538 1444 1947 1499 ostentationem
1979 1442 2149 1498 facie-

572 1538 721 1602 bant,
752 1540 845 1594 sed
868 1540 934 1593 ad
962 1540 1212 1594 salutem.
1238 1538 1353 1593 Non
1375 1540 1548 1593 malus
1567 1545 1683 1591 erat
1700 1537 1933 1591 carceris
1946 1543 2150 1591 custos:

573 1630 884 1700 conjecerat
912 1631 1030 1686 illos
1053 1632 1105 1684 in
1139 1632 1443 1685 interiorem
1470 1645 1760 1697 carcerem,
1783 1628 1924 1698 quod
1952 1628 2020 1682 ita
2046 1628 2149 1683 sibi

564 1721 772 1791 jussum
801 1732 961 1785 esset.
992 1739 1095 1776 non
1125 1732 1269 1776 motu
1300 1737 1418 1776 suo.
1450 1722 1518 1775 Et
1544 1737 1638 1776 cur
1663 1736 1768 1776 non
1796 1730 1922 1775 ante
1950 1719 2150 1774 clama-

567 1814 643 1868 v-it
671 1814 898 1869 Paulus?
926 1814 1332 1869 Perturbatione
1360 1814 1550 1883 plenus
1576 1823 1692 1867 erat
1720 1812 1901 1876 homo,
1930 1826 2030 1866 nec
2054 1810 2149 1865 ad-

568 1906 801 1961 misisset
823 1906 1005 1960 verba.
1039 1905 1163 1959 Ideo
1188 1920 1310 1959 cum
1336 1905 1558 1959 vidisset
1596 1904 1743 1958 illum
1779 1918 1900 1959 sese
1928 1903 2147 1959 interfe-

566 2005 799 2062 cturum,
853 2005 1267 2067 praeoccupatet
1316 1997 1531 2062 clamat,
1568 1996 1797 2050 dicens:
1850 1994 2035 2049 Omnes
2066 1995 2149 2049 hic

565 2104 762 2141 sumus.
792 2089 918 2144 Ideo
945 2089 1036 2143 ille
1064 2089 1235 2143 Petito
1256 2089 1445 2143 lumine
1459 2088 1658 2154 iusiliit,
1685 2098 1732 2141 et
1757 2096 1874 2141 ante
1902 2085 2144 2152 Paulum,

563 2180 752 2249 inquit,
781 2190 824 2234 et
844 2180 1011 2235 Silam
1037 2181 1272 2250 procidit.
1303 2180 1381 2234 Ad
1410 2180 1574 2248 pedes
1611 2180 1771 2234 vincti
1797 2179 2024 2249 procidit
2054 2193 2149 2233 cu-

564 2280 699 2327 stos.
730 2270 799 2325 Et
828 2272 999 2326 eduxit
1033 2272 1151 2325 illos
1175 2272 1336 2342 foras,
1374 2272 1631 2341 dixitque:
1655 2270 1881 2336 Domini,
1908 2271 2032 2341 quid
2069 2286 2149 2325 me

561 2372 754 2431 oportet
775 2366 962 2434 facere,
983 2372 1040 2417 ut
1066 2363 1237 2418 salvus
1261 2362 1397 2416 sim?
1418 2362 1681 2430 Quidnam
1702 2362 1991 2417 dixerunt?
2014 2361 2147 2418 Vide

565 2457 712 2510 illum
742 2472 847 2510 non
878 2457 947 2510 ob
991 2455 1092 2510 hoc
1117 2456 1338 2526 diligere
1383 2455 1526 2525 quod
1572 2464 1818 2510 servatus
1841 2465 2005 2524 esset,
2049 2455 2146 2511 sed

562 2547 704 2614 quod
732 2548 799 2602 de
827 2547 1024 2625 virtute
1054 2548 1476 2615 obstupesceret.

629 2639 685 2692 ‘2.
726 2639 888 2693 Vides
931 2641 1055 2709 quid
1094 2640 1221 2706 illic,
1254 2640 1381 2709 quid
1431 2639 1590 2694 isthic
1629 2639 1826 2694 factum
1870 2638 1983 2694 sit?
2026 2638 2144 2694 Illic

559 2730 733 2800 puella
780 2730 1004 2784 liberata
1032 2738 1114 2785 est
1149 2746 1180 2785 a
1211 2731 1443 2801 maligno
1469 2730 1658 2799 spiritu
1683 2770 1699 2797 ,
1723 2739 1774 2785 et
1799 2730 1853 2784 in
1872 2744 2145 2786 carcerem

560 2822 907 2892 cettjeceruut
931 2837 1024 2877 eos
1045 2863 1061 2888 ,
1089 2822 1230 2892 quod
1268 2823 1411 2876 illam
1438 2837 1467 2874 a
1498 2822 1745 2876 daemone
1780 2822 2137 2887 liberassent;

568 2915 657 2969 hic
704 2916 878 2969 solum
917 2915 1110 2984 januas
1157 2927 1369 2984 apertas
1409 2915 1792 2979 ostenderunt,
1842 2925 1896 2971 et
1940 2916 2147 2985 aperuit

556 3007 750 3078 januas
773 3007 952 3061 cordis
980 3007 1122 3061 illius
1149 3048 1163 3073 ,
1191 3007 1352 3061 solvit
1373 3008 1583 3060 vincula
1610 3006 1839 3077 duplicia
1860 3048 1875 3073 ,
1904 3006 2147 3063 accendit

562 3103 743 3157 lumen
782 3100 912 3155 illud
947 3118 961 3154 :
992 3116 1112 3155 nam
1145 3108 1199 3154 et
1227 3101 1279 3154 in
1315 3099 1479 3155 corde
1517 3100 1633 3169 ejus
1662 3100 1749 3153 lux
1798 3098 2051 3170 fulgebat.
2083 3102 2149 3155 Et

565 3193 757 3249 iusiliit
779 3202 834 3248 et
856 3193 1084 3263 procidit
1110 3210 1124 3248 :
1149 3207 1249 3247 nec
1277 3194 1570 3263 interrogat
1596 3193 1865 3263 quomodo
1894 3208 1981 3248 res
2007 3193 2143 3248 facta

559 3286 630 3341 sit
654 3327 669 3350 ,
697 3285 825 3356 quid
861 3284 1057 3339 factum
1088 3284 1188 3349 sit;
1221 3284 1315 3338 sed
1340 3285 1520 3338 statim
1551 3284 1662 3337 ait:
1691 3283 1825 3350 Quid
1849 3300 1927 3337 me
1952 3292 2147 3353 oportet

560 3383 728 3448 facere
751 3386 805 3430 ut
825 3377 995 3431 salvus
1019 3376 1151 3430 sint?
1189 3375 1328 3443 Quid
1352 3390 1482 3446 ergo
1510 3374 1744 3430 Paulus?
1775 3374 1933 3430 Crede
1952 3375 2007 3429 in
2034 3372 2146 3429 Do-

561 3471 754 3523 minum
783 3469 961 3523 Jesunt
1004 3470 1295 3533 Christum,
1334 3480 1381 3523 et
1406 3470 1575 3523 salvus
1617 3469 1745 3533 eris,
1777 3468 1980 3539 inquit,
2010 3479 2064 3522 tat
2101 3478 2147 3524 et

560 3560 740 3615 domus
765 3569 869 3614 tua.
893 3559 1005 3614 Hoc
1032 3560 1264 3614 maxime
1287 3558 1531 3615 homines
1560 3559 1765 3624 allicit,
1796 3559 1941 3629 quod
1968 3569 2023 3615 et
2047 3560 2146 3615 do.

568 3668 688 3707 ntus
734 3652 880 3706 salva
916 3652 1005 3705 sit.
1040 3650 1106 3704 Et
1131 3651 1325 3721 loquuti
1354 3661 1473 3704 sunt
1511 3651 1559 3704 ei
1582 3649 1813 3717 verbum,
1844 3661 1892 3704 et
1916 3651 2147 3705 omnibus

561 3746 647 3816 qui
672 3753 814 3799 erant
842 3744 895 3797 in
920 3744 1069 3797 domo
1096 3745 1229 3814 ejus.
1254 3743 1409 3797 Lavit
1434 3757 1531 3799 eos
1554 3782 1570 3809 ,
1596 3751 1652 3798 et
1676 3742 1818 3797 lotus
1845 3752 1930 3798 est
1969 3762 1982 3797 :
2025 3743 2145 3798 illos

562 3836 777 3906 quidem
819 3851 851 3890 a
896 3836 1063 3906 plagis
1084 3836 1286 3902 abluit,
1313 3836 1427 3905 ipse
1451 3851 1481 3890 a
1520 3837 1749 3906 peccatis
1773 3837 1988 3892 ablutus
2013 3846 2096 3892 est
2126 3853 2141 3891 :

560 3931 819 3996 nutrivit,
851 3939 905 3983 et
934 3930 1168 3983 nutritus
1191 3937 1293 3983 est.
1324 3929 1390 3982 Et
1420 3929 1725 3995 exsultavit,
1758 3929 1951 4000 inquit.
1979 3930 2141 4000 Atqui

560 4020 693 4075 nihil
714 4029 828 4075 erat
854 4020 955 4074 nisi
981 4020 1143 4074 verba
1170 4028 1373 4073 tantum
1401 4028 1592 4089 etspes
1614 4019 1774 4073 bona.
1798 4021 1911 4076 Hoc
1936 4021 2145 4092 signum

563 4124 701 4181 erat,
719 4112 1013 4168 credidisse
1029 4112 1200 4179 illum,
1225 4111 1327 4167 sibi
1346 4113 1523 4167 omnia
1544 4112 1766 4167 remissa
1794 4112 1979 4169 fuisse.
2007 4114 2145 4183 Quid

560 4206 784 4260 custode
799 4206 1032 4260 carceris
1058 4205 1243 4275 pejus?
1266 4204 1393 4275 quid
1415 4205 1703 4270 crudelius,
1730 4206 1852 4274 quid
1881 4207 2147 4263 ferocius?

560 4298 813 4352 Attamen
841 4310 962 4350 cum
991 4296 1157 4350 multo
1189 4297 1309 4351 illos
1345 4298 1581 4367 suscepit
1610 4299 1837 4353 honore.
1865 4298 1981 4354 Non
2003 4301 2146 4370 quod

561 4397 807 4443 servatus
834 4396 979 4442 esset
1007 4429 1022 4455 ,
1052 4389 1265 4458 gavisus
1294 4399 1378 4443 est
1399 4430 1414 4454 ,
1446 4390 1539 4443 sed
1572 4390 1725 4457 Quod
1762 4389 1873 4444 Deo
1901 4394 2143 4449 crederet.

564 4480 725 4534 Crede
745 4520 762 4542 ,
799 4479 967 4548 inquit
991 4519 1006 4544 ,
1032 4480 1087 4532 in
1116 4478 1414 4534 Dominum.
1456 4478 1580 4535 ldeo
1607 4480 1770 4548 dixit,
1807 4481 1908 4549 Qui
1936 4483 2149 4537 credidit

564 4570 696 4638 Deo,
720 4579 778 4624 ut
796 4586 865 4625 ne
878 4569 1152 4626 videretur
1172 4571 1321 4640 quasi
1340 4570 1624 4627 damnatus
1640 4581 1693 4627 et
1717 4584 1967 4643 peccator
1988 4575 2144 4630 solvi.

563 4663 768 4720 Idcirco
790 4663 973 4718 dicunt
1007 4680 1022 4717 :
1053 4660 1219 4718 Ctesos
1244 4680 1335 4718 nos
1362 4664 1559 4734 publice
1583 4665 1897 4721 indemnatos
1925 4667 2148 4722 homines

563 4756 887 4823 coniecerunt
934 4755 989 4809 in
1032 4771 1322 4820 carcerem;
1356 4765 1414 4812 ut
1448 4771 1554 4811 non
1600 4756 1761 4811 modo
1797 4759 2002 4828 gratia),
2052 4759 2149 4814 sed

564 4850 726 4904 etiam
776 4848 1013 4918 ipsorum
1058 4857 1205 4902 esset
1237 4862 1393 4917 opus.
1428 4846 1563 4903 Vide
1594 4859 1649 4903 ut
1675 4849 1821 4903 varia
1869 4850 2148 4921 dispenset

564 4941 757 5012 gratia,
789 4941 1059 5012 quomodo
1088 4940 1179 4996 ille
1204 4956 1452 5012 egressus
1481 4950 1584 5006 est,
1615 4942 1886 5012 quomodo
1915 4944 2021 5012 hic,
2046 4945 2148 5001 etsi

567 5043 791 5103 uterque
815 5032 1090 5103 apostolus
1126 5043 1290 5087 esset.
1324 5032 1655 5099 Timuerunt,
1700 5032 1891 5104 inquit.
1933 5036 2149 5092 Timent

570 5124 695 5193 quia
727 5124 950 5178 Romani
981 5133 1128 5190 sunt,
1160 5140 1267 5179 non
1296 5125 1423 5195 quia
1453 5124 1647 5195 injuste
1675 5127 2042 5196 conjecerunt.
2075 5128 2143 5185 Et

569 5223 870 5285 rogaverunt
906 5213 1045 5279 illos,
1076 5223 1131 5267 ut
1158 5215 1351 5269 exirent
1392 5231 1455 5269 ea:
1496 5216 1713 5269 civitate.
1745 5216 1897 5272 Hanc
1945 5220 2149 5287 petiere

569 5305 816 5375 gratiam.
847 5304 927 5359 Illi
969 5320 1098 5359 vero
1132 5317 1190 5360 ut
1214 5315 1479 5361 venerunt
1504 5307 1573 5363 ad
1607 5306 1829 5380 Lydiam
1860 5318 1915 5364 et
1956 5311 2152 5366 conﬁr-

573 5404 789 5451 marunt
813 5410 929 5451 eam
955 5437 971 5462 ,
1002 5397 1079 5450 sic
1114 5397 1339 5465 profecti
1367 5405 1509 5453 sunt.
1542 5399 1659 5455 Non
1684 5402 1968 5471 Oportebat
2005 5403 2149 5457 enim

572 5487 886 5557 hospitalem
916 5487 1060 5542 illam
1093 5489 1142 5542 in
1170 5505 1341 5559 agone
1365 5499 1419 5544 et
1443 5492 1801 5549 sollicitudine
1824 5494 2149 5564 relinquere.

574 5581 789 5650 Egressi
819 5591 997 5636 autem
1025 5590 1149 5636 sunt
1173 5623 1187 5646 ,
1216 5597 1322 5636 non
1349 5582 1452 5635 illis
1475 5583 1929 5653 obtemperantes,
1963 5586 2059 5641 sed
2084 5587 2150 5641 ad

572 5674 1006 5745 praedicationem
1037 5675 1347 5731 festinantes
1375 5717 1389 5741 ,
1421 5692 1540 5731 cum
1571 5679 1760 5733 civitas
1794 5696 1888 5747 per
1915 5681 2149 5735 miracu-

576 5770 684 5819 tun;
715 5766 840 5821 illud
884 5766 1013 5822 satis
1051 5766 1229 5839 adjuta
1273 5766 1479 5824 fuisset.
1522 5768 1635 5824 Non
1683 5772 1961 5839 oportebat
2005 5774 2144 5829 ultra

1344 329 1402 385 S.
1440 325 1717 385 JOA‘NNIS
1750 316 2231 380 CHRYSOSTOMI
2263 318 2578 376 ARCHIEP.
2618 316 3151 375 CONSTANTINOP.

3736 316 3838 370 260

2261 448 2499 490 manere.
2546 433 2677 488 Nam
2718 434 3031 489 miraculum
3076 432 3248 502 majus
3289 439 3515 503 apparet
3564 431 3836 501 magisque

2259 525 2455 580 clamat
2480 535 2601 595 post
2631 525 3019 595 profectionem
3056 539 3243 580 eorum
3271 524 3362 593 qui
3390 525 3562 592 ipsum
3592 532 3834 591 patrave-

2259 626 2401 671 rant.
2434 617 2644 673 Etenim
2673 618 2911 675 custodis
2938 618 3170 673 carceris
3211 617 3347 672 ﬁdes
3393 632 3489 686 pro
3537 630 3670 671 voce
3697 625 3832 669 erat.

2204 708 2211 715 ’
2258 706 2394 775 Quid
2424 706 2545 763 huic
2587 708 2662 762 rei
2695 709 2827 777 par?
2854 707 3068 779 Ligatur
3110 717 3165 763 et
3192 707 3354 763 solvit
3398 708 3626 777 ligatus;
3677 706 3837 761 solvit

2256 796 2457 867 duplex
2498 799 2796 864 vinculum;
2828 800 3079 869 ligantem
3121 813 3181 854 se
3222 798 3382 853 solvit
3425 813 3523 868 per
3564 798 3669 853 hoc
3694 813 3834 868 quoa

2256 886 2372 959 ipse
2402 888 2594 958 ligatus
2631 892 2719 944 sit.
2755 889 2878 944 Huic
2904 904 3031 944 vere
3058 897 3185 944 sunt
3229 890 3414 960 gratiae
3450 905 3634 960 opera.
3678 889 3836 945 Nunc

2255 995 2396 1050 ergo,
2425 980 2615 1050 inquit,
2643 981 2849 1053 egressi,
2881 981 2950 1035 ite
2972 982 3026 1035 in
3053 997 3177 1052 pace
3204 998 3223 1035 :
3252 981 3306 1037 id
3330 991 3433 1049 est,
3459 997 3585 1038 cum
3625 985 3834 1037 securi-

2255 1079 2384 1138 tate,
2412 1071 2544 1127 nihil
2571 1073 2838 1128 timentes.
2869 1072 3039 1129 Simul
3066 1073 3210 1128 hunc
3229 1074 3413 1129 volunt
3438 1083 3588 1129 extra
3618 1076 3829 1145 pericu-

2254 1160 2363 1216 lum
2412 1162 2550 1231 fieri,
2603 1180 2671 1219 ne
2714 1173 2835 1235 post
2877 1164 2992 1220 huic
3029 1174 3334 1221 accusetur.
3366 1166 3434 1220 Et
3460 1180 3565 1221 non
3607 1166 3833 1231 dicunt,

2252 1255 2435 1311 (laesos
2477 1272 2578 1313 nos
2620 1258 2967 1327 conjecerunt
2994 1260 3049 1313 in
3077 1273 3347 1314 carcerem
3370 1300 3386 1325 ,
3418 1262 3539 1329 quia
3578 1260 3836 1314 miracula

2251 1347 2454 1415 cperati
2501 1362 2714 1402 eramus
2752 1364 2773 1404 :
2801 1364 2972 1420 neque
3001 1350 3144 1404 enim
3181 1351 3265 1405 his
3310 1351 3704 1415 attendebaut;
3739 1352 3833 1406 sed

2251 1437 2395 1507 quod
2426 1438 2638 1493 illorum
2664 1440 2873 1495 animos
2901 1450 3191 1496 concutere
3220 1450 3464 1511 poterat,
3497 1440 3835 1497 Indenmatos

2253 1529 2446 1600 inquit,
2471 1540 2515 1583 et
2549 1531 2822 1585 Romanos.
2855 1532 3022 1601 Hujus
3045 1533 3206 1587 vincti
3236 1547 3447 1602 semper
3466 1549 3735 1589 memores
3759 1535 3835 1588 si-

2249 1637 2391 1688 mus,
2416 1633 2591 1679 etnon
2616 1624 2874 1678 miraculi.
2906 1625 3043 1693 Quid
3069 1625 3253 1681 dicent
3272 1627 3521 1695 gentiles,
3549 1630 3835 1696 quomodo

2249 1716 2455 1771 vinctus
2497 1730 2617 1771 cum
2659 1727 2825 1781 esset,
2870 1717 3038 1771 suasit
3078 1718 3369 1771 vincienti?
3398 1718 3462 1771 Et
3511 1733 3700 1788 quem,
3754 1720 3839 1773 in.

2249 1806 2472 1875 quiunt,
2500 1807 2809 1877 persuaderi
2839 1807 3153 1876 oportebat,
3186 1808 3289 1860 nisi
3336 1808 3623 1862 scelestum
3656 1808 3838 1863 homi-

2249 1912 2393 1960 nem,
2423 1897 2677 1953 miserum
2709 1940 2725 1963 ,
2754 1899 2844 1967 qui
2877 1908 3109 1953 mentem
3141 1915 3248 1953 non
3273 1899 3515 1964 haberet,
3548 1902 3702 1955 mille
3726 1918 3835 1955 ma-

2250 1986 2317 2042 lls
2340 1999 2588 2043 onustum
2605 1998 2828 2058 etcath
2848 1988 3097 2045 facilem?
3124 1990 3249 2044 Haec
3270 1989 3485 2061 insuper
3508 1990 3799 2061 proferunt
3824 2011 3837 2047 :

2248 2079 2380 2148 Quis
2408 2082 2651 2148 credidit,
2687 2084 2789 2138 nisi
2837 2084 3117 2148 coriarius,
3148 2086 3462 2153 purpuraria
3484 2124 3500 2149 ,
3528 2084 3839 2148 eunuchus,

2250 2184 2433 2230 custos
2461 2176 2715 2241 carceris,
2743 2175 2883 2231 servi
2914 2186 2968 2230 et
3008 2176 3303 2231 mulieres?
3329 2176 3464 2245 Quid
3493 2193 3623 2248 ergo
3654 2178 3845 2233 dicere

2250 2274 2542 2334 poterunt,
2582 2266 2805 2336 quando
2844 2281 2977 2333 eos,
3024 2268 3113 2337 qui
3159 2269 3210 2320 iu
3262 2267 3609 2338 dignitatibus
3659 2283 3844 2334 erant,

2249 2357 2606 2427 producemus
2638 2377 2651 2413 :
2679 2359 3048 2417 centurionem
3078 2399 3092 2425 ,
3140 2362 3511 2429 proconsulem
3539 2403 3555 2427 ,
3603 2364 3748 2419 alios
3776 2381 3843 2418 ex

2250 2448 2346 2503 illo
2373 2448 2442 2503 ad
2474 2448 2575 2503 hoc
2597 2464 2765 2519 usque
2786 2459 2995 2520 tempus
3016 2490 3036 2516 ,
3064 2451 3447 2520 imperatores,
3468 2468 3623 2523 reges
3642 2457 3668 2507 ἲ
3725 2455 3853 2524 Ego

2248 2555 2379 2596 vero
2404 2541 2545 2595 aliud
2571 2541 2742 2610 majus
2765 2540 2887 2596 dico
2916 2558 2930 2595 :
2961 2541 3105 2611 ipsos
3135 2542 3350 2597 viliores
3382 2544 3501 2598 illos
3524 2544 3840 2600 videamus.

2248 2637 2450 2709 Ecquid
2476 2636 2547 2692 ibi
2575 2637 2788 2698 mirum.
2811 2635 3171 2706 inquiesiﬂoc
3196 2648 3343 2692 certe
3365 2639 3595 2693 mirum:
3625 2641 3847 2694 etenim

2247 2732 2293 2787 si
2348 2731 2415 2787 de
2462 2731 2620 2787 rebus
2674 2731 2983 2801 vulgaribus
3036 2731 3300 2799 crederet,
3349 2748 3454 2787 non
3495 2734 3700 2789 mirum
3752 2752 3847 2791 es-

2246 2831 2364 2884 set;
2395 2837 2516 2877 cum
2547 2838 2677 2877 vero
2705 2822 2774 2877 de
2802 2824 3199 2878 resurrectione
3225 2864 3240 2887 ,
3268 2824 3336 2878 de
3360 2839 3525 2895 regno
3550 2828 3844 2892 caelorum,

2247 2914 2318 2968 de
2354 2916 2460 2969 vita
2510 2913 2877 2985 philosophica
2924 2915 3045 2985 quis
3092 2915 3435 2985 p0pularibus
3489 2917 3736 2987 loquitur
3792 2937 3852 2975 et

2249 3006 2543 3077 persuadet
2567 3047 2581 3071 ,
2613 3007 2715 3062 hoc
2739 3006 3036 3062 mirabilius
3076 3008 3199 3072 erit,
3241 3023 3399 3077 quam
3426 3009 3470 3063 si
3497 3011 3849 3081 sapientibus

2249 3099 2624 3168 persuasisset.
2653 3098 2786 3154 Cum
2817 3098 2959 3154 enim
2987 3114 3094 3153 non
3138 3110 3222 3154 est
3261 3101 3574 3170 periculum,
3620 3113 3681 3158 et
3720 3106 3851 3175 quis

2247 3191 2457 3256 suadet,
2481 3206 2512 3246 e
2540 3207 2596 3247 re
2622 3192 2904 3246 stultitiam
2934 3192 2986 3246 in
3015 3191 3249 3248 medium
3279 3193 3558 3263 proferunt
3579 3212 3597 3263 ;
3622 3200 3849 3267 quando

2248 3290 2425 3335 autem
2453 3283 2573 3351 quis
2600 3281 2801 3336 dixerit
2824 3296 2982 3337 servo
3010 3283 3307 3337 secundum
3341 3292 3393 3338 te
3425 3303 3437 3339 :
3470 3283 3529 3340 Si
3556 3287 3695 3342 mihi
3725 3306 3851 3342 cre-

2249 3373 2365 3438 das,
2395 3374 2712 3443 periclitaris
2733 3415 2748 3437 ,
2780 3389 2969 3430 omnes
2997 3375 3216 3430 habebis
3242 3377 3334 3430 tibi
3356 3376 3629 3439 inimicos.
3670 3396 3848 3450 opor-

2250 3474 2327 3522 tet
2347 3476 2398 3522 te
2426 3468 2583 3534 mori,
2615 3466 2760 3522 mille
2789 3466 2971 3522 subire
2997 3468 3171 3534 mala;
3200 3470 3383 3539 sicque
3420 3471 3564 3527 illius
3588 3474 3843 3528 animam

2249 3560 2425 3629 capiat
2451 3576 2464 3611 :
2496 3574 2601 3614 non
2617 3559 2725 3629 jam
2751 3560 2851 3613 hoc
2872 3560 3190 3629 insipientia:
3214 3572 3314 3616 est.
3348 3561 3480 3616 Nam
3508 3564 3551 3618 si
3579 3564 3853 3635 dogmata

2249 3650 2571 3721 voluptatem
2613 3651 2874 3706 haberent
2895 3693 2910 3718 ,
2935 3651 3056 3720 jure
3084 3654 3203 3722 quis
3232 3652 3337 3707 hoc
3361 3654 3563 3709 diceret
3589 3673 3606 3721 ;
3636 3658 3683 3710 si
3711 3673 3853 3711 vero

2250 3742 2325 3811 id,
2372 3743 2513 3813 quod
2544 3742 2751 3798 nollent
2790 3742 3090 3813 philosophi
3133 3743 3365 3811 discere,
3404 3760 3597 3799 servus
3638 3747 3846 3813 discat,

2249 3834 2422 3905 majus
2464 3843 2547 3890 est
2576 3834 2914 3889 miraculum.
2942 3835 3008 3889 Et
3037 3835 3082 3890 si
3112 3836 3269 3890 vultis
3290 3876 3305 3904 ,
3336 3836 3633 3892 coriariurn
3665 3842 3847 3908 ipsum

2250 3930 2304 3983 in
2337 3928 2568 3982 medium
2597 3928 2941 3993 adducamus,
2970 3937 3025 3983 et
3052 3927 3328 3984 videamus
3356 3930 3481 3999 quid
3514 3931 3619 4000 ipsi
3653 3932 3848 3986 Petrus

2250 4019 2533 4089 loquatur;
2585 4020 2668 4075 vel
2712 4021 2756 4073 si
2805 4020 2997 4089 placet,
3040 4020 3213 4089 ipsum
3259 4020 3537 4076 custodem
3584 4026 3835 4077 carceris.

2250 4110 2386 4177 Quid
2414 4126 2541 4181 ergo
2570 4112 2669 4181 ipsi
2696 4112 2826 4166 dicit
2849 4111 3088 4166 Paulus?
3112 4112 3356 4167 Christus
3382 4114 3725 4179 resurrexit,
3752 4124 3835 4166 est

2252 4203 2574 4257 resurrectio
2618 4213 2953 4258 mortuorum
2985 4214 3038 4258 et
3070 4218 3332 4273 regnum;
3374 4213 3429 4258 et
3473 4207 3663 4260 Statim
3712 4222 3835 4275 per-

2252 4296 2420 4351 suasit
2442 4295 2594 4351 facile
2632 4296 2893 4352 credenti.
2925 4295 3066 4364 Quid
3092 4300 3259 4368 ergo?
3284 4296 3351 4351 de
3377 4297 3486 4351 vita
3515 4299 3652 4353 nihil
3681 4300 3841 4359 dixit,

2252 4388 2394 4457 quod
2421 4402 2608 4457 sapere
2637 4397 2903 4456 oporteat,
2935 4387 3077 4458 quod
3102 4390 3338 4457 pecuniis
3368 4390 3664 4458 imperare.
3690 4396 3846 4461 quod

2253 4496 2359 4534 non
2388 4494 2509 4535 esse
2554 4477 2903 4534 inhumanum
2944 4490 3221 4550 oporteat,
3253 4483 3394 4552 quod
3422 4484 3563 4538 bona
3595 4500 3691 4539 sua
3720 4501 3853 4540 ero-

2252 4571 2422 4641 ganda
2449 4573 2554 4626 sint
2574 4570 2930 4641 aliis?Neque
2956 4572 3100 4627 enim
3124 4572 3239 4628 haec
3263 4574 3559 4630 credidisse
3582 4577 3855 4647 insipien-

2255 4666 2323 4718 tis
2348 4675 2483 4730 erat,
2511 4664 2605 4719 sed
2634 4665 2808 4734 magni
2834 4664 3019 4718 animi.
3053 4665 3183 4720 Esto
3209 4667 3351 4721 enim
3375 4668 3476 4737 ipsi
3501 4668 3762 4739 dogmata
3780 4687 3854 4725 ex

2254 4756 2560 4826 insipientia
2576 4756 2908 4825 acceperint;
2926 4758 3087 4811 vitam
3111 4757 3254 4811 illam
3271 4758 3696 4827 philosophicam
3718 4777 3853 4814 sus-

2253 4852 2451 4920 cipere,
2498 4865 2565 4904 an
2614 4849 2916 4920 insipientis
2957 4852 3145 4906 esset?
3190 4850 3373 4921 itaque
3403 4864 3611 4921 quanto
3668 4860 3857 4924 magis

2255 4941 2513 5010 insipiens
2536 4949 2681 4995 esset
2707 4942 2796 5010 qui
2823 4941 3260 5011 obtemperaret,
3292 4951 3347 4996 et
3374 4952 3551 4997 tamen
3579 4959 3645 4998 ea
3668 4948 3855 5000 susci-

2255 5041 2426 5102 peret,
2476 5048 2596 5103 qua:
2635 5031 2969 5103 philosophis
2999 5032 3324 5104 persuadere
3368 5033 3677 5105 philosophi
3744 5052 3855 5090 non

2256 5135 2498 5198 possent,
2529 5127 2703 5195 majus
2730 5136 2875 5181 esset
2907 5126 3224 5180 miraculum
3254 5144 3266 5179 :
3295 5128 3523 5181 maxime
3555 5143 3694 5183 vero
3725 5146 3856 5183 cum

2258 5219 2509 5274 mulieres
2558 5228 2612 5273 et
2660 5219 2803 5273 servi
2849 5218 3257 5288 persuadentur,
3286 5228 3339 5273 et
3383 5234 3479 5289 per
3513 5234 3687 5289 opera
3738 5222 3861 5276 hac

2259 5310 2551 5375 exhibent,
2582 5325 2700 5380 quae
2726 5325 2827 5365 nec
2853 5311 3106 5365 Platones
3134 5326 3234 5366 nec
3262 5312 3350 5365 alii
3380 5328 3570 5366 omnes
3605 5314 3703 5367 ulli
3736 5331 3861 5384 per-

2260 5400 2485 5456 suadere
2511 5411 2820 5471 potuerunt.
2864 5401 2930 5455 Et
2956 5417 3052 5456 cur
3082 5402 3217 5456 nulli
3254 5402 3414 5458 dico?
3456 5402 3535 5458 Ne
3565 5405 3669 5459 sibi
3724 5407 3865 5475 ipsis

2258 5491 2496 5560 quidem.
2528 5491 2659 5546 Nam
2699 5492 2851 5547 Plato
2893 5493 3107 5560 quidem
3150 5498 3412 5563 persuasit
3454 5498 3723 5565 pecunias
3751 5513 3865 5553 non

2260 5597 2380 5636 esse
2406 5583 2845 5648 contemnendas,
2871 5584 2959 5653 qui
2991 5594 3166 5639 tantas
3185 5584 3467 5640 facultates
3496 5596 3554 5640 et
3580 5603 3721 5656 opes
3751 5606 3855 5641 an-

2260 5672 2524 5742 nulosque
2553 5688 2745 5728 aureos
2788 5685 2843 5729 et
2889 5674 3094 5744 phialas
3118 5676 3357 5745 possedit
3383 5679 3487 5746 (a).
3527 5678 3685 5746 Quod
3725 5695 3869 5735 vero

2326 5785 2396 5847 (a)
2430 5786 2733 5837 Prardivitem
2770 5785 2920 5837 fuisse
2959 5786 3203 5838 Platonem
3234 5791 3594 5843 asseverabant
3611 5788 3825 5855 quidam
3860 5813 3887 5849 ε
