4100 6354
161 210 286 268 9.59

149 325 262 388 τὰς
299 324 525 387 νύκτας,
553 323 680 376 ἔνθα
712 322 888 391 κῶμοι
928 321 1023 375 καὶ
1062 321 1221 392 μέθαι
1266 321 1360 374 καὶ
1383 320 1683 390 άσέλγειαι,
1711 319 1838 375 ἔνθα

153 412 337 475 ὕπνος
377 412 607 465 θανάτου
636 411 786 463 οὐδὲν
819 409 1143 479 διεστηκὼς,
1184 409 1309 461 ἔνθα
1344 410 1639 479 ἀγρυπνίαι
1671 408 1836 461 ὕπνου

151 501 571 573 χαλεπώτεραι.
602 500 665 550 Ol
698 500 796 567 μὲν
822 498 927 569 γὰρ
950 498 1295 551 καθεύδουσιν
1327 498 1757 568 ἀνεπαισθήτως,
1788 497 1839 550 οἱ

152 596 215 648 δὲ
250 592 633 663 ἐγρηγόρασιν
667 589 913 653 ἐλεεινῶς
938 590 1030 643 καὶ
1058 589 1275 652 ἀθλίως,
1310 588 1493 652 δόλους
1527 590 1841 659 βάπτοντες,

157 683 305 751 ὑπὲρ
358 679 664 750 χρημάτων
720 679 1114 749 φροντίζοντες,
1152 678 1301 739 ὅπως
1356 675 1670 746 ἀμύνωνται
1719 676 1844 740 τοὺς

155 770 495 831 ἀδικοῦντας
530 767 919 830 σπουδάζοντες
943 804 957 823 ,
997 764 1196 834 ἔχθραν
1240 763 1589 834 μελετῶντες,
1624 765 1843 835 ῥήματα

158 856 465 928 ὑϐριστικά
492 855 610 924 μεθ’
636 854 848 923 ἡμέραν
873 851 1253 921 ἀναλεγόμενοι
1279 867 1293 881 ο
1325 850 1468 905 οὕτω
1492 852 1552 904 τὸ
1572 852 1685 921 πῦρ
1708 870 1843 905 σκα-

157 946 385 997 λεύουσι
435 946 538 1013 τῆς
582 942 771 1012 ὀργῆς,
818 939 885 993 τά
938 940 1188 1010 ἀφόρητα
1225 939 1602 1010 ἐργαζόμενοι.
1641 941 1842 994 Σκόπει

159 1032 279 1094 πῶς
316 1031 529 1099 Πέτρος
569 1027 873 1081 ἐκάθευδεν.
918 1025 1292 1094 Οίκονομικῶς
1325 1028 1501 1078 ἐκεῖνο
1528 1027 1781 1094 γέγονεν·
1813 1028 1842 1079 6

160 1119 403 1187 ἅγγελος
430 1118 539 1187 γάρ
571 1115 922 1185 παρεγένετο,
943 1112 1038 1164 καὶ
1058 1113 1244 1165 οὐδένα
1265 1113 1431 1183 ἐχρῆν
1460 1113 1583 1165 ἰδεῖν
1608 1112 1669 1165 τὸ
1692 1114 1844 1181 γενό-

165 1224 326 1276 μενον
352 1223 365 1235 ·
406 1204 502 1257 καὶ
540 1202 696 1255 τοῦτο
728 1200 888 1253 πάλιν
916 1199 1114 1263 καλῶς,
1151 1200 1233 1251 ἵνα
1264 1198 1476 1269 κωλυθῇ
1517 1203 1545 1252 6
1571 1199 1843 1269 δεσμοφύ-

162 1294 259 1359 λαξ
286 1294 504 1345 ἀνελεῖν
528 1289 737 1342 ἑαυτόν.
764 1288 874 1339 Kal
898 1287 985 1339 διὰ
1014 1287 1063 1339 τί
1087 1286 1160 1356 μὴ
1191 1287 1317 1340 ἀλλο
1338 1290 1560 1357 σημεῖον
1587 1288 1841 1355 γέγονεν;

165 1384 287 1435 ὀτι
332 1382 498 1434 τοῦτο
532 1376 687 1450 [276]
724 1377 957 1447 μάλιστα
996 1376 1159 1430 αὐτὸν
1194 1376 1483 1444 ἐφελκύσαι
1522 1376 1616 1430 καὶ
1657 1379 1841 1429 πεῖσαι

165 1471 351 1524 ἱκανὸν
382 1466 454 1539 ἦν
481 1481 533 1529 ιι,
559 1468 693 1518 ὅπου
732 1483 794 1533 γε
828 1464 921 1517 καὶ
949 1464 1111 1526 αὐτὸς
1143 1463 1514 1516 ἐκινδύνευσεν
1542 1463 1605 1516 ἂν
1624 1504 1638 1528 ,
1675 1466 1722 1517 εἰ
1763 1466 1839 1537 μὴ

166 1559 391 1626 γέγονεν
410 1572 422 1585 ·
455 1556 517 1607 οὐ
540 1554 649 1622 γὰρ
678 1551 818 1605 οὕτω
841 1550 908 1603 τά
937 1549 1188 1616 θαύματα
1218 1551 1364 1619 ἡμᾶς
1385 1551 1545 1621 αἱρεῖ,
1574 1551 1647 1615 ώς
1671 1552 1740 1604 τά
1762 1555 1843 1617 είς

170 1644 451 1715 σωτηρίαν
488 1641 765 1713 ἡμετέραν
801 1641 1020 1709 ῆκοντα.
1066 1641 1182 1693 Ἵνα
1220 1639 1295 1710 μὴ
1337 1639 1462 1711 δόξῃ
1511 1641 1617 1694 ἀπὸ
1646 1643 1839 1695 ταύτο-

167 1731 336 1799 μάτου
382 1724 718 1795 γεγενῆσθαι
765 1724 794 1775 6
835 1724 1090 1794 σεισμὸς,
1125 1724 1530 1795 ἐπηκολούθησε
1566 1725 1659 1778 καὶ
1684 1726 1840 1779 τοῦτο

168 1820 359 1886 ἐκείνῳ
421 1815 756 1886 μαρτυροῦν.
792 1814 901 1866 Kal
944 1816 1001 1868 ἐν
1030 1814 1188 1867 νυκτὶ
1236 1814 1509 1882 φαίνεταιο
1543 1816 1695 1868 οὐδὲν
1731 1815 1839 1887 γὰρ

166 1906 298 1976 πρὸς
337 1904 627 1969 ἐπίδειξιν,
682 1901 816 1955 ἀλλά
850 1903 986 1973 πρὸς
1028 1904 1303 1973 σωτηρίαν
1348 1903 1595 1958 ἐποίουν.
1630 1904 1743 1957 Οὐκ
1771 1900 1841 1975 ῆν

167 1993 451 2062 πονηρὸςὸ
480 1989 855 2058 δεσμοφύλαξ·
898 1988 1089 2042 ἔϐαλεν
1117 1991 1312 2054 αὐτοὺς
1338 1994 1418 2054 είς
1440 1991 1537 2062 τὴν
1567 1993 1840 2063 ἐσωτέραν

168 2079 443 2147 φυλακὴν,
472 2076 847 2147 παραγγελίαν
866 2076 1121 2146 τοιαύτην
1150 2075 1350 2139 λαϐὼν,
1379 2078 1479 2130 οὐκ
1503 2079 1593 2147 ἀφ’
1621 2079 1836 2135 ἐαυτοῦ.

168 2167 274 2220 Kal
306 2166 405 2218 διὰ
437 2166 492 2217 τί
532 2165 607 2235 μὴ
639 2164 744 2235 πρὸ
783 2163 972 2217 τούτου
1001 2164 1223 2234 ἐϐόησεν
1251 2167 1279 2218 6
1321 2164 1561 2230 Παῦλος;
1599 2166 1839 2237 Θορύϐου

173 2253 370 2321 μεστὸς
394 2252 425 2303 6
455 2250 744 2321 ἄνθρωπος
772 2246 841 2320 ἦν
886 2250 982 2302 καὶ
1010 2250 1285 2321 ταραχῆς,
1321 2250 1416 2303 καὶ
1464 2252 1563 2305 οὐκ
1597 2250 1663 2306 ἂν
1704 2269 1843 2322 παρ-

171 2342 413 2407 εδέξατο.
442 2340 540 2392 Διά
569 2338 743 2402 τοῦτο,
770 2339 858 2391 ὅτε
883 2337 1019 2391 εἶδεν
1054 2339 1245 2392 ἐαυτὸν
1278 2339 1534 2409 μέλλοντα
1563 2341 1805 2412 ἀναιρεῖν
1824 2381 1839 2405 ,

170 2426 695 2499 προκαταλαμϐάνει
714 2426 807 2479 καὶ
833 2427 951 2497 βοᾷ,
983 2426 1156 2494 λέγων
1176 2440 1190 2454 ⁶
1224 2427 1429 2489 Πάντες
1450 2426 1613 2498 ἐσμὲν
1634 2427 1839 2481 ἐνθάδε.

169 2515 261 2567 Διά
291 2514 462 2567 τοῦτο
510 2514 603 2566 καὶ
646 2514 883 2584 Αίτήσας
931 2514 1085 2581 φῶτα
1129 2514 1489 2585 είσεπήδησε,
1532 2515 1627 2568 καὶ
1670 2532 1842 2586 προσ-

172 2602 327 2655 έπεσε
354 2601 437 2671 τῷ
476 2601 693 2671 Παύλῳ,
749 2601 915 2671 φησὶ,
952 2601 1046 2656 καὶ
1082 2600 1160 2671 τῷ
1202 2600 1360 2672 Σίλᾳ.
1395 2602 1488 2664 Είς
1522 2603 1648 2665 τοὺς
1678 2601 1843 2665 πόδας

173 2691 514 2760 προσπίπτει
547 2688 640 2741 τοῦ
669 2688 944 2758 δεσμώτου
971 2692 998 2742 6
1032 2688 1226 2758 φύλαξ.
1261 2689 1371 2742 Kal
1399 2690 1627 2760 προάγει
1648 2690 1843 2753 αὐτοῦς

172 2778 271 2843 ἔξω
308 2777 411 2830 καὶ
447 2775 637 2842 λέγει’
676 2775 890 2844 Κύριοι,
932 2776 982 2828 τί
1016 2793 1085 2845 με
1111 2776 1189 2829 δεῖ
1210 2779 1403 2837 ποιεῖν,
1437 2777 1523 2830 ἵνα
1555 2776 1743 2843 σωθῶ,
1779 2776 1843 2829 Τί

172 2867 272 2936 γὰρ
304 2859 502 2927 εἷπον;
543 2864 683 2932 Ὅρα
711 2862 871 2915 αὐτὸν
899 2864 997 2915 οὐκ
1041 2864 1227 2932 ἐπειδὴ
1272 2864 1500 2935 διεσώθη
1543 2866 1637 2918 ἐπὶ
1669 2864 1844 2937 τούτῳ

174 2954 496 3023 στέργοντα,
532 2951 667 3004 ἀλλὰ
692 2953 791 3020 τὴν
813 2950 1041 3021 δύναμιν
1074 2951 1430 3019 ἐκπλαγέντα.

237 3037 301 3106 β’.
327 3033 491 3097 Εἶδες
511 3034 562 3087 τί
588 3036 703 3087 ἐκεῖ
728 3035 937 3103 γέγονε,
958 3039 1051 3087 καὶ
1068 3035 1119 3088 τί
1146 3035 1403 3102 ἐνταῦθα;
1423 3037 1567 3088 Ἐκεῖ
1587 3036 1844 3106 παιδίσκη

171 3125 463 3195 ἀπηλλάγη
519 3122 847 3192 πνεύματος,
898 3123 993 3177 καὶ
1049 3124 1128 3187 εἰς
1182 3124 1551 3194 δεσμωτήριον
1595 3124 1844 3179 ἐνέϐαλον

171 3215 389 3276 αὐτοὺς,
426 3214 510 3266 ὅτι
552 3210 928 3281 ἠλευθέρωσαν
966 3210 1134 3281 αὐτὴν
1168 3210 1260 3264 τοῦ
1293 3212 1540 3280 δαίμονος
1564 3228 1577 3241 ο
1614 3211 1845 3264 ἐνταῦθα

174 3303 336 3373 μόνον
369 3298 584 3364 ἔδειξαν
618 3298 786 3369 θύρας
817 3299 1137 3369 ἀνεῳγυίας,
1180 3299 1271 3351 καὶ
1312 3298 1518 3369 ἤνοιξεν
1558 3298 1719 3352 αὐτοῦ
1746 3299 1845 3369 τῆς

173 3393 397 3463 καρδία,
434 3393 534 3455 τὰς
569 3390 759 3461 θύρας,
792 3389 945 3441 ἔλυσε
975 3386 1148 3457 δεσμά
1173 3386 1352 3449 διπλᾶ,
1401 3383 1537 3458 ἦψεν
1575 3389 1749 3440 ἐκεῖνο
1783 3388 1845 3440 τὸ

173 3486 321 3555 φῶς·
377 3481 442 3533 τὸ
478 3479 586 3551 γάρ
637 3479 694 3530 ἐν
739 3479 802 3547 τῇ
859 3475 1055 3546 καρδίᾳ
1091 3474 1254 3527 αὐτοῦ
1297 3475 1411 3543 φῶς
1455 3475 1683 3545 ἔλαμπε.
1736 3476 1846 3529 Kal

173 3570 507 3640 είσεπήδησε
546 3565 641 3618 καὶ
690 3562 1014 3633 προσέπεσε,
1045 3562 1140 3614 καὶ
1167 3561 1265 3614 οὐκ
1291 3562 1489 3632 ἐρωτᾷ,
1526 3561 1651 3625 Πῶς
1688 3560 1847 3615 τοῦτο

173 3662 365 3728 γέγονε
389 3676 404 3723 ;
431 3657 498 3708 Τί
518 3654 769 3722 γέγονεν;
794 3650 908 3703 ἀλλ’
935 3649 1134 3713 εὐθέως
1160 3648 1319 3719 φησί’
1344 3650 1404 3703 Τί
1424 3666 1499 3717 με
1520 3648 1614 3703 δεῖ
1630 3649 1842 3713 ποιεῖν,

176 3752 271 3801 ἵνα
307 3742 531 3807 σωοῶ;
567 3742 630 3795 Τί
675 3736 768 3793 οὖν
824 3739 854 3790 ό
893 3737 1141 3802 Παῦλος;
1192 3737 1532 3789 Πίστευσον
1581 3736 1679 3789 ἐπὶ
1737 3735 1847 3789 τὸν

176 3839 398 3903 Κύριον
444 3828 688 3897 Ἰησοῦν
718 3824 991 3893 Χριστὸν,
1030 3823 1131 3876 καὶ
1163 3822 1432 3890 σωθήσῃ,
1462 3823 1613 3891 φησὶ,
1646 3822 1726 3875 σὺ
1747 3822 1845 3875 καὶ

179 3928 207 3977 ὀ
233 3920 406 3986 οἶκός
431 3934 572 3972 σου.
609 3914 857 3968 Μάλιστα
885 3911 1042 3965 τοῦτο
1069 3912 1193 3973 τοὺς
1218 3909 1533 3979 ἀνθρώπους
1560 3909 1845 3978 ἐφέλκεται

179 4013 231 4064 τὸ
253 4011 353 4063 καὶ
382 4008 479 4060 τὸν
506 4000 651 4057 οἷκον
699 4000 862 4055 αὐτοῦ
895 3999 1153 4069 σωθῆναι.
1198 3998 1305 4051 Καὶ
1348 3996 1662 4063 ἐλάλησαν
1686 3994 1846 4061 αὐτῷ

180 4099 280 4152 τόν
299 4098 518 4164 λόγον,
549 4091 647 4144 καί
678 4088 828 4143 πᾶσι
870 4086 994 4150 τοῖς
1023 4087 1092 4139 ἐν
1122 4082 1196 4151 τῇ
1231 4083 1386 4149 οἰκίᾳ
1418 4083 1623 4137 αὐτοῦ.
1659 4083 1846 4135 "mw-

182 4206 267 4239 σεν
302 4184 534 4244 αὐτοὺς,
566 4180 659 4232 καὶ
688 4176 911 4246 ἐλούθη·
942 4174 1179 4234 ἐκείνους
1213 4172 1310 4241 μέν
1346 4170 1451 4223 ἀπὸ
1492 4170 1598 4223 τῶν
1625 4170 1845 4239 πληγῶν

181 4276 420 4334 ἔλουσεν,
468 4268 630 4328 αὐτὸς
662 4265 717 4318 δέ
757 4264 863 4317 ἀπὸ
910 4261 1016 4314 τῶν
1059 4259 1342 4330 ἁμαρτιῶν
1391 4257 1617 4329 ἐλούθη’
1653 4258 1846 4328 ἔθρεψε

181 4365 269 4416 καί
317 4360 559 4431 ἐτράφη.
613 4353 723 4407 Καὶ
774 4348 1133 4421 ἠγαλλιᾶτο,
1184 4348 1349 4418 φησί’
1379 4346 1553 4399 καίτοι
1582 4346 1730 4399 οὐδὲν
1755 4341 1844 4417 ἦν,

182 4452 309 4504 ἀλλὰ
333 4451 563 4519 ῥήματα
599 4443 756 4513 μόνον
788 4440 880 4492 καὶ
916 4437 1130 4499 ἐλπίδες
1158 4434 1407 4506 χρησταί.
1430 4433 1598 4486 Τοῦτο
1624 4437 1849 4503 σημεῖον

179 4533 243 4607 ῆν
260 4536 358 4589 τοῦ
392 4530 820 4586 πεπιστευκέναι
856 4525 1034 4587 αὐτὸν,
1060 4524 1140 4576 ὅτι
1174 4523 1389 4576 πάντων
1416 4521 1611 4593 ἀφέθη.
1641 4520 1703 4573 Τί
1731 4521 1848 4574 δεσ-

183 4625 501 4695 μοφύλακας
517 4620 718 4689 χεῖρον;
735 4615 787 4668 τί
812 4614 868 4665 δέ
883 4610 1236 4683 ώμότερον;τί
1258 4609 1313 4662 δὲ
1330 4607 1565 4680 ἀγριώτε
1576 4626 1685 4680 ρον;
1704 4608 1846 4662 ’Λλλ’

180 4715 324 4783 ὅμως
368 4707 511 4779 μετὰ
544 4704 745 4773 πολλῆς
789 4701 986 4763 αὐτοὺς
1029 4697 1322 4783 ὐπεδέξατο
1355 4699 1452 4767 τῆς
1492 4696 1711 4783 τιμῆς.
1735 4696 1847 4783 Οὐκ

181 4777 375 4864 ἐπειδῆ
398 4789 603 4860 ἐσώθη,
636 4785 936 4856 εὐφράνθη,
974 4782 1109 4836 ἀλλά
1142 4778 1560 4844 Πεπιστευκὼς
1585 4778 1662 4843 τῷ
1683 4777 1803 4844 Θεῷ
1830 4818 1844 4833 .

182 4887 555 4939 Πίστευσον,
587 4877 770 4947 φησὶν,
813 4872 912 4926 ἐπὶ
959 4871 1067 4924 τὸν
1093 4870 1329 4936 Κύριον.
1384 4867 1482 4919 Διά
1513 4866 1670 4919 τοῦτο
1690 4864 1807 4919 εἷπε
1829 4906 1844 4931 ,

183 4962 610 5026 Πεπιστευκὼς
635 4960 711 5025 τῷ
753 4956 891 5021 Θεῷ,
924 4956 1011 5007 ἴνα
1043 4952 1117 5024 μὴ
1145 4952 1270 5021 δόξῃ
1291 4950 1365 5012 ώς
1399 4950 1681 5012 κατάδικος
1712 4950 1846 5002 ἁπο-

182 5053 426 5113 λύεσθαι,
448 5048 540 5099 καὶ
564 5046 637 5105 ὡς
663 5039 1015 5114 ἡμαρτηκὼς.
1046 5038 1144 5089 Διά
1164 5035 1323 5087 τοῦτο
1340 5034 1587 5100 λέγουσι·
1610 5034 1848 5099 Δείραν-

183 5159 275 5207 τες
304 5136 469 5207 ἡμᾶς
496 5131 757 5201 δημοσίᾳ
780 5126 1208 5195 ἀκατακρίτους
1236 5121 1601 5190 ἀνθρώπους,
1629 5120 1849 5175 ἔϐαλον

183 5233 262 5294 εἰς
289 5220 606 5295 φυλακὴν,
639 5220 725 5270 ἵνα
763 5216 836 5286 μὴ
870 5214 1027 5284 μόνον
1060 5213 1158 5282 τῆς
1190 5211 1432 5281 χάριτος,
1468 5209 1602 5295 ἀλλά
1629 5209 1724 5262 καὶ
1751 5210 1845 5295 αξ-

184 5292 356 5385 τῶν-ᾖ
383 5311 447 5361 τὸ
476 5306 730 5375 πρᾶγμα.
776 5301 913 5370 Ὀρα
954 5296 1187 5385 διάφορα
1212 5294 1309 5366 τὴν
1336 5295 1495 5385 χάριν
1538 5292 1850 5385 οἰκονομοῦ-

187 5420 304 5463 σαν,
328 5376 459 5459 ’πῶς
500 5397 702 5454 ἐκεῖνος
745 5387 957 5457 ἐξῆλθε,
990 5385 1105 5448 πῶς
1132 5376 1307 5445 οὗτος,
1335 5382 1510 5434 καίτοι
1551 5380 1850 5451 ἀμφότεροι

184 5486 491 5543 ἀπόστολοι.
532 5479 983 5548 Ἐφοόήθησαν,
1025 5472 1177 5542 φησί.
1215 5468 1536 5532 Φοϐοῦνται,
1573 5470 1656 5522 ὅτι
1713 5469 1848 5520 Ῥω-

190 5575 334 5647 μαῖοί
359 5576 519 5633 εἰσιν,
560 5568 659 5636 οὐχ
696 5567 777 5619 ὅτι
821 5563 1018 5624 ἀδίκως
1043 5558 1311 5613 ἐνέϐαλον.
1346 5557 1457 5611 Καὶ
1484 5555 1722 5624 ἠρώτων
1744 5556 1842 5608 αὐ-

185 5642 328 5726 τοὺς
352 5657 627 5725 ἐξελθεῖν
654 5654 773 5709 ἀπὸ
788 5651 898 5720 τῆς
918 5650 1168 5713 πόλεως.
1192 5646 1367 5717 Χάριν
1389 5645 1598 5717 ᾔτησαν
1620 5642 1845 5713 ταύτην.

188 5754 249 5809 0!
303 5754 360 5803 δε
400 5746 646 5808 ἐλθόντες
699 5741 834 5813 πρὸς
876 5740 975 5809 τὴν
1026 5736 1259 5799 Λυδίαν,
1315 5734 1410 5787 καὶ
1452 5728 1849 5804 βεϐαιώσαντες

249 5852 269 5877 ⁸
285 5851 387 5904 Διιι
404 5849 549 5899 αὐτὸν
572 5845 901 5912 ἐφειλκύσατο,
929 5842 1087 5893 ἱκανὸν
1109 5842 1161 5891 ὃν
1182 5839 1360 5890 πεῖσαι.

1199 207 1264 261 ΙΝ
1302 207 1485 263 ACTA
1518 204 2308 265 APOSTOLORUM.HOMIL.
2344 209 2583 265 XXXVI.

1945 320 2135 392 αὐτὴν,
2174 318 2345 387 οὕτως
2373 325 2619 394 ἐξῆλθον.
2657 326 2729 377 Οὐ
2752 326 2858 396 γὰρ
2892 325 2999 381 ἔδει
3029 329 3126 400 τὴν
3152 331 3423 403 ξενοδόχον
3454 335 3609 401 ἀφεῖ-

1944 426 2030 462 ναι
2046 412 2103 462 ἐν
2120 412 2289 479 ἀγῶνι
2305 414 2400 465 καὶ
2418 415 2679 485 μερίμνῃ.
2699 416 2948 485 Ἐξῆλοον
2962 416 3039 477 δέ,
3058 418 3155 471 οὐκ
3174 422 3400 483 ἐκείνοις
3425 420 3609 473 πειθό-

1947 514 2128 564 μενοι,
2163 499 2298 552 ἀλλά
2320 500 2413 552 ἐπὶ
2443 500 2503 553 τὸ
2532 502 2795 571 κήρυγμα
2832 503 3168 570 σπεύδοντες,
3206 506 3354 577 [277]
3380 508 3478 573 τῆς
3507 507 3606 559 πό-

1942 582 2077 647 λεως
2112 584 2200 637 διὰ
2227 586 2320 637 τοῦ
2364 585 2641 657 θαύματος
2674 588 2874 651 ἱκανῶς
2906 589 3309 663 ώφεληθείσηςο
3344 592 3450 645 ἔδει
3499 592 3609 663 γὰρ

1946 671 2019 741 μὴ
2056 672 2392 742 παραμένειν
2423 673 2627 727 λοιπόν.
2656 675 2729 727 Τὸ
2762 675 2871 747 γὰρ
2903 676 3084 747 θαῦμα
3122 678 3304 747 μεῖξον
3337 680 3605 748 φαίνεται,

1939 758 2047 812 τῶν
2083 759 2475 831 ἐργασαμένων
2524 763 2989 833 ἀποδημησάντων
3028 766 3158 819 αὐτὸ
3196 767 3397 836 μᾶλλον
3446 767 3602 837 βοῶν’

1939 848 1974 916 ἡ
2006 847 2114 918 γάρ
2138 847 2229 900 τοῦ
2264 848 2672 919 δεσμοφύλακος
2703 852 2885 914 πίστις
2916 853 3036 906 ἀντὶ
3069 856 3251 925 φωνῆς
3276 851 3362 926 ῆν.
3392 857 3456 909 Τί
3479 856 3573 909 τού

1939 951 2031 986 του
2065 935 2214 1001 ῖσον;
2265 938 2550 1005 Δεσμεῖται
2593 939 2686 990 καὶ
2731 938 2848 991 λύει
2875 940 3189 1009 δεδεμένος,
3228 942 3342 997 λύει
3383 945 3605 999 διπλοῦν

1939 1020 2172 1091 δεσμόνο
2214 1022 2305 1076 τὸν
2349 1022 2587 1093 δήσαντα
2636 1025 2793 1077 ἔλυσε
2846 1026 2934 1079 διὰ
2978 1028 3070 1080 τοῦ
3112 1029 3349 1099 δεθῆναι.
3397 1034 3602 1097 Ὄντως

1938 1108 2112 1161 ταῦτα
2138 1109 2357 1178 χάριτος
2384 1108 2542 1179 ἔργα.
2564 1110 2695 1164 Νῦν
2721 1107 2858 1175 οὖν,
2893 1114 3076 1182 φησὶν,
3104 1114 3471 1183 ἐξελθόντες,
3500 1134 3598 1171 ποι
3654 1117 3659 1123 ’

1932 1199 2185 1266 ρεύεσθε
2224 1200 2294 1252 ἐν
2328 1199 2572 1267 εἰρήνῃ·
2609 1202 2871 1264 τουτέστι,
2919 1203 3054 1271 μετὰ
3092 1205 3405 1272 ἀσφαλείας,
3438 1207 3604 1278 μηδὲν

1937 1285 2258 1349 δεδοικότες.
2298 1286 2508 1348 Ἀλλως
2554 1287 2611 1339 δέ
2652 1288 2744 1341 καὶ
2786 1287 2972 1341 τοῦτον
3001 1302 3025 1329 ι
3062 1292 3166 1354 ἔξω
3203 1292 3444 1345 κινδύνου
3481 1294 3601 1363 βού-

1939 1372 2119 1426 λονται
2162 1374 2452 1442 γενέσθαι,
2486 1376 2576 1427 ἴνα
2619 1376 2695 1446 μὴ
2722 1378 2879 1445 ,μετὰ
2921 1376 3093 1430 ταῦτα
3142 1380 3460 1449 ἐγκαλῆται.
3494 1384 3604 1435 Καὶ

1938 1462 1998 1514 οὐ
2018 1462 2254 1529 λέγουσι,
2284 1462 2569 1531 Δείραντες
2591 1466 2737 1534 ἡμᾶς
2756 1464 2946 1517 ἔϐαλον
2963 1468 3041 1529 είς
3064 1466 3327 1536 φυλακὴν,
3355 1468 3604 1538 θαύματα

1938 1549 2369 1620 ἐργασαμένους·
2402 1551 2522 1603 οὐδὲ
2563 1553 2670 1621 γάρ
2709 1551 2916 1615 τούτοις
2950 1557 3263 1624 προσεῖχον·
3308 1556 3423 1609 ἀλλ’
3452 1558 3479 1609 ὃ
3510 1560 3606 1627 μά-

1938 1636 2092 1689 λιστα
2120 1637 2298 1690 αὐτῶν
2338 1640 2512 1691 σεῖσαι
2568 1638 2665 1708 τὴν
2702 1639 2938 1691 διάνοιαν
2974 1639 3227 1705 ἐδύνατο,
3279 1643 3606 1711 Ἀκατακρί-

1937 1741 2119 1791 τους,
2174 1726 2341 1795 φησὶ,
2400 1725 2499 1778 καί
2546 1726 2872 1794 Ῥωμαίους
2936 1727 3339 1795 ὑπάρχοντας.
3400 1731 3602 1785 Τούτου

1942 1812 2374 1883 μνημονεύωμεν
2412 1813 2508 1865 τοῦ
2538 1813 2818 1884 δεσμώτου
2846 1814 2873 1853 ὶ)
2904 1814 3211 1878 διαπαντὸς,
3248 1818 3322 1888 μὴ
3350 1817 3442 1870 τοῦ
3474 1818 3603 1872 θαύ-

1942 1916 2131 1969 ματος.
2185 1900 2250 1952 Τί
2305 1901 2521 1971 ἐροῦσιν
2568 1901 2862 1970 Ἕλληνες,
2905 1902 3021 1965 πῶς
3072 1903 3353 1975 δεσμώτης
3409 1904 3484 1958 ὢν
3512 1906 3605 1958 τὸν

1937 1986 2323 2057 δεσμοφύλακα
2363 1988 2577 2052 ἔπεισε;
2605 1989 2713 2041 Kal
2736 1987 2877 2051 τίνα,
2911 1990 3065 2057 φησὶ,
3100 1991 3387 2061 πεισθῆναι
3414 1993 3602 2063 ἐχρῆν,

1937 2072 1973 2144 ἢ
2014 2074 2212 2145 μιαρὸν
2256 2073 2539 2147 ἄνθρωπον
2591 2076 2685 2127 καὶ
2732 2076 3073 2145 ταλαίπωρον
3119 2080 3213 2131 καὶ
3264 2079 3363 2132 οὐκ
3413 2081 3604 2150 ἔχοντα

1937 2159 2083 2222 νοῦν,
2108 2159 2317 2230 μυρίων
2338 2172 2360 2199 ο
2378 2162 2617 2230 γέμοντα
2627 2162 2812 2215 κακῶν
2828 2163 2919 2214 καὶ
2935 2163 3349 2233 εὐπαράγωγον;
3367 2167 3486 2218 Ἔτι
3509 2168 3603 2221 καὶ

1936 2247 2108 2301 ταῦτα
2136 2250 2496 2319 προφέρουσιο
2531 2249 2625 2311 Τίς
2639 2249 2821 2320 γὰρ,ἢ
2855 2249 3108 2319 βυρσεύς,
3144 2253 3600 2322 πορφυρόπωλις,

1937 2335 2210 2404 εὐνοῦχος,
2237 2335 2596 2404 δεσμοφύλαξ,
2624 2335 2798 2387 δοῦλοι
2830 2336 2921 2387 καὶ
2961 2339 3213 2404 γυναῖκες
3243 2337 3601 2403 ἐπίστευσαν;

1938 2422 2002 2475 Τί
2018 2418 2110 2475 οὖν
2131 2425 2303 2475 εἰπεῖν
2319 2423 2667 2493 δυνήσονται,
2690 2425 2816 2476 ὅταν
2831 2424 3060 2486 καὶτοὺς
3085 2425 3141 2475 ἐν
3170 2423 3441 2494 ἀξιώμασι
3462 2442 3604 2495 παρ-

1938 2512 2234 2581 αγάγωμεν
2253 2552 2269 2575 ,
2315 2510 2406 2563 τὸν
2435 2512 2829 2581 ἑκατόνταρχον
2852 2552 2870 2578 ,
2900 2510 2987 2563 τὸν
3027 2511 3366 2579 ἀνθύπατον,
3395 2514 3518 2575 τούς
3542 2512 3606 2579 ἐξ

1938 2600 2145 2652 ἐκείνου
2178 2599 2342 2669 μέχρι
2369 2599 2462 2651 τοῦ
2498 2599 2591 2651 νῦν
2614 2640 2629 2665 ,
2656 2599 2853 2661 αὐτοὺς
2892 2600 3017 2663 τούς
3064 2600 3431 2671 κρατοῦντας,
3477 2604 3603 2665 τοὺς

1942 2686 2211 2756 βασιλεῖς;
2274 2686 2414 2755 Ἐγὼ
2446 2686 2501 2739 δέ
2530 2686 2715 2758 ἔτερον
2754 2687 2895 2756 λέγω
2919 2686 3107 2740 τούτου
3155 2688 3335 2758 μεῖζον
3364 2706 3377 2718 ο
3408 2690 3602 2753 αὐτοὺς

1938 2777 2064 2838 τοὺς
2106 2774 2341 2840 εὐτελεῖς
2390 2776 2606 2846 ίδωμεν.
2656 2776 2766 2829 Καὶ
2811 2775 2910 2828 ποῦ
2947 2776 3007 2828 τὸ
3045 2775 3384 2845 θαυμαστὸν,
3426 2778 3601 2848 φησί;

1941 2864 2111 2916 Τοῦτο
2148 2864 2246 2933 μὲν
2273 2860 2364 2917 οὖν
2400 2863 2738 2932 θαυμαστόν·
2769 2863 2833 2915 ἂν
2876 2864 2975 2934 μὲν
3010 2864 3118 2933 γάρ
3149 2865 3341 2935 πεισθῇ
3369 2882 3449 2928 τις
3478 2868 3605 2937 περὶ

1940 2953 2047 3006 τῶν
2073 2951 2363 3020 τυχόντων,
2398 2951 2549 3003 οὐδὲν
2594 2950 2929 3019 θαυμαστόν·
2967 2950 3095 3004 ὅταν
3123 2950 3340 3021 δέπερὶ
3371 2952 3605 3005 ἀναστά-

1943 3058 2097 3102 σεως,
2155 3040 2284 3109 περὶ
2339 3039 2615 3108 βασιλείας
2668 3039 2942 3110 οὐρανῶν,
2980 3039 3108 3110 περὶ
3157 3039 3271 3109 βίου
3316 3040 3605 3109 φιλοσόφου

1940 3128 2194 3199 ἀνδράσιν
2219 3126 2460 3180 εὐτελέσι
2503 3127 2816 3197 διαλέγηται
2859 3128 2953 3179 καὶ
2999 3128 3194 3198 πείθῃ,
3232 3126 3606 3198 θαυμαστότε-

1945 3231 2035 3286 ρον
2064 3215 2237 3277 ἐσται,
2263 3214 2295 3284 ἢ
2324 3217 2370 3267 εί
2395 3215 2592 3283 σοφοὺς
2628 3214 2865 3267 ἔπειθεν.
2905 3214 3071 3266 Ὀταν
3103 3217 3209 3285 γὰρ
3251 3215 3326 3285 μὴ
3425 3215 3606 3268 κίνδυ-

1941 3319 2051 3367 νος,
2084 3305 2177 3357 καὶ
2204 3304 2364 3375 πείθῃ
2378 3321 2479 3366 τις,
2502 3302 2681 3366 καλῶς
2708 3303 2805 3371 τὴν
2821 3304 3003 3356 ἄνοιαν
3031 3303 3109 3365 είς
3131 3303 3292 3372 μέσον
3326 3303 3603 3374 φέρουσινο

1940 3391 2067 3445 ὅταν
2088 3390 2143 3443 δέ
2167 3390 2297 3461 λέγῃ
2328 3389 2405 3460 τῷ
2429 3389 2598 3459 δούλῳ
2626 3389 2767 3442 κατὰ
2795 3388 2875 3450 σέ,
2908 3391 2987 3441 δτι
3010 3429 3024 3451 ,
3072 3391 3169 3441 Ἂν
3201 3390 3425 3460 πεισθῇς
3456 3392 3603 3459 ἐμοὶ,

1941 3478 2291 3541 κινδυνεύεις,
2326 3478 2533 3540 πάντας
2558 3478 2702 3543 ἕξεις
2742 3476 3062 3546 πολεμίους,
3099 3476 3179 3529 δεῖ
3209 3494 3266 3529 σε
3292 3478 3604 3544 ἀποθανεῖν,

1945 3569 2111 3639 μυρία
2129 3567 2319 3620 παθεῖν
2334 3568 2498 3630 κακά,
2516 3562 2635 3620 εἶτα
2649 3567 2817 3627 οὓτως
2834 3565 2928 3636 ’έλῃ
2943 3567 3040 3636 τὴν
3060 3565 3237 3635 ψυχὴν
3260 3566 3489 3632 ἐκείνου,
3508 3568 3607 3621 οὐκ

1940 3656 2022 3707 ἔτι
2044 3654 2200 3706 τοῦτο
2228 3654 2431 3715 ἀνοίας.
2474 3654 2533 3705 EE
2571 3654 2667 3723 μὲν
2702 3654 2809 3724 γὰρ
2840 3653 2907 3706 τά
2942 3654 3189 3722 δόγματα
3220 3652 3412 3723 ἡδονὴν
3440 3650 3605 3724 εἶχεν,

1941 3743 2163 3804 εἰκότως
2194 3742 2259 3795 ἄν
2279 3758 2363 3805 τις
2391 3740 2550 3793 τοῦτο
2576 3735 2734 3792 εἶπεν
2757 3754 2768 3766 ·
2802 3741 2850 3791 εί
2886 3741 2939 3792 δὲ
2958 3780 2973 3805 ,
3012 3740 3148 3810 ὅπερ
3176 3740 3275 3791 οὐκ
3306 3740 3372 3793 ἂν
3406 3741 3610 3795 εἴλοντο

1941 3830 2218 3899 φιλόσοφοι
2233 3828 2443 3899 μαθεῖν,
2455 3827 2612 3881 τοῦτο
2625 3830 2652 3881 6
2667 3826 2845 3889 δοῦλος
2863 3827 3119 3895 μανθάνει
3134 3828 3313 3896 μεῖζον
3330 3828 3387 3880 τὸ
3400 3828 3603 3898 θαῦμα.

1941 3917 2051 3970 Καὶ
2083 3917 2130 3968 εί
2155 3915 2429 3986 βούλεσθε,
2456 3916 2546 3967 τὸν
2588 3914 2922 3984 βυρσοδέψην
2954 3914 3114 3967 αὐτὸν
3143 3916 3223 3975 εἰς
3264 3914 3427 3983 μέσον
3451 3915 3605 3984 ἐνέγ-

1943 4020 2153 4073 κωμεν,
2186 4002 2284 4055 κα).
2314 4002 2511 4071 ἴδωμεν
2563 4000 2615 4053 τί
2670 4000 2819 4068 αὐτῷ
2856 4000 3123 4066 διελέγετο
3157 4002 3184 4051 6
3213 4000 3420 4071 Πέτρος
3441 4018 3455 4031 ο
3492 4002 3524 4072 ἢ
3557 4004 3605 4056 εί

1944 4093 2116 4154 θέλεις
2128 4092 2289 4145 αὐτὸν
2314 4090 2500 4144 τοῦτον
2514 4090 2604 4142 τὸν
2626 4089 3029 4160 δεσμοφύλακα.
3044 4090 3107 4141 Τί
3125 4085 3217 4142 οὖν
3232 4090 3377 4161 αὐτῷ
3405 4085 3556 4143 εἶπεν
3577 4092 3607 4143 ό

1943 4180 2189 4244 Παῦλος;
2227 4180 2349 4239 ’ἶΟτι
2382 4181 2409 4231 ό
2443 4177 2677 4248 Χριστὸς
2710 4178 2937 4248 ἀνέστη,
2986 4179 3172 4248 φησὶν,
3204 4179 3284 4231 ὃτι
3311 4179 3607 4243 ἀνάστασίς

1942 4271 2057 4322 ἐστι
2081 4266 2309 4339 νεκρῶν,
2342 4268 2422 4319 ὅτι
2457 4265 2733 4336 βασιλεία·
2765 4266 2859 4319 καὶ
2894 4265 3115 4318 ἔπεισεν
3150 4265 3386 4330 εὐκόλως
3407 4269 3609 4337 εὐπαρ-

1944 4357 2158 4425 άγωγον
2202 4355 2349 4407 ὅντα.
2402 4354 2466 4406 Τί
2487 4348 2612 4419 οὖν;
2664 4354 2792 4423 περὶ
2836 4353 2951 4422 βίου
2982 4352 3132 4405 οὐδὲν
3163 4349 3333 4415 εἶπεν,
3385 4355 3465 4405 ὅτι
3497 4371 3607 4405 σω-

1943 4448 2158 4517 φρονεῖν
2188 4445 2286 4507 δεῖ,
2314 4445 2395 4496 δτι
2425 4443 2722 4512 χρημάτων
2757 4444 2999 4511 κρατεῖν,
3051 4441 3132 4493 ὅτι
3173 4440 3246 4511 μὴ
3277 4438 3411 4493 εἶναι
3435 4442 3603 4511 ὠμὸν,

1946 4537 2027 4589 ὃτι
2051 4535 2119 4588 τά
2146 4532 2312 4588 αὐτοῦ
2361 4532 2558 4585 διδόναι
2599 4531 2833 4601 ἐτέροις;
2875 4530 2949 4582 Οὐ
2989 4530 3094 4599 γὰρ
3120 4530 3183 4598 δὴ
3215 4520 3309 4581 καὶ
3344 4530 3402 4581 τὸ
3435 4529 3606 4584 ταῦτα

1945 4625 2230 4696 πεισθῆναι
2262 4624 2447 4686 ἀνοίας
2470 4619 2537 4693 ἦν
2557 4663 2572 4685 ,
2607 4621 2743 4674 ἀλλὰ
2774 4622 2867 4673 καὶ
2910 4620 3152 4690 μεγάλης
3189 4620 3384 4688 ψυχῆς.
3425 4622 3605 4674 Ἔστω

1944 4714 2051 4784 γὰρ
2072 4713 2139 4766 τὰ
2167 4713 2414 4782 δόγματα
2456 4710 2560 4762 ὑπὸ
2596 4710 2783 4771 ἀνοίας
2829 4706 3028 4775 μᾶλλον
3064 4707 3262 4768 αὐτοὺς
3308 4708 3606 4777 παραδέχε-

1946 4802 2097 4855 σθαι·
2151 4801 2210 4853 τὸ
2263 4800 2375 4870 βίον
2427 4798 2569 4850 οῦτω
2640 4795 2926 4865 φιλόσοφον
2979 4792 3397 4861 καταδέχεσθαι,
3447 4795 3604 4858 ποίας

1949 4891 2134 4954 ἀνοίας
2158 4887 2257 4961 ῆνῐ
2285 4890 2445 4941 Ὥστε
2474 4888 2581 4954 ὅσῳ
2604 4884 2668 4937 ἂν
2690 4876 2967 4952 ἀνόητοςῇ
2997 4883 3024 4933 6
3062 4879 3379 4950 πειθόμενος
3403 4924 3418 4947 ,
3455 4881 3603 4955 [278]

1949 4979 2204 5047 πείθηται
2256 4975 2313 5028 δὲ
2358 4974 2551 5034 ταῦτα,
2594 4971 2628 5024 ἃ.
2684 4970 2818 5041 μηδὲ
2873 4968 3150 5037 φιλόσοφοι
3178 4968 3359 5020 πεῖσαι
3383 4967 3604 5039 ἴσχυσαν

1943 5068 2069 5130 τοὺς
2095 5063 2417 5135 φιλοσόφους
2440 5102 2455 5126 ,
2492 5060 2675 5129 μεῖζον
2709 5058 2770 5108 τὸ
2806 5054 2990 5125 θαῦμα
3014 5054 3252 5123 γίνεται,
3291 5055 3522 5125 μάλιστα
3548 5057 3604 5109 δὲ

1945 5156 2073 5209 ὅταν
2100 5153 2193 5206 καί¹
2237 5153 2492 5218 γυναῖκες
2543 5148 2635 5198 καὶ
2679 5142 2855 5197 δοῦλοι
2900 5143 3211 5205 πείθωνται,
3256 5142 3351 5195 καὶ
3391 5143 3477 5195 διὰ
3496 5144 3604 5197 τῶν

1945 5243 2122 5315 ἔργων
2145 5238 2320 5292 ταῦτα
2351 5234 2767 5296 ἐπιδείκνυνται,
2795 5232 2934 5304 ἅπερ
2966 5231 3247 5294 Πλάτωνες
3274 5231 3367 5284 καὶ
3404 5231 3602 5295 πάντες

1947 5334 2142 5385 ἐκεῖνοι
2161 5326 2353 5380 οὐδένα
2398 5326 2580 5375 πεῖσαι
2618 5322 2862 5391 ἴσχυσαν.
2884 5321 2994 5374 Καὶ
3014 5320 3067 5372 τί
3088 5318 3248 5388 λέγω,
3272 5319 3354 5372 ὅτι
3378 5318 3601 5385 οὐδένας

1946 5417 2079 5472 υύδέ
2110 5412 2350 5474 ἐαυτούς.
2385 5411 2506 5463 Ὀτι
2528 5408 2635 5478 γάρ
2677 5408 2972 5479 χρημάτων
3006 5408 3065 5459 οὐ
3107 5406 3187 5458 δεῖ
3224 5406 3601 5474 καταφρονεῖν,

1944 5505 2173 5562 Πλάτων
2245 5500 2461 5564 ἔπεισε,
2532 5496 2802 5566 τοσαύτην
2859 5494 3176 5566 περιουσίαν
3252 5492 3345 5543 καὶ
3401 5488 3603 5559 πλῆθος

1946 5590 2243 5665 χρημάτων
2285 5588 2379 5640 καὶ
2427 5582 2744 5647 δακτυλίους
2801 5580 3033 5654 χρυσοῦς
3077 5579 3169 5632 καὶ
3224 5577 3419 5646 φιάλας
3447 5592 3604 5649 περι.

2009 5709 2037 5738 ⁸
2070 5707 2153 5757 Sic
2196 5704 2541 5765 rescriptum};
2567 5699 2721 5765 tribus
2742 5712 2859 5748 mss.
2889 5704 2944 5765 ει
2971 5696 3155 5765 Βενιι.ξ
3182 5692 3394 5765 Bion“...
3418 5691 3598 5765 τοῦτο(

1946 5755 2093 5821 Emi
2139 5755 2178 5808 'b
2200 5767 2283 5818 Sic
2311 5755 2464 5819 sam.
2493 5764 2666 5815 Morel.
2694 5760 3068 5823 δεσμοφύλακας.
3132 5758 3156 5789 ο
3182 5755 3294 5807 ηδε.
3317 5755 3444 5817 νοῦν,
3471 5755 3596 5808 am

1951 5830 2146 5896 μυρίων.
