  <div class='ocr_page' id='page_1' title='image "/cluster/home/n/w/nwhite01/storage/ocr_20150623/60/hvd.32044019207810/265.png"; bbox 0 0 4100 6354; ppageno 0'>
   <div class='ocr_carea' id='block_1_1' title="bbox 434 202 533 259">
    <p class='ocr_par' dir='ltr' id='par_1_1' title="bbox 434 202 533 259">
     <span class='ocr_line' id='line_1_1' title="bbox 434 202 533 259; baseline -0.03 0"><span class='ocrx_word' id='word_1_1' title='bbox 434 202 533 259; x_wconf 74' lang='lat'>36!</span> 
     </span>
    </p>
   </div>
   <div class='ocr_carea' id='block_1_2' title="bbox 436 301 2113 389">
    <p class='ocr_par' dir='ltr' id='par_1_2' title="bbox 436 301 2113 389">
     <span class='ocr_line' id='line_1_2' title="bbox 436 301 2113 389; baseline -0.011 -14"><span class='ocrx_word' id='word_1_2' title='bbox 436 318 804 389; x_wconf 80' lang='grc' dir='ltr'>ποιησάμενος</span> <span class='ocrx_word' id='word_1_3' title='bbox 821 333 837 347; x_wconf 91' lang='grc'>·</span> <span class='ocrx_word' id='word_1_4' title='bbox 864 316 946 370; x_wconf 85' lang='grc' dir='ltr'>ὅτι</span> <span class='ocrx_word' id='word_1_5' title='bbox 966 314 1023 367; x_wconf 82' lang='grc' dir='ltr'>δὲ</span> <span class='ocrx_word' id='word_1_6' title='bbox 1042 310 1203 382; x_wconf 85' lang='grc' dir='ltr'>δόξης</span> <span class='ocrx_word' id='word_1_7' title='bbox 1224 312 1285 364; x_wconf 86' lang='grc' dir='ltr'>οῦ</span> <span class='ocrx_word' id='word_1_8' title='bbox 1306 311 1413 382; x_wconf 87' lang='grc' dir='ltr'>χρὴ</span> <span class='ocrx_word' id='word_1_9' title='bbox 1445 308 1807 379; x_wconf 79' lang='grc' dir='ltr'>καταφρονεῖν</span> <span class='ocrx_word' id='word_1_10' title='bbox 1834 304 1932 375; x_wconf 79' lang='grc' dir='ltr'>τῆς</span> <span class='ocrx_word' id='word_1_11' title='bbox 1959 301 2113 375; x_wconf 76' lang='grc' dir='ltr'>παρὰ</span> 
     </span>
    </p>
   </div>
   <div class='ocr_carea' id='block_1_3' title="bbox 436 393 2111 475">
    <p class='ocr_par' dir='ltr' id='par_1_3' title="bbox 436 393 2111 475">
     <span class='ocr_line' id='line_1_3' title="bbox 436 393 2111 475; baseline -0.013 -11"><span class='ocrx_word' id='word_1_12' title='bbox 436 411 547 465; x_wconf 75' lang='grc' dir='ltr'>⁶τῶν</span> <span class='ocrx_word' id='word_1_13' title='bbox 578 406 825 470; x_wconf 83' lang='grc' dir='ltr'>πολλῶν,</span> <span class='ocrx_word' id='word_1_14' title='bbox 866 402 1162 475; x_wconf 79' lang='grc' dir='ltr'>Σωκράτης</span> <span class='ocrx_word' id='word_1_15' title='bbox 1202 400 1420 463; x_wconf 83' lang='grc' dir='ltr'>αὐτοῖς,</span> <span class='ocrx_word' id='word_1_16' title='bbox 1468 397 1571 451; x_wconf 79' lang='grc' dir='ltr'>κᾶν</span> <span class='ocrx_word' id='word_1_17' title='bbox 1633 395 1801 467; x_wconf 86' lang='grc' dir='ltr'>μυρία</span> <span class='ocrx_word' id='word_1_18' title='bbox 1849 393 2111 462; x_wconf 73' lang='grc' dir='ltr'>φιλοσοφῇ</span> 
     </span>
    </p>
   </div>
   <div class='ocr_carea' id='block_1_4' title="bbox 440 479 2114 569">
    <p class='ocr_par' dir='ltr' id='par_1_4' title="bbox 440 479 2114 569">
     <span class='ocr_line' id='line_1_4' title="bbox 440 479 2114 569; baseline -0.012 -18"><span class='ocrx_word' id='word_1_19' title='bbox 440 498 573 569; x_wconf 74' lang='grc' dir='ltr'>περὶ</span> <span class='ocrx_word' id='word_1_20' title='bbox 628 496 841 555; x_wconf 89' lang='grc' dir='ltr'>τούτου,</span> <span class='ocrx_word' id='word_1_21' title='bbox 893 492 1174 545; x_wconf 86' lang='grc' dir='ltr'>δείκνυσι·</span> <span class='ocrx_word' id='word_1_22' title='bbox 1217 487 1396 539; x_wconf 78' lang='grc' dir='ltr'>πάντα</span> <span class='ocrx_word' id='word_1_23' title='bbox 1452 484 1562 554; x_wconf 84' lang='grc' dir='ltr'>γὰρ</span> <span class='ocrx_word' id='word_1_24' title='bbox 1604 483 1742 554; x_wconf 78' lang='grc' dir='ltr'>πρὸς</span> <span class='ocrx_word' id='word_1_25' title='bbox 1784 482 1943 569; x_wconf 67' lang='grc' dir='ltr'>δόξαν</span> <span class='ocrx_word' id='word_1_26' title='bbox 1970 479 2114 569; x_wconf 85' lang='grc' dir='ltr'>ὁρῶν</span> 
     </span>
    </p>
   </div>
   <div class='ocr_carea' id='block_1_5' title="bbox 441 566 2116 648">
    <p class='ocr_par' dir='ltr' id='par_1_5' title="bbox 441 566 2116 648">
     <span class='ocr_line' id='line_1_5' title="bbox 441 566 2116 648; baseline -0.011 -9"><span class='ocrx_word' id='word_1_27' title='bbox 441 566 633 639; x_wconf 85' lang='grc' dir='ltr'>ἐποίει.</span> <span class='ocrx_word' id='word_1_28' title='bbox 657 583 767 636; x_wconf 80' lang='grc' dir='ltr'>Καὶ</span> <span class='ocrx_word' id='word_1_29' title='bbox 788 581 840 634; x_wconf 79' lang='grc' dir='ltr'>εἴ</span> <span class='ocrx_word' id='word_1_30' title='bbox 866 597 930 648; x_wconf 88' lang='grc' dir='ltr'>γε</span> <span class='ocrx_word' id='word_1_31' title='bbox 952 578 1061 631; x_wconf 89' lang='grc' dir='ltr'>τῶν</span> <span class='ocrx_word' id='word_1_32' title='bbox 1093 573 1299 628; x_wconf 81' lang='grc' dir='ltr'>ἐκείνου</span> <span class='ocrx_word' id='word_1_33' title='bbox 1321 573 1493 641; x_wconf 91' lang='grc' dir='ltr'>λόγων</span> <span class='ocrx_word' id='word_1_34' title='bbox 1521 572 1774 642; x_wconf 75' lang='grc' dir='ltr'>ἔμπειροι</span> <span class='ocrx_word' id='word_1_35' title='bbox 1799 566 1920 641; x_wconf 85' lang='grc' dir='ltr'>ἦτε,</span> <span class='ocrx_word' id='word_1_36' title='bbox 1947 567 2116 621; x_wconf 80' lang='grc' dir='ltr'>πολὺν</span> 
     </span>
    </p>
   </div>
   <div class='ocr_carea' id='block_1_6' title="bbox 443 654 2116 740">
    <p class='ocr_par' dir='ltr' id='par_1_6' title="bbox 443 654 2116 740">
     <span class='ocr_line' id='line_1_6' title="bbox 443 654 2116 740; baseline -0.012 -13"><span class='ocrx_word' id='word_1_37' title='bbox 443 674 510 727; x_wconf 85' lang='grc' dir='ltr'>ἂν</span> <span class='ocrx_word' id='word_1_38' title='bbox 534 672 624 725; x_wconf 79' lang='grc' dir='ltr'>τὸν</span> <span class='ocrx_word' id='word_1_39' title='bbox 655 671 795 740; x_wconf 82' lang='grc' dir='ltr'>ὑπὲρ</span> <span class='ocrx_word' id='word_1_40' title='bbox 829 667 1037 720; x_wconf 88' lang='grc' dir='ltr'>τούτων</span> <span class='ocrx_word' id='word_1_41' title='bbox 1080 662 1307 732; x_wconf 86' lang='grc' dir='ltr'>ἐκίνησα</span> <span class='ocrx_word' id='word_1_42' title='bbox 1348 660 1505 728; x_wconf 89' lang='grc' dir='ltr'>λόγον</span> <span class='ocrx_word' id='word_1_43' title='bbox 1529 702 1544 725; x_wconf 92' lang='grc'>,</span> <span class='ocrx_word' id='word_1_44' title='bbox 1592 659 1684 711; x_wconf 68' lang='grc' dir='ltr'>καὶ</span> <span class='ocrx_word' id='word_1_45' title='bbox 1713 657 1888 721; x_wconf 78' lang='grc' dir='ltr'>ἔδειξα</span> <span class='ocrx_word' id='word_1_46' title='bbox 1916 654 2116 725; x_wconf 81' lang='grc' dir='ltr'>πολλὴν</span> 
     </span>
    </p>
   </div>
   <div class='ocr_carea' id='block_1_7' title="bbox 444 742 2115 831">
    <p class='ocr_par' dir='ltr' id='par_1_7' title="bbox 444 742 2115 831">
     <span class='ocr_line' id='line_1_7' title="bbox 444 742 2115 831; baseline -0.011 -17"><span class='ocrx_word' id='word_1_47' title='bbox 444 760 582 831; x_wconf 86' lang='grc' dir='ltr'>παρ’</span> <span class='ocrx_word' id='word_1_48' title='bbox 617 759 800 820; x_wconf 79' lang='grc' dir='ltr'>αὐτοῖς</span> <span class='ocrx_word' id='word_1_49' title='bbox 840 757 939 827; x_wconf 83' lang='grc' dir='ltr'>τὴν</span> <span class='ocrx_word' id='word_1_50' title='bbox 972 753 1275 823; x_wconf 81' lang='grc' dir='ltr'>εἰρωνείαν,</span> <span class='ocrx_word' id='word_1_51' title='bbox 1317 749 1372 803; x_wconf 81' lang='grc' dir='ltr'>εἴ</span> <span class='ocrx_word' id='word_1_52' title='bbox 1405 766 1466 818; x_wconf 92' lang='grc' dir='ltr'>γε</span> <span class='ocrx_word' id='word_1_53' title='bbox 1492 742 1573 812; x_wconf 82' lang='grc' dir='ltr'>οἷς</span> <span class='ocrx_word' id='word_1_54' title='bbox 1605 749 1635 801; x_wconf 88' lang='lat'>6</span> <span class='ocrx_word' id='word_1_55' title='bbox 1665 746 1913 817; x_wconf 86' lang='grc' dir='ltr'>μαθητὴς</span> <span class='ocrx_word' id='word_1_56' title='bbox 1949 742 2115 798; x_wconf 79' lang='grc' dir='ltr'>αὑτοῦ</span> 
     </span>
    </p>
   </div>
   <div class='ocr_carea' id='block_1_8' title="bbox 442 833 2118 916">
    <p class='ocr_par' dir='ltr' id='par_1_8' title="bbox 442 833 2118 916">
     <span class='ocr_line' id='line_1_8' title="bbox 442 833 2118 916; baseline -0.01 -15"><span class='ocrx_word' id='word_1_57' title='bbox 442 848 590 916; x_wconf 84' lang='grc' dir='ltr'><strong>λέγει</strong></span> <span class='ocrx_word' id='word_1_58' title='bbox 618 844 904 898; x_wconf 87' lang='grc' dir='ltr'>πείθεσθαι</span> <span class='ocrx_word' id='word_1_59' title='bbox 956 842 1087 912; x_wconf 81' lang='grc' dir='ltr'>χρὴ,</span> <span class='ocrx_word' id='word_1_60' title='bbox 1139 842 1232 894; x_wconf 74' lang='grc' dir='ltr'>καὶ</span> <span class='ocrx_word' id='word_1_61' title='bbox 1271 838 1388 902; x_wconf 89' lang='grc' dir='ltr'>πῶς</span> <span class='ocrx_word' id='word_1_62' title='bbox 1441 837 1552 890; x_wconf 81' lang='grc' dir='ltr'>ἀπὸ</span> <span class='ocrx_word' id='word_1_63' title='bbox 1593 833 1899 899; x_wconf 79' lang='grc' dir='ltr'>κενοδοξίας</span> <span class='ocrx_word' id='word_1_64' title='bbox 1940 833 2118 887; x_wconf 84' lang='grc' dir='ltr'>πάντα</span> 
     </span>
    </p>
   </div>
   <div class='ocr_carea' id='block_1_9' title="bbox 444 924 1592 1005">
    <p class='ocr_par' dir='ltr' id='par_1_9' title="bbox 444 924 1592 1005">
     <span class='ocr_line' id='line_1_9' title="bbox 444 924 1592 1005; baseline -0.011 -16"><span class='ocrx_word' id='word_1_65' title='bbox 444 936 590 1005; x_wconf 82' lang='grc' dir='ltr'>αὐτῷ</span> <span class='ocrx_word' id='word_1_66' title='bbox 619 934 688 986; x_wconf 81' lang='grc' dir='ltr'>τὰ</span> <span class='ocrx_word' id='word_1_67' title='bbox 707 933 1010 1003; x_wconf 87' lang='grc' dir='ltr'>γράμματα</span> <span class='ocrx_word' id='word_1_68' title='bbox 1042 930 1139 999; x_wconf 81' lang='grc' dir='ltr'>τὴν</span> <span class='ocrx_word' id='word_1_69' title='bbox 1170 926 1429 980; x_wconf 84' lang='grc' dir='ltr'>ὑπόθεσιν</span> <span class='ocrx_word' id='word_1_70' title='bbox 1460 924 1592 996; x_wconf 77' lang='grc' dir='ltr'>ἔχει.</span> 
     </span>
    </p>
   </div>
   <div class='ocr_carea' id='block_1_10' title="bbox 527 1007 2120 1099">
    <p class='ocr_par' dir='ltr' id='par_1_10' title="bbox 527 1007 2120 1099">
     <span class='ocr_line' id='line_1_10' title="bbox 527 1007 2120 1099; baseline -0.011 -23"><span class='ocrx_word' id='word_1_71' title='bbox 527 1022 677 1076; x_wconf 82' lang='grc' dir='ltr'>Ἀλλ’</span> <span class='ocrx_word' id='word_1_72' title='bbox 725 1020 967 1081; x_wconf 76' lang='grc' dir='ltr'>ἐκείνους</span> <span class='ocrx_word' id='word_1_73' title='bbox 1014 1017 1263 1086; x_wconf 86' lang='grc' dir='ltr'>ἀφέντες,</span> <span class='ocrx_word' id='word_1_74' title='bbox 1310 1014 1449 1099; x_wconf 69' lang='grc' dir='ltr'>πρὸς</span> <span class='ocrx_word' id='word_1_75' title='bbox 1485 1013 1634 1084; x_wconf 74' lang='grc' dir='ltr'>ἡμᾶς</span> <span class='ocrx_word' id='word_1_76' title='bbox 1675 1009 1873 1099; x_wconf 78' lang='grc' dir='ltr'>αὐτοὺς</span> <span class='ocrx_word' id='word_1_77' title='bbox 1910 1007 2120 1099; x_wconf 76' lang='grc' dir='ltr'>διαλεχ-</span> 
     </span>
    </p>
   </div>
   <div class='ocr_carea' id='block_1_11' title="bbox 445 1096 2120 1183">
    <p class='ocr_par' dir='ltr' id='par_1_11' title="bbox 445 1096 2120 1183">
     <span class='ocr_line' id='line_1_11' title="bbox 445 1096 2120 1183; baseline -0.01 -17"><span class='ocrx_word' id='word_1_78' title='bbox 445 1112 647 1183; x_wconf 82' lang='grc' dir='ltr'>θῶμεν.</span> <span class='ocrx_word' id='word_1_79' title='bbox 695 1108 849 1162; x_wconf 84' lang='grc' dir='ltr'>Μετά</span> <span class='ocrx_word' id='word_1_80' title='bbox 909 1108 1019 1176; x_wconf 86' lang='grc' dir='ltr'>γὰρ</span> <span class='ocrx_word' id='word_1_81' title='bbox 1076 1105 1185 1157; x_wconf 87' lang='grc' dir='ltr'>τῶν</span> <span class='ocrx_word' id='word_1_82' title='bbox 1242 1096 1567 1173; x_wconf 75' lang='grc' dir='ltr'>εἰρημένων,</span> <span class='ocrx_word' id='word_1_83' title='bbox 1625 1100 1720 1153; x_wconf 75' lang='grc' dir='ltr'>καὶ</span> <span class='ocrx_word' id='word_1_84' title='bbox 1772 1098 1927 1151; x_wconf 89' lang='grc' dir='ltr'>τοῦτο</span> <span class='ocrx_word' id='word_1_85' title='bbox 1975 1096 2120 1183; x_wconf 65' lang='grc' dir='ltr'>ἔστιν</span> 
     </span>
    </p>
   </div>
   <div class='ocr_carea' id='block_1_12' title="bbox 445 1180 2121 1267">
    <p class='ocr_par' dir='ltr' id='par_1_12' title="bbox 445 1180 2121 1267">
     <span class='ocr_line' id='line_1_12' title="bbox 445 1180 2121 1267; baseline -0.011 -11"><span class='ocrx_word' id='word_1_86' title='bbox 445 1180 646 1264; x_wconf 81' lang='grc' dir='ltr'>εἰπεῖν,</span> <span class='ocrx_word' id='word_1_87' title='bbox 674 1200 757 1252; x_wconf 86' lang='grc' dir='ltr'>ὃτι</span> <span class='ocrx_word' id='word_1_88' title='bbox 779 1198 875 1250; x_wconf 66' lang='grc' dir='ltr'>καὶ</span> <span class='ocrx_word' id='word_1_89' title='bbox 905 1195 1043 1267; x_wconf 87' lang='grc' dir='ltr'>μετά</span> <span class='ocrx_word' id='word_1_90' title='bbox 1068 1192 1328 1246; x_wconf 82' lang='grc' dir='ltr'>κινδύνων</span> <span class='ocrx_word' id='word_1_91' title='bbox 1356 1191 1530 1243; x_wconf 79' lang='grc' dir='ltr'>ταῦτα</span> <span class='ocrx_word' id='word_1_92' title='bbox 1566 1188 1864 1241; x_wconf 85' lang='grc' dir='ltr'>ἐπείθοντο.</span> <span class='ocrx_word' id='word_1_93' title='bbox 1907 1185 2000 1256; x_wconf 79' lang='grc' dir='ltr'>Μή</span> <span class='ocrx_word' id='word_1_94' title='bbox 2028 1180 2121 1238; x_wconf 81' lang='grc' dir='ltr'>οὖν</span> 
     </span>
    </p>
   </div>
   <div class='ocr_carea' id='block_1_13' title="bbox 444 1273 2123 1359">
    <p class='ocr_par' dir='ltr' id='par_1_13' title="bbox 444 1273 2123 1359">
     <span class='ocr_line' id='line_1_13' title="bbox 444 1273 2123 1359; baseline -0.011 -17"><span class='ocrx_word' id='word_1_95' title='bbox 444 1288 791 1359; x_wconf 89' lang='grc' dir='ltr'>ἀναισχύντει</span> <span class='ocrx_word' id='word_1_96' title='bbox 815 1327 829 1348; x_wconf 93' lang='grc'>,</span> <span class='ocrx_word' id='word_1_97' title='bbox 866 1283 993 1337; x_wconf 80' lang='grc' dir='ltr'>ἀλλ’</span> <span class='ocrx_word' id='word_1_98' title='bbox 1040 1282 1383 1351; x_wconf 77' lang='grc' dir='ltr'>ἐννοήσωμεν</span> <span class='ocrx_word' id='word_1_99' title='bbox 1420 1276 1634 1346; x_wconf 87' lang='grc' dir='ltr'>ἐκείνην</span> <span class='ocrx_word' id='word_1_100' title='bbox 1685 1276 1784 1345; x_wconf 83' lang='grc' dir='ltr'>τὴν</span> <span class='ocrx_word' id='word_1_101' title='bbox 1839 1273 2032 1336; x_wconf 86' lang='grc' dir='ltr'>νύκτα,</span> <span class='ocrx_word' id='word_1_102' title='bbox 2061 1273 2123 1326; x_wconf 85' lang='grc' dir='ltr'>τὸ</span> 
     </span>
    </p>
   </div>
   <div class='ocr_carea' id='block_1_14' title="bbox 449 1362 2124 1442">
    <p class='ocr_par' dir='ltr' id='par_1_14' title="bbox 449 1362 2124 1442">
     <span class='ocr_line' id='line_1_14' title="bbox 449 1362 2124 1442; baseline -0.01 -12"><span class='ocrx_word' id='word_1_103' title='bbox 449 1376 626 1442; x_wconf 80' lang='grc' dir='ltr'>ξύλον,</span> <span class='ocrx_word' id='word_1_104' title='bbox 657 1376 785 1436; x_wconf 78' lang='grc' dir='ltr'>τοὺς</span> <span class='ocrx_word' id='word_1_105' title='bbox 818 1371 1042 1442; x_wconf 76' lang='grc' dir='ltr'>ὕμνους,</span> <span class='ocrx_word' id='word_1_106' title='bbox 1078 1369 1173 1422; x_wconf 70' lang='grc' dir='ltr'>καὶ</span> <span class='ocrx_word' id='word_1_107' title='bbox 1207 1367 1366 1420; x_wconf 86' lang='grc' dir='ltr'>τοῦτο</span> <span class='ocrx_word' id='word_1_108' title='bbox 1404 1368 1575 1418; x_wconf 84' lang='grc' dir='ltr'>ποιεῖν</span> <span class='ocrx_word' id='word_1_109' title='bbox 1612 1362 2001 1432; x_wconf 75' lang='grc' dir='ltr'>σπουδάζωμεν</span> <span class='ocrx_word' id='word_1_110' title='bbox 2030 1363 2124 1415; x_wconf 78' lang='grc' dir='ltr'>καὶ</span> 
     </span>
    </p>
   </div>
   <div class='ocr_carea' id='block_1_15' title="bbox 446 1450 2124 1535">
    <p class='ocr_par' dir='ltr' id='par_1_15' title="bbox 446 1450 2124 1535">
     <span class='ocr_line' id='line_1_15' title="bbox 446 1450 2124 1535; baseline -0.01 -18"><span class='ocrx_word' id='word_1_111' title='bbox 446 1466 646 1535; x_wconf 87' lang='grc' dir='ltr'>ἡμεῖς,</span> <span class='ocrx_word' id='word_1_112' title='bbox 705 1462 801 1515; x_wconf 69' lang='grc' dir='ltr'>καὶ</span> <span class='ocrx_word' id='word_1_113' title='bbox 851 1460 1134 1528; x_wconf 85' lang='grc' dir='ltr'>ἀνοίξομεν</span> <span class='ocrx_word' id='word_1_114' title='bbox 1188 1457 1319 1527; x_wconf 90' lang='grc' dir='ltr'>ἡμῖν</span> <span class='ocrx_word' id='word_1_115' title='bbox 1377 1453 1496 1523; x_wconf 75' lang='grc' dir='ltr'>οὐχὶ</span> <span class='ocrx_word' id='word_1_116' title='bbox 1533 1452 1938 1522; x_wconf 82' lang='grc' dir='ltr'>δεσμωτήριον,</span> <span class='ocrx_word' id='word_1_117' title='bbox 1997 1450 2124 1504; x_wconf 87' lang='grc' dir='ltr'>ἀλλ’</span> 
     </span>
    </p>
   </div>
   <div class='ocr_carea' id='block_1_16' title="bbox 448 1539 2120 1623">
    <p class='ocr_par' dir='ltr' id='par_1_16' title="bbox 448 1539 2120 1623">
     <span class='ocr_line' id='line_1_16' title="bbox 448 1539 2120 1623; baseline -0.01 -16"><span class='ocrx_word' id='word_1_118' title='bbox 448 1552 700 1623; x_wconf 80' lang='grc' dir='ltr'>οὐρανόν.</span> <span class='ocrx_word' id='word_1_119' title='bbox 726 1552 823 1602; x_wconf 72' lang='lat' dir='ltr'>“Av</span> <span class='ocrx_word' id='word_1_120' title='bbox 858 1546 1167 1617; x_wconf 81' lang='grc' dir='ltr'>εὐχώμεθα,</span> <span class='ocrx_word' id='word_1_121' title='bbox 1212 1545 1304 1597; x_wconf 76' lang='grc' dir='ltr'>καὶ</span> <span class='ocrx_word' id='word_1_122' title='bbox 1339 1543 1431 1595; x_wconf 85' lang='grc' dir='ltr'>τὸν</span> <span class='ocrx_word' id='word_1_123' title='bbox 1470 1541 1701 1613; x_wconf 75' lang='grc' dir='ltr'>οὐρανὸν</span> <span class='ocrx_word' id='word_1_124' title='bbox 1728 1540 1935 1605; x_wconf 80' lang='grc' dir='ltr'>ἀνοῖξαι</span> <span class='ocrx_word' id='word_1_125' title='bbox 1959 1539 2120 1609; x_wconf 82' lang='grc' dir='ltr'>δυνη-</span> 
     </span>
    </p>
   </div>
   <div class='ocr_carea' id='block_1_17' title="bbox 451 1626 2119 1711">
    <p class='ocr_par' dir='ltr' id='par_1_17' title="bbox 451 1626 2119 1711">
     <span class='ocr_line' id='line_1_17' title="bbox 451 1626 2119 1711; baseline -0.01 -17"><span class='ocrx_word' id='word_1_126' title='bbox 451 1641 676 1711; x_wconf 90' lang='grc' dir='ltr'>σόμεθα.</span> <span class='ocrx_word' id='word_1_127' title='bbox 715 1637 899 1699; x_wconf 83' lang='grc' dir='ltr'>Ἠλίας</span> <span class='ocrx_word' id='word_1_128' title='bbox 927 1636 1021 1688; x_wconf 61' lang='grc' dir='ltr'>καὶ</span> <span class='ocrx_word' id='word_1_129' title='bbox 1068 1633 1277 1685; x_wconf 73' lang='grc' dir='ltr'>ἔκλεισε</span> <span class='ocrx_word' id='word_1_130' title='bbox 1318 1631 1410 1683; x_wconf 81' lang='grc' dir='ltr'>καὶ</span> <span class='ocrx_word' id='word_1_131' title='bbox 1454 1629 1632 1700; x_wconf 79' lang='grc' dir='ltr'>ἦνοιξε</span> <span class='ocrx_word' id='word_1_132' title='bbox 1669 1629 1760 1681; x_wconf 81' lang='grc' dir='ltr'>τὸν</span> <span class='ocrx_word' id='word_1_133' title='bbox 1796 1626 2026 1698; x_wconf 68' lang='grc' dir='ltr'>οὐρανὸν</span> <span class='ocrx_word' id='word_1_134' title='bbox 2052 1628 2119 1697; x_wconf 71' lang='grc' dir='ltr'>τῇ</span> 
     </span>
    </p>
   </div>
   <div class='ocr_carea' id='block_1_18' title="bbox 450 1714 2120 1797">
    <p class='ocr_par' dir='ltr' id='par_1_18' title="bbox 450 1714 2120 1797">
     <span class='ocr_line' id='line_1_18' title="bbox 450 1714 2120 1797; baseline -0.009 -17"><span class='ocrx_word' id='word_1_135' title='bbox 450 1728 606 1797; x_wconf 79' lang='grc' dir='ltr'>εὐχῇ.</span> <span class='ocrx_word' id='word_1_136' title='bbox 633 1724 789 1777; x_wconf 82' lang='grc' dir='ltr'>Ἐστι</span> <span class='ocrx_word' id='word_1_137' title='bbox 817 1725 911 1775; x_wconf 70' lang='grc' dir='ltr'>καὶ</span> <span class='ocrx_word' id='word_1_138' title='bbox 929 1723 985 1773; x_wconf 86' lang='grc' dir='ltr'>ἐν</span> <span class='ocrx_word' id='word_1_139' title='bbox 1009 1718 1222 1792; x_wconf 83' lang='grc' dir='ltr'>οὐρανῷ</span> <span class='ocrx_word' id='word_1_140' title='bbox 1242 1718 1637 1789; x_wconf 82' lang='grc' dir='ltr'>δεσμωτήριον.</span> <span class='ocrx_word' id='word_1_141' title='bbox 1663 1716 1821 1770; x_wconf 84' lang='grc' dir='ltr'>’Ὀσα</span> <span class='ocrx_word' id='word_1_142' title='bbox 1846 1714 1940 1781; x_wconf 83' lang='grc' dir='ltr'>ἂν,</span> <span class='ocrx_word' id='word_1_143' title='bbox 1965 1715 2120 1783; x_wconf 74' lang='grc' dir='ltr'>φησὶ,</span> 
     </span>
    </p>
   </div>
   <div class='ocr_carea' id='block_1_19' title="bbox 451 1802 2121 1882">
    <p class='ocr_par' dir='ltr' id='par_1_19' title="bbox 451 1802 2121 1882">
     <span class='ocr_line' id='line_1_19' title="bbox 451 1802 2121 1882; baseline -0.007 -13"><span class='ocrx_word' id='word_1_144' title='bbox 451 1815 681 1882; x_wconf 82' lang='grc' dir='ltr'>δήσητε</span> <span class='ocrx_word' id='word_1_145' title='bbox 704 1813 801 1866; x_wconf 76' lang='grc' dir='ltr'>ἐπὶ</span> <span class='ocrx_word' id='word_1_146' title='bbox 830 1808 939 1878; x_wconf 81' lang='grc' dir='ltr'>τῆς</span> <span class='ocrx_word' id='word_1_147' title='bbox 959 1808 1095 1880; x_wconf 75' lang='grc' dir='ltr'>γῆς,</span> <span class='ocrx_word' id='word_1_148' title='bbox 1126 1808 1299 1861; x_wconf 80' lang='grc' dir='ltr'>ἔσται</span> <span class='ocrx_word' id='word_1_149' title='bbox 1336 1805 1624 1874; x_wconf 81' lang='grc' dir='ltr'>δεδεμένα</span> <span class='ocrx_word' id='word_1_150' title='bbox 1659 1805 1729 1857; x_wconf 85' lang='grc' dir='ltr'>ἐν</span> <span class='ocrx_word' id='word_1_151' title='bbox 1761 1802 1840 1869; x_wconf 83' lang='grc' dir='ltr'>τῷ</span> <span class='ocrx_word' id='word_1_152' title='bbox 1864 1802 2121 1871; x_wconf 81' lang='grc' dir='ltr'>οὐρανῷ.</span> 
     </span>
    </p>
   </div>
   <div class='ocr_carea' id='block_1_20' title="bbox 451 1890 2120 1973">
    <p class='ocr_par' dir='ltr' id='par_1_20' title="bbox 451 1890 2120 1973">
     <span class='ocr_line' id='line_1_20' title="bbox 451 1890 2120 1973; baseline -0.008 -17"><span class='ocrx_word' id='word_1_153' title='bbox 451 1901 758 1973; x_wconf 86' lang='grc' dir='ltr'>Εύχώμεθα</span> <span class='ocrx_word' id='word_1_154' title='bbox 808 1900 949 1953; x_wconf 86' lang='grc' dir='ltr'>κατά</span> <span class='ocrx_word' id='word_1_155' title='bbox 993 1897 1184 1961; x_wconf 86' lang='grc' dir='ltr'>νύκτα,</span> <span class='ocrx_word' id='word_1_156' title='bbox 1217 1897 1311 1949; x_wconf 76' lang='grc' dir='ltr'>καὶ</span> <span class='ocrx_word' id='word_1_157' title='bbox 1352 1894 1586 1965; x_wconf 85' lang='grc' dir='ltr'>λύσομεν</span> <span class='ocrx_word' id='word_1_158' title='bbox 1617 1893 1793 1946; x_wconf 88' lang='grc' dir='ltr'>ταῦτα</span> <span class='ocrx_word' id='word_1_159' title='bbox 1823 1890 1892 1945; x_wconf 84' lang='grc' dir='ltr'>τὰ</span> <span class='ocrx_word' id='word_1_160' title='bbox 1924 1892 2120 1961; x_wconf 88' lang='grc' dir='ltr'>δεσμά.</span> 
     </span>
    </p>
   </div>
   <div class='ocr_carea' id='block_1_21' title="bbox 454 1981 2122 2059">
    <p class='ocr_par' dir='ltr' id='par_1_21' title="bbox 454 1981 2122 2059">
     <span class='ocr_line' id='line_1_21' title="bbox 454 1981 2122 2059; baseline -0.007 -15"><span class='ocrx_word' id='word_1_161' title='bbox 454 1991 579 2044; x_wconf 83' lang='grc' dir='ltr'>Ὀτι</span> <span class='ocrx_word' id='word_1_162' title='bbox 607 1990 715 2059; x_wconf 86' lang='grc' dir='ltr'>γὰρ</span> <span class='ocrx_word' id='word_1_163' title='bbox 770 1988 928 2058; x_wconf 78' lang='grc' dir='ltr'>εὐχαὶ</span> <span class='ocrx_word' id='word_1_164' title='bbox 975 1986 1351 2057; x_wconf 82' lang='grc' dir='ltr'>ἁμαρτήματα</span> <span class='ocrx_word' id='word_1_165' title='bbox 1400 1981 1607 2048; x_wconf 81' lang='grc' dir='ltr'>λύουσι,</span> <span class='ocrx_word' id='word_1_166' title='bbox 1651 1981 1886 2034; x_wconf 82' lang='grc' dir='ltr'>πειθέτω</span> <span class='ocrx_word' id='word_1_167' title='bbox 1916 1982 2122 2052; x_wconf 84' lang='grc' dir='ltr'>ἡμᾶςὴ</span> 
     </span>
    </p>
   </div>
   <div class='ocr_carea' id='block_1_22' title="bbox 451 2068 2128 2149">
    <p class='ocr_par' dir='ltr' id='par_1_22' title="bbox 451 2068 2128 2149">
     <span class='ocr_line' id='line_1_22' title="bbox 451 2068 2128 2149; baseline -0.007 -18"><span class='ocrx_word' id='word_1_168' title='bbox 451 2079 623 2149; x_wconf 86' lang='grc' dir='ltr'>χήρα,</span> <span class='ocrx_word' id='word_1_169' title='bbox 665 2076 900 2128; x_wconf 81' lang='grc' dir='ltr'>πειθέτω</span> <span class='ocrx_word' id='word_1_170' title='bbox 948 2075 1096 2144; x_wconf 82' lang='grc' dir='ltr'>ἡμᾶς</span> <span class='ocrx_word' id='word_1_171' title='bbox 1131 2075 1338 2134; x_wconf 85' lang='grc' dir='ltr'>ἐκεῖνος</span> <span class='ocrx_word' id='word_1_172' title='bbox 1367 2072 1396 2124; x_wconf 98' lang='lat'>6</span> <span class='ocrx_word' id='word_1_173' title='bbox 1445 2071 1596 2139; x_wconf 80' lang='grc' dir='ltr'>φίλος</span> <span class='ocrx_word' id='word_1_174' title='bbox 1629 2072 1658 2123; x_wconf 94' lang='lat'>6</span> <span class='ocrx_word' id='word_1_175' title='bbox 1692 2070 1832 2140; x_wconf 77' lang='grc' dir='ltr'>ἀωρὶ</span> <span class='ocrx_word' id='word_1_176' title='bbox 1852 2068 1959 2122; x_wconf 85' lang='grc' dir='ltr'>τῶν</span> <span class='ocrx_word' id='word_1_177' title='bbox 1993 2086 2128 2122; x_wconf 80' lang='grc' dir='ltr'>νυκ-</span> 
     </span>
    </p>
   </div>
   <div class='ocr_carea' id='block_1_23' title="bbox 451 2156 2124 2234">
    <p class='ocr_par' dir='ltr' id='par_1_23' title="bbox 451 2156 2124 2234">
     <span class='ocr_line' id='line_1_23' title="bbox 451 2156 2124 2234; baseline -0.007 -14"><span class='ocrx_word' id='word_1_178' title='bbox 451 2168 563 2221; x_wconf 88' lang='grc' dir='ltr'>τῶν</span> <span class='ocrx_word' id='word_1_179' title='bbox 599 2164 872 2234; x_wconf 74' lang='grc' dir='ltr'>ἐπιμένων</span> <span class='ocrx_word' id='word_1_180' title='bbox 918 2163 1013 2216; x_wconf 75' lang='grc' dir='ltr'>καὶ</span> <span class='ocrx_word' id='word_1_181' title='bbox 1052 2160 1286 2233; x_wconf 89' lang='grc' dir='ltr'>κρούων,</span> <span class='ocrx_word' id='word_1_182' title='bbox 1338 2157 1571 2211; x_wconf 83' lang='grc' dir='ltr'>πειθέτω</span> <span class='ocrx_word' id='word_1_183' title='bbox 1611 2160 1760 2228; x_wconf 84' lang='grc' dir='ltr'>ἡμᾶς</span> <span class='ocrx_word' id='word_1_184' title='bbox 1788 2156 2124 2229; x_wconf 84' lang='grc' dir='ltr'>Κορνήλιος·</span> 
     </span>
    </p>
   </div>
   <div class='ocr_carea' id='block_1_24' title="bbox 453 2247 2128 2323">
    <p class='ocr_par' dir='ltr' id='par_1_24' title="bbox 453 2247 2128 2323">
     <span class='ocr_line' id='line_1_24' title="bbox 453 2247 2128 2323; baseline -0.007 -13"><span class='ocrx_word' id='word_1_185' title='bbox 453 2258 525 2311; x_wconf 79' lang='lat' dir='ltr'><strong><em>Al</em></strong></span> <span class='ocrx_word' id='word_1_186' title='bbox 544 2252 877 2323; x_wconf 83' lang='grc' dir='ltr'>προσευχαί</span> <span class='ocrx_word' id='word_1_187' title='bbox 904 2268 1020 2305; x_wconf 90' lang='grc' dir='ltr'>σου</span> <span class='ocrx_word' id='word_1_188' title='bbox 1036 2251 1164 2320; x_wconf 82' lang='grc' dir='ltr'>γὰρ.</span> <span class='ocrx_word' id='word_1_189' title='bbox 1197 2248 1351 2317; x_wconf 75' lang='grc' dir='ltr'>φησὶ,</span> <span class='ocrx_word' id='word_1_190' title='bbox 1369 2248 1467 2301; x_wconf 86' lang='grc' dir='ltr'>καί</span> <span class='ocrx_word' id='word_1_191' title='bbox 1494 2249 1554 2300; x_wconf 83' lang='lat' dir='ltr'>al</span> <span class='ocrx_word' id='word_1_192' title='bbox 1585 2247 1989 2315; x_wconf 78' lang='grc' dir='ltr'>ἐλεημοσύναι</span> <span class='ocrx_word' id='word_1_193' title='bbox 2011 2261 2128 2299; x_wconf 87' lang='grc' dir='ltr'>σου</span> 
     </span>
    </p>
   </div>
   <div class='ocr_carea' id='block_1_25' title="bbox 454 2332 2127 2409">
    <p class='ocr_par' dir='ltr' id='par_1_25' title="bbox 454 2332 2127 2409">
     <span class='ocr_line' id='line_1_25' title="bbox 454 2332 2127 2409; baseline -0.008 -11"><span class='ocrx_word' id='word_1_194' title='bbox 454 2342 762 2409; x_wconf 81' lang='grc' dir='ltr'>ἀνέϐησαν</span> <span class='ocrx_word' id='word_1_195' title='bbox 784 2339 1043 2394; x_wconf 84' lang='grc' dir='ltr'>ἐνώπιον</span> <span class='ocrx_word' id='word_1_196' title='bbox 1066 2338 1173 2391; x_wconf 85' lang='grc' dir='ltr'>τοῦ</span> <span class='ocrx_word' id='word_1_197' title='bbox 1207 2336 1356 2391; x_wconf 83' lang='grc' dir='ltr'>Θεοῦ</span> <span class='ocrx_word' id='word_1_198' title='bbox 1380 2351 1395 2367; x_wconf 84' lang='lat'><strong><em>°</em></strong></span> <span class='ocrx_word' id='word_1_199' title='bbox 1441 2334 1678 2389; x_wconf 82' lang='grc' dir='ltr'>πειθέτω</span> <span class='ocrx_word' id='word_1_200' title='bbox 1724 2335 1872 2404; x_wconf 79' lang='grc' dir='ltr'>ἡμᾶς</span> <span class='ocrx_word' id='word_1_201' title='bbox 1893 2332 2127 2398; x_wconf 79' lang='grc' dir='ltr'>Παῦλος,</span> 
     </span>
    </p>
   </div>
   <div class='ocr_carea' id='block_1_26' title="bbox 453 2422 2132 2501">
    <p class='ocr_par' dir='ltr' id='par_1_26' title="bbox 453 2422 2132 2501">
     <span class='ocr_line' id='line_1_26' title="bbox 453 2422 2132 2501; baseline -0.006 -15"><span class='ocrx_word' id='word_1_202' title='bbox 453 2433 630 2501; x_wconf 89' lang='grc' dir='ltr'>λέγων</span> <span class='ocrx_word' id='word_1_203' title='bbox 651 2447 665 2463; x_wconf 72' lang='grc' dir='ltr'><strong><em>ο</em></strong></span> <span class='ocrx_word' id='word_1_204' title='bbox 715 2431 779 2483; x_wconf 85' lang='grc' dir='ltr'><strong><em>Ἠ</em></strong></span> <span class='ocrx_word' id='word_1_205' title='bbox 817 2429 885 2481; x_wconf 88' lang='grc' dir='ltr'>δὲ</span> <span class='ocrx_word' id='word_1_206' title='bbox 913 2429 1100 2492; x_wconf 82' lang='grc' dir='ltr'>ὄντως</span> <span class='ocrx_word' id='word_1_207' title='bbox 1137 2426 1294 2495; x_wconf 82' lang='grc' dir='ltr'>χήρα</span> <span class='ocrx_word' id='word_1_208' title='bbox 1322 2424 1422 2478; x_wconf 80' lang='grc' dir='ltr'>καί</span> <span class='ocrx_word' id='word_1_209' title='bbox 1451 2422 1840 2493; x_wconf 83' lang='grc' dir='ltr'>μεμονωμένη</span> <span class='ocrx_word' id='word_1_210' title='bbox 1870 2422 2132 2491; x_wconf 78' lang='grc' dir='ltr'>ἤλπικεν</span> 
     </span>
    </p>
   </div>
   <div class='ocr_carea' id='block_1_27' title="bbox 455 2511 2131 2583">
    <p class='ocr_par' dir='ltr' id='par_1_27' title="bbox 455 2511 2131 2583">
     <span class='ocr_line' id='line_1_27' title="bbox 455 2511 2131 2583; baseline -0.006 -8"><span class='ocrx_word' id='word_1_211' title='bbox 455 2522 553 2575; x_wconf 77' lang='grc' dir='ltr'>ἐπὶ</span> <span class='ocrx_word' id='word_1_212' title='bbox 583 2518 689 2574; x_wconf 86' lang='grc' dir='ltr'>τὸν</span> <span class='ocrx_word' id='word_1_213' title='bbox 711 2518 859 2572; x_wconf 86' lang='grc' dir='ltr'>Θεὸν</span> <span class='ocrx_word' id='word_1_214' title='bbox 884 2518 983 2571; x_wconf 80' lang='grc' dir='ltr'>καὶ</span> <span class='ocrx_word' id='word_1_215' title='bbox 1014 2514 1337 2583; x_wconf 82' lang='grc' dir='ltr'>προσμένει</span> <span class='ocrx_word' id='word_1_216' title='bbox 1359 2513 1487 2578; x_wconf 83' lang='grc' dir='ltr'>ταῖς</span> <span class='ocrx_word' id='word_1_217' title='bbox 1508 2511 1759 2578; x_wconf 84' lang='grc' dir='ltr'>δεήσεσι</span> <span class='ocrx_word' id='word_1_218' title='bbox 1781 2511 2004 2576; x_wconf 84' lang='grc' dir='ltr'>νυκτὸς</span> <span class='ocrx_word' id='word_1_219' title='bbox 2031 2512 2131 2565; x_wconf 76' lang='grc' dir='ltr'>καὶ</span> 
     </span>
    </p>
   </div>
   <div class='ocr_carea' id='block_1_28' title="bbox 459 2598 2132 2679">
    <p class='ocr_par' dir='ltr' id='par_1_28' title="bbox 459 2598 2132 2679">
     <span class='ocr_line' id='line_1_28' title="bbox 459 2598 2132 2679; baseline -0.007 -16"><span class='ocrx_word' id='word_1_220' title='bbox 459 2609 700 2679; x_wconf 72' lang='grc' dir='ltr'>ἡμέρας.</span> <span class='ocrx_word' id='word_1_221' title='bbox 730 2608 793 2660; x_wconf 86' lang='grc' dir='ltr'>Εἰ</span> <span class='ocrx_word' id='word_1_222' title='bbox 828 2607 959 2676; x_wconf 74' lang='grc' dir='ltr'>περὶ</span> <span class='ocrx_word' id='word_1_223' title='bbox 998 2606 1174 2673; x_wconf 87' lang='grc' dir='ltr'>χήρας</span> <span class='ocrx_word' id='word_1_224' title='bbox 1205 2604 1410 2664; x_wconf 82' lang='grc' dir='ltr'>ἐκεῖνος</span> <span class='ocrx_word' id='word_1_225' title='bbox 1452 2601 1510 2652; x_wconf 80' lang='grc' dir='ltr'>δὲ</span> <span class='ocrx_word' id='word_1_226' title='bbox 1543 2599 1715 2652; x_wconf 84' lang='grc' dir='ltr'>ταῦτα</span> <span class='ocrx_word' id='word_1_227' title='bbox 1755 2598 1926 2667; x_wconf 90' lang='grc' dir='ltr'>λέγει,</span> <span class='ocrx_word' id='word_1_228' title='bbox 1968 2599 2132 2652; x_wconf 76' lang='grc' dir='ltr'>ἀσθεο</span> 
     </span>
    </p>
   </div>
   <div class='ocr_carea' id='block_1_29' title="bbox 459 2687 1741 2763">
    <p class='ocr_par' dir='ltr' id='par_1_29' title="bbox 459 2687 1741 2763">
     <span class='ocr_line' id='line_1_29' title="bbox 459 2687 1741 2763; baseline -0.008 -14"><span class='ocrx_word' id='word_1_229' title='bbox 459 2696 584 2758; x_wconf 82' lang='grc' dir='ltr'>νοῦς</span> <span class='ocrx_word' id='word_1_230' title='bbox 610 2692 889 2763; x_wconf 85' lang='grc' dir='ltr'>γυναικὸς,</span> <span class='ocrx_word' id='word_1_231' title='bbox 923 2690 1104 2761; x_wconf 92' lang='grc' dir='ltr'>πολλῷ</span> <span class='ocrx_word' id='word_1_232' title='bbox 1131 2689 1330 2760; x_wconf 83' lang='grc' dir='ltr'>μᾶλλον</span> <span class='ocrx_word' id='word_1_233' title='bbox 1361 2688 1490 2758; x_wconf 72' lang='grc' dir='ltr'>περὶ</span> <span class='ocrx_word' id='word_1_234' title='bbox 1512 2687 1741 2757; x_wconf 88' lang='grc' dir='ltr'>ἀνδρῶν.</span> 
     </span>
    </p>
   </div>
   <div class='ocr_carea' id='block_1_30' title="bbox 531 2772 2137 2851">
    <p class='ocr_par' dir='ltr' id='par_1_30' title="bbox 531 2772 2137 2851">
     <span class='ocr_line' id='line_1_30' title="bbox 531 2772 2137 2851; baseline -0.006 -15"><span class='ocrx_word' id='word_1_235' title='bbox 531 2783 642 2836; x_wconf 69' lang='grc' dir='ltr'>Καὶ</span> <span class='ocrx_word' id='word_1_236' title='bbox 672 2781 774 2851; x_wconf 76' lang='grc' dir='ltr'>ήδη</span> <span class='ocrx_word' id='word_1_237' title='bbox 799 2778 1077 2849; x_wconf 81' lang='grc' dir='ltr'>διελέχθην</span> <span class='ocrx_word' id='word_1_238' title='bbox 1108 2778 1258 2847; x_wconf 84' lang='grc' dir='ltr'>ύμῖν,</span> <span class='ocrx_word' id='word_1_239' title='bbox 1300 2776 1396 2829; x_wconf 77' lang='grc' dir='ltr'>καὶ</span> <span class='ocrx_word' id='word_1_240' title='bbox 1430 2774 1525 2827; x_wconf 87' lang='grc' dir='ltr'>νῦν</span> <span class='ocrx_word' id='word_1_241' title='bbox 1568 2774 1696 2846; x_wconf 79' lang='grc' dir='ltr'>ἐρῶ·</span> <span class='ocrx_word' id='word_1_242' title='bbox 1725 2772 2137 2845; x_wconf 83' lang='grc' dir='ltr'>Διεγειρώμεθα</span> 
     </span>
    </p>
   </div>
   <div class='ocr_carea' id='block_1_31' title="bbox 461 2864 2141 2943">
    <p class='ocr_par' dir='ltr' id='par_1_31' title="bbox 461 2864 2141 2943">
     <span class='ocr_line' id='line_1_31' title="bbox 461 2864 2141 2943; baseline -0.005 -18"><span class='ocrx_word' id='word_1_243' title='bbox 461 2873 560 2943; x_wconf 79' lang='grc' dir='ltr'>τὴν</span> <span class='ocrx_word' id='word_1_244' title='bbox 574 2869 764 2923; x_wconf 89' lang='grc' dir='ltr'>νύκτα·</span> <span class='ocrx_word' id='word_1_245' title='bbox 792 2868 894 2923; x_wconf 78' lang='grc' dir='ltr'>κᾶν</span> <span class='ocrx_word' id='word_1_246' title='bbox 917 2869 991 2939; x_wconf 81' lang='grc' dir='ltr'>μὴ</span> <span class='ocrx_word' id='word_1_247' title='bbox 1010 2866 1209 2930; x_wconf 84' lang='grc' dir='ltr'>πολλάς</span> <span class='ocrx_word' id='word_1_248' title='bbox 1224 2866 1387 2937; x_wconf 79' lang='grc' dir='ltr'>εὐχὰς</span> <span class='ocrx_word' id='word_1_249' title='bbox 1415 2867 1595 2935; x_wconf 78' lang='grc' dir='ltr'>ποιῆς,</span> <span class='ocrx_word' id='word_1_250' title='bbox 1633 2865 1763 2935; x_wconf 88' lang='grc' dir='ltr'>μίαν</span> <span class='ocrx_word' id='word_1_251' title='bbox 1787 2864 2011 2935; x_wconf 91' lang='grc' dir='ltr'>ποίησον</span> <span class='ocrx_word' id='word_1_252' title='bbox 2044 2880 2141 2934; x_wconf 78' lang='grc' dir='ltr'>με·</span> 
     </span>
    </p>
   </div>
   <div class='ocr_carea' id='block_1_32' title="bbox 461 2952 2137 3030">
    <p class='ocr_par' dir='ltr' id='par_1_32' title="bbox 461 2952 2137 3030">
     <span class='ocr_line' id='line_1_32' title="bbox 461 2952 2137 3030; baseline -0.004 -17"><span class='ocrx_word' id='word_1_253' title='bbox 461 2960 529 3013; x_wconf 81' lang='grc' dir='ltr'>τά</span> <span class='ocrx_word' id='word_1_254' title='bbox 556 2957 789 3030; x_wconf 75' lang='grc' dir='ltr'>νήψεως,</span> <span class='ocrx_word' id='word_1_255' title='bbox 818 2956 911 3010; x_wconf 77' lang='grc' dir='ltr'>καὶ</span> <span class='ocrx_word' id='word_1_256' title='bbox 939 2957 1117 3029; x_wconf 83' lang='grc' dir='ltr'>ἀρκεῖ·</span> <span class='ocrx_word' id='word_1_257' title='bbox 1149 2954 1302 3007; x_wconf 78' lang='grc' dir='ltr'>οὐδὲν</span> <span class='ocrx_word' id='word_1_258' title='bbox 1330 2952 1494 3007; x_wconf 83' lang='grc' dir='ltr'>πλέον</span> <span class='ocrx_word' id='word_1_259' title='bbox 1543 2952 1781 3006; x_wconf 83' lang='grc' dir='ltr'>ἀπαιτῶ·</span> <span class='ocrx_word' id='word_1_260' title='bbox 1806 2953 1908 3006; x_wconf 82' lang='grc' dir='ltr'>κάν</span> <span class='ocrx_word' id='word_1_261' title='bbox 1933 2952 2008 3024; x_wconf 82' lang='grc' dir='ltr'>μὴ</span> <span class='ocrx_word' id='word_1_262' title='bbox 2041 2970 2137 3024; x_wconf 83' lang='grc' dir='ltr'>με-</span> 
     </span>
    </p>
   </div>
   <div class='ocr_carea' id='block_1_33' title="bbox 466 3040 2140 3116">
    <p class='ocr_par' dir='ltr' id='par_1_33' title="bbox 466 3040 2140 3116">
     <span class='ocr_line' id='line_1_33' title="bbox 466 3040 2140 3116; baseline -0.004 -16"><span class='ocrx_word' id='word_1_263' title='bbox 466 3046 769 3110; x_wconf 87' lang='grc' dir='ltr'>σονύκτιον,</span> <span class='ocrx_word' id='word_1_264' title='bbox 803 3045 939 3116; x_wconf 76' lang='grc' dir='ltr'>πρὸς</span> <span class='ocrx_word' id='word_1_265' title='bbox 980 3044 1141 3097; x_wconf 78' lang='grc' dir='ltr'>αὑτὸν</span> <span class='ocrx_word' id='word_1_266' title='bbox 1171 3042 1304 3110; x_wconf 90' lang='grc' dir='ltr'>γοῦν</span> <span class='ocrx_word' id='word_1_267' title='bbox 1337 3041 1427 3095; x_wconf 84' lang='grc' dir='ltr'>τὸν</span> <span class='ocrx_word' id='word_1_268' title='bbox 1459 3042 1674 3114; x_wconf 84' lang='grc' dir='ltr'>ὄρθρον.</span> <span class='ocrx_word' id='word_1_269' title='bbox 1704 3040 1907 3108; x_wconf 77' lang='grc' dir='ltr'>Δεῖξον,</span> <span class='ocrx_word' id='word_1_270' title='bbox 1954 3042 2037 3094; x_wconf 84' lang='grc' dir='ltr'>ὃτι</span> <span class='ocrx_word' id='word_1_271' title='bbox 2077 3042 2140 3095; x_wconf 85' lang='grc' dir='ltr'>οῦ</span> 
     </span>
    </p>
   </div>
   <div class='ocr_carea' id='block_1_34' title="bbox 463 3130 2140 3207">
    <p class='ocr_par' dir='ltr' id='par_1_34' title="bbox 463 3130 2140 3207">
     <span class='ocr_line' id='line_1_34' title="bbox 463 3130 2140 3207; baseline -0.004 -16"><span class='ocrx_word' id='word_1_272' title='bbox 463 3136 559 3191; x_wconf 84' lang='grc' dir='ltr'>τοῦ</span> <span class='ocrx_word' id='word_1_273' title='bbox 591 3134 842 3207; x_wconf 85' lang='grc' dir='ltr'>σώματος</span> <span class='ocrx_word' id='word_1_274' title='bbox 886 3135 1048 3204; x_wconf 88' lang='grc' dir='ltr'>μόνον</span> <span class='ocrx_word' id='word_1_275' title='bbox 1092 3133 1240 3186; x_wconf 75' lang='grc' dir='ltr'>ἐστὶν</span> <span class='ocrx_word' id='word_1_276' title='bbox 1286 3130 1464 3203; x_wconf 81' lang='grc' dir='ltr'>ἡνῦξ,</span> <span class='ocrx_word' id='word_1_277' title='bbox 1494 3130 1632 3184; x_wconf 76' lang='grc' dir='ltr'>ἀλλὰ</span> <span class='ocrx_word' id='word_1_278' title='bbox 1680 3132 1775 3184; x_wconf 73' lang='grc' dir='ltr'>καὶ</span> <span class='ocrx_word' id='word_1_279' title='bbox 1802 3131 1902 3201; x_wconf 81' lang='grc' dir='ltr'>τῆς</span> <span class='ocrx_word' id='word_1_280' title='bbox 1941 3130 2140 3201; x_wconf 79' lang='grc' dir='ltr'>ψυχῆς·</span> 
     </span>
    </p>
   </div>
   <div class='ocr_carea' id='block_1_35' title="bbox 470 3219 2144 3298">
    <p class='ocr_par' dir='ltr' id='par_1_35' title="bbox 470 3219 2144 3298">
     <span class='ocr_line' id='line_1_35' title="bbox 470 3219 2144 3298; baseline -0.005 -18"><span class='ocrx_word' id='word_1_281' title='bbox 470 3227 545 3298; x_wconf 86' lang='grc' dir='ltr'>μή</span> <span class='ocrx_word' id='word_1_282' title='bbox 573 3226 786 3298; x_wconf 81' lang='grc' dir='ltr'>ἀνάσχῃ</span> <span class='ocrx_word' id='word_1_283' title='bbox 828 3221 1116 3293; x_wconf 86' lang='grc' dir='ltr'>παρελθεῖν</span> <span class='ocrx_word' id='word_1_284' title='bbox 1166 3221 1338 3293; x_wconf 82' lang='grc' dir='ltr'>αὐτὴν</span> <span class='ocrx_word' id='word_1_285' title='bbox 1381 3220 1588 3293; x_wconf 89' lang='grc' dir='ltr'>ἀργῶς,</span> <span class='ocrx_word' id='word_1_286' title='bbox 1642 3220 1754 3274; x_wconf 89' lang='grc' dir='ltr'>ἀλλ’</span> <span class='ocrx_word' id='word_1_287' title='bbox 1777 3219 2005 3289; x_wconf 78' lang='grc' dir='ltr'>ἄμειψαι</span> <span class='ocrx_word' id='word_1_288' title='bbox 2051 3219 2144 3273; x_wconf 86' lang='grc' dir='ltr'>τὸν</span> 
     </span>
    </p>
   </div>
   <div class='ocr_carea' id='block_1_36' title="bbox 467 3308 2144 3387">
    <p class='ocr_par' dir='ltr' id='par_1_36' title="bbox 467 3308 2144 3387">
     <span class='ocr_line' id='line_1_36' title="bbox 467 3308 2144 3387; baseline -0.005 -16"><span class='ocrx_word' id='word_1_289' title='bbox 467 3317 744 3387; x_wconf 88' lang='grc' dir='ltr'>Δεσπότην</span> <span class='ocrx_word' id='word_1_290' title='bbox 772 3314 1006 3385; x_wconf 76' lang='grc' dir='ltr'>ἀμοιϐὴν</span> <span class='ocrx_word' id='word_1_291' title='bbox 1036 3310 1269 3383; x_wconf 83' lang='grc' dir='ltr'>ταύτην·</span> <span class='ocrx_word' id='word_1_292' title='bbox 1306 3310 1507 3381; x_wconf 82' lang='grc' dir='ltr'>μᾶλλον</span> <span class='ocrx_word' id='word_1_293' title='bbox 1539 3310 1597 3363; x_wconf 80' lang='grc' dir='ltr'>δὲ</span> <span class='ocrx_word' id='word_1_294' title='bbox 1629 3310 1723 3364; x_wconf 75' lang='grc' dir='ltr'>καὶ</span> <span class='ocrx_word' id='word_1_295' title='bbox 1781 3308 1919 3379; x_wconf 81' lang='grc' dir='ltr'>αὐτὴ</span> <span class='ocrx_word' id='word_1_296' title='bbox 1952 3309 2031 3373; x_wconf 90' lang='grc' dir='ltr'>εἰς</span> <span class='ocrx_word' id='word_1_297' title='bbox 2085 3309 2144 3362; x_wconf 83' lang='grc' dir='ltr'>σὲ</span> 
     </span>
    </p>
   </div>
   <div class='ocr_carea' id='block_1_37' title="bbox 469 3388 2146 3478">
    <p class='ocr_par' dir='ltr' id='par_1_37' title="bbox 469 3388 2146 3478">
     <span class='ocr_line' id='line_1_37' title="bbox 469 3388 2146 3478; baseline -0.006 -17"><span class='ocrx_word' id='word_1_298' title='bbox 469 3408 817 3478; x_wconf 82' lang='grc' dir='ltr'>περιέρχεται</span> <span class='ocrx_word' id='word_1_299' title='bbox 843 3416 891 3458; x_wconf 73' lang='grc' dir='ltr'>α.</span> <span class='ocrx_word' id='word_1_300' title='bbox 920 3403 1054 3456; x_wconf 84' lang='grc' dir='ltr'>Εἰπέ</span> <span class='ocrx_word' id='word_1_301' title='bbox 1083 3403 1145 3473; x_wconf 83' lang='grc' dir='ltr'>δή</span> <span class='ocrx_word' id='word_1_302' title='bbox 1186 3419 1300 3471; x_wconf 90' lang='grc' dir='ltr'>μοι,</span> <span class='ocrx_word' id='word_1_303' title='bbox 1332 3402 1379 3454; x_wconf 81' lang='grc' dir='ltr'>εἰ</span> <span class='ocrx_word' id='word_1_304' title='bbox 1414 3388 1705 3471; x_wconf 82' lang='grc' dir='ltr'>πράγματι</span> <span class='ocrx_word' id='word_1_305' title='bbox 1753 3398 2146 3471; x_wconf 87' lang='grc' dir='ltr'>περιπέσοιμεν</span> 
     </span>
    </p>
   </div>
   <div class='ocr_carea' id='block_1_38' title="bbox 468 3485 2147 3566">
    <p class='ocr_par' dir='ltr' id='par_1_38' title="bbox 468 3485 2147 3566">
     <span class='ocr_line' id='line_1_38' title="bbox 468 3485 2147 3566; baseline -0.004 -20"><span class='ocrx_word' id='word_1_306' title='bbox 468 3492 712 3566; x_wconf 83' lang='grc' dir='ltr'>χαλεπῷ,</span> <span class='ocrx_word' id='word_1_307' title='bbox 746 3492 868 3544; x_wconf 88' lang='grc' dir='ltr'>τίνα</span> <span class='ocrx_word' id='word_1_308' title='bbox 889 3490 988 3542; x_wconf 84' lang='grc' dir='ltr'>οῦκ</span> <span class='ocrx_word' id='word_1_309' title='bbox 1017 3488 1309 3559; x_wconf 85' lang='grc' dir='ltr'>ἀξιοῦμεν;</span> <span class='ocrx_word' id='word_1_310' title='bbox 1363 3485 1466 3540; x_wconf 82' lang='grc' dir='ltr'>κᾶν</span> <span class='ocrx_word' id='word_1_311' title='bbox 1499 3487 1708 3556; x_wconf 82' lang='grc' dir='ltr'>ταχέως</span> <span class='ocrx_word' id='word_1_312' title='bbox 1750 3487 1848 3556; x_wconf 79' lang='grc' dir='ltr'>τῆς</span> <span class='ocrx_word' id='word_1_313' title='bbox 1878 3486 2147 3557; x_wconf 76' lang='grc' dir='ltr'>αἰτήσεως</span> 
     </span>
    </p>
   </div>
   <div class='ocr_carea' id='block_1_39' title="bbox 469 3570 2148 3651">
    <p class='ocr_par' dir='ltr' id='par_1_39' title="bbox 469 3570 2148 3651">
     <span class='ocr_line' id='line_1_39' title="bbox 469 3570 2148 3651; baseline -0.005 -16"><span class='ocrx_word' id='word_1_314' title='bbox 469 3581 744 3651; x_wconf 86' lang='grc' dir='ltr'>τύχωμεν,</span> <span class='ocrx_word' id='word_1_315' title='bbox 801 3577 1165 3647; x_wconf 87' lang='grc' dir='ltr'>ἀναπνέομεν.</span> <span class='ocrx_word' id='word_1_316' title='bbox 1214 3574 1312 3636; x_wconf 89' lang='grc' dir='ltr'>Τίς</span> <span class='ocrx_word' id='word_1_317' title='bbox 1349 3592 1430 3651; x_wconf 68' lang='grc' dir='ltr'>σοι</span> <span class='ocrx_word' id='word_1_318' title='bbox 1481 3574 1556 3643; x_wconf 85' lang='grc' dir='ltr'>δῷ</span> <span class='ocrx_word' id='word_1_319' title='bbox 1597 3574 1812 3644; x_wconf 75' lang='grc' dir='ltr'>ἕτοιμον</span> <span class='ocrx_word' id='word_1_320' title='bbox 1876 3570 2017 3628; x_wconf 75' lang='grc' dir='ltr'>εἶναι</span> <span class='ocrx_word' id='word_1_321' title='bbox 2059 3575 2148 3627; x_wconf 86' lang='grc' dir='ltr'>τὸν</span> 
     </span>
    </p>
   </div>
   <div class='ocr_carea' id='block_1_40' title="bbox 471 3644 2149 3735">
    <p class='ocr_par' dir='ltr' id='par_1_40' title="bbox 471 3644 2149 3735">
     <span class='ocr_line' id='line_1_40' title="bbox 471 3644 2149 3735; baseline -0.005 -15"><span class='ocrx_word' id='word_1_322' title='bbox 471 3644 790 3735; x_wconf 69' lang='grc' dir='ltr'>ἀξιούμενον</span> <span class='ocrx_word' id='word_1_323' title='bbox 824 3664 987 3734; x_wconf 86' lang='grc' dir='ltr'>χάριν</span> <span class='ocrx_word' id='word_1_324' title='bbox 1016 3644 1097 3715; x_wconf 80' lang='grc' dir='ltr'>σοι</span> <span class='ocrx_word' id='word_1_325' title='bbox 1134 3661 1279 3731; x_wconf 76' lang='grc' dir='ltr'>ἔχειν</span> <span class='ocrx_word' id='word_1_326' title='bbox 1333 3644 1431 3714; x_wconf 55' lang='grc' dir='ltr'>ὃτιῗ</span> <span class='ocrx_word' id='word_1_327' title='bbox 1468 3661 1677 3727; x_wconf 85' lang='grc' dir='ltr'>ἀξιοῖς;</span> <span class='ocrx_word' id='word_1_328' title='bbox 1709 3660 1792 3723; x_wconf 83' lang='grc' dir='ltr'>τίς</span> <span class='ocrx_word' id='word_1_329' title='bbox 1829 3677 1911 3713; x_wconf 90' lang='grc' dir='ltr'>σοι</span> <span class='ocrx_word' id='word_1_330' title='bbox 1965 3659 2040 3730; x_wconf 88' lang='grc' dir='ltr'>δῷ</span> <span class='ocrx_word' id='word_1_331' title='bbox 2074 3659 2149 3731; x_wconf 84' lang='grc' dir='ltr'>μὴ</span> 
     </span>
    </p>
   </div>
   <div class='ocr_carea' id='block_1_41' title="bbox 473 3748 2147 3825">
    <p class='ocr_par' dir='ltr' id='par_1_41' title="bbox 473 3748 2147 3825">
     <span class='ocr_line' id='line_1_41' title="bbox 473 3748 2147 3825; baseline -0.004 -18"><span class='ocrx_word' id='word_1_332' title='bbox 473 3754 741 3825; x_wconf 86' lang='grc' dir='ltr'>περιιέναι</span> <span class='ocrx_word' id='word_1_333' title='bbox 769 3752 864 3805; x_wconf 67' lang='grc' dir='ltr'>κα)⁸</span> <span class='ocrx_word' id='word_1_334' title='bbox 898 3750 1081 3821; x_wconf 80' lang='grc' dir='ltr'>ζητεῖν</span> <span class='ocrx_word' id='word_1_335' title='bbox 1107 3750 1226 3802; x_wconf 91' lang='grc' dir='ltr'>τίνα</span> <span class='ocrx_word' id='word_1_336' title='bbox 1248 3749 1523 3815; x_wconf 80' lang='grc' dir='ltr'>ἀξιώσεις,</span> <span class='ocrx_word' id='word_1_337' title='bbox 1554 3748 1667 3802; x_wconf 84' lang='grc' dir='ltr'>ἀλλ’</span> <span class='ocrx_word' id='word_1_338' title='bbox 1693 3749 1874 3819; x_wconf 83' lang='grc' dir='ltr'>εὑρεῖν</span> <span class='ocrx_word' id='word_1_339' title='bbox 1901 3748 2147 3818; x_wconf 75' lang='grc' dir='ltr'>ἔτοιμονς</span> 
     </span>
    </p>
   </div>
   <div class='ocr_carea' id='block_1_42' title="bbox 477 3836 2149 3916">
    <p class='ocr_par' dir='ltr' id='par_1_42' title="bbox 477 3836 2149 3916">
     <span class='ocr_line' id='line_1_42' title="bbox 477 3836 2149 3916; baseline -0.002 -21"><span class='ocrx_word' id='word_1_340' title='bbox 477 3844 552 3916; x_wconf 83' lang='grc' dir='ltr'>μὴ</span> <span class='ocrx_word' id='word_1_341' title='bbox 589 3841 788 3911; x_wconf 78' lang='grc' dir='ltr'>ἐτέρων</span> <span class='ocrx_word' id='word_1_342' title='bbox 810 3838 1036 3900; x_wconf 90' lang='grc' dir='ltr'>δεῖσθαι,</span> <span class='ocrx_word' id='word_1_343' title='bbox 1075 3837 1162 3892; x_wconf 82' lang='grc' dir='ltr'>ἵνα</span> <span class='ocrx_word' id='word_1_344' title='bbox 1190 3838 1260 3890; x_wconf 87' lang='grc' dir='ltr'>δι’</span> <span class='ocrx_word' id='word_1_345' title='bbox 1296 3838 1525 3890; x_wconf 79' lang='grc' dir='ltr'>ἐκείνων</span> <span class='ocrx_word' id='word_1_346' title='bbox 1553 3837 1818 3909; x_wconf 57' lang='grc' dir='ltr'>ἀξιώσῃς</span> <span class='ocrx_word' id='word_1_347' title='bbox 1859 3836 1925 3891; x_wconf 88' lang='grc' dir='ltr'>Τί</span> <span class='ocrx_word' id='word_1_348' title='bbox 1959 3836 2149 3891; x_wconf 89' lang='grc' dir='ltr'>τούτου</span> 
     </span>
    </p>
   </div>
   <div class='ocr_carea' id='block_1_43' title="bbox 477 3921 2149 4003">
    <p class='ocr_par' dir='ltr' id='par_1_43' title="bbox 477 3921 2149 4003">
     <span class='ocr_line' id='line_1_43' title="bbox 477 3921 2149 4003; baseline -0.002 -19"><span class='ocrx_word' id='word_1_349' title='bbox 477 3931 695 4003; x_wconf 76' lang='grc' dir='ltr'>μεῖζονς</span> <span class='ocrx_word' id='word_1_350' title='bbox 730 3921 899 3991; x_wconf 75' lang='grc' dir='ltr'>Οὗτος</span> <span class='ocrx_word' id='word_1_351' title='bbox 929 3927 1038 3998; x_wconf 85' lang='grc' dir='ltr'>γάρ</span> <span class='ocrx_word' id='word_1_352' title='bbox 1065 3926 1186 3979; x_wconf 89' lang='grc' dir='ltr'>τότε</span> <span class='ocrx_word' id='word_1_353' title='bbox 1222 3926 1457 3996; x_wconf 86' lang='grc' dir='ltr'>μάλιστα</span> <span class='ocrx_word' id='word_1_354' title='bbox 1479 3928 1642 3989; x_wconf 89' lang='grc' dir='ltr'>ποιεῖ,</span> <span class='ocrx_word' id='word_1_355' title='bbox 1674 3927 1800 3979; x_wconf 81' lang='grc' dir='ltr'>ὅταν</span> <span class='ocrx_word' id='word_1_356' title='bbox 1836 3925 1910 3997; x_wconf 88' lang='grc' dir='ltr'>μὴ</span> <span class='ocrx_word' id='word_1_357' title='bbox 1946 3926 2149 3997; x_wconf 84' lang='grc' dir='ltr'>ἐτέρων</span> 
     </span>
    </p>
   </div>
   <div class='ocr_carea' id='block_1_44' title="bbox 473 4013 2152 4089">
    <p class='ocr_par' dir='ltr' id='par_1_44' title="bbox 473 4013 2152 4089">
     <span class='ocr_line' id='line_1_44' title="bbox 473 4013 2152 4089; baseline -0.002 -18"><span class='ocrx_word' id='word_1_358' title='bbox 473 4018 779 4089; x_wconf 84' lang='grc' dir='ltr'>δεηθῶμεν·</span> <span class='ocrx_word' id='word_1_359' title='bbox 809 4014 1062 4084; x_wconf 87' lang='grc' dir='ltr'>καθάπερ</span> <span class='ocrx_word' id='word_1_360' title='bbox 1091 4013 1246 4082; x_wconf 85' lang='grc' dir='ltr'>φίλος</span> <span class='ocrx_word' id='word_1_361' title='bbox 1290 4015 1514 4082; x_wconf 87' lang='grc' dir='ltr'>γνήσιος</span> <span class='ocrx_word' id='word_1_362' title='bbox 1562 4013 1683 4066; x_wconf 89' lang='grc' dir='ltr'>τότε</span> <span class='ocrx_word' id='word_1_363' title='bbox 1732 4013 1964 4083; x_wconf 87' lang='grc' dir='ltr'>μάλιστα</span> <span class='ocrx_word' id='word_1_364' title='bbox 2019 4015 2152 4085; x_wconf 85' lang='grc' dir='ltr'>ἡμῖν</span> 
     </span>
    </p>
   </div>
   <div class='ocr_carea' id='block_1_45' title="bbox 476 4099 2149 4173">
    <p class='ocr_par' dir='ltr' id='par_1_45' title="bbox 476 4099 2149 4173">
     <span class='ocr_line' id='line_1_45' title="bbox 476 4099 2149 4173; baseline -0.004 -13"><span class='ocrx_word' id='word_1_365' title='bbox 476 4107 695 4171; x_wconf 82' lang='grc' dir='ltr'>ἐγκαλεῖ</span> <span class='ocrx_word' id='word_1_366' title='bbox 720 4106 796 4167; x_wconf 86' lang='grc' dir='ltr'>ὡς</span> <span class='ocrx_word' id='word_1_367' title='bbox 830 4104 891 4156; x_wconf 85' lang='grc' dir='ltr'>οὐ</span> <span class='ocrx_word' id='word_1_368' title='bbox 925 4100 1219 4173; x_wconf 79' lang='grc' dir='ltr'>θαρροῦσιν</span> <span class='ocrx_word' id='word_1_369' title='bbox 1257 4100 1423 4153; x_wconf 79' lang='grc' dir='ltr'>αὑτοῦ</span> <span class='ocrx_word' id='word_1_370' title='bbox 1476 4103 1541 4171; x_wconf 82' lang='grc' dir='ltr'>τῇ</span> <span class='ocrx_word' id='word_1_371' title='bbox 1574 4099 1745 4172; x_wconf 70' lang='grc' dir='ltr'>φιλίᾳ,</span> <span class='ocrx_word' id='word_1_372' title='bbox 1772 4102 1902 4154; x_wconf 87' lang='grc' dir='ltr'>ὃταν</span> <span class='ocrx_word' id='word_1_373' title='bbox 1948 4102 2149 4173; x_wconf 80' lang='grc' dir='ltr'>ἐτέρων</span> 
     </span>
    </p>
   </div>
   <div class='ocr_carea' id='block_1_46' title="bbox 476 4189 2150 4266">
    <p class='ocr_par' dir='ltr' id='par_1_46' title="bbox 476 4189 2150 4266">
     <span class='ocr_line' id='line_1_46' title="bbox 476 4189 2150 4266; baseline -0.002 -19"><span class='ocrx_word' id='word_1_374' title='bbox 476 4195 615 4266; x_wconf 78' lang='grc' dir='ltr'>πρὸς</span> <span class='ocrx_word' id='word_1_375' title='bbox 638 4193 798 4247; x_wconf 77' lang='grc' dir='ltr'>αὐτὸν</span> <span class='ocrx_word' id='word_1_376' title='bbox 826 4189 974 4263; x_wconf 70' lang='lat'>[279]</span> <span class='ocrx_word' id='word_1_377' title='bbox 1005 4190 1287 4261; x_wconf 88' lang='grc' dir='ltr'>δεηθῶμεν</span> <span class='ocrx_word' id='word_1_378' title='bbox 1342 4190 1449 4242; x_wconf 88' lang='grc' dir='ltr'>τῶν</span> <span class='ocrx_word' id='word_1_379' title='bbox 1478 4190 1792 4255; x_wconf 85' lang='grc' dir='ltr'>ἀξιούντων.</span> <span class='ocrx_word' id='word_1_380' title='bbox 1847 4190 2003 4245; x_wconf 85' lang='grc' dir='ltr'>Οὖτω</span> <span class='ocrx_word' id='word_1_381' title='bbox 2055 4192 2150 4244; x_wconf 76' lang='grc' dir='ltr'>καὶ</span> 
     </span>
    </p>
   </div>
   <div class='ocr_carea' id='block_1_47' title="bbox 477 4278 2149 4352">
    <p class='ocr_par' dir='ltr' id='par_1_47' title="bbox 477 4278 2149 4352">
     <span class='ocr_line' id='line_1_47' title="bbox 477 4278 2149 4352; baseline -0.001 -19"><span class='ocrx_word' id='word_1_382' title='bbox 477 4285 638 4352; x_wconf 81' lang='grc' dir='ltr'>ἡμεῖς</span> <span class='ocrx_word' id='word_1_383' title='bbox 667 4279 928 4350; x_wconf 77' lang='grc' dir='ltr'>ποιοῦμεν</span> <span class='ocrx_word' id='word_1_384' title='bbox 960 4281 1053 4332; x_wconf 73' lang='grc' dir='ltr'>ἐπὶ</span> <span class='ocrx_word' id='word_1_385' title='bbox 1082 4278 1189 4330; x_wconf 91' lang='grc' dir='ltr'>τῶν</span> <span class='ocrx_word' id='word_1_386' title='bbox 1237 4280 1386 4348; x_wconf 80' lang='grc' dir='ltr'>ἡμᾶς</span> <span class='ocrx_word' id='word_1_387' title='bbox 1414 4279 1728 4345; x_wconf 81' lang='grc' dir='ltr'>ἀξιούντων·</span> <span class='ocrx_word' id='word_1_388' title='bbox 1766 4280 1886 4332; x_wconf 83' lang='grc' dir='ltr'>τότε</span> <span class='ocrx_word' id='word_1_389' title='bbox 1914 4280 2149 4351; x_wconf 86' lang='grc' dir='ltr'>μάλιστα</span> 
     </span>
    </p>
   </div>
   <div class='ocr_carea' id='block_1_48' title="bbox 479 4366 2147 4438">
    <p class='ocr_par' dir='ltr' id='par_1_48' title="bbox 479 4366 2147 4438">
     <span class='ocr_line' id='line_1_48' title="bbox 479 4366 2147 4438; baseline -0.001 -16"><span class='ocrx_word' id='word_1_390' title='bbox 479 4370 660 4431; x_wconf 83' lang='grc' dir='ltr'>αὐτοῖς</span> <span class='ocrx_word' id='word_1_391' title='bbox 718 4366 1078 4438; x_wconf 77' lang='grc' dir='ltr'>χαριζόμεθα,</span> <span class='ocrx_word' id='word_1_392' title='bbox 1138 4367 1266 4418; x_wconf 85' lang='grc' dir='ltr'>ὅταν</span> <span class='ocrx_word' id='word_1_393' title='bbox 1295 4366 1361 4419; x_wconf 78' lang='grc' dir='ltr'>δι’</span> <span class='ocrx_word' id='word_1_394' title='bbox 1394 4366 1606 4419; x_wconf 82' lang='grc' dir='ltr'>ἐαυτῶν</span> <span class='ocrx_word' id='word_1_395' title='bbox 1664 4368 1814 4437; x_wconf 89' lang='grc' dir='ltr'>ἡμῖν,</span> <span class='ocrx_word' id='word_1_396' title='bbox 1848 4367 1942 4419; x_wconf 75' lang='grc' dir='ltr'>καὶ</span> <span class='ocrx_word' id='word_1_397' title='bbox 1964 4368 2024 4420; x_wconf 87' lang='grc' dir='ltr'>οὺ</span> <span class='ocrx_word' id='word_1_398' title='bbox 2079 4368 2147 4421; x_wconf 91' lang='grc' dir='ltr'>δι’</span> 
     </span>
    </p>
   </div>
   <div class='ocr_carea' id='block_1_49' title="bbox 479 4451 2149 4527">
    <p class='ocr_par' dir='ltr' id='par_1_49' title="bbox 479 4451 2149 4527">
     <span class='ocr_line' id='line_1_49' title="bbox 479 4451 2149 4527; baseline 0.001 -18"><span class='ocrx_word' id='word_1_399' title='bbox 479 4456 681 4526; x_wconf 87' lang='grc' dir='ltr'>ἐτέρων</span> <span class='ocrx_word' id='word_1_400' title='bbox 704 4455 989 4526; x_wconf 88' lang='grc' dir='ltr'>προσίωσι.</span> <span class='ocrx_word' id='word_1_401' title='bbox 1021 4454 1087 4507; x_wconf 88' lang='grc' dir='ltr'>Τί</span> <span class='ocrx_word' id='word_1_402' title='bbox 1125 4451 1239 4518; x_wconf 76' lang='grc' dir='ltr'>οὖν,</span> <span class='ocrx_word' id='word_1_403' title='bbox 1283 4454 1469 4524; x_wconf 73' lang='grc' dir='ltr'>φησὶν,</span> <span class='ocrx_word' id='word_1_404' title='bbox 1498 4454 1563 4508; x_wconf 86' lang='grc' dir='ltr'>ἀν</span> <span class='ocrx_word' id='word_1_405' title='bbox 1586 4455 2045 4527; x_wconf 86' lang='grc' dir='ltr'>προσκεκρουκὼς</span> <span class='ocrx_word' id='word_1_406' title='bbox 2070 4451 2149 4524; x_wconf 84' lang='grc' dir='ltr'>ῶ;</span> 
     </span>
    </p>
   </div>
   <div class='ocr_carea' id='block_1_50' title="bbox 479 4542 2156 4615">
    <p class='ocr_par' dir='ltr' id='par_1_50' title="bbox 479 4542 2156 4615">
     <span class='ocr_line' id='line_1_50' title="bbox 479 4542 2156 4615; baseline 0 -19"><span class='ocrx_word' id='word_1_407' title='bbox 479 4543 695 4597; x_wconf 84' lang='grc' dir='ltr'>Παῦσαι</span> <span class='ocrx_word' id='word_1_408' title='bbox 721 4542 1078 4613; x_wconf 86' lang='grc' dir='ltr'>προσκρούων</span> <span class='ocrx_word' id='word_1_409' title='bbox 1110 4542 1203 4595; x_wconf 75' lang='grc' dir='ltr'>καὶ</span> <span class='ocrx_word' id='word_1_410' title='bbox 1256 4542 1547 4612; x_wconf 85' lang='grc' dir='ltr'>δάκρυσον,</span> <span class='ocrx_word' id='word_1_411' title='bbox 1580 4542 1673 4594; x_wconf 72' lang='grc' dir='ltr'>καὶ</span> <span class='ocrx_word' id='word_1_412' title='bbox 1698 4542 1841 4595; x_wconf 79' lang='grc' dir='ltr'>οὕτω</span> <span class='ocrx_word' id='word_1_413' title='bbox 1868 4543 2156 4615; x_wconf 82' lang='grc' dir='ltr'>πρόσελθε,</span> 
     </span>
    </p>
   </div>
   <div class='ocr_carea' id='block_1_51' title="bbox 480 4627 2155 4701">
    <p class='ocr_par' dir='ltr' id='par_1_51' title="bbox 480 4627 2155 4701">
     <span class='ocr_line' id='line_1_51' title="bbox 480 4627 2155 4701; baseline 0.001 -17"><span class='ocrx_word' id='word_1_414' title='bbox 480 4632 577 4684; x_wconf 76' lang='grc' dir='ltr'>καὶ</span> <span class='ocrx_word' id='word_1_415' title='bbox 620 4629 830 4699; x_wconf 80' lang='grc' dir='ltr'>ταχέως</span> <span class='ocrx_word' id='word_1_416' title='bbox 882 4630 973 4681; x_wconf 77' lang='grc' dir='ltr'>ἐπὶ</span> <span class='ocrx_word' id='word_1_417' title='bbox 1008 4630 1120 4691; x_wconf 87' lang='grc' dir='ltr'>τοῖς</span> <span class='ocrx_word' id='word_1_418' title='bbox 1150 4628 1439 4701; x_wconf 86' lang='grc' dir='ltr'>προτέροις</span> <span class='ocrx_word' id='word_1_419' title='bbox 1481 4627 1643 4681; x_wconf 79' lang='grc' dir='ltr'>αὑτὸν</span> <span class='ocrx_word' id='word_1_420' title='bbox 1696 4628 1854 4681; x_wconf 82' lang='grc' dir='ltr'>ἵλεων</span> <span class='ocrx_word' id='word_1_421' title='bbox 1886 4630 2155 4701; x_wconf 87' lang='grc' dir='ltr'>ποιήσεις.</span> 
     </span>
    </p>
   </div>
   <div class='ocr_carea' id='block_1_52' title="bbox 481 4716 2158 4788">
    <p class='ocr_par' dir='ltr' id='par_1_52' title="bbox 481 4716 2158 4788">
     <span class='ocr_line' id='line_1_52' title="bbox 481 4716 2158 4788; baseline -0.001 -16"><span class='ocrx_word' id='word_1_422' title='bbox 481 4716 617 4772; x_wconf 83' lang='grc' dir='ltr'><strong>Εἰπὲ</strong></span> <span class='ocrx_word' id='word_1_423' title='bbox 648 4717 826 4786; x_wconf 87' lang='grc' dir='ltr'>μόνον,</span> <span class='ocrx_word' id='word_1_424' title='bbox 872 4718 953 4770; x_wconf 84' lang='grc' dir='ltr'>ὅτι</span> <span class='ocrx_word' id='word_1_425' title='bbox 983 4716 1391 4787; x_wconf 88' lang='grc' dir='ltr'>Προσέκρουσα·</span> <span class='ocrx_word' id='word_1_426' title='bbox 1443 4716 1564 4768; x_wconf 81' lang='grc' dir='ltr'>εἰπὲ</span> <span class='ocrx_word' id='word_1_427' title='bbox 1593 4717 1655 4769; x_wconf 86' lang='grc' dir='ltr'>ἐκ</span> <span class='ocrx_word' id='word_1_428' title='bbox 1683 4716 1860 4787; x_wconf 72' lang='grc' dir='ltr'>ψυχῆς</span> <span class='ocrx_word' id='word_1_429' title='bbox 1902 4718 1996 4771; x_wconf 75' lang='grc' dir='ltr'>καὶ</span> <span class='ocrx_word' id='word_1_430' title='bbox 2026 4736 2158 4788; x_wconf 89' lang='grc' dir='ltr'>γνη-</span> 
     </span>
    </p>
   </div>
   <div class='ocr_carea' id='block_1_53' title="bbox 482 4803 2161 4877">
    <p class='ocr_par' dir='ltr' id='par_1_53' title="bbox 482 4803 2161 4877">
     <span class='ocr_line' id='line_1_53' title="bbox 482 4803 2161 4877; baseline 0.001 -19"><span class='ocrx_word' id='word_1_431' title='bbox 482 4805 604 4869; x_wconf 89' lang='grc' dir='ltr'>σίας</span> <span class='ocrx_word' id='word_1_432' title='bbox 626 4804 885 4868; x_wconf 88' lang='grc' dir='ltr'>διανοίας,</span> <span class='ocrx_word' id='word_1_433' title='bbox 918 4805 1013 4858; x_wconf 77' lang='grc' dir='ltr'>καὶ</span> <span class='ocrx_word' id='word_1_434' title='bbox 1067 4804 1246 4858; x_wconf 86' lang='grc' dir='ltr'>πάντα</span> <span class='ocrx_word' id='word_1_435' title='bbox 1274 4803 1511 4856; x_wconf 84' lang='grc' dir='ltr'>λέλυται.</span> <span class='ocrx_word' id='word_1_436' title='bbox 1550 4804 1666 4857; x_wconf 79' lang='grc' dir='ltr'>Οὐκ</span> <span class='ocrx_word' id='word_1_437' title='bbox 1718 4806 2007 4877; x_wconf 77' lang='grc' dir='ltr'>ἐπιθυμεῖς</span> <span class='ocrx_word' id='word_1_438' title='bbox 2068 4807 2161 4860; x_wconf 80' lang='grc' dir='ltr'>οὖ-</span> 
     </span>
    </p>
   </div>
   <div class='ocr_carea' id='block_1_54' title="bbox 547 4908 1104 4970">
    <p class='ocr_par' dir='ltr' id='par_1_54' title="bbox 547 4908 1104 4970">
     <span class='ocr_line' id='line_1_54' title="bbox 547 4908 1104 4970; baseline -0.002 -12"><span class='ocrx_word' id='word_1_439' title='bbox 547 4908 566 4932; x_wconf 92' lang='grc'><strong><em>⁸</em></strong></span> <span class='ocrx_word' id='word_1_440' title='bbox 585 4909 728 4959; x_wconf 76' lang='grc' dir='ltr'>ΑΙίιιε</span> <span class='ocrx_word' id='word_1_441' title='bbox 760 4909 1104 4970; x_wconf 80' lang='grc' dir='ltr'>περιτρέπεται.</span> 
     </span>
    </p>
   </div>
   <div class='ocr_carea' id='block_1_55' title="bbox 1145 182 2989 248">
    <p class='ocr_par' dir='ltr' id='par_1_55' title="bbox 1145 182 2989 248">
     <span class='ocr_line' id='line_1_55' title="bbox 1145 182 2989 248; baseline -0.003 -1"><span class='ocrx_word' id='word_1_442' title='bbox 1145 194 1203 247; x_wconf 87' lang='lat' dir='ltr'>S.</span> <span class='ocrx_word' id='word_1_443' title='bbox 1240 189 1524 248; x_wconf 80' lang='lat' dir='ltr'>JOANNIS</span> <span class='ocrx_word' id='word_1_444' title='bbox 1558 184 2047 244; x_wconf 72' lang='lat' dir='ltr'>CBRYSOSTOIII</span> <span class='ocrx_word' id='word_1_445' title='bbox 2083 182 2404 242; x_wconf 71' lang='lat' dir='ltr'>ARCIIIEP.</span> <span class='ocrx_word' id='word_1_446' title='bbox 2442 182 2989 243; x_wconf 71' lang='lat' dir='ltr'>CONSTANTINOP.</span> 
     </span>
    </p>
   </div>
   <div class='ocr_carea' id='block_1_56' title="bbox 3776 189 3894 245">
    <p class='ocr_par' dir='ltr' id='par_1_56' title="bbox 3776 189 3894 245">
     <span class='ocr_line' id='line_1_56' title="bbox 3776 189 3894 245; baseline 0.017 -2"><span class='ocrx_word' id='word_1_447' title='bbox 3776 189 3894 245; x_wconf 61' lang='lat'>26!</span> 
     </span>
    </p>
   </div>
   <div class='ocr_carea' id='block_1_57' title="bbox 2211 302 3895 376">
    <p class='ocr_par' dir='ltr' id='par_1_57' title="bbox 2211 302 3895 376">
     <span class='ocr_line' id='line_1_57' title="bbox 2211 302 3895 376; baseline 0.002 -21"><span class='ocrx_word' id='word_1_448' title='bbox 2211 318 2320 366; x_wconf 85' lang='grc' dir='ltr'>τως</span> <span class='ocrx_word' id='word_1_449' title='bbox 2350 302 2619 373; x_wconf 79' lang='grc' dir='ltr'>ἀφεθῆναι</span> <span class='ocrx_word' id='word_1_450' title='bbox 2642 303 2708 355; x_wconf 84' lang='grc' dir='ltr'>σὺ</span> <span class='ocrx_word' id='word_1_451' title='bbox 2728 315 2756 344; x_wconf 72' lang='grc' dir='ltr'>ι</span> <span class='ocrx_word' id='word_1_452' title='bbox 2779 305 2880 367; x_wconf 83' lang='grc' dir='ltr'>τάς</span> <span class='ocrx_word' id='word_1_453' title='bbox 2896 303 3169 376; x_wconf 82' lang='grc' dir='ltr'>ἁμαρτίας</span> <span class='ocrx_word' id='word_1_454' title='bbox 3196 320 3311 369; x_wconf 88' lang='grc' dir='ltr'>σου,</span> <span class='ocrx_word' id='word_1_455' title='bbox 3334 303 3409 367; x_wconf 85' lang='grc' dir='ltr'>ὡς</span> <span class='ocrx_word' id='word_1_456' title='bbox 3434 302 3597 367; x_wconf 73' lang='grc' dir='ltr'>αὐτὸς</span> <span class='ocrx_word' id='word_1_457' title='bbox 3623 302 3895 375; x_wconf 77' lang='grc' dir='ltr'>ἐπιθυμεῖ</span> 
     </span>
    </p>
   </div>
   <div class='ocr_carea' id='block_1_58' title="bbox 2212 390 3893 463">
    <p class='ocr_par' dir='ltr' id='par_1_58' title="bbox 2212 390 3893 463">
     <span class='ocr_line' id='line_1_58' title="bbox 2212 390 3893 463; baseline 0.002 -20"><span class='ocrx_word' id='word_1_458' title='bbox 2212 390 2431 459; x_wconf 86' lang='grc' dir='ltr'>ἀφεῖναί</span> <span class='ocrx_word' id='word_1_459' title='bbox 2480 407 2573 444; x_wconf 88' lang='grc' dir='ltr'>σου</span> <span class='ocrx_word' id='word_1_460' title='bbox 2605 392 2673 446; x_wconf 84' lang='grc' dir='ltr'>τὰ</span> <span class='ocrx_word' id='word_1_461' title='bbox 2721 392 3115 462; x_wconf 84' lang='grc' dir='ltr'>ἁμαρτήματα.</span> <span class='ocrx_word' id='word_1_462' title='bbox 3163 392 3287 446; x_wconf 86' lang='grc' dir='ltr'>Ὅτι</span> <span class='ocrx_word' id='word_1_463' title='bbox 3319 392 3429 463; x_wconf 85' lang='grc' dir='ltr'>γὰρ</span> <span class='ocrx_word' id='word_1_464' title='bbox 3458 392 3559 444; x_wconf 84' lang='grc' dir='ltr'>ούκ</span> <span class='ocrx_word' id='word_1_465' title='bbox 3598 393 3893 460; x_wconf 79' lang='grc' dir='ltr'>ἐπιθυμεῖς</span> 
     </span>
    </p>
   </div>
   <div class='ocr_carea' id='block_1_59' title="bbox 2216 479 3894 552">
    <p class='ocr_par' dir='ltr' id='par_1_59' title="bbox 2216 479 3894 552">
     <span class='ocr_line' id='line_1_59' title="bbox 2216 479 3894 552; baseline 0.002 -21"><span class='ocrx_word' id='word_1_466' title='bbox 2216 480 2305 544; x_wconf 83' lang='grc' dir='ltr'>σὺ,</span> <span class='ocrx_word' id='word_1_467' title='bbox 2328 479 2580 549; x_wconf 85' lang='grc' dir='ltr'>ἐννόησον</span> <span class='ocrx_word' id='word_1_468' title='bbox 2598 479 2680 531; x_wconf 83' lang='grc' dir='ltr'>ὅτι</span> <span class='ocrx_word' id='word_1_469' title='bbox 2709 479 2829 531; x_wconf 80' lang='grc' dir='ltr'>οὐδὲ</span> <span class='ocrx_word' id='word_1_470' title='bbox 2860 481 3159 551; x_wconf 86' lang='grc' dir='ltr'>ἀγρυπνεῖν</span> <span class='ocrx_word' id='word_1_471' title='bbox 3187 480 3461 550; x_wconf 86' lang='grc' dir='ltr'>καταδέχῃ</span> <span class='ocrx_word' id='word_1_472' title='bbox 3488 479 3609 533; x_wconf 81' lang='grc' dir='ltr'>οὐδὲ</span> <span class='ocrx_word' id='word_1_473' title='bbox 3625 481 3894 552; x_wconf 82' lang='grc' dir='ltr'>χρήματα</span> 
     </span>
    </p>
   </div>
   <div class='ocr_carea' id='block_1_60' title="bbox 2217 567 3893 640">
    <p class='ocr_par' dir='ltr' id='par_1_60' title="bbox 2217 567 3893 640">
     <span class='ocr_line' id='line_1_60' title="bbox 2217 567 3893 640; baseline 0.003 -21"><span class='ocrx_word' id='word_1_474' title='bbox 2217 568 2489 637; x_wconf 80' lang='grc' dir='ltr'>προΐεσαι·</span> <span class='ocrx_word' id='word_1_475' title='bbox 2522 567 2683 630; x_wconf 84' lang='grc' dir='ltr'>αὐτὸς</span> <span class='ocrx_word' id='word_1_476' title='bbox 2704 568 2781 632; x_wconf 82' lang='grc' dir='ltr'>δὲ,</span> <span class='ocrx_word' id='word_1_477' title='bbox 2837 568 2924 621; x_wconf 79' lang='grc' dir='ltr'>ἱνα</span> <span class='ocrx_word' id='word_1_478' title='bbox 2964 569 3073 639; x_wconf 81' lang='grc' dir='ltr'>ἀφῇ</span> <span class='ocrx_word' id='word_1_479' title='bbox 3104 569 3257 639; x_wconf 92' lang='grc' dir='ltr'>ήμῶν</span> <span class='ocrx_word' id='word_1_480' title='bbox 3282 570 3382 632; x_wconf 72' lang='grc' dir='ltr'>τὰς</span> <span class='ocrx_word' id='word_1_481' title='bbox 3434 570 3735 640; x_wconf 83' lang='grc' dir='ltr'>ἁμαρτίας,</span> <span class='ocrx_word' id='word_1_482' title='bbox 3789 570 3893 624; x_wconf 85' lang='grc' dir='ltr'>τοῦ</span> 
     </span>
    </p>
   </div>
   <div class='ocr_carea' id='block_1_61' title="bbox 2216 653 3895 728">
    <p class='ocr_par' dir='ltr' id='par_1_61' title="bbox 2216 653 3895 728">
     <span class='ocr_line' id='line_1_61' title="bbox 2216 653 3895 728; baseline 0.001 -19"><span class='ocrx_word' id='word_1_483' title='bbox 2216 653 2553 723; x_wconf 85' lang='grc' dir='ltr'>Μονογενοῦς</span> <span class='ocrx_word' id='word_1_484' title='bbox 2580 657 2682 709; x_wconf 83' lang='grc' dir='ltr'>οὐκ</span> <span class='ocrx_word' id='word_1_485' title='bbox 2711 655 2983 724; x_wconf 82' lang='grc' dir='ltr'>ἐφείσατο,</span> <span class='ocrx_word' id='word_1_486' title='bbox 3018 657 3112 709; x_wconf 92' lang='grc' dir='ltr'>τοῦ</span> <span class='ocrx_word' id='word_1_487' title='bbox 3138 658 3361 728; x_wconf 84' lang='grc' dir='ltr'>γνησίου</span> <span class='ocrx_word' id='word_1_488' title='bbox 3392 658 3607 721; x_wconf 78' lang='grc' dir='ltr'>Παιδὸς,</span> <span class='ocrx_word' id='word_1_489' title='bbox 3634 658 3732 711; x_wconf 88' lang='grc' dir='ltr'>τοῦ</span> <span class='ocrx_word' id='word_1_490' title='bbox 3765 676 3895 711; x_wconf 84' lang='grc' dir='ltr'>συν-</span> 
     </span>
    </p>
   </div>
   <div class='ocr_carea' id='block_1_62' title="bbox 2219 744 3895 818">
    <p class='ocr_par' dir='ltr' id='par_1_62' title="bbox 2219 744 3895 818">
     <span class='ocr_line' id='line_1_62' title="bbox 2219 744 3895 818; baseline 0.001 -20"><span class='ocrx_word' id='word_1_491' title='bbox 2219 744 2432 816; x_wconf 91' lang='grc' dir='ltr'>θρόνου.</span> <span class='ocrx_word' id='word_1_492' title='bbox 2475 745 2661 816; x_wconf 83' lang='grc' dir='ltr'>Ὁρᾷς,</span> <span class='ocrx_word' id='word_1_493' title='bbox 2688 745 2953 808; x_wconf 82' lang='grc' dir='ltr'>ὅτιαύτὸς</span> <span class='ocrx_word' id='word_1_494' title='bbox 2985 745 3183 815; x_wconf 86' lang='grc' dir='ltr'>μᾶλλον</span> <span class='ocrx_word' id='word_1_495' title='bbox 3239 747 3497 818; x_wconf 84' lang='grc' dir='ltr'>ἐπιθυμεῖ</span> <span class='ocrx_word' id='word_1_496' title='bbox 3538 746 3757 814; x_wconf 84' lang='grc' dir='ltr'>ἀφεῖναί</span> <span class='ocrx_word' id='word_1_497' title='bbox 3807 763 3895 800; x_wconf 89' lang='grc' dir='ltr'>σοι</span> 
     </span>
    </p>
   </div>
   <div class='ocr_carea' id='block_1_63' title="bbox 2216 833 3893 906">
    <p class='ocr_par' dir='ltr' id='par_1_63' title="bbox 2216 833 3893 906">
     <span class='ocr_line' id='line_1_63' title="bbox 2216 833 3893 906; baseline 0.002 -19"><span class='ocrx_word' id='word_1_498' title='bbox 2216 834 2287 887; x_wconf 87' lang='grc' dir='ltr'>τά</span> <span class='ocrx_word' id='word_1_499' title='bbox 2312 835 2714 905; x_wconf 87' lang='grc' dir='ltr'>ἀμαρτήματα;</span> <span class='ocrx_word' id='word_1_500' title='bbox 2741 835 2832 903; x_wconf 83' lang='grc' dir='ltr'>Μὴ</span> <span class='ocrx_word' id='word_1_501' title='bbox 2862 833 2925 905; x_wconf 85' lang='grc' dir='ltr'>δή</span> <span class='ocrx_word' id='word_1_502' title='bbox 2971 833 3236 903; x_wconf 86' lang='grc' dir='ltr'>ὀκνῶμεν,</span> <span class='ocrx_word' id='word_1_503' title='bbox 3270 836 3405 905; x_wconf 79' lang='grc' dir='ltr'>μηδὲ</span> <span class='ocrx_word' id='word_1_504' title='bbox 3435 834 3893 906; x_wconf 77' lang='grc' dir='ltr'>ἀναδαλλώμεθα.</span> 
     </span>
    </p>
   </div>
   <div class='ocr_carea' id='block_1_64' title="bbox 2217 908 3970 996">
    <p class='ocr_par' dir='ltr' id='par_1_64' title="bbox 2217 908 3970 996">
     <span class='ocr_line' id='line_1_64' title="bbox 2217 908 3970 996; baseline 0.001 -20"><span class='ocrx_word' id='word_1_505' title='bbox 2217 924 2600 995; x_wconf 73' lang='grc' dir='ltr'>Φιλάνθρωπός</span> <span class='ocrx_word' id='word_1_506' title='bbox 2654 925 2769 976; x_wconf 83' lang='grc' dir='ltr'>ἐστι</span> <span class='ocrx_word' id='word_1_507' title='bbox 2804 923 2897 975; x_wconf 67' lang='grc' dir='ltr'>καί¹</span> <span class='ocrx_word' id='word_1_508' title='bbox 2942 921 3165 989; x_wconf 86' lang='grc' dir='ltr'>ἀγαθός·</span> <span class='ocrx_word' id='word_1_509' title='bbox 3225 924 3383 992; x_wconf 84' lang='grc' dir='ltr'>μόνον</span> <span class='ocrx_word' id='word_1_510' title='bbox 3437 924 3692 996; x_wconf 73' lang='grc' dir='ltr'>ἀφορμὴν</span> <span class='ocrx_word' id='word_1_511' title='bbox 3740 925 3896 995; x_wconf 74' lang='grc' dir='ltr'>αὐτῷ</span> <span class='ocrx_word' id='word_1_512' title='bbox 3958 908 3970 921; x_wconf 47' lang='grc'><em>’</em></span> 
     </span>
    </p>
   </div>
   <div class='ocr_carea' id='block_1_65' title="bbox 2219 1011 3894 1084">
    <p class='ocr_par' dir='ltr' id='par_1_65' title="bbox 2219 1011 3894 1084">
     <span class='ocr_line' id='line_1_65' title="bbox 2219 1011 3894 1084; baseline 0 -17"><span class='ocrx_word' id='word_1_513' title='bbox 2219 1012 2418 1083; x_wconf 87' lang='grc' dir='ltr'>δῶμεν,</span> <span class='ocrx_word' id='word_1_514' title='bbox 2451 1014 2545 1067; x_wconf 82' lang='grc' dir='ltr'>καὶ</span> <span class='ocrx_word' id='word_1_515' title='bbox 2574 1011 2752 1074; x_wconf 88' lang='grc' dir='ltr'>τοῦτο,</span> <span class='ocrx_word' id='word_1_516' title='bbox 2790 1012 2877 1065; x_wconf 79' lang='grc' dir='ltr'>ἵνα</span> <span class='ocrx_word' id='word_1_517' title='bbox 2935 1012 3096 1082; x_wconf 85' lang='grc' dir='ltr'>ἡμεῖς</span> <span class='ocrx_word' id='word_1_518' title='bbox 3134 1011 3209 1081; x_wconf 83' lang='grc' dir='ltr'>μὴ</span> <span class='ocrx_word' id='word_1_519' title='bbox 3268 1012 3530 1083; x_wconf 81' lang='grc' dir='ltr'>ἄχρηστοι</span> <span class='ocrx_word' id='word_1_520' title='bbox 3577 1013 3894 1084; x_wconf 88' lang='grc' dir='ltr'>γενώμεθα,</span> 
     </span>
    </p>
   </div>
   <div class='ocr_carea' id='block_1_66' title="bbox 2221 1099 3898 1173">
    <p class='ocr_par' dir='ltr' id='par_1_66' title="bbox 2221 1099 3898 1173">
     <span class='ocr_line' id='line_1_66' title="bbox 2221 1099 3898 1173; baseline 0.001 -20"><span class='ocrx_word' id='word_1_521' title='bbox 2221 1102 2344 1154; x_wconf 75' lang='grc' dir='ltr'>ἐπεὶ</span> <span class='ocrx_word' id='word_1_522' title='bbox 2376 1100 2469 1153; x_wconf 83' lang='grc' dir='ltr'>καὶ</span> <span class='ocrx_word' id='word_1_523' title='bbox 2495 1101 2664 1171; x_wconf 76' lang='grc' dir='ltr'>χωρὶς</span> <span class='ocrx_word' id='word_1_524' title='bbox 2692 1099 2882 1153; x_wconf 88' lang='grc' dir='ltr'>τούτου</span> <span class='ocrx_word' id='word_1_525' title='bbox 2928 1099 3197 1152; x_wconf 87' lang='grc' dir='ltr'>ἀπέλυσεν</span> <span class='ocrx_word' id='word_1_526' title='bbox 3218 1099 3304 1152; x_wconf 81' lang='grc' dir='ltr'>ἄν·</span> <span class='ocrx_word' id='word_1_527' title='bbox 3353 1100 3468 1153; x_wconf 80' lang='grc' dir='ltr'>ἀλλ’</span> <span class='ocrx_word' id='word_1_528' title='bbox 3514 1100 3702 1171; x_wconf 87' lang='grc' dir='ltr'>ῶσπερ</span> <span class='ocrx_word' id='word_1_529' title='bbox 3729 1104 3898 1173; x_wconf 80' lang='grc' dir='ltr'>ἡμεῖς</span> 
     </span>
    </p>
   </div>
   <div class='ocr_carea' id='block_1_67' title="bbox 2222 1188 3897 1260">
    <p class='ocr_par' dir='ltr' id='par_1_67' title="bbox 2222 1188 3897 1260">
     <span class='ocr_line' id='line_1_67' title="bbox 2222 1188 3897 1260; baseline 0.001 -18"><span class='ocrx_word' id='word_1_530' title='bbox 2222 1190 2314 1242; x_wconf 81' lang='grc' dir='ltr'>ἐπὶ</span> <span class='ocrx_word' id='word_1_531' title='bbox 2354 1189 2462 1242; x_wconf 86' lang='grc' dir='ltr'>τῶν</span> <span class='ocrx_word' id='word_1_532' title='bbox 2492 1188 2716 1243; x_wconf 83' lang='grc' dir='ltr'>οἰκετῶν</span> <span class='ocrx_word' id='word_1_533' title='bbox 2744 1188 2853 1242; x_wconf 87' lang='grc' dir='ltr'>τῶν</span> <span class='ocrx_word' id='word_1_534' title='bbox 2902 1189 3186 1259; x_wconf 87' lang='grc' dir='ltr'>ἡμετέρων</span> <span class='ocrx_word' id='word_1_535' title='bbox 3239 1189 3406 1259; x_wconf 88' lang='grc' dir='ltr'>μυρία</span> <span class='ocrx_word' id='word_1_536' title='bbox 3453 1191 3761 1260; x_wconf 83' lang='grc' dir='ltr'>πλάττομεν</span> <span class='ocrx_word' id='word_1_537' title='bbox 3797 1193 3897 1245; x_wconf 74' lang='grc' dir='ltr'>καὶ</span> 
     </span>
    </p>
   </div>
   <div class='ocr_carea' id='block_1_68' title="bbox 2225 1276 3896 1349">
    <p class='ocr_par' dir='ltr' id='par_1_68' title="bbox 2225 1276 3896 1349">
     <span class='ocr_line' id='line_1_68' title="bbox 2225 1276 3896 1349; baseline 0.001 -19"><span class='ocrx_word' id='word_1_538' title='bbox 2225 1277 2564 1348; x_wconf 86' lang='grc' dir='ltr'>συντίθεμεν·</span> <span class='ocrx_word' id='word_1_539' title='bbox 2593 1276 2735 1330; x_wconf 77' lang='grc' dir='ltr'>οὕτω</span> <span class='ocrx_word' id='word_1_540' title='bbox 2759 1277 2852 1330; x_wconf 80' lang='grc' dir='ltr'>καί</span> <span class='ocrx_word' id='word_1_541' title='bbox 2880 1276 3043 1339; x_wconf 77' lang='grc' dir='ltr'>αὐτὸς</span> <span class='ocrx_word' id='word_1_542' title='bbox 3064 1276 3156 1328; x_wconf 77' lang='grc' dir='ltr'>ἐπὶ</span> <span class='ocrx_word' id='word_1_543' title='bbox 3183 1276 3283 1346; x_wconf 83' lang='grc' dir='ltr'>τῆς</span> <span class='ocrx_word' id='word_1_544' title='bbox 3314 1277 3584 1347; x_wconf 76' lang='grc' dir='ltr'>ἡμετέρας</span> <span class='ocrx_word' id='word_1_545' title='bbox 3614 1280 3896 1349; x_wconf 83' lang='grc' dir='ltr'>σωτηρίας</span> 
     </span>
    </p>
   </div>
   <div class='ocr_carea' id='block_1_69' title="bbox 2224 1365 3900 1437">
    <p class='ocr_par' dir='ltr' id='par_1_69' title="bbox 2224 1365 3900 1437">
     <span class='ocr_line' id='line_1_69' title="bbox 2224 1365 3900 1437; baseline 0.001 -17"><span class='ocrx_word' id='word_1_546' title='bbox 2224 1370 2387 1421; x_wconf 88' lang='grc' dir='ltr'>ποιεῖ.</span> <span class='ocrx_word' id='word_1_547' title='bbox 2419 1366 2864 1436; x_wconf 65' lang='grc' dir='ltr'>Προφθάσωμεν</span> <span class='ocrx_word' id='word_1_548' title='bbox 2904 1365 2973 1419; x_wconf 85' lang='grc' dir='ltr'>τὸ</span> <span class='ocrx_word' id='word_1_549' title='bbox 3014 1368 3339 1434; x_wconf 82' lang='grc' dir='ltr'>πρόσωπον</span> <span class='ocrx_word' id='word_1_550' title='bbox 3361 1367 3547 1421; x_wconf 85' lang='grc' dir='ltr'>αὑτοῦ</span> <span class='ocrx_word' id='word_1_551' title='bbox 3580 1366 3649 1419; x_wconf 86' lang='grc' dir='ltr'>ἐν</span> <span class='ocrx_word' id='word_1_552' title='bbox 3684 1368 3900 1437; x_wconf 71' lang='grc' dir='ltr'>ἐξομοσ</span> 
     </span>
    </p>
   </div>
   <div class='ocr_carea' id='block_1_70' title="bbox 2223 1456 3897 1530">
    <p class='ocr_par' dir='ltr' id='par_1_70' title="bbox 2223 1456 3897 1530">
     <span class='ocr_line' id='line_1_70' title="bbox 2223 1456 3897 1530; baseline -0.002 -17"><span class='ocrx_word' id='word_1_553' title='bbox 2223 1460 2498 1528; x_wconf 72' lang='grc' dir='ltr'>λογήσει,</span> <span class='ocrx_word' id='word_1_554' title='bbox 2535 1460 2618 1512; x_wconf 86' lang='grc' dir='ltr'>ὅτι</span> <span class='ocrx_word' id='word_1_555' title='bbox 2672 1456 2907 1530; x_wconf 87' lang='grc' dir='ltr'>χρηστός</span> <span class='ocrx_word' id='word_1_556' title='bbox 2950 1458 3067 1509; x_wconf 82' lang='grc' dir='ltr'>ἐστι</span> <span class='ocrx_word' id='word_1_557' title='bbox 3122 1457 3217 1508; x_wconf 79' lang='grc' dir='ltr'>καὶ</span> <span class='ocrx_word' id='word_1_558' title='bbox 3261 1458 3529 1527; x_wconf 85' lang='grc' dir='ltr'>ἐπιεικής.</span> <span class='ocrx_word' id='word_1_559' title='bbox 3572 1456 3697 1509; x_wconf 85' lang='grc' dir='ltr'>Ἐὰν</span> <span class='ocrx_word' id='word_1_560' title='bbox 3725 1457 3781 1510; x_wconf 85' lang='grc' dir='ltr'>δὲ</span> <span class='ocrx_word' id='word_1_561' title='bbox 3818 1457 3897 1527; x_wconf 80' lang='grc' dir='ltr'>μὴ</span> 
     </span>
    </p>
   </div>
   <div class='ocr_carea' id='block_1_71' title="bbox 2225 1544 3897 1618">
    <p class='ocr_par' dir='ltr' id='par_1_71' title="bbox 2225 1544 3897 1618">
     <span class='ocr_line' id='line_1_71' title="bbox 2225 1544 3897 1618; baseline -0.001 -19"><span class='ocrx_word' id='word_1_562' title='bbox 2225 1548 2458 1618; x_wconf 79' lang='grc' dir='ltr'>ἐπικαλῇ</span> <span class='ocrx_word' id='word_1_563' title='bbox 2512 1547 2569 1599; x_wconf 85' lang='grc' dir='ltr'>ἐν</span> <span class='ocrx_word' id='word_1_564' title='bbox 2598 1545 2845 1617; x_wconf 79' lang='grc' dir='ltr'>ἀληθείᾳ,</span> <span class='ocrx_word' id='word_1_565' title='bbox 2881 1545 3014 1617; x_wconf 82' lang='grc' dir='ltr'>μηδὲ</span> <span class='ocrx_word' id='word_1_566' title='bbox 3048 1544 3206 1616; x_wconf 81' lang='grc' dir='ltr'>θέλῃς</span> <span class='ocrx_word' id='word_1_567' title='bbox 3237 1546 3412 1597; x_wconf 77' lang='grc' dir='ltr'>εἰπεῖν</span> <span class='ocrx_word' id='word_1_568' title='bbox 3449 1545 3513 1596; x_wconf 87' lang='grc' dir='ltr'>ἐκ</span> <span class='ocrx_word' id='word_1_569' title='bbox 3537 1544 3764 1613; x_wconf 86' lang='grc' dir='ltr'>καρδίας</span> <span class='ocrx_word' id='word_1_570' title='bbox 3812 1546 3897 1598; x_wconf 85' lang='grc' dir='ltr'>ὅτι</span> 
     </span>
    </p>
   </div>
   <div class='ocr_carea' id='block_1_72' title="bbox 2229 1631 3897 1705">
    <p class='ocr_par' dir='ltr' id='par_1_72' title="bbox 2229 1631 3897 1705">
     <span class='ocr_line' id='line_1_72' title="bbox 2229 1631 3897 1705; baseline -0.002 -17"><span class='ocrx_word' id='word_1_571' title='bbox 2229 1636 2421 1705; x_wconf 81' lang='grc' dir='ltr'>Ἀφες,</span> <span class='ocrx_word' id='word_1_572' title='bbox 2456 1635 2571 1688; x_wconf 84' lang='grc' dir='ltr'>ἀλλ’</span> <span class='ocrx_word' id='word_1_573' title='bbox 2602 1634 2712 1687; x_wconf 82' lang='grc' dir='ltr'>ἀπὸ</span> <span class='ocrx_word' id='word_1_574' title='bbox 2736 1634 3026 1704; x_wconf 84' lang='grc' dir='ltr'>στόματος,</span> <span class='ocrx_word' id='word_1_575' title='bbox 3061 1633 3114 1687; x_wconf 89' lang='grc' dir='ltr'>τί</span> <span class='ocrx_word' id='word_1_576' title='bbox 3144 1634 3361 1703; x_wconf 82' lang='grc' dir='ltr'>ποιήσει</span> <span class='ocrx_word' id='word_1_577' title='bbox 3395 1632 3556 1695; x_wconf 82' lang='grc' dir='ltr'>αὐτός</span> <span class='ocrx_word' id='word_1_578' title='bbox 3582 1649 3597 1696; x_wconf 86' lang='lat'><strong>;</strong></span> <span class='ocrx_word' id='word_1_579' title='bbox 3632 1631 3695 1683; x_wconf 90' lang='grc' dir='ltr'>Τί</span> <span class='ocrx_word' id='word_1_580' title='bbox 3726 1634 3897 1700; x_wconf 85' lang='grc' dir='ltr'>ἐστιν,</span> 
     </span>
    </p>
   </div>
   <div class='ocr_carea' id='block_1_73' title="bbox 2227 1720 3900 1795">
    <p class='ocr_par' dir='ltr' id='par_1_73' title="bbox 2227 1720 3900 1795">
     <span class='ocr_line' id='line_1_73' title="bbox 2227 1720 3900 1795; baseline -0.003 -17"><span class='ocrx_word' id='word_1_581' title='bbox 2227 1726 2285 1778; x_wconf 83' lang='grc' dir='ltr'>ἐν</span> <span class='ocrx_word' id='word_1_582' title='bbox 2312 1723 2542 1795; x_wconf 77' lang='grc' dir='ltr'>ἀληθείᾳ</span> <span class='ocrx_word' id='word_1_583' title='bbox 2571 1723 2757 1777; x_wconf 90' lang='grc' dir='ltr'>καλεῖν</span> <span class='ocrx_word' id='word_1_584' title='bbox 2775 1741 2790 1789; x_wconf 86' lang='grc'>;</span> <span class='ocrx_word' id='word_1_585' title='bbox 2810 1721 2965 1776; x_wconf 86' lang='grc' dir='ltr'>Μετά</span> <span class='ocrx_word' id='word_1_586' title='bbox 2980 1723 3376 1794; x_wconf 79' lang='grc' dir='ltr'>προαιρέσεως,</span> <span class='ocrx_word' id='word_1_587' title='bbox 3407 1722 3545 1793; x_wconf 83' lang='grc' dir='ltr'>μετὰ</span> <span class='ocrx_word' id='word_1_588' title='bbox 3562 1720 3900 1792; x_wconf 88' lang='grc' dir='ltr'>προθυμίας,</span> 
     </span>
    </p>
   </div>
   <div class='ocr_carea' id='block_1_74' title="bbox 2232 1804 3901 1883">
    <p class='ocr_par' dir='ltr' id='par_1_74' title="bbox 2232 1804 3901 1883">
     <span class='ocr_line' id='line_1_74' title="bbox 2232 1804 3901 1883; baseline -0.002 -18"><span class='ocrx_word' id='word_1_589' title='bbox 2232 1811 2369 1883; x_wconf 87' lang='grc' dir='ltr'>μετά</span> <span class='ocrx_word' id='word_1_590' title='bbox 2397 1811 2632 1874; x_wconf 88' lang='grc' dir='ltr'>διανοίας</span> <span class='ocrx_word' id='word_1_591' title='bbox 2658 1809 3003 1881; x_wconf 67' lang='grc' dir='ltr'>εἰλικρινοῦς</span> <span class='ocrx_word' id='word_1_592' title='bbox 3022 1804 3132 1863; x_wconf 76' lang='grc' dir='ltr'>οἷον</span> <span class='ocrx_word' id='word_1_593' title='bbox 3161 1811 3253 1862; x_wconf 72' lang='grc' dir='ltr'>ἐπὶ</span> <span class='ocrx_word' id='word_1_594' title='bbox 3283 1809 3391 1863; x_wconf 87' lang='grc' dir='ltr'>τῶν</span> <span class='ocrx_word' id='word_1_595' title='bbox 3415 1808 3598 1882; x_wconf 87' lang='grc' dir='ltr'>μύρων</span> <span class='ocrx_word' id='word_1_596' title='bbox 3625 1809 3901 1877; x_wconf 83' lang='grc' dir='ltr'>λέγουσιν,</span> 
     </span>
    </p>
   </div>
   <div class='ocr_carea' id='block_1_75' title="bbox 2228 1898 3901 1972">
    <p class='ocr_par' dir='ltr' id='par_1_75' title="bbox 2228 1898 3901 1972">
     <span class='ocr_line' id='line_1_75' title="bbox 2228 1898 3901 1972; baseline -0.001 -19"><span class='ocrx_word' id='word_1_597' title='bbox 2228 1900 2480 1972; x_wconf 84' lang='grc' dir='ltr'>ἀληθινόν</span> <span class='ocrx_word' id='word_1_598' title='bbox 2509 1902 2674 1964; x_wconf 87' lang='grc' dir='ltr'>ἐστιν,</span> <span class='ocrx_word' id='word_1_599' title='bbox 2705 1899 2858 1952; x_wconf 84' lang='grc' dir='ltr'>οὐδὲν</span> <span class='ocrx_word' id='word_1_600' title='bbox 2888 1899 3001 1970; x_wconf 77' lang='grc' dir='ltr'>ἔχει</span> <span class='ocrx_word' id='word_1_601' title='bbox 3021 1898 3191 1951; x_wconf 83' lang='grc' dir='ltr'>νόθον·</span> <span class='ocrx_word' id='word_1_602' title='bbox 3244 1898 3387 1951; x_wconf 76' lang='grc' dir='ltr'>οὕτω</span> <span class='ocrx_word' id='word_1_603' title='bbox 3419 1899 3511 1951; x_wconf 72' lang='grc' dir='ltr'>καὶ</span> <span class='ocrx_word' id='word_1_604' title='bbox 3532 1900 3663 1951; x_wconf 88' lang='grc' dir='ltr'>ἐκεῖ.</span> <span class='ocrx_word' id='word_1_605' title='bbox 3702 1898 3764 1951; x_wconf 86' lang='lat'><strong>&#39;0</strong></span> <span class='ocrx_word' id='word_1_606' title='bbox 3810 1899 3901 1951; x_wconf 78' lang='grc' dir='ltr'>δν-</span> 
     </span>
    </p>
   </div>
   <div class='ocr_carea' id='block_1_76' title="bbox 2230 1986 3898 2057">
    <p class='ocr_par' dir='ltr' id='par_1_76' title="bbox 2230 1986 3898 2057">
     <span class='ocr_line' id='line_1_76' title="bbox 2230 1986 3898 2057; baseline -0.002 -15"><span class='ocrx_word' id='word_1_607' title='bbox 2230 2006 2337 2053; x_wconf 87' lang='grc' dir='ltr'>τως</span> <span class='ocrx_word' id='word_1_608' title='bbox 2375 1988 2536 2043; x_wconf 79' lang='grc' dir='ltr'>αὑτὸν</span> <span class='ocrx_word' id='word_1_609' title='bbox 2557 1987 2759 2051; x_wconf 87' lang='grc' dir='ltr'>καλῶν,</span> <span class='ocrx_word' id='word_1_610' title='bbox 2788 1989 2885 2042; x_wconf 79' lang='grc' dir='ltr'>καὶ</span> <span class='ocrx_word' id='word_1_611' title='bbox 2933 1990 2961 2042; x_wconf 86' lang='lat'>6</span> <span class='ocrx_word' id='word_1_612' title='bbox 2990 1987 3157 2050; x_wconf 77' lang='grc' dir='ltr'>ὅντως</span> <span class='ocrx_word' id='word_1_613' title='bbox 3188 1986 3354 2041; x_wconf 84' lang='grc' dir='ltr'>αὑτοῦ</span> <span class='ocrx_word' id='word_1_614' title='bbox 3413 1987 3685 2056; x_wconf 87' lang='grc' dir='ltr'>δεόμενος,</span> <span class='ocrx_word' id='word_1_615' title='bbox 3734 2003 3898 2057; x_wconf 78' lang='grc' dir='ltr'>προσ-</span> 
     </span>
    </p>
   </div>
   <div class='ocr_carea' id='block_1_77' title="bbox 2232 2074 3901 2150">
    <p class='ocr_par' dir='ltr' id='par_1_77' title="bbox 2232 2074 3901 2150">
     <span class='ocr_line' id='line_1_77' title="bbox 2232 2074 3901 2150; baseline -0.002 -19"><span class='ocrx_word' id='word_1_616' title='bbox 2232 2078 2441 2150; x_wconf 86' lang='grc' dir='ltr'>εδρεύει</span> <span class='ocrx_word' id='word_1_617' title='bbox 2482 2077 2794 2145; x_wconf 81' lang='grc' dir='ltr'>διαπαντὸς,</span> <span class='ocrx_word' id='word_1_618' title='bbox 2842 2078 2942 2131; x_wconf 81' lang='grc' dir='ltr'>οὐκ</span> <span class='ocrx_word' id='word_1_619' title='bbox 2967 2078 3257 2148; x_wconf 87' lang='grc' dir='ltr'>ἀφίσταται</span> <span class='ocrx_word' id='word_1_620' title='bbox 3301 2078 3404 2139; x_wconf 75' lang='grc' dir='ltr'>ἕως</span> <span class='ocrx_word' id='word_1_621' title='bbox 3459 2075 3526 2128; x_wconf 85' lang='grc' dir='ltr'>ἂν</span> <span class='ocrx_word' id='word_1_622' title='bbox 3557 2074 3721 2147; x_wconf 79' lang='grc' dir='ltr'>λάὀῃ·</span> <span class='ocrx_word' id='word_1_623' title='bbox 3773 2076 3803 2128; x_wconf 93' lang='lat'>6</span> <span class='ocrx_word' id='word_1_624' title='bbox 3845 2076 3901 2128; x_wconf 79' lang='grc' dir='ltr'>δὲ</span> 
     </span>
    </p>
   </div>
   <div class='ocr_carea' id='block_1_78' title="bbox 2234 2164 3901 2239">
    <p class='ocr_par' dir='ltr' id='par_1_78' title="bbox 2234 2164 3901 2239">
     <span class='ocr_line' id='line_1_78' title="bbox 2234 2164 3901 2239; baseline -0.003 -18"><span class='ocrx_word' id='word_1_625' title='bbox 2234 2168 2418 2231; x_wconf 83' lang='grc' dir='ltr'>ἁπλῶς</span> <span class='ocrx_word' id='word_1_626' title='bbox 2449 2167 2859 2239; x_wconf 90' lang='grc' dir='ltr'>ἀφοσιούμενος,</span> <span class='ocrx_word' id='word_1_627' title='bbox 2900 2166 2993 2221; x_wconf 65' lang='grc' dir='ltr'>καὶ⁵</span> <span class='ocrx_word' id='word_1_628' title='bbox 3022 2165 3171 2237; x_wconf 82' lang='grc' dir='ltr'>αὐτῷ</span> <span class='ocrx_word' id='word_1_629' title='bbox 3198 2164 3372 2235; x_wconf 87' lang='grc' dir='ltr'>τούτῳ</span> <span class='ocrx_word' id='word_1_630' title='bbox 3408 2165 3570 2236; x_wconf 89' lang='grc' dir='ltr'>νόμον</span> <span class='ocrx_word' id='word_1_631' title='bbox 3596 2165 3823 2236; x_wconf 89' lang='grc' dir='ltr'>πληρῶν</span> <span class='ocrx_word' id='word_1_632' title='bbox 3850 2164 3901 2223; x_wconf 69' lang='grc' dir='ltr'>δ,</span> 
     </span>
    </p>
   </div>
   <div class='ocr_carea' id='block_1_79' title="bbox 2233 2250 3905 2329">
    <p class='ocr_par' dir='ltr' id='par_1_79' title="bbox 2233 2250 3905 2329">
     <span class='ocr_line' id='line_1_79' title="bbox 2233 2250 3905 2329; baseline -0.002 -19"><span class='ocrx_word' id='word_1_633' title='bbox 2233 2258 2334 2310; x_wconf 78' lang='grc' dir='ltr'>οὐκ</span> <span class='ocrx_word' id='word_1_634' title='bbox 2358 2259 2414 2310; x_wconf 86' lang='grc' dir='ltr'>ἐν</span> <span class='ocrx_word' id='word_1_635' title='bbox 2437 2257 2665 2329; x_wconf 82' lang='grc' dir='ltr'>ἀληθείᾳ</span> <span class='ocrx_word' id='word_1_636' title='bbox 2715 2256 2889 2312; x_wconf 89' lang='grc' dir='ltr'>καλεῖ.</span> <span class='ocrx_word' id='word_1_637' title='bbox 2944 2257 3061 2319; x_wconf 82' lang='grc' dir='ltr'>Πᾶς</span> <span class='ocrx_word' id='word_1_638' title='bbox 3118 2256 3267 2320; x_wconf 83' lang='grc' dir='ltr'>ὅστις</span> <span class='ocrx_word' id='word_1_639' title='bbox 3301 2255 3367 2309; x_wconf 84' lang='grc' dir='ltr'>ἂν</span> <span class='ocrx_word' id='word_1_640' title='bbox 3391 2250 3478 2327; x_wconf 80' lang='grc' dir='ltr'>ᾗς,</span> <span class='ocrx_word' id='word_1_641' title='bbox 3515 2256 3589 2324; x_wconf 83' lang='grc' dir='ltr'>μὴ</span> <span class='ocrx_word' id='word_1_642' title='bbox 3616 2255 3766 2321; x_wconf 89' lang='grc' dir='ltr'>λέγε,</span> <span class='ocrx_word' id='word_1_643' title='bbox 3821 2256 3905 2307; x_wconf 79' lang='grc' dir='ltr'>ὅτι</span> 
     </span>
    </p>
   </div>
   <div class='ocr_carea' id='block_1_80' title="bbox 2248 2342 3905 2418">
    <p class='ocr_par' dir='ltr' id='par_1_80' title="bbox 2248 2342 3905 2418">
     <span class='ocr_line' id='line_1_80' title="bbox 2248 2342 3905 2418; baseline -0.002 -20"><span class='ocrx_word' id='word_1_644' title='bbox 2248 2345 2593 2418; x_wconf 83' lang='grc' dir='ltr'>Ἀμαρτωλός</span> <span class='ocrx_word' id='word_1_645' title='bbox 2614 2347 2749 2416; x_wconf 88' lang='grc' dir='ltr'>εἰμι,</span> <span class='ocrx_word' id='word_1_646' title='bbox 2784 2346 2964 2408; x_wconf 78' lang='grc' dir='ltr'>μόνον,</span> <span class='ocrx_word' id='word_1_647' title='bbox 2994 2344 3130 2398; x_wconf 82' lang='grc' dir='ltr'>ἀλλὰ</span> <span class='ocrx_word' id='word_1_648' title='bbox 3161 2345 3257 2399; x_wconf 70' lang='grc' dir='ltr'>καὶ</span> <span class='ocrx_word' id='word_1_649' title='bbox 3294 2344 3563 2407; x_wconf 80' lang='grc' dir='ltr'>σπούδαζε</span> <span class='ocrx_word' id='word_1_650' title='bbox 3594 2342 3905 2406; x_wconf 80' lang='grc' dir='ltr'>ἀπαλλάξαι</span> 
     </span>
    </p>
   </div>
   <div class='ocr_carea' id='block_1_81' title="bbox 2239 2431 3906 2505">
    <p class='ocr_par' dir='ltr' id='par_1_81' title="bbox 2239 2431 3906 2505">
     <span class='ocr_line' id='line_1_81' title="bbox 2239 2431 3906 2505; baseline -0.001 -19"><span class='ocrx_word' id='word_1_651' title='bbox 2239 2434 2432 2487; x_wconf 81' lang='grc' dir='ltr'>σαυτὸν</span> <span class='ocrx_word' id='word_1_652' title='bbox 2477 2433 2682 2503; x_wconf 87' lang='grc' dir='ltr'>ταύτης</span> <span class='ocrx_word' id='word_1_653' title='bbox 2710 2434 2813 2504; x_wconf 79' lang='grc' dir='ltr'>τῆς</span> <span class='ocrx_word' id='word_1_654' title='bbox 2852 2434 3031 2505; x_wconf 80' lang='grc' dir='ltr'>δόξης·</span> <span class='ocrx_word' id='word_1_655' title='bbox 3060 2434 3134 2505; x_wconf 81' lang='grc' dir='ltr'>μὴ</span> <span class='ocrx_word' id='word_1_656' title='bbox 3163 2434 3309 2501; x_wconf 88' lang='grc' dir='ltr'>λέγε,</span> <span class='ocrx_word' id='word_1_657' title='bbox 3351 2432 3485 2486; x_wconf 88' lang='grc' dir='ltr'>ἀλλά</span> <span class='ocrx_word' id='word_1_658' title='bbox 3510 2432 3604 2485; x_wconf 76' lang='grc' dir='ltr'>καὶ</span> <span class='ocrx_word' id='word_1_659' title='bbox 3637 2432 3815 2501; x_wconf 81' lang='grc' dir='ltr'>ἀλγει.</span> <span class='ocrx_word' id='word_1_660' title='bbox 3842 2431 3906 2485; x_wconf 79' lang='grc' dir='ltr'>Εἰ</span> 
     </span>
    </p>
   </div>
   <div class='ocr_carea' id='block_1_82' title="bbox 2238 2519 3906 2593">
    <p class='ocr_par' dir='ltr' id='par_1_82' title="bbox 2238 2519 3906 2593">
     <span class='ocr_line' id='line_1_82' title="bbox 2238 2519 3906 2593; baseline -0.002 -18"><span class='ocrx_word' id='word_1_661' title='bbox 2238 2522 2443 2590; x_wconf 88' lang='grc' dir='ltr'>ἀλγεῖς,</span> <span class='ocrx_word' id='word_1_662' title='bbox 2478 2522 2817 2585; x_wconf 78' lang='grc' dir='ltr'>σπουδάζεις·</span> <span class='ocrx_word' id='word_1_663' title='bbox 2867 2524 2917 2575; x_wconf 83' lang='grc' dir='ltr'>εἰ</span> <span class='ocrx_word' id='word_1_664' title='bbox 2968 2522 3042 2593; x_wconf 82' lang='grc' dir='ltr'>μὴ</span> <span class='ocrx_word' id='word_1_665' title='bbox 3097 2520 3436 2584; x_wconf 79' lang='grc' dir='ltr'>σπουδάζεις,</span> <span class='ocrx_word' id='word_1_666' title='bbox 3471 2520 3571 2572; x_wconf 86' lang='grc' dir='ltr'>οὐκ</span> <span class='ocrx_word' id='word_1_667' title='bbox 3603 2519 3807 2587; x_wconf 82' lang='grc' dir='ltr'>ἀλγεῖς·</span> <span class='ocrx_word' id='word_1_668' title='bbox 3856 2520 3906 2572; x_wconf 83' lang='grc' dir='ltr'>εἰ</span> 
     </span>
    </p>
   </div>
   <div class='ocr_carea' id='block_1_83' title="bbox 2242 2608 3908 2680">
    <p class='ocr_par' dir='ltr' id='par_1_83' title="bbox 2242 2608 3908 2680">
     <span class='ocr_line' id='line_1_83' title="bbox 2242 2608 3908 2680; baseline -0.001 -19"><span class='ocrx_word' id='word_1_669' title='bbox 2242 2612 2316 2680; x_wconf 81' lang='grc' dir='ltr'>μὴ</span> <span class='ocrx_word' id='word_1_670' title='bbox 2340 2608 2543 2676; x_wconf 89' lang='grc' dir='ltr'>ἀλγεῖς,</span> <span class='ocrx_word' id='word_1_671' title='bbox 2570 2610 2872 2680; x_wconf 77' lang='grc' dir='ltr'>χλευάζεις.</span> <span class='ocrx_word' id='word_1_672' title='bbox 2922 2611 3018 2673; x_wconf 87' lang='grc' dir='ltr'>Τίς</span> <span class='ocrx_word' id='word_1_673' title='bbox 3077 2609 3249 2678; x_wconf 80' lang='grc' dir='ltr'>λέγων</span> <span class='ocrx_word' id='word_1_674' title='bbox 3276 2610 3358 2662; x_wconf 83' lang='grc' dir='ltr'>ὅτι</span> <span class='ocrx_word' id='word_1_675' title='bbox 3406 2609 3583 2673; x_wconf 86' lang='grc' dir='ltr'>Νοσῶ,</span> <span class='ocrx_word' id='word_1_676' title='bbox 3612 2609 3675 2660; x_wconf 83' lang='grc' dir='ltr'>ού</span> <span class='ocrx_word' id='word_1_677' title='bbox 3728 2609 3908 2660; x_wconf 84' lang='grc' dir='ltr'>πάντα</span> 
     </span>
    </p>
   </div>
   <div class='ocr_carea' id='block_1_84' title="bbox 2240 2697 3910 2768">
    <p class='ocr_par' dir='ltr' id='par_1_84' title="bbox 2240 2697 3910 2768">
     <span class='ocr_line' id='line_1_84' title="bbox 2240 2697 3910 2768; baseline -0.001 -19"><span class='ocrx_word' id='word_1_678' title='bbox 2240 2699 2384 2750; x_wconf 89' lang='grc' dir='ltr'>ποιεῖ</span> <span class='ocrx_word' id='word_1_679' title='bbox 2406 2697 2548 2751; x_wconf 85' lang='grc' dir='ltr'>ὥστε</span> <span class='ocrx_word' id='word_1_680' title='bbox 2573 2698 2997 2768; x_wconf 84' lang='grc' dir='ltr'>άπαλλαγῆναι;</span> <span class='ocrx_word' id='word_1_681' title='bbox 3038 2699 3196 2766; x_wconf 82' lang='grc' dir='ltr'>Μέγα</span> <span class='ocrx_word' id='word_1_682' title='bbox 3242 2699 3403 2751; x_wconf 81' lang='grc' dir='ltr'>ὅπλον</span> <span class='ocrx_word' id='word_1_683' title='bbox 3435 2698 3589 2767; x_wconf 79' lang='grc' dir='ltr'>εὐχή.</span> <span class='ocrx_word' id='word_1_684' title='bbox 3639 2697 3700 2749; x_wconf 88' lang='grc' dir='ltr'>Εἰ</span> <span class='ocrx_word' id='word_1_685' title='bbox 3752 2698 3910 2765; x_wconf 84' lang='grc' dir='ltr'>ὑμεῖς</span> 
     </span>
    </p>
   </div>
   <div class='ocr_carea' id='block_1_85' title="bbox 2240 2786 3903 2858">
    <p class='ocr_par' dir='ltr' id='par_1_85' title="bbox 2240 2786 3903 2858">
     <span class='ocr_line' id='line_1_85' title="bbox 2240 2786 3903 2858; baseline -0.002 -19"><span class='ocrx_word' id='word_1_686' title='bbox 2240 2786 2440 2850; x_wconf 77' lang='grc' dir='ltr'>οἴδατε,</span> <span class='ocrx_word' id='word_1_687' title='bbox 2467 2788 2620 2857; x_wconf 74' lang='grc' dir='ltr'>φησί,</span> <span class='ocrx_word' id='word_1_688' title='bbox 2655 2787 2865 2858; x_wconf 88' lang='grc' dir='ltr'>δόματα</span> <span class='ocrx_word' id='word_1_689' title='bbox 2891 2788 3072 2856; x_wconf 85' lang='grc' dir='ltr'>ἀγαθά</span> <span class='ocrx_word' id='word_1_690' title='bbox 3117 2788 3313 2840; x_wconf 85' lang='grc' dir='ltr'>διδόναι</span> <span class='ocrx_word' id='word_1_691' title='bbox 3344 2790 3455 2849; x_wconf 90' lang='grc' dir='ltr'>τοῖς</span> <span class='ocrx_word' id='word_1_692' title='bbox 3486 2787 3697 2848; x_wconf 87' lang='grc' dir='ltr'>τέκνοις</span> <span class='ocrx_word' id='word_1_693' title='bbox 3734 2786 3903 2854; x_wconf 81' lang='grc' dir='ltr'>ὑμῶν,</span> 
     </span>
    </p>
   </div>
   <div class='ocr_carea' id='block_1_86' title="bbox 2242 2873 3909 2948">
    <p class='ocr_par' dir='ltr' id='par_1_86' title="bbox 2242 2873 3909 2948">
     <span class='ocr_line' id='line_1_86' title="bbox 2242 2873 3909 2948; baseline -0.002 -19"><span class='ocrx_word' id='word_1_694' title='bbox 2242 2877 2396 2947; x_wconf 73' lang='grc' dir='ltr'>πόσῳ</span> <span class='ocrx_word' id='word_1_695' title='bbox 2434 2876 2635 2947; x_wconf 81' lang='grc' dir='ltr'>μᾶλλον</span> <span class='ocrx_word' id='word_1_696' title='bbox 2668 2879 2696 2930; x_wconf 91' lang='lat'>6</span> <span class='ocrx_word' id='word_1_697' title='bbox 2718 2876 2906 2948; x_wconf 81' lang='grc' dir='ltr'>Πατήρ</span> <span class='ocrx_word' id='word_1_698' title='bbox 2928 2876 3120 2946; x_wconf 84' lang='grc' dir='ltr'>ὑμῶν;</span> <span class='ocrx_word' id='word_1_699' title='bbox 3156 2876 3255 2929; x_wconf 84' lang='grc' dir='ltr'>Διά</span> <span class='ocrx_word' id='word_1_700' title='bbox 3277 2876 3332 2928; x_wconf 85' lang='grc' dir='ltr'>τί</span> <span class='ocrx_word' id='word_1_701' title='bbox 3365 2876 3428 2928; x_wconf 86' lang='grc' dir='ltr'>ού</span> <span class='ocrx_word' id='word_1_702' title='bbox 3453 2875 3627 2938; x_wconf 85' lang='grc' dir='ltr'>θέλεις</span> <span class='ocrx_word' id='word_1_703' title='bbox 3679 2873 3909 2945; x_wconf 72' lang='grc' dir='ltr'>προσελ-</span> 
     </span>
    </p>
   </div>
   <div class='ocr_carea' id='block_1_87' title="bbox 2243 2961 3907 3032">
    <p class='ocr_par' dir='ltr' id='par_1_87' title="bbox 2243 2961 3907 3032">
     <span class='ocr_line' id='line_1_87' title="bbox 2243 2961 3907 3032; baseline -0.002 -17"><span class='ocrx_word' id='word_1_704' title='bbox 2243 2963 2392 3029; x_wconf 90' lang='grc' dir='ltr'>θεῖν;</span> <span class='ocrx_word' id='word_1_705' title='bbox 2423 2963 2571 3016; x_wconf 80' lang='grc' dir='ltr'>Φιλεῖ</span> <span class='ocrx_word' id='word_1_706' title='bbox 2594 2980 2674 3028; x_wconf 91' lang='grc' dir='ltr'>σε,</span> <span class='ocrx_word' id='word_1_707' title='bbox 2710 2964 2931 3018; x_wconf 89' lang='grc' dir='ltr'>δύναται</span> <span class='ocrx_word' id='word_1_708' title='bbox 2952 2964 3171 3018; x_wconf 88' lang='grc' dir='ltr'>πάντων</span> <span class='ocrx_word' id='word_1_709' title='bbox 3200 2964 3381 3018; x_wconf 84' lang='grc' dir='ltr'>πλέον·</span> <span class='ocrx_word' id='word_1_710' title='bbox 3404 2965 3499 3017; x_wconf 76' lang='grc' dir='ltr'>καὶ</span> <span class='ocrx_word' id='word_1_711' title='bbox 3533 2961 3784 3032; x_wconf 83' lang='grc' dir='ltr'>βούλεται</span> <span class='ocrx_word' id='word_1_712' title='bbox 3815 2966 3907 3013; x_wconf 77' lang='grc' dir='ltr'>καὶ</span> 
     </span>
    </p>
   </div>
   <div class='ocr_carea' id='block_1_88' title="bbox 2241 3049 3911 3122">
    <p class='ocr_par' dir='ltr' id='par_1_88' title="bbox 2241 3049 3911 3122">
     <span class='ocr_line' id='line_1_88' title="bbox 2241 3049 3911 3122; baseline -0.001 -19"><span class='ocrx_word' id='word_1_713' title='bbox 2241 3049 2484 3110; x_wconf 89' lang='grc' dir='ltr'>δύναται,</span> <span class='ocrx_word' id='word_1_714' title='bbox 2519 3052 2570 3104; x_wconf 87' lang='grc' dir='ltr'>τί</span> <span class='ocrx_word' id='word_1_715' title='bbox 2598 3050 2659 3103; x_wconf 85' lang='grc' dir='ltr'>τὸ</span> <span class='ocrx_word' id='word_1_716' title='bbox 2682 3052 2926 3118; x_wconf 86' lang='grc' dir='ltr'>κωλύον;</span> <span class='ocrx_word' id='word_1_717' title='bbox 2960 3052 3145 3105; x_wconf 81' lang='grc' dir='ltr'>Οὐδέν.</span> <span class='ocrx_word' id='word_1_718' title='bbox 3179 3051 3386 3105; x_wconf 80' lang='grc' dir='ltr'>Οὐκοῦν</span> <span class='ocrx_word' id='word_1_719' title='bbox 3430 3050 3747 3122; x_wconf 89' lang='grc' dir='ltr'>προσίωμεν</span> <span class='ocrx_word' id='word_1_720' title='bbox 3776 3050 3911 3119; x_wconf 85' lang='grc' dir='ltr'>μετά</span> 
     </span>
    </p>
   </div>
   <div class='ocr_carea' id='block_1_89' title="bbox 2242 3137 3910 3212">
    <p class='ocr_par' dir='ltr' id='par_1_89' title="bbox 2242 3137 3910 3212">
     <span class='ocr_line' id='line_1_89' title="bbox 2242 3137 3910 3212; baseline -0.001 -21"><span class='ocrx_word' id='word_1_721' title='bbox 2242 3141 2497 3205; x_wconf 85' lang='grc' dir='ltr'>πίστεως,</span> <span class='ocrx_word' id='word_1_722' title='bbox 2522 3138 2837 3211; x_wconf 87' lang='grc' dir='ltr'>προσίωμεν</span> <span class='ocrx_word' id='word_1_723' title='bbox 2870 3141 2937 3194; x_wconf 88' lang='grc' dir='ltr'>τὰ</span> <span class='ocrx_word' id='word_1_724' title='bbox 2956 3140 3104 3211; x_wconf 88' lang='grc' dir='ltr'>δῶρα</span> <span class='ocrx_word' id='word_1_725' title='bbox 3148 3140 3547 3212; x_wconf 84' lang='grc' dir='ltr'>προσφέροντες</span> <span class='ocrx_word' id='word_1_726' title='bbox 3576 3138 3612 3192; x_wconf 79' lang='grc' dir='ltr'><strong>ἃ</strong></span> <span class='ocrx_word' id='word_1_727' title='bbox 3639 3137 3910 3207; x_wconf 84' lang='grc' dir='ltr'>βούλεται,</span> 
     </span>
    </p>
   </div>
   <div class='ocr_carea' id='block_1_90' title="bbox 2243 3225 3913 3301">
    <p class='ocr_par' dir='ltr' id='par_1_90' title="bbox 2243 3225 3913 3301">
     <span class='ocr_line' id='line_1_90' title="bbox 2243 3225 3913 3301; baseline -0.002 -20"><span class='ocrx_word' id='word_1_728' title='bbox 2243 3228 2673 3299; x_wconf 87' lang='grc' dir='ltr'>ἀμνησικακίαν,</span> <span class='ocrx_word' id='word_1_729' title='bbox 2696 3228 3061 3301; x_wconf 85' lang='grc' dir='ltr'>χρηστότητα,</span> <span class='ocrx_word' id='word_1_730' title='bbox 3102 3229 3403 3300; x_wconf 85' lang='grc' dir='ltr'>πραότητα·</span> <span class='ocrx_word' id='word_1_731' title='bbox 3438 3227 3558 3280; x_wconf 82' lang='grc' dir='ltr'>Κάν</span> <span class='ocrx_word' id='word_1_732' title='bbox 3588 3225 3913 3298; x_wconf 70' lang='grc' dir='ltr'>ἁμαρτωλὸς</span> 
     </span>
    </p>
   </div>
   <div class='ocr_carea' id='block_1_91' title="bbox 2242 3315 3912 3393">
    <p class='ocr_par' dir='ltr' id='par_1_91' title="bbox 2242 3315 3912 3393">
     <span class='ocr_line' id='line_1_91' title="bbox 2242 3315 3912 3393; baseline -0.002 -19"><span class='ocrx_word' id='word_1_733' title='bbox 2242 3315 2329 3391; x_wconf 81' lang='grc' dir='ltr'>ᾗς,</span> <span class='ocrx_word' id='word_1_734' title='bbox 2367 3321 2503 3391; x_wconf 89' lang='grc' dir='ltr'>μετά</span> <span class='ocrx_word' id='word_1_735' title='bbox 2533 3321 2847 3393; x_wconf 75' lang='grc' dir='ltr'>παρρησίας</span> <span class='ocrx_word' id='word_1_736' title='bbox 2877 3320 3039 3373; x_wconf 81' lang='grc' dir='ltr'>αὑτὸν</span> <span class='ocrx_word' id='word_1_737' title='bbox 3068 3320 3393 3390; x_wconf 85' lang='grc' dir='ltr'>ἀπαιτήσεις</span> <span class='ocrx_word' id='word_1_738' title='bbox 3418 3319 3515 3391; x_wconf 76' lang='grc' dir='ltr'>τὴν</span> <span class='ocrx_word' id='word_1_739' title='bbox 3564 3320 3912 3391; x_wconf 87' lang='grc' dir='ltr'>συγχώρησιν</span> 
     </span>
    </p>
   </div>
   <div class='ocr_carea' id='block_1_92' title="bbox 2243 3406 3910 3479">
    <p class='ocr_par' dir='ltr' id='par_1_92' title="bbox 2243 3406 3910 3479">
     <span class='ocr_line' id='line_1_92' title="bbox 2243 3406 3910 3479; baseline 0.002 -22"><span class='ocrx_word' id='word_1_740' title='bbox 2243 3406 2353 3457; x_wconf 89' lang='grc' dir='ltr'>τῶν</span> <span class='ocrx_word' id='word_1_741' title='bbox 2383 3408 2819 3478; x_wconf 85' lang='grc' dir='ltr'>ἁμαρτημάτων,</span> <span class='ocrx_word' id='word_1_742' title='bbox 2852 3407 2991 3478; x_wconf 75' lang='grc' dir='ltr'>ἔχων</span> <span class='ocrx_word' id='word_1_743' title='bbox 3018 3407 3184 3473; x_wconf 81' lang='grc' dir='ltr'>δεῖξαι</span> <span class='ocrx_word' id='word_1_744' title='bbox 3220 3407 3373 3479; x_wconf 90' lang='grc' dir='ltr'>παρά</span> <span class='ocrx_word' id='word_1_745' title='bbox 3405 3406 3586 3478; x_wconf 81' lang='grc' dir='ltr'>σαυτῷ</span> <span class='ocrx_word' id='word_1_746' title='bbox 3612 3407 3777 3460; x_wconf 87' lang='grc' dir='ltr'>τοῦτο</span> <span class='ocrx_word' id='word_1_747' title='bbox 3822 3424 3910 3475; x_wconf 89' lang='grc' dir='ltr'>γε-</span> 
     </span>
    </p>
   </div>
   <div class='ocr_carea' id='block_1_93' title="bbox 2245 3491 3915 3567">
    <p class='ocr_par' dir='ltr' id='par_1_93' title="bbox 2245 3491 3915 3567">
     <span class='ocr_line' id='line_1_93' title="bbox 2245 3491 3915 3567; baseline 0.001 -21"><span class='ocrx_word' id='word_1_748' title='bbox 2245 3495 2563 3564; x_wconf 91' lang='grc' dir='ltr'>γενημένον·</span> <span class='ocrx_word' id='word_1_749' title='bbox 2583 3494 2648 3548; x_wconf 85' lang='grc' dir='ltr'>ἂν</span> <span class='ocrx_word' id='word_1_750' title='bbox 2674 3494 2730 3548; x_wconf 87' lang='grc' dir='ltr'>δὲ</span> <span class='ocrx_word' id='word_1_751' title='bbox 2747 3494 2955 3558; x_wconf 88' lang='grc' dir='ltr'>δίκαιος</span> <span class='ocrx_word' id='word_1_752' title='bbox 2984 3491 3071 3567; x_wconf 82' lang='grc' dir='ltr'>ᾖς,</span> <span class='ocrx_word' id='word_1_753' title='bbox 3092 3494 3362 3548; x_wconf 76' lang='grc' dir='ltr'>καὶτοῦτο</span> <span class='ocrx_word' id='word_1_754' title='bbox 3394 3495 3466 3566; x_wconf 81' lang='grc' dir='ltr'>μή</span> <span class='ocrx_word' id='word_1_755' title='bbox 3488 3496 3618 3566; x_wconf 78' lang='grc' dir='ltr'>ἔχῃς</span> <span class='ocrx_word' id='word_1_756' title='bbox 3650 3495 3711 3548; x_wconf 84' lang='grc' dir='ltr'>τὸ</span> <span class='ocrx_word' id='word_1_757' title='bbox 3741 3496 3915 3565; x_wconf 86' lang='grc' dir='ltr'>ἀμνη-</span> 
     </span>
    </p>
   </div>
   <div class='ocr_carea' id='block_1_94' title="bbox 2250 3581 3918 3654">
    <p class='ocr_par' dir='ltr' id='par_1_94' title="bbox 2250 3581 3918 3654">
     <span class='ocr_line' id='line_1_94' title="bbox 2250 3581 3918 3654; baseline 0.002 -21"><span class='ocrx_word' id='word_1_758' title='bbox 2250 3584 2514 3646; x_wconf 89' lang='grc' dir='ltr'>σικακεῖν,</span> <span class='ocrx_word' id='word_1_759' title='bbox 2548 3581 2697 3635; x_wconf 81' lang='grc' dir='ltr'>οὐδὲν</span> <span class='ocrx_word' id='word_1_760' title='bbox 2728 3581 2963 3653; x_wconf 87' lang='grc' dir='ltr'>ῶνησας.</span> <span class='ocrx_word' id='word_1_761' title='bbox 2984 3584 3098 3635; x_wconf 83' lang='grc' dir='ltr'>Οὐκ</span> <span class='ocrx_word' id='word_1_762' title='bbox 3124 3582 3271 3636; x_wconf 78' lang='grc' dir='ltr'>ἔστιν</span> <span class='ocrx_word' id='word_1_763' title='bbox 3297 3582 3582 3654; x_wconf 78' lang='grc' dir='ltr'>ἄνθρωπον</span> <span class='ocrx_word' id='word_1_764' title='bbox 3610 3584 3821 3651; x_wconf 82' lang='grc' dir='ltr'>ἀφέντα</span> <span class='ocrx_word' id='word_1_765' title='bbox 3844 3585 3918 3653; x_wconf 84' lang='grc' dir='ltr'>τῷ</span> 
     </span>
    </p>
   </div>
   <div class='ocr_carea' id='block_1_95' title="bbox 2248 3669 3921 3744">
    <p class='ocr_par' dir='ltr' id='par_1_95' title="bbox 2248 3669 3921 3744">
     <span class='ocr_line' id='line_1_95' title="bbox 2248 3669 3921 3744; baseline 0.003 -22"><span class='ocrx_word' id='word_1_766' title='bbox 2248 3669 2495 3740; x_wconf 87' lang='grc' dir='ltr'>πλησίον,</span> <span class='ocrx_word' id='word_1_767' title='bbox 2528 3672 2602 3741; x_wconf 85' lang='grc' dir='ltr'>μὴ</span> <span class='ocrx_word' id='word_1_768' title='bbox 2625 3671 2887 3741; x_wconf 79' lang='grc' dir='ltr'>ἀκριϐοῦς</span> <span class='ocrx_word' id='word_1_769' title='bbox 2910 3677 3091 3744; x_wconf 85' lang='grc' dir='ltr'>τυχεῖν</span> <span class='ocrx_word' id='word_1_770' title='bbox 3128 3673 3225 3743; x_wconf 84' lang='grc' dir='ltr'>τῆς</span> <span class='ocrx_word' id='word_1_771' title='bbox 3246 3672 3512 3743; x_wconf 86' lang='grc' dir='ltr'>ἀφέσεως·</span> <span class='ocrx_word' id='word_1_772' title='bbox 3539 3673 3921 3743; x_wconf 86' lang='grc' dir='ltr'>φιλανθρωπό-</span> 
     </span>
    </p>
   </div>
   <div class='ocr_carea' id='block_1_96' title="bbox 2247 3757 3920 3832">
    <p class='ocr_par' dir='ltr' id='par_1_96' title="bbox 2247 3757 3920 3832">
     <span class='ocr_line' id='line_1_96' title="bbox 2247 3757 3920 3832; baseline 0.003 -20"><span class='ocrx_word' id='word_1_773' title='bbox 2247 3774 2402 3828; x_wconf 86' lang='grc' dir='ltr'>τερος</span> <span class='ocrx_word' id='word_1_774' title='bbox 2430 3757 2536 3829; x_wconf 85' lang='grc' dir='ltr'>γὰρ</span> <span class='ocrx_word' id='word_1_775' title='bbox 2557 3760 2589 3828; x_wconf 85' lang='grc' dir='ltr'>ἠ</span> <span class='ocrx_word' id='word_1_776' title='bbox 2600 3758 2715 3829; x_wconf 89' lang='grc' dir='ltr'>μῶν</span> <span class='ocrx_word' id='word_1_777' title='bbox 2737 3760 3086 3832; x_wconf 88' lang='grc' dir='ltr'>ἀσυγκρίτως</span> <span class='ocrx_word' id='word_1_778' title='bbox 3128 3761 3273 3815; x_wconf 77' lang='grc' dir='ltr'>ἐστὶν</span> <span class='ocrx_word' id='word_1_779' title='bbox 3298 3761 3326 3813; x_wconf 89' lang='lat'>6</span> <span class='ocrx_word' id='word_1_780' title='bbox 3357 3762 3510 3825; x_wconf 84' lang='grc' dir='ltr'>Θεός·</span> <span class='ocrx_word' id='word_1_781' title='bbox 3564 3762 3720 3815; x_wconf 87' lang='grc' dir='ltr'>τοῦτο</span> <span class='ocrx_word' id='word_1_782' title='bbox 3754 3765 3920 3817; x_wconf 79' lang='grc' dir='ltr'>παντὶ</span> 
     </span>
    </p>
   </div>
   <div class='ocr_carea' id='block_1_97' title="bbox 2246 3846 3917 3923">
    <p class='ocr_par' dir='ltr' id='par_1_97' title="bbox 2246 3846 3917 3923">
     <span class='ocr_line' id='line_1_97' title="bbox 2246 3846 3917 3923; baseline 0.004 -24"><span class='ocrx_word' id='word_1_783' title='bbox 2246 3846 2403 3918; x_wconf 85' lang='grc' dir='ltr'>δῆλον</span> <span class='ocrx_word' id='word_1_784' title='bbox 2435 3859 2480 3901; x_wconf 78' lang='grc' dir='ltr'>ε.</span> <span class='ocrx_word' id='word_1_785' title='bbox 2514 3849 2577 3900; x_wconf 86' lang='grc' dir='ltr'>Τί</span> <span class='ocrx_word' id='word_1_786' title='bbox 2607 3848 2816 3917; x_wconf 89' lang='grc' dir='ltr'>λέγεις;</span> <span class='ocrx_word' id='word_1_787' title='bbox 2852 3849 2977 3902; x_wconf 82' lang='grc' dir='ltr'>Ἐάν</span> <span class='ocrx_word' id='word_1_788' title='bbox 2999 3851 3178 3921; x_wconf 74' lang='grc' dir='ltr'>εἴπῃς,</span> <span class='ocrx_word' id='word_1_789' title='bbox 3217 3850 3532 3922; x_wconf 82' lang='grc' dir='ltr'>Ἢδικήθην,</span> <span class='ocrx_word' id='word_1_790' title='bbox 3560 3851 3723 3923; x_wconf 84' lang='grc' dir='ltr'>ὀργῆς</span> <span class='ocrx_word' id='word_1_791' title='bbox 3748 3853 3917 3922; x_wconf 64' lang='grc' dir='ltr'>ἐκράα</span> 
     </span>
    </p>
   </div>
   <div class='ocr_carea' id='block_1_98' title="bbox 2250 3935 3911 4012">
    <p class='ocr_par' dir='ltr' id='par_1_98' title="bbox 2250 3935 3911 4012">
     <span class='ocr_line' id='line_1_98' title="bbox 2250 3935 3911 4012; baseline 0.004 -24"><span class='ocrx_word' id='word_1_792' title='bbox 2250 3953 2410 4003; x_wconf 87' lang='grc' dir='ltr'>τησα,</span> <span class='ocrx_word' id='word_1_793' title='bbox 2463 3935 2634 4006; x_wconf 89' lang='grc' dir='ltr'>θυμοῦ</span> <span class='ocrx_word' id='word_1_794' title='bbox 2671 3938 2935 4007; x_wconf 86' lang='grc' dir='ltr'>ἐπήρειαν</span> <span class='ocrx_word' id='word_1_795' title='bbox 2983 3938 3183 3993; x_wconf 78' lang='grc' dir='ltr'>ἔπαθον</span> <span class='ocrx_word' id='word_1_796' title='bbox 3210 3939 3299 3992; x_wconf 80' lang='grc' dir='ltr'>διὰ</span> <span class='ocrx_word' id='word_1_797' title='bbox 3328 3941 3389 3993; x_wconf 82' lang='grc' dir='ltr'>τὸ</span> <span class='ocrx_word' id='word_1_798' title='bbox 3439 3941 3530 3994; x_wconf 75' lang='grc' dir='ltr'>σὺν</span> <span class='ocrx_word' id='word_1_799' title='bbox 3564 3941 3911 4012; x_wconf 85' lang='grc' dir='ltr'>πρόσταγμα,</span> 
     </span>
    </p>
   </div>
   <div class='ocr_carea' id='block_1_99' title="bbox 2250 4024 3913 4099">
    <p class='ocr_par' dir='ltr' id='par_1_99' title="bbox 2250 4024 3913 4099">
     <span class='ocr_line' id='line_1_99' title="bbox 2250 4024 3913 4099; baseline 0.003 -22"><span class='ocrx_word' id='word_1_800' title='bbox 2250 4026 2351 4077; x_wconf 81' lang='grc' dir='ltr'>οὐκ</span> <span class='ocrx_word' id='word_1_801' title='bbox 2372 4026 2572 4095; x_wconf 88' lang='grc' dir='ltr'>ἀφήσει</span> <span class='ocrx_word' id='word_1_802' title='bbox 2600 4025 2695 4079; x_wconf 77' lang='grc' dir='ltr'>καὶ</span> <span class='ocrx_word' id='word_1_803' title='bbox 2719 4024 2882 4089; x_wconf 83' lang='grc' dir='ltr'>αὑτός</span> <span class='ocrx_word' id='word_1_804' title='bbox 2906 4041 2920 4090; x_wconf 91' lang='grc'>;</span> <span class='ocrx_word' id='word_1_805' title='bbox 2958 4027 3182 4090; x_wconf 89' lang='grc' dir='ltr'>Πάντως</span> <span class='ocrx_word' id='word_1_806' title='bbox 3208 4028 3339 4096; x_wconf 86' lang='grc' dir='ltr'>γοῦν</span> <span class='ocrx_word' id='word_1_807' title='bbox 3372 4029 3593 4099; x_wconf 88' lang='grc' dir='ltr'>ἀφήσει.</span> <span class='ocrx_word' id='word_1_808' title='bbox 3628 4030 3787 4081; x_wconf 82' lang='grc' dir='ltr'>Ὥστε</span> <span class='ocrx_word' id='word_1_809' title='bbox 3815 4048 3913 4082; x_wconf 85' lang='grc' dir='ltr'>κα-</span> 
     </span>
    </p>
   </div>
   <div class='ocr_carea' id='block_1_100' title="bbox 2254 4113 3919 4190">
    <p class='ocr_par' dir='ltr' id='par_1_100' title="bbox 2254 4113 3919 4190">
     <span class='ocr_line' id='line_1_100' title="bbox 2254 4113 3919 4190; baseline 0.003 -24"><span class='ocrx_word' id='word_1_810' title='bbox 2254 4113 2564 4183; x_wconf 88' lang='grc' dir='ltr'>θαρίσωμεν</span> <span class='ocrx_word' id='word_1_811' title='bbox 2613 4113 2708 4184; x_wconf 77' lang='grc' dir='ltr'>τὴν</span> <span class='ocrx_word' id='word_1_812' title='bbox 2755 4114 2932 4184; x_wconf 72' lang='grc' dir='ltr'>ψυχὴν</span> <span class='ocrx_word' id='word_1_813' title='bbox 2959 4117 3059 4186; x_wconf 83' lang='grc' dir='ltr'>τῆς</span> <span class='ocrx_word' id='word_1_814' title='bbox 3092 4119 3479 4186; x_wconf 88' lang='grc' dir='ltr'>μνησικακίας.</span> <span class='ocrx_word' id='word_1_815' title='bbox 3545 4118 3731 4190; x_wconf 84' lang='grc' dir='ltr'>Ἀρκεῖ</span> <span class='ocrx_word' id='word_1_816' title='bbox 3760 4120 3919 4172; x_wconf 83' lang='grc' dir='ltr'>τοῦτο</span> 
     </span>
    </p>
   </div>
   <div class='ocr_carea' id='block_1_101' title="bbox 2255 4201 3919 4280">
    <p class='ocr_par' dir='ltr' id='par_1_101' title="bbox 2255 4201 3919 4280">
     <span class='ocr_line' id='line_1_101' title="bbox 2255 4201 3919 4280; baseline 0.005 -27"><span class='ocrx_word' id='word_1_817' title='bbox 2255 4202 2382 4271; x_wconf 85' lang='grc' dir='ltr'>ἡμῖν</span> <span class='ocrx_word' id='word_1_818' title='bbox 2424 4201 2553 4273; x_wconf 77' lang='grc' dir='ltr'>πρὸς</span> <span class='ocrx_word' id='word_1_819' title='bbox 2588 4201 2649 4254; x_wconf 86' lang='grc' dir='ltr'>τὸ</span> <span class='ocrx_word' id='word_1_820' title='bbox 2678 4203 3031 4274; x_wconf 84' lang='grc' dir='ltr'>ἀκουσθῆναι,</span> <span class='ocrx_word' id='word_1_821' title='bbox 3075 4207 3168 4259; x_wconf 68' lang='grc' dir='ltr'>καὶ</span> <span class='ocrx_word' id='word_1_822' title='bbox 3200 4207 3338 4276; x_wconf 88' lang='grc' dir='ltr'>μετά</span> <span class='ocrx_word' id='word_1_823' title='bbox 3361 4208 3575 4277; x_wconf 76' lang='grc' dir='ltr'>νήψεως</span> <span class='ocrx_word' id='word_1_824' title='bbox 3611 4207 3919 4280; x_wconf 82' lang='grc' dir='ltr'>προσευχώ-</span> 
     </span>
    </p>
   </div>
   <div class='ocr_carea' id='block_1_102' title="bbox 2257 4288 3919 4365">
    <p class='ocr_par' dir='ltr' id='par_1_102' title="bbox 2257 4288 3919 4365">
     <span class='ocr_line' id='line_1_102' title="bbox 2257 4288 3919 4365; baseline 0.006 -25"><span class='ocrx_word' id='word_1_825' title='bbox 2257 4288 2417 4356; x_wconf 88' lang='grc' dir='ltr'>μεθα,</span> <span class='ocrx_word' id='word_1_826' title='bbox 2450 4290 2544 4343; x_wconf 75' lang='grc' dir='ltr'>καὶ</span> <span class='ocrx_word' id='word_1_827' title='bbox 2583 4288 2733 4361; x_wconf 68' lang='lat'>[280]</span> <span class='ocrx_word' id='word_1_828' title='bbox 2765 4289 2964 4363; x_wconf 79' lang='grc' dir='ltr'>πολλῆς</span> <span class='ocrx_word' id='word_1_829' title='bbox 3012 4292 3113 4363; x_wconf 75' lang='grc' dir='ltr'>τῆς</span> <span class='ocrx_word' id='word_1_830' title='bbox 3159 4294 3504 4365; x_wconf 87' lang='grc' dir='ltr'>προσεδρίας,</span> <span class='ocrx_word' id='word_1_831' title='bbox 3531 4294 3617 4349; x_wconf 79' lang='grc' dir='ltr'>ἵνα</span> <span class='ocrx_word' id='word_1_832' title='bbox 3666 4296 3919 4364; x_wconf 66' lang='grc' dir='ltr'>δαψιλοῦς</span> 
     </span>
    </p>
   </div>
   <div class='ocr_carea' id='block_1_103' title="bbox 2253 4378 3921 4452">
    <p class='ocr_par' dir='ltr' id='par_1_103' title="bbox 2253 4378 3921 4452">
     <span class='ocr_line' id='line_1_103' title="bbox 2253 4378 3921 4452; baseline 0.005 -22"><span class='ocrx_word' id='word_1_833' title='bbox 2253 4380 2353 4449; x_wconf 84' lang='grc' dir='ltr'>τῆς</span> <span class='ocrx_word' id='word_1_834' title='bbox 2382 4379 2511 4449; x_wconf 80' lang='grc' dir='ltr'>παρ’</span> <span class='ocrx_word' id='word_1_835' title='bbox 2536 4378 2700 4432; x_wconf 75' lang='grc' dir='ltr'>αὐτοῦ</span> <span class='ocrx_word' id='word_1_836' title='bbox 2741 4379 3148 4452; x_wconf 86' lang='grc' dir='ltr'>φιλανθρωπίας</span> <span class='ocrx_word' id='word_1_837' title='bbox 3192 4382 3616 4447; x_wconf 86' lang='grc' dir='ltr'>ἀπολαύσαντες,</span> <span class='ocrx_word' id='word_1_838' title='bbox 3648 4386 3921 4450; x_wconf 80' lang='grc' dir='ltr'>καταξιω-</span> 
     </span>
    </p>
   </div>
   <div class='ocr_carea' id='block_1_104' title="bbox 2259 4464 3922 4542">
    <p class='ocr_par' dir='ltr' id='par_1_104' title="bbox 2259 4464 3922 4542">
     <span class='ocr_line' id='line_1_104' title="bbox 2259 4464 3922 4542; baseline 0.005 -24"><span class='ocrx_word' id='word_1_839' title='bbox 2259 4464 2439 4536; x_wconf 89' lang='grc' dir='ltr'>θῶμεν</span> <span class='ocrx_word' id='word_1_840' title='bbox 2470 4467 2577 4520; x_wconf 87' lang='grc' dir='ltr'>τῶν</span> <span class='ocrx_word' id='word_1_841' title='bbox 2601 4468 3021 4541; x_wconf 81' lang='grc' dir='ltr'>ἐπηγγελμένων</span> <span class='ocrx_word' id='word_1_842' title='bbox 3082 4470 3322 4539; x_wconf 88' lang='grc' dir='ltr'>ἀγαθῶν,</span> <span class='ocrx_word' id='word_1_843' title='bbox 3375 4471 3558 4542; x_wconf 86' lang='grc' dir='ltr'>χάριτι</span> <span class='ocrx_word' id='word_1_844' title='bbox 3607 4473 3703 4527; x_wconf 71' lang='grc' dir='ltr'>καὶ</span> <span class='ocrx_word' id='word_1_845' title='bbox 3737 4474 3922 4542; x_wconf 87' lang='grc' dir='ltr'>φιλαν-</span> 
     </span>
    </p>
   </div>
   <div class='ocr_carea' id='block_1_105' title="bbox 2255 4554 3921 4633">
    <p class='ocr_par' dir='ltr' id='par_1_105' title="bbox 2255 4554 3921 4633">
     <span class='ocr_line' id='line_1_105' title="bbox 2255 4554 3921 4633; baseline 0.005 -27"><span class='ocrx_word' id='word_1_846' title='bbox 2255 4554 2469 4626; x_wconf 79' lang='grc' dir='ltr'>θρωπίᾳ</span> <span class='ocrx_word' id='word_1_847' title='bbox 2493 4556 2586 4609; x_wconf 89' lang='grc' dir='ltr'>τοῦ</span> <span class='ocrx_word' id='word_1_848' title='bbox 2620 4557 2822 4628; x_wconf 84' lang='grc' dir='ltr'>Κυρίου</span> <span class='ocrx_word' id='word_1_849' title='bbox 2876 4559 3034 4629; x_wconf 91' lang='grc' dir='ltr'>ήμῶν</span> <span class='ocrx_word' id='word_1_850' title='bbox 3082 4559 3255 4631; x_wconf 80' lang='grc' dir='ltr'>Ἰησοῦ</span> <span class='ocrx_word' id='word_1_851' title='bbox 3300 4558 3557 4631; x_wconf 83' lang='grc' dir='ltr'>Χριστοῦ,</span> <span class='ocrx_word' id='word_1_852' title='bbox 3606 4562 3726 4631; x_wconf 81' lang='grc' dir='ltr'>μεθ’</span> <span class='ocrx_word' id='word_1_853' title='bbox 3746 4555 3808 4615; x_wconf 76' lang='grc' dir='ltr'>οὗ</span> <span class='ocrx_word' id='word_1_854' title='bbox 3845 4562 3921 4633; x_wconf 87' lang='grc' dir='ltr'>τῷ</span> 
     </span>
    </p>
   </div>
   <div class='ocr_carea' id='block_1_106' title="bbox 2255 4644 3919 4723">
    <p class='ocr_par' dir='ltr' id='par_1_106' title="bbox 2255 4644 3919 4723">
     <span class='ocr_line' id='line_1_106' title="bbox 2255 4644 3919 4723; baseline 0.005 -28"><span class='ocrx_word' id='word_1_855' title='bbox 2255 4645 2430 4716; x_wconf 77' lang='grc' dir='ltr'>Πατρῖ</span> <span class='ocrx_word' id='word_1_856' title='bbox 2457 4644 2573 4715; x_wconf 84' lang='grc' dir='ltr'>ἆμα</span> <span class='ocrx_word' id='word_1_857' title='bbox 2601 4646 2679 4715; x_wconf 87' lang='grc' dir='ltr'>τῷ</span> <span class='ocrx_word' id='word_1_858' title='bbox 2707 4647 2847 4718; x_wconf 86' lang='grc' dir='ltr'>ἁγίῳ</span> <span class='ocrx_word' id='word_1_859' title='bbox 2875 4647 3152 4719; x_wconf 87' lang='grc' dir='ltr'>Πνεύματι</span> <span class='ocrx_word' id='word_1_860' title='bbox 3184 4649 3329 4715; x_wconf 79' lang='grc' dir='ltr'>δόξα,</span> <span class='ocrx_word' id='word_1_861' title='bbox 3371 4650 3591 4721; x_wconf 88' lang='grc' dir='ltr'>κράτος,</span> <span class='ocrx_word' id='word_1_862' title='bbox 3638 4651 3791 4723; x_wconf 79' lang='grc' dir='ltr'>τιμὴ,</span> <span class='ocrx_word' id='word_1_863' title='bbox 3828 4652 3919 4706; x_wconf 89' lang='grc' dir='ltr'>νῦν</span> 
     </span>
    </p>
   </div>
   <div class='ocr_carea' id='block_1_107' title="bbox 2254 4732 3745 4811">
    <p class='ocr_par' dir='ltr' id='par_1_107' title="bbox 2254 4732 3745 4811">
     <span class='ocr_line' id='line_1_107' title="bbox 2254 4732 3745 4811; baseline 0.005 -26"><span class='ocrx_word' id='word_1_864' title='bbox 2254 4732 2350 4786; x_wconf 74' lang='grc' dir='ltr'>καὶ</span> <span class='ocrx_word' id='word_1_865' title='bbox 2370 4733 2479 4795; x_wconf 77' lang='grc' dir='ltr'>ἀεὶ,</span> <span class='ocrx_word' id='word_1_866' title='bbox 2507 4735 2603 4787; x_wconf 77' lang='grc' dir='ltr'>καὶ</span> <span class='ocrx_word' id='word_1_867' title='bbox 2626 4735 2705 4799; x_wconf 88' lang='grc' dir='ltr'>εἰς</span> <span class='ocrx_word' id='word_1_868' title='bbox 2736 4737 2861 4799; x_wconf 83' lang='grc' dir='ltr'>τοὺς</span> <span class='ocrx_word' id='word_1_869' title='bbox 2889 4737 3094 4800; x_wconf 89' lang='grc' dir='ltr'>αἰῶνας</span> <span class='ocrx_word' id='word_1_870' title='bbox 3124 4738 3232 4791; x_wconf 86' lang='grc' dir='ltr'>τῶν</span> <span class='ocrx_word' id='word_1_871' title='bbox 3271 4736 3501 4793; x_wconf 82' lang='grc' dir='ltr'>αἰώνων.</span> <span class='ocrx_word' id='word_1_872' title='bbox 3548 4739 3603 4796; x_wconf 85' lang='grc' dir='ltr'><strong>Ἀ</strong></span> <span class='ocrx_word' id='word_1_873' title='bbox 3615 4741 3745 4811; x_wconf 88' lang='grc' dir='ltr'>μήν.</span> 
     </span>
    </p>
   </div>
   <div class='ocr_carea' id='block_1_108' title="bbox 2320 4853 3917 4926">
    <p class='ocr_par' dir='ltr' id='par_1_108' title="bbox 2320 4853 3917 4926">
     <span class='ocr_line' id='line_1_108' title="bbox 2320 4853 3917 4926; baseline 0.008 -26"><span class='ocrx_word' id='word_1_874' title='bbox 2320 4853 2484 4926; x_wconf 50' lang='grc' dir='ltr'>ςΠΑἰὶἱ</span> <span class='ocrx_word' id='word_1_875' title='bbox 2505 4854 2728 4925; x_wconf 57' lang='grc' dir='ltr'>ἀφεθῆναί</span> <span class='ocrx_word' id='word_1_876' title='bbox 2760 4873 2888 4926; x_wconf 19' lang='lat' dir='ltr'>qm:</span> <span class='ocrx_word' id='word_1_877' title='bbox 2907 4858 2951 4926; x_wconf 74' lang='lat' dir='ltr'>_b</span> <span class='ocrx_word' id='word_1_878' title='bbox 2997 4858 3093 4926; x_wconf 63' lang='grc' dir='ltr'>Αίίἰ</span> <span class='ocrx_word' id='word_1_879' title='bbox 3127 4859 3356 4926; x_wconf 32' lang='grc' dir='ltr'>καί-αὐτὸ</span> <span class='ocrx_word' id='word_1_880' title='bbox 3377 4861 3517 4922; x_wconf 89' lang='grc' dir='ltr'>μόνον</span> <span class='ocrx_word' id='word_1_881' title='bbox 3542 4860 3687 4910; x_wconf 82' lang='grc' dir='ltr'>τοῦτο</span> <span class='ocrx_word' id='word_1_882' title='bbox 3706 4864 3917 4926; x_wconf 83' lang='grc' dir='ltr'>πληρῶν.</span> 
     </span>
    </p>
   </div>
   <div class='ocr_carea' id='block_1_109' title="bbox 2264 4913 3425 4979">
    <p class='ocr_par' dir='ltr' id='par_1_109' title="bbox 2264 4913 3425 4979">
     <span class='ocr_line' id='line_1_109' title="bbox 2264 4913 3425 4979; baseline 0.007 -16"><span class='ocrx_word' id='word_1_883' title='bbox 2264 4916 2286 4945; x_wconf 72' lang='grc'><strong><em>⁸</em></strong></span> <span class='ocrx_word' id='word_1_884' title='bbox 2314 4913 2465 4976; x_wconf 85' lang='lat' dir='ltr'>Illud,</span> <span class='ocrx_word' id='word_1_885' title='bbox 2498 4913 2640 4966; x_wconf 83' lang='grc' dir='ltr'>τοῦτο</span> <span class='ocrx_word' id='word_1_886' title='bbox 2662 4921 2800 4967; x_wconf 81' lang='grc' dir='ltr'>παντὶ</span> <span class='ocrx_word' id='word_1_887' title='bbox 2846 4920 3007 4979; x_wconf 86' lang='grc' dir='ltr'>δῆλον,</span> <span class='ocrx_word' id='word_1_888' title='bbox 3026 4922 3173 4970; x_wconf 74' lang='lat' dir='ltr'>deest</span> <span class='ocrx_word' id='word_1_889' title='bbox 3212 4923 3263 4971; x_wconf 86' lang='lat' dir='ltr'><strong>in</strong></span> <span class='ocrx_word' id='word_1_890' title='bbox 3308 4913 3425 4973; x_wconf 71' lang='lat' dir='ltr'>unb.</span> 
     </span>
    </p>
   </div>
   <div class='ocr_carea' id='block_1_110' title="bbox 617 5104 3868 5148">
    <p class='ocr_par' dir='ltr' id='par_1_110' title="bbox 617 5104 3868 5148">
     <span class='ocr_line' id='line_1_110' title="bbox 617 5104 3868 5148; baseline 0.001 -26"><span class='ocrx_word' id='word_1_891' title='bbox 617 5104 3868 5148; x_wconf 80' lang='lat'>._______________________________________</span> 
     </span>
    </p>
   </div>
   <div class='ocr_carea' id='block_1_111' title="bbox 2037 5313 2434 5372">
    <p class='ocr_par' dir='ltr' id='par_1_111' title="bbox 2037 5313 2434 5372">
     <span class='ocr_line' id='line_1_111' title="bbox 2037 5313 2434 5372; baseline 0.008 -3"><span class='ocrx_word' id='word_1_892' title='bbox 2037 5313 2280 5369; x_wconf 81' lang='lat' dir='ltr'><strong>OMIAIA</strong></span> <span class='ocrx_word' id='word_1_893' title='bbox 2316 5318 2434 5372; x_wconf 83' lang='lat' dir='ltr'>AZ&#39;.</span> 
     </span>
    </p>
   </div>
   <div class='ocr_carea' id='block_1_112' title="bbox 488 5460 2151 5537">
    <p class='ocr_par' dir='ltr' id='par_1_112' title="bbox 488 5460 2151 5537">
     <span class='ocr_line' id='line_1_112' title="bbox 488 5460 2151 5537; baseline 0.007 -20"><span class='ocrx_word' id='word_1_894' title='bbox 488 5460 1011 5537; x_wconf 48' lang='lat' dir='ltr'>Atqésﬁo&#39;aryscﬁé</span> <span class='ocrx_word' id='word_1_895' title='bbox 1032 5463 1145 5531; x_wconf 83' lang='grc' dir='ltr'>τὴν</span> <span class='ocrx_word' id='word_1_896' title='bbox 1178 5465 1525 5536; x_wconf 71' lang='grc' dir='ltr'>Ἀμφίπολιν</span> <span class='ocrx_word' id='word_1_897' title='bbox 1577 5470 1675 5525; x_wconf 80' lang='grc' dir='ltr'>καὶ</span> <span class='ocrx_word' id='word_1_898' title='bbox 1717 5471 2151 5537; x_wconf 70' lang='grc' dir='ltr'>Ἀπολλωνίαν,</span> 
     </span>
    </p>
   </div>
   <div class='ocr_carea' id='block_1_113' title="bbox 559 5529 2152 5614">
    <p class='ocr_par' dir='ltr' id='par_1_113' title="bbox 559 5529 2152 5614">
     <span class='ocr_line' id='line_1_113' title="bbox 559 5529 2152 5614; baseline -0.001 1"><span class='ocrx_word' id='word_1_899' title='bbox 559 5529 1380 5614; x_wconf 57' lang='grc' dir='ltr'>ἦυὲθον.ἒῖς-θξσσάυέρνῖκὴ,τῗν</span> <span class='ocrx_word' id='word_1_900' title='bbox 1434 5540 1586 5614; x_wconf 68' lang='grc' dir='ltr'>ὅπου</span> <span class='ocrx_word' id='word_1_901' title='bbox 1638 5537 1718 5614; x_wconf 79' lang='grc' dir='ltr'>ἦν</span> <span class='ocrx_word' id='word_1_902' title='bbox 1753 5542 1790 5608; x_wconf 66' lang='grc' dir='ltr'>τι</span> <span class='ocrx_word' id='word_1_903' title='bbox 1826 5529 2152 5614; x_wconf 57' lang='grc' dir='ltr'>(ξυναγωῆῆ</span> 
     </span>
    </p>
   </div>
   <div class='ocr_carea' id='block_1_114' title="bbox 561 5602 2153 5682">
    <p class='ocr_par' dir='ltr' id='par_1_114' title="bbox 561 5602 2153 5682">
     <span class='ocr_line' id='line_1_114' title="bbox 561 5602 2153 5682; baseline 0.008 -25"><span class='ocrx_word' id='word_1_904' title='bbox 561 5602 701 5682; x_wconf 48' lang='grc' dir='ltr'>τῶν.</span> <span class='ocrx_word' id='word_1_905' title='bbox 725 5602 1061 5682; x_wconf 32' lang='grc' dir='ltr'>Α’ζουδαίων.</span> <span class='ocrx_word' id='word_1_906' title='bbox 1104 5608 1263 5682; x_wconf 60' lang='grc' dir='ltr'>Κατὰ</span> <span class='ocrx_word' id='word_1_907' title='bbox 1303 5602 1373 5661; x_wconf 83' lang='grc' dir='ltr'>δὲ</span> <span class='ocrx_word' id='word_1_908' title='bbox 1410 5610 1486 5682; x_wconf 74' lang='grc' dir='ltr'>τό</span> <span class='ocrx_word' id='word_1_909' title='bbox 1543 5602 1743 5677; x_wconf 70' lang='grc' dir='ltr'>εἰωόὸς</span> <span class='ocrx_word' id='word_1_910' title='bbox 1777 5602 1870 5677; x_wconf 70' lang='grc' dir='ltr'>’τῷ</span> <span class='ocrx_word' id='word_1_911' title='bbox 1916 5602 2153 5681; x_wconf 40' lang='lat' dir='ltr'>(Idalio;</span> 
     </span>
    </p>
   </div>
   <div class='ocr_carea' id='block_1_115' title="bbox 563 5674 2157 5754">
    <p class='ocr_par' dir='ltr' id='par_1_115' title="bbox 563 5674 2157 5754">
     <span class='ocr_line' id='line_1_115' title="bbox 563 5674 2157 5754; baseline 0.006 -26"><span class='ocrx_word' id='word_1_912' title='bbox 563 5674 811 5754; x_wconf 65' lang='grc' dir='ltr'>εἰσῆλθε</span> <span class='ocrx_word' id='word_1_913' title='bbox 864 5674 1013 5754; x_wconf 60' lang='grc' dir='ltr'>πρὸς</span> <span class='ocrx_word' id='word_1_914' title='bbox 1048 5678 1287 5754; x_wconf 59' lang='grc' dir='ltr'>αὐτούς,</span> <span class='ocrx_word' id='word_1_915' title='bbox 1317 5681 1433 5754; x_wconf 49' lang='grc' dir='ltr'>3ιαί</span> <span class='ocrx_word' id='word_1_916' title='bbox 1464 5681 1562 5754; x_wconf 61' lang='grc' dir='ltr'>ἐπὶ</span> <span class='ocrx_word' id='word_1_917' title='bbox 1608 5674 1877 5754; x_wconf 75' lang='grc' dir='ltr'>σάϐϐατα</span> <span class='ocrx_word' id='word_1_918' title='bbox 1910 5686 2039 5752; x_wconf 85' lang='grc' dir='ltr'>τρία</span> <span class='ocrx_word' id='word_1_919' title='bbox 2069 5674 2157 5738; x_wconf 62' lang='grc' dir='ltr'>δίξ</span> 
     </span>
    </p>
   </div>
   <div class='ocr_carea' id='block_1_116' title="bbox 564 5743 2155 5822">
    <p class='ocr_par' dir='ltr' id='par_1_116' title="bbox 564 5743 2155 5822">
     <span class='ocr_line' id='line_1_116' title="bbox 564 5743 2155 5822; baseline 0.007 -24"><span class='ocrx_word' id='word_1_920' title='bbox 564 5743 803 5822; x_wconf 64' lang='grc' dir='ltr'>ελέγεζο</span> <span class='ocrx_word' id='word_1_921' title='bbox 816 5744 1146 5822; x_wconf 37' lang='grc' dir='ltr'>αὐτοῖςκάπὸ</span> <span class='ocrx_word' id='word_1_922' title='bbox 1168 5743 1286 5822; x_wconf 69' lang='grc' dir='ltr'>τῶν</span> <span class='ocrx_word' id='word_1_923' title='bbox 1306 5750 1582 5822; x_wconf 72' lang='grc' dir='ltr'>Γραφῶν,</span> <span class='ocrx_word' id='word_1_924' title='bbox 1596 5751 1913 5822; x_wconf 61' lang='grc' dir='ltr'>διανοίγων</span> <span class='ocrx_word' id='word_1_925' title='bbox 1930 5743 2027 5808; x_wconf 67' lang='grc' dir='ltr'>καὶ</span> <span class='ocrx_word' id='word_1_926' title='bbox 2042 5771 2155 5808; x_wconf 83' lang='grc' dir='ltr'>πα-</span> 
     </span>
    </p>
   </div>
   <div class='ocr_carea' id='block_1_117' title="bbox 557 5812 2149 5896">
    <p class='ocr_par' dir='ltr' id='par_1_117' title="bbox 557 5812 2149 5896">
     <span class='ocr_line' id='line_1_117' title="bbox 557 5812 2149 5896; baseline 0.009 -28"><span class='ocrx_word' id='word_1_927' title='bbox 557 5812 960 5886; x_wconf 82' lang='grc' dir='ltr'>ρατιθέμενος,</span> <span class='ocrx_word' id='word_1_928' title='bbox 1006 5816 1095 5873; x_wconf 86' lang='grc' dir='ltr'>ὅτι</span> <span class='ocrx_word' id='word_1_929' title='bbox 1135 5818 1241 5874; x_wconf 83' lang='grc' dir='ltr'>τὸν</span> <span class='ocrx_word' id='word_1_930' title='bbox 1289 5812 1546 5890; x_wconf 62' lang='grc' dir='ltr'>Χριστὸν</span> <span class='ocrx_word' id='word_1_931' title='bbox 1570 5812 1718 5878; x_wconf 61' lang='grc' dir='ltr'>⁷ἔδει</span> <span class='ocrx_word' id='word_1_932' title='bbox 1765 5812 1995 5896; x_wconf 66' lang='grc' dir='ltr'>σὲαθεῖν,</span> <span class='ocrx_word' id='word_1_933' title='bbox 2052 5826 2149 5882; x_wconf 77' lang='grc' dir='ltr'>καί</span> 
     </span>
    </p>
   </div>
   <div class='ocr_carea' id='block_1_118' title="bbox 2325 5481 3926 5561">
    <p class='ocr_par' dir='ltr' id='par_1_118' title="bbox 2325 5481 3926 5561">
     <span class='ocr_line' id='line_1_118' title="bbox 2325 5481 3926 5561; baseline 0.01 -27"><span class='ocrx_word' id='word_1_934' title='bbox 2325 5481 2663 5561; x_wconf 57' lang='grc' dir='ltr'>ἀνασζῆναέ</span> <span class='ocrx_word' id='word_1_935' title='bbox 2696 5485 2764 5561; x_wconf 75' lang='grc' dir='ltr'>ἐκ</span> <span class='ocrx_word' id='word_1_936' title='bbox 2795 5484 3042 5561; x_wconf 80' lang='grc' dir='ltr'>νεκρῶν,</span> <span class='ocrx_word' id='word_1_937' title='bbox 3069 5489 3165 5561; x_wconf 85' lang='grc' dir='ltr'>καί</span> <span class='ocrx_word' id='word_1_938' title='bbox 3189 5489 3276 5543; x_wconf 84' lang='grc' dir='ltr'>ὅτι</span> <span class='ocrx_word' id='word_1_939' title='bbox 3312 5486 3499 5559; x_wconf 83' lang='grc' dir='ltr'>Οὗτός</span> <span class='ocrx_word' id='word_1_940' title='bbox 3520 5492 3648 5547; x_wconf 85' lang='grc' dir='ltr'>ἐστι</span> <span class='ocrx_word' id='word_1_941' title='bbox 3676 5492 3926 5561; x_wconf 75' lang='grc' dir='ltr'>Χριστὸς</span> 
     </span>
    </p>
   </div>
   <div class='ocr_carea' id='block_1_119' title="bbox 2341 5552 3446 5631">
    <p class='ocr_par' dir='ltr' id='par_1_119' title="bbox 2341 5552 3446 5631">
     <span class='ocr_line' id='line_1_119' title="bbox 2341 5552 3446 5631; baseline 0.011 -27"><span class='ocrx_word' id='word_1_942' title='bbox 2341 5552 2590 5619; x_wconf 84' lang='grc' dir='ltr'>Ἰησοῦς,</span> <span class='ocrx_word' id='word_1_943' title='bbox 2628 5554 2700 5608; x_wconf 84' lang='grc' dir='ltr'>ὃν</span> <span class='ocrx_word' id='word_1_944' title='bbox 2728 5554 2844 5626; x_wconf 75' lang='grc' dir='ltr'>ἐγὼ</span> <span class='ocrx_word' id='word_1_945' title='bbox 2873 5552 3258 5629; x_wconf 70' lang='grc' dir='ltr'>καταγγέλλω</span> <span class='ocrx_word' id='word_1_946' title='bbox 3284 5561 3446 5631; x_wconf 85' lang='grc' dir='ltr'>ὑμῖν.</span> 
     </span>
    </p>
   </div>
   <div class='ocr_carea' id='block_1_120' title="bbox 2329 5649 3926 5731">
    <p class='ocr_par' dir='ltr' id='par_1_120' title="bbox 2329 5649 3926 5731">
     <span class='ocr_line' id='line_1_120' title="bbox 2329 5649 3926 5731; baseline 0.009 -29"><span class='ocrx_word' id='word_1_947' title='bbox 2329 5657 2399 5703; x_wconf 83' lang='grc' dir='ltr'>α’.</span> <span class='ocrx_word' id='word_1_948' title='bbox 2431 5649 2599 5705; x_wconf 85' lang='grc' dir='ltr'>Πάλιν</span> <span class='ocrx_word' id='word_1_949' title='bbox 2642 5650 2742 5715; x_wconf 76' lang='grc' dir='ltr'>τὰς</span> <span class='ocrx_word' id='word_1_950' title='bbox 2778 5653 2878 5723; x_wconf 81' lang='grc' dir='ltr'>μὲν</span> <span class='ocrx_word' id='word_1_951' title='bbox 2910 5654 3114 5726; x_wconf 84' lang='grc' dir='ltr'>μικρὰς</span> <span class='ocrx_word' id='word_1_952' title='bbox 3146 5659 3551 5731; x_wconf 84' lang='grc' dir='ltr'>παρατρέχουσι</span> <span class='ocrx_word' id='word_1_953' title='bbox 3591 5660 3795 5727; x_wconf 83' lang='grc' dir='ltr'>πόλεις,</span> <span class='ocrx_word' id='word_1_954' title='bbox 3835 5664 3926 5718; x_wconf 71' lang='grc' dir='ltr'>ἐπὶ</span> 
     </span>
    </p>
   </div>
   <div class='ocr_carea' id='block_1_121' title="bbox 2255 5738 3927 5822">
    <p class='ocr_par' dir='ltr' id='par_1_121' title="bbox 2255 5738 3927 5822">
     <span class='ocr_line' id='line_1_121' title="bbox 2255 5738 3927 5822; baseline 0.009 -32"><span class='ocrx_word' id='word_1_955' title='bbox 2255 5738 2311 5791; x_wconf 86' lang='grc' dir='ltr'>δὲ</span> <span class='ocrx_word' id='word_1_956' title='bbox 2367 5738 2467 5803; x_wconf 82' lang='grc' dir='ltr'>τάς</span> <span class='ocrx_word' id='word_1_957' title='bbox 2506 5740 2725 5809; x_wconf 61' lang='grc' dir='ltr'>μείζους</span> <span class='ocrx_word' id='word_1_958' title='bbox 2790 5743 3121 5811; x_wconf 86' lang='grc' dir='ltr'>ἐπείγονται,</span> <span class='ocrx_word' id='word_1_959' title='bbox 3170 5746 3379 5801; x_wconf 85' lang='grc' dir='ltr'>ἐκεῖθεν</span> <span class='ocrx_word' id='word_1_960' title='bbox 3427 5749 3677 5822; x_wconf 85' lang='grc' dir='ltr'>καθάπερ</span> <span class='ocrx_word' id='word_1_961' title='bbox 3730 5751 3794 5805; x_wconf 76' lang='grc' dir='ltr'>ἐκ</span> <span class='ocrx_word' id='word_1_962' title='bbox 3850 5770 3927 5805; x_wconf 66' lang='grc' dir='ltr'>τις</span> 
     </span>
    </p>
   </div>
   <div class='ocr_carea' id='block_1_122' title="bbox 2256 5827 3921 5917">
    <p class='ocr_par' dir='ltr' id='par_1_122' title="bbox 2256 5827 3921 5917">
     <span class='ocr_line' id='line_1_122' title="bbox 2256 5827 3921 5917; baseline 0.008 -36"><span class='ocrx_word' id='word_1_963' title='bbox 2256 5842 2345 5891; x_wconf 88' lang='grc' dir='ltr'>νος</span> <span class='ocrx_word' id='word_1_964' title='bbox 2369 5827 2552 5899; x_wconf 82' lang='grc' dir='ltr'>πηγῆς</span> <span class='ocrx_word' id='word_1_965' title='bbox 2583 5829 2869 5902; x_wconf 83' lang='grc' dir='ltr'>μέλλοντος</span> <span class='ocrx_word' id='word_1_966' title='bbox 2894 5833 2988 5889; x_wconf 87' lang='grc' dir='ltr'>τοῦ</span> <span class='ocrx_word' id='word_1_967' title='bbox 3012 5834 3171 5905; x_wconf 87' lang='grc' dir='ltr'>λόγου</span> <span class='ocrx_word' id='word_1_968' title='bbox 3196 5835 3470 5909; x_wconf 74' lang='grc' dir='ltr'>διαρῤέειν</span> <span class='ocrx_word' id='word_1_969' title='bbox 3520 5840 3601 5903; x_wconf 73' lang='grc' dir='ltr'>εἰς</span> <span class='ocrx_word' id='word_1_970' title='bbox 3631 5840 3731 5904; x_wconf 79' lang='grc' dir='ltr'>τὰς</span> <span class='ocrx_word' id='word_1_971' title='bbox 3784 5840 3921 5917; x_wconf 78' lang='grc' dir='ltr'>πλη-</span> 
     </span>
    </p>
   </div>
  </div>
