3978 6482
185 356 261 412 261
1042 333 1112 393 IN
1145 330 1327 389 ACTA
1352 325 1869 385 APOSTOLORUM.
1909 325 2141 382 IIOMIL.
2179 323 2444 384 XXXVII.

180 471 356 544 gloriam
384 459 678 533 popularem
714 453 994 525 despicere
1030 467 1135 507 non
1167 454 1463 519 oporteret,
1491 443 1689 547 Socra-

180 533 242 622 ies
282 564 393 630 ipse,
431 554 513 625 qui
550 561 828 621 tantopere
888 533 1688 638 philosophabaturhostendit,

177 661 246 730 qui
270 628 419 709 omnia
454 647 517 702 ad
558 646 781 717 gloriam
829 639 1075 697 faciebat.
1116 636 1186 730 ΔΕι
1217 635 1260 689 si
1291 630 1506 730 quidem
1548 628 1693 730 illius

178 717 502 808 sententiarum
550 737 707 807 periti
761 733 971 796 essetis,
1020 727 1244 781 multum
1293 723 1377 776 his
1420 719 1490 774 de
1531 717 1693 808 rebus

178 806 430 897 sermonem
464 806 733 883 moverem
760 866 775 887 ,
807 818 1259 884 ostenderentque
1303 811 1523 910 multam
1555 806 1694 910 apud

176 933 269 988 illos
306 938 409 980 esse
452 919 695 981 ironiam,
738 914 785 967 si
836 909 1050 981 quidem
1096 903 1344 1002 discipuli
1390 902 1508 970 ejus
1537 899 1695 1002 dictis

177 1019 351 1076 credere
379 1012 446 1065 fas
473 1010 538 1063 sit
562 1023 577 1072 ;
608 1015 662 1061 et
683 1001 951 1073 quomodo
977 1013 1008 1053 a
1035 1011 1167 1051 vana
1182 993 1351 1064 gloria
1372 1005 1561 1047 omnes
1581 993 1696 1059 ejus

175 1112 308 1165 litera:
325 1106 676 1172 argumentum
704 1093 953 1147 habeant.

229 1200 270 1254 3.
293 1193 382 1251 Sed
408 1188 579 1245 missis
604 1186 728 1246 illis,
759 1180 913 1235 nobis
939 1179 1066 1247 ipsis
1097 1177 1397 1245 loquamur.
1429 1172 1561 1227 Nam
1592 1185 1690 1225 su-

172 1305 242 1361 pra
284 1284 422 1340 dictis
469 1281 568 1335 hoc
609 1289 822 1344 quoque
867 1270 1192 1333 addendum,
1236 1267 1378 1361 quod
1423 1279 1545 1361 cum
1598 1277 1698 1361 suo

176 1356 365 1452 periculo
392 1372 467 1426 his
495 1369 952 1437 obtemperarent.
984 1363 1061 1418 Ne
1089 1363 1249 1432 igitur
1284 1357 1569 1427 impudens
1597 1356 1693 1452 sis,

172 1449 245 1529 sed
258 1466 524 1535 cogitemus
550 1460 695 1514 illam
716 1466 950 1518 noctem,
979 1455 1203 1524 lignum,
1227 1452 1485 1523 hymnos;
1515 1457 1570 1503 et
1598 1449 1700 1502 hoc

174 1576 248 1618 nos
271 1558 425 1612 facere
451 1551 763 1606 studeamus
789 1590 804 1616 ,
833 1557 886 1602 et
916 1547 1222 1616 aperiemus
1259 1543 1412 1598 nobis
1448 1557 1552 1596 non
1585 1556 1703 1596 car-

173 1665 332 1715 cerem,
357 1644 443 1700 sed
480 1643 693 1698 ctelum.
728 1640 783 1696 Si
813 1653 1117 1709 precemur,
1147 1635 1336 1690 caelum
1369 1634 1544 1702 ipsum
1570 1646 1700 1701 ape-

172 1748 256 1800 rire
299 1737 600 1810 poterimus.
654 1734 797 1788 Elias
841 1741 896 1786 et
937 1730 1130 1785 clausit
1151 1738 1206 1782 et
1246 1727 1456 1797 aperuit
1511 1725 1702 1780 caelum

171 1833 393 1906 precibus.
437 1828 532 1882 Est
578 1839 792 1895 quoque
831 1824 884 1878 in
915 1822 1047 1878 uelo
1097 1834 1303 1874 carcer.
1337 1817 1698 1886 Quaecumque,

170 1927 324 1996 inquit,
359 1920 628 1992 ligaveritis
649 1934 801 1986 super
829 1927 1038 1980 terram,
1069 1923 1217 1967 erunt
1240 1913 1399 1983 ligata
1426 1920 1475 1964 et
1501 1911 1554 1963 in
1579 1908 1704 1964 acto

170 2019 341 2091 (Matth.
372 2016 450 2070 16.
473 2013 593 2085 1ο).
615 2013 905 2067 Precemur
922 2017 1104 2072 noctu,
1134 2015 1190 2062 et
1210 2006 1326 2061 haec
1349 2004 1561 2060 vincula
1590 2004 1704 2058 sol-

171 2125 338 2166 ventus.
363 2105 509 2175 Quod
549 2105 690 2158 enim
723 2115 908 2173 preces
929 2108 1145 2171 peccata
1170 2099 1420 2165 solvant,
1449 2097 1603 2151 nobis
1626 2095 1705 2150 vi-

170 2201 248 2256 dua
275 2196 602 2270 persuadeat,
634 2195 834 2264 illeque
859 2192 1063 2247 amicus
1083 2191 1174 2262 qui
1204 2191 1522 2259 intempesta
1552 2194 1708 2243 nocte

172 2301 433 2362 perseverat
483 2298 543 2345 et
592 2289 772 2358 pulsat
821 2303 835 2340 :
878 2284 1194 2356 persuadeat
1253 2291 1308 2338 et
1348 2281 1631 2338 Cornelius
1689 2300 1703 2336 :

174 2387 396 2440 Orationes
417 2392 518 2436 tua:
539 2422 556 2447 ,
587 2380 788 2450 inquit,
818 2387 866 2432 et
889 2378 1216 2446 eleemosyna:
1242 2384 1343 2429 tace
1370 2373 1709 2429 ascenderunt

170 2481 209 2531 in
232 2484 470 2545 conspectu
511 2472 610 2525 Dei
642 2471 777 2540 (Act.
807 2468 896 2524 10.
925 2467 981 2537 4)
1009 2484 1024 2533 ;
1056 2465 1374 2537 persuadeat
1399 2465 1550 2518 nobis
1575 2463 1712 2518 Pau-

173 2573 235 2626 lus
255 2570 416 2623 dicens
445 2583 457 2617 :
485 2565 618 2630 Quae
646 2573 810 2616 autem
838 2577 950 2615 vere
978 2559 1128 2614 vidua
1147 2567 1220 2613 est
1242 2566 1288 2611 et
1313 2556 1562 2622 solitaria,
1591 2571 1709 2624 spe-

172 2663 270 2714 ravit
296 2664 344 2712 in
369 2657 559 2722 Deum,
603 2663 650 2708 et
678 2659 959 2721 perseverat
997 2652 1053 2704 in
1093 2649 1325 2720 precibus
1368 2655 1513 2700 nocte
1539 2655 1586 2698 et
1631 2645 1714 2698 die

175 2754 189 2822 ί
212 2755 248 2806 l.
274 2750 388 2804 Tim.
417 2749 469 2804 5.
505 2749 542 2802 5
568 2749 607 2812 ).
654 2745 712 2801 Si
750 2745 817 2800 de
841 2743 999 2798 vidua
1024 2785 1040 2807 ,
1068 2741 1278 2797 inﬁrma
1305 2739 1564 2803 muliere,
1597 2738 1714 2793 hth

175 2845 241 2898 ille
257 2843 387 2905 dicit,
414 2840 591 2894 multo
621 2838 790 2907 magis
819 2835 886 2890 de
914 2834 1066 2888 viris.

231 2934 460 2988 Oraudum
490 2928 944 2984 noctu.-—-Etiam
976 2925 1083 2980 dixi
1134 2922 1306 2989 vobis,
1348 2930 1404 2978 et
1459 2935 1600 2976 nunc
1628 2920 1712 2975 di-

179 3042 261 3082 cam
285 3044 295 3079 :
321 3025 633 3079 Excitemur
659 3029 843 3083 nocte;
884 3018 1089 3074 etiamsi
1133 3031 1243 3071 non
1287 3017 1482 3070 multas
1510 3013 1714 3068 oratio-

188 3132 253 3170 nes
267 3118 476 3180 emittas,
510 3128 676 3168 unam
706 3113 891 3167 emitte
918 3125 1040 3165 cum
1079 3107 1372 3179 vigilantia,
1399 3116 1454 3162 et.
1481 3106 1711 3161 sufﬁcit:

191 3207 280 3260 nihil
294 3207 508 3277 amplius
540 3212 688 3274 peto.
715 3203 772 3257 Si
802 3217 909 3256 non
943 3199 1117 3254 media
1148 3209 1326 3265 nocte,
1355 3198 1545 3252 saltem
1579 3197 1714 3251 dilu-

189 3300 283 3352 culo.
307 3297 539 3353 Ostende
585 3305 795 3350 noctem
830 3308 934 3347 non
965 3291 1126 3346 modo
1155 3290 1396 3360 corporis
1435 3304 1574 3350 esse.
1619 3287 1716 3344 sed

180 3390 295 3443 etiam
320 3391 508 3444 animas
545 3406 561 3442 :
593 3402 660 3442 ne
687 3387 831 3441 sinas
861 3385 1004 3440 illam
1048 3383 1311 3438 inutiliter
1335 3382 1586 3447 transire,
1622 3381 1718 3436 sed

178 3481 355 3536 Domino
378 3485 515 3538 hanc
541 3481 714 3536 vicem
737 3478 1004 3549 repende;
1037 3477 1145 3532 imo
1173 3477 1284 3546 ipsa
1328 3477 1380 3530 in
1415 3485 1466 3530 te
1489 3476 1717 3531 reverti-

173 3580 250 3626 tur.
282 3573 363 3627 Dic
390 3573 547 3634 mihi,
593 3571 639 3624 si
664 3571 716 3624 in
739 3584 900 3640 grave
928 3568 1194 3638 negotium
1237 3566 1536 3632 incidimus,
1560 3581 1715 3635 quem

170 3677 252 3717 non
274 3662 590 3733 precamur?
615 3671 670 3716 et
687 3663 729 3716 si
755 3661 1060 3728 petitionem
1091 3659 1193 3714 cito
1223 3659 1587 3727 impetramus,
1615 3659 1718 3712 uti-

166 3771 248 3824 que
271 3757 617 3824 respiramus.
646 3755 773 3820 Quis
805 3753 899 3808 tibi
925 3753 1033 3816 det,
1065 3760 1122 3806 ut
1161 3752 1206 3807 is
1230 3752 1319 3821 qui
1349 3761 1583 3821 rogatur,
1623 3767 1716 3821 pa-

177 3856 285 3899 .atus
301 3847 366 3901 sit
389 3847 454 3901 ad
485 3845 796 3901 habendum
820 3844 914 3898 tibi
942 3842 1184 3914 gratiam,
1211 3841 1352 3912 quod
1379 3841 1573 3910 rogas?
1597 3843 1719 3911 quis

167 3936 240 3990 tibi
263 3937 362 4002 det,
396 3948 454 3993 ut
493 3953 608 3992 non
648 3937 961 3999 circumeas,
1003 3949 1251 4004 quairens
1279 3949 1308 3985 a
1339 3948 1444 4001 quo
1484 3942 1715 4003 peteres,

165 4029 240 4082 sed
263 4040 493 4098 paratum
520 4029 786 4092 invenias,
820 4042 920 4082 nec
944 4026 1064 4080 aliis
1079 4041 1212 4094 opus
1235 4024 1451 4090 habeas,
1475 4039 1567 4092 per
1588 4039 1721 4092 quos

165 4122 325 4188 petas?
351 4122 489 4186 Quid
522 4122 628 4176 hoc
649 4120 819 4189 majus
846 4119 961 4175 est?
987 4117 1084 4172 Hic
1111 4117 1308 4186 quippe
1338 4125 1460 4169 tunc
1490 4117 1720 4170 maxime

166 4211 282 4275 facit.
310 4230 428 4268 cum
471 4231 584 4268 non
624 4212 758 4266 alios
797 4225 1078 4280 rogamus;
1131 4217 1192 4263 ut
1232 4209 1473 4263 sincerus
1519 4208 1721 4262 amicus

166 4315 266 4360 tunc
301 4308 532 4361 maxime
576 4321 674 4360 nos
700 4305 963 4372 objurgat,
1001 4302 1142 4371 quod
1173 4316 1278 4355 non
1319 4302 1437 4371 ejus
1472 4301 1722 4356 amicitiae

162 4395 378 4458 ﬁdamus,
407 4412 533 4451 cum
577 4395 712 4448 alios
751 4394 1063 4449 adhibemus
1091 4394 1180 4462 qui
1209 4394 1378 4462 ipsum
1412 4403 1715 4460 precentur.

161 4485 232 4541 Sic
257 4496 306 4541 et
332 4504 427 4542 nos
459 4489 688 4541 facimus
715 4488 779 4540 iis
827 4486 915 4555 qui
950 4500 1045 4539 nos
1075 4493 1262 4554 rogant
1292 4503 1305 4538 :
1339 4493 1462 4538 tunc
1491 4485 1720 4540 maxime

160 4578 210 4629 iis
243 4582 460 4648 gratiam
509 4582 786 4649 largimur,
833 4577 1045 4648 quando
1077 4591 1170 4645 per
1211 4577 1435 4645 seipsos,
1479 4591 1583 4629 non
1627 4591 1721 4644 per

160 4667 288 4732 alios,
316 4671 380 4724 ad
410 4686 510 4726 nos
542 4671 825 4725 accedunt.
865 4669 1002 4735 Quid
1029 4684 1176 4736 ergo,
1216 4667 1444 4737 inquies,
1475 4667 1518 4720 si
1548 4667 1718 4721 otl‘en-

157 4762 345 4814 derim?
373 4762 665 4817 Oll‘endere
693 4761 876 4816 desine
907 4769 962 4814 et
991 4761 1254 4830 lacrymas
1283 4757 1478 4821 funde;
1510 4758 1589 4812 sic
1624 4773 1718 4812 ac-

158 4849 270 4905 cede
309 4862 360 4907 et
385 4854 494 4908 cito
543 4854 596 4908 in
625 4853 812 4924 primis
851 4852 998 4906 illum
1027 4850 1292 4921 placatum
1325 4849 1584 4906 invenies.
1623 4849 1719 4904 Dic

156 5033 198 5075 at
233 5040 369 5077 secus
405 5029 627 5079 suadere
649 5027 842 5078 videtur
864 5026 1109 5078 Diodorus
1143 5027 1327 5078 Siculus
1354 5025 1392 5074 l.
1420 5027 1626 5084 16,cum
1649 5027 1720 5078 ait

157 5101 256 5156 eum
284 5103 312 5139 a
339 5091 583 5156 Dionysio
605 5097 814 5156 tyranno
838 5093 1164 5156 venundatum
1187 5104 1215 5138 a
1237 5087 1485 5152 discipulis
1520 5091 1620 5138 suis
1642 5091 1715 5139 vi-

153 5151 260 5208 Kinti
281 5151 524 5204 minaruin
548 5151 706 5218 pretio
727 5153 1036 5215 redemptum
1058 5152 1226 5202 fuisse.

3277 342 3381 400 262

1801 450 2007 496 tantum
2041 460 2055 497 :
2084 441 2291 498 Oﬁ‘endi
2323 461 2336 499 :
2365 443 2453 499 dic
2475 459 2542 500 ex
2569 447 2748 503 animo
2784 457 2840 504 et
2863 449 3071 504 sincera
3101 461 3302 519 mente,
3332 465 3386 509 ct

1795 536 1966 589 soluta
2007 544 2130 589 sunt
2155 538 2355 591 omnia.
2387 536 2503 592 Non
2538 538 2675 595 adeo
2713 541 2864 610 cupis
2893 544 3090 598 remitti
3131 545 3224 600 tibi
3260 561 3385 616 pec-

1796 639 1934 691 cata,
1969 639 2025 683 ut
2055 628 2147 684 ille
2174 631 2318 699 cupit
2348 631 2641 687 remittere.
2666 633 2816 701 Quod
2851 643 3029 691 autem
3059 647 3118 693 tu
3155 653 3261 694 non
3290 655 3384 694 cn-

1796 719 1933 789 pias,
1976 721 2183 788 cogita;
2238 737 2409 792 neque
2453 723 2595 778 enim
2641 725 2846 794 vigilias
2893 730 3152 800 suscipis,
3206 747 3384 801 neque

1798 811 2054 878 pecunias
2080 811 2309 865 efl‘undis
2343 830 2356 865 :
2389 814 2476 868 ille
2509 829 2640 869 vero
2665 824 2725 870 ut
2750 827 2966 887 peccata
2996 831 3177 876 nostra
3204 822 3388 877 dimit-

1799 907 1935 955 teret
1955 900 2240 970 Unigenito
2269 919 2376 957 non
2404 906 2662 973 pepercit,
2693 911 2924 978 genuino
2950 911 3086 966 Filio
3113 913 3384 982 ejusdem-

1799 1005 1902 1058 que
1932 990 2108 1045 throni
2131 1004 2400 1047 consorte.
2431 993 2616 1050 Viden‘
2641 1012 2762 1052 eum
2794 1001 2962 1071 magis
2987 1018 3183 1071 cupere
3221 1015 3278 1059 ut
3304 1023 3388 1061 re-

1799 1080 2107 1135 missionem
2148 1093 2488 1152 peccatorum
2517 1090 2902 1156 consequaris?
2940 1090 3017 1147 Ne
3041 1108 3168 1163 ergo
3197 1109 3388 1165 segnes

1801 1171 1988 1236 simus,
2020 1189 2118 1228 nec
2162 1179 2632 1243 procrastineiuus.
2665 1181 2913 1238 Clemens
2954 1195 3036 1239 est
3074 1195 3130 1242 et
3170 1188 3383 1245 bonus:

1802 1263 1975 1318 solum
2006 1279 2186 1320 ansam
2217 1267 2292 1321 illi
2326 1269 2684 1336 praebeamus;
2712 1281 2764 1326 et
2791 1272 2912 1340 hoc,
2943 1284 3000 1329 ut
3021 1293 3116 1332 nos
3138 1293 3244 1333 non
3269 1281 3387 1334 inu-

1805 1355 1922 1409 tiles
1947 1357 2133 1418 simus,
2157 1359 2364 1413 etiamsi
2393 1361 2547 1414 nobis
2579 1363 2665 1417 ille
2693 1365 2808 1417 sine
2839 1365 2936 1420 hac
2965 1368 3270 1426 conditione
3303 1387 3388 1426 re-

1806 1445 2057 1502 mitteret.
2091 1449 2196 1504 Sed
2228 1462 2286 1504 ut
2328 1466 2426 1505 nos
2455 1453 2506 1506 in
2538 1455 2793 1509 ministris
2825 1459 3022 1512 nostris
3062 1461 3223 1515 millia
3255 1477 3389 1517 con-

1806 1536 2057 1607 ﬁngimus
2111 1549 2165 1595 et
2217 1543 2626 1611 componimus,
2679 1547 2757 1601 sic
2799 1556 2853 1602 et
2906 1548 2996 1603 ille
3044 1551 3110 1604 ad
3165 1553 3388 1609 salutem

1806 1638 2042 1683 nostram
2088 1631 2232 1686 facit.
2276 1633 2696 1706 Prwoccupemus
2741 1639 2921 1708 facient
2950 1642 3061 1710 ejus
3087 1643 3140 1696 in
3187 1650 3389 1716 confes-

1805 1720 1945 1774 sione
1970 1720 2140 1792 (Psal.
2171 1725 2259 1780 94.
2287 1724 2364 1797 2),
2398 1728 2520 1796 quia
2544 1728 2712 1784 bonus
2735 1741 2788 1785 et
2813 1731 3049 1788 clemens
3075 1744 3173 1788 est.

1878 1811 2124 1869 Invocare
2150 1817 2204 1869 in
2231 1820 2433 1873 veritate
2456 1820 2595 1888 quid.
2613 1851 2685 1860 ——
2700 1821 2755 1876 Si
2778 1838 2906 1878 vero
2929 1841 3034 1880 non
3057 1827 3390 1885 invocaveris

1808 1904 1862 1960 in
1889 1907 2132 1974 veritate,
2177 1926 2278 1966 nec
2305 1927 2372 1965 ex
2409 1913 2569 1967 corde
2612 1914 2794 1970 dicere
2831 1917 2982 1982 velis,
3026 1919 3264 1988 Dimitte,
3296 1923 3393 1977 sed

1808 2011 1876 2052 ex
1913 2014 2009 2053 ore
2040 2008 2267 2067 tantum,
2309 2004 2434 2073 quid
2467 2005 2580 2074 ipse
2621 2006 2812 2063 faciet?
2841 2007 2978 2076 Quid
3009 2021 3111 2076 est,
3147 2013 3394 2070 invocare

1809 2089 1863 2144 in
1888 2090 2152 2146 veritate?
2172 2091 2304 2147 Cum
2335 2095 2630 2163 alacritate,
2654 2114 2718 2154 ex
2750 2101 2929 2154 animo
2957 2103 3170 2158 sincero
3194 2122 3208 2170 ;
3243 2115 3299 2159 ut
3325 2107 3392 2162 de

1811 2181 2092 2250 unguentis
2131 2183 2345 2248 dicitur,
2395 2186 2672 2243 Sincerum
2715 2199 2815 2256 est,
2863 2192 2993 2246 nihil
3033 2193 3390 2253 adulterinum

1813 2271 1973 2328 habet
2004 2291 2017 2327 :
2045 2272 2123 2329 sic
2151 2285 2206 2329 et
2232 2275 2359 2330 illic.
2391 2277 2490 2345 Qui
2524 2294 2649 2334 vere
2679 2281 2851 2350 ipsum
2884 2283 3096 2339 invocat
3126 2295 3179 2342 et
3211 2304 3395 2356 preca-

1814 2370 1918 2430 tur,
1953 2375 2261 2432 perseverat
2285 2383 2518 2438 semper,
2548 2385 2648 2426 nec
2673 2372 2892 2438 desinit,
2919 2374 3090 2431 donec
3120 2380 3345 2448 accipiat
3377 2398 3392 2435 :

1812 2456 1903 2524 qui
1931 2471 2060 2512 vero
2087 2459 2449 2527 perfunctorie
2493 2463 2622 2532 agit,
2668 2464 2899 2521 licetsic
2939 2467 3109 2538 legem
3157 2470 3393 2542 impleat,

1820 2562 1926 2602 non
1953 2548 2164 2604 invocat
2206 2552 2258 2605 in
2288 2554 2530 2609 veritate.
2566 2557 2816 2627 Quisquis
2858 2559 2952 2625 sis,
2995 2577 3063 2615 ne
3104 2562 3251 2617 dicas
3283 2577 3396 2620 tan-

1814 2646 1948 2706 tum,
1983 2640 2237 2696 Peccator
2261 2657 2401 2706 sum,
2443 2645 2536 2699 sed
2573 2661 2722 2712 cura,
2772 2657 2829 2703 ut
2867 2650 2935 2705 ab
2981 2651 3082 2706 hac
3123 2656 3398 2710 existima-

1815 2732 1959 2786 tione
1991 2741 2041 2787 te
2080 2733 2276 2790 liberes
2307 2757 2319 2790 ς
2349 2751 2415 2790 ne
2457 2736 2604 2792 dicas
2634 2748 2858 2807 tantum,
2899 2742 2992 2797 sed
3020 2753 3074 2798 et
3101 2744 3305 2802 doleas.
3339 2748 3397 2803 Si

1815 2823 1986 2888 doles,
2014 2840 2230 2895 operam
2261 2828 2484 2884 adhibes
2509 2847 2522 2895 ;
2554 2831 2598 2884 si
2629 2847 2734 2885 non
2767 2847 2986 2902 operam
3017 2835 3258 2902 adhibes,
3288 2855 3394 2894 non

1815 2915 2003 2981 doles;
2050 2919 2094 2971 si
2141 2933 2246 2973 non
2276 2920 2449 2987 doles,
2481 2921 2692 2977 irrides.
2735 2924 2866 2991 Quis
2903 2927 3107 2991 dicens,
3151 2928 3397 3000 Egroto,

1817 3025 1923 3064 non
1949 3011 2126 3065 omnia
2153 3014 2280 3083 agit,
2309 3023 2370 3068 ut
2411 3016 2668 3070 sanetur?
2695 3018 2940 3089 Magnum
2973 3023 3134 3077 telum
3163 3036 3245 3080 est
3273 3041 3396 3081 ora-

1818 3100 1913 3156 tio.
1945 3102 2006 3158 Si
2030 3120 2136 3172 vos,
2169 3104 2361 3176 inquit,
2394 3109 2551 3163 nostis
2581 3111 2709 3164 bona
2743 3113 2864 3165 data
2890 3115 3012 3168 dare
3040 3118 3162 3184 ﬁliis
3201 3122 3398 3187 vestris,

1816 3204 2005 3264 quanto
2035 3198 2195 3268 magis
2233 3197 2390 3254 Pater
2411 3212 2568 3255 vester
2590 3202 2740 3274 (Luc.
2767 3207 2855 3260 11.
2892 3209 2979 3278 13)
3004 3211 3026 3262 ?
3055 3209 3160 3265 Cur
3185 3227 3288 3267 non
3321 3216 3399 3270 vis

1817 3287 2119 3343 accedere?
2164 3289 2241 3346 Te
2286 3302 2450 3357 amat,
2498 3294 2614 3363 plus
2663 3307 2838 3365 potest
2880 3315 3037 3369 quam
3084 3320 3272 3360 omnes
3305 3324 3317 3358 ε
3347 3317 3401 3361 et

1819 3381 1933 3435 vult
1975 3391 2028 3436 et
2075 3390 2286 3452 potest;
2319 3385 2444 3454 quid
2476 3387 2740 3458 impedit?
2766 3390 2924 3445 Nihil.
2974 3394 3113 3464 Ergo
3143 3412 3262 3451 cum
3297 3398 3399 3454 ﬁde

1819 3473 2134 3529 accedamus
2165 3492 2179 3528 :
2208 3478 2525 3533 accedamus
2572 3481 2710 3536 dona
2769 3483 3052 3541 offerentes
3100 3504 3217 3558 qum
3246 3493 3400 3558 vult,

1822 3563 2132 3632 injuriarum
2187 3567 2531 3636 oblivionem,
2573 3571 2977 3644 benignitatem,
3033 3583 3401 3637 mansuetudi-

1821 3670 1966 3710 nem.
1995 3656 2105 3710 Etsi
2135 3667 2384 3728 peccator
2410 3663 2504 3726 sis,
2532 3677 2653 3717 cum
2679 3662 2869 3719 liducia
2897 3667 2962 3722 ab
2990 3668 3107 3738 ipso
3130 3674 3402 3727 remissio-
3447 3689 3454 3696 '

1823 3765 1943 3803 nem
1971 3760 2308 3817 peccatorum
2338 3764 2507 3824 petes,
2531 3757 2576 3810 si
2607 3757 2777 3824 possis
2803 3762 3086 3816 ostendere
3105 3763 3204 3819 hoc
3227 3766 3398 3835 ipsum

1822 3858 1852 3894 a
1884 3853 1934 3896 te
1963 3842 2157 3898 factum
2183 3860 2302 3900 esse
2336 3863 2347 3898 :
2377 3847 2420 3901 si
2452 3863 2579 3903 vero
2600 3850 2774 3917 justus
2818 3854 2914 3919 sis,
2959 3871 3057 3910 nec
3085 3857 3396 3928 injuriarum

1823 3936 2148 3991 oblivionem
2176 3937 2393 4004 habeas,
2423 3941 2552 3995 nihil
2576 3943 2669 3996 tibi
2694 3945 2932 4012 prodest.
2959 3947 3073 4002 Non
3112 3962 3284 4018 potest
3309 3955 3399 4023 qui

1823 4029 2066 4096 proximo
2093 4029 2312 4095 dimisit,
2343 4047 2450 4085 non
2482 4033 2690 4101 plenam
2716 4038 2923 4091 veniam
2955 4043 3210 4111 consequi
3240 4061 3252 4096 :
3285 4043 3401 4101 sine

1824 4121 1929 4174 ulla
1958 4122 2099 4176 enim
2139 4125 2537 4192 comparatione
2576 4125 2892 4183 clementior
2921 4132 3076 4186 nobis
3104 4143 3187 4188 est
3216 4135 3356 4192 Deus
3385 4156 3399 4192 :

1825 4214 1926 4270 hoc
1953 4217 2118 4270 cuivis
2153 4218 2328 4286 palam
2359 4228 2460 4273 est.
2487 4220 2625 4285 Quid
2669 4221 2839 4277 dicis?
2867 4223 2921 4278 Si
2952 4225 3170 4293 dixeris,
3219 4228 3403 4285 Lzesus

1824 4309 1917 4375 fui,
1948 4312 2081 4364 iram
2111 4310 2314 4377 domui,
2358 4309 2554 4367 furoris
2595 4314 2701 4367 vim
2732 4317 2927 4384 pertuli
2960 4328 3174 4387 propter
3205 4338 3405 4386 praece-

1825 4413 1974 4470 ptum
2002 4409 2169 4466 tuum,
2203 4416 2378 4456 annon
2427 4410 2482 4457 et
2527 4405 2641 4473 ipse
2683 4405 2954 4461 dimittet?
2983 4409 3214 4466 Omnino
3257 4425 3405 4469 certe

1824 4492 2074 4547 dimittet.
2104 4493 2282 4562 Itaque
2302 4495 2531 4548 animam
2552 4511 2835 4566 purgemus
2856 4499 2923 4553 ab
2951 4501 3260 4570 injuriarum
3284 4523 3396 4561 me-

1822 4587 2013 4640 moria.
2043 4585 2248 4641 Sul‘ﬁcit
2277 4586 2380 4641 hoc
2408 4588 2580 4651 nobis,
2613 4597 2670 4643 ut
2695 4591 3059 4659 exaudiamur,
3087 4611 3150 4650 ac
3176 4597 3404 4667 vigilan-

1824 4688 1907 4734 ter
1938 4690 1990 4734 et
2018 4696 2136 4734 cum
2167 4683 2560 4748 perseverantia
2587 4698 2887 4752 precemur,
2936 4696 2992 4740 ut
3031 4691 3247 4758 copiose
3277 4693 3395 4762 ejus

1825 4773 2107 4828 clementia
2137 4773 2393 4839 fruentes,
2428 4776 2685 4842 promissa
2712 4792 3059 4845 assequamur
3086 4781 3221 4836 bona
3249 4825 3263 4848 ,
3287 4801 3407 4854 gra-

1825 4866 1893 4919 tia
1925 4875 1978 4920 et
2020 4865 2346 4935 benignitate
2390 4866 2596 4920 Domini
2646 4869 2814 4922 nostri
2854 4869 2978 4923 Jesu
3018 4871 3233 4938 Christi,
3287 4879 3407 4946 qui-

1825 4972 1945 5012 cum
1978 4958 2119 5011 Patri
2151 4967 2204 5012 et
2243 4958 2462 5027 Spiritui
2508 4967 2713 5025 sancto,
2762 4960 2950 5029 gloria,
2998 4963 3406 5033 imperium,bo—

1822 5064 1964 5111 nor,
1997 5062 2136 5102 nunc
2189 5056 2244 5102 et
2297 5062 2529 5117 semper,
2593 5059 2646 5102 et
2704 5049 2756 5102 in
2815 5051 3008 5106 saecula
3063 5057 3404 5114 saeculorum.

1825 5143 2016 5195 Amen.

165 5238 3402 5264 Μ

1385 5283 1728 5344 HOMILIA
1767 5280 2106 5343 XXXVII.

154 5410 264 5466 Car.
293 5414 380 5466 17.
414 5430 468 5465 v.
505 5415 561 5466 1.
585 5409 704 5467 Cum
732 5420 896 5464 autem
924 5409 1350 5479 perambulassent
1377 5406 1722 5478 Amphipolim

211 5514 253 5557 et
277 5504 632 5573 Apolloniam,
661 5512 898 5556 uerierunt
925 5499 1357 5562 Thessalonicam,
1388 5499 1474 5550 ubi
1502 5509 1609 5552 erat
1637 5515 1720 5568 sy-

212 5612 402 5664 nagoga
426 5593 754 5647 Judaorum.
781 5592 836 5647 2.
866 5592 1157 5647 Secundum
1185 5589 1594 5643 consuetudinem
1625 5605 1722 5641 au-

209 5694 303 5741 tem
335 5687 542 5742 I'aulus
575 5687 789 5740 introivit
815 5688 882 5739 ad
911 5702 996 5739 eos
1024 5700 1041 5738 :
1067 5694 1113 5737 et
1143 5701 1231 5751 per
1254 5683 1459 5736 sabbata
1487 5683 1584 5736 tria
1609 5683 1719 5736 dis-

213 5779 399 5835 serebat
427 5781 501 5836 eis
529 5780 597 5833 de
622 5779 923 5849 Scripturis,
957 5779 1009 5833 5.
1037 5776 1336 5848 adaperiens
1366 5784 1412 5831 et
1433 5775 1716 5844 insinuans,

1897 5405 2015 5474 quia
2043 5402 2295 5458 Christum
2325 5403 2543 5473 aportuit
2582 5403 2686 5473 pati
2721 5414 2768 5456 et
2809 5421 3069 5476 resurgere
3093 5426 3124 5462 a
3155 5412 3403 5477 mortuis;

1901 5508 1945 5552 et
1974 5499 2091 5566 quia
2133 5498 2212 5551 hic
2254 5506 2324 5552 est
2355 5497 2580 5552 Christus
2621 5496 2791 5563 Iesus,
2839 5517 2983 5568 quem
3025 5517 3115 5572 ego
3157 5505 3403 5558 annuntio
3471 5555 3476 5562 .

1895 5591 2052 5645 vobis.

1900 5682 1953 5735 1.
1985 5679 2190 5734 Rursus
2237 5694 2429 5750 parvas
2475 5689 2890 5749 praetercurrunt
2931 5683 3192 5747 civitates,
3237 5695 3292 5738 et
3329 5685 3400 5740 ad

1825 5772 2060 5844 majores
2103 5771 2378 5843 festinant,
2405 5771 2548 5844 quod
2573 5772 2699 5831 inde
2723 5772 2874 5845 quasi
2903 5788 2974 5830 ex
3005 5773 3149 5830 fonte
3175 5774 3401 5832 verbum
