3978 6506
560 317 663 371 265

557 435 778 488 deberet
823 430 877 485 in
923 428 1126 483 vicinas
1172 424 1332 479 urbes
1362 437 1600 477 manare.
1641 421 1745 475 Pro
1779 432 1929 473 more
1962 424 2141 471 autem

558 539 656 578 suo
682 520 897 576 intravit
926 520 1117 574 Paulus
1146 518 1199 571 in
1231 528 1557 587 synagogam
1583 512 1915 567 Judreorum.
1940 509 2141 576 Quam-

557 618 638 672 vis
661 617 890 681 dixerat,
937 611 1282 667 Convertimur
1314 609 1382 661 ad
1411 616 1579 676 gentes
1606 604 1742 675 (Aet.
1774 604 1861 657 15.
1891 600 2003 674 46).
2036 616 2141 656 non

560 708 894 778 relinquebat
924 706 1082 768 illos;
1115 702 1209 757 sed
1238 714 1432 768 magno
1471 698 1592 753 illos
1636 697 1812 750 studio
1850 709 2142 765 proseque-

557 804 733 858 batur.
767 799 901 854 Audi
932 797 1075 853 enim
1106 796 1254 849 illum
1298 793 1563 847 dicentem
1589 807 1605 844 :
1636 788 1866 855 Fratres,
1904 787 2143 857 benepla-

559 897 713 949 citum
749 890 917 946 sordis
956 889 1072 955 mei,
1104 897 1152 942 et
1193 886 1414 957 precatio
1456 884 1523 937 ad
1554 882 1720 937 Deum
1748 897 1841 952 pro
1882 880 2047 935 Israel
2069 887 2143 935 est

559 989 627 1041 ad
650 985 865 1039 salutem
899 983 1073 1053 (Rom.
1098 981 1188 1036 10.
1208 978 1262 1051 1)
1283 994 1298 1045 ;
1323 987 1396 1045 et,
1420 977 1690 1048 Cupiebam
1728 976 1996 1030 anathema
2035 990 2143 1029 esse

557 1097 587 1132 α
618 1077 817 1134 Christo
849 1091 941 1146 pro
968 1073 1208 1144 fratribus
1241 1071 1366 1125 meis
1395 1068 1559 1138 (Ibid.
1601 1068 1655 1123 9.
1688 1066 1768 1138 '5).
1808 1068 1921 1121 Hoc
1960 1074 2139 1120 autem

560 1171 785 1227 faciebat
810 1178 1026 1238 propter
1053 1162 1462 1234 promissionem
1505 1160 1598 1215 Dei
1625 1168 1680 1214 et
1720 1157 1964 1229 gloriam,
1993 1166 2050 1210 et
2073 1169 2140 1210 ne

559 1266 661 1318 hoc
690 1260 1063 1317 offendiculum
1094 1265 1237 1312 esset
1264 1255 1532 1325 gentibus.
1572 1252 1639 1307 Et
1668 1269 1758 1323 per
1798 1250 2006 1305 sabbata
2043 1249 2142 1303 tria

557 1353 829 1409 disserebat
874 1352 943 1405 eis
984 1350 1045 1403 de
1086 1347 1386 1417 Scripturis,
1432 1345 1731 1414 adaperiens
1774 1350 1819 1397 et
1855 1342 2136 1405 insinuans,

555 1448 674 1518 quia
702 1446 956 1499 Christum
985 1442 1208 1509 Oportuit
1239 1439 1344 1510 pati
1379 1447 1427 1491 et
1464 1451 1723 1505 resurgere
1759 1451 1791 1488 α
1819 1435 2066 1495 mortuis;
2094 1442 2141 1485 et

555 1542 673 1610 quia
701 1537 781 1591 hic
804 1534 956 1589 Jesus
986 1534 1237 1597 Christus,
1265 1546 1414 1600 quem
1451 1546 1542 1599 ego
1571 1527 1818 1581 annuntio
1846 1525 2005 1579 vobis.
2051 1524 2142 1578 Vi-

555 1632 650 1685 des
677 1629 823 1685 illum
855 1636 978 1680 ante
1016 1623 1198 1678 omnia
1227 1622 1529 1691 passionem
1577 1617 1907 1689 praedicare?
1948 1616 2037 1672 Sic
2065 1616 2140 1670 illi

558 1738 663 1776 non
691 1718 1101 1782 erubescebant,
1131 1713 1223 1770 sed
1252 1712 1494 1768 sciebant
1521 1710 1625 1765 hoc
1654 1709 1887 1764 salutare
1911 1722 2049 1762 esse.
2082 1707 2137 1761 4.

557 1815 623 1869 Ει
655 1814 861 1879 quidam
885 1828 948 1865 ea;
973 1811 1042 1864 eis
1068 1808 1412 1869 crediderunt,
1434 1814 1479 1859 et
1504 1802 1729 1874 adjuncti
1758 1809 1875 1855 sunt
1904 1801 2067 1854 Paulo
2094 1808 2140 1854 et

556 1909 703 1973 Silw,
736 1914 783 1960 et
823 1905 885 1958 de
927 1902 1202 1957 colentibus
1245 1898 1513 1970 gentilibus
1554 1894 1822 1949 multitudo
1859 1910 2062 1965 magna,
2092 1902 2140 1946 et

552 2001 784 2054 mulieres
814 1995 1000 2050 nobiles
1022 2010 1120 2048 non
1144 2007 1338 2062 pauere.
1369 1990 1641 2045 Summam
1663 1986 1796 2042 dixit
1822 1985 2096 2041 concionis
2121 2003 2135 2040 :

553 2092 624 2147 ita
666 2089 872 2144 alienus
896 2094 980 2142 est
1003 2100 1035 2139 a
1072 2081 1455 2153 superﬂuitate,
1500 2095 1598 2133 nec
1632 2078 1826 2147 ubique
1856 2076 2138 2131 conciones

554 2193 691 2236 totas
718 2178 926 2234 recitat.
969 2178 1022 2231 5.
1068 2174 1301 2229 Zelantes
1339 2182 1509 2226 autem
1549 2168 1722 2223 Judaei
1761 2166 2026 2230 increduli,
2057 2183 2141 2220 as-

551 2281 895 2340 sumentesque
915 2269 977 2321 de
998 2268 1145 2336 vulgo
1175 2266 1308 2319 viros
1330 2263 1578 2335 quosdam
1602 2259 1783 2323 malos,
1815 2268 1860 2313 et
1886 2259 2032 2312 turba
2052 2262 2137 2329 fa-

550 2375 629 2419 cta
658 2363 1028 2417 concitaverunt
1055 2358 1339 2420 civitatem;
1367 2364 1413 2408 et
1443 2352 1732 2407 invadentes
1757 2350 1963 2404 domum
1981 2347 2138 2403 Iaso-

549 2457 647 2519 nis,
677 2452 965 2524 quterebant
992 2466 1077 2503 eos
1120 2448 1396 2519 producere
1430 2446 1485 2499 in
1535 2442 1813 2514 populum;
1842 2442 1894 2498 6.
1932 2452 1988 2495 et.
2022 2458 2137 2496 cum

548 2565 650 2602 non
678 2544 979 2599 invenissent
1006 2557 1110 2605 eos,
1136 2546 1397 2592 traxerunt
1421 2536 1664 2590 Jasonem
1688 2543 1736 2589 et
1763 2534 2011 2605 quosdam
2030 2536 2139 2606 fra-

548 2652 648 2695 tres
673 2638 740 2692 ad
770 2637 1021 2707 principes
1039 2633 1277 2699 civitatis,
1298 2631 1572 2685 clamantes
1594 2645 1613 2684 :
1634 2627 1708 2682 Hi
1726 2637 1842 2684 sunt
1863 2628 1947 2697 qui
1966 2629 2138 2684 urbem

547 2733 819 2796 concitant,
848 2738 893 2783 et
919 2729 1014 2781 huc
1036 2734 1292 2787 venerunt,
1321 2724 1373 2780 7.
1401 2740 1524 2792 quos
1548 2723 1767 2793 suscepit
1790 2721 1952 2777 lason
1973 2740 1993 2789 ;
2014 2731 2059 2778 et
2084 2723 2138 2777 hi

550 2840 720 2879 omnes
766 2831 940 2875 contra
986 2820 1186 2873 decreta
1231 2814 1446 2869 Cwsaris
1492 2815 1706 2884 faciunt,
1757 2831 1925 2885 regem
1976 2815 2137 2869 alium

550 2918 771 2969 dicentes
798 2928 902 2966 esse
924 2910 1121 2963 Jesum.
1149 2906 1194 2963 0
1228 2906 1619 2961 accusationem
1643 2906 1656 2959 l
1689 2905 1895 2960 Rursus
1925 2906 2137 2961 violata

552 3004 842 3075 maiestatis
863 3008 1117 3056 accusant
1138 3013 1254 3062 eos,
1273 2995 1529 3062 Dicentes,
1558 2996 1825 3065 inquiunt,
1853 3011 1959 3050 esse
1977 2996 2136 3050 alium

552 3111 714 3167 regem
742 3092 942 3147 Jesum.
977 3089 1032 3145 8.
1072 3086 1457 3144 Concitaverunt
1491 3096 1657 3139 autent
1688 3086 1883 3156 plebem
1919 3096 1967 3140 et
1995 3087 2136 3155 prin—

553 3192 686 3260 cipes
710 3185 923 3240 civitatis
943 3182 1203 3235 audientes
1233 3180 1358 3234 haec.
1387 3178 1442 3233 9.
1470 3178 1535 3231 Et
1564 3188 1770 3249 accepta
1795 3178 2137 3245 satisfactione

554 3299 581 3333 a
606 3280 797 3333 Jasone
824 3285 871 3331 et
896 3292 928 3328 a
952 3273 1167 3338 cteteris,
1196 3271 1493 3325 dimiserunt
1523 3286 1625 3324 eos.
1655 3269 2017 3325 Admirandus
2044 3271 2132 3325 ille

554 3374 630 3427 vir
659 3381 793 3433 erat,
842 3369 933 3440 qui
979 3365 1209 3437 pericula
1258 3363 1455 3427 adibat,
1498 3371 1553 3417 et
1595 3363 1847 3417 emiserat
1882 3378 1996 3419 eos.
2045 3363 2132 3418 10.

553 3464 766 3520 Fratres
788 3476 905 3515 vero
946 3458 1209 3528 confestim
1236 3471 1325 3525 per
1364 3464 1558 3507 noctem
1584 3454 1879 3508 dimiserunt
1913 3453 2135 3510 Paulum

552 3567 599 3612 et
628 3555 792 3610 Silam
817 3553 870 3605 in
895 3549 1143 3604 Beroeam.
1177 3546 1277 3614 Qui
1306 3561 1419 3599 cum
1451 3546 1718 3611 venissent,
1746 3547 1800 3599 in
1826 3563 2134 3617 synagogam

550 3648 849 3703 Judworum
890 3641 1207 3695 introierant.
1241 3638 1328 3692 11.
1376 3635 1446 3691 Hi
1476 3647 1642 3691 autem
1679 3647 1823 3691 erant
1865 3638 2134 3693 nobiliores

552 3754 746 3801 eorum,
777 3734 863 3803 qui
888 3740 1001 3787 sunt
1025 3727 1412 3793 Thessalonicae,
1458 3730 1545 3800 qui
1585 3740 1908 3797 susceperunt
1934 3730 2136 3784 verbum

552 3847 667 3884 cum
698 3827 833 3881 omni
862 3825 1119 3889 aviditate,
1166 3820 1389 3893 quotidie
1429 3828 1710 3875 scrutantes
1742 3821 2060 3891 Scripturas,
2092 3824 2136 3876 si

552 3923 660 3975 haec
686 3919 758 3971 ita
796 3932 852 3970 se
885 3914 1143 3968 haberent.
1184 3910 1491 3975 Nobiliores,
1524 3910 1716 3979 inquit,
1756 3912 1806 3965 id
1850 3923 1951 3977 est,
1985 3928 2137 3966 man-

549 4011 833 4067 suetiores.
878 4007 944 4062 Et
988 4005 1131 4072 vide,
1175 4019 1280 4060 non
1325 4003 1706 4073 perfunctorie,
1751 4003 1848 4058 sed
1891 4016 2135 4061 accurate

552 4104 924 4161 scrutabantur
972 4099 1271 4169 Scripturas
1320 4098 1407 4167 (id
1455 4098 1597 4152 enim
1651 4098 1914 4168 significat
1962 4099 2130 4165 illud,

551 4192 820 4268 Ᾱνέκρινον)
844 4212 859 4259 ;
888 4194 1133 4248 volebant
1156 4191 1352 4261 quippe
1378 4205 1442 4244 ex
1471 4190 1599 4259 ipsis
1635 4191 1893 4246 certiores
1921 4191 2033 4246 fieri
2067 4193 2135 4248 de

557 4288 804 4359 passione
830 4302 843 4349 ;
870 4284 978 4353 jam
1004 4284 1144 4337 enim
1176 4282 1532 4337 crediderant.
1560 4282 1646 4336 12.
1674 4282 1742 4335 Et
1772 4285 1917 4337 multi
1934 4285 2135 4353 quidem

556 4376 874 4435 credidélunl
901 4391 963 4428 ea:
1004 4375 1094 4439 eis,
1125 4383 1169 4428 et
1207 4374 1438 4427 mulieres
1466 4374 1675 4445 gentiles
1715 4376 1936 4430 honesta:
1960 4387 2006 4431 et
2042 4380 2134 4433 viri

556 4492 656 4529 non
688 4471 853 4542 pauci.
888 4468 973 4525 15.
1000 4466 1128 4523 Cum
1147 4476 1309 4521 autem
1335 4471 1677 4538 cognovissent
1698 4469 1749 4522 in
1776 4468 2137 4525 Thessalonica

555 4564 749 4628 Judwi,
778 4561 897 4632 quia
926 4568 972 4613 et
1001 4557 1190 4612 Beroea:
1218 4558 1549 4628 prwdicatum
1574 4569 1645 4613 est
1671 4576 1702 4611 a
1731 4559 1899 4613 Paulo
1933 4562 2135 4616 verbum

557 4659 677 4725 Dei,
709 4661 947 4709 venerunt
973 4661 1019 4705 et
1057 4650 1177 4703 illuc
1205 4661 1566 4705 commoventes
1606 4652 2001 4709 multitudinem.
2042 4656 2131 4711 14.

560 4752 845 4819 Statimque
874 4756 992 4798 tunc
1019 4740 1241 4795 Paulum
1282 4742 1581 4797 dimiserunt
1618 4748 1822 4814 fratres,
1863 4756 1917 4800 ut
1951 4749 2136 4803 veniret

555 4859 713 4914 usque
738 4840 805 4894 ad
834 4853 970 4891 mare
997 4852 1015 4889 :
1045 4834 1185 4889 Silas
1206 4842 1370 4887 autem
1402 4844 1448 4888 et
1479 4833 1764 4891 Timotheus
1789 4853 2137 4898 remanserunt

555 4936 645 4991 ibi.
676 4932 809 4988 Vide
852 4930 1002 4984 illum
1041 4935 1095 4982 et
1134 4926 1413 4989 cedentem
1442 4936 1497 4981 et
1534 4930 1839 4993 instantem,
1868 4934 2136 5005 multaque

560 5027 796 5081 humano
824 5034 972 5076 more
1016 5016 1320 5072 facientem.
1364 5016 1450 5072 15.
1483 5016 1580 5083 Qui
1623 5030 1787 5073 autem
1828 5021 2138 5079 deducebant

561 5117 805 5180 Paulum,
845 5112 1187 5182 perduxerunt
1212 5126 1325 5164 eum
1366 5125 1521 5176 usque
1558 5110 1819 5177 Athenas;
1857 5124 1904 5167 et
1932 5130 2136 5187 accepto

563 5210 805 5267 mandato
833 5207 893 5261 ab
924 5223 979 5260 eo
1007 5204 1075 5258 ad
1108 5204 1275 5259 Silam
1303 5213 1349 5257 et
1383 5202 1721 5269 Timotheum,
1756 5216 1808 5259 nt
1834 5224 1986 5277 quam
2010 5210 2139 5264 cele-

561 5310 685 5363 riter
710 5304 950 5366 venirent,
975 5299 1186 5370 profecti
1214 5308 1346 5352 sunt.
1381 5298 1487 5354 Sed
1514 5300 1787 5366 superiora
1814 5311 2136 5371 repetamus.

564 5398 670 5454 Per
709 5392 915 5449 sabbata
959 5391 1077 5456 tria,
1118 5390 1303 5460 inquit,
1349 5389 1640 5459 loquebatur
1677 5392 1767 5453 eis,
1813 5394 2043 5463 aperiens
2078 5411 2142 5448 ea:

562 5485 864 5558 Scripturis.
888 5483 1069 5545 Recte,
1095 5482 1305 5551 quando
1328 5483 1600 5537 vacabant.
1627 5483 1715 5537 Sic
1730 5482 1975 5539 Christus
2000 5500 2142 5541 sem-

520 5568 523 5571 i
566 5599 663 5655 per
689 5579 934 5642 faciebat,
966 5592 996 5629 a
1020 5575 1308 5644 Scripturis
1332 5576 1526 5646 ubique
1552 5576 1842 5638 disserens.
1875 5595 1973 5635 nec
2002 5594 2144 5636 sem-

569 5690 662 5748 per
686 5671 839 5744 signa
866 5669 1084 5724 faciens.
1114 5666 1249 5734 Quia
1272 5668 1415 5722 enim
1450 5668 1503 5721 in
1544 5668 1646 5723 hoc
1674 5671 1926 5725 contrarii
1965 5681 2138 5739 erant,

564 5775 620 5824 et
645 5762 798 5837 quasi
816 5760 1155 5833 deceptorem
1180 5767 1235 5817 et
1258 5757 1699 5830 prmstigiatorem
1724 5760 1897 5832 ipsum
1931 5762 2138 5820 calum-
2180 5813 2186 5819 .

1234 308 1292 368 S.
1333 306 1608 364 JOANNIS
1643 298 2124 361 CHRYSOSTOMI
2159 296 2476 356 ARCHIEP.
2518 301 3049 361 CONSTANTINOP.
3693 311 3774 373 264

2247 414 2550 483 niabantur,
2594 418 2713 473 ideo
2753 420 2866 488 ipse
2902 437 2932 475 a
2970 420 3259 492 Scripturis
3295 421 3530 477 disserit.
3565 420 3679 480 Nam
3706 433 3775 498 qui

2246 521 2342 576 per
2369 509 2482 561 sola
2529 510 2681 579 signa
2732 512 3053 580 persuadere
3095 522 3341 576 conatur,
3378 513 3501 583 jure
3543 529 3776 585 suspectus

2246 605 2329 652 est
2357 614 2371 652 :
2403 598 2490 667 qui
2521 614 2741 656 veroex
2779 600 3069 672 Scripturis
3099 605 3400 674 persuadet,
3444 620 3547 659 non
3586 610 3709 663 venit
3736 613 3776 668 in

2246 690 2391 745 illam
2422 692 2802 760 suSpicionem.
2828 695 2899 749 Et
2935 709 3079 765 sazpe
3105 697 3405 753 invenimus
3429 713 3551 754 eum
3578 699 3777 760 doctrina

2248 781 2603 850 persuadere;
2628 797 2858 852 cumque
2896 794 3075 840 autem
3102 788 3396 844 Antiochiae
3429 789 3654 858 doceret,
3680 808 3778 850 con-

2244 882 2459 945 gregata
2497 884 2579 930 est
2607 874 2674 930 ad
2715 876 2862 930 illum
2899 877 3091 934 civitas
3121 896 3135 932 :
3162 879 3233 935 ita
3269 898 3519 953 magnum
3557 886 3777 954 quodJam

2246 966 2349 1021 hoc
2374 976 2477 1033 est,
2503 982 2603 1023 nec
2636 969 2845 1039 signum
2888 970 3085 1035 minus,
3113 971 3209 1027 sed
3251 987 3382 1029 sane
3415 976 3701 1032 maximum.
3729 979 3779 1035 Et

2245 1076 2312 1115 ne
2339 1070 2585 1130 putarent
2619 1075 2678 1117 se
2716 1070 2883 1117 totum
2924 1079 3103 1134 posse,
3142 1067 3400 1135 permittit
3434 1068 3571 1126 Deus
3609 1084 3658 1127 ut
3690 1076 3779 1143 pel-

2245 1149 2441 1204 lantur.
2477 1150 2592 1204 Duo
2617 1151 2759 1206 enim
2792 1152 2915 1207 hinc
2949 1154 3331 1223 proveniebant
3359 1174 3373 1211 :
3406 1173 3510 1214 non
3537 1161 3685 1217 altum
3710 1179 3780 1218 sa-

2244 1242 2463 1312 piebant
2482 1243 2634 1313 quasi
2663 1243 2763 1313 ipsi
2792 1254 3153 1314 superassent,
3195 1261 3370 1317 neque
3404 1251 3719 1309 terrebantur
3740 1267 3783 1311 ut

2244 1336 2360 1401 rei;
2400 1336 2469 1389 ita
2504 1350 2569 1390 ex
2598 1338 2897 1391 oeconomia
2937 1345 3074 1401 erat,
3101 1338 3243 1408 quod
3272 1349 3605 1397 vocarentur.
3638 1345 3783 1400 Calen.

2244 1428 2371 1481 tium
2398 1427 2679 1498 gentilium,
2712 1428 2903 1497 inquit,
2932 1429 3221 1495 multitudo,
3249 1440 3295 1484 et
3332 1447 3395 1485 ea;
3426 1433 3681 1502 gentilibus
3715 1440 3787 1491 ho-

2243 1519 2395 1572 nestis
2420 1517 2708 1572 mulieribus
2733 1529 2780 1573 et
2808 1535 2871 1573 ea:
2901 1521 3021 1575 viris
3050 1537 3153 1575 non
3182 1522 3336 1590 pauci
3371 1523 3693 1579 crediderunt.
3723 1529 3784 1584 Illi

2244 1626 2371 1666 vero
2401 1620 2607 1667 contra.
2649 1611 2930 1679 Quomodo
2978 1622 3157 1667 autem
3200 1614 3291 1683 qui
3339 1614 3489 1679 dicit,
3537 1615 3602 1668 Ut
3635 1634 3714 1671 nos
3735 1623 3786 1675 ad

2243 1715 2432 1777 gentes,
2472 1705 2552 1759 illi
2580 1715 2747 1759 autem
2769 1704 2838 1758 ad
2867 1706 3298 1762 circumcisionem
3334 1706 3477 1772 (Gal.
3519 1707 3573 1761 2.
3601 1709 3671 1778 9),
3692 1726 3787 1766 cum

2242 1796 2443 1853 Judaeis
2483 1797 2825 1852 disserebat?
2854 1796 2967 1852 Hoc
3002 1813 3071 1853 ex
3096 1798 3389 1853 abundanti
3426 1799 3664 1855 faciebat.
3705 1802 3790 1858 Sed

2242 1890 2287 1944 si
2316 1888 2515 1944 Iudaeis
2550 1888 2817 1943 disserere
2850 1890 3150 1959 oportebat,
3178 1890 3449 1960 quomodo
3485 1907 3689 1946 rursum
3727 1895 3791 1948 di-

2242 1979 2397 2037 cebat
2428 1999 2442 2035 :
2476 1980 2578 2048 Qui
2606 1981 2741 2034 enim
2778 1993 3013 2050 operatus
3048 1991 3123 2036 est
3162 1982 3243 2036 illi
3273 1982 3328 2036 in
3366 1984 3788 2050 circumcisionem,

2243 2084 2477 2144 aperatus
2498 2083 2571 2127 est
2590 2073 2716 2127 mihi
2740 2074 2870 2127 inter
2889 2082 3059 2144 gentes
3084 2073 3247 2143 (Ibid.
3278 2090 3329 2130 υ.
3362 2076 3419 2144 8)
3441 2076 3464 2129 'I
3489 2077 3639 2132 Sicut
3657 2080 3791 2133 etiam

2242 2166 2318 2220 illi
2362 2165 2612 2235 gentibus
2659 2166 3037 2235 loquebantur,
3085 2166 3208 2223 licet
3247 2167 3315 2222 ad
3361 2169 3792 2226 circumcisionem

2242 2257 2506 2328 segregati
2541 2275 2556 2313 :
2586 2257 2661 2312 ita
2697 2268 2753 2312 et
2783 2258 2870 2314 hic
2914 2260 3109 2330 saepius
3152 2275 3276 2316 cum
3318 2262 3569 2330 gentibus
3612 2264 3791 2333 agebat,

2243 2366 2343 2407 nec
2370 2360 2547 2407 tamen
2575 2351 2791 2410 Judaeos
2828 2351 3149 2425 negligebat,
3195 2362 3352 2410 utne
3394 2353 3700 2411 viderentur
3731 2357 3794 2411 di-

2240 2443 2339 2497 visi
2368 2457 2508 2499 esse.

2310 2537 2365 2591 2.
2407 2536 2511 2592 Cur
2565 2536 2761 2592 Paulus
2797 2539 2851 2593 in
2892 2554 3176 2611 synagogas
3226 2539 3552 2595 intraret.—
3574 2539 3641 2595 Et
3682 2558 3794 2612 quo-

2242 2630 2424 2697 modo,
2448 2630 2681 2699 inquies,
2708 2632 2858 2701 prius
2879 2632 2933 2687 in
2954 2647 3250 2704 synagogas
3272 2634 3507 2689 intrabat
3527 2637 3551 2689 ?
3571 2636 3669 2691 Sed
3690 2652 3796 2706 gen-

2241 2721 2423 2778 tilibus
2450 2722 2804 2792 persuadebat
2829 2739 2923 2794 per
2946 2723 3181 2792 Judzeos,
3212 2735 3267 2781 et
3289 2741 3355 2781 ex
3385 2727 3449 2781 iis
3475 2744 3599 2796 quae
3625 2730 3794 2784 Jttdmis

2240 2813 2472 2869 dicebat.
2504 2813 2718 2869 Sciebat
2741 2815 2882 2869 enim
2911 2815 3015 2870 hoc
3043 2816 3332 2886 gentilibus
3368 2817 3437 2873 ad
3467 2819 3628 2875 fidem
3656 2823 3797 2876 addu-

2239 2906 2427 2962 cendis
2456 2906 2708 2961 idoneum
2738 2920 2880 2962 esse.
2910 2906 3036 2962 Ideo
3073 2908 3282 2963 dicebat
3310 2927 3324 2964 :
3348 2908 3415 2964 In
3449 2922 3692 2979 quantum
3725 2930 3795 2981 ego

2239 3016 2351 3053 sum
2376 2998 2598 3070 gentium
2639 3001 2903 3067 apostolus
2941 2999 3115 3071 (Rom.
3164 3000 3252 3054 11.
3302 3001 3412 3071 15).
3463 3003 3798 3072 Epistolmqlie

2238 3094 2358 3162 ejus
2383 3107 2571 3148 omnes
2598 3101 2785 3146 contra
2809 3091 3024 3147 Judaaos
3048 3102 3318 3148 certamen
3351 3094 3664 3163 prmferuut.
3690 3097 3796 3163 Quia

2240 3186 2517 3251 Christum,
2563 3185 2755 3255 inquit,
2797 3185 3057 3255 oportebat
3096 3188 3223 3256 pati.
3270 3186 3326 3242 Si
3379 3188 3484 3256 pati
3522 3190 3795 3257 oportebat,

2239 3294 2367 3350 ergo
2392 3289 2449 3335 et
2484 3294 2793 3348 resurgere;
2841 3278 2944 3334 hoc
2988 3281 3131 3334 enim
3173 3280 3330 3349 longe
3376 3282 3677 3337 mirabilius
3709 3294 3793 3345 est,

2237 3385 2395 3439 quam
2435 3369 2585 3425 illud.
2633 3369 2689 3427 Si
2730 3370 2873 3424 enim
2898 3386 3043 3434 eum,
3073 3372 3161 3442 qui
3211 3373 3343 3427 nihil
3390 3374 3591 3442 injuste
3617 3389 3793 3445 egerat,

2238 3462 2395 3516 morti
2428 3462 2662 3527 tradidit,
2707 3463 2875 3517 multo
2921 3464 3091 3534 magis
3120 3466 3397 3520 suscitavit
3436 3467 3610 3520 illum.
3654 3468 3797 3520 Ιαάωὶ

2238 3562 2403 3606 autem
2444 3553 2711 3621 increduli,
2745 3557 3018 3625 assumptis
3049 3557 3330 3626 forensibus
3368 3560 3685 3628 quibusdam,
3714 3571 3800 3614 tur-

2239 3646 2420 3699 barunt
2446 3646 2717 3711 civitatem,
2750 3647 2938 3717 inquit.
2972 3648 3154 3718 Itaque
3181 3649 3358 3718 plures
3384 3660 3543 3706 erant
3579 3654 3794 3722 gentiles.

2240 3736 2309 3790 Et
2348 3746 2753 3805 assumpserunt
2794 3739 3086 3809 quosdam;
3140 3740 3262 3811 quia
3308 3757 3413 3797 non
3456 3757 3523 3799 se
3574 3746 3799 3814 putabant

2238 3830 2370 3883 satis
2393 3843 2515 3885 esse
2543 3827 2709 3883 Judaei
2737 3829 2802 3883 ad
2830 3829 3171 3897 seditionem,
3201 3842 3256 3887 et
3282 3836 3404 3904 quia
3444 3838 3818 3909 rationabilem.

2237 3935 2451 3975 causam
2476 3935 2582 3976 non
2609 3921 2893 3977 habebant.
2922 3924 2996 3978 Ex
3019 3926 3245 3979 tumultu
3265 3941 3481 3995 semper
3509 3930 3627 3985 haec
3648 3932 3795 3985 omnia

2239 4014 2539 4085 perficiunt,
2565 4025 2619 4069 et
2644 4017 2933 4085 assumptis
2962 4017 3218 4086 improbis
3245 4019 3577 4077 hominibus.
3606 4024 3717 4077 Non
3737 4026 3796 4077 in.

2237 4108 2393 4161 ventis
2421 4117 2586 4160 autem
2612 4106 2737 4173 illis,
2771 4107 2959 4177 inquit,
2992 4119 3250 4164 traxerunt
3273 4110 3543 4168 Iasonem.
3573 4114 3618 4171 0
3646 4124 3795 4186 tyran-

2238 4197 2417 4252 nidem
2441 4199 2453 4252 ε
2486 4198 2567 4252 Ab
2593 4198 2798 4254 aedibus
2823 4200 2939 4254 sine
2961 4214 3118 4255 causa
3145 4202 3267 4256 illos
3289 4204 3598 4261 trahebant.
3629 4207 3696 4261 Hi
3713 4225 3795 4260 on:-

2239 4308 2325 4345 nes
2341 4300 2514 4344 contra
2535 4291 2731 4345 decreta
2755 4291 2969 4347 Ctesaris
2994 4294 3206 4363 faciunt,
3235 4311 3401 4367 regem
3423 4300 3591 4352 alium
3611 4301 3796 4353 dicentes

2238 4399 2344 4437 esse
2372 4382 2567 4437 Jesum.
2599 4382 2732 4450 Quia
2764 4383 2837 4437 illi
2879 4384 3009 4439 nihil
3044 4385 3274 4441 decretis
3315 4393 3649 4444 contrarium
3679 4392 3795 4446 dice-

2238 4476 2387 4540 bant,
2414 4490 2514 4531 nec
2539 4476 2806 4532 civitatem
2830 4477 3189 4542 concitabant,
3219 4480 3272 4533 in
3299 4480 3441 4535 aliud
3472 4482 3596 4537 illos
3621 4484 3791 4537 crimen

2239 4568 2459 4633 ducunt,
2505 4578 2559 4623 et
2598 4567 2739 4622 laesae
2782 4568 3075 4638 majestatis
3119 4570 3255 4626 falso
3281 4584 3561 4630 accusant.
3609 4577 3672 4629 Et
3693 4576 3792 4644 quid

2242 4659 2457 4723 timetis,
2492 4659 2752 4729 siquidem
2797 4670 3038 4714 mortuus
3066 4664 3191 4715 est?
3220 4662 3371 4729 Vide,
3402 4666 3676 4733 quomodo
3700 4681 3794 4735 per-

2240 4752 2586 4824 sequutiones
2631 4752 2825 4821 ubique
2871 4753 3298 4822 przedicationem
3343 4768 3710 4825 promoveant.
3740 4756 3797 4811 Hi

2240 4854 2407 4897 autem
2432 4853 2575 4898 erant
2602 4843 2868 4897 nobiliores
2903 4860 3095 4911 eorum,
3126 4846 3213 4913 qui
3249 4855 3363 4899 sunt
3407 4847 3791 4913 Thessalonice;

2241 4934 2294 4990 id
2324 4944 2422 4999 est,
2455 4935 2585 4988 nihil
2616 4935 2739 4989 mali
2770 4934 3055 4990 faciebant.
3086 4934 3190 4990 Sed
3213 4937 3299 4990 alii
3330 4939 3547 5007 quidem
3576 4941 3795 4996 credide-

2240 5036 2406 5091 runt;
2453 5026 2508 5080 bi
2553 5041 2683 5081 vero
2727 5027 3052 5080 contrarium
3102 5026 3300 5082 faciunt
3348 5030 3629 5086 turbantes
3675 5032 3796 5086 illos.

2244 5120 2401 5175 Multi
2429 5130 2595 5174 autem
2632 5136 2693 5173 ea:
2721 5120 2823 5174 illis
2850 5129 2898 5173 et
2932 5137 2996 5174 e:c
3022 5122 3288 5191 gentilibus
3326 5124 3629 5181 mulieribus
3654 5126 3799 5180 credi.

2244 5212 2446 5265 derunt.
2482 5211 2577 5264 Hic
2615 5226 2800 5265 rursus
2841 5213 3068 5281 gentiles
3118 5214 3361 5269 credunt.
3412 5216 3493 5270 Tu
3537 5233 3664 5273 vero
3688 5217 3798 5272 mihi

2244 5303 2551 5359 consideres
2579 5303 2761 5367 velim,
2797 5304 2942 5372 ipsos
2968 5319 3064 5373 per
3088 5308 3440 5363 oeconomiam
3471 5310 3687 5379 fugisse,
3713 5323 3799 5364 neu

2245 5412 2357 5468 prae
2382 5405 2562 5452 metu:
2586 5397 2819 5467 alioquin
2846 5398 2986 5453 enim
3013 5399 3174 5454 tinem
3193 5399 3441 5456 fecissent
3474 5402 3797 5471 przedicandi,

2248 5503 2349 5543 nec
2369 5489 2534 5557 magis
2555 5490 2984 5544 exacerbassent.
3009 5490 3112 5545 Sed
3135 5491 3257 5546 hinc
3272 5493 3377 5547 duo
3394 5496 3710 5549 eveniebant
3729 5510 3742 5547 :
3759 5502 3803 5546 ct

2248 5580 2461 5636 illorum
2494 5579 2643 5635 furor
2679 5582 3133 5652 exstinguebatur,
3168 5594 3221 5640 et
3257 5585 3569 5655 praedicatio
3599 5598 3805 5656 angens-

2249 5679 2356 5727 tur.
2386 5670 2659 5740 Condigne
2700 5682 2878 5729 autem
2923 5674 2988 5730 de
3028 5675 3240 5731 illorum
3271 5678 3503 5732 tumultu
3554 5678 3698 5741 dicit,
3726 5690 3805 5730 νει

2254 5767 2400 5823 nisse
2429 5782 2524 5823 eos
2566 5768 2692 5824 illuc
2720 5769 2899 5827 turbas
2928 5772 3291 5840 concitantes;
3321 5772 3586 5830 infrenem
3614 5772 3804 5829 illam")
