4100 6354
447 227 555 284 265

451 343 770 407 σαλεύοντες
799 343 923 408 τοὺς
967 341 1177 414 ὄχλους,
1224 343 1324 412 τὴν
1352 344 1651 398 ἀκάθεκτον
1711 347 1906 415 μανίαν
1937 347 2114 400 αὐτῶν

449 434 844 503 αἰνιττόμενος.
899 430 1134 497 Εὐθέως
1155 429 1224 484 δὲ
1248 431 1688 494 ἐξαπέστειλαν
1733 432 1840 485 τὸν
1871 433 2117 486 Παῦλον

449 527 504 578 al
541 523 790 592 ἀδελφοὶ
823 523 1199 590 πορεύεσθαι,
1245 520 1428 590 φησὶν,
1471 519 1550 585 ὠς
1597 520 1694 572 ἐπὶ
1721 520 1836 587 τὴν
1888 519 2110 574 Orum.

433 628 594 668 -σαν,
661 609 925 664 Ἐνταῦθα
957 607 1144 662 λοιπὸν
1206 607 1297 660 τὸν
1343 605 1552 660 Παῦλον
1611 607 1886 679 πέμπουσι
1938 608 2118 677 μόνον·

454 704 583 775 περὶ
621 702 730 773 γάρ
761 699 927 754 αὑτοῦ
956 696 1332 760 ἐδεδοίκεισαν,
1361 698 1434 767 μή
1464 714 1517 748 τι
1547 695 1716 768 πάθῃ,
1746 697 1806 750 τὸ
1829 695 2120 766 κεφάλαιον

448 791 632 846 αὐτῶν
656 789 789 843 αὐτὸ
836 787 914 840 όν·
942 785 1116 848 οὕτως
1155 785 1217 837 ού
1253 783 1532 854 πανταχοῦ
1590 787 1623 857 ή
1660 785 1820 856 χάρις
1875 785 2120 854 ἐνήργει,

448 881 569 936 ἀλλ’
603 880 690 933 εῖα
723 880 920 942 αὐτοὺς
955 876 1049 930 καὶ
1091 874 1407 946 ἀνθρώπινα
1442 877 1634 942 ποιεῖν,
1677 875 2005 930 διανιστῶσα
2025 875 2124 928 αύ-

434 971 578 1033 τούς
611 969 703 1021 καὶ
747 965 1116 1030 διυπνίζουσα,
1175 963 1270 1017 καὶ
1301 964 1378 1026 είς
1432 963 1704 1034 μέριμναν
1755 962 2116 1034 ἐμϐάλλουσα.

455 1061 598 1130 Ὅρα
622 1056 770 1125 γοῦν,
809 1055 914 1118 ἐως
941 1051 1222 1106 Φιλίππων
1247 1051 1418 1105 ἐσωσε
1441 1051 1622 1120 μόνον,
1651 1051 1898 1104 ἐντεῦθεν
1942 1050 1997 1103 δὲ
2020 1051 2120 1104 οὐκ

452 1147 556 1200 ἔτι.
588 1144 696 1200 Καὶ
745 1143 1035 1206 λαϐόντες
1062 1138 1346 1205 ἐντολὴν,
1381 1139 1535 1208 φησὶ,
1597 1137 1746 1205 πρὸς
1799 1139 1906 1191 τὸν
1932 1139 2122 1191 Σίλαν

443 1235 552 1289 -καὶ
579 1235 684 1288 τὸν
714 1232 1012 1302 Τιμόθεον,
1041 1230 1141 1282 ἵνα
1187 1229 1268 1293 ὡς
1301 1226 1554 1296 τάχιστα
1585 1227 1804 1279 ἔλθωσι
1834 1225 1983 1293 πρὸς·
2015 1228 2120 1279 αὐ-

453 1326 580 1388 τὸν,
613 1323 899 1391 ἐξῄεσαν.
929 1318 1040 1371 Καὶ
1071 1315 1231 1369 τοῦτο
1260 1316 1506 1379 εἰκότως.
1534 1316 1596 1369 Εἰ
1635 1314 1744 1386 γὰρ
1792 1316 1885 1368 καὶ
1909 1313 2121 1377 Παῦλος

451 1411 542 1487 ἦν,
565 1415 714 1484 ὅμως
747 1411 916 1463 ἐδεῖτο
943 1408 1189 1461 ἐκείνων.
1216 1406 1358 1476 ’Ἄρα
1388 1404 1566 1467 καλῶς
1592 1404 1882 1473 ἠπείγοντο
1896 1404 1974 1465 είς
2003 1402 2121 1455 Μα-

453 1501 698 1556 κεδονίαν
723 1499 828 1554 ὑπὸ
862 1498 954 1550 τοῦ
985 1495 1139 1548 Θεοῦ·
1192 1493 1421 1566 λαμπρὰ
1471 1494 1581 1563 γὰρ
1609 1489 1677 1564 ἦν
1708 1493 1803 1546 καὶ
1826 1493 1860 1562 ή
1931 1490 2122 1554 Ἑλλὰς

454 1591 659 1645 λοιπόνο
699 1589 822 1642 ἐπεὶ
849 1588 940 1642 καὶ
972 1585 1110 1640 ἄλλα
1153 1582 1389 1655 περιττὰ
1432 1583 1625 1636 ἐποίει.
1667 1583 1727 1635 '0
1781 1580 2012 1652 Χριστὸς
2039 1580 2120 1632 δι-

451 1679 643 1746 έταξεν
665 1681 730 1730 ἐκ
760 1675 854 1728 τοῦ
880 1672 1196 1741 εὐαγγελίου
1231 1671 1350 1742 ζῇν,
1374 1663 1528 1733 οὗτος
1553 1670 1610 1724 δὲ
1637 1669 1768 1722 αύτδ
1799 1671 1897 1722 ούκ
1925 1669 2118 1721 ἐποίει·

452 1770 483 1822 ό
516 1765 751 1837 Χριστὸς
773 1764 872 1816 ούκ
895 1760 1214 1816 ἀπέστειλεν
1235 1759 1398 1812 αὑτὸν
1422 1758 1721 1828 βαπτίζειν,
1757 1752 1908 1820 οὗτος
1934 1756 1988 1808 δὲ
2004 1756 2122 1810 ἐϐά·

454 1856 665 1921 πτιζεν.
693 1855 834 1925 Ὅρα
866 1851 980 1914 πῶς
1013 1851 1334 1922 ἁντίρῤοπος
1365 1848 1580 1901 πάντων
1605 1843 1674 1917 ἦν
1702 1847 1900 1916 Πέτρος
1919 1847 1998 1907 είς
2025 1843 2122 1914 τὴν

455 1945 779 2017 περιτομὴν,
814 1937 964 2005 οὗτος
982 1940 1144 2003 εἰςτά
1161 1939 1308 2009 ἔθνη,
1328 1941 1405 2002 είς
1420 1939 1481 1991 τὸ
1495 1938 1656 1990 πλέον
1690 1937 1875 2007 μέρος.
1895 1935 2124 1989 Καὶλα-

436 2035 663 2097 ιεόντες
680 2033 741 2084 τὸ
765 2029 993 2093 ἱκανὸν,
1014 2028 1168 2098 φησὶ,
1187 2028 1344 2096 παρὰ
1360 2025 1464 2080 τοῦ
1489 2024 1776 2090 Ἰάσονος,
1804 2023 2123 2077 ἀπέλυσαν

455 2122 696 2186 αὐτούς.
726 2121 867 2191 Ὅρα
889 2118 1005 2180 πῶς
1045 2115 1203 2170 ἱκανὰ
1227 2117 1350 2178 δοὺς
1389 2115 1574 2168 Ἰάσων
1591 2112 1862 2181 ἐξέπεμψε
1889 2111 2120 2174 Παῦλον,

439 2213 594 2264 ηώστε
634 2209 782 2281 [285]
822 2208 920 2278 τὴν
943 2207 1122 2278 ψυχὴν
1147 2204 1308 2259 αὐτοῦ
1331 2203 1525 2258 ἔδωκεν
1554 2203 1693 2271 ὑπὲρ
1715 2201 1899 2256 αὐτοῦ.
1926 2197 2120 2264 Οὗτοι,

445 2302 644 2372 φησιν,
660 2297 1252 2371 ἦσαν-εὐγενέστεροι
1274 2295 1474 2350 τῶνέν
1499 2295 1942 2362 Θεσσαλονίκη·
1968 2311 2124 2347 τουτ-

457 2390 595 2452 έστι,
653 2387 790 2442 κατά
831 2387 928 2458 τὴν
957 2385 1157 2456 ἀρετὴν
1184 2385 1336 2448 ὄντες
1386 2383 1544 2437 τοῦτο
1582 2383 1676 2436 καὶ
1707 2385 1806 2455 τήν
1839 2383 1977 2455 πρὸς
2029 2382 2124 2435 τὸν

449 2477 590 2530 Θεὸν
629 2477 834 2529 πίστιν.
856 2475 1080 2538 Οίτινες
1099 2472 1382 2535 ἐδέξαντο
1409 2471 1518 2524 τὸν
1541 2472 1726 2541 λόγον
1750 2470 1901 2540 μετὰ
1920 2469 2124 2536 πάσης

457 2565 811 2635 προθυμίας,
846 2562 998 2632 φησὶ,
1029 2560 1095 2614 τὸ
1133 2560 1260 2615 καθ’
1305 2559 1533 2628 ἡμέραν
1563 2559 1987 2626 ἀνακρίνοντες
2019 2559 2125 2624 τὰς

447 2651 726 2722 Τραφὰς,
739 2653 789 2704 εὶ
800 2650 926 2716 ἔχοι
940 2648 1123 2702 ταῦτα
1135 2647 1456 2717 οὕτως.ούχ
1466 2645 1654 2708 ἁπλῶς
1669 2646 1815 2716 ῥύμῃ
1825 2645 1944 2698 οὐδὲ
1959 2643 2124 2716 ζήλῳ.

535 2741 724 2794 Καίτοι
750 2735 948 2816 μείζων
981 2736 1013 2804 ἡ
1040 2733 1193 2796 πόλις
1224 2730 1312 2804 ἦν,
1335 2734 1580 2804 ἀγοραῖοι
1602 2733 1876 2804 ἄνθρωποι
1903 2729 2042 2804 ἦσαν
2067 2735 2123 2785 ἐν

458 2823 950 2897 αύτῇ’θαυμαστὸν
977 2822 1033 2874 δὲ
1050 2820 1201 2873 ούδέν
1235 2821 1328 2873 καὶ
1367 2823 1415 2872 εί
1435 2823 1490 2872 ἐν
1526 2819 1731 2890 μείζονι
1764 2820 1978 2890 χείρους
1994 2821 2122 2874 εἰσί.

461 2917 713 2972 Μάλιστα
730 2913 830 2984 μὲν
845 2908 936 2964 οὖν
954 2911 1032 2974 είς
1055 2910 1154 2980 τὴν
1175 2909 1396 2979 μείζονα
1413 2909 1626 2978 χείρους
1646 2905 1784 2962 εἶναι
1806 2909 1969 2971 είκὸς.
1997 2908 2125 2961 ἔνθα

461 3004 656 3058 πολλαὶ
670 3001 776 3055 τῶν
793 2999 1044 3070 ταραχῶν
1055 2999 1110 3052 αἱ
1131 2997 1394 3068 ἀφορμαί.
1411 2997 1678 3068 Καθάπερ
1694 2998 1799 3069 γάρ
1815 2999 1872 3051 ἐν
1891 2997 2120 3068 σώματι,

451 3095 646 3163 δτανή
677 3091 829 3153 νόσος
864 3086 1218 3159 χαλεπωτέρα
1255 3081 1310 3159 ᾗ,
1339 3085 1556 3139 πλείονα
1600 3085 1712 3156 ἔχει
1733 3085 1830 3156 τὴν
1863 3085 1994 3157 ὓλην
2033 3086 2126 3139 καὶ

459 3183 558 3252 τὴν
582 3179 807 3251 τροφήν-
841 3177 981 3229 οὕτω
1011 3175 1075 3246 δὴ
1121 3174 1215 3227 καὶ
1247 3172 1496 3235 ἐνταῦθα,
1531 3174 1666 3243 ὅπερ
1695 3175 1752 3226 ἐν
1793 3174 1999 3244 Ἰκονίῳ
2031 3174 2126 3242 γέ-

459 3287 607 3340 γονε,
640 3268 736 3321 καὶ
764 3265 858 3319 νῦν
887 3264 1116 3332 γίνεται.
1161 3263 1272 3316 Καὶ
1302 3261 1580 3330 ἐξέρχεται
1605 3264 1633 3314 ό
1661 3261 1893 3325 Παῦλος,
1923 3262 2008 3315 ἵνα
2033 3263 2128 3316 καὶ

457 3360 559 3430 τῆς
593 3357 791 3427 ἐτέρων
839 3351 1118 3413 ἀπωλείας
1156 3351 1313 3421 δίκην
1345 3350 1492 3403 δῶσι.
1533 3350 1630 3403 Διὰ
1659 3351 1816 3403 τοῦτο
1849 3352 1941 3404 καὶ
1983 3351 2128 3404 Παῦ-

461 3448 552 3511 λος
578 3447 752 3513 ἐλεγεο
795 3442 1166 3498 ’κωλυόντων
1195 3437 1354 3509 ἡμᾶς
1384 3439 1508 3505 τοῖς
1531 3435 1735 3494 ἔθνεσι
1763 3442 1994 3496 λαλεῖν.
2018 3444 2129 3496 Καὶ

459 3536 548 3589 διά
599 3533 650 3586 τί
688 3533 762 3603 μὴ
803 3531 1101 3599 ἐνέμειναν,
1152 3529 1334 3600 φησὶν,
1394 3528 1658 3594 ἐνταῦθα;
1703 3529 1791 3582 διὰ
1825 3529 1978 3601 τίμὴ
2031 3549 2128 3602 ση-

466 3625 595 3695 μεῖα
652 3622 944 3690 ἐποίησαν;
991 3619 1054 3673 Εἰ
1092 3619 1201 3689 γὰρ
1244 3619 1377 3678 ἐκεῖ,
1427 3616 1555 3669 ἔνθα
1604 3616 1900 3683 ἐλιθάζετο,
1940 3619 2128 3688 ἔμενεν

463 3709 647 3766 ἰκανὸν
671 3710 881 3782 χρόνον,
915 3705 1095 3777 πολλῷ
1125 3706 1323 3776 μᾶλλον
1366 3704 1615 3758 ἐνταῦθα.
1655 3705 1754 3760 Διὰ
1783 3707 1870 3771 τί;
1899 3708 2012 3760 Οὐκ
2044 3707 2130 3760 ἀεὶ

461 3798 710 3854 ἐϐούλετο
747 3796 962 3858 τούτους
1021 3797 1221 3866 σημεῖα
1262 3803 1280 3823 ⁸
1322 3796 1492 3846 ποιεῖν
1531 3793 1683 3857 Θεόςο
1739 3794 1834 3847 τοῦ
1885 3794 1995 3866 γὰρ
2039 3813 2131 3866 ση-

460 3892 595 3961 μεῖα
623 3889 795 3940 ποιεῖν
814 3886 912 3956 ούχ
933 3879 1093 3955 ἦττον
1129 3884 1350 3951 σημεῖον
1378 3881 1438 3933 τὸ
1458 3881 1818 3952 διωκομένους
1850 3884 2132 3954 περιγενέ-

465 3978 589 4032 σθαι
620 3975 787 4046 χωρὶς
811 3973 1070 4044 σημείων.
1107 3971 1270 4022 Ὥστε
1298 3969 1548 4039 καθάπερ
1574 3969 1668 4022 νῦν
1702 3971 1869 4040 χωρὶς
1892 3973 2130 4042 σημείων

463 4069 678 4138 κρατεῖ,
715 4063 857 4116 οὕτω
885 4063 982 4115 καὶ
1011 4060 1132 4113 τότε
1182 4059 1448 4128 πολλαχοῦ
1481 4058 1727 4111 ἐϐούλετο
1759 4062 1999 4129 κρατεῖν.
2055 4061 2128 4113 Ού

463 4156 642 4208 τοίνυν
675 4153 792 4206 ούδέ
829 4153 875 4203 οί
899 4149 1185 4204 ἀπόστολοι
1229 4149 1517 4218 ἐπέτρεχον
1544 4151 1656 4211 τοῖς
1705 4149 1971 4220 σημείοις,
1996 4150 2132 4220 ὅπερ

464 4237 557 4294 οῦν
589 4240 682 4292 καὶ
710 4238 868 4300 αύτός
891 4251 1078 4307 φησιν·
1122 4233 1309 4303 Ἡμεῖς
1355 4233 1423 4287 δὲ
1461 4235 1847 4303 κηρύσσομεν
1873 4238 2132 4304 Χριστὸν

467 4327 944 4396 ἐσταυρωμένον.
972 4327 1097 4388 Τοῖς
1122 4329 1320 4396 σημεῖα
1345 4325 1584 4396 ζητοῦσι,
1625 4328 1736 4388 τοῖς
1771 4326 1982 4396 σοφίαν,
2003 4327 2134 4380 ταῦ-

464 4436 534 4471 τα
565 4416 836 4486 διδόαμεν,
868 4413 904 4468 ἃ
963 4413 1096 4484 μηδὲ
1122 4417 1259 4484 μετὰ
1284 4413 1526 4483 σημείων
1550 4413 1770 4467 δύναται
1799 4417 2005 4477 πεῖσαι,
2038 4415 2133 4468 καὶ

465 4503 746 4574 πείθομεν.
809 4502 971 4554 Ὥστε
1015 4502 1156 4572 μέγα
1216 4500 1376 4554 τοῦτο
1433 4505 1655 4571 σημεῖον
1697 4497 1786 4572 ἦν.
1824 4503 1966 4572 Ὅρα
2003 4501 2131 4570 γοῦν

466 4590 808 4653 ἐπιταθέντος
856 4589 951 4642 τοῦ
983 4589 1356 4660 κηρύγματος,
1393 4586 1505 4650 πῶς
1533 4589 1741 4657 ταχέως
1788 4590 2131 4660 ἐπιτρέχουσι

464 4683 577 4743 τοῖς
607 4677 872 4749 σημείοις.
908 4677 1055 4732 Ἔδει
1079 4677 1187 4748 γὰρ
1220 4677 1406 4728 λοιπὸν
1433 4677 1520 4730 διὰ
1565 4679 1689 4740 τοὺς
1734 4679 2132 4743 πιστεύσαντας

469 4765 690 4837 μείζονα
737 4761 874 4818 εἶναι
926 4769 1128 4836 σημεῖα
1166 4765 1274 4817 τῶν
1307 4763 1540 4817 λοιπῶν·
1593 4765 1672 4817 διὸ
1707 4765 1801 4818 καὶ
1855 4767 2127 4834 γ’ίνονται⁸

465 4854 603 4907 ἀλλὰ
638 4853 716 4922 τῷ
745 4855 1046 4922 ὑποχωρεῖν
1100 4853 1197 4905 καὶ
1239 4853 1448 4904 ἐπιέναι
1497 4851 1670 4906 ταῦτα
1711 4854 1946 4907 ἐποίουν.
2007 4854 2133 4918 Ἐξ-

467 4942 832 4994 απέστειλαν
864 4944 1069 5006 αὐτὸν,
1095 4942 1281 5011 φησὶν,
1309 4941 1389 5005 ὠς
1418 4941 1516 4992 ἐπὶ
1538 4941 1653 5006 τὴν
1695 4942 2036 4996 θάλασσαν.
2067 4944 2132 4997 Τί

467 5028 701 5098 δήποτε;
734 5030 895 5082 Ὥστε
930 5031 1005 5100 μὴ
1063 5028 1317 5096 γενέσθαι
1351 5029 1533 5092 αὐτοῖς
1571 5029 1793 5083 εὔκολον
1823 5031 1920 5101 τήν
1960 5032 2132 5084 κατά-

469 5118 652 5190 ληψιν.
710 5119 868 5172 Οὕτω
917 5120 1025 5190 γάρ
1087 5120 1208 5172 καθ’
1241 5122 1468 5184 ἐαυτοὺς
1521 5121 1661 5192 μέγα
1688 5139 1739 5174 τι
1769 5121 2011 5192 ἔπραξαν
2043 5122 2131 5184 ἂν,

469 5206 566 5260 καὶ
591 5205 706 5276 μετ’
729 5207 938 5260 ἐκείνου
972 5207 1140 5260 πολλὰ
1169 5209 1372 5278 ἣνυσαν
1399 5210 1492 5262 καὶ
1535 5209 1924 5282 κατώρθωσαν.
1985 5211 2134 5275 Τέως

471 5295 677 5348 ἐκεῖνον
708 5295 1014 5366 ἐξαρπάσαι
1039 5296 1337 5350 ἐϐούλοντο.

540 5389 610 5451 γ’.
636 5383 777 5452 Ὅρα
804 5383 942 5454 πόσῃ
975 5383 1066 5435 καί¹
1095 5385 1143 5436 οἱ
1177 5386 1351 5438 λοιποὶ
1388 5385 1628 5456 μαθηταὶ⁸
1661 5385 1788 5458 περὶ
1818 5388 1942 5450 τοὺς
1976 5405 2138 5457 κορυ..

470 5471 666 5540 φαίους
695 5471 934 5542 ἐχρῶντο
962 5475 1026 5542 τῇ
1052 5474 1250 5543 σπουδῇ
1271 5489 1286 5503 °
1323 5474 1437 5526 ἀλλ’
1457 5475 1554 5544 οὐχ
1583 5474 1770 5547 ὥσπερ
1825 5475 1917 5528 νῦν
1969 5494 2136 5545 κεχω-

473 5560 731 5630 ρίσμεθα,
764 5560 1068 5630 διῃρήμεθα
1092 5561 1118 5599 b
1153 5561 1374 5630 μεγάλοι
1417 5563 1511 5616 καὶ
1543 5565 1758 5634 μικροί·
1813 5566 1862 5616 οἱ
1901 5565 1996 5634 μὲν
2049 5567 2138 5617 ἐπι

471 5647 773 5719 αιρόμεθα,
803 5649 853 5700 οί
889 5648 946 5701 δὲ
977 5648 1304 5718 φθονοῦμεν⁶
1337 5650 1426 5702 διά
1454 5651 1611 5703 τοῦτο
1639 5653 1877 5704 κάκεῖνοι
1914 5652 2136 5720 φθονοῦ-

475 5753 580 5800 σιν,
612 5737 693 5789 ὅτι
718 5738 875 5807 ἡμεῖς
903 5735 1278 5808 τετυφώμεθα,
1301 5739 1400 5792 ούκ
1441 5740 1746 5809 ἀνεχόμεθα
1767 5741 2135 5811 ίσηγορείσθαι

527 5831 562 5901 ,⁸
591 5830 725 5908 υηρε
745 5833 916 5904 αὐτοὺς
951 5836 1145 5898 σημεῖα.
1212 5835 1241 5878 δ
1265 5836 1422 5889 ωεω
1446 5838 1535 5901 οὐχ
1566 5838 1640 5887 ὥσ
1693 5855 1730 5900 -ῑ
1780 5833 1860 5884 νῧν
1902 5852 2136 5901 κεχωρισ-

477 5908 630 5954 μενοι,
662 5910 943 5959 οιῃρημενοι.

1096 6001 1132 6021 ἠ
1171 6002 1227 6018 ..ο

1225 226 1281 282 S.
1325 226 1608 282 JOANNIS
1647 226 2140 284 CHRYSOSTO‘HI
2180 228 2503 283 ARCIIIEP.
2545 228 3096 288 CONSTANTINOP.

3775 233 3883 287 266

2225 347 2341 415 μετ’
2362 347 2561 400 αὐτῶν.
2608 348 2706 400 Διὰ
2733 347 2889 400 τοῦτο
2910 349 2967 399 ἐν
2995 348 3072 418 τῷ
3104 351 3318 419 σώματι
3343 351 3376 420 ή
3405 351 3690 421 συμφωνία
3711 352 3882 414 ἐστὶν,

2223 435 2408 504 ἐπειδὴ
2437 435 2535 487 ούκ
2564 435 2676 488 ἐστι
2713 437 2973 503 φυσίωσις
2992 453 3006 468 ·
3033 436 3131 488 οὐκ
3155 437 3345 490 ἔστιδὲ
3378 439 3661 505 φυσίωσις,
3693 440 3881 510 ἐπειδὴ

2221 525 2302 587 είς
2335 523 2578 592 ἀνάγκην
2617 522 2710 576 τοῦ
2739 524 2924 595 χρείαν
2963 524 3205 594 ἀλλήλων
3261 525 3403 594 ἐχειν
3450 527 3517 579 τὰ
3553 527 3687 596 μέλη
3747 526 3883 578 καθ-

2221 612 2444 683 έστηκε·
2474 613 2569 665 καὶ
2599 614 2632 682 ή
2661 613 2867 682 κεφαλὴ
2917 613 3024 666 τῶν
3070 613 3245 665 ποδῶν
3278 613 3468 668 δεῖται.
3501 615 3594 666 καὶ
3621 616 3672 666 οί
3719 615 3882 676 πόδες

2217 701 2318 770 τῆς
2345 700 2606 770 κεφαλῆς.
2637 701 2748 754 Καὶ
2773 703 2903 771 ήμίν
2935 701 3090 754 τοῦτο
3114 703 3363 770 ἐποίησεν
3387 705 3415 755 6
3448 703 3600 764 Θεὸς,
3627 703 3722 754 καὶ
3759 702 3880 755 οὐδὲ

2219 788 2391 852 οὕτως
2423 788 2756 858 ἀνεχόμεθαι
2809 789 2914 840 ἔδει
2948 789 3045 859 μὲν
3074 789 3182 858 γὰρ
3209 790 3302 841 καὶ
3331 789 3500 860 χωρὶς
3525 789 3714 841 τούτου
3742 791 3879 856 ἁγά-

2219 893 2330 946 πην
2356 870 2513 930 εἶναι.
2551 877 2620 928 ’Ἡ
2649 877 2747 930 οὐκ
2772 875 2994 929 ἀκούετε
3020 876 3198 930 αὐτῶν
3226 876 3332 928 τῶν
3364 876 3468 940 ἔξω
3489 876 3880 929 διαϐαλλόντων

2219 965 2387 1034 ἡμᾶς,
2419 965 2546 1017 ὅταν
2586 963 2816 1031 λέγωσιν
2838 980 2852 994 ο
2885 965 2938 1016 αἱ
2968 967 3142 1033 χρεῖαι
3167 963 3370 1031 φιλίαι;
3411 966 3474 1016 υἱ
3508 964 3685 1016 λαῖκοὶ
3730 965 3879 1017 δέον-

2217 1069 2307 1105 ται
2341 1054 2497 1122 ήμῶν
2519 1069 2532 1082 ’
2566 1054 2726 1122 ἡμεῖς
2751 1052 2806 1104 δὲ
2840 1052 2998 1105 πάλιν
3043 1052 3110 1103 δι’
3138 1053 3331 1114 αύτούς
3366 1054 3550 1122 ἐσμεν.
3603 1053 3759 1105 Οῦτω
3786 1054 3884 1107 καὶ

2218 1139 2527 1202 διδάσκαλος
2550 1143 2643 1192 καὶ
2665 1141 2844 1210 ἄρχων
2869 1140 2966 1192 ούκ
2998 1138 3062 1192 ἂν
3092 1140 3196 1210 εἴη,
3232 1141 3305 1210 μὴ
3339 1140 3446 1192 τῶν
3481 1140 3882 1209 διδασκομένων

2217 1228 2383 1280 ὄντων
2411 1227 2632 1280 καὶτῶν
2662 1227 2995 1298 ἀρχομένων,
3019 1228 3126 1279 οὐδ’
3145 1227 3208 1279 ἂν
3244 1227 3562 1292 ἐπιδείξαιτο
3589 1229 3655 1280 τὰ
3684 1227 3881 1280 αὐτοῦ·

2218 1315 2278 1367 ού
2313 1314 2420 1384 γάρ
2446 1315 2512 1368 ἂν
2549 1313 2777 1367 δύναιτο.
2817 1314 3138 1385 Καθάπερή
3189 1318 3259 1382 γῆ
3286 1313 3379 1367 τοῦ
3418 1315 3683 1384 γεωργοῦ,
3721 1316 3817 1367 καὶ
3854 1317 3884 1367 6

2219 1401 2462 1470 γεωργὸς
2486 1401 2656 1454 δεῖται
2685 1399 2830 1472 [εει]
2854 1399 3083 1476 τῆςιγῆς
3103 1417 3116 1430 ·
3148 1399 3289 1453 οὕτω
3330 1403 3423 1454 καὶ
3446 1401 3696 1454 ἐνταῦθα.
3721 1403 3884 1454 Ποῖον

2219 1486 2328 1556 γὰρ
2361 1487 2473 1557 ἔχει
2512 1487 2700 1558 μισθὸν
2742 1487 3082 1550 διδάσκαλος,
3131 1489 3228 1541 ούκ
3266 1488 3405 1558 ἔχων
3453 1487 3712 1552 ἐπιδεῖξαι
3751 1491 3884 1554 τοὺς

2219 1574 2593 1646 διδαχθέντας;
2623 1579 2772 1630 ποῖον
2793 1577 2848 1628 δὲ
2870 1577 2920 1628 οί
2956 1577 3348 1645 διδασκόμενοι,
3378 1577 3450 1648 μή
3475 1577 3884 1643 ἀπολαύσαντες

2219 1663 2564 1727 διδασκαλίας
2595 1664 2858 1734 άρίστης;
2910 1665 3072 1716 Ὥστε
3108 1663 3306 1733 ὁμοίως
3344 1664 3587 1734 ἀλλήλων
3608 1664 3884 1735 χρῄζομεν

2220 1751 2402 1813 πάλιν,
2457 1753 2551 1806 καὶ
2619 1753 2876 1822 ἄρχοντες
2913 1751 3249 1821 ἀρχομένων,
3280 1751 3375 1804 καὶ
3438 1752 3736 1822 ἡγούμενος
3775 1754 3886 1804 ὐπ-

2219 1841 2398 1911 ηκόων
2420 1857 2434 1871 ο
2489 1841 2744 1910 ἄρχοντες
2776 1840 2873 1910 μὲν
2901 1840 3008 1910 γὰρ
3063 1839 3272 1892 πολλῶν
3303 1840 3505 1893 ἕνεκεν.
3557 1841 3746 1903 Οὐδεὶς
3768 1841 3883 1910 γάρ

2221 1930 2380 2000 ἀρκεῖ
2406 1929 2526 1982 καθ’
2560 1930 2748 1982 ἐαυτόν
2777 1947 2827 1982 τι
2849 1930 3070 2001 πρᾶξαι,
3099 1931 3163 1982 ἄν
3190 1947 3249 1982 τε
3273 1929 3640 2000 χειροτονῆσαι
3667 1929 3782 2000 δέῃ,
3817 1931 3883 1982 ἄν

2219 2034 2279 2070 τε
2314 2017 2505 2088 βουλὰς
2548 2016 2845 2086 σκέψασθαι
2888 2016 2982 2069 καὶ
3021 2017 3262 2086 γνώμας,
3298 2016 3430 2070 ἀλλά
3453 2016 3765 2086 τιμιώτεροι
3793 2018 3878 2084 γί-

2221 2119 2399 2158 νονται
2417 2105 2522 2156 ἀπὸ
2549 2105 2642 2174 τῆς
2667 2103 2884 2157 συνόδου
2909 2104 3004 2156 καὶ
3023 2103 3116 2156 τοῦ
3135 2103 3386 2173 πλήθους.
3416 2097 3558 2165 υίον,
3578 2103 3627 2155 οἱ
3649 2103 3880 2170 πένητες

2221 2191 2329 2244 τῶν
2365 2192 2612 2246 διδόντων
2655 2191 2964 2263 χρῄζουσιν,
3006 2192 3055 2243 οί
3085 2191 3313 2254 διδόντες
3341 2191 3449 2243 τῶν
3497 2189 3882 2260 λαμϐανόντων

2220 2277 2400 2333 πάλιν.
2437 2280 2781 2344 Ἀλλήλους.
2818 2279 2973 2348 φησὶ,
3025 2277 3458 2344 κατανοοῦντες
3486 2280 3573 2343 είς
3620 2278 3886 2345 παροξυο

2219 2365 2378 2434 σμὸν
2399 2365 2653 2433 ἀγάπης,
2689 2364 2787 2418 καί
2815 2364 3016 2418 καλῶν
3045 2364 3255 2432 ἔργων.
3295 2365 3394 2416 Δια
3444 2363 3600 2416 τοῦτο
3660 2364 3885 2432 μείζονα

2220 2454 2442 2508 δύναται
2471 2454 2532 2506 τὸ
2559 2455 2735 2507 κοινὸν
2765 2453 2866 2523 τῆς
2891 2452 3236 2520 Ἐκκλησίας,
3271 2453 3363 2504 καὶ
3404 2452 3546 2522 ειπερ
3604 2451 3726 2503 καθ’
3755 2453 3885 2504 ἐαυ-

2221 2547 2312 2598 τὸν
2324 2545 2384 2596 ού
2408 2544 2627 2597 δύναταί
2651 2561 2754 2607 τις.
2774 2542 2910 2613 μετὰ
2935 2541 3041 2595 τῶν
3061 2542 3234 2594 ἄλλων
3252 2542 3528 2611 γινόμενος
3558 2541 3748 2610 ἰσχύει.
3783 2542 3887 2594 Διὰ

2221 2631 2375 2684 τοῦτο
2427 2632 2658 2702 μάλιστα
2699 2631 2989 2698 ἀναγκαῖαι
3039 2630 3094 2681 αἱ
3142 2630 3296 2697 εὐχαὶ
3355 2629 3590 2681 ἐνταῦθα
3641 2629 3888 2697 γίνονται

2221 2720 2358 2790 ὑπὲρ
2390 2720 2488 2789 τῆς
2507 2719 2848 2788 οἰκουμένης,
2879 2717 3017 2788 ὑπὲρ
3042 2717 3137 2786 τῆς
3179 2717 3499 2787 Ἐκκλησίας
3532 2717 3628 2785 τῆς
3661 2717 3753 2769 ἐπὶ
3781 2734 3885 2769 m—

2223 2808 2416 2876 ράτων,
2445 2808 2584 2877 ὑπὲρ
2608 2808 2703 2877 τῆς
2721 2806 2961 2876 εἰρήνης,
2989 2805 3127 2872 ὑπὲρ
3153 2803 3259 2856 τῶν
3295 2806 3351 2856 ἐν
3398 2805 3718 2873 συμφοραῖς.
3771 2803 3890 2855 Καὶ.

2221 2895 2378 2948 τοῦτο
2404 2897 2431 2948 6
2452 2895 2660 2957 Παῦλος
2680 2895 2828 2964 δηλοῖ
2859 2893 3059 2960 λέγων·
3103 2895 3226 2946 Ἵνα
3253 2894 3312 2944 τὸ
3336 2896 3422 2956 εἰς
3451 2891 3599 2959 ἡμᾶς
3620 2891 3887 2959 χάρισμα

2221 2985 2289 3037 ἐν
2320 2984 2527 3048 πολλῴ
2555 2982 2851 3049 προσώπῳ
2877 2981 2972 3033 διὰ
3001 2980 3246 3033 πολλῶν
3278 2979 3683 3048 εὐχαριστηθῇ
3731 2980 3886 3045 ὑπερ

2223 3069 2390 3141 ἡμῶν
2414 3087 2428 3102 ⁸
2465 3071 2762 3132 τουτέστιν,
2801 3070 2888 3121 ἵνα
2925 3069 3134 3131 πολλοῖς
3163 3067 3472 3138 χαρίσηται.
3497 3069 3604 3119 Καὶ
3624 3067 3886 3130 πολλάκις

2223 3155 2402 3209 αὐτῶν
2431 3155 2530 3216 τὰς
2550 3153 2712 3222 εὐχὰς
2735 3151 3002 3222 ἐπιζητεῖ.
3040 3152 3179 3220 Ὅρα
3203 3151 3296 3203 καὶ
3323 3151 3415 3201 ἐπὶ
3442 3149 3550 3201 τῶν
3588 3150 3889 3202 Νινευῖτῶν

2222 3241 2274 3294 τί
2307 3259 2467 3311 φησιν
2493 3243 2520 3292 6
2539 3240 2688 3303 Θεός·
2723 3239 2862 3308 Ἐγὼ
2877 3239 2944 3291 δὲ
2965 3241 3036 3291 οὺ
3059 3240 3335 3307 φείσομαι
3361 3238 3468 3305 τῆς
3485 3239 3733 3303 πόλεως’
3756 3238 3828 3292 ἐν
3849 3235 3890 3310 ᾗ

2224 3330 2566 3384 κατοικοῦσι
2597 3329 2845 3392 πλείους
2873 3328 2910 3396 ἢ
2944 3327 3171 3381 δώδεκα
3194 3325 3476 3396 μυριάδες
3500 3343 3517 3390 ;
3548 3320 3749 3381 ’Ὀπου
3775 3326 3892 3380 δύο

2226 3420 2262 3488 ἣ
2303 3420 2455 3486 τρεῖς
2483 3421 2600 3471 είσι
2630 3419 3018 3487 συνηγμένοι,
3049 3418 3231 3486 φησὶν,
3263 3419 3349 3482 είς
3398 3417 3463 3468 τὸ
3507 3416 3640 3484 ἐμὸν
3677 3413 3887 3483 ὄνομα,

2223 3507 2349 3560 ἐκεῖ
2376 3510 2489 3575 εἰμι
2523 3507 2592 3559 ἐν
2629 3505 2794 3574 μέσῳ
2824 3505 3039 3558 αὐτῶν.
3101 3505 3161 3557 Et
3211 3505 3267 3555 δὲ
3306 3504 3397 3556 δύο
3428 3503 3567 3572 μέγα
3618 3505 3891 3571 ἰσχύουσι,

2227 3595 2376 3662 πόσῳ
2410 3593 2610 3663 μᾶλλον
2647 3592 2892 3655 πλείους;
2928 3593 2988 3643 Εἰ
3019 3591 3073 3643 δὲ
3106 3591 3202 3644 καὶ
3229 3585 3306 3650 εἷς
3339 3589 3413 3642 ῶν
3460 3591 3719 3658 ἰσχυσεις,
3771 3589 3890 3642 ἀλλ’

2225 3682 2322 3750 οὐχ
2352 3681 2568 3750 ὁμοίως.
2620 3678 2716 3731 Διὰ
2753 3679 2804 3730 τί
2831 3679 2886 3730 δὲ
2920 3678 3014 3730 καὶ
3041 3673 3120 3740 είς
3173 3673 3250 3740 εἷ;
3307 3677 3394 3730 διά
3437 3675 3490 3728 τί
3531 3678 3631 3728 ούκ
3678 3677 3890 3749 ἐργάζῃ

2227 3768 2480 3833 πολλούς;
2519 3767 2605 3820 διὰ
2635 3767 2686 3820 τί
2717 3768 2790 3837 μὴ
2817 3767 2941 3838 γίνῃ
2971 3766 3299 3835 δημιουργὸς
3323 3767 3574 3835 ἁγάπης;
3614 3765 3702 3816 διά
3722 3766 3773 3817 τί
3812 3768 3890 3837 μὴ

2226 3858 2652 3922 κατασκευάζεις
2697 3857 2903 3925 φιλίαν;
2959 3855 3032 3908 Τὸ
3072 3858 3323 3924 μέγιστον
3352 3855 3452 3924 τῆς
3483 3854 3678 3924 ἀρετῆς
3705 3853 3888 3920 ἐγκώ-

2231 3963 2350 4015 μιον
2383 3947 2482 3998 ούκ
2512 3945 2670 4015 ἔχεις.
2716 3946 2923 4014 Ὥσπερ
2976 3945 3082 4011 γάρ
3112 3943 3170 3995 τὸ
3203 3943 3266 3995 ἐκ
3324 3943 3586 4010 συνθήκης
3621 3937 3755 3992 εἶναι
3791 3959 3892 3992 κα-

2227 4032 2374 4094 κοὺς,
2418 4029 2614 4100 μᾶλλον
2643 4027 2927 4098 παροξύνει
2959 4027 3046 4078 τὸν
3078 4026 3206 4078 Θεόν
3227 4043 3240 4056 ’
3276 4027 3415 4078 οὓτω
3446 4027 3535 4077 καὶ
3569 4025 3627 4076 τὸ
3666 4026 3723 4075 ἐν
3746 4027 3884 4092 ὁμο-

2227 4117 2345 4187 νοίᾳ
2376 4113 2511 4169 εἶναι
2549 4115 2804 4182 ἀγαθοὺς,
2850 4113 3048 4184 μᾶλλον
3088 4114 3381 4182 εὐφραίνει.
3422 4115 3542 4166 Οὐκ
3568 4113 3884 4181 ἔσῃ,φησ“ι,

2221 4204 2369 4273 μετὰ
2414 4201 2659 4257 πολλῶν
2701 4203 2798 4255 ἐπὶ
2846 4201 3043 4268 κακίᾳ.
3111 4200 3336 4265 Πάντες
3381 4200 3716 4263 ἐξέκλιναν,
3765 4200 3890 4268 ἅμα

2225 4292 2658 4361 ηκρειώθησαν,
2690 4293 2784 4346 καὶ
2811 4294 3057 4360 ἐγένοντο
3086 4290 3159 4354 ώς
3195 4290 3408 4362 ᾅδοντες
3437 4293 3490 4342 ἐν
3519 4295 3636 4354 ταῖς
3668 4292 3890 4356 κακίαις

2229 4381 2427 4434 αὐτῶν.
2461 4379 2881 4434 Κατασκεύασόν
2922 4397 3001 4432 σοι
3033 4379 3216 4448 φίλους
3378 4379 3483 4430 τῶν
3519 4380 3750 4444 οἰκείων,
3785 4383 3892 4448 πρὸ

2227 4467 2334 4520 τῶν
2393 4467 2564 4521 ἄλλων
2605 4468 2876 4523 ἁπάντων.
2927 4469 2987 4520 Εἰ
3043 4469 3070 4518 ὁ
3099 4467 3453 4536 εἰρηνοποιὸς,
3499 4466 3607 4529 υίὸς
3645 4467 3816 4520 θεοῦσ
3862 4472 3892 4522 ὁ

2229 4557 2322 4608 καὶ
2353 4556 2539 4622 φίλους
2577 4557 3018 4621 κατασκευάζων,
3054 4556 3203 4625 πόσῳ
3244 4554 3476 4624 μᾶλλον;
3535 4558 3582 4607 εἰ
3620 4556 3648 4606 ὁ
3690 4559 3892 4610 καταλ-

2229 4639 2438 4694 λάττων
2480 4640 2659 4710 μόνον,
2694 4638 2808 4701 υίὸς
2853 4637 2985 4690 Θεοῦ
3034 4638 3307 4690 καλεῖται’
3364 4640 3392 4690 6
3423 4639 3548 4701 τοὺς
3586 4640 3890 4692 καταλλατ-

2227 4729 2488 4798 τομένους
2519 4727 2700 4796 φίλους,
2733 4725 2922 4790 ποιῶν,
2950 4727 3093 4788 τίνος
3142 4727 3240 4778 ούκ
3274 4724 3423 4778 ἔσται
3455 4725 3628 4789 dicm;
3673 4728 3891 4796 Ταύτην

2230 4815 2510 4885 ποιώμεθα
2541 4816 2638 4884 τὴν
2671 4813 2959 4885 ἐμπορίαν,
2982 4813 3164 4881 φίλους
3193 4813 3434 4882 ποιῶμεν
3476 4813 3724 4883 ἀλλήλοις
3763 4819 3890 4879 τοὺς

2229 4905 2473 4973 ἐχθροὺς,
2514 4905 2760 4965 καὶτοὺς
2807 4905 2906 4956 ούκ
2939 4902 3164 4972 ἐχθροὺς
3202 4903 3319 4970 μὲν,
3352 4903 3413 4954 ού
3451 4902 3633 4969 φίλους
3677 4903 3754 4967 δὲ,
3795 4907 3892 4956 καὶ

2230 4993 2450 5053 τούτους
2481 4993 2900 5060 συναγάγωμεν,
2949 4991 3043 5042 καὶ
3100 4990 3203 5058 πρὸ
3241 4991 3456 5042 πάντων
3488 4991 3633 5059 ἡμᾶς
3670 4990 3887 5055 αὐτούς.

2231 5083 2494 5152 Καθάπερ
2519 5083 2624 5152 γὰρ
2660 5083 2688 5132 ὁ
2717 5082 2773 5131 ἐν
2820 5083 2884 5150 τῇ
2925 5081 3069 5150 οἰκίᾳ
3100 5079 3295 5150 ἔχθραν
3328 5081 3485 5148 ἔχων,
3510 5080 3602 5131 καὶ
3631 5079 3762 5148 πρὸς
3792 5079 3890 5148 τὴν

2232 5174 2463 5238 γυναῖκα
2509 5171 2606 5239 τὴν
2659 5168 2850 5222 ἑαυτοῦ
2899 5167 3214 5236 διεστηκώς,
3262 5167 3360 5219 οὐκ
3399 5167 3542 5219 ἐστιν
3579 5167 3892 5230 ἀξιόπιστος

2231 5261 2448 5330 ἐτέρους
2503 5259 2904 5324 καταλλάττων,
2953 5257 3068 5309 ἀλλ’
3106 5255 3430 5309 ἀκούσεται·
3475 5256 3667 5322 Ἰατρέ,
3717 5254 3892 5320 θερά-

2233 5364 2466 5402 πευσον
2495 5348 2780 5400 σεαυτόν⁸
2808 5346 2949 5399 οῦτω
2987 5347 3050 5416 δὴ
3080 5345 3170 5399 καὶ
3207 5343 3438 5398 ἐνταῦθα
3458 5343 3764 5396 ἀκούσεται.
3795 5343 3896 5405 Τίς

2234 5433 2325 5489 οὖν
2364 5439 2508 5489 ἐστιν
2533 5438 2662 5504 ἡμῖν
2693 5437 2725 5504 ή
2768 5433 2966 5504 ἔχθρα;
3013 5434 3074 5486 Ἠ
3111 5435 3208 5499 τῆς
3245 5432 3424 5502 ψυχῆς
3457 5432 3592 5502 πρὸς
3625 5431 3683 5482 τὸ
3712 5430 3896 5498 σῶμα,

2235 5527 2268 5594 ή
2296 5524 2392 5592 τῆς
2431 5521 2627 5584 κακίας
2661 5520 2796 5591 πρὸς
2832 5522 2928 5591 τὴν
2967 5521 3185 5591 ἀρετήν.
3219 5519 3434 5590 Ταύτην
3477 5517 3896 5587 καταλύσωμεν,

2235 5610 2420 5663 τοῦτον
2459 5609 2732 5679 ἀνέλωμεν
2774 5607 2864 5660 τὸν
2913 5607 3168 5677 πόλεμον,
3203 5609 3296 5660 καὶ
3344 5609 3463 5660 τότε
3508 5607 3623 5677 μετ’
3671 5607 3901 5676 εἰρήνης

2237 5699 2331 5752 καὶ
2357 5701 2467 5754 τοῖς
2503 5696 2684 5759 ἄλλοις
2729 5695 3080 5765 διαλεξόμεθα
3129 5696 3264 5765 μετά
3301 5694 3499 5762 πολλῆς
3538 5694 3636 5760 τῆς
3676 5695 3899 5763 mpm-

2240 5789 2380 5851 σίας,
2411 5787 2470 5840 ού
2508 5782 2936 5854 κατηγοροῦντος
2972 5781 3127 5853 ἡμῶν
3164 5781 3258 5834 τοῦ
3299 5782 3614 5844 συνειδότος.
3649 5781 3907 5850 Μάχεται

2245 5875 2412 5943 θυμὸς
2458 5871 2757 5943 ἐπιεικείᾳ,
2806 5871 3040 5942 μάχεται
3099 5868 3394 5942 χρημάτων
3440 5869 3579 5942 ἔρως
3625 5867 3906 5941 ὑπεροψίᾳ
