3978 6506
212 342 298 403 εδδ
1086 316 1156 372 ΙΝ
1190 317 1371 375 ACTA
1415 308 1933 370 APOSTOLOBUM.
1978 306 2209 369 llOMlL,
2248 304 2511 363 XXXVII.

216 459 395 512 furorem
417 440 769 500 subindieans.
804 437 989 495 Statim
1031 450 1146 490 vero
1183 433 1412 488 Paulum
1456 430 1724 486 emiserunt

211 550 369 617 fratres,
391 546 438 591 ut
462 544 571 597 trct,
598 532 788 601 inquit,
817 529 963 600 quasi
990 528 1057 581 ad
1086 542 1244 580 mare.
1273 524 1338 579 Hi
1364 523 1471 593 jam
1501 519 1724 617 Paulum

212 608 345 693 solum
378 628 577 683 mittunt
609 641 623 676 :
651 620 961 679 metuebam
1005 620 1146 674 enim
1187 630 1255 671 ne
1299 614 1423 684 quid
1472 612 1569 681 ipsi
1600 608 1727 663 mali

210 724 441 781 accideret,
470 715 607 787 quod
637 714 739 768 illis
769 727 974 767 summa
1015 724 1141 764 cura
1183 715 1299 762 erat
1327 724 1341 760 ς
1371 707 1448 760 sic
1473 718 1578 758 non
1606 700 1726 755 ubi-

212 832 287 887 que
308 810 450 884 gratia
469 807 800 878 operabatur,
821 804 913 859 sed
934 802 1142 857 sinebat
1159 801 1276 855 illos
1298 799 1525 853 humana
1546 809 1725 866 agere,

210 886 298 964 illos
322 903 534 958 excitans
570 906 626 953 et
658 894 1106 967 expergefaciens,
1148 902 1309 963 atque
1337 891 1390 945 in
1420 886 1731 945 sollicitudi-

209 1014 301 1053 nem
338 992 573 1062 iujicieus.
616 988 747 1042 Vide
792 1001 937 1057 ergo,
982 999 1150 1054 usque
1193 982 1464 1051 Philippos
1501 977 1733 1034 servavit

203 1105 292 1154 eos,
319 1085 425 1141 inde
449 1094 571 1136 vero
599 1096 702 1135 non
731 1079 878 1134 item.
913 1078 980 1132 Et
1010 1084 1212 1146 accepto
1240 1074 1497 1136 mandato,
1538 1069 1729 1140 inquit,

203 1183 254 1234 ad
276 1179 417 1235 Silam
434 1185 478 1229 et
506 1174 842 1238 Timetheum,
873 1182 926 1225 ut
957 1186 1107 1241 quam
1136 1168 1394 1222 celerrime
1418 1165 1641 1220 venirent
1665 1162 1732 1216 ad

200 1289 307 1335 eum,
336 1267 534 1339 profecti
557 1276 691 1320 sunt.
724 1263 883 1333 quue
914 1262 1102 1316 met-ito
1135 1277 1148 1313 :
1175 1259 1378 1314 etiamsi
1420 1258 1561 1311 enim
1592 1255 1732 1309 Pau-

200 1364 263 1417 lus
285 1367 427 1423 esset,
460 1372 593 1427 opus
635 1354 863 1409 habebat
907 1353 1032 1407 illis.
1079 1351 1240 1421 Igitur
1280 1350 1331 1402 in
1374 1345 1733 1402 Macedoniam

196 1456 355 1511 benea
382 1452 483 1506 Deo
528 1447 973 1519 impellebantur;
1015 1445 1157 1499 clara
1199 1455 1429 1511 namque
1471 1439 1582 1509 jam
1619 1446 1734 1493 erat

198 1545 363 1603 Gracia
389 1562 403 1598 :
430 1542 663 1611 alioquin
703 1550 760 1595 et
785 1540 885 1593 alia
928 1547 1123 1608 praeter
1165 1535 1537 1590 necessitatem
1569 1530 1734 1585 facie-

200 1639 284 1692 bat.
312 1634 541 1690 Christus
566 1632 802 1701 jusserat
821 1630 887 1684 de
917 1626 1194 1697 evangelio
1219 1626 1398 1680 vivere
1424 1624 1500 1694 (1.
1533 1620 1649 1677 Cor.
1678 1620 1734 1675 9.

196 1729 295 1801 lt);
322 1730 586 1783 hicautem
614 1741 719 1779 non
749 1723 1005 1779 faciebat:
1028 1720 1268 1776 Christus
1296 1733 1399 1773 non
1423 1716 1567 1771 misit
1587 1714 1736 1769 illum

196 1820 423 1892 baptizare
451 1817 523 1888 (1.
559 1816 678 1870 Cor.
720 1816 775 1872 1.
816 1813 945 1883 17);
981 1812 1065 1866 hic
1093 1826 1223 1866 vero
1251 1807 1569 1879 baptizabat.
1607 1805 1738 1861 Vide

193 1911 418 1985 quoume
445 1907 805 1965 conferendus
845 1905 1094 1961 omnibus
1133 1911 1268 1959 erat.
1310 1902 1498 1956 Petrus
1537 1898 1604 1953 ad
1634 1898 1738 1952 cir—

194 2004 549 2066 cumcisinnem,
583 2001 668 2055 hic
688 1999 754 2053 ad
779 2007 990 2069 gentes,
1017 1996 1082 2051 ad
1121 1994 1375 2065 majorem
1412 2002 1639 2062 partem.
1669 1989 1738 2045 Et

192 2102 378 2164 accepta,
408 2092 599 2161 inquit,
626 2089 973 2160 satisfactione
1005 2103 1037 2140 a
1068 2085 1281 2151 Iasone,
1305 2084 1605 2138 dimiserunt
1631 2098 1735 2136 eos.

193 2188 299 2243 Vide
330 2185 595 2257 quomodo
619 2182 982 2239 satisfactione
1010 2180 1132 2235 data
1160 2179 1321 2235 Jason
1360 2176 1581 2232 Paulum
1605 2174 1739 2230 emi-

189 2283 275 2345 sit;
298 2293 347 2335 et
374 2281 439 2333 ita
464 2278 702 2333 animam
737 2290 888 2331 suam
932 2288 1029 2344 pro
1068 2272 1161 2327 illo
1196 2271 1388 2343 posuit.
1424 2268 1515 2335 Hi,
1547 2267 1736 2337 inquit,

191 2385 306 2429 erant
324 2372 618 2427 nobilissimi
649 2366 1175 2425 Tltessalonicensium
1193 2380 1212 2428 ,'
1244 2364 1295 2418 id
1324 2371 1428 2431 est,
1464 2361 1658 2415 virtute
1685 2368 1741 2413 et

189 2466 272 2520 lide
303 2480 418 2535 erga
459 2465 653 2518 Deum.
698 2461 797 2529 Qui
834 2466 1161 2529 susceperunt
1207 2455 1409 2509 verbum
1448 2470 1565 2507 cum
1602 2451 1740 2506 omni

192 2558 428 2617 alacritate,
460 2555 659 2624 inquit,
685 2551 909 2622 quotidie
929 2557 1207 2604 scrutantes
1226 2546 1543 2616 Scripturas,
1563 2544 1608 2597 si
1633 2543 1741 2597 haec

191 2650 245 2702 ita
266 2664 311 2701 se
334 2646 589 2701 haberent.
622 2644 739 2699 Non
764 2652 967 2698 temere
995 2656 1061 2696 ex
1086 2640 1289 2709 impetu
1317 2647 1372 2693 et
1397 2636 1534 2692 zelo.

249 2739 302 2791 lit
318 2738 593 2807 majoribus
614 2735 893 2789 civitatibus
911 2734 1105 2804 pejores
1126 2729 1605 2798 homines.—Atqui
1628 2742 1735 2782 ma-

190 2831 256 2901 jor
276 2831 384 2887 urbs
406 2840 523 2886 erat
542 2872 561 2896 ,
598 2838 655 2885 et
683 2829 923 2884 forenses
954 2827 1195 2882 homines
1220 2833 1373 2881 erant
1401 2824 1472 2877 ibi
1504 2840 1516 2875 :
1548 2824 1741 2877 mirum

198 2933 335 2977 autem
360 2941 461 2979 non
486 2932 617 2989 est,
656 2923 703 2976 si
744 2923 799 2975 in
837 2921 1040 2989 majore
1083 2918 1297 2973 civitate
1343 2917 1555 2988 pejores
1597 2925 1741 2971 sunt.

198 3014 317 3069 Certe
339 3015 384 3068 in
409 3015 627 3085 majore
653 3012 863 3083 pejores
883 3025 1005 3066 esse
1020 3009 1309 3065 verisimile
1328 3020 1431 3071 est,
1455 3007 1545 3062 ubi
1563 3009 1742 3062 multa:

204 3116 296 3159 sunt
312 3108 581 3162 turbarum
619 3105 951 3161 occasiones.
982 3101 1052 3158 Ut
1081 3102 1224 3156 enim
1256 3102 1308 3154 in
1339 3114 1595 3169 corpore,
1620 3114 1741 3153 cum

210 3198 369 3252 morbus
394 3207 479 3253 est
506 3198 754 3268 gravior,
786 3196 907 3264 plus
934 3193 1093 3248 habet
1118 3191 1359 3247 materia:
1387 3201 1440 3245 et
1466 3190 1739 3245 alimenti:

211 3286 264 3338 ita
296 3288 445 3343 ethoc
494 3289 629 3342 loco
649 3327 665 3353 ,
698 3286 839 3357 quod
863 3295 919 3340 et
949 3284 1107 3340 leonii
1138 3282 1336 3337 factum
1368 3292 1452 3337 est
1472 3323 1487 3347 ,
1520 3291 1574 3337 et
1604 3296 1743 3335 nunc

203 3394 377 3451 quoque.
409 3382 479 3437 Et
510 3381 795 3453 egreditur
824 3379 1040 3442 Paulus,
1070 3388 1127 3433 ut
1155 3387 1210 3432 et
1232 3377 1457 3431 aliorum
1489 3376 1743 3445 perniciei

194 3486 340 3539 plenas
361 3474 507 3529 dent.
538 3474 675 3529 Ideo
698 3472 912 3527 dicebat
943 3471 1137 3525 Paulus
1170 3488 1182 3524 :
1216 3468 1610 3524 Prohibentibus
1653 3484 1744 3523 nos

190 3563 298 3631 loqui
315 3565 539 3635 gentibus
573 3566 669 3636 (1.
700 3564 877 3619 Thess.
899 3564 955 3618 2.
983 3563 1110 3633 16).
1139 3563 1207 3617 Et
1229 3576 1324 3616 cur
1353 3561 1527 3627 isthic,
1552 3562 1739 3632 inquit,

184 3668 269 3708 non
305 3656 665 3712 manserunt?
711 3671 809 3709 cur
856 3670 963 3709 non
1011 3654 1159 3724 signa
1203 3652 1478 3708 fecerunt?
1521 3652 1652 3707 Nam
1697 3653 1743 3708 si

183 3745 301 3810 illic,
352 3748 437 3803 ubi
494 3746 775 3818 lapidatus
829 3756 953 3812 est,
1003 3746 1199 3799 mansit
1251 3746 1415 3799 multo
1466 3755 1740 3814 tempore;

178 3840 318 3894 multo
339 3842 508 3913 magis
537 3842 636 3896 hic
665 3839 987 3895 manendum
1017 3847 1153 3892 erat.
1190 3838 1402 3906 Quare?
1443 3838 1558 3892 Non
1598 3854 1745 3893 sem-

176 3946 254 3999 per
279 3934 479 3988 volebat
503 3935 660 3990 Deus
686 3934 806 3988 illos
833 3934 947 3986 haec
974 3933 1122 4003 signa
1154 3934 1326 3986 facere
1353 3947 1366 3980 :
1398 3947 1570 4002 neque
1599 3937 1743 3987 enim

173 4024 323 4077 minus
346 4025 562 4095 signum
591 4032 681 4079 est
721 4025 837 4077 sine
882 4024 1050 4092 signis
1088 4023 1338 4088 vincere,
1388 4036 1547 4091 quam
1594 4023 1743 4093 signa

173 4112 343 4170 facere.
375 4117 566 4188 Itaque
585 4159 605 4183 ,
639 4117 779 4171 sicut
807 4130 949 4170 nunc
971 4154 988 4180 ,
1014 4114 1213 4183 absque
1242 4114 1407 4183 signis
1451 4115 1701 4183 praevalet
1728 4132 1740 4166 :

169 4206 235 4261 sic
255 4216 304 4262 et
328 4219 451 4264 tunc
481 4223 642 4279 saepe
668 4207 879 4261 volebat
902 4208 1136 4260 vincere.
1165 4205 1349 4273 Itaque
1374 4220 1474 4260 nec
1518 4206 1744 4274 apostoli

170 4298 226 4351 ad
249 4300 385 4370 signa
416 4302 763 4364 currebant,
796 4310 853 4353 ut
881 4308 934 4353 et
964 4299 1077 4367 ipse
1105 4298 1179 4351 ait
1213 4316 1225 4349 :
1261 4296 1374 4350 Nos
1395 4306 1562 4351 autent
1609 4314 1743 4367 prte-

166 4391 373 4446 dicamus
400 4392 680 4447 Christum
703 4392 1002 4458 cruci/imum
1033 4391 1051 4458 (
1080 4390 1129 4443 1.
1158 4388 1278 4443 Cor.
1311 4390 1363 4443 1.
1409 4389 1536 4461 25).
1583 4389 1742 4460 Signa

167 4484 510 4549 quasrentihus
540 4494 602 4539 et
645 4484 999 4554 sapientiam,
1049 4483 1163 4536 haec
1212 4482 1437 4543 damus,
1485 4498 1603 4547 qua:
1646 4498 1744 4537 nec

163 4586 265 4627 cum
309 4576 478 4646 signis
528 4573 853 4645 persuaderi
905 4581 1166 4644 possunt,
1231 4583 1286 4627 et
1335 4574 1738 4643 persuademus.

166 4662 321 4735 Itaque
346 4682 617 4738 magnum
649 4666 775 4721 illud
806 4666 1017 4735 signum
1046 4673 1180 4719 erat.
1214 4665 1347 4719 Vide
1369 4680 1496 4735 ergo
1512 4666 1621 4736 jam
1651 4682 1745 4721 ex-

161 4765 289 4813 tensa
340 4759 787 4831 praedicatione,
840 4773 999 4828 quam
1034 4757 1153 4818 ,cito
1199 4767 1415 4812 currant
1451 4758 1517 4812 ad
1569 4759 1739 4829 signa.

160 4847 433 4917 Oportebat
454 4851 615 4906 enim
637 4849 746 4919 j’am
776 4857 993 4918 propter
1013 4846 1298 4903 credentes
1325 4849 1474 4917 plura
1502 4864 1623 4904 esse
1670 4851 1741 4904 si-

156 4958 263 5012 gna,
289 4961 450 5015 quam
484 4945 629 5000 alibi
664 4961 677 4997 :
711 4944 891 5013 itaque
921 4942 1081 5008 ﬁunt;
1110 4941 1205 4997 sed
1237 4940 1538 4996 recedendo
1566 4952 1619 4996 et
1653 4957 1744 4997 ac-

156 5036 379 5091 ccdeudo
399 5038 495 5092 illa
526 5036 826 5092 faciebant.
851 5034 1141 5088 Emiserunt
1162 5034 1329 5099 illum,
1354 5033 1561 5102 inquit,
1599 5036 1744 5103 quasi

153 5129 212 5181 ut
236 5147 390 5185 mare.
414 5130 539 5199 Qua
551 5130 665 5184 re?
694 5127 764 5184 Ut
790 5144 896 5182 non
937 5136 1157 5197 possent
1186 5126 1332 5180 illum
1360 5124 1516 5181 facile
1543 5141 1738 5197 appre-

157 5220 393 5278 hendere.
428 5222 599 5277 Adeo
642 5236 736 5290 per
764 5235 823 5275 se
850 5220 950 5288 ipsi
991 5233 1242 5289 magnum
1290 5217 1415 5288 quid
1461 5219 1739 5287 praestitis-

154 5323 275 5380 sent,
300 5323 354 5369 et
381 5328 513 5369 cum
538 5312 648 5367 illo
664 5311 825 5366 multa
844 5310 980 5365 bene
1000 5318 1281 5381 gesserunt
1298 5324 1361 5364 ac
1382 5309 1735 5380 perfecerunt.

155 5402 351 5462 Interim
382 5408 547 5463 illum
581 5420 779 5459 eruere
806 5404 1074 5459 volebant.

208 5497 257 5553 ὅ.
290 5498 421 5556 Vide
450 5506 676 5571 quanta
705 5496 948 5565 discipuli
977 5510 1101 5566 erga
1132 5496 1430 5565 praecipuos
1457 5494 1740 5550 utebantur

151 5601 381 5646 cura:at
434 5607 552 5647 non
610 5588 753 5642 sicut
799 5602 940 5643 nunc
981 5588 1138 5642 divisi
1183 5602 1406 5652 sumus;
1452 5586 1740 5642 dividimur

152 5692 358 5752 namque
385 5681 548 5754 parvi
578 5688 644 5736 et
672 5680 844 5751 magni
875 5696 889 5732 :
921 5681 1063 5735 inter
1100 5694 1196 5734 nos
1248 5678 1337 5733 alii
1382 5679 1734 5746 extolluntur,

148 5770 533 5840 Iliiiuvideut;
586 5770 823 5841 ideoque
849 5770 1115 5834 invident,
1147 5770 1268 5840 quia
1318 5785 1417 5827 nos
1465 5770 1732 5837 inflamur,

3310 303 3413 363 265

1838 437 1937 477 nec
1986 423 2218 492 patimur
2269 422 2549 492 aequaliter
2591 434 2750 492 agere
2798 436 2920 476 cum
2968 421 3090 477 illis.
3139 421 3337 478 Idcirco
3366 425 3417 478 in

1834 528 2063 583 corpore
2107 522 2400 569 concentus
2439 524 2551 577 est,
2588 514 2709 583 quia
2760 529 2865 568 non
2908 525 2990 567 est
3029 513 3230 568 inﬂatio
3262 532 3275 569 :
3311 531 3416 569 non

1834 618 1921 665 est
1943 621 2117 663 autem
2148 611 2355 665 inflatio
2376 651 2391 677 ,
2424 610 2545 677 quia
2575 609 2653 664 sic
2682 609 2920 663 membra
2949 607 3204 680 (ﬁsposita
3247 620 3371 663 sunt
3399 650 3416 675 ,

1837 709 1893 752 ut
1920 700 2058 752 aliud
2088 700 2194 753 alio
2221 714 2355 769 opus
2388 700 2579 753 habeat
2608 717 2619 753 :
2653 708 2813 769 caput
2830 699 3053 770 pedibus
3081 715 3214 769 opus
3238 700 3417 767 habet,

1836 799 1890 844 et
1916 789 2079 859 pedes
2103 790 2299 861 capite.
2325 790 2392 844 Et
2418 790 2521 845 hoc
2548 790 2702 846 nobis
2739 769 2862 846 fecit
2906 769 3079 860 Deus,
3125 809 3298 863 neque
3342 794 3421 849 sic

1836 884 2160 937 sustinemus
2193 900 2205 933 :
2240 892 2514 954 oporteret
2539 885 2679 938 enim
2707 926 2721 949 ,
2752 886 2958 939 etiamsi
2994 886 3095 941 hoc
3120 903 3227 942 non
3254 900 3418 954 esset,

1837 977 2110 1031 caritatem
2142 992 2281 1033 esse.
2313 979 2505 1033 Annon
2534 977 2731 1033 auditis
2753 990 3005 1033 externos
3027 1021 3041 1045 ,
3072 980 3161 1049 qui
3193 996 3292 1034 nos
3326 996 3420 1035 ca-

1838 1067 2191 1132 lumniantur,
2224 1068 2439 1137 quando
2465 1068 2651 1123 dicunt
2683 1085 2695 1121 :
2743 1068 2912 1124 Utiles
2953 1070 3237 1126 amicitia'?
3273 1072 3418 1127 Laici

1840 1160 1996 1216 nobis
2027 1175 2162 1231 Opus
2191 1161 2422 1226 habent;
2472 1176 2570 1214 nos
2620 1176 2751 1215 vero
2793 1178 3000 1216 rursum
3046 1176 3261 1233 propter
3302 1166 3422 1221 illos

1840 1266 2042 1306 sumus.
2070 1249 2159 1307 Sic
2184 1267 2282 1307 nec
2327 1252 2516 1307 doctor
2562 1266 2660 1306 nec
2707 1253 2953 1322 princeps
3000 1266 3183 1320 esset,
3225 1257 3269 1310 si
3312 1274 3420 1312 non

1840 1344 2088 1398 adessent
2113 1344 2358 1414 discipuli
2385 1353 2440 1399 et
2466 1343 2688 1410 subditi,
2721 1358 2895 1413 neque
2925 1345 3161 1400 facerent
3185 1363 3303 1418 qua:
3327 1363 3423 1404 sua

1840 1445 2007 1489 sunt:
2041 1450 2147 1489 non
2192 1435 2334 1489 enim
2387 1442 2626 1504 possent.
2672 1434 3131 1501 Quemadmodum
3180 1449 3234 1493 et
3283 1449 3422 1495 terra

1841 1527 2073 1597 agricola
2099 1569 2114 1593 ,
2147 1537 2202 1582 et
2228 1528 2459 1598 agricola
2506 1535 2646 1582 terra
2695 1542 2829 1598 opus
2870 1529 3028 1583 habet
3057 1547 3069 1584 :
3098 1531 3166 1584 ita
3220 1544 3268 1587 et
3313 1534 3420 1588 hic.

1840 1619 2012 1687 Quam
2043 1619 2186 1674 enim
2219 1619 2522 1675 mercedem
2547 1619 2707 1675 habet
2733 1621 2921 1676 doctor
2944 1663 2957 1685 ,
2987 1620 3076 1692 qui
3102 1640 3205 1678 non
3253 1637 3429 1695 potest

1846 1712 2133 1769 ostendere
2157 1712 2224 1768 ab
2249 1727 2308 1768 se
2334 1712 2606 1768 edoctos?
2635 1729 2791 1782 quam
2822 1714 2852 1767 ii
2886 1715 2973 1784 qui
3006 1716 3267 1773 docentur
3291 1761 3304 1781 ,
3337 1726 3428 1789 qui

1842 1820 1947 1859 non
1976 1805 2179 1874 Optima
2224 1807 2474 1860 fruuntur
2520 1805 2806 1860 doctrina?
2854 1807 3037 1879 itaque
3073 1811 3207 1866 alter
3257 1813 3429 1870 altero

1842 1912 1976 1967 opus
2003 1896 2284 1963 habemus,
2316 1907 2370 1953 et
2399 1897 2667 1967 principes
2713 1899 2975 1967 subditis,
3024 1912 3079 1957 et
3122 1903 3226 1959 dux
3271 1909 3431 1963 obse-

1843 1991 2132 2060 quentibus
2165 2007 2178 2043 :
2212 1991 2483 2060 principes
2512 2006 2743 2061 namque
2774 1991 3064 2049 multorum
3091 1998 3256 2066 gratia
3281 2012 3426 2056 sunt.

1842 2080 2011 2136 Nemo
2041 2082 2184 2137 enim
2209 2080 2406 2136 sufficit
2434 2096 2528 2150 per
2553 2081 2786 2151 seipsum
2815 2084 3011 2153 aliquid
3036 2090 3246 2154 cperari
3271 2132 3285 2156 ,
3318 2092 3431 2148 sive

1842 2179 2093 2233 ordinare
2118 2188 2400 2248 oporteat,
2433 2181 2546 2235 sive
2574 2181 2795 2236 consilia
2828 2193 2883 2236 et
2906 2184 3202 2238 sententias
3237 2185 3427 2254 explo-

1843 2286 1963 2326 rare
1987 2312 2003 2334 ,
2045 2272 2138 2326 sed
2186 2271 2559 2328 lmnoratiores
2606 2274 2677 2326 illi
2719 2284 2841 2328 sunt
2869 2290 2898 2328 a
2929 2288 3069 2331 cestu
3104 2287 3160 2331 et
3188 2278 3432 2332 multitu-

1843 2362 1990 2418 dine.
2016 2363 2259 2432 Exempli
2284 2364 2475 2433 gratia,
2504 2380 2768 2435 pauperes
2796 2364 3044 2419 dantibus
3071 2378 3264 2436 egent,
3292 2368 3427 2422 dan-

1844 2464 1924 2510 tes
1971 2456 2370 2525 accipientibus.
2430 2455 2525 2510 Vos
2562 2468 2733 2511 mutuo
2777 2459 3181 2527 considerantes,
3232 2461 3424 2532 inquit,

1842 2547 1910 2599 ad
1939 2547 2284 2601 incitationem
2304 2547 2531 2602 caritatis
2560 2558 2608 2602 et
2634 2549 2878 2603 bonorum
2899 2566 3105 2620 operum
3130 2551 3312 2619 (Hebr.
3341 2555 3427 2610 10.

1842 2637 1972 2708 24).
2009 2637 2134 2693 ldeo
2164 2639 2313 2708 plura
2344 2647 2522 2708 potest
2550 2639 2806 2694 Ecclesia:
2831 2654 3041 2708 canus;
3071 2652 3125 2697 et
3150 2645 3288 2713 quod
3319 2647 3430 2701 siu-

1841 2732 1949 2801 guli
1977 2746 2071 2801 per
2104 2747 2296 2787 senon
2334 2742 2595 2801 possunt,
2648 2748 2766 2786 cum
2812 2734 2938 2789 aliis
2977 2735 3147 2804 juncti
3185 2751 3429 2809 possunt.

1844 2824 1970 2878 Ideo
1996 2823 2084 2878 hic
2105 2824 2335 2879 maxime
2358 2826 2677 2880 necessariae
2706 2835 2833 2880 sunt
2874 2842 3064 2897 preces
3112 2844 3210 2898 pro
3253 2832 3387 2887 orbe
3411 2874 3428 2898 ,

1845 2930 1941 2984 pro
1968 2915 2205 2971 Ecclesia
2234 2932 2355 2985 quae
2381 2917 2434 2970 in
2462 2916 2657 2972 finibus
2686 2926 2773 2973 est
2795 2960 2811 2985 ,
2860 2935 2957 2989 pro
3008 2936 3136 2991 pace
3162 2964 3176 2989 ,
3227 2939 3325 2994 pro
3367 2927 3432 2980 iis

1843 3008 1932 3074 qui
1973 3008 2174 3061 suntin
2201 3007 2524 3062 calamitate.
2558 3008 2621 3062 Et
2671 3008 2772 3064 hoc
2819 3010 3015 3066 Paulus
3061 3014 3297 3083 indicat,
3344 3017 3431 3073 di-

1844 3114 1974 3154 cens
2006 3118 2018 3152 :
2059 3099 2123 3152 Ut
2156 3102 2301 3172 ejus,
2331 3116 2445 3172 qua:
2472 3101 2526 3154 in
2553 3102 2694 3155 nobis
2724 3112 2830 3169 est,
2882 3105 3169 3162 donationis
3219 3110 3271 3162 in
3315 3127 3431 3179 per-

1844 3194 1981 3245 sonis
2006 3192 2176 3245 multis
2208 3208 2297 3260 per
2323 3193 2511 3246 multos
2539 3194 2719 3263 gratiae
2746 3204 2965 3265 agantur
3011 3214 3102 3267 pro
3151 3200 3293 3255 nobis
3337 3203 3354 3273 (
3371 3203 3426 3256 2.

1845 3282 1964 3339 Cor.
2000 3286 2051 3340 1.
2083 3286 2146 3339 11
2173 3286 2214 3355 ).
2250 3285 2360 3340 Hoc
2389 3294 2489 3351 est,
2523 3296 2578 3339 ut
2608 3287 2791 3341 tnultis
2816 3288 2984 3357 gratia
3010 3292 3431 3351 conferatur.Ac

1846 3392 1988 3448 saepe
2018 3378 2227 3432 illorum
2261 3394 2445 3448 preces
2476 3379 2718 3449 requirit.
2752 3380 2883 3435 Vide
2924 3382 3049 3451 quid
3093 3383 3236 3440 dicat
3287 3387 3429 3441 Deus

1845 3482 1900 3526 ct
1930 3471 2174 3525 Ninivitis
2206 3491 2217 3523 :
2260 3470 2369 3542 Ego
2392 3488 2508 3524 vero
2535 3488 2635 3525 non
2664 3489 2870 3541 parcam
2897 3474 3025 3539 urbi,
3060 3478 3148 3529 ubi
3172 3489 3289 3532 sunt
3315 3481 3431 3551 plus

1846 3579 1996 3631 quam
2022 3574 2221 3616 centum
2245 3563 2421 3633 viginti
2447 3562 2609 3617 millia
2641 3563 2800 3635 (Jan.
2835 3566 2887 3619 4.
2923 3567 2981 3620 ll
3009 3568 3069 3637 )?
3104 3568 3203 3623 Ubi
3231 3572 3331 3625 duo
3356 3575 3432 3629 vil

1847 3665 1974 3720 tres,
2006 3655 2212 3725 inquit,
2241 3657 2530 3727 congregati
2559 3657 2746 3725 fuerint
2766 3658 2819 3711 in
2845 3660 3046 3713 nomine
3071 3678 3199 3726 meo,
3231 3662 3299 3717 ibi
3320 3682 3431 3720 sum

1846 3750 1900 3802 in
1931 3749 2096 3803 medio
2122 3764 2293 3802 eorum
2320 3745 2555 3819 (Matth.
2585 3750 2674 3803 18.
2704 3747 2834 3820 20).
2868 3749 2924 3805 Si
2950 3761 3126 3807 autem
3157 3753 3262 3809 duo
3292 3758 3432 3811 mul-

1850 3850 1959 3896 tum
1990 3851 2210 3911 possunt
2236 3882 2252 3908 ,
2280 3851 2480 3910 quanto
2516 3843 2684 3911 magis
2728 3844 2942 3913 plures?
2984 3843 3038 3899 Si
3092 3861 3223 3903 vero
3268 3851 3429 3903 etiam

1849 3946 1985 3986 unus
2017 3931 2217 4001 possit;
2261 3940 2318 3983 at
2360 3946 2465 3985 non
2512 3931 2811 3999 aequaliter.
2852 3932 2959 3987 Cur
3008 3951 3143 3989 unus
3183 3938 3285 3991 es?
3335 3955 3431 3992 cur

1849 4024 2046 4079 multos
2073 4038 2180 4077 non
2208 4021 2382 4077 facis?
2410 4038 2505 4077 cur
2530 4038 2635 4076 non
2687 4039 2746 4079 es
2785 4039 2973 4080 auctor
3011 4029 3248 4085 caritatis
3272 4030 3295 4082 Τ
3336 4047 3434 4086 cur

1849 4134 1953 4173 non
1985 4117 2274 4171 amicitiam
2308 4117 2506 4185 paras?
2534 4116 2813 4171 Maximam
2838 4120 3050 4199 virtutis
3077 4121 3283 4176 laudem
3325 4140 3429 4180 non

1850 4209 2038 4263 habes.
2072 4206 2223 4264 Sicut
2252 4208 2393 4261 enim
2423 4222 2542 4261 cum
2570 4222 2633 4262 ex
2666 4218 2818 4276 pacto
2844 4210 2969 4263 mali
3013 4221 3137 4266 sunt
3174 4215 3386 4283 quidam
3413 4259 3428 4281 ,

1852 4298 2022 4368 magis
2053 4298 2266 4352 irritant
2312 4297 2520 4351 Deum:
2554 4297 2632 4351 sic
2674 4299 2726 4351 in
2767 4301 3053 4355 concordia
3098 4302 3265 4359 bonos
3310 4322 3432 4362 esse

1853 4392 2019 4461 magis
2048 4391 2304 4445 oblectat.
2339 4388 2462 4445 Non
2486 4391 2605 4457 eris,
2637 4392 2836 4462 inquit,
2871 4410 2983 4447 cum
3018 4395 3188 4451 multis
3226 4400 3277 4451 in
3323 4418 3429 4453 ma-

1852 4485 1956 4538 lunt
1990 4486 2007 4553 (
2034 4482 2201 4538 Exod.
2233 4483 2326 4538 25.
2353 4483 2445 4555 2).
2485 4485 2669 4538 Omnes
2695 4486 3100 4554 declinaverunt,
3132 4492 3282 4545 simul
3312 4495 3430 4548 inu-

1851 4578 1960 4631 tiles
1987 4577 2109 4646 [acti
2129 4585 2243 4629 sunt
2271 4572 2453 4643 (Psal.
2488 4577 2574 4631 i5.
2609 4575 2680 4647 ὅ)
2705 4619 2719 4640 ,
2751 4588 2803 4632 et
2831 4578 2953 4633 facti
2983 4591 3109 4636 sunt
3133 4588 3280 4652 quasi
3303 4602 3428 4642 can-

1852 4678 2024 4722 tantes
2055 4668 2107 4721 in
2137 4667 2369 4736 nequitia
2403 4682 2519 4721 sua.
2549 4668 2685 4721 Para
2715 4670 2806 4722 tibi
2856 4671 3056 4726 amicos
3098 4688 3204 4741 prae
3244 4676 3427 4731 dome-

1850 4760 2021 4822 sticis,
2051 4772 2161 4828 prae
2187 4758 2307 4811 aliis
2333 4758 2601 4812 omnibus.
2634 4757 2687 4813 Si
2722 4760 2992 4828 pacificus,
3024 4772 3106 4817 est
3130 4765 3266 4824 filius
3294 4768 3381 4825 Dei
3412 4789 3423 4822 :

1849 4860 2047 4920 quanto
2076 4848 2242 4919 magis
2271 4849 2316 4903 is
2338 4850 2425 4919 qui
2453 4850 2716 4905 amicitias
2740 4854 2932 4918 parat?
2957 4852 3000 4906 si
3028 4854 3073 4907 is
3100 4856 3190 4923 qui
3236 4832 3425 4913 recon-

1849 4942 2023 5009 ciliat,
2056 4940 2196 4994 illius
2239 4940 2333 4995 Dei
2378 4950 2598 4994 vocatur
2630 4957 2643 4992 :
2677 4942 2764 5009 qui
2809 4943 3180 4999 reconciliatos
3223 4949 3429 5005 amicos

1851 5033 2003 5099 facit,
2036 5047 2143 5102 quo
2173 5048 2281 5086 non
2307 5034 2409 5085 erit
2436 5031 2626 5100 dignus
2674 5032 2937 5086 munere?
2981 5033 3127 5089 Hanc
3168 5034 3425 5095 fat-ianuis

1850 5125 2259 5195 negetiationem
2292 5143 2304 5175 :
2337 5125 2583 5179 inimicos
2629 5134 2811 5179 mutuo
2856 5126 3056 5182 amicos
3100 5130 3422 5200 reddamus;

1848 5228 1902 5271 et
1922 5232 2015 5272 eos
2036 5216 2129 5286 qui
2152 5232 2249 5270 nec
2278 5217 2476 5270 inimici
2505 5230 2604 5269 nec
2631 5216 2787 5270 amici
2827 5227 2952 5271 sunt
2993 5235 3379 5293 congregemus
3406 5270 3420 5291 ,

1849 5319 1902 5362 et
1945 5319 2069 5362 ante
2094 5322 2282 5360 omnes
2308 5350 2321 5371 ,
2354 5306 2729 5375 nosmetipsos.
2776 5307 3235 5374 Quemadmodum
3281 5321 3424 5372 enim

1847 5402 1932 5471 qui
1961 5400 2104 5455 domi
2131 5400 2456 5454 inimicitiam
2490 5400 2684 5468 habet,
2717 5409 2915 5456 etcum
2970 5420 3138 5461 uxore
3177 5424 3273 5463 sua
3313 5412 3428 5465 dis-

1848 5493 2013 5553 sidet,
2045 5506 2149 5544 non
2175 5497 2256 5544 est
2283 5489 2384 5545 fide
2429 5489 2620 5560 dignus
2659 5499 2715 5545 ut
2761 5493 2894 5547 alios
2940 5498 3285 5563 reconciliet,
3329 5502 3421 5553 Stul

1846 5583 2025 5638 audiet
2052 5599 2065 5637 :
2102 5579 2298 5634 Medica
2320 5622 2334 5647 ,
2372 5598 2493 5635 cura
2519 5583 2732 5648 teipsttm
2784 5584 2802 5653 (
2826 5584 2950 5641 Luc.
2981 5587 3033 5640 ὁ.
3063 5587 3164 5658 23)
3198 5606 3211 5640 :
3244 5591 3320 5643 sic
3368 5605 3424 5644 et

1847 5677 1947 5730 iste.
1975 5673 2177 5729 audiet.
2202 5673 2330 5741 Qua:
2360 5674 2518 5743 igitur
2544 5674 2699 5730 nobis
2736 5685 2819 5731 ost
2862 5678 3175 5735 inimicitia?
3212 5683 3420 5740 Anima:

1845 5781 1964 5823 cum
1998 5779 2246 5838 corpore,
2273 5767 2487 5825 malitia:
2507 5782 2627 5823 cum
2658 5768 2874 5827 virtute.
2916 5770 3063 5828 lianc
3102 5774 3374 5830 solvamus
3404 5815 3419 5840 ,
