3978 6506
574 362 578 365 ·
618 344 717 400 Et)?

623 462 728 513 hoc
759 457 1007 511 tollamus
1030 452 1258 515 bellum;
1288 459 1341 503 et
1369 460 1492 501 tunc
1526 460 1645 501 cum
1694 457 1823 513 pace
1876 440 2009 493 alios
2056 440 2191 492 allo-

617 566 842 621 quemur
872 558 925 601 et
965 560 1085 602 cum
1134 544 1297 598 multa
1345 538 1564 601 liducia,
1617 551 1723 588 non
1774 541 2056 587 accusante
2098 546 2194 585 nos

627 639 950 698 conscientia
980 646 1180 690 nostra.
1214 633 1415 699 Pugnat
1456 630 1531 681 ira
1577 642 1696 681 cum
1748 623 2190 688 mansuetudine,

619 744 813 804 pugnat
835 730 1173 801 pecuniarum
1192 738 1341 776 amor
1364 735 1482 773 cum
1506 708 1736 786 ipsarum
1754 723 2077 781 contemptu.
2099 728 2194 781 puo

617 838 743 895 gnat
774 824 965 878 invidia
993 835 1111 872 cum
1145 816 1486 884 benignitate.
1524 811 1635 864 Hoc
1662 810 1927 863 solvamus
1955 805 2175 867 bellum,

616 919 715 972 ltus
741 916 1047 984 dejiciamus
1074 908 1316 961 inimicos
1341 946 1356 971 ,
1390 905 1505 957 haec
1534 904 1804 970 erigamus
1852 907 2050 965 tropa'a
2076 938 2089 961 ,
2138 896 2189 948 in

627 1008 844 1061 civitate
897 1010 1076 1057 nostra
1121 1012 1303 1068 pacem
1351 995 1714 1049 conciliemus.
1759 990 1957 1044 Civitas
1998 988 2193 1057 quippe

619 1100 774 1155 nobis
802 1107 882 1152 est
912 1105 958 1150 ct
994 1089 1405 1154 administratio,
1440 1098 1494 1141 et
1516 1087 1659 1140 cives
1675 1091 1728 1138 et
1753 1080 1991 1137 extranei
2010 1080 2188 1134 multi:

626 1192 719 1247 sed
751 1188 1149 1260 peregrinorum
1184 1182 1498 1252 ejectioucm
1540 1176 1833 1240 faciamus,
1884 1182 1942 1226 ut
1988 1186 2055 1225 nc
2097 1170 2192 1224 do-

616 1282 823 1338 mestici
852 1286 1275 1345 corrumpantur.
1305 1272 1412 1327 Nec
1440 1271 1670 1323 alienum
1701 1282 1799 1321 nec
1827 1266 2049 1319 nothum
2094 1263 2192 1317 do-

614 1391 735 1445 gma
763 1371 1085 1439 ingrediatur
1106 1409 1120 1434 ,
1152 1366 1399 1433 nullaque
1427 1360 1655 1415 carnalis
1686 1358 1966 1412 sententia.
1996 1356 2189 1409 Annon

614 1470 855 1522 videmus
876 1462 1171 1534 quomodo.
1206 1460 1248 1513 si
1273 1460 1389 1528 quis
1410 1455 1657 1510 inimicus
1688 1454 1738 1505 in
1762 1451 1979 1505 urbibus
2008 1449 2188 1517 capia-

614 1573 736 1627 tur,
790 1558 941 1630 quasi
988 1556 1292 1625 explorator
1350 1547 1652 1620 judicatur?
1701 1547 1838 1616 Ergo
1880 1543 2189 1614 peregrinos

614 1655 917 1724 ejiciamus;
951 1651 1058 1703 imo
1088 1662 1191 1701 non
1220 1643 1527 1714 peregrinos
1558 1638 1717 1694 modo
1739 1677 1752 1701 ,
1782 1636 1876 1691 sed
1902 1635 2060 1690 etiam
2084 1633 2190 1688 ini-

614 1748 804 1800 nticos.
831 1744 886 1798 Si
914 1755 1067 1811 quem
1098 1738 1371 1791 videamus
1397 1775 1410 1796 ,
1445 1732 1716 1786 tradamus
1745 1727 1969 1798 principi
1997 1724 2183 1789 menti,

614 1836 1012 1905 cogitationem,
1044 1830 1322 1884 barbaram
1354 1826 1589 1895 quidem,
1621 1822 1713 1876 sed
1740 1819 1881 1875 civili
1906 1828 2056 1873 veste
2099 1818 2187 1870 in-

615 1929 817 1980 dutam.
849 1922 1026 1979 Multa:
1052 1933 1280 1989 namque
1302 1916 1460 1971 nobis
1488 1915 1672 1969 insunt
1700 1910 2048 1980 cogitationes
2090 1907 2187 1959 hu-

609 2015 842 2087 jusmodi
869 2056 883 2080 ,
913 2022 1100 2066 natura
1127 2008 1338 2076 quidem
1364 2005 1592 2059 inimiczc
1617 2046 1631 2070 ,
1680 2002 1771 2056 sed
1820 2001 1943 2053 ovili
1985 1999 2185 2052 vellere

613 2108 833 2163 indutas.
882 2099 1337 2171 Quemadmodum
1382 2106 1437 2152 ct
1484 2096 1696 2157 Persae,
1748 2093 1954 2147 sublata
2011 2090 2182 2153 tiara,

613 2198 819 2252 braccis
857 2194 1154 2261 calceisque
1192 2189 1485 2243 barbaricis
1511 2227 1525 2251 ,
1582 2194 1729 2239 veste
1777 2184 1933 2238 nobis
1990 2182 2182 2234 usitata

611 2289 1056 2355 iuduti,corpore
1086 2283 1232 2345 nasi,
1280 2290 1334 2334 et
1384 2280 1536 2333 nobis
1582 2283 1833 2331 consueta
1879 2274 2055 2343 lingua
2106 2271 2185 2325 lo-

608 2388 831 2450 quentes
852 2417 867 2436 .
898 2374 1079 2429 habitu
1108 2372 1302 2427 bellum
1335 2370 1641 2432 occultant;
1674 2366 1769 2419 sed
1819 2366 1865 2418 si
1913 2372 2181 2418 tormenta

609 2470 787 2524 statim
814 2465 1117 2521 adhibueris
1142 2506 1157 2530 ,
1186 2478 1307 2517 eum
1337 2461 1425 2530 qui
1457 2461 1586 2513 latet
1617 2457 1928 2513 manifestas
1961 2472 1975 2509 :
2009 2457 2076 2509 ita
2096 2456 2182 2510 hic

605 2560 789 2618 facito.
817 2558 953 2611 hanc
979 2555 1351 2624 cogitationem
1378 2550 1569 2604 millies
1601 2552 1818 2618 explora
1848 2590 1862 2612 ,
1894 2558 1946 2603 ct
1967 2548 2073 2603 cito
2103 2548 2182 2601 vi-

606 2654 757 2707 debis
786 2649 1121 2705 barbaricum
1151 2661 1389 2701 sensum.
1421 2643 1489 2700 Ut
1518 2654 1692 2697 autem
1736 2642 1891 2696 vobis
1932 2642 2178 2711 exemplo

606 2749 897 2799 monstrent
945 2737 1248 2807 huiusmodi
1288 2736 1688 2803 exploratores,
1734 2749 1868 2805 quos
1915 2735 2179 2788 submittit

606 2833 881 2899 diabolus,
917 2841 973 2885 ut
1010 2840 1189 2885 nomra
1216 2827 1534 2896 dispiciunt:
1568 2841 1868 2898 age,unum
1914 2841 2174 2882 exuamus

1354 336 1408 393 s.
1446 331 1717 390 JOANNIS
1752 321 2218 383 Cttursosrout
2258 322 2571 381 ARCIIIEP.
2611 322 3140 381 CONSTANTINOP.
3720 335 3790 393 ηδ

2299 448 2353 492 ct
2378 439 2441 492 ad
2470 439 2698 492 tribunal
2743 437 3024 508 diligenter
3063 440 3432 495 examinemus
3464 457 3477 493 :
3508 451 3561 494 et
3598 444 3631 497 si
3669 449 3789 516 plant

2297 530 2553 599 quosdam
2579 546 2642 584 ex
2674 530 2739 584 iis
2760 571 2775 593 ,
2807 545 2942 600 quos
2966 531 3159 586 Paulus
3185 531 3637 601 deprehenderat,
3677 542 3793 598 addu-

2297 638 2481 676 camus
2513 640 2525 673 :
2560 622 2684 687 Qua:
2708 633 2823 675 sunt
2843 665 2857 685 ,
2891 623 3086 692 inquit,
3112 623 3355 677 rationein
3398 626 3590 691 quidem
3626 628 3792 689 habentia

2297 713 2555 780 sapientia:
2579 714 2629 764 in
2658 714 3007 781 superstitione
3032 723 3079 766 et
3108 715 3386 767 humilitate
3413 725 3458 767 et
3499 732 3593 769 non
3629 720 3683 773 ad
3715 742 3797 789 par.

2296 803 2508 856 cendum
2534 804 2731 872 corpori
2751 844 2763 862 .
2797 819 2895 856 non
2921 804 2973 856 in
3005 804 3194 857 honore
3236 805 3407 873 aliquo
3447 807 3513 858 ad
3553 814 3794 869 saturitatem

2296 893 2463 945 carnis
2493 890 2641 961 (Col.
2672 893 2727 944 ‘2.
2758 893 2828 946 25
2848 894 2890 959 ).
2924 892 3164 962 Exempli
3194 909 3351 947 causa
3382 913 3395 948 :
3422 896 3712 962 judaisuuun
3732 921 3798 959 vo-

2297 983 2438 1037 lebat
2461 984 2703 1039 diabolus
2734 985 3020 1050 inducere;
3054 987 3229 1054 itaque
3261 988 3303 1039 si
3337 989 3503 1055 ipsum
3538 1005 3621 1057 per
3659 1009 3706 1048 se
3745 999 3798 1051 in.

2296 1076 2533 1141 duceret,
2568 1091 2673 1130 non
2707 1076 3066 1144 persuaderet.
3098 1076 3231 1131 Vide
3258 1078 3414 1147 igitur
3435 1083 3681 1146 qumttodo
3697 1087 3801 1142 illum

2295 1166 2590 1235 apparavit.
2640 1165 2897 1235 Oportet,
2950 1167 3157 1236 inquit,
3206 1168 3475 1222 abstinere
3504 1184 3693 1239 corpus.
3726 1177 3802 1234 Hoc

2296 1258 2628 1327 philosophia
2658 1269 2775 1321 est,
2807 1274 2913 1312 non
2942 1258 3224 1314 admittere
3246 1260 3424 1314 cibum
3453 1302 3466 1325 ,
3499 1262 3587 1314 sed
3627 1280 3804 1335 cavere;

2299 1349 2403 1404 hoc
2431 1349 2699 1403 humilitas
2729 1358 2829 1403 est.
2860 1350 2927 1404 Et
2953 1365 3094 1404 nunc
3120 1350 3245 1404 item
3275 1366 3394 1404 cum
3429 1352 3676 1408 haereticis
3697 1362 3804 1411 vole-

2293 1443 2384 1497 bat
2410 1457 2508 1497 nos
2530 1442 2596 1496 ad
2618 1451 2916 1495 creaturam
2944 1442 3232 1496 deducere.
3254 1440 3386 1496 Vide
3414 1442 3574 1511 igitur
3596 1452 3805 1513 quomodo

2293 1535 2474 1589 dolum
2502 1534 2727 1604 paravit.
2760 1532 2815 1589 Si
2840 1534 3081 1600 dixisset,
3112 1534 3421 1589 Creaturam
3445 1534 3605 1591 adora
3627 1578 3640 1600 .
3666 1553 3810 1610 captus

2293 1626 2516 1692 fuisset;
2551 1626 2643 1680 sed
2674 1625 2801 1696 quid
2828 1626 2947 1679 ait‘tl
2977 1627 3115 1682 Deus
3142 1636 3356 1681 creatus
3383 1637 3484 1681 est.
3531 1627 3627 1683 Sed
3662 1634 3809 1688 nudam

2294 1718 2881 1790 exponamusjudicum
2915 1717 3124 1773 calculo
3168 1718 3564 1785 Scripturarum
3606 1726 3814 1789 apostoli-

2293 1828 2474 1868 carum
2524 1812 2879 1877 sententiam;
2930 1811 3024 1865 illo
3071 1810 3329 1866 ducamus
3364 1826 3488 1865 eum
3521 1828 3535 1865 :
3565 1812 3658 1882 ipsi
3693 1832 3813 1885 agno-

2292 1923 2443 1968 scent
2493 1923 2547 1967 et
2598 1910 3027 1982 prtcdicationem
3101 1920 3154 1965 et
3194 1910 3481 1978 loquelam.
3537 1908 3674 1963 Multi
3710 1910 3819 1963 lucta

2294 2005 2584 2066 lucrautur,
2612 2010 2671 2056 ut
2698 2000 2928 2056 habeant
2965 2000 3106 2069 quod
3146 1999 3274 2053 dent
3308 1997 3628 2067 pauperibus
3648 2040 3663 2066 ,
3694 1999 3816 2053 'lucra

2292 2097 2485 2164 injusta
2517 2112 2531 2148 :
2556 2105 2610 2149 et
2639 2094 2755 2149 haec
2781 2094 3027 2163 cogitatio
3048 2106 3210 2161 prava
3235 2100 3338 2145 est.
3372 2090 3478 2144 Sed
3509 2105 3823 2144 exoneretnus

2291 2187 2459 2252 illam,
2487 2188 2843 2251 contutemus,
2878 2193 2937 2237 ut
2967 2199 3032 2237 ne
3062 2183 3337 2253 capiamur
3363 2199 3377 2246 ;
3411 2181 3511 2236 sed
3538 2197 3715 2237 omnes
3734 2183 3821 2235 dia-

2290 2281 2398 2336 boli
2427 2280 2701 2333 machinas
2736 2278 3049 2348 effugientes
3072 2317 3085 2340 ,
3130 2276 3396 2345 possimus
3430 2290 3567 2328 sana
3615 2276 3821 2343 dogmata

2291 2383 2507 2426 Strenue
2534 2372 2842 2435 retinentes,
2873 2382 3060 2422 secure
3087 2376 3408 2435 praesentem
3455 2366 3739 2433 transigere
3771 2369 3825 2417 vi.

2290 2475 2429 2529 tam,
2461 2474 2515 2519 et
2547 2463 2804 2533 promissa
2838 2460 3091 2529 consequi
3118 2460 3256 2514 bona
3279 2500 3294 2524 ,
3323 2459 3495 2527 gratia
3541 2467 3598 2512 et
3629 2459 3830 2525 benigni-

2288 2567 2398 2612 tate
2428 2556 2631 2611 Domini
2658 2554 2825 2608 nostri
2853 2553 2978 2608 Jesu
3006 2551 3228 2617 Christi,
3260 2552 3476 2620 quicum
3504 2550 3647 2603 Patri
3672 2561 3721 2602 et
3740 2550 3828 2616 Spi-

2287 2650 2413 2705 ritui
2450 2658 2633 2702 sancto
2672 2647 2862 2716 gloria,
2895 2645 3177 2713 imperium
3208 2684 3223 2707 ,
3254 2643 3463 2707 honor,
3489 2657 3636 2696 nunc
3657 2651 3708 2696 et
3728 2658 3834 2694 seut-

2284 2759 2402 2814 per,
2436 2749 2490 2797 ct
2516 2742 2567 2795 iu
2594 2739 2792 2796 smcula
2823 2738 3160 2793 saeculorum.
3202 2737 3392 2792 Amen.

603 2968 3820 2993 mm

1948 3057 2118 3118 ΗΟΜ
2130 3057 2291 3119 ILIA
2337 3056 2697 3117 XXXVIII.

600 3204 728 3258 CAP.
784 3204 870 3257 17.
935 3219 987 3256 ν.
1048 3202 1135 3256 16.
1197 3199 1395 3253 Paulus
1457 3210 1619 3253 autem
1666 3214 1777 3250 cum
1840 3197 2047 3250 Athenis
2094 3214 2177 3252 eos

669 3305 1010 3366 exspectaret,
1058 3294 1359 3346 incitabatur
1386 3293 1593 3359 spiritus
1624 3293 1732 3360 ejus
1775 3291 1827 3343 in
1871 3305 1929 3343 eo
1954 3332 1968 3354 ,
2004 3291 2176 3345 videns

670 3386 971 3440 idololatriae
1000 3385 1221 3437 deditam
1246 3383 1515 3436 civitatem.
1549 3383 1636 3435 17.
1685 3381 1985 3450 Disputabat
2022 3382 2177 3451 igitur

671 3480 725 3532 in
755 3492 1011 3547 synagoga
1037 3492 1150 3529 cum
1174 3473 1372 3529 Judwis
1397 3485 1442 3527 et
1469 3473 1767 3538 colentibus,
1798 3482 1845 3526 et
1872 3474 1925 3527 in
1951 3476 2063 3544 faro
2090 3490 2177 3542 per

670 3568 973 3622 emnesdies
1002 3582 1113 3619 cum
1141 3566 1203 3619 iis
1232 3564 1319 3635 qui
1342 3564 1573 3617 aderant.

674 3649 725 3714 ι’.
770 3657 964 3711 Paulus
990 3666 1202 3726 quantas
1229 3671 1259 3708 a
1283 3653 1481 3708 Judteis
1512 3655 1806 3708 tentationes
1835 3654 2061 3707 habuerit
2086 3696 2100 3718 ,
2131 3662 2175 3707 et

594 3759 837 3823 quantum
859 3750 1008 3820 fuerit
1024 3766 1055 3801 a
1076 3748 1209 3818 fastu
1228 3746 1673 3801 alienus.—-Vide
1700 3747 1920 3801 Paulum
1945 3747 2175 3816 majores

599 3863 630 3898 a
659 3843 857 3899 Judzcis
880 3884 894 3908 ,
938 3855 1094 3911 quam
1137 3855 1164 3894 a
1195 3840 1483 3910 gentilibus
1519 3840 1841 3895 tentationes
1868 3840 2173 3894 habentem.

600 3934 821 3989 Athenis
846 3933 987 3988 enim
1020 3930 1150 3985 nihil
1182 3930 1290 3984 tale
1318 3931 1536 4001 patitur,
1563 3930 1657 3985 sed
1686 3946 1775 3985 res
1800 3939 1907 3985 tota
1932 3931 1981 3985 in
2008 3932 2172 3986 risum

595 4026 790 4089 cessit,
823 4023 1027 4079 etiamsi
1051 4024 1257 4092 aliquos
1284 4023 1641 4092 persuaserit;
1671 4023 1809 4092 apud
1834 4023 2047 4078 Judrcos
2076 4040 2172 4078 au-

599 4127 706 4172 tem
730 4116 889 4169 multa
909 4116 1087 4184 gravia
1113 4133 1127 4167 :
1155 4113 1288 4168 adeo
1303 4122 1455 4167 erant
1476 4113 1683 4168 irritati.
1702 4112 1826 4168 Ideo
1849 4116 1952 4168 ait:
1979 4113 2174 4169 Paulus

600 4216 765 4260 autem
794 4223 904 4259 cum
934 4205 1141 4257 Athenis
1170 4220 1252 4258 eos
1281 4213 1607 4272 exspectaret,
1642 4205 1942 4257 incitabatur
1967 4206 2173 4274 spiritus

600 4301 710 4368 ejus
733 4302 786 4350 in
814 4313 870 4350 eo
890 4337 905 4361 ,
946 4296 1117 4349 videns
1140 4296 1444 4349 idololatriw
1469 4295 1692 4348 deditam
1732 4296 1999 4348 civitatem.
2045 4295 2172 4350 Jure

604 4388 856 4442 incitatur
882 4405 893 4439 :
938 4400 1196 4455 nusquam
1226 4386 1367 4439 enim
1396 4394 1473 4439 tot
1503 4386 1643 4440 idola
1673 4387 1854 4440 videre
1881 4396 2014 4441 erat.
2050 4386 2171 4441 Dis-

607 4480 815 4551 putabat
841 4479 997 4549 igitur
1025 4480 1078 4531 in
1103 4494 1359 4548 synagoga
1384 4494 1497 4531 cum
1519 4476 1715 4532 Judwis
1742 4487 1787 4531 et
1811 4479 2102 4543 colentibus,
2127 4489 2173 4532 et

601 4574 657 4625 in
679 4576 789 4642 foro
810 4586 896 4639 per
916 4585 1086 4622 omnes
1111 4568 1215 4621 dies
1240 4566 1308 4620 ad
1323 4583 1406 4622 eos
1425 4569 1507 4637 qui
1529 4569 1758 4621 aderant.
1808 4567 1958 4632 Vide,
1983 4569 2171 4623 iterum

602 4681 722 4721 cmn
768 4663 968 4718 Judaais
1018 4660 1265 4725 disserit,
1296 4659 1528 4729 undique
1562 4673 1653 4713 ora
1683 4661 2037 4728 comprimens
2074 4675 2171 4714 eo-

600 4771 719 4812 rum
744 4795 761 4822 ,
792 4755 879 4825 qui
909 4753 1153 4809 dicerent
1189 4751 1361 4822 ipsum
1401 4751 1599 4805 relictis
1630 4750 1825 4806 Juda:is
1853 4751 1918 4805 ad
1948 4751 2173 4820 gentiles

600 4865 660 4904 se
672 4847 1021 4904 convertisse.
1044 4844 1230 4898 Mirum
1246 4843 1388 4913 quod
1409 4841 1705 4913 phil050phi
1723 4846 1799 4898 sic
1817 4843 1908 4898 illo
1924 4834 2171 4913 loquente

600 4956 706 4996 non
746 4939 923 4994 statim
950 4936 1237 4992 deriserint
1260 4952 1380 4991 eum
1406 4952 1525 4991 cum
1552 4936 1869 4990 contumelia
1887 4976 1902 5001 ,
1938 4952 2108 5007 neque
2138 4952 2169 4990 a

600 5030 974 5100 praedicatione
988 5028 1298 5092 resilierint,
1312 5027 1570 5081 dicentes:
1590 5026 1776 5081 Procul
1795 5027 1896 5080 hoc
1912 5036 1995 5081 est
2009 5044 2034 5079 a
2056 5027 2171 5095 phi-

600 5120 859 5189 losOphia.
894 5118 1026 5185 Quia
1054 5119 1185 5172 nihil
1216 5117 1383 5172 fastus
1423 5116 1688 5171 habebat:
1721 5117 1951 5186 alioquin
1991 5127 2168 5172 autem

597 5212 737 5264 dicta
767 5225 864 5264 nec
892 5209 1190 5277 capiebant,
1210 5224 1309 5262 nec
1328 5207 1711 5277 intelligebant.
1731 5208 2006 5274 Quomodo
2026 5209 2165 5262 enim

598 5300 1024 5361 intellexissent,
1073 5314 1192 5352 eum
1220 5299 1307 5353 alii
1340 5299 1504 5352 Deum
1537 5313 1654 5352 esse
1680 5313 1872 5365 corpus
1897 5340 1912 5362 ,
1952 5300 2039 5352 alii
2072 5314 2167 5351 vo-

596 5392 849 5458 luptatem
878 5406 995 5444 esse
1023 5390 1327 5444 felicitatem
1349 5390 1625 5445 dicerent?
1645 5390 1729 5445 18.
1763 5391 1979 5456 Quidam
2000 5401 2169 5443 autent

596 5484 833 5554 Epicurei
859 5493 903 5535 et
933 5482 1094 5536 Stoici
1122 5482 1427 5535 disserebant
1456 5500 1568 5536 cum
1598 5500 1654 5536 eo
1675 5524 1689 5547 ,
1723 5493 1770 5535 et
1795 5484 1999 5552 quidam
2024 5483 2164 5537 dice-

596 5575 715 5629 bant
741 5591 760 5629 :
805 5572 940 5638 Quid
969 5574 1070 5625 vult
1100 5572 1469 5627 seminiverbius
1501 5575 1591 5626 iste
1633 5575 1837 5628 dicere?
1876 5574 1979 5627 Alii
2014 5590 2127 5627 vero
2152 5615 2166 5635 ,

595 5666 861 5720 Novarum
899 5664 1263 5718 damoniorum
1292 5664 1485 5717 videtur
1517 5666 1841 5719 annuntiator
1873 5682 2014 5727 esse;
2052 5668 2169 5733 quia

586 5756 763 5812 Jesum
798 5765 842 5809 et
883 5755 1294 5810 resurrectionem
1338 5758 1665 5809 annuntiabat
1691 5758 1781 5811 eis.
1820 5756 1950 5812 Nam
1991 5773 2169 5813 resur-

2288 3201 2576 3254 rectionem
2607 3201 2764 3255 deum
2791 3201 3071 3271 quemdam
3102 3216 3220 3255 esse
3247 3202 3513 3271 putabant
3538 3243 3553 3268 ,
3583 3210 3757 3271 utpote
3772 3213 3837 3251 so-

2282 3289 2359 3342 liti
2387 3291 2609 3343 feminas
2640 3290 2837 3344 colere.
2866 3290 2952 3345 19.
2982 3291 3049 3343 Et
3076 3292 3447 3361 apprehensum
3481 3308 3605 3346 eum
3633 3294 3698 3344 ad
3723 3294 3839 3344 Amr

2283 3398 2467 3452 pagunt
2493 3383 2747 3436 duxerunt
2763 3424 2778 3448 ,
2812 3384 3065 3437 dicentes:
3084 3383 3359 3437 Possumus
3378 3386 3522 3438 scire
3544 3400 3660 3453 quae
3685 3395 3747 3437 est
3768 3384 3841 3434 isti

2282 3489 2429 3537 nova,
2460 3489 2574 3541 qua:
2597 3490 2629 3526 a
2657 3484 2701 3527 te
2727 3474 2932 3537 dicitur,
2967 3475 3196 3529 doctrina
3216 3478 3241 3530 Ζ)
3263 3475 3355 3531 ‘20.
3397 3491 3545 3531 nova
3581 3478 3713 3530 enim
3740 3492 3845 3541 qua"-

2282 3564 2401 3615 dam
2426 3564 2582 3632 infers
2606 3565 2810 3618 auribus
2837 3566 3018 3619 nostris
3039 3581 3058 3630 ,'
3078 3566 3307 3620 volumus
3332 3583 3460 3637 ergo
3478 3568 3619 3621 scire
3639 3566 3844 3637 quidnam

2280 3654 2432 3708 velint
2459 3655 2565 3708 lucc
2605 3672 2729 3709 esse.
2765 3656 3040 3710 Duxerunt
3066 3657 3215 3711 illum
3248 3657 3312 3711 ad
3344 3659 3733 3727 AreOpagum,
3768 3673 3847 3710 nou

2279 3756 2337 3801 ut
2362 3746 2663 3814 discerent,
2693 3748 2785 3803 sed
2815 3759 2870 3802 ut
2899 3749 3143 3818 punireut
3162 3791 3175 3812 ,
3210 3749 3295 3805 ubi
3322 3761 3493 3805 erant
3519 3751 3722 3821 judicia
3755 3764 3848 3803 san-

2279 3839 2476 3907 guinis.
2509 3838 2639 3893 V'ide
2668 3854 2816 3909 ergo,
2843 3840 3112 3909 quomodo
3138 3841 3238 3894 sub
3265 3855 3359 3909 Spe
3390 3843 3659 3897 discendi
3690 3853 3741 3895 et
3764 3844 3849 3893 nbi-

2279 3945 2384 3999 que
2428 3946 2617 3984 novam
2656 3931 2953 3985 doctrinam
2996 3932 3257 3986 incusant.
3305 3932 3659 4001 Loquacinm
3702 3934 3845 3985 civitas

2282 4021 2370 4073 illa
2402 4032 2536 4075 erat.
2569 4021 2659 4075 21.
2700 4022 3024 4077 Athenienses
3052 4035 3218 4077 autem
3264 4040 3445 4077 omnes
3476 4036 3527 4079 et
3556 4027 3757 4079 adv-eme
3780 4028 3846 4074 tu:-

2280 4113 2450 4182 spites,
2479 4114 2545 4166 ad
2563 4114 2692 4167 nihil
2714 4115 2857 4168 aliud
2878 4117 3137 4182 vacabant,
3164 4117 3262 4169 nisi
3281 4129 3364 4169 aut
3391 4119 3584 4172 dicere
3609 4130 3692 4170 aut
3714 4117 3841 4169 audire

2279 4205 2472 4270 aliquid
2509 4206 2642 4258 nari.
2691 4206 2778 4259 22.
2827 4204 2985 4260 Stans
3008 4216 3172 4260 autem
3203 4206 3407 4262 Paulus
3443 4211 3503 4263 in
3540 4212 3709 4263 medio
3733 4210 3841 4260 Am-

2281 4297 2417 4365 pagi,
2449 4296 2519 4348 ait
2542 4312 2560 4349 .·
2608 4295 2715 4349 Viri
2744 4298 3067 4351 Athenienses
3086 4338 3101 4362 ,
3135 4314 3220 4365 per
3249 4300 3434 4351 omnia
3465 4302 3629 4371 quasi
3655 4298 3845 4364 supersti-

2280 4387 2505 4440 tiosiores
2534 4403 2618 4441 ros
2642 4388 2806 4440 video.
2830 4387 2920 4441 9.5.
2953 4387 3253 4442 I’rtvteriens
3281 4390 3428 4442 enim
3458 4402 3513 4443 et
3545 4393 3719 4443 uidens
3734 4390 3854 4441 simu-

2280 4477 2418 4529 lacra
2443 4488 2624 4541 vestra,
2653 4477 2817 4531 inveni
2848 4494 3011 4543 aram,
3042 4478 3094 4531 in
3119 4494 3217 4547 qua
3236 4480 3509 4547 scriptum
3538 4492 3685 4534 erat:
3708 4479 3851 4546 Ignoto
3928 4504 3929 4507 η

2280 4566 2412 4621 Deo.
2449 4570 2610 4633 Quem
2639 4585 2757 4638 ergo
2783 4570 3070 4640 ignorantes
3096 4569 3259 4622 colitis
3280 4608 3293 4632 ,
3326 4570 3488 4623 [tunc
3527 4588 3625 4640 ego
3652 4576 3857 4623 annuntio

2278 4660 2435 4713 vobis.
2481 4661 2559 4713 Ac
2605 4661 2650 4714 si
2683 4662 2801 4715 illos
2842 4659 3109 4723 laudaret,
3153 4660 3364 4715 videtur
3412 4662 3565 4716 nihil
3608 4662 3855 4715 molestum

2277 4751 2479 4807 dicere.
2512 4751 2671 4817 Quasi
2698 4753 3142 4823 superstitiosiores
3164 4794 3181 4815 .
3213 4754 3394 4823 inquit
3418 4796 3436 4820 ,
3475 4771 3575 4809 vos
3616 4755 3785 4816 rideo;
3819 4752 3858 4803 id

2276 4855 2390 4909 est,
2439 4846 2587 4914 quasi
2632 4846 2771 4914 pios.
2821 4843 2885 4899 ln
2928 4862 3027 4914 qua
3067 4848 3313 4917 scriptum
3336 4859 3468 4901 erat
3497 4865 3520 4903 :
3552 4848 3736 4919 Ignoto
3757 4846 3858 4898 Deo.

2275 4936 2412 5003 Quid
2443 4946 2525 4991 est
2554 4937 2693 4992 hoc?
2721 4936 3075 4991 Athenienses
3095 4977 3111 5002 ,
3142 4938 3262 5006 quia
3293 4953 3405 5009 per
3438 4940 3625 4995 multa
3655 4951 3861 5009 tempora

2274 5038 2593 5097 acceperant
2634 5027 2765 5082 deos
2812 5029 2971 5081 etiam
3013 5039 3323 5093 extraneos;
3389 5046 3611 5101 nempe
3643 5030 3861 5099 templum

2274 5119 2543 5185 Minervae,
2574 5119 2737 5183 Pana,
2766 5120 3005 5189 aliosque
3032 5119 3280 5183 aliunde;
3307 5120 3637 5185 timentes,
3668 5138 3732 5175 ne
3758 5121 3864 5172 ferte

2234 5242 2235 5245 η
2276 5214 2395 5280 quis
2424 5212 2559 5264 alius
2586 5211 2821 5265 nondum
2851 5221 3008 5264 notus
3038 5210 3138 5265 sibi
3168 5219 3348 5275 esset,
3386 5215 3492 5281 qui
3536 5224 3720 5268 tamen
3746 5214 3865 5264 eule—

2276 5314 2425 5358 retur
2469 5304 2635 5369 alibi,
2680 5304 2743 5356 ad
2792 5304 3048 5372 majorem
3092 5306 3459 5360 securitatem
3515 5308 3649 5363 huic
3690 5318 3867 5377 quoque

2275 5412 2420 5451 aram
2448 5407 2749 5451 erexerunt.
2770 5397 2899 5464 Quia
2929 5412 3059 5451 vero
3086 5413 3190 5451 non
3215 5408 3331 5451 erat
3370 5402 3714 5456 manifestus
3737 5402 3866 5455 Dea“.

2274 5489 2584 5555 inscriptum
2615 5497 2759 5549 erat,
2793 5486 2977 5557 Ignoto
3000 5487 3125 5541 Deo.
3160 5487 3309 5542 lluuc
3340 5504 3496 5561 ergo
3527 5491 3716 5548 Jesum
3744 5490 3863 5545 Chri-

2273 5588 2411 5632 stum
2456 5592 2605 5637 essc,
2655 5578 2849 5631 Paulus
2896 5578 3064 5645 dicit,
3118 5579 3225 5632 imo
3259 5581 3469 5647 potius
3519 5586 3869 5638 universorum

2276 5669 2464 5739 Deum.
2523 5669 2682 5735 Quem
2736 5686 2853 5739 ergo
2900 5670 3219 5738 ignorantes,
3250 5671 3446 5740 inquit
3472 5717 3490 5740 ,
3526 5676 3698 5729 colitis
3720 5717 3734 5739 ,
3761 5683 3871 5727 nunc

2274 5775 2366 5831 ego
2393 5762 2637 5814 annuntio
2663 5759 2958 5817 robis.\'ide
2983 5758 3245 5831 quomodo
3270 5766 3586 5835 ostendat,
3619 5768 3765 5838 ipse:
3782 5767 3871 5837 iam
