4100 6354
427 399 533 455 269

444 507 628 577 οὗτος
650 507 912 579 οὐρανοῦ
933 506 1028 560 καί
1058 504 1165 574 γῆς
1217 504 1437 571 Κύριος
1473 500 1786 572 ὑπάρχων.
1819 497 1973 562 Εἶτα,
2013 501 2107 562 ἵνα

433 601 512 671 μὴ
543 597 838 669 νομίσωσιν
878 609 903 636 α
928 596 1023 647 ἕνα
1048 593 1156 646 τῶν
1187 591 1397 644 πολλῶν
1418 586 1577 655 εἶναι,
1599 588 1903 662 διορθοῦται
1922 589 2108 642 λοιπὸν

430 685 653 755 ἐπάγων
678 703 690 716 ο
731 687 852 738 Οὐκ
877 684 948 736 έν
981 678 1414 752 χειροποιήτοις
1445 679 1616 745 ναοῖς
1646 677 1924 740 κατοικεῖ,
1960 675 2104 731 οὐδὲ

427 776 550 828 ὑπὸ
578 772 791 842 χειρῶν
831 769 1160 839 ἀνθρώπων
1203 768 1610 836 θεραπεύεται,
1661 765 2106 840 προσδεόμενός

429 879 614 928 τινος.
655 861 815 931 Ὁρᾷς
843 860 990 922 ὅπως
1013 856 1154 910 κατά
1185 855 1378 928 μικρὸν
1397 855 1606 930 εἰσάγει
1627 855 1726 924 τὴν
1751 854 2103 924 φιλοσοφίαν;

432 950 550 1014 πῶς
588 947 868 1017 καταγελᾷ
890 946 988 1015 τῆς
1021 944 1340 1016 Ἑλληνικῆς
1359 943 1603 1013 πλάνης;
1643 942 1794 1009 Δοὺς
1827 940 1980 1010 ζωὴν
2008 941 2106 994 καὶ

433 1037 635 1103 πνοὴν
663 1039 760 1089 καὶ
794 1038 866 1089 τὰ
919 1035 1145 1088 πάντα·
1175 1021 1440 1101 ’ἐποίησέ
1477 1049 1542 1085 τε
1594 1031 1663 1096 ἐξ
1689 1031 1827 1097 ἑνὸς
1855 1031 2106 1100 αἵματος

434 1124 558 1180 πᾶν
581 1125 756 1189 ἔθνος
797 1123 1125 1192 ἀνθρώπων
1162 1121 1459 1177 κατοικεῖν
1490 1120 1589 1175 ἐπὶ
1628 1119 1750 1175 πᾶν
1797 1119 1863 1174 τὸ
1913 1120 2104 1188 πρόσ-

435 1229 599 1267 ωπον
626 1211 737 1280 τῆς
767 1212 900 1280 γῆς.
931 1210 1102 1273 Τοῦτο
1131 1210 1264 1264 Θεοῦ
1298 1210 1596 1282 ίδιον.”υρα
1617 1209 1792 1263 τοίνυν
1825 1210 1874 1262 εἰ
1906 1209 1982 1280 μὴ
2010 1208 2105 1262 καὶ

436 1300 530 1353 ἐπὶ
553 1299 648 1352 τοῦ
673 1299 803 1353 Υίοῦ
846 1299 1018 1354 ταῦτα
1051 1297 1304 1367 λέγεσθαι
1338 1298 1577 1351 δύναται.
1627 1295 1918 1365 Οὐρανοῦ,
1949 1297 2100 1366 φησὶ,

435 1388 535 1440 καὶ
567 1386 676 1457 γῆς
716 1387 930 1454 Κύριος
948 1386 1257 1462 ὑπάρχων,
1285 1385 1428 1458 ἅπερ
1465 1386 1713 1458 ἐνόμιζον
1741 1382 1881 1440 εἶναι
1924 1384 2100 1447 θεούς.

433 1476 545 1529 Καὶ
606 1476 706 1546 τὴν
745 1475 1104 1546 δημιουργίαν
1156 1474 1391 1545 ἐδήλωσε
1447 1474 1544 1528 καὶ
1596 1476 1722 1538 τοὺς
1762 1472 2099 1545 ἀνθρώπους.

445 1565 685 1633 Ὀρίσας
705 1561 1262 1637 προστεταγμένους
1284 1563 1526 1630 καιροὺς
1546 1563 1767 1630 καὶτὰς
1790 1563 2105 1633 ὁροθεσίας

432 1651 544 1719 τῆς
577 1652 884 1716 κατοικίας
911 1650 1132 1715 αὐτῶν,
1193 1649 1386 1716 ζητεῖν
1433 1649 1540 1704 τὸν
1587 1650 1755 1714 Θεὸν,
1805 1654 1858 1705 εί
1893 1650 2007 1720 ἄρα
2040 1668 2104 1721 γε

431 1741 871 1809 ’ψηλαφήσειαν
899 1739 1086 1792 αὐτὸν
1125 1738 1225 1792 καί
1275 1739 1520 1805 εὕροιεν,
1569 1740 1760 1795 καίτοι
1813 1757 1879 1810 γε
1904 1741 1976 1793 οὺ
1995 1756 2108 1808 μα-

433 1830 585 1896 κρὰν
609 1829 728 1882 ἀπὸ
759 1829 896 1894 ἐνὸς
923 1827 1187 1885 ἑκάστου
1221 1825 1391 1897 ήμῶν
1414 1827 1786 1901 ὑπάρχοντα.
1827 1829 1930 1883 Ἐν
1948 1828 2108 1895 αὐτῷ

343 1985 348 1990 _
435 1917 544 1985 γὰρ
577 1914 782 1985 ζῶμεν,
818 1917 916 1976 καὶ
942 1917 1284 1986 κινούμεθα,
1316 1915 1416 1971 καί
1444 1915 1654 1985 ἐσμὲν,
1699 1917 1778 1982 ὡς
1827 1918 1929 1970 καί
1949 1933 2108 1982 τινες

433 2002 554 2057 τῶν
589 2005 730 2061 καθ’
750 2003 907 2074 ὑμᾶς
938 2003 1201 2068 ποιητῶν
1231 2003 1541 2073 είρήκασι’
1589 2004 1698 2058 Τοῦ
1735 2004 1846 2074 γὰρ
1876 2005 1974 2058 καί
2014 2006 2108 2074 γέ-

435 2091 544 2156 νος
572 2089 781 2159 ἐσμέν.
825 2077 996 2145 Τοῦτο
1029 2093 1264 2162 Ἄρατος
1314 2088 1463 2145 εἶπεν
1507 2093 1534 2145 ὀ
1563 2093 1812 2163 ποιητής.
1856 2093 1994 2164 Ὅρα
2015 2092 2108 2146 καὶ

436 2180 544 2232 ἀπὸ
572 2180 680 2234 τῶν
707 2181 810 2232 ὐπ’
841 2179 1019 2237 αὐτῶν
1053 2179 1372 2250 γινομένων,
1406 2180 1500 2233 καὶ
1532 2180 1640 2234 ἀπὸ
1667 2180 1774 2232 τῶν
1802 2180 2110 2253 εἰρημένων

436 2267 534 2329 τὰς
556 2267 858 2339 ἀποδείξεις
882 2268 1208 2338 παρέχοντα.
1239 2267 1428 2334 Γένος
1450 2264 1566 2323 οὖν
1596 2265 1973 2338 ὑπάρχοντες
2000 2269 2110 2323 τοῦ

440 2355 610 2420 Θεοῦ,
659 2359 772 2410 οὐκ
818 2357 1140 2426 ὀφείλομεν
1190 2355 1447 2425 νομίζειν
1509 2355 1714 2425 χρυσῷ
1745 2355 1782 2423 ἢ
1813 2356 2108 2426 ἀρτύρῳῆ

438 2449 606 2512 λίθῳ,
639 2443 968 2514 χαράγματι
1001 2444 1028 2493 ι’
1078 2442 1296 2511 τέχνης
1323 2443 1422 2498 καί.
1471 2444 1856 2512 ἐνθυμήσεως
1891 2445 2112 2513 ἀνθρώ-

441 2551 560 2589 που
609 2533 675 2587 τὸ
702 2533 875 2587 θεῖον
901 2527 1054 2585 εἶναι
1084 2530 1309 2600 ὅμοιον.
1342 2530 1452 2586 Καὶ
1474 2532 1580 2604 μὴν
1603 2532 1691 2585 διά
1715 2532 1890 2597 τοῦτο,
1923 2534 2108 2602 φησὶν,

441 2623 746 2694 ὀφείλομεν.
785 2620 1048 2692 Οὐδαμῶς
1073 2637 1086 2651 ο
1113 2620 1174 2673 οὐ
1222 2621 1331 2692 7&9
1365 2621 1429 2692 δὴ
1459 2623 1622 2692 ἡμεῖς
1658 2624 1857 2692 ὅμοιοι,
1902 2621 2024 2678 οὐδὲ
2055 2625 2110 2678 αί

439 2712 610 2781 ψυχαὶ
642 2712 696 2763 αί
731 2709 1018 2782 ἡμέτεραι.
1047 2708 1111 2760 Τί
1132 2709 1332 2779 δήποτε
1353 2711 1451 2763 οὐκ
1480 2709 1608 2781 ἔστη
1640 2709 1776 2781 πρὸς
1799 2709 2112 2779 φιλοσοφίαν

439 2800 619 2863 εὐθὺς,
651 2801 746 2854 καὶ
776 2794 927 2852 εἶπεν
948 2813 960 2826 ⁸
979 2796 1036 2851 'O
1065 2797 1196 2860 Θεὸς
1229 2796 1518 2868 ἀσώματος
1547 2795 1734 2866 φύσει,
1766 2797 1995 2870 ἀόρατος
2019 2801 2113 2852 καὶ

440 2887 884 2959 ἀσχημάτιστος
923 2887 1044 2940 Ὅτι
1081 2885 1334 2957 περιττὸν
1369 2886 1504 2951 τέως
1528 2887 1702 2940 ἐδόκει
1737 2887 1908 2941 ταῦτα
1931 2887 2112 2957 λέγειν

440 2978 578 3048 πρὸς
604 2974 923 3047 ἀνθρώπους
956 2976 1122 3046 μήπω
1175 2974 1470 3048 μαθόντας,
1499 2976 1580 3028 ὅτι
1621 2976 1737 3030 ἔστι
1771 2976 1930 3046 μόνος
1956 2977 2108 3040 Θεός.

439 3065 542 3118 Διά
597 3063 755 3130 τοῦτο
797 3065 979 3116 ἐκεῖνα
1029 3051 1203 3118 είπεῖν
1255 3062 1434 3132 ἀφεὶς,
1496 3063 1632 3134 πρὸς
1688 3065 1748 3118 τὸ
1783 3066 2113 3137 ζητούμενον

441 3155 679 3218 ἵσταται,
699 3151 792 3206 καί
821 3166 982 3222 φησι·
1012 3151 1157 3217 Τοὺς
1179 3151 1296 3221 μὲν
1316 3147 1430 3206 οὖν
1453 3152 1712 3221 χρόνους
1733 3151 1845 3222 τῆς
1865 3154 2114 3222 ἀγνοίας

439 3243 739 3314 ὑπεριδὼν
763 3245 794 3296 ό
831 3242 996 3308 Θεὸς,
1028 3241 1102 3295 τὰ
1126 3241 1245 3295 νῦν
1282 3241 1686 3312 παραγγέλλει
1725 3241 1853 3309 τοῖς
1891 3243 2114 3311 ἀνθρώ-

439 3348 578 3398 ποις
604 3329 756 3386 πᾶσι
778 3331 1088 3398 πανταχοῦ
1126 3331 1463 3399 μετανοεῖνς
1489 3321 1638 3384 διότι
1681 3331 1947 3398 ἔστησεν
1972 3331 2113 3400 ἠμέ-

433 3436 575 3493 ραν,
599 3420 669 3472 ἐν
689 3413 729 3490 ᾖ
750 3417 962 3486 μέλλει
985 3406 1211 3485 κρίνειν
1235 3417 1350 3484 τὴν
1383 3416 1744 3486 οἰκουμένην
1784 3418 1854 3471 ἐν
1887 3418 2114 3472 δικαιο-

439 3509 627 3574 σύνῃ,
659 3496 729 3559 ἐν
764 3504 935 3572 ἀνδρί
968 3496 1015 3569 ᾧ
1045 3503 1242 3572 ὥρισε,
1294 3504 1502 3565 πίστιν
1532 3504 1863 3574 παρασχὼν
1903 3503 2111 3569 πᾶσιν,

439 3591 798 3660 ἀναστήσας
823 3591 1009 3646 αὑτὸν
1031 3591 1100 3644 ἐκ
1125 3590 1371 3658 νεκρῶν.
1399 3592 1562 3663 Ὅρα,
1582 3579 1909 3656 κατασείσας
1937 3593 2114 3648 αὐτῶν

438 3681 540 3751 τὴν
571 3679 809 3744 διάνοιαν
839 3678 918 3750 τῷ
963 3681 1159 3744 είπεῖν,
1193 3680 1502 3747 Ἔστησεν
1527 3680 1786 3750 ἡμέραν,
1827 3681 1922 3734 καὶ
1948 3681 2115 3752 φοϐή-

442 3787 565 3842 σας,
585 3770 708 3823 τότε
731 3757 1001 3840 εὐκαίρως
1029 3769 1224 3835 ἐπάγει
1266 3757 1424 3822 τοῦτο
1455 3769 1515 3822 τὸ
1534 3808 1549 3832 ,
1593 3754 1976 3840 Ἀναστήσας
2008 3773 2114 3824 αὺ-

439 3859 550 3918 τὸν
568 3856 719 3932 [288]
732 3858 799 3911 ἑκ
824 3845 1075 3925 νεκρῶν.
1095 3856 1237 3911 Ἀλλ’
1260 3859 1461 3927 ἴδωμεν
1483 3857 1687 3921 ἀνωθεν
1722 3856 1792 3911 τά
1825 3859 2109 3929 εἰρημένα.

442 3949 549 4003 Ἐν
565 3947 633 4001 δὲ
644 3933 772 4013 ταῖς
787 3945 1051 4014 Ἀθήναις
1065 3945 1460 4023 ἐκδεχομένου
1472 3947 1694 4014 αὐτοὺς
1712 3947 1819 4007 τοῦ
1840 3949 2108 4012 Παύλου,

442 4036 854 4107 παρωξύνετο,
883 4025 1042 4107 φησὶ,
1075 4036 1142 4090 τὸ
1181 4036 1417 4106 πνεῦμα
1461 4036 1646 4090 αὐτοῦ
1685 4037 1754 4090 ἐν
1790 4035 1969 4101 αὐτῷ.
1999 4037 2114 4092 Οὐκ

441 4127 614 4198 ὀργὴν
639 4125 872 4180 ἐνταῦθα
908 4125 1029 4194 οὐδέ
1064 4126 1436 4197 ἀγανάκτησιν
1476 4129 1504 4179 ό
1552 4125 1920 4197 παροξυσμὸς,
1977 4127 2112 4182 ἀλλά

443 4201 719 4286 διέγερσιν
776 4215 872 4269 καὶ
924 4213 1086 4286 ζῆλον
1138 4215 1316 4284 δηλοῖ,
1382 4214 1632 4285 καθάπερ
1682 4214 1777 4268 καὶ
1841 4214 2109 4290 ἀλλαχοῦ⁸

456 4303 752 4382 Ἐγένετο,
787 4303 942 4382 φησὶ,
974 4302 1364 4382 παροξυσμὸς
1381 4301 1609 4372 μεταξὺ
1629 4301 1846 4367 αὐτῶν,

515 4481 582 4551 β’.
614 4479 756 4552 Ὅρα
789 4479 846 4543 δὲ
873 4479 990 4544 πῶς
1025 4480 1408 4549 οἰκονομεῖται,
1437 4479 1529 4532 καὶ
1559 4479 1758 4534 ἄκοντα
1791 4482 1969 4551 μεῖναι
1997 4480 2115 4546 ἐκεῖ

443 4568 802 4641 ἐκδεχόμενον
829 4567 1087 4634 ἐκείνους.
1132 4566 1197 4619 Τί
1220 4561 1314 4620 οῦν
1347 4567 1484 4631 ἐστι,
1509 4567 1930 4635 Παρωξύνετο;
1964 4566 2114 4622 Ἀντὶ

443 4657 563 4722 τοῦ,
588 4657 935 4728 Διηγείρετο’
981 4656 1151 4725 ὀργῆς
1174 4655 1282 4734 γὰρ
1328 4657 1424 4707 καὶ
1461 4655 1886 4726 ἀγανακτήσεως
1922 4656 2114 4731 πόρρω

445 4749 508 4802 τὸ
530 4746 791 4817 χάρισμα.
822 4745 937 4798 Οὐκ
960 4744 1179 4814 ἔφερεν,
1233 4743 1361 4796 ἀλλ’
1397 4744 1643 4813 ἐτήκετο.
1680 4745 1980 4815 Διαλέγετο
1997 4743 2115 4813 μὲν

447 4829 562 4889 οὖν
583 4834 656 4887 ἐν
682 4830 757 4900 τῇ
789 4829 1113 4907 συναγωγῇ
1145 4830 1269 4897 τοῖς
1315 4830 1641 4898 Ἰουδαίοις,
1672 4831 1829 4901 φησὶ,
1860 4831 1958 4885 καί
1988 4831 2112 4907 τοῖς

445 4919 811 4990 σεϐομένοις,
842 4919 984 4991 Ὅρα
1017 4904 1176 4971 πάλιν
1203 4917 1363 4983 αὐτὸν
1398 4918 1532 4989 πρὸς
1570 4917 1852 4981 Ἰουδαίους
1873 4904 2113 4988 διαλεγόὲ

452 5022 630 5075 μενον.
663 5001 997 5076 Σεδομὲνους
1037 5005 1094 5073 δέ
1126 5005 1254 5068 τοὺς
1289 5003 1664 5080 προσηλύτους
1689 5004 1859 5073 λέγει.
1888 5005 2114 5058 Διεσπά-

447 5109 620 5165 ρησαν
643 5093 752 5163 γὰρ
785 5095 835 5145 οἱ
875 5093 1116 5146 Ἰουδαῖοι
1139 5093 1412 5167 πανταχοῦ
1453 5091 1560 5146 ἀπὸ
1587 5092 1685 5161 τῆς
1709 5104 1731 5131 ο
1763 5092 1855 5146 τοῦ
1876 5093 2111 5164 Χριστοῦ

444 5179 772 5253 παρουσίας,
799 5179 916 5248 ἅμα
946 5180 1044 5249 μὲν
1069 5180 1126 5247 ἐξ
1145 5180 1353 5244 ἐκείνου
1374 5179 1468 5234 τοῦ
1493 5180 1658 5250 νόμου
1686 5179 1969 5249 λυομένου,
1995 5178 2112 5247 ἅμα

443 5269 503 5322 δέ
529 5267 872 5331 διδάσκοντες
909 5268 1190 5336 εὐσέϐειαν
1235 5270 1362 5332 τοὺς
1396 5267 1736 5338 ἀνθρώπους.
1781 5267 1920 5320 Ἀλλ’
1958 5268 2111 5326 οὐδὲν

443 5356 741 5428 ἐκέρδαναν
773 5357 1000 5425 ἐκεῖνοι,
1052 5357 1165 5423 ἀλλ’
1203 5360 1235 5428 ἢ
1275 5358 1432 5426 μόνον
1472 5355 1776 5427 μαρτυρίας
1809 5356 1964 5427 ἔσχον
2001 5357 2112 5410 τῶν

443 5445 659 5498 οἰκείων
692 5444 1005 5517 συμφορῶν..
1043 5445 1205 5514 Τινὲς
1231 5436 1328 5510 δὲ,
1361 5445 1515 5522 φησὶ,
1545 5443 1662 5498 τῶν
1697 5445 2112 5514 Ἐπικουρείων

443 5535 544 5587 καὶ
601 5531 721 5586 τῶν
777 5533 1049 5595 Στωϊκῶν
1123 5526 1477 5611 φιλοσόφων
1535 5534 1877 5587 συνέϐαλον
1930 5533 2108 5599 αὐτῷ.

448 5621 644 5673 Οὐκέτι
689 5622 958 5693 Ἀθηναῖοι
989 5624 1099 5690 τοῖς
1123 5619 1341 5685 οἰκείοις
1374 5622 1554 5692 νόμοις
1577 5623 1831 5693 ἐχρῶντο,
1874 5621 1966 5674 ἀτε
1990 5623 2111 5674 ὐπο-

448 5710 702 5768 πεσόντες
732 5708 830 5780 ἦδη
854 5711 962 5771 τοῖς
1001 5708 1315 5778 Ῥωμαίοις.
1346 5711 1454 5763 Καὶ
1481 5710 1642 5764 πόθεν
1663 5710 1930 5779 ἠθέλησαν
1964 5705 2111 5762 οῦτοι

447 5794 775 5868 συμϐαλεϊν;
830 5796 980 5864 Ἐπεὶ
1031 5796 1124 5863 καὶ
1179 5795 1368 5858 ἄλλους
1435 5797 1619 5866 ἐώρων
1677 5797 2105 5869 διαλεγομένους,

514 5999 533 6064 ξ
562 5999 831 6064 Ἱπάρχων.
859 6001 966 6048 Ἵνα
985 6002 1072 6064 γὰρ
1097 6003 1159 6062 μὴ
1183 6001 1460 6061 νομίσωσιν,
1484 6003 1554 6064 sic
1593 6003 1807 6062 quidam.
1875 6003 1902 6046 la
1928 6005 2082 6059 Morel

453 6062 487 6127 ἢ
524 6062 654 6113 λίθου
694 6063 976 6132 χαράγματι.
1047 6062 1068 6094 δ
1095 6065 1235 6115 Alius
1258 6062 1498 6127 πανταχοῦ
1537 6066 1625 6127 πρὸ
1666 6067 1763 6124 τῆς.

1225 391 1282 449 S.
1321 389 1606 447 JOANNIS
1643 386 2135 445 CHRYSOSTOMI
2175 386 2498 446 ARCIIIEP.
2540 391 3088 452 CONSTANTINOP.

3773 403 3886 464 270

2219 500 2311 552 καὶ
2344 501 2502 592 δόξαν
2530 501 2721 574 ἔχοντα
2747 505 2836 558 τὸν
2864 505 2962 559 ἀνθ
2974 525 3173 578 ρωπον.
3193 510 3306 564 Καὶ
3328 511 3445 582 ὅρα,
3492 515 3700 582 εὐθέως
3727 519 3881 592 ὑϐρι-

2216 591 2439 658 στικῶςο
2483 596 2752 663 Ψυχικὸς
2786 597 2899 669 γὰρ
2947 600 3257 669 ἅνθρωπος
3292 608 3365 658 οὺ
3405 605 3643 676 δέχεται
3667 613 3742 666 τὰ
3775 591 3884 668 τοῦ

2214 684 2582 752 Πνεύματος.
2604 687 2805 743 Ξέννων
2843 690 3182 760 δαιμονίων,
3209 699 3362 769 φησὶ,
3393 699 3561 755 δοκεῖ
3599 720 3884 776 acutam.

2213 773 2363 868 λεὺς
2383 771 2573 830 εἷναι·
2606 779 2881 850 δαιμόνια
2905 785 3032 847 τοὺς
3064 784 3218 850 θεοὺς
3247 789 3426 843 αὐτῶν
3457 793 3686 857 ἐκάλουν
3704 812 3719 826 ’
3743 771 3884 868 ἦσαν

2213 863 2324 942 γὰρ
2363 867 2419 920 αί
2473 867 2658 935 πόλεις
2717 872 2954 928 εἰδώλων
3001 876 3250 950 πλήρεις.
3317 863 3778 955 Ἐπιλαόόμενοί
3819 908 3884 944 τε

2212 959 2421 1048 αὐτοῦ,
2445 961 2543 1016 ἐπὶ
2570 963 2676 1017 τὸν
2692 965 2928 1036 Ἀρειον
2951 967 3147 1040 πάγον
3179 973 3430 1046 ἤγαγον,
3452 976 3759 1048 λέγοντες.
3782 985 3886 1038 Διὰ

2210 1047 2265 1144 τί
2279 1051 2365 1144 είς
2389 1053 2608 1125 Ἀρειον
2637 1059 2810 1126 πάγον
2837 1061 2998 1116 αὐτὸν
3026 1057 3238 1131 εἷλκον;
3271 1067 3357 1131 Ὠς
3377 1071 3884 1144 καταπλήξοντεςι,

2212 1141 2342 1199 ἔνθα
2385 1145 2486 1209 τὰς
2532 1149 2760 1215 φονικὰς
2805 1151 2960 1217 δίκας
3012 1155 3281 1221 ἐδίκαζον.
3325 1141 3632 1232 Δυνάμεθα

2211 1233 2303 1328 τίς
2329 1237 2368 1304 ἠ
2403 1239 2581 1308 καινὴ
2605 1241 2757 1311 αῦτη
2805 1246 2844 1313 ἠ
2881 1246 3004 1301 ὑπὸ
3047 1249 3164 1304 σοῦ
3223 1254 3572 1324 λαλουμένη
3621 1233 3886 1328 διδαχή;

2212 1325 2521 1390 ξενίζοντα
2547 1333 2658 1400 γάρ
2701 1351 2834 1388 τινα
2875 1338 3175 1408 εἰσφέρεις
3210 1345 3297 1408 εἱς
3322 1344 3430 1411 τὰς
3475 1347 3662 1415 ἀκοὰς

2225 1420 2520 1512 Ἀθηναῖοι
2548 1425 2617 1479 δὲ
2639 1427 2864 1496 πάντες
2885 1432 2983 1486 καὶ
3012 1435 3066 1486 οι
3107 1434 3543 1506 ἐπιδημοῦντες
3570 1441 3755 1508 ξένοι,
3797 1447 3887 1512 είς

2211 1511 2394 1566 οὐδὲν
2422 1514 2629 1584 ἕτερον
2675 1522 3014 1589 εὐκαίρουν,
3072 1525 3111 1593 ἢ
3165 1527 3369 1596 λέγειν
3413 1547 3468 1584 τι
3515 1532 3612 1585 καί
3636 1511 3888 1591 ἀκούειν

2214 1611 2580 1677 καινότερον.
2623 1614 2891 1671 Ἐνταῦθα
2919 1618 3097 1672 ἐκεῖνο
3129 1620 3576 1694 ἐπισημαίνεται,
3607 1628 3689 1682 ὅτι
3709 1631 3888 1686 καίτοι

2213 1699 2300 1794 ἀεὶ
2316 1701 2389 1794 ’ἐν
2415 1703 2589 1775 τούτῳ
2609 1708 3022 1779 ἀσχολούμενοι,
3048 1711 3126 1782 τῷ
3148 1713 3330 1770 λαλεῖν
3351 1719 3444 1771 καὶ
3472 1719 3714 1786 ἀκούειν,
3735 1723 3888 1794 ὅμως

2217 1787 2492 1856 ξενίζοντα
2521 1797 2769 1869 ἐνόμιζον
2793 1795 2932 1856 εἶναι
2949 1806 3157 1868 ἐκεῖνα,
3180 1808 3324 1879 ἅπερ
3348 1810 3599 1866 οὐδέποτε
3622 1787 3887 1885 ἡκουσανξ

2213 1888 2459 1954 Σταθεὶς
2506 1889 2575 1943 δέ
2623 1896 2657 1946 ό
2691 1895 2935 1962 Παῦλος
2964 1899 3035 1953 ἐν
3075 1901 3244 1970 μέσῳ
3281 1903 3390 1959 τοῦ
3424 1904 3648 1974 Ἀρείου
3692 1909 3884 1978 πάτου

2214 1978 2331 2046 ἔφη
2353 1995 2366 2008 ·
2404 1981 2656 2051 ’Ἄνδρες
2694 1985 3007 2056 Ἀθηναῖοι,
3039 1996 3188 2047 κατὰ
3207 1994 3403 2052 πάντα
3430 1997 3510 2064 ὡς
3523 1997 3885 2070 δεισιδαιμο-

2216 2070 2538 2140 νεστέρους
2568 2075 2724 2145 ὑμᾶς
2750 2079 2965 2148 θεωρῶ.
3018 2085 3408 2154 Διερχόμενος
3443 2088 3554 2158 γὰρ
3603 2092 3704 2145 καί
3737 2095 3882 2147 ἀνα-

2217 2163 2450 2256 θεωρῶν
2481 2166 2554 2221 τὰ
2579 2170 2928 2241 σεϐάσματα
2967 2173 3156 2245 ὐμῶν.
3185 2179 3297 2231 Οὐκ
3320 2175 3440 2234 εἷπε
3468 2183 3596 2245 τοὺς
3626 2183 3885 2256 δαίμονας

2216 2254 2421 2321 ἁπλῶς,
2460 2258 2597 2316 ἀλλά
2647 2265 2987 2337 προοδοποιεῖ
3035 2270 3114 2340 τῷ
3166 2271 3328 2344 λόγῳ.
3377 2275 3478 2330 Διὰ
3533 2278 3692 2332 τοῦτο
3723 2254 3884 2334 *εἶπεε

2217 2350 2877 2443 δεισιδαιμονεστέρους
2941 2362 3099 2431 ὑμᾶς
3145 2367 3357 2436 θεωρῶ,
3411 2369 3628 2425 διὰττὸν
3680 2372 3887 2443 βωμόν,

2229 2441 2293 2494 '0
2321 2444 2486 2512 Θεὸς,
2519 2449 2715 2520 φησὶν,
2755 2455 2788 2505 ό
2823 2455 3086 2523 ποιήσας
3123 2459 3232 2512 τὸν
3273 2463 3536 2532 κόσμον,
3565 2465 3660 2518 καὶ
3682 2441 3891 2520 πάντα

2218 2535 2292 2588 τὰ
2458 2539 2637 2605 αὐτῷ.
2683 2542 3014 2614 Ἐφθέγξατο
3069 2551 3252 2621 φωνὴν
3309 2553 3460 2623 μίαν,
3491 2554 3558 2608 δι’
3607 2551 3675 2628 ἦς
3710 2559 3895 2623 πάντα,

2220 2625 2554 2722 κατέστρεψε
2581 2631 2651 2684 τὰ
2672 2634 2779 2687 τῶν
2799 2637 3121 2709 φιλοσόφων.
3161 2644 3224 2696 UE
3260 2645 3358 2716 μὲν
3381 2647 3490 2717 7&9
3527 2625 3891 2722 Ἐπικούρειοι

2219 2718 2503 2790 αὐτόματά
2531 2741 2694 2792 φασιν
2723 2724 2862 2783 εῖναι
2903 2731 2974 2785 τὰ
3011 2735 3204 2802 πάντα,
3241 2741 3333 2793 καὶ
3358 2741 3467 2794 ἀπὸ
3505 2743 3722 2813 ἀτόμων
3752 2718 3889 2802 συν-

2220 2816 2470 2908 εστάναιο
2511 2820 2657 2908 οί-δὲ
2705 2823 2954 2891 Στωϊκοὶ,
3015 2830 3173 2901 σῶμα
3218 2833 3314 2886 καὶ
3369 2835 3720 2908 ἐκπύρωσιν
3773 2843 3891 2896 ὁδὲ

2220 2898 2379 2995 ἐργον
2408 2901 2543 2956 Θεοῦ
2574 2904 2721 2974 λέγει
2751 2908 2843 2962 τὸν
2884 2898 3110 2983 κόσμον,
3156 2916 3250 2968 καὶ
3291 2918 3470 2972 πάντα
3504 2898 3573 2973 τὰ
3605 2923 3665 2973 ἐν
3713 2924 3887 2995 αὐτῷ.

2231 2993 2395 3065 Ὁρᾷς
2419 2999 2730 3067 συντομίαν,
2753 3003 2847 3056 καὶ
2875 3005 2933 3058 ἐν
2965 3008 3226 3080 συντομία
3243 3012 3573 3082 σαφήνειαν;
3606 3015 3760 3089 [289]
3780 2993 3892 3074 κει

2223 3092 2415 3186 σκόπει
2435 3095 2556 3150 τίνα
2575 3093 2644 3170 ἦν
2673 3098 2947 3165 ξενίζοντα
2974 3105 3170 3169 αὐτούς
3191 3107 3316 3160 ἐδτι
3345 3111 3374 3163 ὁ
3401 3110 3532 3176 Θεὸς
3556 3084 3647 3166 τὸδν
3677 3084 3889 3186 κόσμον

2222 3184 2494 3256 ἐποίησεν.
2533 3190 2600 3242 "A
2628 3193 2856 3246 καὶτῶν
2889 3197 3160 3266 τυχόντων
3204 3199 3350 3254 ἴσασί
3377 3218 3520 3267 τινες
3561 3205 3676 3269 νῦν,
3715 3184 3893 3264 ταῦτα

2221 3279 2322 3333 οὐκ
2351 3280 2547 3351 ᾔδεσαν
2584 3283 2879 3355 Ἀθηναῖοι,
2916 3289 3010 3342 καὶ
3047 3290 3346 3362 Ἀθηναίων
3379 3297 3428 3349 οί
3479 3298 3648 3367 σοφοί.
3691 3299 3752 3354 Εἰ
3778 3302 3896 3372 γὰρ

2221 3373 2464 3463 ἐποίησε,
2499 3375 2663 3446 δῆλον
2696 3379 2778 3433 ὅτι
2820 3382 2915 3436 καὶ
2958 3383 3178 3455 Κύριος.
3209 3387 3350 3459 Ὅρα
3377 3389 3430 3441 τί
3461 3407 3595 3462 φησι
3637 3390 3894 3463 θεότητος

2221 3459 2360 3530 εῖναι
2416 3469 2738 3541 γνώρισμα,
2783 3473 2844 3526 τὸ
2908 3475 3297 3549 δημιουργικόν
3330 3497 3347 3513 ο
3412 3459 3548 3556 ὅπερ
3613 3484 3729 3555 ἔχει
3782 3459 3892 3550 ’καὶ

2221 3558 2250 3610 ὁ
2305 3557 2453 3622 Υἱός.
2514 3561 2625 3614 Καὶ
2675 3562 2785 3636 7&9
2834 3567 2883 3618 οί
2931 3569 3206 3642 προφῆται
3259 3575 3532 3644 πανταχοῦ
3575 3575 3735 3631 τοῦτο
3801 3579 3892 3633 λέ-

2220 3664 2409 3717 γουσι,
2440 3651 2574 3706 Θεοῦ
2627 3651 2764 3717 εἶναι
2821 3657 2881 3710 τὸ
2921 3658 3306 3734 δημιουργεῖνο
3356 3665 3455 3736 οὐχ
3505 3666 3694 3740 ὥσπερ
3745 3671 3896 3723 ἐκεῖ-

2221 3758 2321 3835 νοι,
2355 3741 2513 3804 ἄλλον
2553 3745 2650 3815 μὲν
2691 3744 2829 3802 εἶναι
2883 3749 2975 3803 τὸν
3007 3755 3256 3824 ποιητὴν,
3295 3757 3355 3809 οὐ
3385 3758 3574 3830 κύριον
3601 3761 3678 3826 δέ,
3707 3764 3808 3835 τὴν
3835 3766 3895 3817 δέ

2219 3833 2482 3925 ἀγένητον
2516 3837 2648 3909 ὕλην
2675 3840 3038 3907 ὐποτιθέντες.
3056 3845 3319 3901 Ἐνταῦθα
3344 3848 3530 3905 λοιπὸν
3549 3833 3896 3925 αἰνιγματω-

2220 3925 2324 4020 δῶς
2347 3923 2468 3992 εἷπε
2501 3929 2560 3982 τὸ
2589 3931 2754 3985 αὐτοῦ
2777 3935 2872 3988 καὶ
2909 3934 3125 4007 ἔστησε,
3154 3939 3248 3991 καὶ
3277 3941 3532 4013 καθαιρεῖ
3555 3945 3614 3999 τὸ
3635 3923 3892 4020 ἐκείνων,

2225 4018 2347 4114 ρύκ
2378 4019 2449 4073 ἐν
2481 4024 2932 4093 χειροποιήτοις,
2969 4028 3124 4098 φησὶ,
3159 4032 3435 4086 κατοικεῖ.
3465 4038 3616 4090 υίκεῖ
3647 4037 3743 4108 μὲν
3771 4018 3896 4114 7&9.

2221 4112 2283 4209 ἐν
2303 4114 2470 4209 ναοῖς,
2498 4115 2614 4168 ἀλλ’
2634 4117 2734 4171 οὐκ
2765 4119 2822 4172 ὲν
2846 4120 3128 4189 τοιούτοις,
3160 4123 3273 4178 ἀλλ’
3291 4127 3348 4179 ἐν
3371 4127 3682 4204 ἀνθρωπίνῃ
3712 4112 3887 4209 ψυχῇ.

2223 4203 2387 4277 Ὅρα,
2411 4207 2508 4278 τὴν
2530 4211 2845 4284 σωματικὴν
2870 4213 3045 4268 ἀνεῖλε
3081 4215 3356 4288 λατρείαν.
3393 4221 3458 4275 Τί
3488 4219 3612 4290 οὗν;
3656 4203 3724 4280 οὐ
3755 4203 3894 4283 κᾶξ-

2219 4296 2350 4368 ᾤκει
2377 4299 2436 4352 ἐν
2460 4300 2537 4370 τῷ
2561 4301 2671 4373 ναῷ
2708 4303 2785 4375 τῷ
2818 4308 2875 4360 ἐν
2907 4307 3335 4381 ’ῐεροσολύμοις;
3376 4314 3451 4367 Οὐ
3479 4314 3629 4386 δῆτα,
3659 4318 3775 4373 ἀλλ’
3799 4323 3894 4374 ἐν⁶

2219 4389 2399 4462 ήργει.
2428 4395 2553 4458 Πῶς
2571 4391 2666 4450 οὖν
2693 4398 3057 4471 ἐθεραπεύετο
3079 4403 3183 4456 ὑπὸ
3202 4405 3399 4476 χειρῶν
3414 4407 3715 4480 ἀνθρώπων
3738 4417 3898 4486 παρὰ

2220 4487 2525 4559 ’1ουδαίοις;
2577 4495 2688 4566 Οὐχ
2733 4496 2839 4550 ὑπὸ
2875 4499 3093 4569 χειρῶν,
3140 4500 3256 4554 ἀλλ’
3306 4503 3410 4556 ὐπὸ
3463 4505 3720 4574 διανοίας,
3765 4512 3894 4566 ἐπεὶ

2219 4580 2402 4636 ἐκεῖνά
2429 4601 2491 4652 γε
2511 4585 2611 4639 οὐκ
2631 4586 2813 4659 ἐζήτει
2839 4589 3028 4654 οὕτως,
3050 4590 3125 4655 ὡς
3150 4593 3558 4665 προσδεόμενος.
3587 4599 3682 4668 Μὴ
3707 4603 3896 4673 φάγοι

2217 4693 2340 4747 μαι,
2371 4677 2498 4748 γὰρ,
2529 4681 2683 4747 φησὶ,
2713 4681 2854 4749 κρέα
2880 4684 3128 4751 ταύρων,
3158 4687 3196 4752 ἢ
3220 4679 3362 4755 αἷμα
3390 4688 3618 4758 τράγων
3645 4693 3894 4763 πίομαι;

2220 4767 2352 4826 Εἶτα
2379 4773 2565 4838 εἰπὼν,
2597 4774 2748 4832 Οὐδὲ
2766 4775 2884 4828 ὑπὸ
2905 4776 3118 4844 χειρῶν
3135 4779 3458 4849 ἀνθρώπων
3483 4787 3892 4855 θεραπεύεται,

2218 4870 2660 4941 προσδεόμενός
2697 4890 2889 4941 τινος·
2929 4875 3051 4928 ἐπεὶ
3079 4875 3199 4928 οὐδέ
3232 4877 3387 4931 τοῦτο
3418 4881 3598 4951 ἢρκει,
3630 4883 3690 4936 τὸ
3747 4885 3896 4955 μηδ-

2217 4962 2336 5025 ενὸς
2353 4962 2580 5029 δεῖσθαι,
2613 4966 2748 5036 ὅπερ
2780 4965 3111 5037 ἀπεφήνατσ
3142 4966 3282 5022 θεῖον
3317 4969 3414 5040 μὲν
3453 4970 3561 5043 γὰρ
3583 4973 3891 5044 καὶτοῦτο,

2218 5055 2354 5119 ἀλλά
2371 5055 2450 5110 δεῖ
2480 5057 2573 5110 καὶ
2591 5057 2776 5128 ἕτερον
2812 5061 3117 5126 προσεῖναι·
3152 5060 3345 5128 ἐπάγει
3368 5062 3445 5126 τὸ,
3471 5064 3660 5130 Αὐτὸς
3683 5064 3896 5134 διδοὺς

2217 5149 2370 5203 πᾶσι
2397 5146 2551 5216 ζωὴν
2587 5150 2683 5203 καὶ
2715 5149 2934 5220 πνοὴν,
2966 5153 3064 5212 καί
3113 5153 3184 5208 τὰ
3212 5153 3429 5211 πάντα.
3471 5158 3575 5209 Δύο
3610 5160 3898 5230 τεκμήρια

2220 5244 2470 5316 θεότητος
2521 5245 2776 5309 δείκνυσι,
2837 5248 2897 5301 τὸ
2941 5249 3102 5302 αὐτόν
3162 5267 3221 5303 τε
3259 5252 3487 5322 μηδενὸς
3533 5253 3756 5319 δεῖσθαι,
3794 5257 3896 5312 καὶ

2221 5342 2354 5394 πᾶσι
2385 5341 2562 5395 πάντα
2585 5343 2862 5413 παρέχειν.
2897 5343 3118 5413 Πάραγε
3167 5345 3400 5400 ἐνταῦθα
3425 5347 3526 5402 ὅσα
3561 5348 3689 5418 περὶ
3745 5347 3900 5411 Θεοῦ

2220 5431 2442 5484 Πλάτων
2486 5432 2890 5503 ἐφιλοσόφησεν,
2935 5434 3035 5488 ὅσα
3074 5435 3410 5508 Ἐπίκουρος,
3459 5439 3554 5492 καὶ
3595 5439 3662 5492 τὰ
3707 5440 3898 5508 πάντα

2217 5521 2384 5594 λῆρος
2435 5523 2568 5593 πρὸς
2607 5523 2799 5577 ταῦτα.
2849 5525 3076 5592 Διδοῦς,
3123 5527 3276 5595 φησὶ,
3331 5527 3482 5596 ζωὴν
3520 5531 3617 5583 καὶ
3659 5534 3896 5601 πνοήν,

2219 5615 2348 5668 Ἰδοὺ
2393 5616 2485 5666 καὶ
2516 5615 2614 5685 τῆς
2641 5614 2818 5685 ψυχῆς
2855 5617 3181 5690 δημιουργὸν
3219 5621 3378 5674 αὐτὸν
3408 5626 3568 5686 ποιεῖ,
3602 5624 3663 5676 οὐ
3693 5628 3897 5700 γεννή-

2219 5728 2370 5780 τορα.
2402 5709 2543 5779 Ὅρα
2570 5710 2730 5764 πάλιν
2756 5711 2870 5773 πῶς
2902 5711 3150 5782 καθαιρεί
3173 5715 3263 5767 τὸν
3287 5715 3530 5787 περὶτῆς
3555 5714 3687 5786 ὕλης
3701 5716 3896 5787 λόγον,

2221 5804 2504 5872 Ἐποίησέ
2530 5820 2614 5866 τε,
2650 5803 2840 5870 εἰπὼν,
2867 5805 2935 5871 ἐξ
2967 5806 3103 5873 ἐνὸς
3138 5808 3383 5877 αἵματος
3422 5807 3542 5865 πᾶν
3565 5808 3742 5876 ἔθνος
3783 5811 3899 5868 ἁν-

2281 6071 2304 6098 ⁸
2331 6066 2429 6119 Διὶἱ
2455 6065 2873 6124 καταπλήττοντις.
