3978 6510
203 371 291 422 269

201 484 372 555 pridem
400 483 556 552 ipsum
588 484 965 552 aeceptavisse.
994 483 1136 538 Nihil
1166 493 1500 552 extraneum,
1535 487 1722 556 inquit,

197 578 401 645 nihilque
431 590 613 628 novum
661 575 842 628 affero.
885 575 996 630 Hoc
1033 576 1105 628 illi
1149 586 1404 646 perpetuo
1431 578 1716 633 dicebant:

195 673 301 736 Qua
332 679 396 722 est
423 671 516 722 ista
550 683 679 720 nova
708 668 797 721 abs
837 677 882 722 te
907 668 1107 737 prolata
1133 669 1405 723 doctrina?
1433 686 1564 724 nova
1593 671 1724 724 enim

191 763 389 833 quadarn
426 762 602 831 ingeris
642 762 847 816 auribus
884 763 1089 816 nostris.
1135 762 1325 817 Statim
1373 779 1500 833 ergo
1539 781 1723 819 eorum

189 854 506 922 suSpicioncnt
537 855 704 919 tollit,
737 861 790 907 et
817 854 986 908 dicit:
1023 854 1112 910 24.
1143 854 1282 909 Deus
1311 857 1398 926 qui
1426 858 1544 926 fecit
1571 874 1722 911 mun-

189 948 285 997 dum
308 954 349 998 et
376 945 537 1014 omnia
574 960 687 1012 quae
711 946 764 998 in
789 946 880 998 illo
906 955 1057 1010 sunt,
1091 945 1172 1000 Iric
1199 947 1309 1000 caeli
1349 959 1395 1001 et
1438 958 1583 1002 terra:
1609 967 1721 1002 cum

184 1037 234 1088 sit
259 1033 505 1087 Dominus.
539 1033 738 1088 Deinde
760 1075 772 1097 ,
802 1051 870 1089 ne
893 1045 1076 1102 putent
1104 1053 1262 1090 unutn
1284 1053 1354 1091 ex
1381 1039 1558 1094 multis
1575 1055 1715 1105 esse,

185 1127 265 1180 lioe
287 1123 493 1193 corrigit
516 1123 592 1178 sic
614 1125 835 1194 loquens
861 1143 875 1179 :
906 1125 996 1180 25.
1029 1125 1150 1180 Non
1179 1128 1231 1181 in
1257 1132 1562 1198 manufactis
1589 1141 1715 1184 tent-

180 1217 260 1279 plis
297 1214 512 1276 habitat,
560 1231 650 1269 nec
697 1216 927 1270 manibus
968 1218 1153 1271 colitur
1180 1218 1417 1273 humanis
1441 1261 1455 1285 ,
1489 1221 1716 1292 indigem

180 1305 333 1373 «tutuo.
363 1303 544 1358 Viden’
568 1306 836 1374 quomodo
863 1309 1114 1376 paulatim
1145 1309 1536 1380 philosophiam
1563 1313 1717 1366 indu-

179 1397 252 1458 cit,
281 1394 533 1464 quomodo
563 1396 746 1450 irridet
773 1399 1052 1466 gentilium
1083 1401 1364 1454 errorem?
1394 1399 1535 1454 Dans
1562 1403 1714 1456 vitam

175 1500 212 1542 et
231 1488 438 1556 spiritum
462 1497 507 1542 et
536 1489 706 1540 omnia
725 1505 741 1542 :
759 1489 848 1544 26.
872 1489 1087 1559 fecitque
1107 1507 1170 1546 ea:
1187 1508 1289 1546 uno
1308 1496 1551 1564 sanguine
1569 1510 1714 1548 omne

173 1595 300 1649 genus
321 1578 572 1631 hominum
600 1579 826 1634 habitare
851 1597 1002 1650 super
1029 1584 1309 1638 uniuersam
1334 1587 1519 1655 {aciem
1540 1596 1708 1640 terrai.

174 1671 261 1724 lloc
283 1669 366 1724 Dei
393 1671 664 1739 proprium
694 1681 793 1726 est.
815 1673 950 1728 Vide
975 1690 1103 1745 ergo
1131 1691 1306 1731 annon
1340 1677 1453 1731 hanc
1479 1678 1546 1732 de
1575 1678 1708 1732 Filio

173 1763 298 1816 etiam
323 1760 420 1814 dici
448 1763 678 1831 possint.
727 1762 852 1818 Coeli
873 1806 888 1831 ,
921 1765 1121 1835 inquit,
1165 1777 1212 1822 et
1241 1778 1387 1823 terra:
1413 1768 1664 1824 Dominus
1683 1786 1708 1825 :-

170 1870 261 1922 qua:
283 1853 348 1906 illi
377 1854 632 1921 putabant
662 1855 790 1909 deos
814 1871 954 1910 esse.
1001 1858 1066 1912 Et
1102 1859 1430 1916 creationem
1470 1859 1706 1918 declarat

113 1939 118 1946 ’
169 1955 210 1999 et
230 1945 466 1999 homines.
508 1944 772 2016 Deﬁuicns
807 1958 994 2002 statuta
1020 1960 1245 2022 tempora
1271 1963 1321 2006 et
1350 1955 1586 2008 terminos
1612 1956 1704 2008 Ita-

108 2019 112 2023 ’
169 2037 378 2090 bitationis
395 2053 573 2090 eorum
587 2079 602 2103 ,
623 2037 714 2092 27.
733 2056 955 2108 quaerere
971 2019 1154 2108 Deum,
1177 2045 1220 2096 si
1245 2045 1375 2112 forte
1400 2057 1701 2103 contrectent

167 2145 252 2180 eum
270 2139 347 2181 aut
370 2131 622 2184 inveniant
639 2172 655 2196 ,
681 2133 906 2201 quamvis
931 2151 1032 2188 non
1062 2137 1209 2207 longe
1231 2139 1294 2191 sit
1321 2138 1383 2191 ab
1408 2156 1701 2210 unoquoque

165 2233 364 2274 nostrum.
381 2221 468 2276 28.
488 2221 559 2276 In
582 2223 692 2293 ipso
718 2226 849 2278 enim
875 2227 1084 2281 uiuimus
1101 2239 1148 2282 et
1169 2246 1424 2284 movemur
1441 2242 1486 2286 et
1499 2250 1694 2288 sumus.

164 2313 278 2365 Sicut
313 2313 507 2380 quidam
559 2325 823 2386 poetarum
865 2328 1142 2374 vestrorum
1183 2322 1420 2376 dixerunt
1459 2341 1478 2378 :
1522 2324 1694 2394 Ipsius

162 2407 264 2458 enim
286 2415 324 2458 et
348 2423 498 2477 genus
523 2423 726 2462 sumus.
759 2408 871 2464 Hoc
896 2412 1090 2466 Aratus
1119 2425 1271 2482 poeta
1300 2415 1453 2469 dixit.
1485 2416 1615 2472 Vide
1639 2426 1694 2472 ut

163 2499 600 2554 demonstrationes
637 2500 824 2556 all‘erat
856 2512 911 2558 et
948 2504 1015 2559 ab
1050 2506 1146 2570 iis,
1185 2523 1304 2577 qum
1334 2509 1432 2578 ipsi
1459 2511 1693 2572 iecerant

160 2591 468 2661 dixeruntque.
497 2592 598 2649 29.
629 2593 797 2648 Genus
825 2613 942 2667 ergo
966 2614 1079 2651 cum
1099 2601 1256 2654 simus
1278 2601 1391 2666 Dei,
1419 2621 1518 2657 non
1547 2607 1692 2659 debe-

164 2700 246 2735 mus
264 2687 489 2739 testimare
516 2704 650 2742 auro
677 2698 725 2742 et
743 2700 950 2758 argento
969 2703 1056 2746 aut
1075 2695 1257 2762 lapidi,
1280 2698 1552 2766 sculptura:
1566 2701 1689 2756 artis

163 2784 196 2826 tl
213 2775 484 2844 cogitationis
510 2778 762 2843 hominis,
789 2779 953 2836 Deum
973 2800 1079 2838 esse
1101 2787 1334 2841 similent.
1361 2791 1516 2860 Atqui
1545 2793 1683 2861 ideo,

165 2865 350 2933 inquies,
388 2869 675 2926 debemus.
706 2872 957 2929 Minime:
996 2892 1171 2947 neque
1199 2881 1340 2934 enim
1381 2897 1479 2937 uos
1514 2899 1691 2954 neque

166 2959 303 3012 anim
330 2970 518 3016 nostra:
549 2963 779 3019 similes.
811 2965 918 3021 Cur
947 2983 1077 3039 ergo
1108 2986 1210 3025 non
1243 2975 1419 3027 statim
1450 2975 1684 3045 philoso-

173 3052 280 3116 place
298 3054 530 3122 loquutus
563 3067 678 3123 est,
709 3074 808 3114 nec
833 3059 1004 3115 dixit:
1043 3063 1182 3118 Deus
1212 3065 1560 3136 incorporeus
1585 3085 1680 3124 na-

176 3151 281 3203 tun.
314 3145 589 3202 invisibilis
615 3158 697 3203 est
725 3158 781 3205 et
807 3151 923 3206 sine
950 3154 1154 3223 ﬁgura?
1197 3156 1326 3224 Quia
1355 3160 1676 3228 superﬂuum

178 3233 374 3290 videbatur
413 3238 516 3293 hoc
551 3240 738 3296 dicere
769 3243 1107 3311 hominibus,
1139 3249 1229 3318 qui
1264 3251 1496 3305 nondum
1537 3252 1676 3308 didi-

171 3337 309 3392 cerant,
331 3345 483 3384 unum
501 3346 632 3386 esse
659 3332 847 3388 Deum.
877 3335 999 3391 Ideo
1021 3339 1202 3393 missis
1224 3340 1346 3405 illis,
1377 3342 1440 3396 in
1451 3357 1520 3397 eo
1535 3345 1687 3413 quod

159 3415 234 3482 jam
255 3424 481 3488 quatritur
512 3423 758 3490 insistit,
789 3435 844 3481 et
869 3429 943 3482 ait
968 3447 982 3481 :
1013 3429 1103 3484 30.
1130 3430 1195 3484 Et
1225 3442 1450 3502 tempora
1478 3437 1687 3506 quidem»

158 3509 268 3571 liuius
289 3515 584 3583 ignorantia:
617 3517 896 3587 despiciens
920 3519 1088 3586 Deus,
1135 3539 1267 3577 nunc
1292 3529 1556 3581 annuntiat
1581 3529 1672 3584 ho.

154 3604 346 3670 minibus,
380 3618 431 3660 ut
481 3626 664 3665 omnes
689 3612 868 3681 ubique
894 3615 1236 3682 penitentiam
1291 3630 1463 3688 agant,
1505 3623 1592 3676 51.
1615 3639 1674 3677 eo

150 3695 251 3758 quod
262 3699 415 3750 statuit
434 3701 599 3768 cliens,
625 3702 679 3756 in
703 3719 800 3772 quo
821 3704 1141 3774 iudicaturus
1164 3718 1236 3762 est
1259 3713 1426 3764 orbem
1448 3713 1500 3766 in
1514 3715 1674 3784 justi-

147 3787 212 3850 tia,
227 3788 268 3840 in
280 3791 372 3844 tiro
386 3792 435 3846 in
457 3809 562 3863 quo
589 3796 780 3855 statuit.
799 3796 952 3864 fidem
969 3800 1195 3868 praebens
1221 3804 1448 3857 omnibus
1465 3845 1481 3871 ,
1509 3809 1673 3861 susci-

146 3884 229 3929 tans
246 3893 345 3933 eum
375 3897 405 3934 α
429 3884 668 3938 mortuis.
695 3883 870 3941 Vide:
901 3897 1180 3958 postquam
1209 3907 1396 3948 eorum
1437 3908 1668 3954 mentem

143 3980 614 4042 concusserat,.cum
640 3975 860 4044 diceret,
893 3977 1088 4033 Statuit
1111 3982 1264 4048 diem,
1293 3983 1528 4056 illosque
1556 3998 1666 4044 ter-

143 4070 312 4126 ruerat;
337 4073 454 4119 tunc
480 4075 793 4136 opportune
821 4068 924 4124 hoc
952 4070 1173 4140 inducit,
1203 4073 1465 4132 Suscitans
1485 4094 1596 4132 eum
1634 4097 1668 4135 a

141 4153 326 4206 mortuis.
350 4153 451 4210 Sed
479 4158 765 4226 superiora
796 4169 1122 4229 repetamus.
1154 4163 1279 4218 Cum
1306 4166 1514 4224 Athenis
1549 4170 1667 4226 illos

141 4254 394 4310 exspectaret
418 4246 650 4312 Paulus,
676 4251 1002 4324 incitabatur,
1027 4255 1215 4326 inquit,
1236 4260 1448 4324 spiritus.
1469 4263 1576 4332 ejus
1612 4266 1671 4318 in

137 4348 194 4382 eo.
212 4332 306 4388 Non
331 4337 457 4392 iram
485 4340 572 4394 vel
600 4340 1016 4411 indignationem
1039 4347 1126 4402 hic
1149 4348 1411 4419 signiﬁcat
1430 4351 1666 4411 incitatio

138 4420 218 4487 illa,
243 4427 322 4483 sed
351 4430 684 4500 vigilantiam
712 4443 769 4488 et
796 4437 992 4504 zelum,
1023 4449 1081 4492 ut
1104 4449 1159 4495 et
1187 4442 1354 4498 alibi:
1384 4443 1546 4501 Facta
1567 4461 1661 4518 est,

136 4510 290 4582 inquit,
316 4520 554 4576 dissentio
586 4525 715 4578 inter
739 4527 858 4580 illos
885 4529 1025 4596 (Act.
1053 4532 1142 4586 15.
1166 4533 1280 4604 59).

185 4603 226 4656 2.
263 4607 383 4665 Vide
421 4623 603 4668 autem
633 4619 906 4686 quomodo
944 4623 1320 4692 provideatnr,
1364 4637 1419 4682 ut
1465 4630 1667 4689 invitus

137 4692 219 4752 illic
239 4714 436 4758 maneat
463 4717 786 4776 exspectans
816 4710 954 4767 illos.
1003 4714 1136 4779 Quid
1175 4732 1302 4786 ergo
1330 4728 1430 4783 est,
1464 4721 1659 4776 Incita-

131 4788 275 4844 batur?
294 4794 343 4847 Id
358 4805 458 4864 est,
475 4800 809 4855 excitabatur
825 4820 838 4857 :
856 4803 924 4858 ab
940 4804 1016 4858 ira
1033 4807 1460 4878 etindigualione
1476 4815 1656 4882 procul

129 4891 216 4936 erat
237 4882 327 4941 hoc
352 4888 574 4946 donum.
606 4892 722 4948 Non
753 4895 972 4964 ferebat,
997 4899 1090 4953 sed
1121 4902 1438 4958 tabescebat.
1471 4906 1658 4978 Dispu-

127 4974 231 5027 tabot
252 4995 358 5049 ergo
386 4983 438 5036 in
463 5001 727 5056 synagoga
751 5005 865 5042 cum
888 4989 1087 5046 ludatis
1105 5034 1120 5058 ,
1149 4994 1351 5064 inquit,
1381 5007 1426 5051 et
1448 4974 1656 5053 colenti-

126 5065 207 5120 bis.
225 5068 340 5128 Vide
360 5090 546 5131 rursus
575 5088 757 5133 contra
776 5080 992 5136 Judaeos
1007 5083 1385 5152 disputantem.
1406 5088 1655 5147 Calentes

125 5170 263 5214 autem
282 5177 427 5220 vocat
450 5171 776 5241 proselytos.
808 5172 1039 5243 Dispersi
1067 5191 1296 5246 namque
1316 5192 1465 5233 erant
1484 5181 1667 5237 Judaei-

127 5250 278 5322 uliique
304 5258 370 5313 ab
408 5261 644 5315 adventu
675 5263 913 5321 Christi:
945 5282 1064 5321 nam
1109 5269 1264 5324 simul
1311 5271 1434 5327 inde
1471 5283 1524 5327 et
1568 5274 1652 5328 lex

124 5343 399 5415 solvebatur,
432 5360 488 5406 et
517 5352 764 5410 homines
796 5357 1046 5425 pietatem
1079 5359 1358 5415 docebant.
1391 5362 1493 5417 Sed
1522 5363 1652 5418 nihil

125 5428 177 5484 illi
217 5434 550 5497 lucrabantur
578 5485 594 5511 ,
640 5446 740 5500 nisi
789 5454 991 5501 tantum
1032 5450 1390 5506 calamitatum
1436 5467 1650 5508 suarum

126 5529 377 5586 testimonia
407 5534 688 5592 habentes.
727 5539 1134 5605 Quidam-autem
1155 5540 1395 5612 Epicurei
1416 5554 1467 5596 et
1486 5543 1653 5600 Stoici

123 5617 364 5691 philosophi
391 5625 702 5680 disserebant
730 5646 843 5682 cum
882 5647 960 5683 eo.
1010 5629 1125 5686 Non
1162 5633 1271 5701 jam
1306 5632 1511 5704 legibus
1539 5635 1655 5691 suis

124 5711 362 5768 utebantur
392 5718 772 5784 Athenienses,
799 5729 982 5791 utpote
1013 5722 1268 5779 Romanis
1297 5725 1540 5796 subjecti.
1585 5725 1652 5781 Et

126 5801 232 5856 unde
267 5805 512 5863 volebant
562 5810 636 5866 illi
688 5812 1013 5883 disputare?
1049 5816 1187 5882 Quia
1229 5817 1475 5873 videbant
1515 5819 1662 5875 alios.

1035 369 1099 424 IN
1134 367 1320 426 ACTA
1360 371 1880 430 APOSTOLORUM.
1925 377 2158 433 llOMlL.
2203 379 2486 439 XXXVIII.

3309 399 3426 456 πο.

1836 490 2160 550 disserentes
2179 535 2194 558 .
2232 505 2287 552 et
2313 501 2482 555 virum
2511 502 2562 556 in
2592 504 2981 564 existimatione
3009 509 3211 564 haberi.
3247 513 3314 568 Et
3337 517 3407 568 vi-

1833 580 1919 645 de,
1946 583 2125 638 statim
2153 590 2538 646 contumeliose
2555 587 2575 660 (
2592 594 2838 651 Animalis
2857 600 2988 651 enim
3014 601 3161 654 homo
3178 618 3275 654 non
3297 620 3411 657 sus-

1829 672 1952 740 cipit
1978 690 2039 727 ea
2065 692 2179 745 qua:
2200 689 2318 732 sunt
2346 679 2573 747 Spiritus
2614 681 2633 753 [
2656 687 2708 740 l.
2738 685 2857 741 Cor.
2886 691 2940 743 Ξ.
2968 685 3121 756 MD,
3143 691 3405 746 Novarum

1829 761 2192 819 daemoniorum
2219 768 2297 840 (a)
2322 809 2338 836 ,
2372 772 2653 842 inquiunt,
2685 777 2880 831 videtur
2918 782 3246 836 annuntiator
3277 799 3403 837 esse.

1828 853 2102 909 Daemonia
2142 857 2276 914 deos
2319 875 2446 916 suos
2475 865 2772 921 vocabant:
2803 879 2958 924 erant
2985 872 3126 925 enim
3163 874 3426 929 civitates-

1826 942 1981 999 idolis
2008 947 2202 1015 plenae.
2233 950 2616 1021 Apprehensum
2642 955 2788 1012 illum
2813 961 2866 1013 in
2890 961 3208 1034 Areopagum
3244 966 3402 1020 duxe-

1822 1048 1938 1090 runt
1957 1078 1971 1102 ,
2003 1040 2244 1099 dicentes.
2275 1043 2384 1098 Cur
2423 1047 2474 1101 in
2504 1051 2842 1121 Areopagum
2873 1054 3044 1123 ipsum
3079 1067 3354 1112 traxerunt
3376 1061 3426 1112 ’ἓν

1823 1124 1891 1180 Ut
1929 1133 2409 1197 perterrel‘acerent
2437 1155 2450 1190 :
2485 1139 2553 1192 ibi
2585 1142 2726 1196 enim
2763 1146 3016 1212 capitales
3040 1164 3229 1204 causas
3251 1152 3394 1220 judi-

1819 1217 2029 1273 cabant.
2055 1220 2334 1280 Possumus
2351 1229 2479 1282 scire
2501 1247 2614 1299 quae
2636 1233 2702 1286 sit
2726 1250 2854 1288 nova
2877 1237 2988 1302 illa,
3006 1255 3118 1306 qua:
3142 1257 3173 1293 a
3197 1251 3244 1295 te
3254 1217 3398 1296 vdici~

1817 1316 1918 1374 tur,
1946 1311 2176 1366 doctrina
2188 1316 2215 1368 7
2237 1333 2366 1371 nova
2383 1321 2514 1372 enim
2531 1323 2764 1391 quaedam
2782 1325 2940 1396 infers
2959 1329 3164 1384 auribus
3183 1334 3392 1387 nostris.

1816 1399 2141 1458 Athenienses
2174 1416 2340 1460 autem
2369 1426 2539 1465 omnes
2580 1421 2628 1468 at
2662 1413 2734 1467 ibi
2764 1427 3016 1472 uersantes
3055 1421 3305 1491 peregrini
3337 1423 3394 1475 in

1815 1491 1956 1544 nullo
1982 1492 2084 1546 alio
2115 1505 2312 1567 tempus
2337 1501 2580 1568 terebant,
2607 1519 2759 1571 quam
2787 1515 2842 1558 ut
2871 1508 3132 1577 quidpiam
3156 1510 3268 1563 novi
3304 1511 3417 1564 diu

1813 1595 1978 1636 carent
2001 1585 2080 1638 uel
2100 1587 2354 1642 audirent.
2386 1590 2482 1646 llic
2511 1607 2641 1647 vero
2669 1594 2930 1650 indicatur
2954 1612 3068 1664 eos,
3097 1600 3303 1655 etiamsi
3330 1602 3418 1656 in.

1811 1669 1914 1726 hoc
1936 1688 2150 1744 semper
2172 1693 2532 1747 versarentur,
2555 1693 2613 1738 ut
2640 1685 2986 1756 loquerentur
3009 1690 3088 1745 vel
3115 1692 3382 1757 audirent.
3413 1751 3417 1753 _

1812 1769 1988 1817 tamen
2035 1766 2122 1820 illa
2167 1778 2381 1837 putasse
2411 1787 2545 1826 nova
2566 1814 2580 1837 ,
2619 1790 2740 1844 qua:
2766 1792 3052 1848 munquam
3081 1782 3392 1838 audierant“

1810 1851 1967 1908 Stans
1995 1866 2160 1910 autent
2185 1857 2382 1914 Paulus
2402 1861 2457 1915 in
2477 1865 2638 1917 medio
2657 1865 2938 1938 Areopagi,
2962 1871 3033 1922 ait
3057 1886 3075 1924 :
3112 1870 3214 1926 Viri
3234 1874 3384 1928 Athe-

1806 1946 2001 2002 nienses
2023 1988 2039 2013 ,
2085 1966 2176 2021 per
2213 1955 2383 2008 omnia
2424 1958 2570 2025 quasi
2607 1962 3052 2027 superstitiosiores
3096 1981 3177 2020 vos
3214 1968 3393 2024 uideo..

1805 2036 2108 2097 Pratteriens
2133 2045 2265 2099 enim
2290 2056 2338 2100 et
2361 2049 2533 2103 videns
2558 2051 2833 2106 simulacra
2857 2061 3037 2109 vestra.
3067 2057 3182 2113 Non
3210 2060 3376 2129 dixit,

1803 2128 2103 2198 Dmmonas,
2136 2135 2231 2190 sed
2271 2136 2411 2192 viam
2438 2151 2592 2209 parat
2619 2146 2888 2210 sermoni;
2923 2146 3044 2201 ideo
3069 2148 3236 2215 dicit,
3266 2152 3374 2206 Su-

1801 2225 2184 2292 perstitiosiores
2210 2245 2300 2284 vos
2319 2231 2460 2286 video
2477 2273 2494 2298 ,
2519 2244 2737 2303 prepter
2763 2251 2932 2292 aram.
2958 2239 3097 2294 Deus
3114 2283 3130 2307 ,
3166 2243 3336 2313 inquit
3353 2287 3370 2308 ,

1798 2314 1886 2382 qui
1915 2315 2038 2384 fecit.
2057 2320 2303 2372 ntundum
2323 2361 2338 2384 ,
2369 2331 2413 2375 et
2441 2325 2609 2378 omnia
2638 2342 2750 2389 qua:
2773 2328 2826 2380 in
2849 2346 2908 2382 eo
2933 2339 3066 2384 sunt.
3098 2331 3211 2388 Una
3239 2349 3388 2390 voce

1797 2408 1974 2462 omnia
2017 2410 2456 2481 philosophorum
2505 2416 2754 2485 dogmata
2799 2421 3076 2477 subvertit.
3123 2425 3367 2494 Epicurei

1798 2513 2025 2567 namque
2054 2504 2232 2558 omnia
2264 2521 2359 2574 per
2383 2522 2441 2562 se
2469 2511 2732 2565 exsistere
2756 2511 3032 2581 dicebant,
3062 2525 3117 2571 et
3143 2532 3209 2572 ex
3247 2527 3365 2573 ato-

1793 2591 1896 2644 mis
1923 2603 2168 2650 constare
2194 2613 2207 2648 :
2235 2596 2399 2653 Stoici
2427 2616 2554 2656 vero
2575 2617 2770 2673 corpus
2792 2616 2846 2660 et
2872 2607 3372 2678 conﬂagrationem.

1793 2678 1891 2736 llic
1923 2697 2060 2737 vero
2085 2684 2216 2739 dicit
2244 2704 2257 2741 :
2291 2689 2554 2744 mundum
2581 2702 2634 2746 et
2672 2697 2849 2750 omnia
2886 2712 3004 2766 quae
3030 2698 3081 2752 in
3111 2715 3177 2755 eo
3199 2713 3369 2767 sunt,

1790 2786 1925 2840 opus
1968 2789 2088 2831 esse
2127 2778 2241 2833 Dei.
2287 2779 2472 2836 Viden’
2516 2784 2828 2842 brevitatem
2855 2829 2868 2853 ,
2918 2799 2970 2844 et
3015 2791 3068 2844 in
3101 2790 3386 2850 brevitate-

1788 2865 2135 2924 claritatem?
2167 2871 2234 2926 Et
2263 2873 2383 2928 vide
2411 2890 2654 2942 quamam
2686 2880 2816 2947 ipsis
2846 2895 2979 2936 nova
3010 2883 3355 2943 viderentur:

1785 2958 1930 3028 quod
1959 2959 2100 3014 Deus
2125 2963 2381 3018 mundum
2410 2965 2645 3024 fecisset.
2675 2970 2803 3038 Quae
2832 2973 3178 3031 nunc-intima
3209 2979 3362 3048 plebs

1785 3051 1924 3116 scit,
1974 3052 2288 3122 ignorabant
2318 3058 2706 3128 Athenienses,
2747 3073 2808 3118 et
2838 3067 3238 3124 Atheniensium
3265 3088 3357 3127 sa-

1783 3140 2012 3210 pientes.
2045 3143 2102 3200 Si
2128 3161 2357 3217 namque
2384 3148 2512 3204 fecit
2531 3193 2545 3214 ,
2575 3152 2758 3222 utique
2785 3155 3039 3213 Dominus
3065 3169 3163 3214 est.
3197 3161 3352 3230 Vide,

1781 3232 1906 3302 quid
1934 3234 2075 3289 dicat
2104 3252 2223 3292 esse
2251 3252 2622 3304 argumentum
2648 3243 2876 3310 deitatis,
2909 3263 3101 3318 nempe
3128 3256 3379 3308 creatio-_

1781 3338 1944 3390 nem;
1991 3325 2044 3380 id
2085 3328 2225 3396 quod
2261 3331 2419 3384 etiam
2460 3330 2622 3387 Filius
2663 3334 2840 3390 habet.
2888 3336 3019 3392 Nam
3057 3340 3110 3394 id
3155 3344 3383 3414 ubique-

1779 3416 1960 3472 dicunt
1989 3421 2288 3490 prophette,
2317 3423 2411 3478 Dei
2443 3440 2564 3481 esse
2584 3441 2768 3483 creare
2792 3447 2808 3493 ;
2835 3445 2940 3484 non
2962 3447 3092 3487 vero
3115 3436 3253 3490 sicut
3271 3440 3362 3494 illi.

1777 3510 2042 3579 dicebant,
2073 3515 2246 3569 alium.
2265 3518 2616 3585 conditorem,
2647 3536 2747 3578 nec
2769 3522 3038 3579 dominum
3065 3542 3203 3592 esse,
3231 3545 3350 3584 ma-

1778 3604 1965 3658 teriam
2010 3620 2116 3660 non
2166 3607 2355 3663 factam
2404 3625 2539 3666 esse
2567 3625 2945 3684 supponentes.
2996 3617 3094 3674 Hic
3132 3619 3370 3679 demum

1775 3696 2106 3766 aenigmatice
2129 3699 2272 3769 quod
2290 3715 2446 3756 suum
2473 3713 2575 3768 est,
2595 3703 2722 3760 dicit
2747 3715 2801 3760 et
2822 3706 3034 3773 firmat;
3055 3711 3202 3780 quod
3221 3729 3349 3768 vero

1776 3786 1987 3842 illorum
2015 3797 2118 3856 est,
2151 3801 2362 3861 purgat.
2393 3792 2515 3848 Non
2544 3795 2596 3850 in
2629 3801 2952 3870 manufactis,
2984 3802 3172 3872 inquit,
3199 3805 3346 3860 habi-

1775 3887 1867 3932 tat.
1895 3879 2107 3934 Habitat
2131 3877 2347 3951 quidem
2377 3883 2432 3938 in
2462 3886 2692 3955 templis,
2719 3900 2774 3942 at
2802 3905 2909 3944 non
2933 3891 2986 3946 in
3017 3894 3225 3958 talibus,
3249 3897 3345 3951 sed

1775 3969 1824 4023 in
1854 3971 2029 4024 anima
2060 3971 2314 4028 humana.
2349 3974 2482 4032 Vide
2509 3979 2840 4047 corporalem
2869 3983 3079 4038 sustulit
3117 3987 3336 4042 cultum.

1773 4061 1906 4128 Quid
1936 4063 2104 4131 ergo?
2144 4079 2322 4120 annon
2353 4065 2627 4122 habitabat
2659 4069 2712 4124 in
2743 4073 2942 4141 templo
2983 4073 3362 4147 Jerosolymo-,

1771 4151 1934 4206 rum?
1979 4151 2099 4207 Non.
2132 4155 2354 4225 utique,
2390 4158 2486 4212 sed
2529 4161 2866 4228 operabatur.
2909 4165 3185 4230 Quomodo
3213 4183 3356 4238 ergo

1771 4243 2045 4300 colebatur
2071 4246 2319 4302 manibus
2345 4248 2590 4304 humanis
2615 4252 2755 4321 apud
2772 4253 3038 4324 iudicas?
3081 4256 3196 4312 Non
3225 4275 3341 4314 ma-

1771 4335 1945 4402 nibus,
1967 4337 2068 4391 sed
2086 4339 2353 4394 mentibus
2377 4357 2392 4395 :
2422 4357 2543 4396 nam
2567 4343 2656 4398 illa
2674 4361 2779 4399 non
2797 4347 2874 4401 sic
2899 4350 3172 4418 quaerebat
3189 4355 3350 4422 quasi

1767 4425 1833 4479 iis
1862 4440 1994 4496 opus
2021 4427 2242 4485 haberet
2265 4448 2278 4484 :
2305 4429 2569 4501 Numquid
2589 4437 2923 4505 manducabo,
2948 4440 3137 4510 inquit,
3165 4461 3374 4505 carnem.

1767 4523 2060 4585 taurorum,
2103 4530 2192 4573 aut
2229 4523 2527 4592 sanguinem
2551 4525 2808 4580 hircorum
2833 4530 3015 4598 potabo
3041 4530 3217 4602 (Psal.
3246 4536 3337 4592 49.

1771 4611 1910 4680 15.)?
1951 4611 2150 4666 Deinde
2189 4627 2308 4670 cum
2345 4614 2608 4673 dixisset:
2641 4618 2816 4689 Neque
2850 4623 3077 4677 manibus
3105 4625 3383 4687 Immanis...

1763 4701 2220 4772 colitur,_indigens
2248 4705 2418 4775 aliqua
2439 4708 2603 4776 ,iquia
2632 4709 2735 4766 hoc
2753 4724 2858 4763 non
2881 4712 3009 4768 satis
3036 4723 3170 4782 erat,
3191 4717 3338 4770 nullo

1763 4806 1940 4859 egere,
1971 4800 2028 4846 ut
2055 4792 2296 4860 dixerat;
2328 4811 2447 4852 nam
2469 4796 2703 4853 divinum
2723 4801 2934 4868 quidem
2964 4803 3088 4857 illud
3113 4813 3216 4870 est,
3238 4807 3372 4861 sed.

1761 4881 1904 4936 aliud
1936 4884 2260 4953 requiritur:
2293 4887 2510 4956 adjicit:
2541 4887 2662 4958 Ipse
2687 4891 2814 4945 dans
2843 4892 3070 4947 omnibus
3098 4895 3248 4948 vitam
3285 4907 3364 4952 et.

1761 4975 1994 5044 spiritum
2032 4987 2080 5030 et
2121 4979 2310 5032 omnia.
2358 4979 2471 5034 Duo
2513 4979 2803 5038 divinitatis
2836 4981 3030 5038 indicia
3073 4985 3329 5051 exhibet,

1821 5152 1895 5214 (a)
1920 5155 2002 5202 Hic
2025 5160 2153 5202 notat
2184 5153 2430 5212 Douttarus
2443 5157 2494 5204 in
2517 5156 2912 5211 Savilianisnotts
2934 5172 2947 5208 :
2971 5159 3203 5213 Platonici
3225 5163 3325 5214 dis-

1759 5214 1976 5277 tinguunt
2019 5214 2292 5277 diligenter,
2327 5216 2458 5276 deos,
2484 5217 2722 5268 dwmones
2754 5227 2804 5269 et
2839 5220 3024 5272 heroas.
3061 5232 3184 5274 Deos
3202 5226 3328 5276 enim

1758 5277 1808 5346 in
1829 5275 2194 5349 summogradu
2215 5285 2536 5349 ponnnt,quos
2552 5279 2716 5349 gicero
2737 5290 2924 5349 uenuste
2946 5285 3176 5349 majorum
3200 5301 3339 5349 gem.

1759 5289 1808 5324 in
1830 5289 2012 5329 summo
2068 5288 2194 5325 raau
2215 5288 2536 5340 ponunt,quos
2552 5289 2716 5329 Cicero
2737 5290 2924 5332 venuste
2946 5288 3176 5347 majorum
3200 5301 3326 5349 gen-

1759 5337 1878 5386 tium
1893 5288 2118 5400 appetiit.
2149 5346 2409 5407 D(L’tﬂOi:88_
2420 5347 2527 5390 sunt
2551 5339 2666 5407 illis,
2686 5344 2767 5407 qui
2790 5346 2922 5394 uocis
2939 5346 3115 5407 angeli.
3141 5349 3326 5400 Promi-

1758 5412 1870 5467 scue
1892 5405 2368 5471 tamenusurpautur
2391 5400 2496 5450 hare
2519 5400 2758 5464 vocabula,
2785 5413 2837 5455 ut
2855 5409 2984 5471 apud
3003 5400 3203 5471 "poetam
3237 5418 3326 5459 Ju-

1757 5458 1879 5517 piter
1901 5458 2241 5532 proficiscitur,
2278 5475 2368 5532 p.st
2391 5470 2562 5532 duino-ras
2585 5473 2733 5532 (ΞΗ-ους,
2747 5458 2895 5530 quod
2909 5458 3194 5532 Augustinus
3215 5458 3327 5532 quo-

1757 5533 1850 5600 une
1875 5519 2082 5585 afﬁrmat
2109 5521 2168 5600 de
2187 5519 2383 5600 {‘it‘ilate
2409 5523 2515 5600 Dei,
2538 5519 2570 5574 ι’.
2678 5519 2955 5600 (sororum
2973 5519 3330 5600 ἇίεηιοηῶίῴξι,

1759 5581 1945 5651 uidetur
1966 5582 2268 5651 annuntiatur
2289 5597 2422 5651 esse;
2445 5603 2470 5651 ιε
2497 5585 2584 5636 hoc
2604 5587 2732 5638 idem
2754 5590 2986 5651 objectum
3014 5598 3084 5640 est
3115 5581 3330 5643 sacrati;

1755 5643 2138 5692 Homerusitt-m
2160 5645 2292 5695 deos,
2317 5643 2554 5696 interdum
2577 5659 2718 5699 vocat
2750 5643 3007 5702 démonas.
3034 5652 3338 5705 IdemDou-.

1758 5718 1891 5762 nazus
1913 5705 1974 5753 de
1999 5707 2163 5773 stoicis
2187 5706 2476 5773 :Stoicorum
2499 5710 2658 5773 opinio
2677 5711 2766 5773 fuit
2787 5749 2800 5770 ,
2835 5722 2884 5762 ut
2905 5717 2969 5763 ad
3013 5725 3280 5764 extremum
3302 5753 3314 5770 ,

1758 5779 1868 5841 cum
1889 5766 2095 5841 nntndns
2138 5767 2453 5841 conﬂagraret
2472 5809 2486 5830 ,
2511 5766 2772 5834 absumptis
2791 5766 2974 5836 quibus
3005 5773 3078 5826 sol.
3111 5783 3250 5830 etest
3284 5766 3347 5841 ea

1758 5827 1952 5884 aluntur
1975 5827 2266 5889 humoribus,
2290 5827 2444 5881 omnia
2469 5827 2778 5898 ignoscerent.
