3978 6478
544 445 644 526 Elii
887 409 898 416 ί
1251 441 1306 498 S.
1345 438 1618 496 JOANNIS
1655 436 2126 526 CllRYSOSTUMl
2165 387 2478 494 ARClllEP.
2519 438 3049 520 CONSTANTINUP.
3326 513 3332 528 ι
3685 447 3768 506 εἶεν,

543 560 689 635 quod
718 561 864 616 nullo
886 560 1217 631 indigeat,et
1235 557 1374 629 quod
1397 555 1645 612 omnibus
1665 554 1844 608 onmia
1871 552 2126 622 prmbeat.

545 657 662 712 lluc
683 655 873 712 confer
893 657 1070 710 omnia
1088 671 1206 724 qua:
1226 653 1292 707 de
1309 652 1418 707 Deo
1431 649 1580 704 Plato
1602 647 2005 718 philosophatus
2022 657 2125 712 est,

545 743 666 818 qua:
691 747 950 816 Epicurus
976 788 990 808 ,
1022 755 1077 799 ct
1121 746 1236 798 tunc
1278 742 1454 796 omnia
1497 740 1600 794 illis
1643 749 1947 808 comparata
1976 753 2129 808 nuga:

545 846 695 893 sunt.
743 837 889 890 Duas
911 877 927 901 ,
973 836 1173 904 inquit,
1204 834 1359 886 vitam
1383 841 1430 887 et
1457 831 1711 902 spiritum.
1759 831 1897 885 Ecce
1937 830 2130 884 animre

544 944 759 999 quoque
784 929 957 998 ipsum
985 937 1284 982 creatorem
1313 924 1480 988 facit,
1511 938 1616 977 non
1643 923 1962 994 genitorem.
1997 920 2129 978 Vide

544 1036 758 1075 rursum
803 1017 1074 1089 quomodo
1118 1017 1359 1073 destruat
1402 1030 1707 1070 sermonem
1753 1013 1822 1069 de
1861 1013 2124 1067 materia:

545 1109 786 1181 Fecitque
806 1151 821 1174 ,
853 1111 1061 1178 inquit,
1104 1126 1166 1163 ea:
1196 1125 1296 1162 uno
1336 1109 1584 1178 sanguine
1613 1123 1759 1160 omne
1784 1122 1940 1175 genus
1969 1104 2130 1157 homi-

545 1219 688 1267 num,
722 1202 947 1256 habitare
971 1217 1122 1262 super
1147 1217 1340 1254 omnem
1363 1201 1543 1270 faciem
1572 1209 1735 1252 terror.
1760 1197 1885 1251 llzrc
1910 1197 2128 1252 meliora

545 1295 650 1350 illis
669 1335 684 1359 ,
715 1303 769 1349 et
798 1292 1077 1348 confutant
1108 1301 1316 1346 atomos
1342 1292 1746 1359 materiamque.
1777 1289 1874 1343 llic
1901 1287 2131 1344 ostendit

547 1403 653 1440 non
682 1401 802 1442 esse
827 1385 1076 1454 partitam
1102 1400 1272 1455 neque
1299 1383 1530 1436 hominis
1552 1383 1802 1435 animam.
1826 1380 1978 1449 Quod
2003 1393 2131 1435 vero

547 1479 620 1533 illi
648 1478 870 1540 dicunt,
911 1475 1012 1531 hoc
1040 1492 1145 1529 non
1177 1482 1259 1530 est
1297 1489 1418 1529 esse
1447 1473 1798 1528 conditorem.
1844 1471 1974 1527 Cum
2002 1471 2132 1526 dicit

548 1582 726 1626 autem
758 1586 865 1624 non
899 1569 1145 1623 manibus
1172 1567 1422 1622 humanis
1448 1568 1550 1622 coli
1579 1567 1742 1620 Deum
1768 1607 1784 1634 ,
1831 1565 2132 1621 subindicat

546 1667 695 1722 illum
727 1666 906 1718 animo
931 1674 985 1717 et
1011 1673 1192 1718 mente
1217 1662 1340 1716 coli.
1375 1660 1474 1714 Hic
1496 1703 1512 1728 ,
1541 1661 1743 1730 inquit,
1770 1659 1883 1713 τίειὶ
1912 1670 1958 1713 ει
1987 1669 2132 1712 teme

548 1774 662 1812 cum
697 1758 760 1811 sit
799 1755 1070 1809 Dominus.
1113 1753 1230 1808 Non
1259 1767 1388 1823 ergo
1415 1751 1688 1806 daemones
1722 1751 1934 1819 quidem
1968 1765 2127 1819 pecu-

548 1853 729 1908 liares.
768 1851 907 1907 Deus
945 1853 1030 1920 qui
1059 1852 1174 1922 {erit
1215 1851 1494 1915 mundum,
1538 1858 1587 1902 et
1617 1848 1784 1901 omnia
1813 1862 1925 1916 qua:
1960 1845 2012 1898 in
2040 1844 2131 1897 illo

546 1955 685 2000 sunt.
733 1945 867 1999 Cum
917 1944 1064 2014 prius
1110 1942 1434 1997 ostendisset
1477 1938 1747 2010 quomodo
1792 1937 2020 1992 mundus
2063 1938 2133 1990 sit

548 2036 752 2101 factus,
787 2046 913 2090 tunc
939 2035 1264 2100 declaravit,
1297 2033 1440 2104 quod
1468 2048 1573 2087 non
1607 2033 1661 2086 in
1693 2031 2008 2086 manulactis
2035 2028 2131 2082 lta-

477 2169 480 2174 .
549 2129 681 2183 bitet
706 2145 722 2193 ;
763 2143 826 2183 ac
851 2130 894 2183 si
923 2129 1166 2183 diceret:
1197 2127 1250 2183 Si
1284 2128 1448 2193 Deus,
1477 2126 1656 2180 omnia
1687 2125 1868 2194 utique
1895 2122 2019 2179 fecit
2043 2138 2058 2187 ;
2085 2122 2129 2176 si

551 2237 673 2289 non.
690 2220 814 2275 fecit
835 2263 850 2284 ,
881 2237 985 2275 non
1017 2222 1176 2274 Deus.
1203 2219 1310 2283 Dii,
1338 2220 1530 2288 inquit,
1559 2219 1644 2289 qni
1668 2217 1848 2271 cadum
1872 2226 1918 2270 et
1949 2225 2132 2269 terram

479 2375 483 2378 .
552 2331 654 2367 non
685 2317 909 2383 fecerunt
935 2354 952 2380 ,
983 2322 1206 2380 pereant.
1251 2311 1416 2365 Multo
1443 2310 1640 2378 majora
1665 2350 1681 2375 ,
1708 2324 1868 2378 quam
1897 2307 1970 2360 illi
1995 2348 2009 2368 ,
2037 2305 2133 2358 do-

549 2416 723 2476 gmata
755 2406 954 2460 inducit
984 2404 1217 2476 (tametsi
1239 2404 1469 2459 nondum
1495 2419 1680 2472 magna
1708 2402 1867 2468 dixit;
1898 2399 2129 2455 nondum

554 2499 695 2552 cnim
742 2508 953 2575 tempus
999 2508 1149 2563 erat;
1197 2497 1291 2551 sed
1338 2497 1489 2566 quasi
1533 2497 1712 2565 pueris
1759 2494 2129 2563 loquebatur),

552 2593 878 2646 creationem
899 2632 912 2654 ,
943 2589 1360 2644 dominationem
1385 2632 1399 2654 ,
1434 2588 1933 2658 non-indigentiam.

620 2683 672 2736 5.
697 2683 830 2736 Cum
853 2682 1075 2736 dixisset
1094 2688 1270 2736 autem
1296 2681 1443 2735 illutn
1471 2696 1664 2735 cxuno
1688 2681 1946 2747 sanguine
1975 2692 2133 2731 omne

551 2791 720 2845 genus
747 2775 1022 2829 hominum
1070 2773 1295 2834 fecisse.
1349 2775 1587 2828 omnium
1617 2787 1832 2828 causam
1871 2772 2133 2826 bonorum

555 2866 938 2921 manifestavit.
969 2865 1103 2934 Quid
1133 2863 1255 2918 huic
1284 2864 1596 2917 sublimitati
1645 2863 1776 2934 par?
1801 2861 1933 2916 Nam
1975 2862 2134 2915 mira-

556 2959 664 3014 bile
689 2958 903 3028 quidem
937 2968 1017 3010 est
1047 2974 1109 3010 ex
1141 2971 1247 3011 uno
1273 2966 1350 3011 tot
1375 2956 1604 3020 fecisse;
1634 2955 1775 3026 quod
1805 2962 1983 3008 autem
2015 2970 2133 3007 etn-

557 3065 655 3106 nes
701 3049 789 3104 ille
839 3049 996 3102 simul
1042 3048 1342 3109 contineat,
1397 3045 1571 3100 adhuc
1622 3047 1778 3115 longe
1819 3043 2132 3098 mirabilius.

555 3139 703 3193 bans
727 3181 742 3204 ,
780 3139 980 3208 inquit,
1007 3138 1235 3191 omnibus
1269 3137 1502 3207 spiritum
1531 3146 1579 3190 ct
1621 3138 1794 3190 vitam.
1827 3134 1964 3201 Quid
2009 3145 2094 3190 cst
2116 3176 2130 3199 ,

558 3232 821 3301 Deﬁniens
848 3233 1126 3301 prmstitnta
1157 3241 1386 3300 tempora
1432 3239 1481 3283 et
1524 3231 1762 3284 terminos
1814 3229 2136 3283 habitationis

557 3342 750 3391 eorum,
781 3338 1006 3393 quaerere
1033 3322 1218 3389 Deum,
1244 3323 1286 3376 si
1311 3327 1441 3394 forte
1461 3331 1717 3376 attrectent
1746 3339 1857 3375 eum
1886 3331 1972 3374 aut
1994 3321 2134 3374 inve-

555 3428 696 3471 niant
715 3419 738 3469 ?
757 3416 871 3470 Non
893 3416 1182 3485 cogebatur
1199 3417 1336 3485 quis,
1362 3415 1552 3485 inquit,
1575 3415 1799 3469 circuire
1819 3424 1872 3467 et
1897 3427 2137 3482 qumrere

560 3512 730 3565 Deum
765 3527 778 3563 :
810 3510 893 3564 vel
925 3511 967 3562 si
1001 3523 1106 3562 non
1138 3509 1258 3574 huc,
1292 3510 1414 3578 quia
1457 3508 1693 3564 decrevit
1716 3519 1775 3563 ut
1825 3509 1963 3562 Deus
1988 3524 2135 3576 quae-

559 3611 726 3657 ratur.
758 3604 826 3656 At
871 3616 976 3655 non
1010 3615 1223 3669 semper
1259 3600 1361 3655 hoc
1404 3599 1705 3656 faciendum
1733 3601 1972 3655 definivit
1995 3641 2010 3666 ,
2041 3599 2137 3654 sed

558 3694 871 3765 praestitutis
915 3693 1265 3760 temporibus.
1314 3691 1425 3747 lloc
1461 3708 1589 3748 vero
1638 3694 1768 3748 dicit
1811 3693 2134 3756 05tendeos,

558 3802 735 3858 neque
758 3801 900 3843 nunc
927 3795 1230 3858 quazrentes
1267 3786 1572 3853 invenisse,
1612 3787 1824 3842 etiamsi
1867 3787 1938 3841 ita
1970 3785 2138 3840 maui-

559 3880 728 3935 festus
756 3887 917 3944 esset,
949 3887 1008 3933 ut
1036 3878 1387 3944 inveniretur,
1425 3893 1488 3933 ac
1514 3881 1559 3933 si
1595 3879 1722 3949 quid
1761 3878 1813 3934 in
1841 3878 2017 3934 medio
2045 3893 2138 3949 po.

558 3974 719 4027 situm
766 3972 1065 4043 palpemus.
1093 3971 1276 4042 Neque
1307 3971 1448 4026 enim
1481 3972 1573 4026 hic
1594 3980 1711 4028 erat
1747 3972 1974 4038 caelum,
2011 3971 2137 4026 alibi

559 4081 665 4121 non
692 4083 708 4130 ;
736 4081 909 4136 neque
931 4067 982 4120 in
1013 4065 1116 4120 hoc
1137 4074 1375 4135 tempore
1405 4074 1518 4120 erat
1545 4107 1560 4132 ,
1590 4067 1641 4120 in
1670 4067 1774 4120 alio
1802 4081 1928 4121 non.
1956 4066 2138 4136 itaque

560 4169 615 4213 et
642 4159 786 4212 omni
815 4169 1057 4228 tempore
1076 4199 1091 4223 ,
1120 4166 1175 4213 et
1203 4157 1255 4211 in
1289 4159 1537 4212 omnibus
1566 4159 1808 4213 terminis
1851 4169 2027 4228 potest
2057 4160 2139 4212 itt-

559 4251 750 4305 veniri.
773 4251 861 4305 Sic
885 4250 1212 4318 dispensavit
1236 4259 1293 4304 ut
1313 4259 1663 4320 quaereretur,
1687 4261 1745 4305 ut
1771 4265 1871 4306 nec
1893 4252 2012 4306 loco
2039 4266 2138 4306 nec

560 4353 802 4411 tempore
827 4341 1224 4410 prohibeamur.
1256 4341 1419 4397 Certe
1449 4341 1551 4396 hoc
1577 4345 1750 4412 ipsum
1780 4343 1884 4397 illis
1907 4344 2137 4398 maxime

559 4433 880 4503 profuisset,
913 4433 955 4485 si
985 4432 1196 4502 quidem
1226 4433 1598 4498 voluissent‘;
1646 4434 1787 4502 quod
1833 4435 2027 4504 ubique
2070 4436 2139 4489 sit

560 4527 750 4580 caelum
777 4535 832 4580 et
870 4534 974 4580 stet
1001 4526 1144 4580 omni
1173 4534 1431 4595 tempore.
1464 4527 1588 4582 ideo
1614 4528 1692 4582 sic
1724 4527 1851 4583 dicit
1882 4547 1895 4583 :
1943 4528 2134 4593 Quam-

559 4620 635 4672 vis
675 4635 775 4672 non
821 4618 968 4689 longe
1010 4618 1075 4672 sit
1102 4619 1162 4672 ab
1191 4634 1486 4692 unoquoque
1524 4631 1790 4686 nostrum;
1833 4620 1924 4676 sed
1973 4637 2137 4690 prope

558 4710 629 4764 sit
655 4709 938 4770 omnibus;
969 4709 1070 4764 hoc
1107 4719 1190 4765 est
1219 4727 1234 4767 :
1284 4711 1399 4765 Non
1431 4712 1590 4766 modo
1618 4712 1779 4767 vitam
1807 4724 1861 4768 et
1888 4714 2134 4782 spiritum

558 4801 704 4857 dedit
726 4813 779 4857 cl
799 4804 1000 4868 omnia,
1018 4819 1206 4859 verum
1223 4805 1402 4867 etiam,
1426 4805 1564 4875 quod
1585 4817 1744 4876 caput
1768 4817 1852 4862 est
1872 4807 2131 4875 omnium,

557 4895 626 4949 ad
654 4896 733 4950 sui
763 4896 1120 4965 cognitionem
1150 4898 1339 4962 traxit,
1375 4897 1490 4952 bzec
1513 4898 1711 4966 dando,
1739 4916 1836 4970 per
1873 4917 1990 4970 qua:
2018 4916 2136 4970 pos-

560 4990 728 5042 simus
757 4989 906 5043 illum
935 4990 1176 5044 invenire
1205 5001 1258 5045 et
1279 4989 1705 5059 apprehendere.
1736 4991 1839 5047 Sed
1871 4993 2137 5048 noluimus

564 5093 807 5147 qtnerere
827 5117 844 5145 ,
872 5080 971 5134 etsi
1002 5080 1066 5133 ad
1096 5079 1259 5149 pedes
1289 5091 1451 5136 esset.
1481 5081 1601 5135 Non
1632 5081 1796 5154 longe,
1829 5084 2030 5153 inquit,
2074 5083 2136 5136 ab

559 5183 857 5240 unoquoque
883 5180 1129 5223 nostrum.
1161 5171 1347 5240 Papae!
1371 5173 1616 5227 omnibus
1640 5189 1805 5243 prope
1835 5189 1955 5229 esse
1985 5175 2134 5240 dicit,

559 5257 649 5326 qui
698 5257 901 5312 suntin
945 5259 1074 5312 orbe
1122 5271 1403 5316 terrarum.
1432 5263 1566 5330 Quid
1610 5264 1711 5318 hoc
1759 5265 1974 5334 majus?
2005 5266 2136 5321 Vide

561 5348 830 5419 quomodo
878 5351 1088 5420 partitos
1140 5351 1394 5407 confutet.
1449 5355 1582 5421 Quid
1624 5355 1745 5411 dico
1789 5357 2015 5426 procul?
2063 5357 2135 5412 lta

561 5458 728 5514 prope
763 5453 874 5508 est,
905 5452 964 5496 ut
1000 5445 1115 5498 sine
1160 5445 1276 5513 ipso
1324 5462 1430 5501 non
1458 5449 1681 5503 vivatur.
1727 5448 1793 5503 In
1842 5451 1951 5520 ipso
2003 5455 2136 5506 enim

557 5537 766 5590 vivimus
791 5545 836 5589 at
859 5551 1113 5589 movemur
1138 5547 1183 5591 et
1210 5553 1403 5592 stemus.
1420 5540 1579 5606 Quasi
1601 5557 1860 5610 corporeo
1891 5544 2136 5612 exemplo

559 5626 864 5697 hujusmodi
911 5626 1184 5697 quidpiam
1241 5628 1372 5683 dicit
1415 5646 1429 5684 :
1473 5629 1624 5685 Sicut
1671 5633 2000 5701 impossibile
2055 5644 2137 5689 est

559 5719 806 5792 ignorare
827 5734 1006 5798 aerem
1035 5719 1231 5791 ubique
1259 5719 1507 5776 diliusum
1529 5763 1544 5788 ,
1575 5738 1679 5778 non
1702 5723 1888 5793 procul
1913 5726 1980 5782 ab
2003 5741 2135 5781 uno-

623 5899 638 5931 ³
659 5895 795 5958 Ιὶτηε,
817 5897 858 5949 si
875 5899 1066 5963 quidem
1085 5896 1346 5962 toluis‘sent,
1374 5901 1551 5952 desunt
1573 5905 1619 5950 in
1645 5901 1947 5965 quibusdam.

2241 569 2454 624 quoque
2494 565 2733 610 nostrum
2777 571 2932 623 esse,
2982 557 3092 617 imo
3132 565 3187 612 et
3234 555 3286 610 in
3332 557 3486 612 nobis
3526 572 3635 614 esse
3661 579 3678 619 :_
3713 565 3764 617 ita

2236 648 2397 702 etiam
2457 649 2695 703 omnium
2749 649 3082 704 Creatorem.
3139 649 3270 705 Vide
3317 651 3582 718 quomodo
3626 659 3768 712 ontnia

2238 739 2401 809 ipsius
2438 755 2558 796 esse
2600 741 2742 796 dicat
2788 759 2804 797 :
2851 741 3240 813 providentiam
3290 742 3431 798 illius
3477 756 3592 797 esse
3629 744 3766 802 dicit.

2235 833 2715 897 conservationem,
2734 833 2875 904 quod
2897 834 2964 888 ab
2985 834 3075 888 illo
3095 835 3202 888 sint
3217 835 3414 897 omnia,
3439 837 3673 903 Operandi
3686 841 3770 894 vim

2235 922 2487 989 habeant,
2533 933 2586 978 et
2615 941 2721 978 non
2751 935 2996 996 pereant.
3032 924 3142 980 Nec
3180 925 3335 988 dixit,
3359 925 3462 980 Per
3506 925 3641 980 illum
3660 946 3682 993 ;.
3697 935 3771 986 sed

2236 1016 2376 1086 quod
2408 1018 2625 1086 propius
2669 1028 2748 1072 est
2775 1057 2790 1083 ,
2821 1013 2885 1071 In
2914 1018 3024 1070 illo.
3055 1017 3194 1071 Nihil
3231 1017 3334 1072 tale
3359 1017 3493 1071 dixit
3524 1029 3662 1086 poeta
3686 1023 3774 1087 ille,

2237 1108 2411 1178 Ipsius
2439 1109 2598 1172 enim,
2629 1109 2896 1178 inquiens,
2927 1127 3083 1181 genus
3103 1127 3314 1174 sumus;
3342 1109 3437 1164 sed
3473 1111 3562 1164 ille
3588 1111 3648 1166 de
3669 1113 3775 1172 Jove

2236 1203 2389 1269 dixit,
2423 1203 2507 1257 hic
2536 1219 2661 1257 vero
2675 1186 2759 1257 de
2779 1203 3035 1259 Creatore
3058 1204 3158 1258 hoc
3183 1204 3375 1272 accipit
3405 1221 3418 1256 :
3449 1219 3547 1258 nec
3570 1208 3774 1263 eumdem

2237 1295 2408 1364 ipsum
2441 1294 2639 1348 indicat
2671 1294 2779 1356 ille,
2802 1294 2941 1348 absit
2964 1311 2978 1358 ;
3010 1294 3104 1349 sed
3131 1309 3249 1363 qua:
3270 1293 3339 1348 de
3362 1293 3453 1346 illo
3475 1292 3610 1348 dicta
3635 1310 3776 1364 erant,

2237 1390 2347 1444 Deo
2375 1390 2458 1442 cui
2485 1389 2862 1456 competebant
2907 1388 3222 1442 adscribcns
3266 1405 3278 1440 :
3316 1403 3436 1441 nam
3465 1401 3610 1442 aram
3652 1389 3806 1461 ltujus’

2237 1495 2356 1535 esse
2379 1479 2545 1544 dicit,
2575 1496 2679 1535 non
2713 1481 2854 1534 illius
2873 1522 2889 1545 ,
2921 1496 3081 1551 quem
3111 1480 3208 1548 ipsi
3247 1480 3518 1538 colebant.
3563 1479 3779 1547 Qutedam

2237 1573 2378 1628 enim
2407 1572 2548 1627 dicta
2577 1581 2633 1627 et
2655 1571 2789 1626 facta
2818 1583 2941 1626 sunt
2966 1571 3030 1625 ad
3061 1588 3243 1626 verum
3275 1572 3436 1625 Deum
3463 1573 3778 1641 pertinentia;

2237 1679 2419 1720 verum
2448 1664 2754 1719 nesciebant
2779 1663 2949 1719 Graeci
2982 1664 3047 1718 ad
3091 1679 3212 1718 eum
3259 1669 3531 1734 pertinere
3551 1705 3566 1730 ,
3613 1665 3699 1720 sed
3731 1666 3784 1721 de

2237 1756 2341 1810 alio
2372 1755 2703 1810 intellexere.

2308 1848 2471 1913 Illud,
2497 1847 2682 1920 Ignoto
2714 1847 2840 1914 Deo,
2867 1849 3119 1919 quomodo
3149 1849 3211 1903 sit
3231 1847 3699 1917 intelligendum.—
3714 1848 3788 1905 Dic

2236 1943 2380 1997 enim
2409 1944 2558 2009 mibi,
2587 1943 2782 2012 dequo
2832 1943 3048 2012 preprie
3073 1942 3304 2009 dicatur,
3338 1941 3525 2012 Ignoto
3565 1940 3705 2007 Deo;
3734 1944 3788 2000 de

2235 2032 2510 2099 Creatore,
2540 2050 2607 2088 an
2638 2034 2921 2088 dmmone?
2957 2034 3151 2104 Utique
3178 2033 3246 2088 de
3273 2034 3535 2088 Creatore
3565 2051 3578 2086 :
3607 2035 3789 2088 etiamsi

2239 2125 2384 2180 illum
2409 2124 2620 2194 quidem
2665 2126 2979 2195 ignorarint,
3004 2123 3145 2179 hunc
3168 2140 3294 2179 vero
3320 2126 3590 2180 noverint.
3613 2126 3791 2180 Simili-

2238 2225 2321 2272 ter
2347 2218 2544 2282 etiam,
2586 2216 2725 2286 quod
2757 2217 2933 2269 omnia
2965 2216 3170 2277 fecerit,
3201 2215 3268 2269 de
3308 2215 3420 2269 Deo
3450 2215 3663 2284 proprie
3684 2216 3795 2271 dici-

2238 2319 2343 2376 tur,
2383 2327 2488 2366 non
2515 2311 2583 2365 de
2608 2311 2740 2365 Jove
2759 2352 2772 2376 ,
2805 2312 3036 2366 scelesto
3062 2320 3115 2365 et
3140 2310 3470 2365 cxsecrando
3513 2311 3715 2365 homine
3743 2326 3794 2364 ac

2237 2405 2644 2472 praestigiatorc.
2692 2403 2891 2456 Paulus
2943 2414 3090 2457 certe
3151 2419 3256 2456 non
3310 2403 3470 2457 simili
3521 2412 3677 2472 atque
3721 2403 3797 2456 ille

2239 2497 2399 2552 modo
2427 2495 2579 2562 dixit,
2609 2495 2782 2564 Ipsius
2812 2496 2943 2548 enim
2973 2504 3020 2549 et
3061 2511 3219 2565 genus
3259 2513 3465 2560 sumus;
3509 2495 3678 2560 absit,
3719 2497 3794 2549 sed

2239 2589 2340 2642 alia
2368 2599 2580 2654 mente;
2611 2604 2776 2659 genus
2805 2589 2948 2642 enim
2976 2588 3094 2657 ejus
3120 2606 3222 2642 non
3262 2605 3381 2643 esse
3403 2589 3567 2654 dixit,
3597 2589 3694 2642 hoc
3712 2600 3795 2653 est,

2240 2681 2584 2746 domesticos,
2621 2681 2917 2751 proximos,
2948 2691 3001 2734 et
3021 2682 3172 2750 quasi
3198 2681 3317 2750 quis
3347 2679 3568 2744 dixerit,
3600 2683 3796 2748 propin-

2240 2789 2373 2843 quos
2395 2786 2449 2828 ct
2474 2775 2693 2830 vicinos.
2735 2774 2811 2829 Ne
2838 2777 2981 2829 enim
3019 2790 3204 2830 rursus
3240 2776 3486 2830 dicerent
3509 2817 3524 2840 ,
3575 2774 3801 2828 Norain-

2239 2865 2370 2936 geris
2395 2866 2602 2920 auribus
2626 2867 2809 2920 nostris
2847 2865 3004 2932 (nihil
3035 2867 3175 2920 enim
3225 2867 3302 2920 sic
3347 2865 3656 2921 hominibus
3690 2881 3798 2920 con-

2241 2957 2522 3029 trarium),
2552 2966 2764 3028 poetam
2794 2957 2846 3011 in
2880 2957 3111 3011 medium
3153 2955 3386 3010 adducit.
3423 2955 3615 3026 Neque
3649 2955 3766 3010 dixit
3787 2997 3800 3021 ,

2241 3049 2357 3103 Non
2383 3048 2592 3103 debetis
2623 3058 2810 3118 putare
2840 3063 2972 3102 auro
3003 3056 3094 3100 aut
3123 3060 3346 3117 argento
3377 3047 3554 3102 Deum
3588 3063 3703 3102 esse
3742 3051 3776 3100 si

2242 3143 2420 3198 milem
2447 3185 2462 3208 ,
2513 3157 2546 3196 ο
2574 3142 2787 3196 srelesti
2829 3151 2882 3197 et
2911 3139 3260 3196 exsecrandi!
3305 3141 3399 3195 sed
3448 3143 3668 3208 mitius,
3712 3141 3803 3195 Ilcc

2241 3254 2342 3290 nou
2367 3235 2599 3290 debemus
2625 3236 2906 3299 ana-limare,
2944 3235 3135 3304 inquit,
3168 3235 3259 3289 sed
3299 3250 3462 3304 super
3507 3237 3634 3290 ltoc.
3661 3236 3805 3301 Quid-

2242 3346 2365 3385 nam
2407 3339 2491 3384 cst
2515 3344 2672 3397 super
2695 3327 2832 3381 hoc?
2873 3327 3046 3392 Deus;
3077 3327 3168 3381 sed
3197 3343 3371 3395 neque
3405 3327 3515 3381 hoc
3545 3329 3663 3398 (est
3685 3327 3803 3381 enim

2243 3423 2496 3478 efficacia.-
2526 3419 2766 3492 nomen),
2799 3419 2893 3474 sed
2921 3420 3130 3474 interim
3160 3419 3262 3474 hoc
3292 3438 3305 3471 :
3338 3428 3552 3474 tantum
3578 3434 3808 3488 neganms

2243 3516 2409 3569 Deum
2447 3513 2568 3566 buic
2607 3527 2726 3566 esse
2755 3512 2981 3566 similem
3014 3529 3027 3564 :
3064 3511 3182 3580 quis
3233 3510 3375 3565 enim
3423 3511 3671 3566 dixerit?
3703 3509 3807 3563 Vide

2243 3605 2514 3676 quomodo
2539 3605 2915 3673 incorporeum
2944 3603 3247 3658 introducit.
3276 3603 3423 3658 Mens
3443 3605 3597 3658 enim
3624 3602 3810 3673 quando

2244 3699 2545 3770 suspicatur
2563 3712 2791 3767 corpus,
2825 3697 2986 3750 etiam
3017 3695 3322 3750 distantiam
3351 3696 3694 3766 imaginatur.
3725 3693 3807 3747 Ge-

2244 3808 2339 3846 nus
2365 3806 2484 3861 ergo
2525 3805 2640 3843 cum
2675 3789 2834 3842 simus
2863 3787 2978 3854 Dei,
3009 3803 3109 3841 non
3136 3787 3398 3849 debemus,
3424 3787 3605 3858 inquit
3623 3828 3639 3851 ,
3663 3788 3812 3840 existi-

2243 3899 2382 3937 mare
2405 3897 2530 3935 auro
2565 3889 2652 3934 aut
2685 3889 2894 3950 argento
2937 3888 3024 3934 aut
3070 3879 3265 3948 lapidi,
3296 3879 3579 3948 sculptura:
3619 3879 3736 3932 artis
3773 3886 3810 3929 et

2244 3973 2556 4044 cogitationis
2597 3972 2812 4025 hominis
2836 4011 2852 4035 ,
2897 3970 3063 4024 Deum
3102 3985 3208 4024 esse
3243 3968 3485 4026 similent.
3531 3970 3605 4026 At
3645 3968 3812 4023 dixerit

2243 4064 2504 4134 qniSpiam
2529 4103 2544 4128 ,
2586 4061 2701 4116 Non
2735 4061 2836 4116 hoc
2863 4071 3152 4130 putamus:
3198 4075 3297 4114 cur
3335 4076 3468 4130 ergo
3518 4061 3626 4116 hoc
3666 4059 3810 4114 dicit?

2244 4156 2348 4213 Sed
2377 4155 2443 4210 ad
2475 4153 2871 4209 multitudinem
2924 4152 3244 4223 loquebatur
3288 4152 3436 4222 ipse,
3477 4169 3546 4208 ac
3599 4155 3678 4207 sic
3704 4154 3812 4205 bene

2244 4249 2396 4304 dixit.
2425 4246 2558 4302 Nam
2583 4247 2624 4301 si
2655 4261 2752 4300 nos
2779 4244 3068 4300 secundum
3096 4245 3328 4299 animam
3369 4261 3478 4298 non
3510 4260 3698 4300 sumus
3733 4244 3812 4295 illis

2245 4340 2445 4394 similes
2465 4379 2479 4399 ,
2509 4339 2678 4392 tnttlto
2706 4338 2882 4391 minus
2915 4338 3075 4392 Deus.
3128 4336 3345 4391 interim
3392 4336 3626 4392 abducit
3653 4337 3760 4391 illos
3790 4353 3810 4382 ιι

2247 4430 2572 4500 suspicione.
2604 4429 2719 4482 Non
2749 4428 2910 4483 modo
2940 4430 3225 4497 sculptura:
3245 4431 3376 4482 artis
3405 4445 3518 4482 non
3543 4439 3629 4484 est
3655 4428 3812 4481 Silllllls

2245 4524 2406 4587 Deus,
2446 4522 2539 4577 sed
2567 4537 2740 4591 neque
2768 4523 2856 4575 ulli
2886 4523 2975 4575 alii
3005 4521 3251 4577 humanm
3276 4524 3600 4592 cogitationi
3627 4522 3812 4589 subjici-

2246 4629 2332 4670 tur
2365 4634 2378 4668 :
2413 4630 2535 4669 nam
2576 4615 2660 4669 vel
2691 4629 2779 4668 ars
2805 4613 2892 4668 vel
2921 4629 3072 4668 mens
3117 4615 3338 4668 invenit.
3373 4614 3504 4669 Ideo
3550 4616 3631 4670 sic
3664 4615 3810 4668 dicit:

2245 4707 2302 4762 Si
2331 4705 2403 4771 id,
2428 4704 2568 4775 quod
2593 4721 2680 4760 ars
2707 4706 2787 4759 vel
2817 4720 2969 4759 tuens
2994 4705 3226 4760 hominis
3270 4707 3516 4772 invenit,
3543 4708 3686 4762 Deus
3719 4712 3812 4766 est,

2243 4798 2367 4851 etsi
2414 4798 2464 4850 in
2514 4797 2691 4865 lapide
2720 4796 3017 4850 substantia
3051 4797 3142 4850 Dei
3180 4818 3192 4852 :
3222 4798 3500 4867 quptnodo
3545 4814 3674 4868 ergo
3701 4799 3738 4849 si
3773 4796 3812 4847 in

2244 4889 2360 4958 ipso
2389 4887 2636 4948 vivimus,
2663 4887 2836 4954 ipsum
2867 4903 2971 4941 non
2998 4888 3584 4959 invenimus?Duplex
3615 4904 3734 4958 ergo
3750 4896 3817 4941 est

2243 4981 2546 5044 accusatio,
2579 4979 2799 5048 etquod
2846 4979 2995 5034 ilum
3041 4997 3151 5035 non
3203 4982 3554 5048 invenerint,
3602 4992 3657 5038 et
3698 4978 3814 5051 quod

2245 5075 2377 5127 tales
2413 5071 2734 5126 invenerint.
2781 5071 2927 5126 Mens
2971 5088 3066 5141 per
3128 5075 3359 5144 seipsam
3411 5091 3686 5144 nusquam
3732 5073 3818 5126 fide

2245 5164 2401 5230 digna
2429 5171 2534 5218 est.
2568 5161 2670 5216 Sed
2701 5172 2978 5232 postquam
3011 5164 3222 5219 illorutn
3254 5170 3468 5220 animos
3497 5171 3580 5222 sic
3605 5168 3818 5236 exagita-

2243 5258 2351 5322 vit,
2400 5255 2739 5324 ostenditque
2783 5256 3174 5312 inexcusabiles
3211 5259 3328 5312 illos
3354 5275 3483 5315 esse
3509 5301 3526 5323 ,
3558 5260 3681 5315 vide
3713 5257 3818 5330 quid

2244 5347 2434 5402 subdat
2464 5365 2475 5400 :
2507 5346 2757 5416 Tempora
2799 5348 3002 5416 quidem
3031 5350 3331 5420 ignorantia:
3355 5351 3682 5422 despiciens,
3709 5365 3819 5404 nunc

2243 5441 2509 5492 annuntiat
2543 5439 2769 5493 omnibus
2818 5439 3134 5506 hominibus,
3167 5442 3346 5512 ubique
3387 5453 3445 5496 ut
3493 5445 3819 5515 paenitentiam

2243 5539 2416 5600 agant.
2436 5529 2568 5597 Quid
2599 5531 2759 5600 ergo?
2789 5546 3019 5586 nemone
3052 5533 3264 5587 illorum
3293 5551 3484 5603 pmnas
3509 5537 3647 5591 dat?
3670 5537 3820 5592 Nemo

2242 5631 2391 5678 certe
2422 5640 2636 5690 eorum,
2671 5625 2759 5694 qui
2805 5626 3173 5692 pmnitentiam
3212 5643 3368 5697 agerc
3389 5631 3596 5684 velint.
3641 5631 3712 5685 De
3752 5627 3822 5681 bis

2244 5715 2508 5785 loquitur;
2541 5732 2647 5771 non
2675 5716 2743 5772 de
2770 5717 2836 5771 iis
2858 5719 2948 5787 qui
2975 5719 3211 5776 defuncti
3237 5731 3378 5787 sunt,
3407 5724 3510 5778 sed
3536 5724 3605 5790 de
3633 5726 3696 5777 iis
3717 5738 3820 5791 qut-

2244 5806 2343 5860 bus
2368 5809 2668 5861 annuntiat.
2695 5808 2811 5862 Non
2833 5810 3031 5879 exigit,
3068 5813 3268 5881 inquit,
3294 5829 3322 5867 a
3353 5814 3513 5867 vobis
3549 5817 3817 5869 rationem.

2248 5898 2363 5955 Non
2382 5900 2533 5970 dixit,
2567 5901 2659 5968 ille
2682 5902 2954 5972 despexit;
2988 5921 3092 5960 non
3116 5905 3266 5974 dixit,
3294 5907 3381 5962 Ille
3406 5911 3660 5978 permisit
3681 5927 3696 5975 _;
3717 5906 3820 5970 sed,
