4100 6354
210 293 322 349 27!

207 411 482 476 θρώπων
526 410 828 465 κατοικεῖν
862 410 961 464 ἐπὶ
1010 409 1132 464 πᾶν
1166 409 1231 464 τὸ
1270 414 1596 478 πρόσωπον
1624 405 1734 475 τῆς
1763 403 1898 475 γῆς.

205 503 413 557 Ταῦτα
455 505 652 575 βελτίω
697 505 940 569 ἐκείνων,
975 505 1070 557 καὶ
1103 504 1400 575 κατηγορία
1429 503 1536 556 τῶν
1571 520 1632 556 τε
1683 502 1901 571 ἀτόμων

206 598 309 650 καὶ
340 599 446 669 τῆς
474 597 627 668 ῦλης.
659 597 924 651 Ἐνταῦθα
953 598 1243 660 δείκνυσιν,
1281 598 1362 651 ὃτι
1394 598 1494 650 οὐκ
1527 597 1642 650 ἔστι
1675 595 1897 666 μερικὴ,

204 690 340 742 οὐδὲ
363 691 400 761 ἡ
432 691 582 762 ψυχὴ
612 690 709 743 τοῦ
743 690 1055 760 ἀνθρώπου.
1084 691 1262 763 Ὅπερ
1289 690 1344 744 δὲ
1367 690 1564 743 ἐκεῖνοί
1585 673 1770 759 φασιν,
1801 688 1904 740 οὐκ

207 785 335 835 ἔστι
369 781 532 835 τοῦτο
557 782 890 852 δημιουργὸν
933 777 1091 836 εἶναι.
1125 783 1314 850 Λέγων
1350 781 1406 835 δὲ
1456 779 1530 852 μὴ
1565 779 1669 835 ὑπὸ
1700 778 1902 851 χειρῶν

203 874 526 945 ἀνθρώπων
557 872 954 945 θεραπεύεσθαι
989 875 1080 928 τὸν
1119 875 1270 938 Θεὸν,
1315 873 1629 936 αἰνίττεται,
1663 874 1743 926 ὅτι
1784 871 1901 925 δια·

202 970 334 1040 νοίᾳ
367 970 467 1022 καὶ
507 969 584 1040 νῷ
636 968 1022 1040 θεραπεύεται.
1067 964 1275 1034 Οὗτος,
1305 967 1489 1038 φησὶν,
1519 968 1778 1036 οὐρανοῦ
1799 967 1898 1021 καί

202 1062 324 1131 γῆς
359 1066 603 1132 Κύριος.
653 1063 866 1117 Οὐκοῦν
905 1064 1002 1132 οὑχ
1032 1063 1079 1115 οἱ
1107 1061 1320 1133 μερικοί
1344 1061 1616 1133 δαίμονες.
1663 1062 1725 1115 '0
1756 1061 1901 1128 Θεὸς

205 1160 239 1208 ό
266 1155 546 1224 ποιήσας
571 1156 680 1209 τὸν
712 1157 968 1224 κόσμον,
994 1155 1093 1209 καί
1122 1154 1320 1208 πάντα
1348 1158 1419 1209 τὰ
1449 1156 1520 1209 ἐν
1555 1154 1734 1220 αὐτῷ.
1773 1154 1899 1219 Πῶς

203 1250 444 1316 οὐρανὸς
473 1251 688 1318 γέγονε,
744 1250 1010 1322 πρότερον
1035 1249 1237 1315 δείξας,
1283 1248 1402 1301 τότε
1441 1248 1777 1318 ἀπεφήνατο,
1813 1247 1896 1301 ὅτι

203 1349 309 1399 οὐκ
350 1344 411 1394 ἐν
459 1343 863 1414 χειροποιήτοις
896 1342 1160 1404 κατοικεῖ,
1204 1340 1337 1393 ὼσεί
1387 1339 1604 1406 ἔλεγεν·
1647 1339 1711 1391 Εἰ
1740 1337 1894 1404 Θεὸς,

205 1441 391 1491 πάντα
419 1435 650 1504 ἐποίησε
709 1433 977 1504 δηλόνοτιο
1026 1433 1077 1486 εἰ
1133 1432 1190 1486 δὲ
1225 1431 1299 1502 μὴ
1336 1431 1610 1501 ἐποίησεν,
1645 1429 1706 1482 ού
1739 1429 1892 1492 Θεός.

207 1528 366 1589 Θεοί,
395 1526 456 1580 οἳ
484 1526 596 1580 τὸν
621 1525 882 1594 οὐρανὸν
911 1524 1011 1578 καὶ
1041 1523 1158 1592 τὴν
1181 1522 1317 1594 γῆν,
1342 1522 1526 1593 φησὶν,
1556 1524 1667 1576 οὐκ
1698 1521 1896 1590 ἐποίη-

205 1637 350 1683 σαν,
377 1617 855 1674 ἀπολέσθωσαν.
915 1615 1103 1687 Πολλῷ
1146 1615 1366 1686 μείζονα
1391 1613 1611 1668 ἐκείνων
1643 1612 1892 1682 δόγματα

207 1713 421 1779 εἰσάγει
477 1711 696 1779 (καίτοι
733 1709 943 1763 οὐδέπω
975 1708 1044 1762 τὰ
1083 1705 1294 1779 μεγάλα
1344 1702 1524 1761 εῐπενο
1582 1703 1735 1758 οὑπω
1782 1703 1892 1775 γὰρ

209 1805 398 1874 καιρός
423 1821 439 1835 ο
472 1804 593 1857 ἀλλ’
623 1803 699 1866 ὼς
724 1803 881 1856 παισί
908 1799 1234 1872 διελέγετο),
1255 1800 1354 1872 τὴν
1375 1799 1756 1872 δημιουργίαν,
1791 1797 1892 1869 τὴν

207 1898 539 1968 κυριότητα,
570 1895 632 1948 τὸ
664 1894 934 1958 ἀνενδεές.

278 2064 348 2125 γ’.
368 2056 561 2110 Εἰπὼν
593 2056 674 2118 δὲ,
701 2057 784 2111 ὅτι
814 2057 922 2112 πᾶν
947 2055 1096 2122 ἔθνος
1115 2055 1418 2128 ἀνθρώπων
1436 2055 1496 2121 ἐξ
1519 2055 1638 2120 ἑνὸς
1662 2056 1892 2126 αἵματος

217 2152 458 2220 ἐποίησε,
482 2151 547 2203 τὸ
575 2150 796 2204 πάντων
823 2149 992 2206 αἴτιον
1013 2151 1122 2204 τῶν
1150 2150 1368 2220 ἀγαθῶν
1396 2149 1652 2220 ἐδήλωσε.
1679 2147 1744 2202 Τί
1773 2147 1892 2202 τού·

221 2259 310 2294 του
366 2243 458 2295 τοῦ
504 2241 717 2314 ὑψηλοῦ
757 2243 899 2309 ίσον;
946 2243 1269 2313 Θαυμαστὸν
1305 2243 1402 2314 μὲν
1457 2242 1567 2315 γὰρ
1600 2242 1697 2296 καὶ
1723 2244 1784 2296 τὸ
1829 2242 1888 2309 ἐξ

222 2335 338 2395 ένός
387 2334 608 2403 ποιῆσαι
664 2334 985 2398 τοσούτους·
1023 2335 1082 2388 τὸ
1111 2335 1168 2388 δὲ
1199 2335 1410 2398 πάντας
1443 2333 1605 2388 αὑτὸν
1643 2350 1888 2404 συγκραε

215 2429 342 2488 τεῐν,
368 2426 446 2478 ἔτι
472 2428 653 2496 πολλῷ
678 2428 1137 2499 θαυμαστότερον.
1164 2427 1374 2494 Διδο-ὺς
1401 2428 1532 2500 γὰρ,
1555 2429 1708 2498 φησί,
1737 2427 1890 2482 πᾶσι

207 2523 406 2589 πνοὴν
434 2522 533 2575 καί
569 2518 741 2585 ζωήν.
778 2519 843 2572 Τί
870 2520 1040 2587 ἐστιν,
1074 2520 1304 2588 Ὁρίσας
1337 2519 1890 2590 προστεταγμένους

205 2615 356 2687 [230]
376 2613 646 2682 καιροὺς,
667 2611 886 2679 καὶτὰς
903 2613 1215 2680 ὁροθεσίας
1230 2611 1340 2680 τῆς
1352 2614 1652 2680 κατοικίας
1668 2612 1884 2676 αὐτῶν,

200 2709 397 2773 ζητεῖν
424 2709 535 2760 τὸν
579 2708 748 2772 Θεὸν,
779 2711 829 2760 εἰ
855 2705 969 2774 ἄρα
1010 2723 1076 2775 γε
1101 2705 1529 2775 ψηλαφήσειαν
1568 2705 1755 2760 αὑτὸν
1789 2705 1886 2760 καί

197 2803 476 2868 εῖῧροιεν;
511 2801 635 2854 Ὅτι
668 2801 769 2853 οὐκ
799 2798 1139 2868 ἠναγκάζετό
1174 2816 1279 2863 τις,
1312 2800 1465 2870 φησὶ,
1493 2799 1759 2870 περιιέναι
1793 2799 1888 2853 καὶ

198 2896 385 2963 ζητεῖν
431 2893 527 2946 τὸν
561 2892 693 2945 Θεόν
724 2910 737 2922 ·
781 2892 814 2963 ἦ
869 2894 916 2944 εἰ
958 2891 1034 2964 μὴ
1087 2890 1268 2958 τοῦτο,
1318 2893 1400 2945 ὅτι
1447 2891 1612 2962 ὥρισε
1655 2891 1887 2963 ζητῆσαι

197 2987 292 3037 τὸν
376 2984 539 3038 Θεόν.
614 2983 751 3036 Ἀλλ’
807 2983 869 3035 οὐ
925 2982 1214 3046 διαπαντὸς
1266 2983 1422 3036 τοῦτο
1471 2983 1692 3054 ὥρισεν,
1752 2982 1886 3037 ἀλλά

196 3073 780 3145 Προστεταγμένους
828 3074 1094 3142 καιρούς.
1143 3072 1315 3126 Τοῦτο
1370 3073 1426 3126 δὲ
1458 3072 1627 3141 λέγει,
1671 3073 1887 3136 δεικνὺς

197 3171 275 3222 ἑτι
308 3171 435 3222 οὐδὲ
465 3169 562 3224 νῦν
594 3167 930 3240 ζητήσαντες
952 3161 1130 3238 εὗρον,
1166 3165 1344 3220 καίτοι
1369 3165 1541 3230 οὕτως
1557 3162 1624 3237 ἦν
1652 3167 1887 3239 φανερὸς

199 3262 339 3330 πρὸς
362 3261 425 3312 τὸ
459 3259 832 3331 εὑρίσκεσθαι,
863 3259 1050 3331 ὥσπερ
1072 3259 1139 3313 ἂν
1173 3261 1253 3324 είς
1282 3258 1444 3330 μέσον
1476 3276 1530 3312 τι
1557 3257 1887 3329 ψηλαφώμε-

197 3371 309 3404 ww.
347 3352 488 3404 Οὐδὲ
516 3352 625 3422 γάρ
671 3349 904 3404 ἐνταῦθα
928 3350 1028 3420 μὲν
1053 3345 1122 3422 ἦν
1153 3349 1401 3421 οὐρανὸς,
1433 3349 1666 3420 ἀλλαχοῦ
1699 3349 1755 3402 δὲ
1786 3349 1848 3402 οῦ
1867 3367 1881 3379 ⁸

196 3447 319 3498 οᾷδὲ
349 3447 410 3497 ὲν
446 3443 624 3513 τούτῳ
672 3442 750 3513 τῷ
794 3443 967 3514 χρόνῳ
995 3438 1085 3512 ἦν,
1114 3443 1172 3495 ὲν
1200 3442 1343 3513 ἄλλῳ
1371 3442 1426 3494 δὲ
1471 3442 1552 3494 οῦ.
1588 3443 1751 3495 Ὥστε
1793 3444 1886 3496 καὶ

196 3539 341 3590 κατά
393 3537 576 3590 πάντα
607 3535 819 3606 καιρὸν,
850 3536 943 3588 καὶ
971 3533 1112 3588 κατά
1142 3535 1321 3587 πᾶσαν
1353 3534 1633 3604 ὁροθεσίαν
1661 3534 1886 3591 δυνατὸν

195 3633 362 3684 αὑτὸν
387 3632 592 3701 εὑρεῖν.
622 3628 808 3691 Οῦτως
830 3628 1148 3699 ᾠκονόμησε
1170 3626 1232 3679 τὸ
1251 3627 1551 3696 ζητεῖσθαι,
1582 3627 1722 3682 ὥστε
1744 3630 1883 3701 μήτε

374 3721 706 3785 κωλύεσθαι,
716 3721 853 3792 μήτε
875 3720 1071 3792 χρόνῳ.
1097 3719 1206 3773 Καὶ
1227 3718 1359 3773 αὐτὸ
1378 3718 1441 3790 δὴ
1461 3720 1622 3774 τοῦτο
1647 3722 1881 3794 μάλιστα

195 3815 381 3877 αὐτοῖς
439 3810 813 3875 συνεϐάλλετο,
850 3811 905 3864 εἰ
944 3826 1007 3880 γε
1048 3808 1338 3882 ἠϐούλοντο
1369 3823 1421 3874 α,
1473 3811 1533 3865 τὸ
1599 3810 1880 3883 πανταχοῦ

194 3905 333 3958 εἶναι
365 3905 462 3958 τὸν
488 3904 740 3976 ούρανδν,
763 3902 825 3956 τὸ
851 3905 908 3957 ἐν
945 3903 1110 3956 παντί
1143 3901 1322 3973 χρόνῳ
1353 3902 1597 3957 ἑστάναι.
1650 3903 1741 3957 Διὸ
1785 3903 1881 3957 καὶ

192 4000 369 4063 οὕτως
410 3995 564 4052 εἷπε·
600 3998 801 4052 Καίτοι
834 4013 900 4066 γε
935 3999 1007 4051 οὐ
1035 3995 1275 4066 μακρὰν
1303 3996 1422 4050 ἀπὸ
1447 3997 1587 4062 ἐνὸς
1617 3997 1878 4051 ἑκάστου

193 4089 365 4160 ἡμῶν
399 4089 770 4157 ὑπάρχοντα,
811 4086 921 4140 ἀλλ’
946 4088 1110 4154 ἐγγὺς
1145 4086 1272 4138 ὅντα
1302 4087 1486 4141 πᾶσιν.
1524 4089 1590 4140 “0
1623 4087 1680 4141 δὲ
1705 4088 1874 4156 λέγει,

190 4184 351 4236 τοῦτό
399 4183 549 4233 ἐστιν
569 4196 582 4208 ·
617 4179 692 4231 Οὐ
721 4177 879 4248 μόνον
915 4171 1013 4245 τὴν
1051 4176 1194 4247 ζωὴν
1226 4177 1392 4229 ἔδωκε
1425 4179 1518 4232 καὶ
1550 4177 1648 4250 τὴν
1709 4181 1877 4252 πνοὴν

192 4278 286 4328 καὶ
335 4273 412 4328 τὰ
465 4273 682 4325 πάντα·
742 4268 878 4322 ἀλλὰ
931 4267 1027 4322 καὶ
1080 4268 1142 4321 τὸ
1172 4267 1464 4337 κεφάλαιον
1491 4270 1766 4336 ἁπάντων,
1797 4275 1876 4334 εἰς

190 4369 396 4434 γνῶτιν
430 4367 640 4436 ἤγαγεν
679 4363 865 4424 αὑτοῦ,
905 4361 1028 4422 δοὺς
1053 4362 1247 4427 ταῦτα,
1279 4362 1346 4415 δι’
1372 4356 1447 4415 ὧν
1475 4362 1752 4433 δυνάμεθα
1781 4365 1873 4416 εὑ-

193 4466 307 4528 ρεῖν
337 4459 508 4513 αὒτὺν
534 4457 628 4510 καὶ
655 4455 999 4509 καταλαϐεῖν.
1035 4454 1172 4507 Ἀλλ’
1204 4455 1303 4506 οὑκ
1332 4453 1674 4524 ⁷ἰγθελήσοιμεν
1708 4454 1874 4528 ζητῆ-

192 4570 301 4616 σαι,
339 4552 528 4604 καίτοι
567 4549 673 4621 πρὸ
720 4548 894 4601 ποδῶν
931 4548 1080 4601 ὄντα.
1124 4547 1208 4600 Οὺ
1251 4547 1506 4615 μακρὰν,
1541 4547 1723 4618 φησὶν,
1751 4548 1871 4603 ἀπὸ

187 4649 324 4713 ἑ-νιὲ-ς-
356 4643 632 4698 ἑκάστου
659 4640 826 4712 ἡμῶν
851 4640 1214 4709 ὑπάρχοντα.
1270 4640 1474 4695 Βαϐαίί
1518 4643 1681 4695 πᾶσιν
1706 4643 1872 4711 ἐγγὺς

187 4740 324 4794 εἶναι
350 4741 506 4808 λέγει
534 4740 643 4800 τοῖς
671 4733 945 4805 πανταχοῦ
971 4735 1069 4803 τῆς
1083 4732 1404 4804 οἰκουμένης
1427 4731 1564 4789 οὖσι.
1595 4734 1659 4786 Τί
1678 4735 1868 4787 τούτου

192 4833 413 4901 μεῖζον;
452 4830 605 4898 Ὀρα
637 4826 753 4889 πῶς
782 4827 873 4879 καί
899 4826 1154 4896 καθαιρεῖ
1185 4825 1308 4888 τοὺς
1332 4826 1609 4897 μερικούς.
1632 4827 1697 4881 Τί
1728 4827 1870 4895 λέγω

191 4925 445 4995 μακρά-ις
486 4920 674 4983 Οῦτως
704 4918 870 4988 ἐγγύς
914 4921 1084 4983 ἐστιν,
1113 4919 1188 4981 ὡς
1236 4918 1404 4989 χωρὶς
1446 4918 1611 4972 αὑτοῦ
1642 4920 1715 4990 μὴ
1746 4919 1864 4991 ζῇν.

198 5021 297 5071 Ἐν
331 5013 501 5079 αὐτῷ
530 5014 640 5083 γὰρ
670 5010 853 5081 ζῶμεν
901 5012 998 5064 καὶ
1038 5011 1357 5079 κινούμεθα
1411 5011 1510 5064 καὶ
1537 5011 1742 5080 ἐσμέν.
1782 5013 1868 5077 Ὠς

186 5111 240 5161 ὲν
275 5104 587 5177 σωματικῷ
630 5103 986 5173 ὑποδείγματι
1025 5103 1053 5142 b
1090 5102 1328 5156 τοιοῦτόν
1354 5120 1408 5155 τι
1431 5103 1611 5172 λέγει’
1659 5104 1868 5176 Ὥσπερ

185 5201 450 5254 ἀδύνατον
498 5195 762 5266 ἀγνοῆσαι
807 5195 897 5246 τδν
945 5193 1081 5264 ἀέρα
1111 5193 1384 5264 πανταχοῦ
1415 5195 1731 5266 κεχυμένον,
1774 5199 1868 5250 καὶ

186 5297 241 5346 οὑ
279 5290 511 5361 μακρὰν
537 5289 630 5356 ἀφ’
660 5287 776 5350 ἑνὸς
803 5287 1033 5340 ἑκάστου
1088 5287 1246 5358 ἡμῶν
1294 5287 1628 5359 ὑπάρχοντα.
1668 5289 1868 5359 μᾶλλον

185 5389 236 5440 δὲ
266 5387 362 5440 καὶ
383 5388 444 5439 ὲν
473 5386 610 5455 ἡμῖν
639 5382 770 5435 ὄντα
789 5397 803 5412 ο
831 5379 974 5434 οῦτω
1001 5379 1064 5450 δὴ
1089 5382 1184 5433 καὶ
1207 5381 1298 5434 τὸν
1317 5381 1424 5434 τῶν
1449 5381 1585 5437 δλων
1605 5382 1865 5456 δημιουρ-

183 5481 295 5546 γόν.
343 5483 494 5550 Ὅρα
537 5477 658 5540 πῶς
680 5476 857 5530 πάντα
893 5474 1059 5528 αὑτοῦ
1083 5474 1233 5543 λέγει
1265 5469 1435 5528 εἰναι·
1485 5475 1585 5548 τὴν
1614 5478 1868 5548 πρόνοιαν

180 5572 376 5636 αὑτοῦ,
406 5572 566 5641 φησί,
596 5568 693 5622 καὶ
721 5569 818 5638 τὴν
841 5568 1233 5640 συγκράτησιν,
1261 5569 1321 5623 τὸ
1345 5565 1482 5623 εἶναι
1516 5571 1649 5640 παρ’
1678 5570 1866 5636 αὑτοῦ,

180 5645 239 5718 τὸ
270 5667 542 5736 ἐνεργεῖν,
569 5662 630 5715 τὸ
671 5661 748 5731 μὴ
785 5661 1100 5716 ἀπολέσθαι.
1138 5663 1248 5716 Καὶ
1267 5662 1367 5716 οὐκ
1389 5659 1528 5729 εἷπε,
1568 5665 1646 5717 Δι’
1680 5663 1865 5728 αὑτοῦ,

217 5877 256 5906 -¹
287 5874 451 5946 verba
496 5875 556 5948 ξζὶ
607 5891 657 5933 γε
703 5875 962 5948 ἠϐούλοντο
1005 5875 1200 5936 quidam
1247 5890 1343 5927 non
1388 5875 1594 5928 habent
1670 5877 1696 5916 b
1725 5878 1865 5928 Alius

181 5943 348 6000 ωσπερ
375 5939 422 5986 ἐν
451 5938 659 5997 σώματι,
686 5940 762 5984 καὶ
799 5938 1122 5994 ὑποδείγματι.

1317 291 1387 348 IN
1414 292 1614 348 ACTA
1644 254 2178 346 Apos'réwnun.
2225 287 2461 346 HOMIL.
2501 289 2790 348 xxxvm.

3563 305 3674 364 επ

2007 401 2122 455 ἀλλ’
2143 403 2174 456 ὃ
2192 405 2484 478 ἐγγύτερον
2507 404 2598 479 ἦν,
2632 411 2731 465 Ἐν
2746 411 2925 478 αὐτῷ.
2951 414 3118 469 υὺδὲν
3147 415 3260 474 ἴσον
3280 415 3431 476 εῖπεν
3457 416 3487 468 ὁ
3515 435 3675 494 ποιη-

2007 497 2104 567 τὴς
2146 499 2371 565 ἐκεῖνος,
2407 501 2518 556 Τοῦ
2551 502 2663 572 γὰρ
2688 504 2784 557 καί
2819 505 3024 575 γένος,
3071 509 3268 578 εἰπὼν,
3299 514 3520 585 ἐσμένο
3553 519 3671 576 ἀλλ’

2008 589 2210 650 ἐκεῖνος
2241 589 2339 660 μὲν
2369 593 2497 662 περί
2521 593 2618 646 τοῦ
2641 595 2760 660 Διὸς
2785 593 2928 660 εἷπε,
2956 593 3113 666 οὗτος
3162 603 3220 656 δὲ
3244 605 3371 677 περί
3393 609 3668 684 Δημιουρ-

2001 678 2100 746 γοῦ
2129 681 2260 734 αὑτὸ
2287 682 2575 755 λαμϐάνει,
2609 688 2671 740 οὑ
2707 688 2798 742 τὸν
2833 691 2998 745 αὑτὸν
3019 693 3211 768 ἐκείνῳ
3237 696 3432 768 λέγων,
3458 678 3539 777 μὴ
3574 678 3669 778 γέ-

1999 775 2161 837 νοιτο,
2209 772 2347 827 ἀλλά
2394 775 2462 829 τά
2507 777 2712 848 κυρίως
2755 781 3020 856 ὲπάὐτῷ
3067 789 3332 860 εἰρημένα
3379 772 3665 868 ἁρμόζων·

1999 865 2121 918 ἐπεὶ
2147 867 2242 920 καὶ
2278 867 2458 938 βωμὸν
2492 868 2682 923 τούτου
2719 868 2894 940 εἶπεν,
2929 876 3030 930 οὐκ
3058 879 3290 947 ἐκείνου,
3319 883 3379 938 δν
3394 865 3664 946 ἐσέϐοντο.

1998 957 2227 1030 Εἴρηται
2253 962 2350 1030 μὲν
2373 963 2483 1033 γάρ
2507 981 2630 1017 τινα
2658 967 2752 1019 καὶ
2774 969 3072 1039 πράττεται
3095 976 3176 1038 εἰς
3195 977 3402 1044 τοῦτον,
3424 981 3538 1035 ἀλλ’
3566 984 3666 1038 οὐκ

2000 1049 2174 1105 ῐσασιν
2226 1051 2489 1125 Ἕλληνες
2535 1055 2620 1110 ὅτι
2674 1057 2756 1122 εἰς
2809 1060 2990 1130 αὑτὸν,
3046 1064 3161 1119 ἀλλ’
3192 1069 3274 1133 εἰς
3313 1070 3496 1143 ἕτερον
3527 1075 3668 1130 αὐτά

1998 1142 2340 1213 νενοήκασιν.

2065 1311 2201 1364 Εἰπὲ
2231 1311 2336 1406 γάρ
2393 1331 2484 1384 μοι
2536 1318 2665 1389 περὶ
2688 1319 2833 1387 τίνος
2862 1323 2930 1378 ἂν
2955 1325 3172 1399 λεχθείη
3205 1331 3429 1403 κυρίως,
3447 1335 3660 1406 Ἀγνώ-

1994 1414 2118 1496 στιρ
2149 1402 2292 1468 Θεῷ,
2333 1408 2460 1477 περί
2497 1409 2590 1463 τοῦ
2622 1412 2987 1486 Δημιουργοῦ,
3017 1417 3049 1488 ἢ
3092 1402 3337 1490 περὶτοῦ
3378 1402 3659 1496 δαίμονοςς

1991 1491 2159 1560 Δῆλον
2192 1496 2272 1550 ὃτι
2297 1499 2424 1570 περί
2449 1500 2542 1554 τοῦ
2579 1505 2944 1577 Δημιουργοῦ,
2984 1511 3033 1562 εἰ
3063 1511 3156 1565 καί
3174 1512 3264 1565 τὸν
3291 1515 3388 1584 μὲν
3412 1491 3661 1587 ἠγνόουν,

1989 1585 2083 1638 τὸν
2107 1587 2165 1640 δὲ
2187 1589 2404 1662 ᾔδεσαν.
2421 1591 2653 1664 Ὁμοίως
2678 1597 2773 1650 καὶ
2791 1599 2871 1652 ὅτι
2901 1599 3081 1655 πάντα
3107 1605 3395 1676 πεποίηκε,
3422 1608 3663 1680 περὶτοῦ

1991 1678 2126 1732 Θεοῦ
2159 1681 2226 1734 ἂν
2250 1683 2498 1755 εἰρῆσθαι
2518 1687 2722 1758 κυρίως
2745 1690 3056 1761 ἀρμόσειεν,
3091 1695 3124 1765 ἢ
3157 1694 3251 1748 τοῦ
3280 1697 3422 1764 Διὸς,
3464 1678 3664 1773 μιαροῦ

1989 1787 2132 1835 τινος
2162 1773 2450 1846 ἀνθρώπου
2471 1780 2564 1832 καί¹
2587 1782 2967 1838 καταπτύστου
2997 1782 3093 1841 καῖ
3113 1788 3328 1860 γόητος.
3358 1791 3545 1858 Οὕτως
3564 1796 3664 1866 οὐχ

1987 1862 2189 1932 ὁμοίως
2220 1867 2411 1940 ἐκείνῳ
2459 1871 2671 1937 Παῦλος
2696 1871 2836 1940 εἷπε,
2895 1878 2971 1948 μὴ
3008 1879 3236 1947 γένοιτο,
3273 1883 3366 1936 καὶ
3414 1884 3497 1950 τὸ,
3546 1862 3662 1942 Τοῦ

1987 1954 2098 2047 ιηὰρ
2125 1957 2224 2011 καί
2252 1959 2427 2028 γένος
2462 1962 2676 2032 ἐσμέν·
2707 1967 2824 2020 ἀλλ’
2849 1970 3020 2040 ἑτέρῳ
3044 1971 3141 2042 νῷ.
3185 1972 3346 2038 Γένος
3373 1975 3481 2047 γάρ
3526 1976 3662 2032 Θεοῦ

1987 2041 2140 2102 εἶπεν
2177 2052 2326 2120 ἡμᾶς
2379 2048 2549 2107 εἶναι·
2596 2059 2894 2127 τουτέστιν,
2927 2041 3182 2128 οἰκείους,
3213 2041 3576 2136 ἐγγυτάτδυς*
3625 2069 3659 2140 ἢ

1986 2139 2063 2203 ὡς
2093 2141 2158 2196 ἄν
2181 2159 2267 2206 τις
2289 2143 2455 2211 εἰποι,
2491 2149 2790 2220 παροίκους
2826 2153 2917 2206 καί
2959 2155 3222 2222 γείτονας.
3257 2159 3375 2212 Ἵνα
3417 2160 3535 2229 γὰρ.
3584 2139 3658 2232 μὴ

1987 2229 2150 2285 πάλιν
2173 2231 2390 2302 λέγωσι,
2403 2233 2714 2298 Ξενίζοντα
2733 2242 3028 2312 εἰσφέρεις
3055 2247 3142 2312 εἰς
3167 2247 3274 2314 τὰς
3289 2249 3474 2318 ἀκοὰς
3713 2301 3717 2304 ,

1989 2322 2162 2391 (οὐδὲν
2193 2325 2300 2398 γὰρ
2348 2327 2519 2393 οὕτως
2552 2330 2701 2404 ἱὲ9ἰ]
2735 2334 3040 2406 ἀνθρώποις
3092 2341 3375 2412 ἐναντίον),
3416 2343 3538 2412 ἄγει
3567 2344 3660 2398 τὸν

1991 2414 2221 2487 ποιητὴν
2237 2418 2318 2482 είς
2343 2419 2527 2489 μέσον.
2556 2423 2666 2476 Καὶ
2682 2425 2782 2479 οὐκ
2809 2423 2981 2481 εἶπεν·
3011 2427 3128 2484 Οὑκ
3153 2433 3392 2500 ὀφείλετε
3416 2436 3658 2506 νομίζειν
3720 2439 3725 2444 ’

1986 2513 2234 2588 χρυσῷἢ
2275 2518 2502 2590 ἀργύρῳ
2539 2521 2599 2575 τὸ
2629 2524 2780 2576 Θεῖον
2831 2521 2971 2580 εἶναι
3003 2529 3209 2598 ὅμοιον,
3263 2530 3308 2584 ὦ
3345 2537 3530 2606 μιαροί
3559 2541 3656 2592 καὶ

1987 2607 2333 2679 παμμίαροι·
2369 2611 2505 2666 ἀλλὰ
2543 2617 2944 2689 ταπεινότερον,
2984 2621 3154 2675 Τοῦτο
3185 2625 3297 2678 οὐκ
3335 2626 3657 2698 ὀφείλομεν

1985 2697 2261 2767 νομίζειν,
2286 2705 2471 2773 φησὶν,
2494 2706 2610 2760 ἀλλ’
2639 2708 2779 2781 ὑπὲρ
2799 2712 2976 2777 τοῦτο,
3015 2712 3079 2767 Τί
3107 2715 3193 2767 δαὶ
3226 2714 3285 2768 τὸ
3308 2717 3449 2789 ὑπὲρ
3470 2697 3650 2790 τοῦτο;

1986 2791 2150 2858 Θεόςο
2209 2797 2324 2850 ἀλλ’
2359 2800 2481 2852 οὑδὲ
2527 2800 2687 2856 τοῦτο
2735 2804 3054 2878 (ἐνεργείας
3093 2808 3200 2880 γάρ
3248 2811 3393 2865 ἐστιν
3422 2813 3652 2886 ὄνομα),

1985 2887 2123 2941 ἀλλά
2175 2889 2310 2954 τέως
2360 2891 2547 2947 τοῦτο·
2605 2895 2746 2966 πλὴν
2792 2898 2851 2950 ού
2910 2898 3140 2971 λέγομεν
3197 2903 3372 2975 τούτῳ
3399 2906 3460 2959 τὸ
3503 2909 3656 2962 Θεῖον

1985 2973 2123 3032 εἶναι
2151 2981 2334 3050 ὅμοιον
2352 3000 2365 3013 ·
2399 2984 2482 3048 τίς
2511 2985 2618 3058 γάρ
2643 2987 2707 3040 ἂν
2742 2988 2914 3055 εἷποι;
2950 2991 3090 3063 Ὅρα
3114 2994 3234 3058 πῶς
3259 2995 3319 3049 τὸ
3345 2973 3655 3070 ἀσώματον

1984 3071 2297 3143 εἰσήγαγεν.
2349 3076 2412 3128 ἸΙ
2441 3078 2548 3149 γὰρ
2579 3078 2783 3134 διάνοια
2809 3083 2938 3137 ὅταν
2977 3085 3289 3162 ὑποπτεύσῃ
3343 3091 3520 3162 σῶμα,
3560 3096 3654 3149 καί

1983 3162 2257 3236 διάστημα
2308 3167 2543 3224 ὑπονοεῖ.
2574 3171 2764 3238 Γένος
2801 3170 2914 3229 οὖν
2946 3177 3323 3248 ὑπάρχοντες
3349 3186 3456 3239 τοῦ
3480 3188 3653 3255 Θεοῦ,

1983 3257 2095 3308 οὐκ
2128 3257 2448 3328 ὀφείλομεν
2473 3262 2731 3331 νομίζειν
2760 3275 2806 3326 ο,
2835 3268 2988 3337 φησί,
3020 3271 3232 3339 χρυσῷ
3261 3273 3298 3340 ἣ
3328 3275 3564 3345 ἀργύρῳ
3611 3278 3650 3347 ἢ

1981 3349 2148 3414 λίθῳ,
2181 3351 2506 3422 χαράγματι
2534 3353 2750 3426 τέχνης
2775 3359 2873 3411 καὶ
2896 3361 3281 3433 ἐνθυμήσεως
3310 3367 3648 3437 ἀνθρώπου,

1982 3437 2049 3493 τὸ
2089 3441 2260 3496 Θεῐον
2287 3439 2439 3498 εἶναι
2479 3445 2706 3515 ὅμοιον.
2755 3449 2894 3503 Ἀλλ’
2929 3455 3071 3507 εἰποι
3109 3455 3174 3510 ἄν
3207 3475 3291 3523 τις
3317 3477 3329 3491 ·
3357 3462 3428 3515 Οὐ
3490 3463 3651 3519 τοῦτο

1982 3535 2294 3607 νομίζομεν·
2327 3538 2382 3591 τί
2408 3535 2502 3593 οῦν
2525 3541 2700 3595 ταῦτα
2719 3542 2862 3612 λέγει
2885 3564 2900 3613 ;
2933 3546 3092 3601 Ἀλλά
3115 3550 3251 3619 πρὸς
3270 3554 3395 3618 τοὺς
3421 3555 3650 3622 πολλοὺς

1981 3623 2010 3676 ό
2041 3625 2196 3694 λόγος
2220 3622 2288 3698 ἦν
2316 3629 2464 3701 αὐτῷ
2486 3646 2499 3659 ’
2537 3631 2718 3696 καλῶς
2742 3633 2914 3699 οῦτως
2943 3632 3114 3692 εἶπεν.
3147 3640 3211 3694 Εἰ
3233 3642 3341 3712 γὰρ
3365 3645 3526 3716 ἡμεῖς
3549 3648 3652 3702 οὐκ

1981 3715 2148 3786 ἐσμὲν
2181 3720 2355 3789 ὅμοιοι
2402 3723 2633 3790 ἐκείνοις
2660 3726 2722 3779 τὸ
2764 3728 2906 3782 κατά
2936 3727 3132 3801 ψυχὴν,
3167 3733 3346 3805 πολλῷ
3394 3737 3594 3807 μᾶλλον
3620 3741 3652 3794 ό

1981 3807 2132 3873 Θεός.
2165 3811 2316 3877 Τέως
2365 3813 2567 3884 ἀπάγει
2600 3817 2798 3881 αὑτοὺς
2823 3818 2926 3888 τῆς
2957 3821 3231 3885 ὑπονοίας.
3268 3825 3342 3878 Ού
3388 3827 3548 3897 μόνον
3591 3831 3648 3883 δὲ

1980 3902 2296 3973 χαράγματι
2343 3904 2538 3975 τέχνης
2599 3906 2661 3960 τὸ
2691 3907 2847 3961 Θεῖον
2891 3910 2991 3964 οὐκ
3038 3910 3188 3966 ἐστιν
3219 3915 3403 3983 ὅμοιον
3434 3917 3485 3984 ἀ,
3528 3920 3644 3975 ἀλλ’

1977 3993 2098 4046 οὐδὲ
2125 3993 2260 4068 ἄλλῃ
2281 3998 2388 4050 τινὶ
2414 3999 2726 4071 ἀνθρωπίνῃ
2759 4001 2984 4073 ὑπονοίᾳ
3028 4003 3424 4062 ὑποϐάλλεταιο
3470 4011 3504 4084 ἦ
3537 4014 3648 4084 γάρ

1976 4081 2141 4153 τέχνη
2170 4085 2202 4153 ἦ
2228 4086 2436 4140 διάνοια
2467 4084 2610 4155 εῦρε.
2643 4090 2743 4144 Διά
2763 4089 2920 4144 τοῦτο
2939 4092 3111 4158 οὕτως
3128 4090 3281 4150 εἶπεν
3305 4116 3320 4131 ·
3346 4081 3523 4173 Ὅπερ
3551 4081 3647 4159 οὖν

1975 4173 2136 4247 τέχνη
2165 4175 2474 4250 ἀνθρωπίνη
2513 4182 2545 4250 ἢ
2571 4181 2780 4235 διάνοια
2816 4177 2964 4254 εὗρε,
2993 4186 3150 4241 τοῦτο
3190 4191 3219 4242 ό
3251 4189 3404 4256 Θεὸς,
3433 4195 3528 4249 καὶ
3586 4199 3645 4252 ὲν

1973 4267 2108 4338 λίθῳ
2135 4269 2294 4323 οὐσία
2339 4270 2474 4324 Θεοῦ
2495 4289 2508 4303 ⁸
2539 4273 2658 4338 πῶς
2694 4271 2807 4340 οὖν,
2841 4278 2889 4329 εἰ
2927 4277 2984 4330 ὲν
3018 4278 3166 4350 αὑτῷ
3195 4279 3396 4353 ζῶμεν,
3425 4287 3524 4358 οὐχ
3555 4291 3646 4342 εὑ-

1975 4357 2236 4430 ρίσκομεν
2265 4362 2458 4429 αὑτόν;
2493 4364 2726 4418 Διπλοῦν
2753 4366 2815 4420 τὸ
2836 4367 3003 4441 ἐγκλη
3012 4387 3109 4440 μα,
3131 4372 3213 4424 ὅτι
3233 4390 3292 4426 τε
3321 4357 3524 4432 ἐκεῖνον
3545 4380 3642 4452 οὐχ

1972 4448 2150 4523 εὖρον,
2191 4454 2285 4507 καὶ
2330 4454 2414 4507 ὅτι
2459 4456 2733 4522 τοιούτους
2783 4454 2970 4531 εεῦρον.
3050 4463 3298 4536 Οὑδαμοῦ
3349 4469 3382 4539 ή
3422 4467 3642 4526 ’διάνοια

1972 4543 2284 4609 ἀξιόπιστος
2334 4545 2455 4598 καθ’
2481 4549 2702 4620 ἑαυτήν.
2750 4550 2890 4604 Ἀλλ’
2924 4553 3109 4625 ἐπειδὴ
3142 4558 3424 4612 κατέσεισε
3459 4563 3640 4618 αὐτῶν

1968 4636 2068 4706 τὴν
2096 4637 2272 4710 ψυχὴν
2317 4641 2496 4707 δείξας
2523 4642 2990 4714 ἀναπολογήτους,
3025 4645 3126 4716 δρα
3149 4647 3202 4699 τί
3231 4650 3426 4718 ἐπάγει
3444 4670 3456 4681 ·
3495 4657 3640 4723 Τοὺς

1966 4731 2084 4798 μὲν
2117 4732 2376 4800 χρόνους
2394 4729 2512 4802 ’τῆς
2537 4735 2784 4803 ἀγνοίας
2807 4727 3122 4804 ὺπερὶδὼν,
3172 4741 3362 4794 τανῦν
3412 4757 3640 4818 παραγ-

1970 4824 2171 4894 γέλλει
2198 4825 2326 4892 τοῖς
2339 4826 2670 4894 ἀνθρώποις
2689 4827 2843 4882 ,πᾶσι
2869 4829 3179 4897 πανταχοῦ
3194 4836 3529 4900 μετανοεῖν.
3570 4840 3637 4894 Τί

1969 4910 2094 4980 οὖν;
2141 4913 2317 4975 οὐδεὶς
2372 4914 2662 4978 κολάζεται
2691 4917 2929 4978 τούτων;
2989 4917 3174 4981 Οὐδεὶς
3219 4919 3329 4974 τῶν
3376 4924 3637 4983 θελόντων

1973 5009 2269 5076 μετανοεῖν.
2295 5007 2429 5077 Περὶ
2455 5004 2658 5059 τούτων
2682 5005 2846 5073 λέγει,
2878 5005 2938 5058 οὐ
2965 5009 3090 5079 περὶ
3113 5009 3220 5064 τῶν
3269 5014 3636 5088 ἀπελθόντων,

1969 5099 2083 5152 ἀλλ’
2105 5095 2186 5162 οἷς
2216 5099 2602 5170 παραγγέλλει.
2635 5097 2748 5152 υὺκ
2773 5101 2994 5153 ἀπαιτεί
3042 5100 3198 5172 λόγον
3228 5106 3392 5177 ὑμᾶς,
3445 5115 3633 5185 φησίν,

1971 5191 2085 5244 Οὐκ
2109 5187 2280 5257 εἶπεν,
2319 5192 2554 5254 Ἐκεῖνος
2597 5189 2848 5260 παρεῖδεν
2869 5209 2882 5224 ·
2915 5194 3014 5246 οὑκ
3041 5191 3216 5263 εἶπεν,
3248 5200 3446 5258 Εῖασεν
3467 5221 3483 5237 ο
3518 5207 3636 5261 ἀλλ’

1981 5283 2168 5352 Ὑμεῖς
2199 5285 2521 5354 ὴγνοήσατε.
2565 5281 2910 5355 ’Υπερεῖδεν·
2945 5290 3244 5358 τουτέστιν,
3281 5296 3382 5349 οὑκ
3410 5297 3634 5352 ἀπαιτεί

1971 5373 2189 5428 κόλασιν
2217 5376 2293 5438 ὼς
2314 5374 2496 5441 ἀξίους
2526 5375 2682 5439 ὄντας
2719 5376 3009 5443 κολάσεως.
3048 5382 3405 5458 Ἠγνοήσατε.
3436 5390 3546 5444 Καὶ
3566 5391 3629 5443 οὐ

1970 5467 2138 5537 λέγει,
2186 5469 2432 5534 Ἐκόντες
2497 5470 2966 5545 ὲκακουργήσατε,
3011 5475 3148 5533 ἀλλὰ
3193 5478 3352 5534 τοῦτο
3400 5481 3488 5535 διὰ
3518 5481 3630 5535 τῶν

1969 5559 2082 5614 ἀνω
2102 5559 2292 5626 ἔδειξε,
2312 5562 2628 5632 Πανταχοῦ
2643 5563 2976 5634 μετανοεῖν,
3013 5567 3200 5627 εἰπών,
3236 5569 3495 5625 Ἐνταῦθα
3518 5570 3628 5624 πᾶ-

1972 5670 2070 5708 σαν
2101 5654 2200 5724 τὴν
2233 5653 2565 5727 οἰκουμένην·
2586 5654 2900 5713 αἰνίττεται.

2038 5877 2059 5903 ε
2082 5874 2297 5930 Νομίζειν
2340 5872 2482 5920 deest
2504 5872 2550 5918 in
2578 5870 2749 5922 Morel.

2848 5868 2873 5911 ἀ
2899 5873 3075 5933 Verba,
3119 5882 3172 5924 ού
3206 5875 3404 5934 μόνον...
3438 5879 3622 5939 ὅμοιον.

1979 5939 2158 5991 desunt
2182 5936 2228 5985 in
2256 5935 2408 5986 tribus
2435 5934 2569 5983 codd.
3469 5934 3479 5939 -
3613 5934 3619 5935 γ
3653 5949 3656 5952 ,
