4100 6354
549 265 656 324 273

613 382 677 437 δ’.
710 382 852 453 Ὀρα
868 380 983 443 πῶς
998 378 1193 442 αὐτοὺς
1210 376 1411 445 ἀπάγει
1432 375 1541 428 τῶν
1563 372 1820 445 μερικῶν.
1851 374 2003 427 Διότι
2030 373 2206 438 ἐστη-

546 485 662 524 σεν
692 468 940 538 ἡμέραν,
972 468 1153 537 φησὶν,
1183 466 1253 518 ἐν
1275 458 1315 536 ᾗ
1339 463 1551 533 μέλλει
1591 462 1820 529 κρίνειν
1864 462 1979 527 τὴν
2010 462 2205 513 οἰκου-

542 556 737 627 μένην
788 557 858 608 ἐν
906 554 1278 619 δικαιοσύνῃ.
1316 551 1481 620 Ὅρα·
1546 548 1706 601 πάλιν
1751 548 1852 618 τὴν
1884 546 2202 616 οἰκουμένην

547 640 723 709 εἶπεν,
758 642 897 695 οὑτω
926 642 1053 703 τοὺς
1080 638 1399 709 ἀνθρώπους
1431 634 1631 688 καλῶν.
1672 636 1775 688 Ἐν
1802 634 1972 702 ἀνδρὶ
1997 627 2045 699 ᾧ
2071 632 2203 701 ὥρι-

548 745 683 793 σεν,
735 727 1087 795 ἀναστήσας
1124 724 1310 778 αὑτὸν
1341 724 1408 776 ἐκ
1430 722 1677 791 νεκρῶν.
1712 722 1852 793 Ὅρα
1904 721 2019 783 πῶς
2048 721 2207 774 πάλιν

547 818 610 870 τὸ
637 816 803 879 πάθος
832 816 1116 882 ἐδήλωσεν,
1147 811 1496 874 ἀναστάσεως
1546 810 1941 881 μνημονεύσας.
1974 809 2097 861 Ὅτι
2151 808 2207 860 δὲ

546 904 753 974 ἀληθής
778 905 810 971 ἡ
844 900 1041 971 κρίσις,
1079 898 1234 969 δῆλον
1265 900 1329 953 ἐκ
1363 899 1462 967 τῆς
1502 897 1876 959 ἀναστάσεως·
1940 912 2208 964 συγκατα-

549 992 869 1055 σκευάζεται
909 989 1015 1059 γάρ
1039 1004 1054 1018 ·
1090 988 1184 1040 καὶ
1212 988 1294 1040 ὅτι
1327 987 1501 1040 πάντα
1526 984 1751 1055 ἀληθείᾳ
1790 980 1930 1046 εἷπε,
1964 984 2121 1053 δῆλον
2148 981 2210 1047 ἐξ

546 1074 621 1132 ὦν
673 1079 893 1147 ἀνέστη.
929 1076 1053 1129 Ὀτι
1080 1075 1137 1127 δέ
1185 1075 1281 1128 καὶ
1309 1076 1441 1127 πᾶσι
1466 1073 1671 1144 ταύτην
1719 1075 1972 1144 παρεῖχον
2003 1072 2205 1136 πίστιν,

544 1165 607 1218 τὸ
640 1166 927 1235 ἀναστῆναι
952 1162 1113 1216 αὑτὸν
1140 1164 1204 1215 ἐκ
1227 1162 1454 1231 νεκρῶν,
1508 1162 1601 1214 καὶ
1629 1160 1786 1214 τοῦτο
1817 1160 2001 1214 λοιπὸν
2026 1158 2203 1229 δῆλον.

546 1255 731 1309 Ταῦτα
762 1254 973 1324 εἴρηται
1001 1251 1100 1323 μὲν
1143 1252 1278 1322 πρὸς
1314 1250 1626 1321 Ἀθηναίους
1647 1265 1662 1280 ⁸
1703 1250 1889 1321 καιρὸν
1918 1248 1962 1303 δ’
1990 1247 2056 1302 ἂν
2096 1247 2207 1317 ἔχοι

546 1346 640 1399 καὶ⁵
673 1344 803 1415 πρὸς
830 1344 977 1414 ἡμᾶς
1034 1342 1307 1410 λέγεσθαι,
1342 1343 1422 1395 ὅτι
1484 1341 1690 1404 πάντας
1734 1339 2008 1410 πανταχοῦ
2041 1356 2208 1411 μετα-

546 1435 688 1485 νοεῖν
715 1432 812 1493 δεῖ,
848 1431 928 1482 ὅτι
949 1428 1399 1499 ῶρισενήμέραν,
1421 1430 1477 1482 ἐν
1566 1428 1745 1499 μέλλει
1773 1429 1980 1500 κρίνειν
2008 1428 2107 1498 τὴν
2127 1429 2207 1480 ol-

547 1538 643 1574 κου
652 1520 835 1589 μένην.
857 1518 998 1588 Ὅρα
1014 1518 1131 1580 πῶς
1151 1518 1243 1570 καί
1264 1517 1522 1587 δικαστὴν
1548 1517 1706 1569 αὑτὸν
1723 1517 1949 1585 εἰσάγει,
1964 1517 2058 1569 καλ⁸
2074 1534 2209 1587 προ-

546 1608 769 1661 νοοῦντα
792 1604 884 1660 τοῦ
897 1606 1101 1674 κόσμου
1124 1605 1215 1656 καὶ¹
1229 1603 1376 1676 [292]
1397 1604 1769 1674 φιλάνθρωπον
1786 1606 1877 1657 καὶ
1894 1621 2209 1675 συγγνωμο-

545 1695 694 1748 νικὸν
719 1694 814 1746 καὶ
841 1692 1060 1745 δυνατὸν
1089 1694 1182 1745 καί¹
1205 1692 1387 1761 σοφὸν,
1418 1693 1510 1745 καὶ
1536 1692 1713 1745 πάντα
1734 1691 1921 1756 ἁπλῶς
1938 1693 2208 1762 Δημιουρ-

546 1782 644 1852 γοῦ
673 1781 880 1851 ἔχοντα.
918 1778 1211 1844 Ἀπόδειξιν
1270 1779 1434 1832 ἐδωκε
1471 1780 1564 1833 τοῦ
1616 1780 1913 1850 ἀναστῆναι
1947 1779 2106 1832 αὑτὸν
2144 1781 2209 1833 ἐκ

546 1870 754 1941 νεκρῶν
778 1868 846 1921 τά
866 1867 1147 1938 εἰρημένα.
1182 1869 1620 1939 Μετανοήσωμεν
1648 1879 1673 1908 α
1706 1863 1828 1920 οὖν·
1859 1866 2075 1930 πάντως
2100 1867 2209 1938 γάρ

546 1957 802 2030 κριθῆναι
829 1956 928 2009 δεῖ.
961 1955 1022 2008 Εἰ
1055 1956 1129 2025 μὴ
1151 1955 1348 2025 ἀνέστη
1388 1956 1417 2006 6
1466 1954 1721 2025 Χριστὸς,
1771 1954 1832 2007 οὑ
1876 1954 2206 2024 κρινόμεθα·

546 2047 595 2098 εί
631 2045 687 2098 δέ
715 2044 934 2113 ἀνέστη,
967 2041 1185 2100 πάντως
1226 2041 1541 2111 κρινόμεθα.
1600 2043 1705 2107 Εἰς
1733 2041 1908 2095 τοῦτο
1958 2040 2069 2112 γὰρ
2112 2041 2211 2096 καὶ

545 2130 867 2196 ἀπέθανεν,
917 2130 1019 2184 ἵνα
1066 2130 1165 2182 καὶ
1223 2128 1455 2197 νεκρῶν
1504 2128 1601 2182 καί
1638 2128 1865 2190 ζώντων
1896 2130 2207 2197 κυριεύσῃ,

547 2217 712 2286 φησί·
770 2216 865 2269 καὶ
896 2215 1057 2269 πάλιν
1080 2230 1096 2246 ·
1154 2215 1382 2280 Πάντες
1425 2213 1535 2285 γὰρ
1578 2218 2082 2284 παραστησόμεθα
2131 2214 2212 2280 τῷ

540 2304 765 2373 ,ϐήματι
789 2302 895 2357 τοῦ
921 2302 1200 2370 Χριστοῦ,
1237 2304 1337 2356 ἵνα
1359 2301 1615 2368 ἕκαστος
1662 2303 1978 2372 κομίσηται
2006 2302 2152 2372 πρὸς
2174 2302 2213 2357 ἃ

545 2393 789 2461 ἔπραξε.
823 2392 913 2464 Μὴ
943 2393 1007 2462 δὴ
1056 2392 1313 2463 νομίσητε
1366 2393 1588 2462 ῥήματα
1642 2392 1800 2462 μόνον
1825 2386 1964 2444 εἶναι
2004 2390 2206 2444 ταῦτα·

549 2481 658 2533 ἰδοῦ
694 2480 787 2533 καὶ
835 2480 921 2532 τὸν
952 2479 1079 2550 περί
1132 2478 1231 2549 τῆς
1286 2478 1640 2541 ἀναστάσεως
1685 2478 1793 2531 τῶν
1830 2479 2048 2531 πάντων
2096 2478 2211 2530 εἰσ-

546 2570 719 2639 ήγαγε
748 2567 934 2635 λόγον’
975 2567 1036 2619 οὐ
1070 2566 1177 2636 γὰρ
1206 2565 1378 2628 ἄλλως
1416 2566 1658 2637 κρίνεται
1692 2566 1725 2634 ή
1757 2564 2070 2635 οἰκουμένη.
2103 2564 2212 2616 Καὶ

544 2656 626 2719 τὸ,
678 2654 1055 2720 Ἀναστήσας
1091 2653 1159 2706 δὲ
1196 2654 1381 2707 αὑτὸν
1408 2654 1476 2705 ἐκ
1507 2651 1756 2720 νεκρῶν,
1790 2654 1918 2723 περί
1962 2652 2211 2721 σώματός

545 2745 693 2796 ἐστιν
716 2741 1001 2812 εἰρημένον
1021 2755 1034 2767 ·
1067 2740 1225 2793 τοῦτο
1260 2741 1367 2811 γάρ
1420 2742 1513 2793 καὶ
1546 2740 1758 2809 νεκρὸν,
1787 2740 1946 2792 τοῦτο
1979 2742 2071 2793 καὶ
2107 2740 2207 2792 πέ-

545 2848 750 2884 πτωκε.
781 2830 938 2899 Παρά
963 2828 1216 2897 Ἕλλησιν
1238 2827 1425 2899 ῶσπερ
1452 2827 1521 2879 τά
1547 2827 1643 2896 τῆς
1668 2826 2044 2898 δημιουργίας,
2070 2826 2211 2879 οῦτω

546 2920 642 2973 καὶ
690 2919 757 2971 τά
794 2921 892 2990 τῆς
938 2916 1169 2984 κρίσεως
1200 2915 1491 2969 ἀθετεῖται.
1522 2914 1704 2966 Ταῦτα
1730 2914 1785 2966 δέ
1815 2914 2017 2967 παίδων
2045 2915 2207 2985 εὑρή-

549 3023 716 3077 ματα,
767 3008 859 3059 καί
894 3004 1199 3076 μεθυόντων
1236 3001 1538 3073 ἀνθρώπων
1568 3003 1735 3055 ἐστίν.
1777 3001 1915 3054 Ἀλλ’
1941 3004 2100 3072 ἡμεῖς
2156 3005 2206 3056 οἱ

545 3095 674 3164 περὶ
703 3093 903 3147 τούτων
925 3091 1166 3163 ἀκριϐῶς
1197 3090 1413 3154 εἰδότες,
1444 3089 1768 3159 πράττωμέν
1796 3106 1847 3142 τι
1884 3090 1991 3142 τῶν
2013 3092 2207 3161 χρησί-

549 3200 685 3253 μων,
714 3181 807 3234 καὶ
838 3178 1224 3250 σπουδάζωμεν
1253 3178 1594 3248 οἰκειωθῆναι
1616 3178 1692 3248 τῷ
1723 3178 1961 3248 Χριστῷ.
1985 3179 2161 3249 Μέχρι
2181 3179 2207 3219 b

545 3270 676 3323 πότε
705 3268 1057 3341 ἐχθραίνομεν
1085 3268 1220 3338 πρὸς
1260 3267 1449 3330 αὑτόν;
1488 3270 1647 3337 μέχρι
1677 3268 1805 3319 πότε
1857 3267 1994 3337 πρὸς
2045 3268 2208 3322 αὑτὸν

545 3356 725 3427 ἀηδῶς
756 3355 982 3426 ἐχομεν;
1010 3354 1101 3423 Μὴ
1125 3355 1349 3421 γένοιτο,
1378 3353 1544 3423 φησί·
1580 3353 1632 3405 τί
1660 3353 1830 3407 ταῦτα
1848 3353 2059 3422 λέγεις;
2096 3355 2207 3408 Οὑκ

546 3443 844 3513 ἐϐουλόμην
872 3442 1043 3494 ταῦτα
1086 3440 1286 3508 λέγειν,
1313 3441 1361 3492 εἰ
1390 3440 1464 3512 μὴ
1485 3440 1662 3494 ταῦτα
1689 3440 1986 3512 ἐπράττετε
2012 3442 2168 3515 ὑμεῖς
2190 3459 2203 3471 ·

546 3533 664 3585 νυνὶ
687 3531 744 3583 δὲ
763 3531 813 3583 τί
836 3531 899 3584 τὸ
932 3528 1120 3601 κέρδος
1141 3528 1241 3596 τῆς
1262 3528 1369 3581 τῶν
1398 3528 1572 3597 λόγων
1598 3528 1777 3599 σιγῆς,
1809 3529 1918 3582 τῶν
1955 3531 2209 3601 πραγμά-

546 3636 654 3672 των
679 3616 820 3671 οῦτω
855 3616 1098 3687 βοώντων
1130 3615 1267 3687 μετά
1295 3616 1477 3687 πάσης
1516 3617 1909 3687 περιφανείας
1961 3618 2085 3681 Πῶς
2113 3614 2207 3672 οῦν

546 3708 708 3761 αὑτὸν
754 3707 1088 3776 φιλήσομεν;
1121 3702 1290 3759 Εἶπον
1322 3705 1420 3776 μὲν
1452 3708 1711 3778 μυριάκις
1747 3707 1934 3779 μυρία,
1974 3708 2207 3779 ἐροῦμεν

546 3796 603 3850 δὲ
625 3797 720 3850 καὶ
748 3794 862 3848 νῦν.
895 3794 1108 3866 Τρόπον
1135 3792 1230 3847 ἐνα
1253 3793 1542 3864 εὑρηκέναι
1575 3810 1663 3865 μοι
1687 3794 1850 3860 δοκῶ,
1877 3795 2010 3849 πολὺ
2037 3796 2207 3867 μέγαν

547 3885 641 3939 καὶ
664 3883 973 3955 θαυμαστόν
992 3898 1004 3912 ·
1038 3881 1176 3953 μετά
1206 3881 1302 3935 τοῦ
1327 3882 1395 3936 τά
1416 3884 1569 3953 κοινῇ
1594 3884 1855 3953 γινόμενα
1898 3884 2206 3953 λογίζεσθαι

548 3972 653 4027 ὑπὸ
668 3971 762 4027 τοῦ
796 3970 931 4025 Θεοῦ
962 3969 1198 4025 τοσαῦτα
1226 3970 1375 4033 ὄντα,
1402 3971 1501 4024 ὅσα
1533 3972 1652 4024 ούδέ
1673 3971 1925 4042 ἀριθμεῖν
1942 3991 2023 4037 τις
2051 3972 2207 4026 δύνα-

546 4078 660 4123 ται,
689 4061 781 4114 καὶ
806 4060 945 4130 ὑπὲρ
986 4058 1192 4112 τούτων
1240 4058 1491 4112 ἁπάντων
1520 4059 1747 4129 χάριτας
1795 4060 1991 4114 εἰδέναι
2036 4060 2203 4131 αὑτῷ,

430 4146 442 4163 “
547 4151 641 4203 καὶ
672 4148 741 4203 τά
773 4147 987 4218 ἑκάστῳ
1010 4147 1168 4217 ἡμῶν
1193 4146 1530 4217 γεγενημένα
1557 4147 1825 4218 ἐννοῶμεν
1871 4150 2091 4215 πάντες,
2114 4150 2207 4202 καὶ

548 4235 669 4291 καθ’
724 4235 960 4304 ἑκάστην
1028 4232 1478 4305 ἀναλογιζώμεθα
1534 4235 1632 4306 τήν
1686 4234 1917 4306 ἡμέραν.
1986 4236 2205 4309 Ἐπειδὴ

545 4324 726 4378 τοίνυν
779 4321 1021 4392 μεγάλην
1074 4320 1187 4390 ἔχει
1246 4320 1344 4392 τὴν
1409 4322 1564 4391 ἰσχὺν
1610 4322 1804 4389 ταῦτα,
1858 4324 2086 4386 ἕκαστος
2136 4327 2206 4396 ή-

550 4412 667 4482 μῶν
727 4408 1125 4477 άναλογιζέσθω
1183 4410 1311 4480 παρ’
1372 4409 1585 4480 ἐαυτῷ,
1654 4414 1747 4465 καὶ
1818 4412 1954 4483 μετά
2031 4414 2205 4484 ἀκρι-

544 4503 696 4562 ϐείας
721 4498 1082 4571 ἀνερευνάτω,
1117 4499 1171 4550 εῖ
1206 4515 1335 4551 ποτε
1373 4500 1451 4562 εἰς
1480 4498 1755 4565 κινδύνους
1806 4501 2094 4573 προπεσὼν
2122 4503 2203 4555 δι-

546 4592 715 4660 έφυγε
740 4590 839 4652 τὰς
868 4588 975 4641 τῶν
1005 4586 1260 4641 ἐναντίων
1288 4588 1493 4657 χεῖρας,
1526 4588 1619 4640 καὶ
1672 4588 1920 4659 καθάπερ
1950 4592 2007 4641 ἐν
2040 4589 2205 4660 βίϐλῳ

545 4679 639 4742 τὰς
666 4676 981 4747 εὐεργεσίας
1020 4675 1399 4744 ἀναγράπτονς
1431 4672 1600 4746 ἐχέτω
1632 4672 1725 4725 τοῦ
1783 4674 1950 4726 Θεοῦ·
1990 4670 2119 4738 οἷον,
2155 4674 2206 4729 εί

427 4783 435 4790 '
544 4783 675 4819 ποτε
703 4762 933 4831 ἐξελθὼν
964 4763 1042 4825 εἰς
1072 4762 1189 4814 ὁδον
1224 4760 1420 4831 ἀωρίᾳ,
1447 4759 1667 4829 διέφυγε
1696 4761 1968 4814 κίνδυνον·
2000 4763 2202 4815 εἴποτε

544 4857 799 4923 πονηροῖς
836 4849 1144 4922 ἀνθρώποις
1194 4846 1503 4917 συμϐαλὼν,
1536 4846 1804 4917 ἀνώτερος
1838 4849 2012 4902 αὑτῶν
2046 4849 2204 4917 γέγο-

544 4956 659 4994 νεν·
699 4939 897 4992 εἴποτε
928 4937 1067 5008 νόσῳ
1096 4932 1425 5005 περιπεσὼν,
1454 4934 1669 4987 πάντων
1694 4934 2085 5001 ἀπεγνωκότων
2111 4936 2203 4988 ἀν-

543 5028 740 5096 ήνεγκε
765 5040 779 5054 ⁸
824 5024 965 5093 μέγα
995 5022 1103 5090 γάρ
1124 5021 1280 5073 τοῦτο
1306 5019 1525 5075 δύναται
1554 5020 1688 5092 πρὸς
1718 5021 1778 5072 τὸ
1804 5020 2034 5074 οἰκειοῦν
2058 5023 2202 5093 ἡμᾶς

542 5113 621 5183 τῷ
654 5111 790 5179 Θεῷ.
824 5110 887 5161 Εἰ
916 5108 1021 5178 γάρ
1054 5107 1117 5177 δὴ
1148 5108 1486 5178 Μαρδοχαῖος
1530 5108 1734 5171 ἐκεῖνος
1788 5107 1859 5161 τά
1918 5109 2009 5162 ὑπ’
2035 5111 2198 5164 αὑτοῦ

544 5197 882 5271 γεγενημένα
923 5196 1102 5263 ἀγαθά
1136 5195 1273 5267 ἔργα
1308 5198 1388 5261 εἰς
1421 5198 1637 5268 μνήμην
1667 5196 1885 5250 ἐλθόντα
1912 5197 2005 5250 τοῦ
2048 5196 2201 5267 βασι-

544 5293 701 5353 λέως,
719 5288 887 5351 οὕτως
909 5288 1030 5357 ἔσχε
1050 5288 1439 5361 προῖστάμενα,
1465 5289 1540 5352 ώς
1555 5289 1716 5342 πάλιν
1742 5291 1831 5342 ἐπὶ
1850 5290 2200 5362 τὴνλαμπρό-

542 5396 678 5450 τητα
709 5377 922 5445 ἐκείνην
954 5375 1125 5427 ἐλθεῖν
1146 5390 1160 5404 ⁸
1192 5373 1371 5445 πολλῷ
1404 5376 1600 5444 μᾶλλον
1637 5378 1819 5449 ἡμεῖς,
1870 5377 1937 5430 ἂν
1961 5378 2201 5449 ἀναμνη-

544 5469 780 5538 σθῶμεν,
815 5466 907 5518 καὶ
934 5463 1025 5517 δύο
1052 5465 1255 5518 τούτων
1288 5464 1489 5533 ἀκριϐῆ
1531 5466 1887 5537 ποιησώμεθα
1943 5468 2190 5532 ἐξέτασιν

540 5558 648 5610 τῶν
677 5556 1033 5627 πραγμάτων,
1069 5554 1121 5607 τί
1158 5554 1255 5624 μὲν
1285 5554 1601 5624 ἡμάρτομεν
1638 5558 1793 5625 ἡμεῖς
1840 5559 1917 5621 εἰς
1964 5557 2115 5622 Θεὸν,
2147 5559 2197 5611 τί

539 5653 595 5707 δέ
629 5650 786 5712 αὐτὸς
815 5651 892 5714 εἰς
923 5650 1072 5720 ἡμᾶς
1116 5646 1316 5717 ἀγαθὸν
1345 5648 1663 5719 εἴργασται·
1720 5648 1861 5702 οῦτω
1904 5650 1998 5703 καὶ
2034 5651 2196 5719 εὐχά-

600 5853 617 5877 ⁶
640 5855 745 5903 Duo
763 5853 923 5910 codd.,
950 5852 1245 5915 Δημιουργοῦ
1270 5855 1408 5915 ἔχειν.
1440 5854 1693 5903 τουτέστιν
1720 5853 1949 5911 ἀπόδειξιν
1971 5855 2120 5903 ἐόωκε
2140 5854 2196 5902 τὸ

543 5916 795 5975 ἀναστῆναι
814 5916 953 5963 αὑτὸν
974 5917 1025 5963 ἐκ
1048 5918 1238 5977 νεκρῶν.
1270 5919 1442 5965 Maron.

1356 263 1415 317 S.
1452 258 1734 317 JOANNIS
1770 250 2259 314 CHRYSOSTOMI
2296 257 2616 316 ARCHIEP.
2654 258 3197 317 CONSTANT‘INOP.
3832 266 3917 321 274

2313 388 2483 443 ριστοι
2514 376 2768 446 ἐσόμεθα,
2804 376 2895 429 καὶ
2946 376 3121 429 πάντα
3181 376 3549 448 προησόμεθα.
3601 377 3730 430 Ἀλλ’
3774 380 3917 445 οὐδεὶς

2307 460 2511 514 τούτων
2563 463 2769 526 οὐδενὸς
2833 466 3063 517 ποιεῖται
3105 465 3363 535 μνήμην·
3412 465 3525 517 ἀλλ’
3580 466 3757 536 ὥσπερ
3814 472 3917 538 περὶ
3974 476 4000 529 “.;

2308 548 2719 620 ἁμαρτημάτων
2765 550 3014 619 λέγομεν,
3046 550 3128 603 ὅτι
3176 551 3483 621 ἁμαρτωλοί
3534 553 3711 621 ἐσμεν,
3740 554 3792 605 οὑ
3822 556 3915 607 κατ’

2308 632 2445 699 εἶδος
2472 637 2608 690 αὑτά
2642 637 3002 702 ἐξετάζοντες,
3028 638 3169 691 οῦτω
3211 639 3306 690 καὶ
3336 641 3464 709 περὶ
3498 640 3606 692 τῶν
3638 642 3915 711 εὐεργεσιῶν

2305 724 2399 778 τοῦ
2418 724 2569 788 Θεοῦ,
2588 726 2667 779 ὅτι
2687 725 3051 795 εὐηργέτησεν
3075 728 3239 796 ἡμᾶς,
3259 727 3529 795 λέγοντες,
3548 729 3730 794 όΘεὸς,
3746 730 3798 781 οὑ
3818 734 3913 783 κατ’

2308 810 2446 876 εἶδος
2464 814 2603 867 αὑτά
2623 812 2967 882 ἐξετάζομεν,
2993 814 3054 867 οὑ
3080 814 3328 885 λέγομεν,
3356 815 3462 868 ποῦ
3506 818 3597 869 καὶ
3622 816 3751 870 πόσα
3777 818 3854 869 καὶ
3871 821 3915 869 ὲν

2308 902 2444 972 ποίῳ
2483 901 2675 973 καιρῷ.
2708 901 2844 955 Ἀλλ’
2876 902 2984 953 ἀπὸ
3012 902 3103 955 τοῦ
3132 902 3225 955 νῦν
3258 903 3457 974 πολλὴν
3492 904 3817 974 ποιησώμεθα
3838 906 3916 973 τήν

2306 989 2610 1061 ἀκρίϐειαν.
2627 993 2691 1047 Εἰ
2710 992 2807 1062 μὲν
2824 992 2930 1062 γάρ
2948 1008 3028 1053 τις
3042 992 3135 1045 καὶ
3146 991 3215 1044 τά
3230 991 3396 1044 πάλαι
3413 991 3691 1044 ἀναλαϐεῖν
3707 991 3915 1054 δύναται,

2312 1076 2494 1130 πάντα
2516 1079 2918 1149 ἀναλογιζέσθω
2936 1081 3085 1154 [295]
3116 1080 3379 1151 ἀκριϐῶς,
3403 1079 3479 1142 ώς
3513 1080 3678 1148 μέγαν
3709 1079 3917 1148 εὑρήσων

2308 1164 2596 1236 θησαυρόν.
2625 1168 2793 1222 Τοῦτο
2814 1171 2905 1223 καὶ
2932 1171 3066 1240 πρὸς
3099 1170 3157 1222 τὸ
3184 1169 3257 1239 μὴ
3278 1167 3668 1235 ἀπογινώσκειν
3692 1169 3916 1239 χρήσιμον

2306 1248 2458 1317 ἡμῖν.
2492 1250 2654 1303 Ὅταν
2685 1252 2793 1322 γάρ
2836 1253 3053 1323 ἴδωμεν,
3082 1253 3162 1305 ὅτι
3198 1252 3441 1323 προέστη
3499 1251 3743 1313 πολλάκις
3770 1253 3915 1322 ἡμῶν,

2307 1335 2408 1388 οὑκ
2445 1336 2872 1409 άπογνωσόμεθα
2927 1340 3046 1392 οὑδέ
3079 1338 3396 1410 ἡγησόμεθα
3430 1339 3750 1410 ἀπερῤῖφθαι
3772 1357 3785 1373 ·
3824 1341 3917 1394 ἀλλ’

2308 1422 2560 1494 ἐνέχυρον
2599 1426 2762 1478 αὑτοῦ
2798 1426 2939 1495 μέγα
2966 1426 3244 1496 ληψόμεθα
3267 1427 3368 1496 τῆς
3397 1428 3526 1497 περί
3551 1427 3700 1497 ἡμῶν
3727 1428 3918 1498 κηδεμο-

2308 1510 2448 1575 νίας,
2472 1512 2598 1565 ὅταν
2631 1514 2990 1584 ἐννοήσωμεν,
3021 1516 3102 1568 ὅτι
3136 1514 3473 1585 ἁμαρτόντες
3499 1515 3561 1568 οὑ
3608 1515 3914 1586 κολαζόμεθσ,

2310 1598 2445 1651 ἀλλά
2476 1599 2571 1653 καὶ
2598 1602 2930 1670 προστασίας
2955 1602 3320 1673 ἀπολαύομεν.

2380 1692 2441 1739 ε’.
2465 1687 2617 1740 Εἴπω
2633 1686 2696 1758 δή
2726 1706 2778 1742 τι
2808 1688 2982 1758 κάγὼ,
3005 1690 3142 1760 ὅπερ
3168 1690 3385 1762 ἀκήκοα
3405 1691 3556 1762 παρά
3578 1707 3728 1754 τινος·
3759 1691 3914 1758 Γέγονέ

2310 1774 2413 1826 πού
2442 1792 2526 1838 τις
2558 1778 2707 1841 παῖς,
2748 1777 2841 1830 καί
2894 1794 3025 1830 ποτε
3059 1777 3256 1848 συνέϐη
3308 1779 3473 1832 αὑτὸν
3526 1775 3659 1831 εἶναι
3700 1784 3751 1832 ἐν
3792 1778 3914 1847 ἀγρῴ

2313 1862 2452 1933 μετά
2480 1862 2581 1933 τῆς
2609 1864 2834 1934 μητρὸς,
2858 1864 3011 1919 οῦπω
3033 1865 3525 1936 πεντεκαιδεκαέτη
3538 1868 3911 1935 γεγονότα.Τότε

2309 1948 2372 2021 δὴ
2406 1950 2642 2020 χαλεποῦ
2676 1969 2821 2015 τινος
2850 1952 3011 2022 ἀέρος
3051 1953 3378 2023 συμϐάντος,
3424 1955 3648 2025 πυρετὸς
3694 1956 3909 2007 ἐπέπεσεν

2310 2037 2642 2110 ἀμφοτέροις
2661 2056 2676 2071 ⁸
2702 2040 2795 2093 καὶ
2830 2041 2939 2111 γάρ
2994 2040 3055 2094 τὸ
3093 2042 3413 2113 μετόπωρον
3439 2038 3528 2113 ἡν.
3556 2044 3681 2095 Τότε
3702 2043 3759 2112 δή
3788 2044 3815 2112 ή
3840 2044 3909 2110 μὲν

2314 2126 2496 2196 μήτηρ
2552 2126 2785 2195 ἔφθασεν
2829 2128 3091 2181 εἰσελθεῖν
3136 2130 3230 2182 ἐπὶ
3270 2130 3374 2200 τῆς
3400 2131 3606 2193 πόλεως
3626 2148 3639 2162 ·
3671 2132 3697 2183 6
3720 2130 3770 2182 δέ
3795 2132 3913 2193 παῖς,

2308 2213 2418 2267 τῶν
2454 2216 2651 2286 ἰατρῶν
2684 2218 2800 2270 ἐκεῖ
2850 2217 3179 2272 κελευόντων
3224 2220 3430 2290 μένειν,
3465 2222 3557 2275 καὶ
3602 2220 3690 2274 τοῦ
3720 2219 3914 2289 πυρετοῦ

2311 2302 2580 2366 καίοντος,
2632 2304 3076 2375 άνακογχυλίζειν
3134 2306 3339 2377 ἤρξατο
3398 2308 3556 2379 δῆθεν
3622 2307 3913 2377 φιλοσοφῶν,

2314 2390 2515 2460 μᾶλλον
2550 2391 2611 2444 τὸ
2645 2391 2756 2462 πῦρ
2786 2393 3066 2447 σϐεννύναι
3092 2394 3361 2463 οἰόμενος,
3385 2398 3431 2449 εἰ
3456 2396 3571 2467 μηδ’
3586 2396 3748 2449 ὁτιοῦν
3772 2395 3911 2449 λάϐοι.

2313 2477 2443 2530 "Ara
2470 2478 2532 2548 δὴ
2557 2474 2648 2531 οὖν
2666 2483 2811 2542 παῖς,
2833 2480 2937 2532 ὑπὸ
2959 2481 3287 2549 φιλονεικίας
3312 2484 3612 2555 ἀκαίροοοὺ
3628 2484 3910 2554 προσήκατο.

2324 2565 2410 2629 Ὠς
2438 2567 2495 2619 δέ
2525 2568 2696 2637 ἐπέϐη
2717 2569 2814 2637 τῆς
2840 2569 3069 2637 πόλεως,
3098 2570 3312 2642 παρέθη
3354 2573 3424 2627 τά
3447 2575 3543 2642 τῆς
3571 2572 3808 2641 γλώττης,
3837 2570 3912 2622 καὶ

2310 2654 2505 2719 ἄλαλος
2524 2650 2592 2726 ἦν
2628 2658 2717 2709 ἐπὶ
2747 2656 2904 2723 πολὺ,
2934 2658 3085 2711 οὐδὲν
3115 2658 3381 2731 ἔναρθρον
3411 2660 3773 2730 φθεγγόμενος·
3804 2657 3911 2710 ἀλλὰ

2310 2742 2640 2811 ἀνεγίνωσκε
2678 2742 2797 2813 μὲν,
2823 2745 2913 2797 καί
2938 2746 3015 2809 εἰς
3059 2746 3414 2811 διδασκάλους
3458 2749 3639 2817 ἐφοίτα
3675 2748 3755 2800 ἐπί
3778 2745 3909 2797 πολὺν

2312 2831 2523 2901 χρόνον,
2558 2831 2744 2896 ἁπλῶς
2764 2833 2819 2885 δὲ
2851 2832 2945 2886 καὶ
2988 2833 3197 2903 ἄσημα.
3240 2836 3427 2890 Πάντα
3468 2833 3557 2890 οῦν
3591 2834 3725 2905 αὑτῷ
3755 2834 3812 2887 τά
3834 2833 3910 2900 τῆς

2312 2918 2524 2983 ἐλπίδος
2558 2920 2878 2983 ἐκκέκοπτο,
2911 2923 3003 2975 καὶ
3037 2922 3227 2993 ὀδύνης
3250 2919 3320 2993 ἦν
3355 2927 3388 2996 ἡ
3418 2927 3593 2995 μήτηρ
3627 2923 3806 2993 μεστή·
3836 2919 3907 2971 καὶ

2314 3005 2484 3059 πολλά
2537 3008 2634 3077 μὲν
2677 3009 2987 3079 ἐπενόησαν
3046 3011 3242 3082 ἰατροὶ,
3275 3012 3450 3065 πολλα
3491 3012 3545 3064 δέ
3590 3011 3712 3064 ἄλλα
3738 3006 3905 3065 πολλοὶ,

2313 3090 2461 3159 ἴσχυε
2495 3089 2550 3142 δὲ
2573 3091 2766 3155 οὐδεὶς,
2795 3092 2898 3153 ἕως
2929 3093 3017 3145 ὅτε
3045 3095 3073 3146 6
3097 3094 3477 3167 φιλάνθρωπος
3501 3095 3625 3159 Θεὸς
3654 3094 3818 3147 ἰάσατο
3832 3088 3905 3141 τὸν

2306 3174 2407 3242 τῆς
2457 3174 2703 3246 γλώττης
2748 3176 2967 3247 δεσμὸν,
3022 3179 3115 3231 καὶ
3146 3179 3266 3231 τότε
3300 3181 3586 3251 ἀνήνεγκε,
3615 3179 3699 3231 καί
3742 3177 3809 3237 εἰς
3830 3174 3904 3241 τὴν

2309 3263 2579 3333 προτέραν
2610 3266 2958 3334 ἐπανήγαγεν
2984 3265 3313 3334 εὑγλωττίαν
3332 3268 3494 3321 αὑτὸν
3522 3266 3608 3321 καὶ
3632 3264 3903 3336 τρανότητα.

2307 3352 2613 3421 Διηγήσατο
2632 3350 2689 3404 δὲ
2719 3351 2883 3405 αὑτοῦ
2924 3355 2958 3423 ἡ
2992 3356 3194 3425 μήτηρ,
3226 3355 3321 3407 καὶ⁸
3340 3357 3424 3408 ὅτι
3449 3355 3510 3425 δὴ
3542 3355 3628 3408 καὶ
3654 3350 3830 3405 παιδίον
3858 3347 3905 3397 ὃν

2308 3439 2512 3510 σφόδρα
2533 3441 2747 3511 μικρὸν,
2781 3441 2910 3512 περὶ⁵
2930 3441 3029 3512 τὴν
3062 3445 3185 3513 ῥῖνα
3235 3444 3411 3508 πάθος
3447 3445 3615 3514 ἔσχεν,
3655 3440 3681 3494 ὃ
3721 3435 3904 3491 καλοῦσι

2306 3527 2612 3581 πολύπουν·
2636 3528 2731 3581 καὶ
2758 3527 2918 3581 πάλιν
2978 3530 3154 3600 ἰατροὶ
3200 3531 3624 3601 ἀπεγνώκεισαν,
3652 3529 3732 3581 καὶ
3752 3524 3902 3578 τελευ-

2306 3614 2472 3684 τῆσαι
2494 3614 2695 3685 ηὔχετο
2722 3618 2754 3686 ἡ
2783 3618 2984 3688 μήτηρ,
3012 3618 3106 3671 καὶ
3135 3619 3163 3671 6
3185 3620 3369 3691 πατὴρ
3395 3620 3540 3687 αὑτῷ
3569 3616 3808 3687 κατηρᾶτο
3820 3611 3910 3681 (ἐτι

2305 3703 2415 3775 γάρ
2444 3703 2602 3775 ἐτυχε
2626 3704 2780 3775 ζῶν),
2809 3707 2905 3758 καὶ
2924 3705 3084 3759 πάλιν
3107 3706 3283 3761 πάντα
3337 3711 3397 3762 ἐν
3443 3706 3633 3777 ἀπορία
3666 3700 3741 3774 ἦν.
3785 3702 3832 3751 Ὀ
3851 3698 3900 3751 δὲ

2308 3792 2511 3855 εὐθέως
2536 3791 2725 3864 βήξας,
2758 3793 2867 3846 ἀπὸ
2893 3795 3177 3864 μύγματος
3206 3796 3268 3849 τὸ
3293 3796 3482 3869 θηρίον
3511 3797 3673 3850 ἐκεῖνο
3692 3792 3746 3859 τῇ
3771 3787 3896 3858 ῥύμη

2304 3879 2401 3935 τοῦ
2433 3882 2738 3952 πνεύματος
2758 3882 2988 3947 ἐξέωσεν
3017 3884 3126 3939 ἀπὸ
3145 3883 3254 3938 τῶν
3291 3886 3479 3957 ῥινῶν,
3508 3886 3591 3938 καί
3624 3880 3771 3933 πάντα
3820 3876 3899 3925 λέη

2305 3970 2434 4025 λυτο
2457 3971 2526 4025 τά
2550 3972 2719 4025 δεινά.
2742 3971 2945 4025 Τούτου
2976 3972 3032 4025 δέ
3064 3972 3405 4041 σϐεσθέντος,
3440 3974 3603 4045 ῥεῦμα
3640 3964 3756 4022 κατὰ
3800 3962 3898 4014 τών-

2307 4058 2602 4129 όφθαλμῶν
2632 4058 2796 4130 δριμὺ
2825 4060 2920 4112 καὶ
2955 4060 3210 4129 γλίσχρον
3257 4063 3513 4134 ἐπιρρέον
3555 4057 3650 4117 ἀεὶ,
3674 4048 3889 4106 τοσαύτας

2308 4147 2482 4201 ἐποίει
2510 4147 2608 4210 τὰς
2642 4148 2822 4217 λήμας
2848 4147 2941 4201 καὶ
2962 4146 3104 4200 οὑτω
3144 4149 3397 4218 παχείας,
3428 4150 3501 4211 ώς
3539 4144 3644 4199 ἀντὶ
3671 4136 3889 4205 διαφράγ-

2308 4253 2477 4306 ματος
2501 4235 2752 4303 γενέσθαι
2774 4237 2841 4305 τῇ
2867 4236 3026 4306 κόρη,
3053 4235 3215 4288 καὶτὸ
3229 4236 3432 4303 δεινὸν,
3446 4226 3896 4307 πήρωσινιὲμελέτα,

2306 4326 2402 4382 κοιλ⁸
2430 4324 2631 4385 πάντες
2657 4321 2841 4390 ἔλεγον
2869 4322 3025 4376 τοῦτο
3042 4323 3445 4395 συμϐήσεσθαι.
3471 4322 3617 4379 Ἀλλά
3637 4316 3715 4371 καὶ
3733 4313 3890 4366 τούτου

2306 4414 2486 4483 χάριτι
2515 4424 2535 4449 ο
2573 4410 2667 4463 τοῦ
2698 4409 2831 4463 Θεοῦ
2859 4410 3073 4481 ταχέως
3105 4411 3398 4484 ἀπηλλάγη
3436 4413 3524 4466 τοῦ
3553 4406 3745 4465 πάθους.

2376 4502 2485 4555 Καὶ
2513 4500 2682 4553 ταῦτα
2714 4498 2813 4568 μὲν
2851 4497 2994 4569 ἆπερ
3028 4498 3255 4568 ἤκουσα·
3293 4498 3328 4554 ἀ
3367 4501 3423 4553 δέ
3450 4497 3597 4559 αὑτὸς
3621 4492 3887 4555 ἐπίσταμαι.

2306 4589 2416 4659 ἐρῶ
2445 4589 2583 4660 πρὸς
2606 4588 2769 4657 ὑμᾶς·
2816 4587 3073 4659 Ἐκινήθη
3103 4587 3233 4639 ποτέ
3261 4589 3534 4660 τυράννων
3567 4578 3739 4646 ὑποψία
3766 4575 3813 4625 ἐν
3834 4571 3888 4660 τῇ

2302 4657 2541 4748 πόλειτῇ
2588 4675 2831 4746 ἡμετέρα
2891 4657 3034 4745 (τότε
3078 4673 3134 4726 δὲ
3190 4675 3269 4727 ἐτι
3328 4657 3595 4748 μειράκιον
3628 4657 3888 4736 ήμην)·καὶ

2304 4767 2519 4820 πάντων
2536 4766 2733 4829 ἔξωθεν
2755 4764 2852 4835 τὴν
2881 4764 3033 4816 πόλιν
3052 4764 3521 4839 παρακαθημένων
3538 4758 3635 4812 τῶν
3674 4762 3887 4819 στρατιω-

2302 4857 2431 4919 τῶν,
2459 4854 2618 4922 τυχὸν
2641 4852 2930 4917 ἀπλάστως
2968 4852 3149 4920 βιϐλία
3172 4852 3394 4923 ἐζήτουν
3447 4843 3659 4919 γοητικά
3699 4840 3775 4892 καὶ
3806 4847 3884 4901 μα·

2302 4946 2453 5011 γικά.
2494 4940 2602 4996 Καὶ
2629 4941 2657 4992 6
2688 4939 2902 5011 γράψας
2928 4939 2989 4991 τὸ
3024 4939 3248 5008 βιϐλίον,
3284 4941 3441 5010 ῥίψας
3469 4923 3884 5011 ἀκατασκεύσιστον

2302 5031 2381 5091 εἰς
2404 5027 2664 5096 ποταμὸν,
2696 5025 2856 5085 ἐάλω,
2887 5026 2979 5077 καὶ
3003 5026 3401 5096 ἀπαιτούμενος
3448 5024 3539 5077 οὑκ
3585 5013 3684 5084 εἶχε
3711 5007 3878 5100 δοῦναι.

2302 5118 2439 5171 ἀλλά
2461 5116 2754 5187 περιήγετο
2777 5113 2875 5183 τὴν
2924 5113 3080 5166 πόλιν
3128 5114 3346 5167 ἃπασαν
3380 5114 3601 5180 δέσμιος·
3625 5104 3688 5163 ὡς
3724 5097 3770 5149 δὲ
3794 5106 3883 5143 των

2300 5207 2536 5275 ὲλέποιων
2563 5201 2977 5273 ἐπιτεινομένων
2998 5201 3189 5256 δέδωκε
3217 5203 3393 5273 δίκην,
3426 5201 3537 5253 τότε
3562 5190 3660 5261 ἐγὼ
3683 5188 3884 5275 εξςξιαρ·

2298 5294 2482 5364 τύριον
2515 5291 2732 5343 ἀπιέναι
2766 5289 3104 5359 βουλόμενος,
3150 5292 3406 5362 ἐπανῄειν
3458 5284 3539 5339 διὰ
3586 5278 3681 5332 τῶν
3724 5270 3880 5364 κὴξτων

2302 5382 2451 5453 παρά
2477 5380 2722 5449 ποταμὸν
2753 5379 2891 5448 μετά
2922 5379 3012 5431 καὶ
3052 5379 3237 5449 ἐτέρου
3276 5382 3438 5443 τινός.
3480 5372 3612 5429 Ἰδών
3636 5366 3685 5418 δὲ
3712 5364 3879 5453 ὲκείνας

2297 5471 2358 5523 τὸ
2383 5443 2585 5539 βιϐλίον
2610 5443 2720 5520 ἀνω
2741 5443 3014 5530 ἐπιπλέον,
3039 5467 3098 5519 τὸ
3119 5443 3218 5536 μὲν
3245 5468 3455 5539 πρῶτον

2298 5538 2454 5619 εἶναι,
2480 5556 2766 5623 γενόμενος
2797 5554 2852 5606 δὲ
2870 5555 3055 5622 ἐγγὺς,
3080 5554 3219 5621 ἔγνω
3240 5538 3323 5609 ὃτι
3352 5552 3540 5625 βιϐλίον
3556 5538 3685 5617 [9.94]
3712 5538 3783 5601 ὴν.
3802 5540 3879 5625 κξξ

2300 5644 2540 5706 καταϐάς
2574 5642 2833 5695 ἀνείλετο.
2866 5642 3007 5710 Ἐγὼ
3057 5643 3112 5695 δέ
3149 5645 3524 5712 ἐφιλονείκουν,
3563 5631 3684 5683 ὥστε
3728 5622 3882 5677 κοινήν

2367 5839 2391 5877 ι’
2415 5844 2541 5891 Idem
2562 5842 2821 5904 χρησίμοιν⁹
2851 5843 3165 5905 οἶκειωθῶμεν
3192 5861 3259 5906 τῳ
3281 5840 3571 5907 Θεῷ.λιέχςιιο
3633 5829 3650 5856 ⁸
3667 5818 3869 5874 λῃδίῳ

2305 5908 2409 5959 τότε
2434 5907 2607 5968 χάριτι.
