3978 6510
214 423 301 477 9.73

212 537 298 591 Vos
322 525 593 602 ignorastis.
626 524 911 593 Despexit;
960 521 1012 577 id
1057 530 1174 586 est,
1203 535 1309 576 non
1352 520 1514 591 exigit
1547 534 1732 590 poenas

210 626 332 702 quasi
352 638 377 676 a
401 617 649 689 supplicio
673 616 866 685 dignis.
889 614 1200 685 lgnorastis.
1225 614 1333 670 Nec
1358 614 1508 679 dicit,
1531 612 1734 684 Sponte

211 717 323 774 ntale
348 711 541 782 egistis;
573 707 667 761 sed
700 706 799 760 hoc
828 721 923 775 per
951 705 1229 774 superiora
1268 706 1616 771 monstravit,
1668 703 1735 759 Ut

208 816 355 883 ubique
378 808 701 880 paenitentiam
730 813 913 874 agant,
959 800 1164 857 dicens.
1207 799 1305 854 llic
1340 805 1506 853 totum
1548 796 1733 852 orbem

208 904 468 963 insinuavit.

265 1000 304 1053 t.
344 993 461 1047 Vide
484 989 749 1062 quomodo
783 988 906 1043 illos
931 986 1158 1042 abducat
1197 1000 1227 1039 a
1268 982 1571 1055 pluralitate
1604 981 1736 1037 deo-

205 1105 316 1145 rum.
347 1086 467 1152 Quia
493 1084 664 1137 statuit
693 1082 825 1135 diem
844 1122 858 1145 ,
884 1080 1075 1150 inquit.
1104 1081 1158 1131 in
1182 1093 1283 1147 qua
1305 1076 1632 1147 judicaturus
1658 1081 1731 1128 est

204 1181 341 1236 orbem
379 1178 429 1229 in
462 1176 709 1246 azquitate.
749 1173 880 1227 Vide
909 1186 1097 1227 rursus
1123 1170 1307 1225 orbem
1335 1168 1499 1233 dicit,
1529 1167 1606 1222 sic
1632 1167 1731 1219 bo-

204 1277 343 1331 tnines
364 1285 567 1324 vocans.
597 1266 663 1321 lu
692 1268 798 1321 viro
834 1268 889 1320 in
915 1281 1012 1334 quo
1037 1264 1245 1328 statuit,
1275 1262 1525 1316 suscitans
1562 1276 1673 1314 eum
1701 1276 1733 1313 a

203 1366 392 1420 mortuis.
413 1362 540 1416 Vide
568 1360 837 1428 quomodo
861 1362 1055 1414 iterum
1081 1357 1383 1427 passionem
1422 1353 1731 1409 manifesta-

201 1461 283 1521 vit,
307 1454 737 1510 resurrectionem
786 1463 1109 1505 memorans.
1139 1448 1289 1516 Quod
1329 1457 1504 1501 autem
1545 1460 1732 1500 verum

203 1555 252 1606 sit
275 1550 527 1621 judicium,
560 1548 731 1618 palam
763 1555 847 1600 est
883 1561 949 1601 ex
980 1542 1414 1605 resurrectione;
1444 1538 1568 1595 inde
1588 1540 1730 1593 enim

201 1646 240 1700 itl
258 1643 472 1713 arguitur
492 1658 504 1693 :
526 1648 582 1696 et
601 1639 741 1710 quod
765 1638 942 1693 omnia
958 1651 1081 1692 vera
1106 1632 1429 1703 sint,inquit,
1458 1631 1630 1701 palam
1651 1638 1735 1684 est

201 1753 250 1790 cx
288 1750 343 1789 eo
384 1732 517 1803 quod
559 1729 912 1787 resurrexerit
957 1745 971 1783 :
1015 1726 1264 1798 quodque
1306 1724 1556 1781 omnibus
1594 1722 1733 1776 hanc

200 1826 475 1898 prmbuerint
504 1824 665 1880 ﬁdem
692 1865 706 1887 ,
731 1821 873 1893 quod
898 1819 1252 1877 resurrexerit
1294 1834 1362 1873 ex
1404 1816 1650 1882 mortuis,
1677 1825 1733 1871 et

201 1925 278 1974 hoc
299 1919 508 1988 denique
556 1915 894 1971 manifestum
934 1923 1037 1970 est.
1069 1913 1195 1968 Haec
1233 1912 1374 1967 dicta
1419 1918 1544 1965 sunt
1566 1910 1734 1965 Athe-

199 2012 462 2074 niensibus;
509 2018 571 2064 et
598 2017 898 2078 opportune
928 2006 1082 2061 nobis
1110 2005 1272 2059 etiam
1302 2003 1567 2069 dicantur,
1610 2016 1732 2056 om-

201 2104 321 2156 nibus
345 2100 525 2169 ubique
551 2098 812 2169 agendam
843 2095 1211 2167 paenitentiam
1249 2107 1404 2159 esse,
1435 2093 1557 2163 quia
1595 2091 1730 2148 deﬁ-

201 2198 301 2249 nivit
323 2195 451 2249 diem
481 2194 533 2247 in
568 2207 673 2263 quo
697 2191 1034 2262 iudicaturus
1061 2198 1144 2245 est
1168 2189 1375 2243 orbem.
1405 2186 1539 2243 Vide
1568 2188 1730 2242 etiam

198 2286 421 2356 quomodo
443 2285 593 2339 illum
617 2284 853 2354 judicem
887 2282 1119 2346 inducat,
1149 2290 1203 2336 et
1229 2280 1414 2335 mundi
1441 2279 1731 2350 providen-

200 2381 296 2431 tiant
321 2377 615 2440 habentem,
646 2375 952 2447 benignum,
982 2371 1405 2435 misericordem,
1433 2379 1729 2441 potentem,

200 2470 469 2535 sapientem,
522 2467 816 2536 omniaque
862 2478 1082 2533 prorsus
1126 2478 1246 2533 qua:
1288 2469 1414 2516 sunt
1459 2460 1733 2519 Creatoris

201 2560 453 2617 habentem.
481 2556 957 2615 Conﬁrmationem
998 2555 1337 2628 praebuerunt
1359 2554 1519 2620 dicta,
1550 2571 1671 2610 eum
1701 2571 1729 2608 a

202 2656 381 2707 tnnrtuis
428 2652 825 2707 resurrexisse.
858 2651 1230 2706 Pmnitentiam
1284 2662 1414 2721 ergo
1454 2664 1674 2718 agamus
1716 2668 1730 2704 :

203 2748 374 2800 omnino
393 2747 529 2800 enim
556 2745 786 2814 judicari
807 2752 1037 2814 oportet.
1057 2744 1113 2798 Si
1138 2758 1242 2815 non
1264 2744 1557 2798 resurrexit
1581 2741 1734 2795 Citri-

205 2848 304 2903 stus,
326 2854 419 2891 non
443 2837 792 2906 iudicamur;
842 2837 887 2890 si
918 2835 1235 2900 resurrexit,
1278 2836 1494 2889 omnino
1529 2833 1732 2903 judica-

208 2947 309 2984 tnur.
333 2930 389 2984 In
414 2931 503 2983 hoc
536 2930 677 2983 enim
702 2938 746 2984 et
772 2938 1000 2982 mortuus
1026 2937 1127 2994 est,
1156 2937 1212 2981 ut
1231 2937 1278 2981 et
1297 2928 1419 2981 vivis
1445 2938 1491 2981 et
1529 2928 1737 2981 mortuis

212 3026 363 3093 imperet
381 3024 561 3091 (Rom.
594 3023 680 3077 14.
707 3020 787 3093 9),
818 3020 1016 3090 inquit;
1045 3030 1100 3075 et
1119 3034 1329 3074 rursum
1356 3037 1369 3073 :
1397 3018 1580 3073 Omnes
1604 3024 1737 3073 enim

219 3116 455 3169 admittimus
484 3124 613 3167 ante
634 3113 853 3166 tribunal
875 3112 1082 3176 Christi,
1107 3122 1161 3164 ut
1187 3112 1527 3181 unusquisque
1553 3112 1738 3180 referat

222 3205 425 3257 mundum
449 3222 508 3259 ea
534 3220 657 3275 qua:
680 3205 795 3275 fecit
829 3202 988 3273 (Ibid.
1010 3218 1058 3255 υ.
1092 3202 1179 3257 10.
1218 3215 1272 3256 ct
1295 3202 1350 3255 Ξ.
1372 3200 1487 3256 Cor.
1537 3202 1591 3257 5.
1624 3203 1735 3270 10).

219 3294 269 3347 he
285 3297 444 3363 putetis
475 3295 601 3350 haec
640 3294 803 3349 verba
849 3293 1019 3348 solum
1051 3307 1171 3348 esse
1203 3307 1366 3349 :ecce
1406 3301 1460 3351 et
1504 3307 1740 3348 resurre-

212 3389 385 3441 ctionem
414 3387 660 3441 omnium
690 3384 1039 3449 memoravit;
1071 3398 1243 3453 neque
1267 3384 1407 3438 enim
1425 3384 1740 3454 aliterjudi-

210 3489 320 3531 catur
349 3480 503 3534 orbis.
540 3478 721 3534 Etiam
752 3477 911 3543 illud,
969 3475 1235 3532 Suscitans
1275 3492 1387 3530 eum
1424 3492 1457 3529 a
1497 3477 1739 3544 mortuis,

207 3572 255 3625 de
276 3588 474 3642 corpore
507 3572 717 3627 dictum
742 3580 825 3625 est
856 3587 870 3625 :
904 3570 1077 3639 ipsum
1108 3569 1251 3624 enim
1282 3578 1548 3623 mortuum
1589 3579 1739 3635 erat,

208 3662 284 3717 hoc
316 3666 596 3720 ceciderat.
633 3663 788 3733 Apud
817 3662 1040 3732 gentiles
1064 3704 1080 3729 ,
1122 3662 1259 3717 sicut
1297 3662 1533 3727 creatio,
1577 3662 1649 3717 ita
1690 3670 1745 3719 et

204 3754 411 3829 judicium
454 3757 846 3812 contemnitur.
891 3755 1014 3809 llaec
1054 3764 1227 3808 autem
1271 3770 1556 3827 puerorum
1591 3769 1743 3810 com-

206 3857 345 3900 menta
371 3858 518 3912 sunt,
556 3856 615 3903 et
647 3848 915 3902 ebriorum
938 3846 1235 3900 hominum.
1261 3847 1364 3901 Sed
1388 3860 1485 3901 nos
1511 3847 1599 3916 qui
1632 3846 1747 3904 haec

203 3951 407 3995 accurate
444 3940 766 4007 didicimus,
812 3939 1010 4009 aliquid
1044 3939 1171 3993 utile
1197 3938 1448 3993 faciamus
1472 3979 1488 4004 ,
1529 3938 1744 3993 studea-

205 4045 390 4099 ntusque
432 4030 727 4086 familiares
779 4046 900 4086 esse
932 4030 1159 4086 'Cltristo
1209 4031 1250 4085 ί.
1302 4030 1584 4102 Usquequo
1633 4030 1747 4100 ejus

205 4122 366 4178 inimici
394 4126 643 4180 erimus?
669 4140 942 4195 usquequo
974 4126 1149 4179 minus
1175 4125 1408 4187 suaviter
1436 4139 1560 4195 erga
1599 4124 1747 4178 illum

208 4212 343 4267 allecti
371 4215 609 4270 erimus?
633 4215 819 4282 Absit,
861 4214 1068 4284 inquies
1093 4232 1108 4273 :
1139 4230 1235 4270 cur
1263 4214 1378 4269 haec
1406 4213 1583 4270 dicis?
1621 4212 1750 4269 Nol-

204 4301 284 4357 lem
299 4306 399 4361 haec
420 4306 625 4370 dicere,
645 4306 747 4360 nisi
766 4321 860 4361 vos
882 4304 1125 4362 faceretis
1147 4322 1162 4372 ;
1194 4321 1337 4362 nunc
1363 4320 1489 4361 vero
1509 4321 1626 4375 qua:
1643 4306 1745 4360 uti-

203 4393 301 4449 litas
337 4413 396 4451 ex
438 4399 691 4464 silentio,
749 4413 869 4452 cum
917 4413 1005 4452 res
1048 4398 1119 4451 ita
1165 4397 1439 4467 perspicue
1485 4396 1748 4453 clament?

203 4486 446 4555 Quomodo
480 4492 649 4562 igitur
680 4478 827 4545 illum
875 4490 1196 4561 diligemus?
1238 4491 1558 4547 Sexcenties
1603 4491 1745 4558 dixi,

205 4581 279 4634 sed
320 4598 451 4637 nunc
476 4598 693 4653 quoque
717 4583 912 4638 dicam.
956 4583 1166 4639 Modum
1210 4582 1478 4639 invenisse
1512 4582 1641 4637 mihi
1668 4582 1749 4636 vi-

204 4669 314 4725 deor
340 4688 580 4745 magnum
611 4683 666 4729 et
696 4674 1016 4730 mirabilem.
1046 4675 1237 4731 Postea
1264 4691 1421 4746 quant
1464 4676 1557 4731 Dei
1585 4676 1749 4731 bette-

204 4761 301 4816 ﬁcia
324 4769 674 4823 communiter
699 4767 852 4822 nobis
877 4778 929 4822 et
949 4767 1066 4823 aliis
1086 4768 1206 4822 data
1228 4769 1609 4838 reputavimus,
1631 4784 1751 4840 quas

206 4862 530 4928 tottantaquc
558 4869 682 4913 sunt
709 4868 767 4913 ut
805 4861 1107 4915 enumerari
1149 4877 1254 4915 non
1293 4862 1532 4930 possint,
1575 4869 1628 4916 et
1656 4877 1752 4931 pro

205 4951 257 5004 iis
273 4953 506 5007 omnibus
532 4954 731 5023 gratias
752 4953 848 5023 ipsi
870 4954 1073 5023 egimus
1100 4968 1112 5004 :
1133 4968 1252 5018 quae
1276 4953 1496 5023 singulis
1512 4962 1750 5009 nostrum

205 5045 401 5098 contulit
424 5046 717 5115 cogitemus
739 5060 944 5110 omnes,
973 5055 1029 5100 et
1060 5044 1295 5114 quotidie
1330 5046 1382 5100 in
1412 5055 1645 5101 mentem
1673 5062 1757 5102 re-

203 5149 445 5193 vocemtts.
475 5139 735 5204 Quoniam
766 5139 925 5209 igitur
966 5138 1082 5193 lttec
1110 5153 1353 5208 magnam
1387 5140 1491 5193 vim
1524 5139 1751 5207 habent,

205 5228 545 5299 unusquisque
572 5240 809 5284 nostrum
832 5244 1013 5285 secum
1045 5237 1275 5299 reputet,
1307 5238 1360 5284 et
1384 5240 1629 5286 accurate
1657 5248 1753 5287 ex-

205 5318 377 5385 ploret,
409 5336 536 5375 num
567 5321 850 5391 aliquando
879 5322 931 5374 in
964 5320 1256 5389 periculum
1284 5321 1483 5391 lapsus,
1512 5322 1754 5377 inimico-

206 5425 304 5464 runt
332 5429 517 5468 manus
544 5413 785 5484 effugerit
806 5454 823 5480 ,
853 5421 907 5468 et
933 5413 1083 5483 quasi
1112 5412 1167 5467 in
1194 5412 1330 5468 libro
1362 5413 1455 5468 Dei
1497 5414 1755 5469 beneﬁcia

206 5502 445 5574 descripta
471 5505 699 5560 habeat:
726 5503 959 5574 exempli
980 5518 1159 5565 causa,
1184 5518 1308 5557 num
1331 5504 1613 5575 aliquando
1633 5512 1757 5560 ante

209 5591 357 5647 lucem
402 5597 545 5649 viam
610 5609 925 5666 capessens,
972 5594 1261 5664 periculum
1304 5594 1583 5664 effugerit;
1630 5609 1757 5649 num

210 5699 311 5739 tum
336 5687 529 5758 iniquis
548 5702 863 5759 congressus
881 5686 1204 5757 hominibus,
1224 5686 1465 5757 superior
1488 5686 1717 5744 evaserit
1738 5702 1753 5754 ;

264 5863 281 5901 ⁸
308 5870 429 5919 Unus
449 5866 618 5928 habet,
643 5876 756 5933 Deo,
783 5878 895 5935 pro,
916 5862 1121 5924 Christo.

1059 408 1125 465 IN
1165 408 1345 464 ACTA
1387 374 1909 467 APOSTDLORUM.
1941 404 2172 464 HOMIL.
2212 405 2501 461 xxxvtn.

3315 410 3426 468 απ

1846 534 1973 575 num
2004 520 2055 574 in
2086 518 2331 574 morbum
2354 518 2555 589 lapsus,
2578 518 2983 589 desperantibus
3001 520 3270 589 omnibus,
3290 536 3426 578 con-

1842 611 2109 675 valuerit;
2152 612 2377 665 multum
2422 611 2563 666 enim
2610 611 2712 665 hoc
2750 611 2892 665 valet
2937 611 3003 665 ad
3054 611 3219 667 Deum
3268 612 3425 670 nobis

1851 702 2142 774 propitium
2170 702 2525 758 reddendum.
2554 701 2684 756 Nam
2714 702 2759 758 si
2785 701 3149 757 Mardocbazus
3178 702 3267 758 ille
3289 743 3305 769 ,
3333 703 3428 762 ubi

1841 811 1934 851 rex
1964 796 2016 849 in
2049 801 2282 849 mentem
2321 795 2592 849 revocavit
2628 795 2884 850 beneﬁcia
2934 795 3023 850 illa
3051 796 3120 851 ab
3157 796 3273 865 ipso
3319 796 3425 853 sibi

1840 886 2109 956 praestita,
2143 886 2213 938 ita
2257 896 2509 955 acceptus
2545 886 2624 940 illi
2661 884 2795 952 fuit,
2841 895 2901 940 ut
2924 886 2991 941 ad
3038 886 3185 941 illum
3238 888 3423 957 gloria:

1840 975 2180 1046 splendorem
2212 976 2455 1042 veniret;
2502 978 2669 1031 multo
2696 977 2863 1047 magis
2912 994 3010 1034 nos
3031 1019 3046 1044 ,
3082 979 3126 1033 si
3153 994 3428 1034 memores

1840 1066 2100 1123 fuerimus
2123 1107 2139 1133 ,
2186 1077 2242 1122 et
2266 1067 2309 1121 si
2335 1067 2442 1122 duo
2470 1067 2560 1122 illa
2588 1068 2871 1138 diligenter
2896 1069 3257 1138 exploremus,
3294 1069 3423 1140 quid

1840 1175 1939 1214 nos
1961 1161 2355 1230 peccaverintus
2385 1161 2437 1214 in
2467 1161 2654 1228 Deum,
2681 1171 2872 1233 etquae
2902 1164 3056 1217 nobis
3098 1163 3188 1219 ille
3215 1163 3420 1218 beneﬁ-

1839 1252 1920 1307 cia
1948 1252 2231 1307 contulerit
2257 1269 2271 1307 :
2300 1253 2378 1308 sic
2400 1262 2453 1307 et
2480 1268 2579 1307 nos
2616 1255 2751 1323 grati
2781 1255 3003 1321 erimus,
3034 1264 3089 1309 et
3126 1256 3307 1310 omnia
3335 1254 3420 1313 ei-

1839 1344 2141 1399 fundemus.
2185 1342 2289 1398 Sed
2334 1360 2493 1399 nemo
2540 1348 2654 1400 htec
2699 1362 2881 1401 secum
2936 1356 3181 1416 reputat;
3235 1362 3424 1401 verum

1838 1435 1974 1491 sicut
2016 1436 2084 1491 de
2127 1437 2359 1507 peccatis
2392 1438 2678 1508 loquimur,
2722 1439 2961 1495 dicentes
2998 1456 3094 1495 nos
3141 1455 3425 1511 peccasse,

1840 1525 1981 1580 nulla
2008 1526 2141 1580 facta
2176 1526 2450 1596 speciatim
2491 1540 2828 1595 peccatorum
2861 1530 3217 1584 recensione:
3256 1530 3334 1585 sic
3369 1539 3424 1585 et

1837 1617 1905 1672 de
1933 1618 2205 1673 beneﬁciis
2238 1620 2329 1674 Dei
2362 1620 2659 1690 loquentes,
2685 1621 2914 1675 dicimus
2942 1621 3106 1675 Dettm
3132 1636 3230 1676 nos
3254 1621 3421 1676 bene-

1840 1710 1964 1765 ﬁcio
1989 1709 2232 1766 affecisse
2256 1752 2272 1778 ,
2316 1728 2416 1767 nec
2445 1713 2721 1782 speciatim
2756 1712 3010 1769 beneﬁcia
3032 1715 3371 1781 exploramus
3404 1732 3420 1767 :

1838 1819 1944 1858 non
1974 1805 2236 1871 dicimus,
2267 1804 2376 1870 ubi,
2409 1818 2633 1876 quanta,
2666 1822 2772 1876 quo
2800 1816 3058 1876 tempore.
3087 1807 3193 1861 Sed
3230 1805 3424 1861 abhinc

1836 1895 2056 1950 multam
2083 1896 2432 1952 adhibeamus
2460 1897 2810 1966 diligentiam.
2841 1896 2972 1951 Nam
3007 1898 3053 1950 si
3090 1896 3210 1966 quis
3258 1897 3419 1951 etiam

1836 1997 2016 2044 vetera
2045 1999 2291 2060 repetere
2329 1999 2532 2059 potest,
2573 1990 2751 2043 omnia
2798 1997 3046 2045 accurate
3086 1991 3139 2043 in
3186 1998 3419 2044 mentem

1836 2090 2087 2148 revocet,
2120 2081 2272 2151 quasi
2313 2095 2562 2151 magnum
2586 2090 2896 2151 reperturus
2926 2080 3257 2136 thesaurum.
3310 2080 3425 2134 lloc

1834 2171 1995 2227 etiam
2027 2173 2178 2227 nobis
2208 2172 2336 2227 utile
2361 2181 2476 2237 est,
2508 2182 2698 2227 utnon
2734 2172 3105 2242 desperemus.
3137 2171 3269 2227 Nam
3298 2187 3424 2227 cum

1836 2263 2126 2320 viderimus
2152 2265 2325 2334 ipsum
2350 2280 2495 2334 saepe
2518 2265 2671 2320 nobis
2697 2265 3090 2335 patrocinatum
3120 2281 3240 2320 esse
3259 2306 3274 2329 ,
3314 2280 3421 2319 non

1835 2353 2239 2423 desperabiutus
2264 2370 2364 2412 nec
2384 2357 2689 2427 putabimus
2718 2370 2817 2410 nos
2838 2356 3073 2425 abiectos
3099 2356 3297 2423 fuisse;
3324 2357 3420 2411 scd

1837 2460 2085 2519 magnum
2132 2448 2459 2517 accipiemus
2488 2448 2676 2518 pignus
2705 2448 2822 2514 ejus
2843 2462 2970 2517 erga
3003 2461 3100 2502 nos
3126 2446 3417 2515 providen-

1838 2542 1959 2603 tiae.
2006 2555 2127 2594 cum
2156 2540 2565 2610 cogitaverimus
2591 2553 2689 2594 nos
2718 2548 3005 2610 peccantes
3048 2552 3155 2593 non
3200 2536 3419 2608 puniri,

1836 2630 1931 2686 sed
1957 2630 2073 2700 ejus
2102 2630 2399 2700 patrocinio
2424 2629 2547 2684 frui.

1909 2723 1962 2777 5.
2018 2720 2248 2776 Historia
2293 2722 2437 2791 pueri
2480 2721 2744 2791 cujusdam
2791 2724 2936 2791 wgri.
2978 2750 3047 2760 —
3093 2720 3273 2775 Dicam
3322 2735 3425 2791 ego

1838 2814 2035 2885 aliquid
2058 2856 2073 2879 ,
2108 2814 2251 2884 quod
2283 2831 2311 2868 a
2339 2814 2589 2883 quopiam
2619 2814 2815 2869 audivi.
2848 2813 2980 2867 Erat
3007 2812 3220 2883 quidam
3254 2829 3385 2881 puer
3405 2854 3421 2877 ,

1839 2922 1998 2977 quem
2023 2907 2242 2977 contigit
2268 2922 2388 2961 cum
2418 2914 2587 2960 matre
2622 2906 2674 2959 in
2706 2920 2834 2975 agro
2859 2920 2978 2960 esse
2996 2946 3012 2972 ,
3038 2920 3160 2960 cum
3189 2902 3423 2959 nondum

1841 2995 2143 3067 quindecim
2174 3011 2433 3051 annorum
2462 3004 2605 3051 esset
2629 3013 2641 3048 :
2668 3006 2792 3050 tunc
2815 2996 2959 3066 gravi
2989 3004 3044 3050 et
3072 3004 3323 3065 corrupto
3345 2995 3425 3049 in-

1841 3097 2063 3160 gruente
2098 3103 2223 3143 aere
2246 3130 2261 3155 ,
2308 3099 2591 3158 utrumque
2631 3087 2794 3143 febris
2836 3089 3028 3142 invasit
3056 3106 3067 3141 :
3096 3097 3212 3142 erat
3246 3097 3426 3146 autem

1843 3181 2081 3234 autumni
2114 3189 2422 3250 tempestas.
2457 3180 2604 3234 'l‘unc
2633 3191 2804 3234 mater
2839 3180 3023 3235 urbem
3055 3179 3259 3249 ingredi
3292 3195 3428 3249 prae-

1843 3272 2123 3342 occupavit
2150 3291 2162 3324 :
2196 3287 2328 3340 puer
2355 3286 2484 3326 vero
2512 3286 2543 3325 a
2573 3270 2795 3326 medicis
2819 3271 3001 3341 jussus
3031 3271 3158 3325 illuc
3186 3286 3425 3337 manere,

1843 3376 1963 3415 cum
1997 3361 2159 3417 febris
2187 3361 2433 3432 ﬂagraret
2457 3403 2473 3428 ,
2501 3362 2662 3431 coepit
2689 3360 3022 3432 gargarizare
3042 3402 3057 3427 ,
3085 3360 3222 3431 apud
3250 3376 3308 3416 se
3338 3376 3429 3415 ra-

1848 3454 2106 3509 tiocinans
2125 3493 2142 3521 ,
2172 3461 2468 3524 putansque
2496 3455 2576 3508 sic
2619 3452 2806 3507 febrim
2844 3452 3110 3523 exstingui
3159 3467 3317 3523 posse
3339 3494 3354 3520 ,
3382 3452 3430 3510 si

1846 3545 1977 3599 nihil
2024 3544 2247 3599 omnino
2288 3543 2526 3599 alimenti
2569 3545 2857 3613 acciperet.
2908 3543 3106 3614 Utpote
3152 3558 3321 3614 puer,
3362 3559 3431 3600 ex

1847 3636 2215 3706 intempestiva
2259 3637 2601 3690 contentione
2633 3635 2763 3689 nihil
2791 3634 3015 3705 accepit.
3065 3633 3134 3690 Ut
3162 3644 3336 3688 autem
3362 3633 3430 3687 ad

1849 3728 2032 3783 urbem
2056 3729 2218 3788 venit.
2249 3727 2423 3798 lingua
2455 3726 2684 3799 paralysi
2713 3735 2851 3781 tacta
2879 3735 2998 3793 est,
3025 3726 3097 3782 ita
3126 3736 3183 3780 ut
3208 3726 3297 3780 diu
3322 3742 3427 3780 non

1791 3842 1813 3849 θ
1848 3821 2110 3892 loquens,
2141 3820 2273 3875 nihil
2315 3821 2638 3876 articulatim
2688 3821 3030 3889 pronuntiare
3077 3830 3289 3890 posset;
3337 3817 3434 3873 sed

1848 3915 2059 3984 legebat
2080 3913 2293 3984 quidem
2318 3954 2333 3980 ,
2360 3923 2415 3967 et
2444 3914 2725 3982 magistros
2751 3913 2920 3966 multo
2948 3922 3187 3981 tempore
3211 3909 3386 3965 adibat
3414 3925 3433 3975 ;

1849 4005 1945 4061 sed
1976 4007 2169 4060 frustra
2194 4014 2248 4061 et
2276 4004 2478 4075 absque
2504 4006 2657 4074 signo
2688 4005 2817 4058 ullo.
2850 4002 3035 4059 Omnis
3060 4019 3188 4074 ergo
3216 4018 3342 4073 spes
3366 4002 3434 4057 ab

1851 4097 1943 4153 illo
1967 4097 2273 4164 exciderat,
2309 4106 2580 4167 materque
2608 4100 2723 4165 ejus
2758 4096 2979 4149 multutn
3008 4094 3238 4151 dolebat.
3270 4095 3434 4150 Multa

1850 4188 2046 4245 modici
2065 4231 2080 4257 ,
2102 4188 2266 4244 multa
2285 4188 2376 4243 alii
2397 4189 2795 4258 excogitarunt,
2818 4189 2909 4242 sed
2936 4189 3201 4243 incassum
3226 4206 3239 4242 :
3262 4188 3437 4244 donec

1851 4281 2114 4352 benignus
2140 4281 2279 4336 Deus
2302 4280 2494 4351 lingua:
2515 4281 2783 4335 vinculum
2805 4281 3028 4347 curavit,
3050 4290 3282 4350 tuncque
3304 4294 3434 4333 cono

1851 4372 2038 4437 valuit,
2061 4379 2116 4426 et
2138 4371 2416 4441 pristinam
2444 4370 2691 4441 loquendi
2718 4370 3025 4427 facultatem
3050 4372 3276 4441 accepit.
3301 4369 3433 4425 Nar-
3484 4380 3499 4441 ἢ

1854 4466 1989 4521 ravit
2012 4475 2189 4520 autem
2220 4464 2385 4533 ipsius
2414 4475 2604 4533 mater,
2630 4479 2749 4519 cum
2779 4465 3031 4535 puerulus
3060 4474 3232 4529 esset,
3260 4465 3437 4535 ipsum

1856 4560 1907 4613 in
1954 4574 2081 4615 nare
2115 4559 2363 4614 morbum
2406 4558 2655 4614 habuisse
2679 4600 2694 4626 ,
2722 4573 2879 4629 quem
2906 4567 3094 4613 vocant
3140 4557 3432 4628 polypum;

1855 4666 2173 4720 rursumque
2198 4651 2434 4707 medicos
2454 4650 2842 4721 desperavisse,
2864 4661 3180 4719 Optasseqtte
3208 4657 3434 4703 matrem

1857 4754 1913 4799 ut
1954 4754 2291 4808 moreretur,
2335 4753 2644 4814 patremque
2696 4743 2793 4813 ipsi
2840 4742 3178 4796 maledixissc
3221 4739 3436 4811 (adhuc

1856 4839 1995 4894 enim
2017 4838 2278 4908 vivebat):
2298 4837 2580 4908 omniaque
2600 4836 2774 4891 denuo
2795 4836 3059 4889 anxietate
3083 4834 3237 4902 plena
3258 4843 3436 4888 erant.

1857 4930 1950 4986 llic
1978 4945 2107 4987 vero
2134 4930 2406 4985 tussiendo
2430 4969 2444 4995 ,
2475 4944 2540 4983 ex
2571 4942 2785 4983 mucore
2832 4929 2995 4981 feram
3034 4926 3177 4979 illam
3212 4925 3432 4995 spiritus

1857 5022 2057 5091 impetu
2076 5036 2141 5076 ex
2165 5020 2377 5075 naribus
2397 5018 2573 5087 ejecit,
2593 5018 2873 5087 ontniaque
2893 5016 3068 5087 gravia
3091 5016 3261 5070 soluta
3284 5024 3429 5070 sunt.

1859 5113 1971 5169 Hoc
2007 5113 2191 5168 sedato
2220 5111 2358 5166 malo
2396 5109 2568 5164 ﬂuxus
2609 5125 2703 5180 per
2739 5108 2920 5163 oculos
2964 5123 3087 5163 acer
3110 5118 3165 5162 ct
3192 5108 3432 5163 viscosus

1858 5206 2049 5268 ﬂuens,
2083 5205 2216 5259 tales
2244 5214 2456 5271 tamque
2484 5216 2691 5256 crassas
2720 5200 2888 5255 lentas
2913 5199 3208 5265 efﬁciebat,
3237 5207 3295 5253 ut
3322 5199 3434 5269 pel-

1860 5299 2018 5354 licula
2068 5297 2280 5366 pupillae
2331 5293 2723 5358 obduceretur,
2770 5293 3017 5363 quodque
3065 5308 3225 5363 grave
3270 5301 3430 5359 erat,

1859 5392 2150 5447 caecitatem
2179 5388 2477 5443 minabatur
2495 5430 2510 5453 ,
2540 5402 2829 5457 omnesque
2858 5385 3089 5442 futuram
3120 5386 3262 5440 illam
3289 5384 3434 5439 dice-

1859 5483 2005 5539 bant.
2052 5482 2157 5538 Sed
2200 5481 2301 5536 ltoc
2347 5481 2505 5535 etiam
2551 5481 2738 5537 morbo
2782 5496 2877 5550 per
2917 5480 3011 5535 Dei
3055 5480 3277 5551 gratiam
3324 5476 3433 5534 cito

1861 5575 2114 5630 liberatus
2133 5581 2232 5627 est.

1935 5665 2160 5720 Historia
2199 5664 2303 5719 alia
2338 5666 2405 5719 ad
2448 5668 2613 5735 ipsum
2637 5665 3047 5736 Cltrysostomum
3078 5661 3430 5732 pertinens.—v

1862 5760 1929 5815 Et
1964 5759 2081 5813 haec
2109 5758 2321 5827 quidem
2345 5757 2553 5823 audivi;
2583 5774 2700 5828 quae
2724 5770 2853 5811 vero
2882 5758 2994 5826 ipse
3018 5755 3132 5810 scio
3155 5796 3168 5817 ,
3201 5752 3431 5808 narrabo

1864 5851 2033 5915 vobis.
2052 5851 2195 5915 Mota
2210 5859 2294 5911 est
2313 5859 2655 5924 tyrannorum
2677 5850 2908 5921 suspicio
2925 5849 2976 5904 in
2997 5848 3209 5905 civitate
3230 5856 3431 5913 nostra,
