3978 6498
531 395 637 451 ars
1325 395 1378 448 ε.
1416 362 2200 448 JUANNISCHRYSOSTOMI
2237 386 2551 444 ARClllEP.
2580 383 3113 444 CONSTANTINOP.

534 520 658 571 dum
686 515 861 572 adhuc
889 516 1198 572 adolescens
1222 528 1396 569 essem
1428 528 1444 566 :
1474 509 1836 578 militibusque
1862 506 2108 561 omnibus

533 615 734 670 circum
756 613 1021 667 civitatem
1048 611 1173 665 foris
1195 608 1399 678 positis,
1418 606 1555 660 forte
1576 603 1785 658 libellos
1802 600 2110 672 quaerebant

532 708 917 777 praestigiarum
947 714 1000 759 et
1033 704 1283 773 magicos.
1312 701 1377 754 Et
1416 699 1506 769 qui
1550 698 1833 767 scripserat
1874 695 2066 749 librum
2088 734 2105 759 ,

534 801 926 869 incompactum
960 796 1183 867 projecit
1223 795 1275 848 in
1307 794 1504 848 ﬂumen
1530 834 1545 856 ,
1575 800 1866 860 captusque
1912 798 2028 849 est;
2057 795 2113 841 et

533 906 655 946 cum
706 891 774 945 ab
804 890 893 943 illo
922 889 1297 956 requireretur,
1340 884 1467 938 dare
1501 899 1605 937 non
1660 882 1846 952 potuit,
1895 879 1986 934 sed
2018 894 2112 948 per

534 983 722 1038 urbem
749 982 957 1034 vinctus
984 980 1293 1035 ducebatur.
1326 976 1458 1031 Cum
1488 986 1663 1030 autem
1695 975 1865 1029 auctis
1904 972 2111 1027 indiciis

534 1084 589 1128 et
628 1072 1023 1143 probationibus
1049 1115 1063 1139 ,
1092 1086 1279 1141 poenas
1304 1069 1539 1125 dedisset
1566 1084 1583 1122 :
1613 1077 1737 1122 tunc
1778 1082 1877 1136 ego
1907 1081 2027 1120 cum
2060 1065 2113 1118 in

534 1164 843 1234 martyrium
886 1165 902 1194 ³
943 1162 1019 1217 ire
1051 1162 1242 1216 vellem
1271 1202 1285 1225 ,
1317 1160 1602 1215 transibam
1633 1172 1730 1227 per
1759 1159 1941 1211 hortos
1972 1155 2114 1223 juxta

536 1257 733 1311 ﬂumen
762 1271 881 1311 cum
909 1255 1015 1309 alio
1038 1240 1266 1324 quodam
1294 1269 1308 1309 :
1332 1252 1421 1322 qui
1449 1261 1506 1305 ut
1529 1249 1661 1303 vidit
1684 1255 2113 1318 supernatantem

536 1348 752 1413 librum,
786 1349 957 1417 primo
986 1362 1045 1401 se
1075 1346 1293 1399 linteum
1326 1344 1505 1397 videre
1540 1342 1772 1411 putavit,
1803 1355 1864 1394 ac
1888 1340 2115 1393 descen-

532 1440 669 1495 deus
698 1440 930 1509 recepit;
963 1447 1021 1491 ut
1049 1438 1274 1491 accessit
1301 1451 1428 1489 vero
1454 1476 1469 1501 ,
1500 1434 1691 1487 librum
1723 1447 1840 1486 esse
1866 1431 2029 1494 vidit,
2063 1437 2119 1484 et

536 1532 867 1588 descendens
906 1532 1069 1601 cepit.
1097 1530 1210 1600 Ego
1242 1543 1368 1582 vero
1403 1525 1788 1582 contendebant
1815 1566 1827 1587 ,
1859 1523 2010 1593 quasi
2049 1521 2116 1575 de

537 1640 598 1679 re
641 1623 910 1677 communi
959 1632 1167 1690 reperta
1194 1662 1207 1683 ,
1239 1618 1600 1686 ridebamque.
1646 1615 1752 1671 Sed
1805 1614 2074 1669 videamus
2100 1654 2116 1677 ,

536 1717 708 1786 inquit
736 1716 847 1783 ille,
863 1714 985 1785 quid
1011 1715 1116 1768 sit:
1142 1712 1483 1779 revolutaque
1509 1711 1711 1778 paginae
1732 1716 1880 1777 parte
1918 1706 2116 1774 magica

539 1809 802 1877 descripta
827 1809 1046 1862 invenit.
1073 1805 1285 1869 Accidit
1303 1814 1477 1858 autem
1508 1802 1694 1857 eodem
1719 1810 1959 1869 tempore
1985 1798 2122 1852 mili-

542 1916 646 1957 tetu
681 1903 924 1956 transire.
957 1900 1092 1954 Hinc
1121 1914 1249 1953 vero
1275 1898 1452 1952 socius
1479 1896 1570 1950 illo
1599 1894 1864 1950 occultato
1891 1893 2039 1958 abiit,
2069 1900 2122 1947 et

540 1999 729 2052 timore
756 1994 1075 2049 tabescebat.
1103 1992 1232 2060 Quis
1256 1991 1397 2046 enim
1428 1986 1746 2045 credidisset
1772 2002 1868 2042 nos
1892 2001 1922 2041 e
1948 1985 2120 2040 ﬂumi-

539 2103 609 2143 ne
641 2087 783 2140 illum
823 2085 1101 2139 sustulisse
1125 2126 1139 2149 ,
1182 2098 1300 2137 cum
1341 2096 1531 2137 omnes
1561 2079 1723 2136 etiam
1748 2094 1852 2135 non
1889 2079 2121 2147 suspecti

539 2178 939 2234 detinercntur?
982 2176 1226 2245 Abjicere
1265 2191 1369 2228 non
1406 2173 1765 2237 audebamus,
1808 2187 1872 2226 ne
1910 2171 2119 2225 videre-

540 2286 684 2335 mur,
712 2279 765 2323 et
813 2268 926 2337 pari
978 2266 1167 2321 timore
1212 2264 1589 2321 cohibebamur
1628 2280 1694 2318 ne
1739 2262 2117 2318 divideremus.

540 2361 652 2414 Deo
684 2368 857 2413 tamen
884 2358 1102 2427 juvante
1130 2356 1468 2426 proiecimus,
1492 2365 1546 2410 et
1587 2354 1655 2408 ab
1701 2352 1954 2408 extremis
1980 2352 2122 2421 peri-

537 2452 670 2504 culis
691 2450 855 2519 erepti
877 2465 1076 2512 sumus.
1099 2449 1377 2502 lnnumera
1396 2447 1573 2501 dicere
1596 2460 1805 2516 possem
1828 2444 1871 2499 si
1892 2444 2079 2497 vellem
2103 2460 2117 2496 :

539 2542 654 2596 hare
680 2552 857 2595 autem
886 2542 935 2593 in
962 2540 1121 2594 vestri
1151 2540 1372 2608 gratiam
1394 2538 1529 2601 dixi;
1560 2546 1616 2591 nt
1642 2538 1684 2591 si
1708 2537 1847 2606 quis,
1873 2535 2043 2588 sinon
2068 2533 2121 2587 in

544 2635 708 2704 paria,
738 2634 791 2686 in
823 2633 923 2685 alia
954 2643 1126 2685 tamen
1159 2631 1393 2695 incidat,
1425 2644 1609 2684 eorum
1640 2628 1949 2683 memoriam
1980 2640 2123 2680 sem-

542 2740 637 2795 per
664 2734 860 2779 servet.
897 2722 1049 2776 Verbi
1077 2724 1264 2791 gratia,
1297 2723 1339 2776 si
1369 2721 1524 2791 lapis,
1556 2722 1607 2774 in
1638 2729 1689 2775 te
1719 2718 2019 2787 conjectus,
2047 2726 2125 2771 te-

608 2901 623 2931 ι
663 2896 974 2961 martyrium,
1001 2897 1211 2961 ecclesia
1249 2906 1538 2961 martyrum,
1566 2895 1649 2946 vel
1689 2898 1735 2961 in
1775 2910 1871 2961 qua
1896 2894 2125 2957 reliquias

542 2958 806 3069 rqartyrttini
828 2961 1146 3009 habebantur.
1173 2959 1278 3008 Vox
1312 2958 1547 3022 frequens
1578 2959 1704 3021 apud
1750 2960 2015 3020 Scriptores
2043 2970 2124 3005 cc-

542 3038 569 3069 e
592 3036 718 3072 cstas
760 3036 860 3071 cos.

3660 394 3744 452 9.76

2211 521 2313 578 que
2332 514 2475 561 recta
2497 508 2778 575 impetens,
2800 521 2905 560 non
2929 507 2978 560 in
3000 517 3051 561 te
3071 506 3285 573 incidat,
3306 507 3462 575 hujus
3484 525 3675 581 semper
3688 519 3746 571 sis

2213 616 2457 655 memor:
2482 600 2588 669 hoc
2619 600 2771 655 nobis
2799 616 3040 670 magnam
3079 602 3167 657 Dei
3198 604 3482 657 amicitiam
3510 607 3744 665 conciliat.

2214 692 2267 748 Si
2299 692 2439 747 enim
2478 707 2601 746 cum
2636 692 2982 749 recordamur
3009 695 3281 749 hominum
3301 738 3314 760 ,
3348 698 3436 767 qui
3478 712 3571 751 nos
3597 714 3750 758 serva-

2171 817 2178 826 -
2214 794 2371 849 runt,
2403 799 2723 854 magnopere
2747 785 2989 840 dolemus
3009 827 3023 851 ,
3053 787 3095 840 si
3125 804 3230 841 non
3260 789 3522 857 possimus
3551 790 3666 861 ipsis
3686 796 3750 850 vi.

2213 891 2329 931 cem
2376 878 2673 945 rependere
2720 897 2733 933 :
2779 879 2946 934 multo
2989 880 3157 951 magis
3203 882 3313 937 Deo
3357 885 3551 953 gratias
3591 887 3756 946 habere

2216 978 2444 1039 oportet.
2477 969 2531 1023 ld
2570 980 2626 1025 et
2654 970 2786 1025 alias
2825 972 2953 1027 utile
2982 982 3082 1026 est.
3115 972 3167 1027 Si
3200 976 3377 1043 itaque
3412 976 3643 1031 volumus
3670 998 3753 1036 ιιυη

2217 1062 2435 1116 nimium
2469 1062 2653 1118 dolere
2673 1105 2687 1127 ,
2717 1064 2955 1118 dicamus
2985 1082 2998 1119 :
3026 1065 3088 1119 Si
3126 1064 3258 1119 bona
3292 1069 3596 1136 suscepimus
3618 1086 3645 1123 a
3670 1072 3757 1127 Do-

2216 1154 2384 1218 mino,
2417 1171 2588 1208 annon
2622 1154 2760 1207 mala
2805 1156 3023 1224 feremus
3060 1155 3197 1225 (Job
3222 1156 3277 1212 2.
3331 1158 3476 1227 10)?
3508 1159 3573 1213 Et
3598 1162 3759 1220 Paulus

2218 1246 2338 1300 ideo
2366 1246 2610 1310 dicebat,
2643 1247 2783 1303 unde
2812 1248 3065 1302 liberatus
3089 1257 3266 1314 esset,
3296 1258 3352 1303 ut
3377 1251 3509 1305 alios
3537 1251 3762 1310 admone.

2217 1349 2320 1393 ret.
2352 1340 2485 1395 Vide
2513 1350 2566 1394 et
2595 1340 2873 1405 Jacobum,
2905 1341 3173 1412 quomodo
3204 1343 3292 1396 illa
3323 1345 3502 1399 omnia
3532 1345 3584 1400 in
3615 1359 3764 1405 tuente

2220 1432 2434 1496 habuit;
2466 1432 2583 1487 ideo
2612 1433 2819 1488 dicebat
2848 1451 2861 1487 :
2890 1434 3109 1505 Angelus
3130 1435 3216 1502 qui
3246 1435 3430 1502 eripuit
3458 1453 3537 1489 me
3558 1454 3587 1489 a
3608 1439 3762 1507 juven-

2220 1535 2322 1577 tute
2342 1542 2449 1578 mea
2471 1524 2624 1594 (Gen.
2646 1526 2734 1580 48.
2761 1526 2871 1597 16).
2895 1527 3001 1581 Sed
3022 1528 3314 1596 cogitemus
3337 1544 3439 1583 non
3463 1531 3630 1584 solum
3650 1535 3765 1601 quod

2220 1619 2453 1683 eruerit,
2480 1617 2575 1673 sed
2602 1619 2760 1673 etiam
2793 1620 3063 1689 quomodo
3087 1631 3139 1675 et
3165 1637 3268 1690 qua
3297 1624 3348 1675 in
3378 1639 3455 1677 re.
3486 1622 3614 1678 Vide
3639 1626 3770 1695 igitur

2220 1712 2369 1766 illum
2409 1713 2682 1780 Speciatim
2711 1712 2964 1768 beneficia
2996 1726 3530 1770 commemorantem.
3563 1716 3623 1771 In
3656 1721 3771 1789 virga

2221 1821 2351 1869 mea,
2381 1805 2582 1875 inquit,
2612 1806 2818 1859 transivi
2846 1804 3127 1859 Jordanem
3160 1807 3177 1876 (
3204 1806 3332 1862 Gen.
3358 1808 3444 1862 52.
3475 1808 3543 1863 10
3565 1809 3605 1878 ).
3632 1808 3771 1864 Judaei

2224 1913 2351 1952 vero
2379 1898 2539 1953 etiam
2579 1914 2763 1952 eorum
2790 1940 2804 1964 ,
2834 1914 2954 1969 quae
2992 1899 3279 1968 majoribus
3320 1902 3434 1955 suis
3472 1914 3771 1964 evenerant,

2224 2006 2437 2061 semper
2462 2006 2729 2047 memores
2757 2001 2931 2056 erant,
2964 1978 3266 2063 repetentes
3294 2008 3377 2057 ea,
3407 2011 3528 2064 quae
3560 1995 3608 2048 in
3639 1995 3776 2066 (Egy-

2223 2094 2316 2155 pto
2342 2084 2665 2139 acciderant.
2697 2085 2758 2138 Et
2789 2099 2887 2139 nos
2916 2100 3043 2155 ergo
3068 2086 3238 2139 multo
3264 2088 3430 2155 magis
3456 2102 3657 2142 eorum.
3681 2108 3777 2154 qua:

2224 2174 2378 2231 nobis
2416 2176 2761 2240 acciderunt,
2792 2192 3056 2231 memores
3089 2178 3255 2231 simus
3276 2219 3293 2243 ,
3323 2180 3535 2246 quoties
3562 2181 3610 2234 in
3639 2197 3780 2252 angu-

2225 2269 2353 2323 stias
2390 2276 2444 2322 et
2477 2268 2804 2323 calamitates
2840 2269 3156 2333 incidimus;
3189 2279 3243 2325 et
3279 2270 3378 2324 nisi
3416 2271 3558 2325 Deus
3591 2288 3778 2327 manum

2224 2362 2568 2431 porrexisset,
2578 2361 2778 2432 jamdiu
2798 2361 3156 2432 periissemus.
3176 2362 3298 2418 llaec
3309 2366 3603 2433 cogitantes
3617 2381 3779 2421 omnes

2225 2464 2280 2508 et
2309 2454 2544 2524 quotidie
2580 2463 2909 2522 repetentes,
2937 2454 3135 2524 gratias
3160 2468 3373 2525 semper
3406 2456 3519 2509 Deo
3545 2472 3777 2526 agamus,

2226 2555 2281 2601 et
2309 2547 2359 2599 in
2389 2547 2657 2600 communi
2685 2562 2871 2601 omnes
2900 2548 3124 2617 gloriam
3156 2548 3253 2617 ipsi
3286 2549 3604 2615 referamus,
3636 2568 3783 2619 netpte

2227 2640 2374 2695 illum
2404 2637 2676 2693 celebrare
2702 2653 2993 2703 cessemus,
3020 2648 3079 2693 ut
3104 2641 3239 2709 grati
3268 2642 3428 2694 animi
3464 2658 3703 2711 magnam
3725 2660 3784 2695 re-

2227 2734 2483 2802 cipiamus
2513 2730 2811 2784 mercedem
2843 2747 2856 2784 :
2884 2732 3054 2800 gratia
3082 2739 3139 2785 et
3167 2732 3602 2787 miserationibus
3630 2736 3783 2803 unige-

2227 2825 2323 2900 niti
2351 2823 2468 2892 ejus
2498 2822 2615 2877 Filii
2644 2862 2658 2883 ,
2688 2822 2901 2892 quicum
2929 2831 2985 2877 et
3013 2838 3114 2876 una
3146 2823 3362 2891 Spiritui
3391 2838 3580 2878 sancto
3604 2828 3783 2895 glOria,

2228 2915 2538 2985 imperium,
2571 2913 2770 2980 honor,
2801 2928 2941 2968 nunc
2967 2924 3023 2969 et
3052 2929 3287 2984 semper,
3318 2924 3372 2970 et
3400 2918 3454 2969 in
3485 2918 3677 2971 sarcula
3702 2934 3786 2970 stc-

2226 3009 2487 3061 culorum.
2520 3006 2714 3060 Amen.
3762 3002 3763 3005 “

553 3125 3778 3148 W

1836 3194 2181 3255 HOMILIA
2222 3179 2530 3252 XXXIX.

545 3347 671 3402 CAP.
708 3347 793 3399 17.
824 3361 876 3399 v.
923 3344 1012 3400 '52.
1057 3343 1183 3397 Cum
1222 3344 1480 3397 audissent
1516 3352 1684 3396 autent
1721 3340 2132 3395 resurrectionem

617 3449 928 3491 mortuorum
949 3478 963 3499 ,
996 3438 1083 3489 alii
1112 3437 1312 3507 quidem
1354 3434 1627 3488 irridebuut
1654 3476 1669 3497 ,
1699 3434 1789 3486 alii
1831 3450 1942 3486 vero
1984 3433 2130 3484 dixe-

617 3541 735 3584 runt
765 3546 785 3584 :
810 3531 1077 3583 Audiamus
1108 3541 1154 3582 te
1177 3530 1238 3583 de
1267 3530 1361 3583 hoc
1388 3530 1584 3581 iterum.
1616 3527 1704 3581 55.
1741 3525 1805 3579 Et
1832 3526 1902 3578 sic
1933 3522 2132 3577 Paulus

620 3625 742 3678 exiit
771 3624 835 3676 de
862 3623 1028 3676 medio
1058 3639 1250 3676 eorum.

623 3721 673 3771 1.
716 3715 823 3768 (Iur
850 3715 1061 3772 Paulus.
1094 3730 1214 3768 cum
1246 3714 1324 3769 sic
1352 3713 1724 3784 persuasisset,
1754 3720 1813 3766 ut
1840 3712 2131 3767 Athenien-

550 3824 639 3863 ses
664 3808 922 3868 dicerent,
952 3806 1225 3859 Audiemus
1253 3816 1300 3859 te
1323 3806 1386 3859 de
1414 3805 1507 3859 hoc
1530 3806 1729 3869 iterum,
1757 3821 1986 3875 cumque.
2011 3804 2131 3859 nul-

552 3901 599 3953 la
640 3908 818 3953 essent
854 3898 1083 3968 pericula
1108 3938 1122 3962 ,
1153 3898 1365 3953 festinat
1406 3897 1762 3952 Athenienses
1792 3898 2133 3966 relinquere?

554 3991 710 4046 Forte
735 3990 932 4045 sciebat
958 4004 1018 4046 se
1041 4004 1146 4045 non
1173 3991 1395 4044 multum
1422 3990 1551 4045 lucri
1577 3989 1838 4045 facturum
1863 4007 1875 4043 :
1896 3989 2131 4058 alioquin

550 4084 708 4138 etiam
749 4099 779 4136 a
820 4082 1017 4151 Spiritu
1065 4081 1377 4136 Corinthum
1414 4082 1728 4137 ducebatur.
1776 4082 1863 4136 '55.
1913 4082 2132 4146 Quidam

550 4192 666 4228 vero
689 4175 783 4228 viri
810 4175 1121 4228 adltazrentes
1146 4174 1191 4227 ei
1215 4216 1229 4239 ,
1255 4173 1573 4227 crediderunt
1596 4190 1614 4227 :
1635 4175 1688 4227 in
1717 4175 1896 4243 quibus
1924 4184 1971 4227 et
2002 4172 2130 4226 Dio-

552 4268 725 4337 nysius
761 4266 1063 4336 AreOpagita
1087 4306 1101 4327 ,
1130 4275 1175 4318 et
1204 4267 1386 4319 mulier
1418 4267 1619 4319 nomine
1652 4266 1887 4320 Damnris
1909 4306 1924 4331 ,
1956 4274 2004 4319 et
2041 4265 2133 4320 alii

552 4374 665 4410 rum
690 4356 781 4410 eis.
806 4356 824 4425 (
849 4356 975 4425 Cap.
1013 4357 1122 4425 18.)
1148 4357 1197 4408 1.
1222 4354 1347 4410 Post
1374 4357 1480 4410 lucc
1503 4366 1667 4411 autem
1688 4374 1914 4428 egressus
1936 4355 2132 4411 Paulus

552 4452 781 4513 Athenis,
804 4451 933 4503 venit
959 4448 1253 4504 Corinthum
1274 4466 1293 4503 :
1312 4449 1366 4504 ἓ.
1392 4460 1438 4504 et
1462 4451 1717 4505 inveniens
1742 4451 2007 4521 quemdam
2030 4452 2132 4503 Ju-

553 4545 718 4599 daeum
760 4543 959 4596 nomine
988 4541 1220 4611 Aquilam
1243 4581 1260 4605 ,
1294 4539 1562 4595 Ponticum
1598 4558 1807 4612 genere,
1845 4543 1931 4610 qui
1973 4558 2132 4611 nuper

551 4641 753 4686 uenerat
779 4649 842 4687 ea;
875 4631 1029 4686 Italia
1050 4675 1064 4695 ,
1097 4642 1142 4685 et
1176 4631 1466 4685 Priscillam
1493 4649 1701 4687 uxorem
1724 4635 1832 4704 ejus
1862 4635 1879 4701 (
1904 4650 1961 4687 eo
1997 4635 2131 4705 quod

552 4725 866 4795 praecepisset
889 4723 1133 4779 Claudius
1157 4724 1410 4777 discedere
1442 4740 1613 4779 omnes
1649 4724 1860 4779 Judteos
1885 4724 2128 4797 Roma),

551 4817 757 4870 accessit
784 4816 852 4868 ad
877 4832 961 4870 eos
985 4832 1003 4869 :
1025 4817 1078 4870 5.
1106 4825 1152 4869 et
1178 4817 1295 4885 quia
1333 4815 1556 4886 ejusdem
1582 4825 1689 4870 erat
1715 4817 1838 4871 artis
1856 4857 1871 4880 ,
1900 4818 2131 4872 manebat

552 4906 690 4975 apud
710 4922 814 4971 eos,
839 4916 884 4959 et
913 4906 1216 4974 aperabatur
1237 4921 1256 4959 :
1280 4915 1422 4959 erant
1448 4916 1614 4960 autem
1642 4908 2018 4976 sceno/‘actoriae
2042 4926 2129 4961 ar-

554 4999 640 5053 tis.
679 4998 808 5053 Jure
846 4998 1157 5053 Corinthum
1181 5039 1195 5063 ,
1241 5007 1298 5053 ut
1321 4998 1428 5052 dixi
1454 5039 1469 5063 ,
1500 5013 1530 5052 a
1568 4997 1765 5068 Spiritu
1796 5000 2007 5055 ducitur
2029 5043 2042 5065 ,
2076 5002 2128 5056 in

554 5105 658 5159 qua
686 5106 903 5145 manere
927 5091 1224 5161 oportebat.
1257 5090 1612 5146 Athenienses
1638 5091 1777 5145 enim
1804 5134 1818 5158 ,
1850 5094 1949 5147 etsi
1978 5108 2129 5148 novae

554 5181 829 5235 concionis
865 5192 1126 5237 amatores
1151 5191 1329 5238 essent
1350 5223 1364 5247 ,
1405 5197 1509 5236 non
1536 5181 1877 5239 attendebant
1908 5194 2080 5238 tamen
2112 5199 2125 5236 :

556 5290 729 5343 neque
764 5275 905 5328 enim
942 5276 992 5329 id
1021 5275 1307 5340 curabant,
1343 5276 1435 5331 sed
1467 5284 1525 5330 ut
1551 5291 1764 5345 semper
1792 5276 1917 5346 quid
1946 5276 2129 5332 dicen-

557 5367 687 5421 dum
713 5365 969 5421 haberent
993 5384 1005 5419 :
1030 5366 1082 5421 id
1108 5367 1249 5437 quod
1274 5370 1433 5422 etiam
1462 5367 1585 5425 fecit
1609 5377 1668 5422 ut
1708 5369 2044 5424 secedercnt.
2073 5368 2130 5424 Si

557 5460 661 5515 hoc
704 5469 878 5514 autem
922 5460 1024 5514 illis
1062 5459 1112 5513 in
1150 5475 1299 5514 more
1336 5470 1487 5526 erat,
1528 5475 1624 5517 cur
1657 5471 1910 5517 accusant
1942 5463 2087 5517 illum
2110 5505 2128 5531 ,

559 5550 825 5606 Novarum
870 5551 1233 5605 dwmoniorum
1280 5555 1604 5606 annuntiator
1634 5570 1739 5607 esse
1765 5555 1997 5609 videtur?
2028 5556 2131 5611 Sed

558 5643 674 5699 hazc
699 5644 853 5700 valde
882 5645 1104 5699 obscura
1145 5644 1249 5698 illis
1277 5659 1394 5698 esse
1422 5645 1685 5699 videntur.
1730 5648 1975 5701 Attamen
2009 5663 2131 5717 per-

559 5735 727 5791 suasit
756 5736 1005 5805 Dionysio
1032 5735 1361 5806 AreOpagitae
1394 5744 1447 5789 et
1490 5736 1607 5790 aliis
1635 5736 1969 5805 quibusdam.
1998 5737 2129 5792 Nam

559 5829 648 5900 qui
676 5827 741 5885 de
768 5833 867 5885 vita
896 5840 1041 5887 recte
1067 5828 1270 5900 agenda
1295 5827 1570 5893 cuarbant,
1594 5828 1700 5884 cito
1729 5829 1950 5886 verbum
1979 5844 2129 5887 acce-

2229 3348 2456 3408 perunt;
2503 3339 2681 3394 creteri
2721 3354 2850 3394 vero
2888 3355 2993 3394 non
3034 3339 3181 3395 item.
3223 3340 3443 3394 Videtur
3472 3357 3601 3411 ergo
3628 3341 3791 3396 Paulus

2232 3430 2364 3483 Satis
2385 3428 2653 3494 habuisse,
2674 3430 2814 3500 quod
2838 3431 2960 3486 ﬁdei
2982 3432 3183 3485 semina
3202 3432 3423 3501 jecisset
3448 3451 3463 3486 :
3492 3435 3659 3502 major
3674 3435 3789 3486 enim

2233 3536 2354 3591 pars
2382 3520 2503 3574 vitae
2532 3521 2673 3575 illius
2709 3521 2818 3591 jam
2850 3532 3113 3577 transacta
3140 3535 3272 3578 erat.
3319 3523 3451 3577 Nam
3486 3526 3586 3579 sub
3614 3524 3792 3579 Nerone

2232 3622 2630 3668 consummatus
2658 3624 2771 3679 est;
2804 3629 2834 3669 a
2858 3614 3078 3668 Claudio
3105 3626 3280 3670 autem
3310 3627 3435 3670 tunc
3468 3618 3664 3671 bellum
3686 3634 3790 3671 con-

2234 3715 2312 3759 tra
2342 3705 2554 3760 .ludzeos
2584 3708 2785 3760 moveri
2817 3708 3137 3777 incipiebat,
3168 3711 3349 3776 procul
3379 3712 3599 3780 quidem
3621 3753 3634 3774 ,
3662 3722 3793 3780 atque

2232 3807 2291 3851 ut
2325 3797 2613 3852 verisimile
2651 3808 2734 3852 est
2757 3839 2773 3864 ,
2806 3807 2862 3853 ut
2904 3814 3023 3855 sese
3063 3782 3446 3870 emendarem;
3478 3820 3543 3858 ac
3570 3806 3792 3859 Romani

2235 3890 2469 3959 pestiferi
2507 3890 2860 3960 pellebantur.

2309 3977 2501 4035 Paulus
2527 3997 2619 4035 cur
2643 3985 2837 4038 uinctus
2863 3983 3077 4039 Romam
3103 3984 3323 4040 ducitur.
3354 4017 3422 4027 -—
3448 3988 3578 4044 Ideo
3602 4005 3662 4043 ex
3702 3988 3790 4040 dis-

2234 4073 2545 4141 pensatione
2568 4073 2745 4129 divina
2768 4075 2844 4143 lit,
2869 4086 2925 4130 ut
2955 4076 3150 4132 Paulus
3179 4079 3386 4133 vinctus
3414 4081 3549 4135 illuc
3577 4081 3789 4141 ducatur,

2232 4170 2289 4215 ut
2321 4178 2387 4217 ne
2417 4165 2566 4233 quasi
2597 4163 2813 4221 Judzens
2846 4167 3090 4236 pellatur,
3120 4170 3222 4240 sed!
3242 4171 3393 4240 quasi
3430 4174 3537 4227 sub
3569 4173 3791 4226 militibus

2232 4268 2393 4318 agens
2417 4296 2431 4318 ,
2465 4255 2515 4308 in
2544 4256 2785 4311 custodia
2816 4258 2904 4311 sit.
2936 4255 3001 4310 Et
3030 4238 3484 4331 ιηαηδὶἶξίηιιιιίι,
3518 4266 3656 4331 apud
3681 4262 3788 4315 illos.

2225 4343 2390 4414 Papa:
2416 4348 2429 4401 ι
2459 4361 2619 4415 quam
2653 4348 2911 4417 justitiam
2944 4350 3164 4417 invenit,
3210 4362 3265 4405 ut
3291 4369 3413 4406 cum
3446 4354 3557 4410 illis
3590 4355 3789 4408 habitet!

2231 4438 2366 4505 Quia
2392 4439 2533 4494 enim
2568 4440 2653 4496 hic
2681 4444 3011 4511 potissimum
3041 4446 3319 4514 oportebat
3358 4447 3516 4503 illum
3551 4467 3652 4502 non
3677 4448 3788 4501 acri-

2233 4546 2360 4601 pere
2381 4573 2394 4596 ,
2425 4540 2481 4586 ut
2511 4531 2625 4601 ipse
2664 4534 2737 4587 ait
2776 4550 2791 4587 :
2838 4533 2905 4589 Ut
2950 4537 3001 4587 in
3026 4552 3124 4606 quo
3150 4538 3438 4607 gloriantur
3462 4583 3479 4605 ,
3510 4541 3791 4594 inveniantur

2231 4624 2358 4678 sicut
2377 4634 2420 4679 et
2442 4642 2531 4679 nos
2556 4624 2631 4697 (2.
2653 4626 2770 4681 Cor.
2797 4628 2881 4682 11.
2910 4628 3017 4699 12);
3045 4630 3350 4698 providetur
3373 4641 3429 4686 ut
3455 4634 3567 4687 illic
3589 4644 3784 4687 maneat.

2230 4717 2283 4770 4.
2315 4715 2384 4771 Et
2408 4718 2692 4788 disputabat
2718 4720 2771 4772 in
2799 4738 3057 4791 synagoga
3098 4740 3187 4792 per
3212 4740 3357 4778 omne
3380 4727 3665 4793 sabbatum,
3694 4744 3789 4780 sua-

2231 4810 2471 4881 debatque
2498 4811 2714 4876 Judteis,
2739 4823 2784 4866 et
2813 4814 3020 4868 Gnosis.
3046 4816 3098 4868 5.
3125 4815 3251 4869 Cum
3284 4819 3538 4873 venissent
3566 4831 3717 4872 autem
3743 4819 3791 4869 de

2232 4902 2537 4960 Macedonia
2596 4908 2736 4962 Silus
2774 4918 2820 4961 et
2867 4908 3157 4965 Timotheus
3181 4952 3196 4976 ,
3243 4913 3603 4975 coarctabatur
3639 4914 3791 4981 spiritu

2231 5000 2467 5066 Paulus,
2513 5002 2784 5069 testiﬁcans
2824 5002 3020 5055 Judteis
3068 5004 3321 5058 Christum
3361 5005 3567 5061 Iesum.
3614 5006 3663 5059 Id
3691 5012 3785 5064 est,

2231 5093 2439 5148 molesti
2471 5104 2621 5149 erant
2661 5094 2770 5159 illi,
2804 5095 3147 5165 insurgebant
3183 5098 3233 5150 in
3278 5114 3399 5151 eum
3437 5116 3451 5152 :
3486 5099 3565 5153 sic
3596 5098 3665 5151 illi
3688 5112 3791 5165 agt-.-

2231 5187 2379 5242 bant.
2413 5188 2552 5256 Quid
2591 5204 2719 5243 vero
2745 5189 2979 5243 Paulus?
3018 5190 3290 5259 Relinquit
3316 5205 3409 5246 eos
3436 5232 3452 5255 ,
3487 5192 3790 5258 multumque

2234 5288 2418 5335 terret.
2444 5280 2555 5334 Non
2580 5280 2714 5334 ultra
2737 5281 3096 5335 necessarium
3119 5291 3254 5348 erat,
3281 5282 3480 5351 inquit,
3504 5284 3651 5337 vobis
3671 5280 3788 5349 loqui

2231 5373 2487 5438 verbum;
2536 5373 2630 5428 sed
2657 5373 2933 5429 obscurius
2979 5376 3230 5445 loquitur.
3260 5377 3314 5431 6.
3348 5378 3791 5436 (.‘ontradicentibus

2232 5476 2399 5520 autem
2427 5468 2497 5520 eis
2523 5476 2569 5520 et
2594 5466 3072 5537 blaspltemanlibus,
3102 5469 3354 5523 excutiens
3380 5471 3672 5524 vestimenta
3693 5484 3789 5531 sua,

2233 5558 2359 5611 dixit
2386 5559 2457 5611 eis
2483 5574 2501 5613 :
2526 5558 2751 5630 Sanguis
2778 5569 2934 5613 vester
2958 5576 3110 5630 saper
3138 5571 3287 5631 caput
3310 5572 3532 5616 vestrum
3560 5580 3580 5617 :
3600 5561 3791 5617 mundus

2233 5666 2342 5720 ego,
2373 5665 2434 5703 ex
2461 5650 2553 5704 hoc
2577 5651 2644 5703 ad
2665 5660 2831 5721 gentes
2860 5651 3059 5704 vadum.
3084 5654 3136 5707 7.
3159 5651 3228 5706 Et
3251 5655 3478 5724 migrans
3498 5653 3631 5711 inde.
3652 5652 3790 5705 iatra-

2232 5741 2300 5794 vit
2326 5741 2379 5793 in
2409 5740 2614 5795 domum
2643 5743 2936 5812 cujusdam,
2964 5745 3166 5798 nomine
3191 5744 3350 5809 Iusti,
3379 5746 3594 5799 colentis
3624 5743 3787 5803 Deum,

2234 5835 2380 5903 cujus
2405 5834 2581 5889 domus
2607 5844 2713 5889 erat
2738 5839 3003 5906 conjuncta
3026 5853 3314 5908 synagoga.
3338 5836 3388 5893 8.
3414 5836 3623 5908 Crispus
3641 5845 3789 5890 autem
