  <div class='ocr_page' id='page_1' title='image "/cluster/home/n/w/nwhite01/storage/ocr_20150623/60/hvd.32044019207810/280.png"; bbox 0 0 4100 6354; ppageno 0'>
   <div class='ocr_carea' id='block_1_1' title="bbox 254 241 373 295">
    <p class='ocr_par' dir='ltr' id='par_1_1' title="bbox 254 241 373 295">
     <span class='ocr_line' id='line_1_1' title="bbox 254 241 373 295; baseline 0.008 -2"><span class='ocrx_word' id='word_1_1' title='bbox 254 241 373 295; x_wconf 74' lang='grc' dir='ltr'><strong>ξτὸ</strong></span> 
     </span>
    </p>
   </div>
   <div class='ocr_carea' id='block_1_2' title="bbox 249 353 1922 439">
    <p class='ocr_par' dir='ltr' id='par_1_2' title="bbox 249 353 1922 439">
     <span class='ocr_line' id='line_1_2' title="bbox 249 353 1922 439; baseline 0.007 -31"><span class='ocrx_word' id='word_1_2' title='bbox 249 353 400 409; x_wconf 86' lang='grc' dir='ltr'><strong>εἶναι</strong></span> <span class='ocrx_word' id='word_1_3' title='bbox 433 356 534 428; x_wconf 81' lang='grc' dir='ltr'><strong>τὴν</strong></span> <span class='ocrx_word' id='word_1_4' title='bbox 551 357 790 429; x_wconf 80' lang='grc' dir='ltr'><strong>εὕρεσιν,</strong></span> <span class='ocrx_word' id='word_1_5' title='bbox 819 359 910 413; x_wconf 78' lang='grc' dir='ltr'><strong>καί</strong></span> <span class='ocrx_word' id='word_1_6' title='bbox 930 360 1154 428; x_wconf 81' lang='grc' dir='ltr'><strong>ἐγέλων.</strong></span> <span class='ocrx_word' id='word_1_7' title='bbox 1186 361 1325 415; x_wconf 80' lang='grc' dir='ltr'><strong>Ἀλλ’</strong></span> <span class='ocrx_word' id='word_1_8' title='bbox 1360 363 1578 434; x_wconf 76' lang='grc' dir='ltr'><strong>ἴδωμεν,</strong></span> <span class='ocrx_word' id='word_1_9' title='bbox 1605 365 1790 439; x_wconf 79' lang='grc' dir='ltr'><strong>φησὶν,</strong></span> <span class='ocrx_word' id='word_1_10' title='bbox 1810 367 1840 421; x_wconf 84' lang='grc' dir='ltr'>ὅ</span> <span class='ocrx_word' id='word_1_11' title='bbox 1866 368 1922 420; x_wconf 84' lang='grc' dir='ltr'><strong>τί</strong></span> 
     </span>
    </p>
   </div>
   <div class='ocr_carea' id='block_1_3' title="bbox 251 454 1928 532">
    <p class='ocr_par' dir='ltr' id='par_1_3' title="bbox 251 454 1928 532">
     <span class='ocr_line' id='line_1_3' title="bbox 251 454 1928 532; baseline 0.007 -29"><span class='ocrx_word' id='word_1_12' title='bbox 251 467 394 505; x_wconf 78' lang='grc' dir='ltr'><strong>ποτε</strong></span> <span class='ocrx_word' id='word_1_13' title='bbox 429 455 524 506; x_wconf 78' lang='grc' dir='ltr'><strong>καὶ</strong></span> <span class='ocrx_word' id='word_1_14' title='bbox 553 454 723 510; x_wconf 83' lang='grc' dir='ltr'><strong>ἐστιν.</strong></span> <span class='ocrx_word' id='word_1_15' title='bbox 774 457 1010 528; x_wconf 82' lang='grc' dir='ltr'><strong>Ἀνακλᾷ</strong></span> <span class='ocrx_word' id='word_1_16' title='bbox 1059 458 1224 530; x_wconf 81' lang='grc' dir='ltr'>μέρος</span> <span class='ocrx_word' id='word_1_17' title='bbox 1263 459 1362 528; x_wconf 84' lang='grc' dir='ltr'><strong>τῆς</strong></span> <span class='ocrx_word' id='word_1_18' title='bbox 1397 459 1622 524; x_wconf 88' lang='grc' dir='ltr'><strong>σελίδος,</strong></span> <span class='ocrx_word' id='word_1_19' title='bbox 1649 462 1743 514; x_wconf 79' lang='grc' dir='ltr'><strong>καὶ</strong></span> <span class='ocrx_word' id='word_1_20' title='bbox 1779 461 1928 532; x_wconf 86' lang='grc' dir='ltr'><strong>εὑρί-</strong></span> 
     </span>
    </p>
   </div>
   <div class='ocr_carea' id='block_1_4' title="bbox 253 549 1926 626">
    <p class='ocr_par' dir='ltr' id='par_1_4' title="bbox 253 549 1926 626">
     <span class='ocr_line' id='line_1_4' title="bbox 253 549 1926 626; baseline 0.008 -28"><span class='ocrx_word' id='word_1_21' title='bbox 253 562 382 600; x_wconf 86' lang='grc' dir='ltr'><strong>σκει</strong></span> <span class='ocrx_word' id='word_1_22' title='bbox 423 549 850 622; x_wconf 76' lang='grc' dir='ltr'><strong>ἐγγεγραμμένα</strong></span> <span class='ocrx_word' id='word_1_23' title='bbox 895 555 1124 623; x_wconf 84' lang='grc' dir='ltr'><strong>μαγικά.</strong></span> <span class='ocrx_word' id='word_1_24' title='bbox 1180 555 1386 626; x_wconf 89' lang='grc' dir='ltr'><strong>Συνέϐη</strong></span> <span class='ocrx_word' id='word_1_25' title='bbox 1435 556 1493 608; x_wconf 86' lang='grc' dir='ltr'><strong>δέ</strong></span> <span class='ocrx_word' id='word_1_26' title='bbox 1547 558 1691 611; x_wconf 86' lang='grc' dir='ltr'><strong>κατά</strong></span> <span class='ocrx_word' id='word_1_27' title='bbox 1731 558 1926 612; x_wconf 78' lang='grc' dir='ltr'><strong>ταυτὸν</strong></span> 
     </span>
    </p>
   </div>
   <div class='ocr_carea' id='block_1_5' title="bbox 255 645 1927 726">
    <p class='ocr_par' dir='ltr' id='par_1_5' title="bbox 255 645 1927 726">
     <span class='ocr_line' id='line_1_5' title="bbox 255 645 1927 726; baseline 0.008 -32"><span class='ocrx_word' id='word_1_28' title='bbox 255 645 609 718; x_wconf 78' lang='grc' dir='ltr'><strong>στρατιώτην</strong></span> <span class='ocrx_word' id='word_1_29' title='bbox 641 649 924 719; x_wconf 87' lang='grc' dir='ltr'><strong>παριέναι.</strong></span> <span class='ocrx_word' id='word_1_30' title='bbox 952 648 1086 704; x_wconf 76' lang='grc' dir='ltr'><strong>Εἶτα</strong></span> <span class='ocrx_word' id='word_1_31' title='bbox 1118 651 1329 705; x_wconf 79' lang='grc' dir='ltr'><strong>ἔνδοθεν</strong></span> <span class='ocrx_word' id='word_1_32' title='bbox 1381 652 1562 706; x_wconf 86' lang='grc' dir='ltr'><strong>λαϐὼν</strong></span> <span class='ocrx_word' id='word_1_33' title='bbox 1601 655 1785 726; x_wconf 82' lang='grc' dir='ltr'><strong>ἀπῄει,</strong></span> <span class='ocrx_word' id='word_1_34' title='bbox 1833 656 1927 709; x_wconf 78' lang='grc' dir='ltr'><strong>καὶ</strong></span> 
     </span>
    </p>
   </div>
   <div class='ocr_carea' id='block_1_6' title="bbox 253 739 1927 817">
    <p class='ocr_par' dir='ltr' id='par_1_6' title="bbox 253 739 1927 817">
     <span class='ocr_line' id='line_1_6' title="bbox 253 739 1927 817; baseline 0.008 -28"><span class='ocrx_word' id='word_1_35' title='bbox 253 739 536 810; x_wconf 77' lang='grc' dir='ltr'><strong>ἐπεπήγει</strong></span> <span class='ocrx_word' id='word_1_36' title='bbox 557 742 787 812; x_wconf 80' lang='grc' dir='ltr'><strong>τῷδέει.</strong></span> <span class='ocrx_word' id='word_1_37' title='bbox 829 746 926 809; x_wconf 91' lang='grc' dir='ltr'><strong>Τίς</strong></span> <span class='ocrx_word' id='word_1_38' title='bbox 949 745 1058 817; x_wconf 82' lang='grc' dir='ltr'><strong>γὰρ</strong></span> <span class='ocrx_word' id='word_1_39' title='bbox 1094 746 1162 800; x_wconf 84' lang='grc' dir='ltr'><strong>ἂν</strong></span> <span class='ocrx_word' id='word_1_40' title='bbox 1197 747 1292 800; x_wconf 76' lang='grc' dir='ltr'><strong>καὶ</strong></span> <span class='ocrx_word' id='word_1_41' title='bbox 1325 747 1670 814; x_wconf 84' lang='grc' dir='ltr'><strong>ἐπίστευσεν,</strong></span> <span class='ocrx_word' id='word_1_42' title='bbox 1697 751 1783 806; x_wconf 83' lang='grc' dir='ltr'><strong>ὅτι</strong></span> <span class='ocrx_word' id='word_1_43' title='bbox 1817 751 1927 804; x_wconf 79' lang='grc' dir='ltr'><strong>ἀπὸ</strong></span> 
     </span>
    </p>
   </div>
   <div class='ocr_carea' id='block_1_7' title="bbox 252 836 1926 915">
    <p class='ocr_par' dir='ltr' id='par_1_7' title="bbox 252 836 1926 915">
     <span class='ocr_line' id='line_1_7' title="bbox 252 836 1926 915; baseline 0.008 -28"><span class='ocrx_word' id='word_1_44' title='bbox 252 836 355 889; x_wconf 87' lang='grc' dir='ltr'><strong>τοῦ</strong></span> <span class='ocrx_word' id='word_1_45' title='bbox 391 839 640 910; x_wconf 84' lang='grc' dir='ltr'><strong>ποταμοῦ</strong></span> <span class='ocrx_word' id='word_1_46' title='bbox 665 841 920 906; x_wconf 85' lang='grc' dir='ltr'><strong>λαϐόντες</strong></span> <span class='ocrx_word' id='word_1_47' title='bbox 948 844 1293 915; x_wconf 91' lang='grc' dir='ltr'><strong>ἀνειλόμεθα,</strong></span> <span class='ocrx_word' id='word_1_48' title='bbox 1328 844 1546 900; x_wconf 88' lang='grc' dir='ltr'><strong>πάντων</strong></span> <span class='ocrx_word' id='word_1_49' title='bbox 1564 847 1687 899; x_wconf 90' lang='grc' dir='ltr'><strong>τότε</strong></span> <span class='ocrx_word' id='word_1_50' title='bbox 1715 847 1926 900; x_wconf 74' lang='grc' dir='ltr'><strong>καὶτῶν</strong></span> 
     </span>
    </p>
   </div>
   <div class='ocr_carea' id='block_1_8' title="bbox 253 933 1926 1014">
    <p class='ocr_par' dir='ltr' id='par_1_8' title="bbox 253 933 1926 1014">
     <span class='ocr_line' id='line_1_8' title="bbox 253 933 1926 1014; baseline 0.008 -30"><span class='ocrx_word' id='word_1_51' title='bbox 253 933 591 987; x_wconf 72' lang='grc' dir='ltr'><strong>ἀνυπόπτων</strong></span> <span class='ocrx_word' id='word_1_52' title='bbox 617 938 998 1008; x_wconf 80' lang='grc' dir='ltr'><strong>κατεχομένων</strong></span> <span class='ocrx_word' id='word_1_53' title='bbox 1021 957 1035 1005; x_wconf 92' lang='lat'><strong>;</strong></span> <span class='ocrx_word' id='word_1_54' title='bbox 1059 940 1167 993; x_wconf 71' lang='grc' dir='ltr'><strong>Καὶ</strong></span> <span class='ocrx_word' id='word_1_55' title='bbox 1197 941 1352 1012; x_wconf 76' lang='grc' dir='ltr'><strong>ρῖψαι</strong></span> <span class='ocrx_word' id='word_1_56' title='bbox 1373 942 1474 994; x_wconf 84' lang='grc' dir='ltr'><strong>ούκ</strong></span> <span class='ocrx_word' id='word_1_57' title='bbox 1493 941 1828 1013; x_wconf 81' lang='grc' dir='ltr'><strong>ἐτολμῶμεν,</strong></span> <span class='ocrx_word' id='word_1_58' title='bbox 1853 943 1926 1014; x_wconf 84' lang='grc' dir='ltr'><strong>μὴ</strong></span> 
     </span>
    </p>
   </div>
   <div class='ocr_carea' id='block_1_9' title="bbox 255 1023 1925 1110">
    <p class='ocr_par' dir='ltr' id='par_1_9' title="bbox 255 1023 1925 1110">
     <span class='ocr_line' id='line_1_9' title="bbox 255 1023 1925 1110; baseline 0.008 -32"><span class='ocrx_word' id='word_1_59' title='bbox 255 1023 542 1098; x_wconf 54' lang='grc' dir='ltr'><strong>ὀφθῶμεν,</strong></span> <span class='ocrx_word' id='word_1_60' title='bbox 575 1033 666 1082; x_wconf 77' lang='grc' dir='ltr'><strong>καὶ</strong></span> <span class='ocrx_word' id='word_1_61' title='bbox 697 1033 1065 1104; x_wconf 86' lang='grc' dir='ltr'><strong>καταμερίσαι</strong></span> <span class='ocrx_word' id='word_1_62' title='bbox 1094 1035 1226 1088; x_wconf 79' lang='grc' dir='ltr'><strong>αὐτὸ</strong></span> <span class='ocrx_word' id='word_1_63' title='bbox 1255 1036 1416 1090; x_wconf 81' lang='grc' dir='ltr'><strong>πάλιν</strong></span> <span class='ocrx_word' id='word_1_64' title='bbox 1457 1038 1643 1108; x_wconf 88' lang='grc' dir='ltr'><strong>ὅμοιον</strong></span> <span class='ocrx_word' id='word_1_65' title='bbox 1675 1038 1793 1102; x_wconf 82' lang='grc' dir='ltr'><strong>δέος</strong></span> <span class='ocrx_word' id='word_1_66' title='bbox 1836 1034 1925 1110; x_wconf 79' lang='grc' dir='ltr'><strong>ἦν.</strong></span> 
     </span>
    </p>
   </div>
   <div class='ocr_carea' id='block_1_10' title="bbox 257 1117 1930 1205">
    <p class='ocr_par' dir='ltr' id='par_1_10' title="bbox 257 1117 1930 1205">
     <span class='ocr_line' id='line_1_10' title="bbox 257 1117 1930 1205; baseline 0.008 -31"><span class='ocrx_word' id='word_1_67' title='bbox 257 1117 476 1176; x_wconf 79' lang='grc' dir='ltr'><strong>Ἔδωκε</strong></span> <span class='ocrx_word' id='word_1_68' title='bbox 501 1128 633 1194; x_wconf 77' lang='grc' dir='ltr'><strong>γοῦν</strong></span> <span class='ocrx_word' id='word_1_69' title='bbox 657 1129 687 1179; x_wconf 84' lang='grc' dir='ltr'><strong>ὁ</strong></span> <span class='ocrx_word' id='word_1_70' title='bbox 713 1129 865 1193; x_wconf 84' lang='grc' dir='ltr'><strong>Θεὸς,</strong></span> <span class='ocrx_word' id='word_1_71' title='bbox 893 1131 987 1183; x_wconf 68' lang='grc' dir='ltr'><strong>καὶ</strong></span> <span class='ocrx_word' id='word_1_72' title='bbox 1013 1131 1338 1203; x_wconf 72' lang='grc' dir='ltr'><strong>ἐρρίψαμεν,</strong></span> <span class='ocrx_word' id='word_1_73' title='bbox 1370 1133 1465 1186; x_wconf 76' lang='grc' dir='ltr'><strong>καὶ</strong></span> <span class='ocrx_word' id='word_1_74' title='bbox 1494 1135 1723 1205; x_wconf 76' lang='grc' dir='ltr'><strong>ἔσχατον</strong></span> <span class='ocrx_word' id='word_1_75' title='bbox 1759 1135 1930 1205; x_wconf 86' lang='grc' dir='ltr'><strong>ἀπηλ-</strong></span> 
     </span>
    </p>
   </div>
   <div class='ocr_carea' id='block_1_11' title="bbox 251 1224 1930 1303">
    <p class='ocr_par' dir='ltr' id='par_1_11' title="bbox 251 1224 1930 1303">
     <span class='ocr_line' id='line_1_11' title="bbox 251 1224 1930 1303; baseline 0.008 -28"><span class='ocrx_word' id='word_1_76' title='bbox 251 1224 511 1296; x_wconf 82' lang='grc' dir='ltr'><strong>λάγημεν</strong></span> <span class='ocrx_word' id='word_1_77' title='bbox 535 1226 658 1278; x_wconf 89' lang='grc' dir='ltr'><strong>τότε</strong></span> <span class='ocrx_word' id='word_1_78' title='bbox 694 1228 805 1280; x_wconf 77' lang='grc' dir='ltr'><strong>τῶν</strong></span> <span class='ocrx_word' id='word_1_79' title='bbox 844 1229 1125 1283; x_wconf 88' lang='grc' dir='ltr'><strong>κινδύνων.</strong></span> <span class='ocrx_word' id='word_1_80' title='bbox 1164 1231 1275 1284; x_wconf 77' lang='grc' dir='ltr'><strong>Καὶ</strong></span> <span class='ocrx_word' id='word_1_81' title='bbox 1301 1231 1470 1301; x_wconf 81' lang='grc' dir='ltr'><strong>μυρία</strong></span> <span class='ocrx_word' id='word_1_82' title='bbox 1508 1232 1574 1286; x_wconf 86' lang='grc' dir='ltr'><strong>ἂν</strong></span> <span class='ocrx_word' id='word_1_83' title='bbox 1624 1233 1801 1303; x_wconf 79' lang='grc' dir='ltr'><strong>ἔχοιμι</strong></span> <span class='ocrx_word' id='word_1_84' title='bbox 1841 1232 1930 1288; x_wconf 78' lang='grc' dir='ltr'><strong>λέ-</strong></span> 
     </span>
    </p>
   </div>
   <div class='ocr_carea' id='block_1_12' title="bbox 257 1323 1928 1399">
    <p class='ocr_par' dir='ltr' id='par_1_12' title="bbox 257 1323 1928 1399">
     <span class='ocr_line' id='line_1_12' title="bbox 257 1323 1928 1399; baseline 0.007 -30"><span class='ocrx_word' id='word_1_85' title='bbox 257 1336 397 1385; x_wconf 87' lang='grc' dir='ltr'><strong>γειν,</strong></span> <span class='ocrx_word' id='word_1_86' title='bbox 425 1323 474 1373; x_wconf 86' lang='grc' dir='ltr'><strong>εἰ</strong></span> <span class='ocrx_word' id='word_1_87' title='bbox 505 1323 684 1376; x_wconf 85' lang='grc' dir='ltr'><strong>πάντα</strong></span> <span class='ocrx_word' id='word_1_88' title='bbox 708 1324 1029 1394; x_wconf 83' lang='grc' dir='ltr'><strong>καταλέγειν</strong></span> <span class='ocrx_word' id='word_1_89' title='bbox 1051 1325 1310 1397; x_wconf 78' lang='grc' dir='ltr'><strong>ἐθέλοιμι.</strong></span> <span class='ocrx_word' id='word_1_90' title='bbox 1340 1327 1449 1380; x_wconf 75' lang='grc' dir='ltr'><strong>Καὶ</strong></span> <span class='ocrx_word' id='word_1_91' title='bbox 1482 1328 1653 1381; x_wconf 85' lang='grc' dir='ltr'><strong>ταῦτα</strong></span> <span class='ocrx_word' id='word_1_92' title='bbox 1690 1327 1747 1380; x_wconf 85' lang='grc' dir='ltr'><strong>δὲ</strong></span> <span class='ocrx_word' id='word_1_93' title='bbox 1775 1327 1928 1399; x_wconf 87' lang='grc' dir='ltr'><strong>ὑμῶν</strong></span> 
     </span>
    </p>
   </div>
   <div class='ocr_carea' id='block_1_13' title="bbox 256 1413 1931 1494">
    <p class='ocr_par' dir='ltr' id='par_1_13' title="bbox 256 1413 1931 1494">
     <span class='ocr_line' id='line_1_13' title="bbox 256 1413 1931 1494; baseline 0.006 -28"><span class='ocrx_word' id='word_1_94' title='bbox 256 1414 450 1468; x_wconf 83' lang='grc' dir='ltr'><strong>’ἐνεκεν</strong></span> <span class='ocrx_word' id='word_1_95' title='bbox 475 1413 650 1483; x_wconf 81' lang='grc' dir='ltr'><strong>εἷπον,</strong></span> <span class='ocrx_word' id='word_1_96' title='bbox 673 1418 814 1473; x_wconf 83' lang='grc' dir='ltr'><strong>ὥστε</strong></span> <span class='ocrx_word' id='word_1_97' title='bbox 851 1421 1014 1484; x_wconf 76' lang='grc' dir='ltr'><strong>εἴτις</strong></span> <span class='ocrx_word' id='word_1_98' title='bbox 1039 1422 1144 1474; x_wconf 80' lang='grc' dir='ltr'><strong>κᾶν</strong></span> <span class='ocrx_word' id='word_1_99' title='bbox 1176 1421 1251 1493; x_wconf 86' lang='grc' dir='ltr'><strong>μὴ</strong></span> <span class='ocrx_word' id='word_1_100' title='bbox 1304 1421 1551 1488; x_wconf 86' lang='grc' dir='ltr'><strong>τοιαῦτα,</strong></span> <span class='ocrx_word' id='word_1_101' title='bbox 1605 1423 1718 1476; x_wconf 84' lang='grc' dir='ltr'><strong>ἀλλ’</strong></span> <span class='ocrx_word' id='word_1_102' title='bbox 1766 1423 1931 1494; x_wconf 71' lang='grc' dir='ltr'><strong>ἕτερά</strong></span> 
     </span>
    </p>
   </div>
   <div class='ocr_carea' id='block_1_14' title="bbox 256 1513 1930 1590">
    <p class='ocr_par' dir='ltr' id='par_1_14' title="bbox 256 1513 1930 1590">
     <span class='ocr_line' id='line_1_14' title="bbox 256 1513 1930 1590; baseline 0.005 -26"><span class='ocrx_word' id='word_1_103' title='bbox 256 1529 381 1564; x_wconf 86' lang='grc' dir='ltr'><strong>τινα</strong></span> <span class='ocrx_word' id='word_1_104' title='bbox 402 1513 542 1583; x_wconf 77' lang='grc' dir='ltr'><strong>ἔχοι,</strong></span> <span class='ocrx_word' id='word_1_105' title='bbox 581 1515 756 1569; x_wconf 88' lang='grc' dir='ltr'><strong>ταῦτα</strong></span> <span class='ocrx_word' id='word_1_106' title='bbox 777 1518 1070 1590; x_wconf 72' lang='grc' dir='ltr'><strong>μεμνήσθω</strong></span> <span class='ocrx_word' id='word_1_107' title='bbox 1085 1518 1346 1588; x_wconf 79' lang='grc' dir='ltr'><strong>διηνεκῶς</strong></span> <span class='ocrx_word' id='word_1_108' title='bbox 1367 1536 1382 1551; x_wconf 74' lang='grc'><strong>⁸</strong></span> <span class='ocrx_word' id='word_1_109' title='bbox 1401 1515 1533 1583; x_wconf 79' lang='grc' dir='ltr'><strong>οἷον,</strong></span> <span class='ocrx_word' id='word_1_110' title='bbox 1560 1519 1614 1572; x_wconf 72' lang='grc' dir='ltr'><strong>εἴ</strong></span> <span class='ocrx_word' id='word_1_111' title='bbox 1631 1537 1760 1573; x_wconf 88' lang='grc' dir='ltr'><strong>ποτε</strong></span> <span class='ocrx_word' id='word_1_112' title='bbox 1785 1520 1930 1584; x_wconf 82' lang='grc' dir='ltr'><strong>λίθος</strong></span> 
     </span>
    </p>
   </div>
   <div class='ocr_carea' id='block_1_15' title="bbox 254 1609 1928 1688">
    <p class='ocr_par' dir='ltr' id='par_1_15' title="bbox 254 1609 1928 1688">
     <span class='ocr_line' id='line_1_15' title="bbox 254 1609 1928 1688; baseline 0.006 -28"><span class='ocrx_word' id='word_1_113' title='bbox 254 1624 342 1672; x_wconf 82' lang='grc' dir='ltr'><strong>τις</strong></span> <span class='ocrx_word' id='word_1_114' title='bbox 374 1609 644 1680; x_wconf 74' lang='grc' dir='ltr'><strong>ἐνεχθεὶς,</strong></span> <span class='ocrx_word' id='word_1_115' title='bbox 675 1614 884 1684; x_wconf 82' lang='grc' dir='ltr'><strong>μέλλων</strong></span> <span class='ocrx_word' id='word_1_116' title='bbox 937 1615 1030 1668; x_wconf 62' lang='grc' dir='ltr'><strong>ἐπὶ⁹</strong></span> <span class='ocrx_word' id='word_1_117' title='bbox 1078 1615 1138 1668; x_wconf 88' lang='grc' dir='ltr'><strong>σὲ</strong></span> <span class='ocrx_word' id='word_1_118' title='bbox 1187 1615 1463 1688; x_wconf 75' lang='grc' dir='ltr'><strong>ἔρχεσθαι,</strong></span> <span class='ocrx_word' id='word_1_119' title='bbox 1506 1617 1598 1670; x_wconf 74' lang='grc' dir='ltr'><strong>καὶ</strong></span> <span class='ocrx_word' id='word_1_120' title='bbox 1626 1617 1725 1670; x_wconf 72' lang='grc' dir='ltr'><strong>οὐκ</strong></span> <span class='ocrx_word' id='word_1_121' title='bbox 1750 1617 1842 1670; x_wconf 69' lang='grc' dir='ltr'><strong>ἐπὶ</strong></span> <span class='ocrx_word' id='word_1_122' title='bbox 1867 1617 1928 1670; x_wconf 86' lang='grc' dir='ltr'><strong>σὲ</strong></span> 
     </span>
    </p>
   </div>
   <div class='ocr_carea' id='block_1_16' title="bbox 255 1699 1928 1786">
    <p class='ocr_par' dir='ltr' id='par_1_16' title="bbox 255 1699 1928 1786">
     <span class='ocr_line' id='line_1_16' title="bbox 255 1699 1928 1786; baseline 0.007 -29"><span class='ocrx_word' id='word_1_123' title='bbox 255 1699 411 1775; x_wconf 74' lang='grc' dir='ltr'><strong>ἦλθε,</strong></span> <span class='ocrx_word' id='word_1_124' title='bbox 437 1709 599 1762; x_wconf 86' lang='grc' dir='ltr'><strong>τοῦτο</strong></span> <span class='ocrx_word' id='word_1_125' title='bbox 634 1711 959 1783; x_wconf 80' lang='grc' dir='ltr'><strong>ἀείμνηστον</strong></span> <span class='ocrx_word' id='word_1_126' title='bbox 980 1712 1091 1782; x_wconf 76' lang='grc' dir='ltr'><strong>ἔχε’</strong></span> <span class='ocrx_word' id='word_1_127' title='bbox 1121 1713 1363 1784; x_wconf 83' lang='grc' dir='ltr'><strong>μεγάλην</strong></span> <span class='ocrx_word' id='word_1_128' title='bbox 1402 1713 1572 1766; x_wconf 87' lang='grc' dir='ltr'><strong>ταῦτα</strong></span> <span class='ocrx_word' id='word_1_129' title='bbox 1606 1715 1749 1766; x_wconf 84' lang='grc' dir='ltr'><strong>ποιεῖ</strong></span> <span class='ocrx_word' id='word_1_130' title='bbox 1791 1714 1928 1786; x_wconf 85' lang='grc' dir='ltr'><strong>πρὸς</strong></span> 
     </span>
    </p>
   </div>
   <div class='ocr_carea' id='block_1_17' title="bbox 256 1803 1928 1882">
    <p class='ocr_par' dir='ltr' id='par_1_17' title="bbox 256 1803 1928 1882">
     <span class='ocr_line' id='line_1_17' title="bbox 256 1803 1928 1882; baseline 0.006 -28"><span class='ocrx_word' id='word_1_131' title='bbox 256 1803 390 1856; x_wconf 74' lang='grc' dir='ltr'><strong>Θεὸν</strong></span> <span class='ocrx_word' id='word_1_132' title='bbox 424 1805 612 1872; x_wconf 75' lang='grc' dir='ltr'><strong>φιλίαν</strong></span> <span class='ocrx_word' id='word_1_133' title='bbox 639 1811 792 1880; x_wconf 79' lang='grc' dir='ltr'><strong>ἡμῖν.</strong></span> <span class='ocrx_word' id='word_1_134' title='bbox 821 1811 884 1863; x_wconf 83' lang='grc' dir='ltr'><strong>Εἰ</strong></span> <span class='ocrx_word' id='word_1_135' title='bbox 909 1811 1016 1881; x_wconf 84' lang='grc' dir='ltr'><strong>γὰρ</strong></span> <span class='ocrx_word' id='word_1_136' title='bbox 1047 1809 1348 1882; x_wconf 87' lang='grc' dir='ltr'><strong>ἀνθρώπων</strong></span> <span class='ocrx_word' id='word_1_137' title='bbox 1365 1810 1804 1882; x_wconf 77' lang='grc' dir='ltr'><strong>ἀναμνησθέντες</strong></span> <span class='ocrx_word' id='word_1_138' title='bbox 1819 1810 1928 1864; x_wconf 86' lang='grc' dir='ltr'><strong>τῶν</strong></span> 
     </span>
    </p>
   </div>
   <div class='ocr_carea' id='block_1_18' title="bbox 254 1901 1931 1980">
    <p class='ocr_par' dir='ltr' id='par_1_18' title="bbox 254 1901 1931 1980">
     <span class='ocr_line' id='line_1_18' title="bbox 254 1901 1931 1980; baseline 0.004 -26"><span class='ocrx_word' id='word_1_139' title='bbox 254 1901 650 1960; x_wconf 75' lang='grc' dir='ltr'><strong>δεασωσάντων</strong></span> <span class='ocrx_word' id='word_1_140' title='bbox 688 1908 854 1979; x_wconf 83' lang='grc' dir='ltr'><strong>ἡμᾶς,</strong></span> <span class='ocrx_word' id='word_1_141' title='bbox 879 1909 1021 1967; x_wconf 83' lang='grc' dir='ltr'><strong>πάνυ</strong></span> <span class='ocrx_word' id='word_1_142' title='bbox 1044 1907 1374 1980; x_wconf 85' lang='grc' dir='ltr'><strong>δακνόμεθα,</strong></span> <span class='ocrx_word' id='word_1_143' title='bbox 1403 1909 1531 1961; x_wconf 85' lang='grc' dir='ltr'><strong>ὅταν</strong></span> <span class='ocrx_word' id='word_1_144' title='bbox 1558 1909 1756 1972; x_wconf 78' lang='grc' dir='ltr'><strong>αὐτοὺς</strong></span> <span class='ocrx_word' id='word_1_145' title='bbox 1779 1907 1931 1978; x_wconf 81' lang='grc' dir='ltr'><strong>ἀμεί·</strong></span> 
     </span>
    </p>
   </div>
   <div class='ocr_carea' id='block_1_19' title="bbox 243 2000 1930 2084">
    <p class='ocr_par' dir='ltr' id='par_1_19' title="bbox 243 2000 1930 2084">
     <span class='ocr_line' id='line_1_19' title="bbox 243 2000 1930 2084; baseline 0.004 -31"><span class='ocrx_word' id='word_1_146' title='bbox 243 2000 475 2084; x_wconf 36' lang='grc' dir='ltr'><strong>,ψασθαι</strong></span> <span class='ocrx_word' id='word_1_147' title='bbox 509 2002 587 2073; x_wconf 77' lang='grc' dir='ltr'><strong>μὴ</strong></span> <span class='ocrx_word' id='word_1_148' title='bbox 621 2003 937 2074; x_wconf 72' lang='grc' dir='ltr'><strong>δυνηθῶμεν</strong></span> <span class='ocrx_word' id='word_1_149' title='bbox 959 2019 973 2034; x_wconf 72' lang='grc' dir='ltr'><strong>ο</strong></span> <span class='ocrx_word' id='word_1_150' title='bbox 1000 2002 1179 2075; x_wconf 88' lang='grc' dir='ltr'><strong>πολλῷ</strong></span> <span class='ocrx_word' id='word_1_151' title='bbox 1209 2003 1410 2076; x_wconf 75' lang='grc' dir='ltr'><strong>μᾶλλον</strong></span> <span class='ocrx_word' id='word_1_152' title='bbox 1433 2005 1525 2058; x_wconf 75' lang='grc' dir='ltr'><strong>ἐπὶ</strong></span> <span class='ocrx_word' id='word_1_153' title='bbox 1565 2003 1720 2060; x_wconf 83' lang='grc' dir='ltr'><strong>Θεοῦ.</strong></span> <span class='ocrx_word' id='word_1_154' title='bbox 1759 2003 1930 2059; x_wconf 86' lang='grc' dir='ltr'><strong>Τοῦτο</strong></span> 
     </span>
    </p>
   </div>
   <div class='ocr_carea' id='block_1_20' title="bbox 256 2099 1924 2175">
    <p class='ocr_par' dir='ltr' id='par_1_20' title="bbox 256 2099 1924 2175">
     <span class='ocr_line' id='line_1_20' title="bbox 256 2099 1924 2175; baseline 0.002 -23"><span class='ocrx_word' id='word_1_155' title='bbox 256 2101 350 2152; x_wconf 77' lang='grc' dir='ltr'><strong>καὶ</strong></span> <span class='ocrx_word' id='word_1_156' title='bbox 379 2101 624 2172; x_wconf 82' lang='grc' dir='ltr'><strong>ἀλλαχοῦ</strong></span> <span class='ocrx_word' id='word_1_157' title='bbox 660 2105 949 2174; x_wconf 85' lang='grc' dir='ltr'><strong>χρήσιμον.</strong></span> <span class='ocrx_word' id='word_1_158' title='bbox 979 2104 1146 2157; x_wconf 78' lang='grc' dir='ltr'><strong>Ὅταν</strong></span> <span class='ocrx_word' id='word_1_159' title='bbox 1160 2099 1252 2158; x_wconf 83' lang='lat' dir='ltr'><strong>06v</strong></span> <span class='ocrx_word' id='word_1_160' title='bbox 1279 2102 1594 2175; x_wconf 83' lang='grc' dir='ltr'><strong>βουλώμεθα</strong></span> <span class='ocrx_word' id='word_1_161' title='bbox 1619 2103 1693 2174; x_wconf 80' lang='grc' dir='ltr'><strong>μὴ</strong></span> <span class='ocrx_word' id='word_1_162' title='bbox 1717 2103 1924 2170; x_wconf 87' lang='grc' dir='ltr'><strong>ἀλύειν,</strong></span> 
     </span>
    </p>
   </div>
   <div class='ocr_carea' id='block_1_21' title="bbox 260 2195 1929 2274">
    <p class='ocr_par' dir='ltr' id='par_1_21' title="bbox 260 2195 1929 2274">
     <span class='ocr_line' id='line_1_21' title="bbox 260 2195 1929 2274; baseline 0.004 -26"><span class='ocrx_word' id='word_1_163' title='bbox 260 2195 509 2270; x_wconf 83' lang='grc' dir='ltr'><strong>λέγωμεν</strong></span> <span class='ocrx_word' id='word_1_164' title='bbox 536 2199 633 2268; x_wconf 87' lang='grc' dir='ltr'><strong>δή·</strong></span> <span class='ocrx_word' id='word_1_165' title='bbox 677 2200 743 2254; x_wconf 73' lang='lat' dir='ltr'><strong>El</strong></span> <span class='ocrx_word' id='word_1_166' title='bbox 777 2201 849 2254; x_wconf 82' lang='grc' dir='ltr'><strong>τὰ</strong></span> <span class='ocrx_word' id='word_1_167' title='bbox 886 2202 1079 2266; x_wconf 75' lang='grc' dir='ltr'><strong>ἀγαθὰ</strong></span> <span class='ocrx_word' id='word_1_168' title='bbox 1105 2201 1431 2274; x_wconf 73' lang='grc' dir='ltr'><strong>ἐδειτάμεθα</strong></span> <span class='ocrx_word' id='word_1_169' title='bbox 1490 2201 1652 2272; x_wconf 85' lang='grc' dir='ltr'><strong>παρὰ</strong></span> <span class='ocrx_word' id='word_1_170' title='bbox 1682 2201 1929 2268; x_wconf 86' lang='grc' dir='ltr'><strong>Κυρίου,</strong></span> 
     </span>
    </p>
   </div>
   <div class='ocr_carea' id='block_1_22' title="bbox 1309 222 2741 308">
    <p class='ocr_par' dir='ltr' id='par_1_22' title="bbox 1309 222 2741 308">
     <span class='ocr_line' id='line_1_22' title="bbox 1309 222 2741 308; baseline 0.004 -7"><span class='ocrx_word' id='word_1_171' title='bbox 1309 222 1373 301; x_wconf 72' lang='lat' dir='ltr'><strong>mi</strong></span> <span class='ocrx_word' id='word_1_172' title='bbox 1413 248 1595 305; x_wconf 85' lang='lat' dir='ltr'><strong>ACTA</strong></span> <span class='ocrx_word' id='word_1_173' title='bbox 1635 224 2170 308; x_wconf 65' lang='lat' dir='ltr'><strong>APOSTOLORUM.</strong></span> <span class='ocrx_word' id='word_1_174' title='bbox 2221 250 2456 307; x_wconf 82' lang='lat' dir='ltr'><strong>IIOMIL.</strong></span> <span class='ocrx_word' id='word_1_175' title='bbox 2498 249 2741 307; x_wconf 71' lang='lat' dir='ltr'><strong>xxxnx.</strong></span> 
     </span>
    </p>
   </div>
   <div class='ocr_carea' id='block_1_23' title="bbox 3577 251 3683 307">
    <p class='ocr_par' dir='ltr' id='par_1_23' title="bbox 3577 251 3683 307">
     <span class='ocr_line' id='line_1_23' title="bbox 3577 251 3683 307; baseline 0 0"><span class='ocrx_word' id='word_1_176' title='bbox 3577 251 3683 307; x_wconf 74' lang='lat'><strong>276</strong></span> 
     </span>
    </p>
   </div>
   <div class='ocr_carea' id='block_1_24' title="bbox 2028 362 3684 436">
    <p class='ocr_par' dir='ltr' id='par_1_24' title="bbox 2028 362 3684 436">
     <span class='ocr_line' id='line_1_24' title="bbox 2028 362 3684 436; baseline -0.002 -14"><span class='ocrx_word' id='word_1_177' title='bbox 2028 367 2100 423; x_wconf 85' lang='grc' dir='ltr'><strong>τὰ</strong></span> <span class='ocrx_word' id='word_1_178' title='bbox 2121 368 2274 423; x_wconf 79' lang='grc' dir='ltr'><strong>κακὰ</strong></span> <span class='ocrx_word' id='word_1_179' title='bbox 2300 368 2413 435; x_wconf 83' lang='grc' dir='ltr'><strong>οὐχ</strong></span> <span class='ocrx_word' id='word_1_180' title='bbox 2436 367 2802 436; x_wconf 85' lang='grc' dir='ltr'><strong>ὑποίσομεν;</strong></span> <span class='ocrx_word' id='word_1_181' title='bbox 2845 366 2958 420; x_wconf 76' lang='grc' dir='ltr'><strong>Καὶ</strong></span> <span class='ocrx_word' id='word_1_182' title='bbox 2995 365 3204 430; x_wconf 77' lang='grc' dir='ltr'><strong>Παῦλος</strong></span> <span class='ocrx_word' id='word_1_183' title='bbox 3249 362 3338 420; x_wconf 82' lang='grc' dir='ltr'><strong>διά</strong></span> <span class='ocrx_word' id='word_1_184' title='bbox 3379 365 3536 421; x_wconf 89' lang='grc' dir='ltr'><strong>τοῦτο</strong></span> <span class='ocrx_word' id='word_1_185' title='bbox 3565 365 3684 420; x_wconf 79' lang='grc' dir='ltr'><strong>έλεο</strong></span> 
     </span>
    </p>
   </div>
   <div class='ocr_carea' id='block_1_25' title="bbox 2029 459 3685 533">
    <p class='ocr_par' dir='ltr' id='par_1_25' title="bbox 2029 459 3685 533">
     <span class='ocr_line' id='line_1_25' title="bbox 2029 459 3685 533; baseline -0.001 -19"><span class='ocrx_word' id='word_1_186' title='bbox 2029 477 2124 530; x_wconf 88' lang='grc' dir='ltr'><strong>γεν</strong></span> <span class='ocrx_word' id='word_1_187' title='bbox 2155 461 2277 515; x_wconf 79' lang='grc' dir='ltr'><strong>ὅθεν</strong></span> <span class='ocrx_word' id='word_1_188' title='bbox 2299 459 2564 533; x_wconf 88' lang='grc' dir='ltr'><strong>ἐρρύσθη,</strong></span> <span class='ocrx_word' id='word_1_189' title='bbox 2597 460 2683 514; x_wconf 83' lang='grc' dir='ltr'><strong>ἵνα</strong></span> <span class='ocrx_word' id='word_1_190' title='bbox 2703 459 2990 524; x_wconf 87' lang='grc' dir='ltr'><strong>κάκείνους</strong></span> <span class='ocrx_word' id='word_1_191' title='bbox 3018 461 3331 532; x_wconf 83' lang='grc' dir='ltr'><strong>ἀναμνήσῃ.</strong></span> <span class='ocrx_word' id='word_1_192' title='bbox 3367 461 3513 531; x_wconf 85' lang='grc' dir='ltr'><strong>Ὅρα</strong></span> <span class='ocrx_word' id='word_1_193' title='bbox 3535 460 3630 514; x_wconf 76' lang='grc' dir='ltr'><strong>καί</strong></span> <span class='ocrx_word' id='word_1_194' title='bbox 3657 461 3685 512; x_wconf 88' lang='grc' dir='ltr'><strong>ὁ</strong></span> 
     </span>
    </p>
   </div>
   <div class='ocr_carea' id='block_1_26' title="bbox 2040 551 3682 627">
    <p class='ocr_par' dir='ltr' id='par_1_26' title="bbox 2040 551 3682 627">
     <span class='ocr_line' id='line_1_26' title="bbox 2040 551 3682 627; baseline -0.001 -17"><span class='ocrx_word' id='word_1_195' title='bbox 2040 556 2232 610; x_wconf 87' lang='grc' dir='ltr'><strong>Ἰακὼϐ</strong></span> <span class='ocrx_word' id='word_1_196' title='bbox 2258 557 2375 619; x_wconf 82' lang='grc' dir='ltr'><strong>πῶς</strong></span> <span class='ocrx_word' id='word_1_197' title='bbox 2400 555 2778 610; x_wconf 68' lang='grc' dir='ltr'><strong>πάνταταῦτα</strong></span> <span class='ocrx_word' id='word_1_198' title='bbox 2804 557 2861 609; x_wconf 91' lang='grc' dir='ltr'><strong>ἐν</strong></span> <span class='ocrx_word' id='word_1_199' title='bbox 2887 555 2965 627; x_wconf 83' lang='grc' dir='ltr'><strong>νῷ</strong></span> <span class='ocrx_word' id='word_1_200' title='bbox 3011 551 3126 625; x_wconf 79' lang='grc' dir='ltr'><strong>εἴγε</strong></span> <span class='ocrx_word' id='word_1_201' title='bbox 3146 573 3160 587; x_wconf 76' lang='grc' dir='ltr'><strong><em>ο</em></strong></span> <span class='ocrx_word' id='word_1_202' title='bbox 3214 556 3296 609; x_wconf 76' lang='grc' dir='ltr'><strong>διὸ</strong></span> <span class='ocrx_word' id='word_1_203' title='bbox 3333 556 3431 610; x_wconf 75' lang='grc' dir='ltr'><strong>καὶ</strong></span> <span class='ocrx_word' id='word_1_204' title='bbox 3463 555 3649 624; x_wconf 77' lang='grc' dir='ltr'><strong>ἔλεγεν</strong></span> <span class='ocrx_word' id='word_1_205' title='bbox 3666 573 3682 588; x_wconf 91' lang='grc'><strong>·</strong></span> 
     </span>
    </p>
   </div>
   <div class='ocr_carea' id='block_1_27' title="bbox 2037 653 3732 724">
    <p class='ocr_par' dir='ltr' id='par_1_27' title="bbox 2037 653 3732 724">
     <span class='ocr_line' id='line_1_27' title="bbox 2037 653 3732 724; baseline -0.002 -15"><span class='ocrx_word' id='word_1_206' title='bbox 2037 656 2100 709; x_wconf 86' lang='lat'><strong>&#39;0</strong></span> <span class='ocrx_word' id='word_1_207' title='bbox 2128 655 2381 724; x_wconf 73' lang='grc' dir='ltr'><strong>ἄγγελος</strong></span> <span class='ocrx_word' id='word_1_208' title='bbox 2410 659 2443 709; x_wconf 89' lang='grc' dir='ltr'><strong>ό</strong></span> <span class='ocrx_word' id='word_1_209' title='bbox 2460 655 2758 724; x_wconf 77' lang='grc' dir='ltr'><strong>ῥυόμενος</strong></span> <span class='ocrx_word' id='word_1_210' title='bbox 2782 672 2859 724; x_wconf 90' lang='grc' dir='ltr'><strong>με</strong></span> <span class='ocrx_word' id='word_1_211' title='bbox 2884 655 2953 709; x_wconf 78' lang='grc' dir='ltr'><strong>ἐκ</strong></span> <span class='ocrx_word' id='word_1_212' title='bbox 2980 655 3265 723; x_wconf 83' lang='grc' dir='ltr'><strong>νεότητός</strong></span> <span class='ocrx_word' id='word_1_213' title='bbox 3307 672 3448 724; x_wconf 88' lang='grc' dir='ltr'><strong>μου.</strong></span> <span class='ocrx_word' id='word_1_214' title='bbox 3472 654 3583 706; x_wconf 76' lang='grc' dir='ltr'><strong>Καὶ</strong></span> <span class='ocrx_word' id='word_1_215' title='bbox 3612 653 3686 723; x_wconf 85' lang='grc' dir='ltr'><strong>μὴ</strong></span> <span class='ocrx_word' id='word_1_216' title='bbox 3727 664 3732 678; x_wconf 66' lang='grc' dir='ltr'><strong>ί</strong></span> 
     </span>
    </p>
   </div>
   <div class='ocr_carea' id='block_1_28' title="bbox 2031 749 3682 823">
    <p class='ocr_par' dir='ltr' id='par_1_28' title="bbox 2031 749 3682 823">
     <span class='ocr_line' id='line_1_28' title="bbox 2031 749 3682 823; baseline -0.004 -17"><span class='ocrx_word' id='word_1_217' title='bbox 2031 752 2210 823; x_wconf 87' lang='grc' dir='ltr'><strong>μόνον,</strong></span> <span class='ocrx_word' id='word_1_218' title='bbox 2230 753 2310 805; x_wconf 84' lang='grc' dir='ltr'><strong>ὅτι</strong></span> <span class='ocrx_word' id='word_1_219' title='bbox 2338 751 2625 822; x_wconf 76' lang='grc' dir='ltr'><strong>ἐρρύσατο,</strong></span> <span class='ocrx_word' id='word_1_220' title='bbox 2647 750 2781 804; x_wconf 85' lang='grc' dir='ltr'><strong>ἀλλά</strong></span> <span class='ocrx_word' id='word_1_221' title='bbox 2807 749 2926 814; x_wconf 87' lang='grc' dir='ltr'><strong>πῶς</strong></span> <span class='ocrx_word' id='word_1_222' title='bbox 2958 752 3052 805; x_wconf 78' lang='grc' dir='ltr'><strong>καὶ</strong></span> <span class='ocrx_word' id='word_1_223' title='bbox 3089 752 3181 804; x_wconf 82' lang='grc' dir='ltr'><strong>ἐπὶ</strong></span> <span class='ocrx_word' id='word_1_224' title='bbox 3230 751 3340 804; x_wconf 85' lang='grc' dir='ltr'><strong>τίνι</strong></span> <span class='ocrx_word' id='word_1_225' title='bbox 3393 749 3682 818; x_wconf 87' lang='grc' dir='ltr'><strong>ἐννοῶμεν.</strong></span> 
     </span>
    </p>
   </div>
   <div class='ocr_carea' id='block_1_29' title="bbox 2028 843 3683 917">
    <p class='ocr_par' dir='ltr' id='par_1_29' title="bbox 2028 843 3683 917">
     <span class='ocr_line' id='line_1_29' title="bbox 2028 843 3683 917; baseline -0.004 -18"><span class='ocrx_word' id='word_1_226' title='bbox 2028 846 2170 917; x_wconf 87' lang='grc' dir='ltr'><strong>Ὅρα</strong></span> <span class='ocrx_word' id='word_1_227' title='bbox 2190 844 2320 914; x_wconf 84' lang='grc' dir='ltr'><strong>γοῦν</strong></span> <span class='ocrx_word' id='word_1_228' title='bbox 2343 845 2593 898; x_wconf 79' lang='grc' dir='ltr'><strong>κάκεῖνον</strong></span> <span class='ocrx_word' id='word_1_229' title='bbox 2621 843 2805 908; x_wconf 84' lang='grc' dir='ltr'><strong>ίδικῶς</strong></span> <span class='ocrx_word' id='word_1_230' title='bbox 2851 844 3261 916; x_wconf 88' lang='grc' dir='ltr'><strong>μνημονεύοντα</strong></span> <span class='ocrx_word' id='word_1_231' title='bbox 3319 843 3429 896; x_wconf 85' lang='grc' dir='ltr'><strong>τῶν</strong></span> <span class='ocrx_word' id='word_1_232' title='bbox 3458 843 3683 913; x_wconf 81' lang='grc' dir='ltr'><strong>εὐεργε-</strong></span> 
     </span>
    </p>
   </div>
   <div class='ocr_carea' id='block_1_30' title="bbox 2030 935 3683 1010">
    <p class='ocr_par' dir='ltr' id='par_1_30' title="bbox 2030 935 3683 1010">
     <span class='ocr_line' id='line_1_30' title="bbox 2030 935 3683 1010; baseline -0.003 -16"><span class='ocrx_word' id='word_1_233' title='bbox 2030 941 2182 994; x_wconf 85' lang='grc' dir='ltr'><strong>σιῶν.</strong></span> <span class='ocrx_word' id='word_1_234' title='bbox 2232 942 2336 994; x_wconf 82' lang='grc' dir='ltr'><strong>Ἐν</strong></span> <span class='ocrx_word' id='word_1_235' title='bbox 2358 937 2432 1007; x_wconf 77' lang='grc' dir='ltr'><strong>τῇ</strong></span> <span class='ocrx_word' id='word_1_236' title='bbox 2453 938 2653 1007; x_wconf 74' lang='grc' dir='ltr'><strong>ῥάϐδῳ</strong></span> <span class='ocrx_word' id='word_1_237' title='bbox 2674 956 2816 1007; x_wconf 90' lang='grc' dir='ltr'><strong>μου,</strong></span> <span class='ocrx_word' id='word_1_238' title='bbox 2847 940 3004 1010; x_wconf 74' lang='grc' dir='ltr'><strong>φησὶ,</strong></span> <span class='ocrx_word' id='word_1_239' title='bbox 3033 939 3286 1007; x_wconf 80' lang='grc' dir='ltr'><strong>διῆλθον</strong></span> <span class='ocrx_word' id='word_1_240' title='bbox 3311 939 3418 992; x_wconf 76' lang='grc' dir='ltr'><strong>τόν</strong></span> <span class='ocrx_word' id='word_1_241' title='bbox 3461 935 3683 1006; x_wconf 84' lang='grc' dir='ltr'><strong>Ἰορδά-</strong></span> 
     </span>
    </p>
   </div>
   <div class='ocr_carea' id='block_1_31' title="bbox 2027 1033 3688 1106">
    <p class='ocr_par' dir='ltr' id='par_1_31' title="bbox 2027 1033 3688 1106">
     <span class='ocr_line' id='line_1_31' title="bbox 2027 1033 3688 1106; baseline -0.006 -13"><span class='ocrx_word' id='word_1_242' title='bbox 2027 1055 2162 1106; x_wconf 87' lang='grc' dir='ltr'><strong>νην.</strong></span> <span class='ocrx_word' id='word_1_243' title='bbox 2197 1038 2257 1092; x_wconf 74' lang='lat' dir='ltr'><strong>Ol</strong></span> <span class='ocrx_word' id='word_1_244' title='bbox 2286 1037 2344 1090; x_wconf 83' lang='grc' dir='ltr'><strong>δέ</strong></span> <span class='ocrx_word' id='word_1_245' title='bbox 2379 1035 2622 1089; x_wconf 86' lang='grc' dir='ltr'><strong>Ἰουδαῖοι</strong></span> <span class='ocrx_word' id='word_1_246' title='bbox 2653 1034 2747 1089; x_wconf 75' lang='grc' dir='ltr'><strong>καὶ</strong></span> <span class='ocrx_word' id='word_1_247' title='bbox 2777 1034 2888 1088; x_wconf 83' lang='grc' dir='ltr'><strong>τῶν</strong></span> <span class='ocrx_word' id='word_1_248' title='bbox 2933 1035 3025 1088; x_wconf 78' lang='grc' dir='ltr'><strong>ἐπὶ</strong></span> <span class='ocrx_word' id='word_1_249' title='bbox 3061 1035 3343 1106; x_wconf 85' lang='grc' dir='ltr'><strong>προγόνων</strong></span> <span class='ocrx_word' id='word_1_250' title='bbox 3383 1033 3688 1104; x_wconf 87' lang='grc' dir='ltr'><strong>μέμνηνται</strong></span> 
     </span>
    </p>
   </div>
   <div class='ocr_carea' id='block_1_32' title="bbox 2028 1127 3688 1205">
    <p class='ocr_par' dir='ltr' id='par_1_32' title="bbox 2028 1127 3688 1205">
     <span class='ocr_line' id='line_1_32' title="bbox 2028 1127 3688 1205; baseline -0.005 -18"><span class='ocrx_word' id='word_1_251' title='bbox 2028 1135 2136 1198; x_wconf 80' lang='grc' dir='ltr'><strong>ἀεὶ,</strong></span> <span class='ocrx_word' id='word_1_252' title='bbox 2167 1133 2236 1187; x_wconf 85' lang='grc' dir='ltr'><strong>τὰ</strong></span> <span class='ocrx_word' id='word_1_253' title='bbox 2274 1131 2417 1186; x_wconf 87' lang='grc' dir='ltr'><strong>κατά</strong></span> <span class='ocrx_word' id='word_1_254' title='bbox 2439 1133 2540 1203; x_wconf 85' lang='grc' dir='ltr'><strong>τὴν</strong></span> <span class='ocrx_word' id='word_1_255' title='bbox 2568 1132 2840 1200; x_wconf 77' lang='grc' dir='ltr'><strong>Αἴγυπτον</strong></span> <span class='ocrx_word' id='word_1_256' title='bbox 2862 1131 3202 1205; x_wconf 59' lang='grc' dir='ltr'><strong>στρέφοντες.</strong></span> <span class='ocrx_word' id='word_1_257' title='bbox 3249 1129 3456 1183; x_wconf 86' lang='grc' dir='ltr'><strong>Οὐκοῦν</strong></span> <span class='ocrx_word' id='word_1_258' title='bbox 3506 1127 3688 1196; x_wconf 85' lang='grc' dir='ltr'><strong>πολλῷ</strong></span> 
     </span>
    </p>
   </div>
   <div class='ocr_carea' id='block_1_33' title="bbox 2032 1224 3685 1303">
    <p class='ocr_par' dir='ltr' id='par_1_33' title="bbox 2032 1224 3685 1303">
     <span class='ocr_line' id='line_1_33' title="bbox 2032 1224 3685 1303; baseline -0.005 -19"><span class='ocrx_word' id='word_1_259' title='bbox 2032 1231 2230 1303; x_wconf 82' lang='grc' dir='ltr'><strong>μᾶλλον</strong></span> <span class='ocrx_word' id='word_1_260' title='bbox 2263 1231 2420 1300; x_wconf 79' lang='grc' dir='ltr'><strong>ἡμεῖς</strong></span> <span class='ocrx_word' id='word_1_261' title='bbox 2450 1228 2559 1281; x_wconf 87' lang='grc' dir='ltr'><strong>τῶν</strong></span> <span class='ocrx_word' id='word_1_262' title='bbox 2581 1227 2797 1282; x_wconf 89' lang='grc' dir='ltr'><strong>οἰκείων</strong></span> <span class='ocrx_word' id='word_1_263' title='bbox 2817 1227 2910 1281; x_wconf 80' lang='grc' dir='ltr'><strong>καὶ</strong></span> <span class='ocrx_word' id='word_1_264' title='bbox 2938 1229 3018 1290; x_wconf 89' lang='grc' dir='ltr'><strong>εἰς</strong></span> <span class='ocrx_word' id='word_1_265' title='bbox 3057 1229 3204 1298; x_wconf 81' lang='grc' dir='ltr'><strong>ἡμᾶς</strong></span> <span class='ocrx_word' id='word_1_266' title='bbox 3240 1224 3685 1296; x_wconf 86' lang='grc' dir='ltr'><strong>συμϐεϐηκότων,</strong></span> 
     </span>
    </p>
   </div>
   <div class='ocr_carea' id='block_1_34' title="bbox 2031 1319 3689 1395">
    <p class='ocr_par' dir='ltr' id='par_1_34' title="bbox 2031 1319 3689 1395">
     <span class='ocr_line' id='line_1_34' title="bbox 2031 1319 3689 1395; baseline -0.005 -15"><span class='ocrx_word' id='word_1_267' title='bbox 2031 1326 2261 1389; x_wconf 77' lang='grc' dir='ltr'><strong>ποσάκις</strong></span> <span class='ocrx_word' id='word_1_268' title='bbox 2294 1327 2374 1388; x_wconf 89' lang='grc' dir='ltr'><strong>εἰς</strong></span> <span class='ocrx_word' id='word_1_269' title='bbox 2392 1325 2656 1395; x_wconf 76' lang='grc' dir='ltr'><strong>ἐπηρείας</strong></span> <span class='ocrx_word' id='word_1_270' title='bbox 2681 1324 2775 1377; x_wconf 71' lang='grc' dir='ltr'><strong>καὶ</strong></span> <span class='ocrx_word' id='word_1_271' title='bbox 2794 1341 2856 1376; x_wconf 89' lang='grc' dir='ltr'><strong>συ</strong></span> <span class='ocrx_word' id='word_1_272' title='bbox 2865 1323 3080 1394; x_wconf 85' lang='grc' dir='ltr'><strong>μφοράς</strong></span> <span class='ocrx_word' id='word_1_273' title='bbox 3095 1321 3538 1394; x_wconf 78' lang='grc' dir='ltr'><strong>ἐμπεπτώκαμεν</strong></span> <span class='ocrx_word' id='word_1_274' title='bbox 3558 1334 3573 1349; x_wconf 83' lang='grc'><strong><em>⁸</em></strong></span> <span class='ocrx_word' id='word_1_275' title='bbox 3593 1319 3689 1372; x_wconf 76' lang='grc' dir='ltr'><strong>καὶ</strong></span> 
     </span>
    </p>
   </div>
   <div class='ocr_carea' id='block_1_35' title="bbox 2030 1418 3683 1493">
    <p class='ocr_par' dir='ltr' id='par_1_35' title="bbox 2030 1418 3683 1493">
     <span class='ocr_line' id='line_1_35' title="bbox 2030 1418 3683 1493; baseline -0.005 -16"><span class='ocrx_word' id='word_1_276' title='bbox 2030 1426 2077 1477; x_wconf 90' lang='grc' dir='ltr'><strong>εἰ</strong></span> <span class='ocrx_word' id='word_1_277' title='bbox 2103 1422 2178 1493; x_wconf 81' lang='grc' dir='ltr'><strong>μὴ</strong></span> <span class='ocrx_word' id='word_1_278' title='bbox 2206 1425 2234 1476; x_wconf 88' lang='grc' dir='ltr'><strong>ό</strong></span> <span class='ocrx_word' id='word_1_279' title='bbox 2253 1422 2386 1483; x_wconf 79' lang='grc' dir='ltr'><strong>Θεὸς</strong></span> <span class='ocrx_word' id='word_1_280' title='bbox 2404 1423 2559 1492; x_wconf 89' lang='grc' dir='ltr'><strong>χεῖρα</strong></span> <span class='ocrx_word' id='word_1_281' title='bbox 2596 1420 2890 1492; x_wconf 82' lang='grc' dir='ltr'><strong>ὑπερέσχε,</strong></span> <span class='ocrx_word' id='word_1_282' title='bbox 2935 1420 3102 1473; x_wconf 83' lang='grc' dir='ltr'><strong>πάλαι</strong></span> <span class='ocrx_word' id='word_1_283' title='bbox 3159 1418 3225 1472; x_wconf 85' lang='grc' dir='ltr'><strong>ἂν</strong></span> <span class='ocrx_word' id='word_1_284' title='bbox 3280 1418 3683 1487; x_wconf 84' lang='grc' dir='ltr'><strong>ἀπολώλειμεν.</strong></span> 
     </span>
    </p>
   </div>
   <div class='ocr_carea' id='block_1_36' title="bbox 2030 1509 3689 1584">
    <p class='ocr_par' dir='ltr' id='par_1_36' title="bbox 2030 1509 3689 1584">
     <span class='ocr_line' id='line_1_36' title="bbox 2030 1509 3689 1584; baseline -0.005 -12"><span class='ocrx_word' id='word_1_285' title='bbox 2030 1519 2217 1573; x_wconf 87' lang='grc' dir='ltr'><strong>Ταῦτα</strong></span> <span class='ocrx_word' id='word_1_286' title='bbox 2243 1518 2550 1580; x_wconf 78' lang='grc' dir='ltr'><strong>ἐννοοῦντες</strong></span> <span class='ocrx_word' id='word_1_287' title='bbox 2575 1515 2833 1581; x_wconf 75' lang='grc' dir='ltr'><strong>ἅπαντες,</strong></span> <span class='ocrx_word' id='word_1_288' title='bbox 2855 1517 2950 1570; x_wconf 77' lang='grc' dir='ltr'><strong>καὶ</strong></span> <span class='ocrx_word' id='word_1_289' title='bbox 2985 1509 3371 1584; x_wconf 86' lang='grc' dir='ltr'><strong>ἀναλεγόμενοι</strong></span> <span class='ocrx_word' id='word_1_290' title='bbox 3397 1512 3516 1565; x_wconf 82' lang='grc' dir='ltr'><strong>καθ’</strong></span> <span class='ocrx_word' id='word_1_291' title='bbox 3561 1513 3689 1564; x_wconf 84' lang='grc' dir='ltr'><strong>ἐκά-</strong></span> 
     </span>
    </p>
   </div>
   <div class='ocr_carea' id='block_1_37' title="bbox 2032 1609 3691 1687">
    <p class='ocr_par' dir='ltr' id='par_1_37' title="bbox 2032 1609 3691 1687">
     <span class='ocr_line' id='line_1_37' title="bbox 2032 1609 3691 1687; baseline -0.007 -18"><span class='ocrx_word' id='word_1_292' title='bbox 2032 1632 2186 1687; x_wconf 91' lang='grc' dir='ltr'><strong>στην,</strong></span> <span class='ocrx_word' id='word_1_293' title='bbox 2210 1614 2370 1686; x_wconf 82' lang='grc' dir='ltr'><strong>χάριν</strong></span> <span class='ocrx_word' id='word_1_294' title='bbox 2399 1612 2627 1682; x_wconf 87' lang='grc' dir='ltr'><strong>εἰδῶμεν</strong></span> <span class='ocrx_word' id='word_1_295' title='bbox 2653 1611 2914 1683; x_wconf 81' lang='grc' dir='ltr'><strong>διηνεκῶς</strong></span> <span class='ocrx_word' id='word_1_296' title='bbox 2941 1612 3020 1682; x_wconf 84' lang='grc' dir='ltr'><strong>τῷ</strong></span> <span class='ocrx_word' id='word_1_297' title='bbox 3050 1611 3191 1681; x_wconf 81' lang='grc' dir='ltr'><strong>Θεῷ,</strong></span> <span class='ocrx_word' id='word_1_298' title='bbox 3217 1612 3313 1665; x_wconf 77' lang='grc' dir='ltr'><strong>καὶ</strong></span> <span class='ocrx_word' id='word_1_299' title='bbox 3344 1609 3546 1672; x_wconf 89' lang='grc' dir='ltr'><strong>πάντες</strong></span> <span class='ocrx_word' id='word_1_300' title='bbox 3577 1625 3691 1660; x_wconf 77' lang='grc' dir='ltr'><strong>κοιο</strong></span> 
     </span>
    </p>
   </div>
   <div class='ocr_carea' id='block_1_38' title="bbox 2033 1706 3689 1785">
    <p class='ocr_par' dir='ltr' id='par_1_38' title="bbox 2033 1706 3689 1785">
     <span class='ocr_line' id='line_1_38' title="bbox 2033 1706 3689 1785; baseline -0.005 -18"><span class='ocrx_word' id='word_1_301' title='bbox 2033 1716 2098 1785; x_wconf 84' lang='grc' dir='ltr'><strong>νῇ</strong></span> <span class='ocrx_word' id='word_1_302' title='bbox 2121 1711 2278 1777; x_wconf 84' lang='grc' dir='ltr'><strong>δόξαν</strong></span> <span class='ocrx_word' id='word_1_303' title='bbox 2298 1709 2448 1781; x_wconf 85' lang='grc' dir='ltr'><strong>αὐτῴ</strong></span> <span class='ocrx_word' id='word_1_304' title='bbox 2467 1709 2900 1782; x_wconf 83' lang='grc' dir='ltr'><strong>ἀναπέμψωμεν,</strong></span> <span class='ocrx_word' id='word_1_305' title='bbox 2931 1710 3027 1763; x_wconf 86' lang='grc' dir='ltr'>καί</span> <span class='ocrx_word' id='word_1_306' title='bbox 3069 1709 3382 1775; x_wconf 72' lang='grc' dir='ltr'><strong>δοξάζοντες</strong></span> <span class='ocrx_word' id='word_1_307' title='bbox 3421 1706 3584 1761; x_wconf 80' lang='grc' dir='ltr'><strong>αὑτὸν</strong></span> <span class='ocrx_word' id='word_1_308' title='bbox 3614 1707 3689 1776; x_wconf 79' lang='grc' dir='ltr'><strong>μὴ</strong></span> 
     </span>
    </p>
   </div>
   <div class='ocr_carea' id='block_1_39' title="bbox 2031 1805 3690 1883">
    <p class='ocr_par' dir='ltr' id='par_1_39' title="bbox 2031 1805 3690 1883">
     <span class='ocr_line' id='line_1_39' title="bbox 2031 1805 3690 1883; baseline -0.005 -18"><span class='ocrx_word' id='word_1_309' title='bbox 2031 1811 2501 1883; x_wconf 87' lang='grc' dir='ltr'><strong>διαλιμπάνωμεν,</strong></span> <span class='ocrx_word' id='word_1_310' title='bbox 2519 1809 2606 1862; x_wconf 80' lang='grc' dir='ltr'><strong>ἵνα</strong></span> <span class='ocrx_word' id='word_1_311' title='bbox 2624 1809 2724 1880; x_wconf 86' lang='grc' dir='ltr'><strong>τῆς</strong></span> <span class='ocrx_word' id='word_1_312' title='bbox 2741 1809 3158 1881; x_wconf 82' lang='grc' dir='ltr'><strong>εὐγνωμοσύνης</strong></span> <span class='ocrx_word' id='word_1_313' title='bbox 3186 1807 3383 1878; x_wconf 80' lang='grc' dir='ltr'><strong>πολλὴν</strong></span> <span class='ocrx_word' id='word_1_314' title='bbox 3402 1807 3502 1878; x_wconf 83' lang='grc' dir='ltr'><strong>τὴν</strong></span> <span class='ocrx_word' id='word_1_315' title='bbox 3529 1805 3690 1875; x_wconf 77' lang='grc' dir='ltr'><strong>ἀμοι-</strong></span> 
     </span>
    </p>
   </div>
   <div class='ocr_carea' id='block_1_40' title="bbox 2033 1902 3690 1982">
    <p class='ocr_par' dir='ltr' id='par_1_40' title="bbox 2033 1902 3690 1982">
     <span class='ocr_line' id='line_1_40' title="bbox 2033 1902 3690 1982; baseline -0.005 -18"><span class='ocrx_word' id='word_1_316' title='bbox 2033 1911 2133 1982; x_wconf 84' lang='grc' dir='ltr'><strong>ϐὴν</strong></span> <span class='ocrx_word' id='word_1_317' title='bbox 2170 1908 2544 1980; x_wconf 87' lang='grc' dir='ltr'><strong>κομισώμεθα,</strong></span> <span class='ocrx_word' id='word_1_318' title='bbox 2569 1908 2754 1979; x_wconf 87' lang='grc' dir='ltr'><strong>χάριτι</strong></span> <span class='ocrx_word' id='word_1_319' title='bbox 2775 1909 2869 1962; x_wconf 75' lang='grc' dir='ltr'><strong>καὶ</strong></span> <span class='ocrx_word' id='word_1_320' title='bbox 2901 1909 3204 1980; x_wconf 84' lang='grc' dir='ltr'><strong>οἰκτιρμοῖς</strong></span> <span class='ocrx_word' id='word_1_321' title='bbox 3242 1905 3337 1960; x_wconf 85' lang='grc' dir='ltr'><strong>τοῦ</strong></span> <span class='ocrx_word' id='word_1_322' title='bbox 3369 1902 3690 1976; x_wconf 82' lang='grc' dir='ltr'><strong>μονογενοῦς</strong></span> 
     </span>
    </p>
   </div>
   <div class='ocr_carea' id='block_1_41' title="bbox 2033 1999 3693 2078">
    <p class='ocr_par' dir='ltr' id='par_1_41' title="bbox 2033 1999 3693 2078">
     <span class='ocr_line' id='line_1_41' title="bbox 2033 1999 3693 2078; baseline -0.004 -15"><span class='ocrx_word' id='word_1_323' title='bbox 2033 2009 2197 2064; x_wconf 82' lang='grc' dir='ltr'><strong>αὑτοῦ</strong></span> <span class='ocrx_word' id='word_1_324' title='bbox 2231 2007 2382 2071; x_wconf 82' lang='grc' dir='ltr'><strong>Υἱοῦ,</strong></span> <span class='ocrx_word' id='word_1_325' title='bbox 2411 2006 2530 2078; x_wconf 81' lang='grc' dir='ltr'><strong>μεθ’</strong></span> <span class='ocrx_word' id='word_1_326' title='bbox 2555 1999 2616 2061; x_wconf 82' lang='lat'><strong>06</strong></span> <span class='ocrx_word' id='word_1_327' title='bbox 2647 2005 2765 2078; x_wconf 78' lang='grc' dir='ltr'><strong>ἅμα</strong></span> <span class='ocrx_word' id='word_1_328' title='bbox 2787 2005 2866 2078; x_wconf 82' lang='grc' dir='ltr'><strong>τῷ</strong></span> <span class='ocrx_word' id='word_1_329' title='bbox 2889 2006 3026 2077; x_wconf 86' lang='grc' dir='ltr'><strong>ἀγίῳ</strong></span> <span class='ocrx_word' id='word_1_330' title='bbox 3061 2007 3340 2077; x_wconf 82' lang='grc' dir='ltr'><strong>Πνεύματι</strong></span> <span class='ocrx_word' id='word_1_331' title='bbox 3367 2003 3515 2071; x_wconf 75' lang='grc' dir='ltr'><strong>δόξα,</strong></span> <span class='ocrx_word' id='word_1_332' title='bbox 3555 2001 3693 2074; x_wconf 81' lang='grc' dir='ltr'><strong>κρά-</strong></span> 
     </span>
    </p>
   </div>
   <div class='ocr_carea' id='block_1_42' title="bbox 2031 2098 3691 2176">
    <p class='ocr_par' dir='ltr' id='par_1_42' title="bbox 2031 2098 3691 2176">
     <span class='ocr_line' id='line_1_42' title="bbox 2031 2098 3691 2176; baseline -0.003 -18"><span class='ocrx_word' id='word_1_333' title='bbox 2031 2122 2144 2169; x_wconf 88' lang='grc' dir='ltr'><strong>τος,</strong></span> <span class='ocrx_word' id='word_1_334' title='bbox 2170 2104 2328 2176; x_wconf 82' lang='grc' dir='ltr'><strong>τιμὴ,</strong></span> <span class='ocrx_word' id='word_1_335' title='bbox 2354 2103 2449 2158; x_wconf 86' lang='grc' dir='ltr'><strong>νῦν</strong></span> <span class='ocrx_word' id='word_1_336' title='bbox 2473 2102 2566 2157; x_wconf 75' lang='grc' dir='ltr'><strong>καὶ</strong></span> <span class='ocrx_word' id='word_1_337' title='bbox 2595 2103 2702 2168; x_wconf 78' lang='grc' dir='ltr'><strong>ἀεὶ,</strong></span> <span class='ocrx_word' id='word_1_338' title='bbox 2729 2103 2824 2156; x_wconf 72' lang='grc' dir='ltr'><strong>καὶ</strong></span> <span class='ocrx_word' id='word_1_339' title='bbox 2841 2105 2923 2167; x_wconf 90' lang='grc' dir='ltr'><strong>εἰς</strong></span> <span class='ocrx_word' id='word_1_340' title='bbox 2956 2103 3083 2168; x_wconf 80' lang='grc' dir='ltr'><strong>τοὺς</strong></span> <span class='ocrx_word' id='word_1_341' title='bbox 3109 2103 3310 2166; x_wconf 86' lang='grc' dir='ltr'><strong>αἰῶνας</strong></span> <span class='ocrx_word' id='word_1_342' title='bbox 3334 2099 3442 2155; x_wconf 87' lang='grc' dir='ltr'><strong>τῶν</strong></span> <span class='ocrx_word' id='word_1_343' title='bbox 3459 2098 3691 2155; x_wconf 78' lang='grc' dir='ltr'><strong>αἰώνων.</strong></span> 
     </span>
    </p>
   </div>
   <div class='ocr_carea' id='block_1_43' title="bbox 2039 2198 2234 2271">
    <p class='ocr_par' dir='ltr' id='par_1_43' title="bbox 2039 2198 2234 2271">
     <span class='ocr_line' id='line_1_43' title="bbox 2039 2198 2234 2271; baseline 0.021 -21"><span class='ocrx_word' id='word_1_344' title='bbox 2039 2198 2100 2250; x_wconf 82' lang='grc' dir='ltr'>Ἀ</span> <span class='ocrx_word' id='word_1_345' title='bbox 2111 2203 2234 2271; x_wconf 75' lang='grc' dir='ltr'><strong>μήν.</strong></span> 
     </span>
    </p>
   </div>
   <div class='ocr_carea' id='block_1_44' title="bbox 1816 2547 2224 2605">
    <p class='ocr_par' dir='ltr' id='par_1_44' title="bbox 1816 2547 2224 2605">
     <span class='ocr_line' id='line_1_44' title="bbox 1816 2547 2224 2605; baseline 0.01 -5"><span class='ocrx_word' id='word_1_346' title='bbox 1816 2548 2060 2601; x_wconf 78' lang='grc' dir='ltr'><strong>ΟΜΙΛΙΑ</strong></span> <span class='ocrx_word' id='word_1_347' title='bbox 2097 2547 2224 2605; x_wconf 81' lang='grc' dir='ltr'><strong>ΛΘ’.</strong></span> 
     </span>
    </p>
   </div>
   <div class='ocr_carea' id='block_1_45' title="bbox 268 2733 1923 2804">
    <p class='ocr_par' dir='ltr' id='par_1_45' title="bbox 268 2733 1923 2804">
     <span class='ocr_line' id='line_1_45' title="bbox 268 2733 1923 2804; baseline -0.005 -11"><span class='ocrx_word' id='word_1_348' title='bbox 268 2740 679 2804; x_wconf 81' lang='grc' dir='ltr'><strong>Ἀκούσαντες</strong></span> <span class='ocrx_word' id='word_1_349' title='bbox 706 2737 774 2790; x_wconf 85' lang='grc' dir='ltr'><strong>δὲ</strong></span> <span class='ocrx_word' id='word_1_350' title='bbox 797 2736 1144 2792; x_wconf 73' lang='grc' dir='ltr'><strong>ἀνάστασιν</strong></span> <span class='ocrx_word' id='word_1_351' title='bbox 1166 2736 1415 2804; x_wconf 84' lang='grc' dir='ltr'><strong>νεκρῶν,</strong></span> <span class='ocrx_word' id='word_1_352' title='bbox 1449 2738 1503 2790; x_wconf 86' lang='grc' dir='ltr'><strong>οί</strong></span> <span class='ocrx_word' id='word_1_353' title='bbox 1527 2733 1923 2804; x_wconf 59' lang='grc' dir='ltr'><strong>μὲνέχλεύιιτ</strong></span> 
     </span>
    </p>
   </div>
   <div class='ocr_carea' id='block_1_46' title="bbox 329 2801 1930 2875">
    <p class='ocr_par' dir='ltr' id='par_1_46' title="bbox 329 2801 1930 2875">
     <span class='ocr_line' id='line_1_46' title="bbox 329 2801 1930 2875; baseline -0.007 -11"><span class='ocrx_word' id='word_1_354' title='bbox 329 2809 452 2872; x_wconf 76' lang='grc' dir='ltr'><strong>ζον,</strong></span> <span class='ocrx_word' id='word_1_355' title='bbox 489 2814 545 2864; x_wconf 77' lang='grc' dir='ltr'><strong>οἱ</strong></span> <span class='ocrx_word' id='word_1_356' title='bbox 565 2808 635 2861; x_wconf 82' lang='grc' dir='ltr'><strong>δὲ</strong></span> <span class='ocrx_word' id='word_1_357' title='bbox 657 2801 668 2804; x_wconf 44' lang='grc'><strong><em>-</em></strong></span> <span class='ocrx_word' id='word_1_358' title='bbox 690 2805 882 2862; x_wconf 76' lang='grc' dir='ltr'><strong>εἷπον·</strong></span> <span class='ocrx_word' id='word_1_359' title='bbox 945 2801 1350 2875; x_wconf 75' lang='grc' dir='ltr'><strong>Ἀκουσόμεθά</strong></span> <span class='ocrx_word' id='word_1_360' title='bbox 1403 2801 1536 2860; x_wconf 76' lang='grc' dir='ltr'><strong>σου</strong></span> <span class='ocrx_word' id='word_1_361' title='bbox 1583 2803 1769 2857; x_wconf 76' lang='grc' dir='ltr'><strong>πάλιν</strong></span> <span class='ocrx_word' id='word_1_362' title='bbox 1799 2801 1930 2875; x_wconf 80' lang='grc' dir='ltr'><strong>περί</strong></span> 
     </span>
    </p>
   </div>
   <div class='ocr_carea' id='block_1_47' title="bbox 328 2874 1931 2959">
    <p class='ocr_par' dir='ltr' id='par_1_47' title="bbox 328 2874 1931 2959">
     <span class='ocr_line' id='line_1_47' title="bbox 328 2874 1931 2959; baseline -0.004 -27"><span class='ocrx_word' id='word_1_363' title='bbox 328 2883 574 2959; x_wconf 58' lang='grc' dir='ltr'><strong>τούτου.</strong></span> <span class='ocrx_word' id='word_1_364' title='bbox 605 2879 715 2932; x_wconf 79' lang='grc' dir='ltr'><strong>Καὶ</strong></span> <span class='ocrx_word' id='word_1_365' title='bbox 745 2878 934 2945; x_wconf 82' lang='grc' dir='ltr'><strong>οὕτως</strong></span> <span class='ocrx_word' id='word_1_366' title='bbox 963 2881 996 2932; x_wconf 91' lang='lat' dir='ltr'><strong>o&#39;</strong></span> <span class='ocrx_word' id='word_1_367' title='bbox 1039 2878 1280 2944; x_wconf 80' lang='grc' dir='ltr'><strong>Παῦλος</strong></span> <span class='ocrx_word' id='word_1_368' title='bbox 1326 2875 1587 2944; x_wconf 77' lang='grc' dir='ltr'><strong>ἐξῆλθεν</strong></span> <span class='ocrx_word' id='word_1_369' title='bbox 1638 2875 1708 2927; x_wconf 83' lang='grc' dir='ltr'><strong>ἐκ</strong></span> <span class='ocrx_word' id='word_1_370' title='bbox 1737 2874 1931 2944; x_wconf 80' lang='grc' dir='ltr'><strong>μέσου</strong></span> 
     </span>
    </p>
   </div>
   <div class='ocr_carea' id='block_1_48' title="bbox 327 2954 556 3007">
    <p class='ocr_par' dir='ltr' id='par_1_48' title="bbox 327 2954 556 3007">
     <span class='ocr_line' id='line_1_48' title="bbox 327 2954 556 3007; baseline -0.009 -3"><span class='ocrx_word' id='word_1_371' title='bbox 327 2954 556 3007; x_wconf 80' lang='grc' dir='ltr'><strong>αὐτῶν.</strong></span> 
     </span>
    </p>
   </div>
   <div class='ocr_carea' id='block_1_49' title="bbox 330 3040 1933 3117">
    <p class='ocr_par' dir='ltr' id='par_1_49' title="bbox 330 3040 1933 3117">
     <span class='ocr_line' id='line_1_49' title="bbox 330 3040 1933 3117; baseline -0.004 -17"><span class='ocrx_word' id='word_1_372' title='bbox 330 3055 400 3102; x_wconf 89' lang='grc' dir='ltr'><strong>α’.</strong></span> <span class='ocrx_word' id='word_1_373' title='bbox 435 3041 504 3098; x_wconf 86' lang='grc' dir='ltr'><strong>Τί</strong></span> <span class='ocrx_word' id='word_1_374' title='bbox 549 3045 748 3117; x_wconf 76' lang='grc' dir='ltr'><strong>δήποτε</strong></span> <span class='ocrx_word' id='word_1_375' title='bbox 787 3043 1073 3107; x_wconf 82' lang='grc' dir='ltr'><strong>πείσαντος</strong></span> <span class='ocrx_word' id='word_1_376' title='bbox 1106 3042 1280 3107; x_wconf 75' lang='grc' dir='ltr'><strong>οὕτως</strong></span> <span class='ocrx_word' id='word_1_377' title='bbox 1318 3040 1480 3096; x_wconf 81' lang='grc' dir='ltr'><strong>αὐτοῦ</strong></span> <span class='ocrx_word' id='word_1_378' title='bbox 1521 3043 1596 3106; x_wconf 87' lang='grc' dir='ltr'><strong>ὼς</strong></span> <span class='ocrx_word' id='word_1_379' title='bbox 1620 3042 1714 3096; x_wconf 74' lang='grc' dir='ltr'><strong>καὶ</strong></span> <span class='ocrx_word' id='word_1_380' title='bbox 1760 3043 1933 3094; x_wconf 86' lang='grc' dir='ltr'><strong>εἰπεῖν</strong></span> 
     </span>
    </p>
   </div>
   <div class='ocr_carea' id='block_1_50' title="bbox 270 3137 1932 3212">
    <p class='ocr_par' dir='ltr' id='par_1_50' title="bbox 270 3137 1932 3212">
     <span class='ocr_line' id='line_1_50' title="bbox 270 3137 1932 3212; baseline -0.004 -16"><span class='ocrx_word' id='word_1_381' title='bbox 270 3142 616 3212; x_wconf 72' lang='grc' dir='ltr'><strong>Ἀθηναίους,</strong></span> <span class='ocrx_word' id='word_1_382' title='bbox 660 3137 1061 3209; x_wconf 83' lang='grc' dir='ltr'><strong>Ἀκουσόμεθά</strong></span> <span class='ocrx_word' id='word_1_383' title='bbox 1091 3155 1206 3193; x_wconf 90' lang='grc' dir='ltr'><strong>σου</strong></span> <span class='ocrx_word' id='word_1_384' title='bbox 1227 3137 1414 3191; x_wconf 85' lang='grc' dir='ltr'><strong>πάλιν</strong></span> <span class='ocrx_word' id='word_1_385' title='bbox 1433 3137 1564 3204; x_wconf 78' lang='grc' dir='ltr'><strong>περὶ</strong></span> <span class='ocrx_word' id='word_1_386' title='bbox 1584 3139 1815 3201; x_wconf 86' lang='grc' dir='ltr'><strong>τούτου,</strong></span> <span class='ocrx_word' id='word_1_387' title='bbox 1838 3139 1932 3191; x_wconf 73' lang='grc' dir='ltr'><strong>καὶ</strong></span> 
     </span>
    </p>
   </div>
   <div class='ocr_carea' id='block_1_51' title="bbox 257 3231 1933 3303">
    <p class='ocr_par' dir='ltr' id='par_1_51' title="bbox 257 3231 1933 3303">
     <span class='ocr_line' id='line_1_51' title="bbox 257 3231 1933 3303; baseline -0.005 -12"><span class='ocrx_word' id='word_1_388' title='bbox 257 3239 528 3292; x_wconf 79' lang='grc' dir='ltr'><strong>κινδύνων</strong></span> <span class='ocrx_word' id='word_1_389' title='bbox 560 3238 661 3290; x_wconf 75' lang='grc' dir='ltr'><strong>οὐκ</strong></span> <span class='ocrx_word' id='word_1_390' title='bbox 696 3235 886 3298; x_wconf 80' lang='grc' dir='ltr'><strong>ὄντων,</strong></span> <span class='ocrx_word' id='word_1_391' title='bbox 927 3234 1204 3302; x_wconf 80' lang='grc' dir='ltr'><strong>ἐπείγεται</strong></span> <span class='ocrx_word' id='word_1_392' title='bbox 1240 3232 1339 3295; x_wconf 86' lang='grc' dir='ltr'><strong>τάς</strong></span> <span class='ocrx_word' id='word_1_393' title='bbox 1382 3231 1611 3303; x_wconf 84' lang='grc' dir='ltr'><strong>Ἀθήνας</strong></span> <span class='ocrx_word' id='word_1_394' title='bbox 1650 3232 1866 3300; x_wconf 77' lang='grc' dir='ltr'><strong>ἀφεῖναι</strong></span> <span class='ocrx_word' id='word_1_395' title='bbox 1905 3233 1933 3282; x_wconf 87' lang='grc' dir='ltr'>ὁ</span> 
     </span>
    </p>
   </div>
   <div class='ocr_carea' id='block_1_52' title="bbox 258 3327 1927 3402">
    <p class='ocr_par' dir='ltr' id='par_1_52' title="bbox 258 3327 1927 3402">
     <span class='ocr_line' id='line_1_52' title="bbox 258 3327 1927 3402; baseline -0.006 -13"><span class='ocrx_word' id='word_1_396' title='bbox 258 3335 514 3399; x_wconf 79' lang='grc' dir='ltr'><strong>Παῦλος;</strong></span> <span class='ocrx_word' id='word_1_397' title='bbox 556 3333 716 3394; x_wconf 83' lang='grc' dir='ltr'><strong>Ἴσως</strong></span> <span class='ocrx_word' id='word_1_398' title='bbox 745 3331 860 3402; x_wconf 68' lang='grc' dir='ltr'><strong>ᾔδει</strong></span> <span class='ocrx_word' id='word_1_399' title='bbox 891 3330 948 3383; x_wconf 83' lang='grc' dir='ltr'><strong>ού</strong></span> <span class='ocrx_word' id='word_1_400' title='bbox 985 3330 1126 3400; x_wconf 84' lang='grc' dir='ltr'><strong>μέγα</strong></span> <span class='ocrx_word' id='word_1_401' title='bbox 1147 3330 1357 3400; x_wconf 84' lang='grc' dir='ltr'><strong>ὀνήσων</strong></span> <span class='ocrx_word' id='word_1_402' title='bbox 1377 3345 1391 3359; x_wconf 75' lang='grc' dir='ltr'><strong><em>ο</em></strong></span> <span class='ocrx_word' id='word_1_403' title='bbox 1427 3327 1600 3391; x_wconf 85' lang='grc' dir='ltr'><strong>ἄλλως</strong></span> <span class='ocrx_word' id='word_1_404' title='bbox 1628 3345 1688 3380; x_wconf 88' lang='grc' dir='ltr'><strong>τε</strong></span> <span class='ocrx_word' id='word_1_405' title='bbox 1707 3327 1800 3381; x_wconf 79' lang='grc' dir='ltr'><strong>καὶ</strong></span> <span class='ocrx_word' id='word_1_406' title='bbox 1823 3327 1927 3380; x_wconf 83' lang='grc' dir='ltr'><strong>ὑπὸ</strong></span> 
     </span>
    </p>
   </div>
   <div class='ocr_carea' id='block_1_53' title="bbox 258 3424 1933 3500">
    <p class='ocr_par' dir='ltr' id='par_1_53' title="bbox 258 3424 1933 3500">
     <span class='ocr_line' id='line_1_53' title="bbox 258 3424 1933 3500; baseline -0.005 -14"><span class='ocrx_word' id='word_1_407' title='bbox 258 3432 355 3486; x_wconf 81' lang='grc' dir='ltr'><strong>τοῦ</strong></span> <span class='ocrx_word' id='word_1_408' title='bbox 376 3431 518 3484; x_wconf 85' lang='grc' dir='ltr'><strong>Πνεύ</strong></span> <span class='ocrx_word' id='word_1_409' title='bbox 528 3447 697 3500; x_wconf 86' lang='grc' dir='ltr'><strong>ματος</strong></span> <span class='ocrx_word' id='word_1_410' title='bbox 714 3432 791 3492; x_wconf 90' lang='grc' dir='ltr'><strong>εἰς</strong></span> <span class='ocrx_word' id='word_1_411' title='bbox 812 3427 1074 3497; x_wconf 84' lang='grc' dir='ltr'><strong>Κόρινθον</strong></span> <span class='ocrx_word' id='word_1_412' title='bbox 1087 3428 1248 3498; x_wconf 72' lang='grc' dir='ltr'><strong>ῆγετο</strong></span> <span class='ocrx_word' id='word_1_413' title='bbox 1262 3425 1430 3498; x_wconf 70' lang='lat'><strong>[295].</strong></span> <span class='ocrx_word' id='word_1_414' title='bbox 1460 3425 1621 3491; x_wconf 85' lang='grc' dir='ltr'><strong>Τινὲς</strong></span> <span class='ocrx_word' id='word_1_415' title='bbox 1638 3424 1706 3478; x_wconf 87' lang='grc' dir='ltr'><strong>δὲ</strong></span> <span class='ocrx_word' id='word_1_416' title='bbox 1719 3425 1933 3492; x_wconf 78' lang='grc' dir='ltr'><strong>ἄνδρες</strong></span> 
     </span>
    </p>
   </div>
   <div class='ocr_carea' id='block_1_54' title="bbox 259 3518 1934 3595">
    <p class='ocr_par' dir='ltr' id='par_1_54' title="bbox 259 3518 1934 3595">
     <span class='ocr_line' id='line_1_54' title="bbox 259 3518 1934 3595; baseline -0.004 -12"><span class='ocrx_word' id='word_1_417' title='bbox 259 3527 674 3595; x_wconf 71' lang='grc' dir='ltr'><strong>κολληθέντες</strong></span> <span class='ocrx_word' id='word_1_418' title='bbox 701 3525 882 3591; x_wconf 84' lang='grc' dir='ltr'><strong>αὐτῷ,</strong></span> <span class='ocrx_word' id='word_1_419' title='bbox 910 3525 1303 3586; x_wconf 80' lang='grc' dir='ltr'><strong>ἐπίστευσαν,</strong></span> <span class='ocrx_word' id='word_1_420' title='bbox 1337 3523 1408 3575; x_wconf 85' lang='grc' dir='ltr'><strong>ἐν</strong></span> <span class='ocrx_word' id='word_1_421' title='bbox 1439 3518 1527 3588; x_wconf 82' lang='grc' dir='ltr'><strong>οἷς</strong></span> <span class='ocrx_word' id='word_1_422' title='bbox 1579 3522 1678 3576; x_wconf 76' lang='grc' dir='ltr'><strong>καὶ</strong></span> <span class='ocrx_word' id='word_1_423' title='bbox 1729 3522 1934 3576; x_wconf 76' lang='grc' dir='ltr'><strong>Διονύ⁸</strong></span> 
     </span>
    </p>
   </div>
   <div class='ocr_carea' id='block_1_55' title="bbox 260 3619 1933 3694">
    <p class='ocr_par' dir='ltr' id='par_1_55' title="bbox 260 3619 1933 3694">
     <span class='ocr_line' id='line_1_55' title="bbox 260 3619 1933 3694; baseline -0.005 -14"><span class='ocrx_word' id='word_1_424' title='bbox 260 3643 400 3692; x_wconf 88' lang='grc' dir='ltr'><strong>σιος</strong></span> <span class='ocrx_word' id='word_1_425' title='bbox 415 3630 450 3680; x_wconf 88' lang='grc' dir='ltr'><strong>ό</strong></span> <span class='ocrx_word' id='word_1_426' title='bbox 473 3625 917 3694; x_wconf 76' lang='grc' dir='ltr'><strong>Ἀρεοπαγίτης,</strong></span> <span class='ocrx_word' id='word_1_427' title='bbox 941 3623 1039 3678; x_wconf 83' lang='grc' dir='ltr'><strong>καί</strong></span> <span class='ocrx_word' id='word_1_428' title='bbox 1081 3619 1237 3690; x_wconf 72' lang='grc' dir='ltr'><strong>γυνὴ</strong></span> <span class='ocrx_word' id='word_1_429' title='bbox 1255 3620 1499 3690; x_wconf 84' lang='grc' dir='ltr'><strong>ὀνόματι</strong></span> <span class='ocrx_word' id='word_1_430' title='bbox 1527 3619 1804 3688; x_wconf 81' lang='grc' dir='ltr'><strong>Δάμαρις,</strong></span> <span class='ocrx_word' id='word_1_431' title='bbox 1835 3619 1933 3672; x_wconf 80' lang='grc' dir='ltr'><strong>καί</strong></span> 
     </span>
    </p>
   </div>
   <div class='ocr_carea' id='block_1_56' title="bbox 147 3715 1936 3792">
    <p class='ocr_par' dir='ltr' id='par_1_56' title="bbox 147 3715 1936 3792">
     <span class='ocr_line' id='line_1_56' title="bbox 147 3715 1936 3792; baseline -0.007 -12"><span class='ocrx_word' id='word_1_432' title='bbox 147 3770 155 3775; x_wconf 92' lang='grc'><strong>.</strong></span> <span class='ocrx_word' id='word_1_433' title='bbox 260 3725 453 3792; x_wconf 79' lang='grc' dir='ltr'><strong>ἕτεροι</strong></span> <span class='ocrx_word' id='word_1_434' title='bbox 484 3723 610 3776; x_wconf 87' lang='grc' dir='ltr'><strong>σὺν</strong></span> <span class='ocrx_word' id='word_1_435' title='bbox 638 3720 863 3784; x_wconf 80' lang='grc' dir='ltr'><strong>αὐτοῖς.</strong></span> <span class='ocrx_word' id='word_1_436' title='bbox 887 3717 1046 3773; x_wconf 84' lang='grc' dir='ltr'><strong>Μετὰ</strong></span> <span class='ocrx_word' id='word_1_437' title='bbox 1077 3715 1145 3770; x_wconf 81' lang='grc' dir='ltr'><strong>δὲ</strong></span> <span class='ocrx_word' id='word_1_438' title='bbox 1163 3716 1348 3770; x_wconf 89' lang='grc' dir='ltr'><strong>ταῦτα</strong></span> <span class='ocrx_word' id='word_1_439' title='bbox 1380 3715 1694 3785; x_wconf 78' lang='grc' dir='ltr'><strong>χωρισθείς</strong></span> <span class='ocrx_word' id='word_1_440' title='bbox 1712 3717 1745 3769; x_wconf 89' lang='grc' dir='ltr'><strong>ό</strong></span> <span class='ocrx_word' id='word_1_441' title='bbox 1779 3715 1936 3768; x_wconf 85' lang='grc' dir='ltr'><strong>Παῦ-</strong></span> 
     </span>
    </p>
   </div>
   <div class='ocr_carea' id='block_1_57' title="bbox 261 3811 1936 3887">
    <p class='ocr_par' dir='ltr' id='par_1_57' title="bbox 261 3811 1936 3887">
     <span class='ocr_line' id='line_1_57' title="bbox 261 3811 1936 3887; baseline -0.004 -13"><span class='ocrx_word' id='word_1_442' title='bbox 261 3825 376 3887; x_wconf 87' lang='grc' dir='ltr'><strong>λος</strong></span> <span class='ocrx_word' id='word_1_443' title='bbox 395 3821 466 3873; x_wconf 74' lang='grc' dir='ltr'><strong>ἐκ</strong></span> <span class='ocrx_word' id='word_1_444' title='bbox 493 3818 616 3872; x_wconf 83' lang='grc' dir='ltr'><strong>τῶν</strong></span> <span class='ocrx_word' id='word_1_445' title='bbox 654 3815 927 3883; x_wconf 79' lang='grc' dir='ltr'><strong>Ἀθηνῶν,</strong></span> <span class='ocrx_word' id='word_1_446' title='bbox 974 3811 1161 3885; x_wconf 80' lang='grc' dir='ltr'><strong>ἦλθεν</strong></span> <span class='ocrx_word' id='word_1_447' title='bbox 1191 3816 1279 3880; x_wconf 87' lang='grc' dir='ltr'><strong>εἰς</strong></span> <span class='ocrx_word' id='word_1_448' title='bbox 1314 3815 1624 3882; x_wconf 85' lang='grc' dir='ltr'><strong>Κόρινθον.</strong></span> <span class='ocrx_word' id='word_1_449' title='bbox 1675 3813 1784 3868; x_wconf 76' lang='grc' dir='ltr'><strong>Καὶ</strong></span> <span class='ocrx_word' id='word_1_450' title='bbox 1838 3815 1936 3867; x_wconf 85' lang='grc' dir='ltr'><strong>εὐ-</strong></span> 
     </span>
    </p>
   </div>
   <div class='ocr_carea' id='block_1_58' title="bbox 256 3908 1937 3988">
    <p class='ocr_par' dir='ltr' id='par_1_58' title="bbox 256 3908 1937 3988">
     <span class='ocr_line' id='line_1_58' title="bbox 256 3908 1937 3988; baseline -0.006 -17"><span class='ocrx_word' id='word_1_451' title='bbox 256 3919 385 3988; x_wconf 56' lang='grc' dir='ltr'><strong>,εηών</strong></span> <span class='ocrx_word' id='word_1_452' title='bbox 433 3932 569 3970; x_wconf 83' lang='grc' dir='ltr'><strong>τινα</strong></span> <span class='ocrx_word' id='word_1_453' title='bbox 610 3913 892 3969; x_wconf 81' lang='grc' dir='ltr'><strong>Ἰουδαῖον</strong></span> <span class='ocrx_word' id='word_1_454' title='bbox 934 3912 1178 3980; x_wconf 79' lang='grc' dir='ltr'><strong>ὀνόματι</strong></span> <span class='ocrx_word' id='word_1_455' title='bbox 1213 3909 1485 3974; x_wconf 79' lang='grc' dir='ltr'><strong>Ἀκύλαν,</strong></span> <span class='ocrx_word' id='word_1_456' title='bbox 1516 3908 1812 3963; x_wconf 86' lang='grc' dir='ltr'><strong>Ποντικὸν</strong></span> <span class='ocrx_word' id='word_1_457' title='bbox 1855 3909 1937 3975; x_wconf 83' lang='grc' dir='ltr'><strong>τῷ</strong></span> 
     </span>
    </p>
   </div>
   <div class='ocr_carea' id='block_1_59' title="bbox 263 4003 1935 4083">
    <p class='ocr_par' dir='ltr' id='par_1_59' title="bbox 263 4003 1935 4083">
     <span class='ocr_line' id='line_1_59' title="bbox 263 4003 1935 4083; baseline -0.005 -17"><span class='ocrx_word' id='word_1_458' title='bbox 263 4013 447 4083; x_wconf 78' lang='grc' dir='ltr'><strong>γένει,</strong></span> <span class='ocrx_word' id='word_1_459' title='bbox 473 4009 837 4079; x_wconf 59' lang='grc' dir='ltr'><strong>προσφάτως</strong></span> <span class='ocrx_word' id='word_1_460' title='bbox 857 4007 1194 4076; x_wconf 77' lang='grc' dir='ltr'><strong>ἐληλυθότα</strong></span> <span class='ocrx_word' id='word_1_461' title='bbox 1221 4006 1341 4060; x_wconf 83' lang='grc' dir='ltr'><strong>ἀπὸ</strong></span> <span class='ocrx_word' id='word_1_462' title='bbox 1361 4003 1472 4073; x_wconf 82' lang='grc' dir='ltr'><strong>τῆς</strong></span> <span class='ocrx_word' id='word_1_463' title='bbox 1510 4004 1786 4071; x_wconf 83' lang='grc' dir='ltr'><strong>Ἰταλίας,</strong></span> <span class='ocrx_word' id='word_1_464' title='bbox 1836 4005 1935 4058; x_wconf 81' lang='grc' dir='ltr'><strong>καὶ</strong></span> 
     </span>
    </p>
   </div>
   <div class='ocr_carea' id='block_1_60' title="bbox 262 4097 1934 4176">
    <p class='ocr_par' dir='ltr' id='par_1_60' title="bbox 262 4097 1934 4176">
     <span class='ocr_line' id='line_1_60' title="bbox 262 4097 1934 4176; baseline -0.006 -12"><span class='ocrx_word' id='word_1_465' title='bbox 262 4109 655 4176; x_wconf 76' lang='grc' dir='ltr'><strong>Πρίσκιλλαν</strong></span> <span class='ocrx_word' id='word_1_466' title='bbox 709 4102 963 4174; x_wconf 78' lang='grc' dir='ltr'><strong>γυναῖκα</strong></span> <span class='ocrx_word' id='word_1_467' title='bbox 1008 4100 1196 4156; x_wconf 83' lang='grc' dir='ltr'><strong>αὑτοῦ</strong></span> <span class='ocrx_word' id='word_1_468' title='bbox 1238 4100 1358 4170; x_wconf 88' lang='grc' dir='ltr'><strong>(διὰ</strong></span> <span class='ocrx_word' id='word_1_469' title='bbox 1403 4100 1470 4153; x_wconf 86' lang='grc' dir='ltr'><strong>τὸ</strong></span> <span class='ocrx_word' id='word_1_470' title='bbox 1525 4097 1934 4167; x_wconf 83' lang='grc' dir='ltr'><strong>διατεταχέναι</strong></span> 
     </span>
    </p>
   </div>
   <div class='ocr_carea' id='block_1_61' title="bbox 262 4204 1936 4282">
    <p class='ocr_par' dir='ltr' id='par_1_61' title="bbox 262 4204 1936 4282">
     <span class='ocr_line' id='line_1_61' title="bbox 262 4204 1936 4282; baseline -0.003 -17"><span class='ocrx_word' id='word_1_471' title='bbox 262 4213 574 4270; x_wconf 74' lang='grc' dir='ltr'><strong>Κλαύδιον</strong></span> <span class='ocrx_word' id='word_1_472' title='bbox 604 4210 949 4282; x_wconf 81' lang='grc' dir='ltr'><strong>χωρίζεσθαι</strong></span> <span class='ocrx_word' id='word_1_473' title='bbox 972 4209 1204 4273; x_wconf 82' lang='grc' dir='ltr'><strong>πάντας</strong></span> <span class='ocrx_word' id='word_1_474' title='bbox 1222 4205 1363 4273; x_wconf 89' lang='grc' dir='ltr'><strong>τοὺς</strong></span> <span class='ocrx_word' id='word_1_475' title='bbox 1390 4204 1717 4272; x_wconf 82' lang='grc' dir='ltr'><strong>Ἰουδαίους</strong></span> <span class='ocrx_word' id='word_1_476' title='bbox 1739 4206 1806 4260; x_wconf 83' lang='grc' dir='ltr'><strong>ἐκ</strong></span> <span class='ocrx_word' id='word_1_477' title='bbox 1826 4206 1936 4276; x_wconf 80' lang='grc' dir='ltr'><strong>τῆς</strong></span> 
     </span>
    </p>
   </div>
   <div class='ocr_carea' id='block_1_62' title="bbox 275 4313 1937 4391">
    <p class='ocr_par' dir='ltr' id='par_1_62' title="bbox 275 4313 1937 4391">
     <span class='ocr_line' id='line_1_62' title="bbox 275 4313 1937 4391; baseline -0.005 -15"><span class='ocrx_word' id='word_1_478' title='bbox 275 4319 555 4391; x_wconf 80' lang='grc' dir='ltr'><strong>Ῥώμης),</strong></span> <span class='ocrx_word' id='word_1_479' title='bbox 603 4316 954 4386; x_wconf 80' lang='grc' dir='ltr'><strong>προσῆλθεν</strong></span> <span class='ocrx_word' id='word_1_480' title='bbox 984 4315 1205 4381; x_wconf 83' lang='grc' dir='ltr'><strong>αὐτοῖς·</strong></span> <span class='ocrx_word' id='word_1_481' title='bbox 1237 4315 1334 4368; x_wconf 78' lang='grc' dir='ltr'><strong>καὶ</strong></span> <span class='ocrx_word' id='word_1_482' title='bbox 1367 4315 1465 4367; x_wconf 82' lang='grc' dir='ltr'><strong>διὰ</strong></span> <span class='ocrx_word' id='word_1_483' title='bbox 1509 4313 1574 4366; x_wconf 83' lang='grc' dir='ltr'><strong>τὸ</strong></span> <span class='ocrx_word' id='word_1_484' title='bbox 1611 4313 1937 4384; x_wconf 80' lang='grc' dir='ltr'><strong>ὁμότεχνον</strong></span> 
     </span>
    </p>
   </div>
   <div class='ocr_carea' id='block_1_63' title="bbox 261 4405 1936 4486">
    <p class='ocr_par' dir='ltr' id='par_1_63' title="bbox 261 4405 1936 4486">
     <span class='ocr_line' id='line_1_63' title="bbox 261 4405 1936 4486; baseline -0.005 -12"><span class='ocrx_word' id='word_1_485' title='bbox 261 4415 441 4482; x_wconf 80' lang='grc' dir='ltr'><strong>εἶναι,</strong></span> <span class='ocrx_word' id='word_1_486' title='bbox 471 4418 672 4486; x_wconf 85' lang='grc' dir='ltr'><strong>ἔμεινε</strong></span> <span class='ocrx_word' id='word_1_487' title='bbox 703 4416 838 4483; x_wconf 82' lang='grc' dir='ltr'><strong>παρ’</strong></span> <span class='ocrx_word' id='word_1_488' title='bbox 872 4413 1094 4477; x_wconf 79' lang='grc' dir='ltr'><strong>αὐτοῖς,</strong></span> <span class='ocrx_word' id='word_1_489' title='bbox 1121 4411 1220 4466; x_wconf 80' lang='grc' dir='ltr'><strong>καί</strong></span> <span class='ocrx_word' id='word_1_490' title='bbox 1252 4407 1565 4480; x_wconf 73' lang='grc' dir='ltr'><strong>εἰργάζετο·</strong></span> <span class='ocrx_word' id='word_1_491' title='bbox 1612 4405 1779 4479; x_wconf 81' lang='grc' dir='ltr'><strong>ἦσαν</strong></span> <span class='ocrx_word' id='word_1_492' title='bbox 1825 4410 1936 4482; x_wconf 72' lang='grc' dir='ltr'><strong>γὰρ</strong></span> 
     </span>
    </p>
   </div>
   <div class='ocr_carea' id='block_1_64' title="bbox 262 4505 1934 4582">
    <p class='ocr_par' dir='ltr' id='par_1_64' title="bbox 262 4505 1934 4582">
     <span class='ocr_line' id='line_1_64' title="bbox 262 4505 1934 4582; baseline -0.004 -14"><span class='ocrx_word' id='word_1_493' title='bbox 262 4511 632 4582; x_wconf 75' lang='grc' dir='ltr'><strong>σκηνοποιοὶ</strong></span> <span class='ocrx_word' id='word_1_494' title='bbox 651 4509 725 4580; x_wconf 73' lang='grc' dir='ltr'><strong>τῇ</strong></span> <span class='ocrx_word' id='word_1_495' title='bbox 746 4509 947 4579; x_wconf 79' lang='grc' dir='ltr'><strong>τέχνῃ.</strong></span> <span class='ocrx_word' id='word_1_496' title='bbox 978 4508 1215 4571; x_wconf 82' lang='grc' dir='ltr'><strong>Εἰκότως</strong></span> <span class='ocrx_word' id='word_1_497' title='bbox 1240 4509 1318 4572; x_wconf 89' lang='grc' dir='ltr'><strong>εἰς</strong></span> <span class='ocrx_word' id='word_1_498' title='bbox 1364 4505 1647 4577; x_wconf 84' lang='grc' dir='ltr'><strong>Κόρινθον,</strong></span> <span class='ocrx_word' id='word_1_499' title='bbox 1673 4507 1749 4570; x_wconf 87' lang='grc' dir='ltr'><strong>ώς</strong></span> <span class='ocrx_word' id='word_1_500' title='bbox 1775 4507 1934 4577; x_wconf 80' lang='grc' dir='ltr'><strong>ἔφην,</strong></span> 
     </span>
    </p>
   </div>
   <div class='ocr_carea' id='block_1_65' title="bbox 264 4597 1937 4678">
    <p class='ocr_par' dir='ltr' id='par_1_65' title="bbox 264 4597 1937 4678">
     <span class='ocr_line' id='line_1_65' title="bbox 264 4597 1937 4678; baseline -0.007 -12"><span class='ocrx_word' id='word_1_501' title='bbox 264 4613 373 4666; x_wconf 72' lang='grc' dir='ltr'><strong>ὑπὸ</strong></span> <span class='ocrx_word' id='word_1_502' title='bbox 396 4609 494 4663; x_wconf 86' lang='grc' dir='ltr'><strong>τοῦ</strong></span> <span class='ocrx_word' id='word_1_503' title='bbox 537 4606 852 4677; x_wconf 88' lang='grc' dir='ltr'><strong>Πνεύματος</strong></span> <span class='ocrx_word' id='word_1_504' title='bbox 888 4606 1073 4676; x_wconf 69' lang='grc' dir='ltr'><strong>ἤγετο,</strong></span> <span class='ocrx_word' id='word_1_505' title='bbox 1113 4597 1236 4678; x_wconf 82' lang='grc' dir='ltr'><strong>ἐνῇ</strong></span> <span class='ocrx_word' id='word_1_506' title='bbox 1303 4604 1483 4673; x_wconf 84' lang='grc' dir='ltr'><strong>μένειν</strong></span> <span class='ocrx_word' id='word_1_507' title='bbox 1530 4603 1659 4659; x_wconf 73' lang='grc' dir='ltr'><strong>ἔδει.</strong></span> <span class='ocrx_word' id='word_1_508' title='bbox 1709 4604 1772 4658; x_wconf 93' lang='grc' dir='ltr'><strong>Οἰ</strong></span> <span class='ocrx_word' id='word_1_509' title='bbox 1827 4603 1937 4675; x_wconf 81' lang='grc' dir='ltr'><strong>γάρ</strong></span> 
     </span>
    </p>
   </div>
   <div class='ocr_carea' id='block_1_66' title="bbox 275 4702 1938 4780">
    <p class='ocr_par' dir='ltr' id='par_1_66' title="bbox 275 4702 1938 4780">
     <span class='ocr_line' id='line_1_66' title="bbox 275 4702 1938 4780; baseline -0.005 -17"><span class='ocrx_word' id='word_1_510' title='bbox 275 4709 575 4780; x_wconf 80' lang='grc' dir='ltr'><strong>Ἀθηναῖοι,</strong></span> <span class='ocrx_word' id='word_1_511' title='bbox 617 4705 796 4758; x_wconf 84' lang='grc' dir='ltr'><strong>καίτοι</strong></span> <span class='ocrx_word' id='word_1_512' title='bbox 827 4703 983 4774; x_wconf 79' lang='grc' dir='ltr'><strong>ξένης</strong></span> <span class='ocrx_word' id='word_1_513' title='bbox 1008 4703 1160 4765; x_wconf 79' lang='grc' dir='ltr'><strong>ὅντες</strong></span> <span class='ocrx_word' id='word_1_514' title='bbox 1183 4702 1496 4774; x_wconf 84' lang='grc' dir='ltr'><strong>ἀκροάσεως</strong></span> <span class='ocrx_word' id='word_1_515' title='bbox 1517 4703 1541 4755; x_wconf 92' lang='grc' dir='ltr'><strong>ἐ</strong></span> <span class='ocrx_word' id='word_1_516' title='bbox 1551 4703 1765 4772; x_wconf 69' lang='grc' dir='ltr'><strong>ρασταὶ,</strong></span> <span class='ocrx_word' id='word_1_517' title='bbox 1790 4702 1938 4772; x_wconf 84' lang='grc' dir='ltr'><strong>ὅμως</strong></span> 
     </span>
    </p>
   </div>
   <div class='ocr_carea' id='block_1_67' title="bbox 262 4797 1939 4875">
    <p class='ocr_par' dir='ltr' id='par_1_67' title="bbox 262 4797 1939 4875">
     <span class='ocr_line' id='line_1_67' title="bbox 262 4797 1939 4875; baseline -0.001 -20"><span class='ocrx_word' id='word_1_518' title='bbox 262 4809 324 4862; x_wconf 71' lang='lat'><strong>0-5</strong></span> <span class='ocrx_word' id='word_1_519' title='bbox 375 4804 700 4875; x_wconf 62' lang='grc' dir='ltr'><strong>προσεῖχον</strong></span> <span class='ocrx_word' id='word_1_520' title='bbox 731 4801 793 4854; x_wconf 84' lang='grc' dir='ltr'><strong>οὐ</strong></span> <span class='ocrx_word' id='word_1_521' title='bbox 822 4800 932 4870; x_wconf 77' lang='grc' dir='ltr'><strong>γὰρ</strong></span> <span class='ocrx_word' id='word_1_522' title='bbox 964 4799 1122 4853; x_wconf 86' lang='grc' dir='ltr'><strong>τοῦτο</strong></span> <span class='ocrx_word' id='word_1_523' title='bbox 1140 4797 1496 4863; x_wconf 76' lang='grc' dir='ltr'><strong>ἐσπούδαζον,</strong></span> <span class='ocrx_word' id='word_1_524' title='bbox 1515 4798 1630 4851; x_wconf 88' lang='grc' dir='ltr'><strong>ἀλλ’</strong></span> <span class='ocrx_word' id='word_1_525' title='bbox 1674 4797 1816 4852; x_wconf 81' lang='grc' dir='ltr'><strong>ὥστε</strong></span> <span class='ocrx_word' id='word_1_526' title='bbox 1852 4800 1939 4854; x_wconf 85' lang='grc' dir='ltr'><strong>ἀεί</strong></span> 
     </span>
    </p>
   </div>
   <div class='ocr_carea' id='block_1_68' title="bbox 263 4892 1936 4971">
    <p class='ocr_par' dir='ltr' id='par_1_68' title="bbox 263 4892 1936 4971">
     <span class='ocr_line' id='line_1_68' title="bbox 263 4892 1936 4971; baseline -0.002 -17"><span class='ocrx_word' id='word_1_527' title='bbox 263 4919 317 4955; x_wconf 82' lang='grc' dir='ltr'><strong>τι</strong></span> <span class='ocrx_word' id='word_1_528' title='bbox 360 4902 513 4971; x_wconf 74' lang='grc' dir='ltr'><strong>ἔχειν</strong></span> <span class='ocrx_word' id='word_1_529' title='bbox 539 4899 714 4969; x_wconf 73' lang='grc' dir='ltr'><strong>εἰπεῖν</strong></span> <span class='ocrx_word' id='word_1_530' title='bbox 737 4914 749 4928; x_wconf 91' lang='grc'><strong>·</strong></span> <span class='ocrx_word' id='word_1_531' title='bbox 780 4897 915 4966; x_wconf 82' lang='grc' dir='ltr'><strong>ὅπερ</strong></span> <span class='ocrx_word' id='word_1_532' title='bbox 944 4895 1142 4958; x_wconf 80' lang='grc' dir='ltr'><strong>αὐτοὺς</strong></span> <span class='ocrx_word' id='word_1_533' title='bbox 1171 4893 1266 4948; x_wconf 75' lang='grc' dir='ltr'><strong>καὶ</strong></span> <span class='ocrx_word' id='word_1_534' title='bbox 1298 4892 1634 4964; x_wconf 84' lang='grc' dir='ltr'><strong>ἀποσχέσθαι</strong></span> <span class='ocrx_word' id='word_1_535' title='bbox 1661 4895 1936 4965; x_wconf 86' lang='grc' dir='ltr'><strong>ἐποίησεν.</strong></span> 
     </span>
    </p>
   </div>
   <div class='ocr_carea' id='block_1_69' title="bbox 264 4987 1941 5062">
    <p class='ocr_par' dir='ltr' id='par_1_69' title="bbox 264 4987 1941 5062">
     <span class='ocr_line' id='line_1_69' title="bbox 264 4987 1941 5062; baseline -0.004 -12"><span class='ocrx_word' id='word_1_536' title='bbox 264 4998 328 5050; x_wconf 77' lang='grc' dir='ltr'><strong>Εἰ</strong></span> <span class='ocrx_word' id='word_1_537' title='bbox 361 4995 423 5048; x_wconf 71' lang='grc' dir='ltr'><strong>δὲ</strong></span> <span class='ocrx_word' id='word_1_538' title='bbox 449 4992 609 5046; x_wconf 84' lang='grc' dir='ltr'><strong>τοῦτο</strong></span> <span class='ocrx_word' id='word_1_539' title='bbox 633 4987 699 5062; x_wconf 80' lang='grc' dir='ltr'><strong>ἦν</strong></span> <span class='ocrx_word' id='word_1_540' title='bbox 723 4991 906 5055; x_wconf 82' lang='grc' dir='ltr'><strong>αὐτοῖς</strong></span> <span class='ocrx_word' id='word_1_541' title='bbox 931 4989 1072 5054; x_wconf 76' lang='grc' dir='ltr'><strong>ἔθος,</strong></span> <span class='ocrx_word' id='word_1_542' title='bbox 1102 4988 1220 5054; x_wconf 89' lang='grc' dir='ltr'><strong>πῶς</strong></span> <span class='ocrx_word' id='word_1_543' title='bbox 1244 4987 1587 5058; x_wconf 85' lang='grc' dir='ltr'><strong>ἐγκαλοῦσιν,</strong></span> <span class='ocrx_word' id='word_1_544' title='bbox 1609 4989 1691 5042; x_wconf 84' lang='grc' dir='ltr'><strong>ὅτι</strong></span> <span class='ocrx_word' id='word_1_545' title='bbox 1742 4987 1941 5044; x_wconf 87' lang='grc' dir='ltr'><strong>Ξένων</strong></span> 
     </span>
    </p>
   </div>
   <div class='ocr_carea' id='block_1_70' title="bbox 263 5079 1940 5162">
    <p class='ocr_par' dir='ltr' id='par_1_70' title="bbox 263 5079 1940 5162">
     <span class='ocr_line' id='line_1_70' title="bbox 263 5079 1940 5162; baseline -0.004 -15"><span class='ocrx_word' id='word_1_546' title='bbox 263 5091 597 5162; x_wconf 82' lang='grc' dir='ltr'><strong>δαιμονίων</strong></span> <span class='ocrx_word' id='word_1_547' title='bbox 652 5087 822 5142; x_wconf 82' lang='grc' dir='ltr'><strong>δοκεῖ</strong></span> <span class='ocrx_word' id='word_1_548' title='bbox 854 5085 1256 5154; x_wconf 70' lang='grc' dir='ltr'><strong>καταγγελεὺς</strong></span> <span class='ocrx_word' id='word_1_549' title='bbox 1309 5079 1497 5148; x_wconf 63' lang='lat' dir='ltr'><strong>alr-aa;</strong></span> <span class='ocrx_word' id='word_1_550' title='bbox 1564 5083 1725 5138; x_wconf 81' lang='grc' dir='ltr'><strong>Ἀλλά</strong></span> <span class='ocrx_word' id='word_1_551' title='bbox 1767 5086 1940 5140; x_wconf 87' lang='grc' dir='ltr'><strong>ταῦτα</strong></span> 
     </span>
    </p>
   </div>
   <div class='ocr_carea' id='block_1_71' title="bbox 267 5179 1940 5259">
    <p class='ocr_par' dir='ltr' id='par_1_71' title="bbox 267 5179 1940 5259">
     <span class='ocr_line' id='line_1_71' title="bbox 267 5179 1940 5259; baseline -0.004 -18"><span class='ocrx_word' id='word_1_552' title='bbox 267 5189 481 5259; x_wconf 63' lang='grc' dir='ltr'><strong>σφόδρα</strong></span> <span class='ocrx_word' id='word_1_553' title='bbox 504 5181 574 5257; x_wconf 79' lang='grc' dir='ltr'><strong>ἦν</strong></span> <span class='ocrx_word' id='word_1_554' title='bbox 610 5184 811 5253; x_wconf 85' lang='grc' dir='ltr'><strong>ἄπορα.</strong></span> <span class='ocrx_word' id='word_1_555' title='bbox 858 5179 996 5233; x_wconf 82' lang='grc' dir='ltr'><strong>Ἀλλ’</strong></span> <span class='ocrx_word' id='word_1_556' title='bbox 1023 5181 1171 5250; x_wconf 86' lang='grc' dir='ltr'><strong>ὅμως</strong></span> <span class='ocrx_word' id='word_1_557' title='bbox 1207 5179 1392 5230; x_wconf 72' lang='grc' dir='ltr'><strong>ἔπεισε</strong></span> <span class='ocrx_word' id='word_1_558' title='bbox 1427 5179 1518 5232; x_wconf 83' lang='grc' dir='ltr'><strong>τὸν</strong></span> <span class='ocrx_word' id='word_1_559' title='bbox 1552 5179 1826 5234; x_wconf 85' lang='grc' dir='ltr'><strong>Διονύσιον</strong></span> <span class='ocrx_word' id='word_1_560' title='bbox 1845 5184 1940 5235; x_wconf 70' lang='grc' dir='ltr'><strong>τὸν</strong></span> 
     </span>
    </p>
   </div>
   <div class='ocr_carea' id='block_1_72' title="bbox 277 5275 1939 5356">
    <p class='ocr_par' dir='ltr' id='par_1_72' title="bbox 277 5275 1939 5356">
     <span class='ocr_line' id='line_1_72' title="bbox 277 5275 1939 5356; baseline -0.011 -17"><span class='ocrx_word' id='word_1_561' title='bbox 277 5283 684 5356; x_wconf 71' lang='grc' dir='ltr'><strong>Ἀρεοπαγίτην</strong></span> <span class='ocrx_word' id='word_1_562' title='bbox 737 5279 832 5334; x_wconf 81' lang='grc' dir='ltr'><strong>καὶ</strong></span> <span class='ocrx_word' id='word_1_563' title='bbox 882 5278 1105 5348; x_wconf 84' lang='grc' dir='ltr'><strong>ἐτέρους</strong></span> <span class='ocrx_word' id='word_1_564' title='bbox 1174 5275 1346 5338; x_wconf 87' lang='grc' dir='ltr'><strong>τινάς.</strong></span> <span class='ocrx_word' id='word_1_565' title='bbox 1401 5275 1464 5328; x_wconf 81' lang='grc' dir='ltr'><strong>Οἱ</strong></span> <span class='ocrx_word' id='word_1_566' title='bbox 1519 5275 1617 5347; x_wconf 83' lang='grc' dir='ltr'><strong>μὲν</strong></span> <span class='ocrx_word' id='word_1_567' title='bbox 1652 5276 1762 5348; x_wconf 74' lang='grc' dir='ltr'><strong>γὰρ</strong></span> <span class='ocrx_word' id='word_1_568' title='bbox 1817 5279 1939 5332; x_wconf 75' lang='grc' dir='ltr'><strong>ἐπι-</strong></span> 
     </span>
    </p>
   </div>
   <div class='ocr_carea' id='block_1_73' title="bbox 270 5373 1939 5454">
    <p class='ocr_par' dir='ltr' id='par_1_73' title="bbox 270 5373 1939 5454">
     <span class='ocr_line' id='line_1_73' title="bbox 270 5373 1939 5454; baseline -0.004 -19"><span class='ocrx_word' id='word_1_569' title='bbox 270 5382 598 5454; x_wconf 72' lang='grc' dir='ltr'><strong>μελούμενοι</strong></span> <span class='ocrx_word' id='word_1_570' title='bbox 658 5377 794 5447; x_wconf 85' lang='grc' dir='ltr'><strong>βίου,</strong></span> <span class='ocrx_word' id='word_1_571' title='bbox 847 5377 1055 5447; x_wconf 85' lang='grc' dir='ltr'><strong>ταχέως</strong></span> <span class='ocrx_word' id='word_1_572' title='bbox 1111 5373 1360 5437; x_wconf 82' lang='grc' dir='ltr'><strong>ἐδέξαντο</strong></span> <span class='ocrx_word' id='word_1_573' title='bbox 1411 5373 1503 5427; x_wconf 83' lang='grc' dir='ltr'><strong>τὸν</strong></span> <span class='ocrx_word' id='word_1_574' title='bbox 1551 5373 1731 5442; x_wconf 81' lang='grc' dir='ltr'><strong>λόγον,</strong></span> <span class='ocrx_word' id='word_1_575' title='bbox 1789 5376 1840 5428; x_wconf 85' lang='grc' dir='ltr'><strong>οἰ</strong></span> <span class='ocrx_word' id='word_1_576' title='bbox 1882 5376 1939 5430; x_wconf 82' lang='grc' dir='ltr'><strong>δὲ</strong></span> 
     </span>
    </p>
   </div>
   <div class='ocr_carea' id='block_1_74' title="bbox 267 5471 1940 5544">
    <p class='ocr_par' dir='ltr' id='par_1_74' title="bbox 267 5471 1940 5544">
     <span class='ocr_line' id='line_1_74' title="bbox 267 5471 1940 5544; baseline -0.005 -8"><span class='ocrx_word' id='word_1_577' title='bbox 267 5481 566 5536; x_wconf 61' lang='lat' dir='ltr'><strong>lat-1:010:32</strong></span> <span class='ocrx_word' id='word_1_578' title='bbox 599 5478 700 5532; x_wconf 79' lang='grc' dir='ltr'><strong>ἔτι.</strong></span> <span class='ocrx_word' id='word_1_579' title='bbox 747 5475 967 5538; x_wconf 84' lang='grc' dir='ltr'><strong>Ἱκανῶς</strong></span> <span class='ocrx_word' id='word_1_580' title='bbox 1017 5490 1110 5527; x_wconf 90' lang='grc' dir='ltr'><strong>ουν</strong></span> <span class='ocrx_word' id='word_1_581' title='bbox 1143 5473 1288 5542; x_wconf 81' lang='grc' dir='ltr'><strong>ἐχειν</strong></span> <span class='ocrx_word' id='word_1_582' title='bbox 1319 5471 1466 5536; x_wconf 79' lang='grc' dir='ltr'><strong>ἔδοξε</strong></span> <span class='ocrx_word' id='word_1_583' title='bbox 1515 5472 1595 5541; x_wconf 86' lang='grc' dir='ltr'><strong>τῷ</strong></span> <span class='ocrx_word' id='word_1_584' title='bbox 1642 5472 1838 5544; x_wconf 82' lang='grc' dir='ltr'><strong>Παύλῳ</strong></span> <span class='ocrx_word' id='word_1_585' title='bbox 1879 5475 1940 5528; x_wconf 80' lang='grc' dir='ltr'><strong>τὸ</strong></span> 
     </span>
    </p>
   </div>
   <div class='ocr_carea' id='block_1_75' title="bbox 267 5568 1940 5642">
    <p class='ocr_par' dir='ltr' id='par_1_75' title="bbox 267 5568 1940 5642">
     <span class='ocr_line' id='line_1_75' title="bbox 267 5568 1940 5642; baseline -0.01 -7"><span class='ocrx_word' id='word_1_586' title='bbox 267 5576 606 5635; x_wconf 83' lang='grc' dir='ltr'><strong>καταϐαλεῖν</strong></span> <span class='ocrx_word' id='word_1_587' title='bbox 628 5574 766 5636; x_wconf 84' lang='grc' dir='ltr'><strong>τέως</strong></span> <span class='ocrx_word' id='word_1_588' title='bbox 785 5573 852 5625; x_wconf 73' lang='grc' dir='ltr'><strong>τὰ</strong></span> <span class='ocrx_word' id='word_1_589' title='bbox 885 5571 1177 5642; x_wconf 82' lang='grc' dir='ltr'><strong>σπέρματα</strong></span> <span class='ocrx_word' id='word_1_590' title='bbox 1193 5587 1209 5601; x_wconf 77' lang='grc'><strong><em>⁸</em></strong></span> <span class='ocrx_word' id='word_1_591' title='bbox 1233 5569 1293 5622; x_wconf 84' lang='grc' dir='ltr'><strong>τὸ</strong></span> <span class='ocrx_word' id='word_1_592' title='bbox 1312 5569 1420 5640; x_wconf 80' lang='grc' dir='ltr'><strong>γὰρ</strong></span> <span class='ocrx_word' id='word_1_593' title='bbox 1456 5568 1616 5624; x_wconf 87' lang='grc' dir='ltr'><strong>πλέον</strong></span> <span class='ocrx_word' id='word_1_594' title='bbox 1643 5570 1810 5624; x_wconf 81' lang='grc' dir='ltr'><strong>αὑτοῦ</strong></span> <span class='ocrx_word' id='word_1_595' title='bbox 1839 5571 1940 5642; x_wconf 81' lang='grc' dir='ltr'><strong>τῆς</strong></span> 
     </span>
    </p>
   </div>
   <div class='ocr_carea' id='block_1_76' title="bbox 269 5665 1938 5748">
    <p class='ocr_par' dir='ltr' id='par_1_76' title="bbox 269 5665 1938 5748">
     <span class='ocr_line' id='line_1_76' title="bbox 269 5665 1938 5748; baseline 0.01 -24"><span class='ocrx_word' id='word_1_596' title='bbox 269 5679 415 5748; x_wconf 79' lang='grc' dir='ltr'><strong>ζωῆς</strong></span> <span class='ocrx_word' id='word_1_597' title='bbox 448 5672 688 5728; x_wconf 80' lang='grc' dir='ltr'><strong>ἐνταῦθα</strong></span> <span class='ocrx_word' id='word_1_598' title='bbox 714 5670 1150 5741; x_wconf 79' lang='grc' dir='ltr'><strong>προκεχωρήκει·</strong></span> <span class='ocrx_word' id='word_1_599' title='bbox 1201 5667 1324 5718; x_wconf 63' lang='grc' dir='ltr'><strong>Ἐπὶ</strong></span> <span class='ocrx_word' id='word_1_600' title='bbox 1375 5666 1473 5736; x_wconf 70' lang='grc' dir='ltr'><strong>μὲν</strong></span> <span class='ocrx_word' id='word_1_601' title='bbox 1523 5665 1631 5737; x_wconf 74' lang='grc' dir='ltr'><strong>γὰρ</strong></span> <span class='ocrx_word' id='word_1_602' title='bbox 1685 5665 1938 5738; x_wconf 74' lang='grc' dir='ltr'><strong>Νέρωνος</strong></span> 
     </span>
    </p>
   </div>
   <div class='ocr_carea' id='block_1_77' title="bbox 266 5762 1934 5841">
    <p class='ocr_par' dir='ltr' id='par_1_77' title="bbox 266 5762 1934 5841">
     <span class='ocr_line' id='line_1_77' title="bbox 266 5762 1934 5841; baseline -0.008 -11"><span class='ocrx_word' id='word_1_603' title='bbox 266 5771 586 5841; x_wconf 72' lang='grc' dir='ltr'><strong>ἐτελειώθη,</strong></span> <span class='ocrx_word' id='word_1_604' title='bbox 614 5769 723 5824; x_wconf 76' lang='grc' dir='ltr'><strong>ἀπὸ</strong></span> <span class='ocrx_word' id='word_1_605' title='bbox 742 5768 797 5821; x_wconf 85' lang='grc' dir='ltr'><strong>δέ</strong></span> <span class='ocrx_word' id='word_1_606' title='bbox 827 5767 1094 5820; x_wconf 77' lang='grc' dir='ltr'><strong>Κλαυδίου</strong></span> <span class='ocrx_word' id='word_1_607' title='bbox 1123 5762 1508 5834; x_wconf 74' lang='grc' dir='ltr'><strong>ἀνερριπίζετο</strong></span> <span class='ocrx_word' id='word_1_608' title='bbox 1536 5763 1722 5820; x_wconf 76' lang='grc' dir='ltr'><strong>λοιπὸν</strong></span> <span class='ocrx_word' id='word_1_609' title='bbox 1747 5766 1776 5820; x_wconf 82' lang='grc' dir='ltr'>ὁ</span> <span class='ocrx_word' id='word_1_610' title='bbox 1797 5765 1934 5836; x_wconf 84' lang='grc' dir='ltr'><strong>πρὸς</strong></span> 
     </span>
    </p>
   </div>
   <div class='ocr_carea' id='block_1_78' title="bbox 332 5905 1382 5971">
    <p class='ocr_par' dir='ltr' id='par_1_78' title="bbox 332 5905 1382 5971">
     <span class='ocr_line' id='line_1_78' title="bbox 332 5905 1382 5971; baseline -0.011 -2"><span class='ocrx_word' id='word_1_611' title='bbox 332 5921 360 5948; x_wconf 73' lang='grc'><strong>⁸⁸</strong></span> <span class='ocrx_word' id='word_1_612' title='bbox 386 5917 495 5968; x_wconf 72' lang='grc' dir='ltr'><strong>Οὐκ</strong></span> <span class='ocrx_word' id='word_1_613' title='bbox 518 5915 714 5971; x_wconf 77' lang='grc' dir='ltr'><strong>ἀπεικὸς</strong></span> <span class='ocrx_word' id='word_1_614' title='bbox 736 5913 785 5962; x_wconf 83' lang='grc' dir='ltr'><strong>δέ</strong></span> <span class='ocrx_word' id='word_1_615' title='bbox 818 5911 961 5962; x_wconf 74' lang='lat' dir='ltr'>deest</span> <span class='ocrx_word' id='word_1_616' title='bbox 1008 5911 1058 5961; x_wconf 86' lang='lat' dir='ltr'><strong>in</strong></span> <span class='ocrx_word' id='word_1_617' title='bbox 1080 5905 1382 5971; x_wconf 75' lang='lat' dir='ltr'><strong>quibusdam.</strong></span> 
     </span>
    </p>
   </div>
   <div class='ocr_carea' id='block_1_79' title="bbox 2045 2731 3692 2807">
    <p class='ocr_par' dir='ltr' id='par_1_79' title="bbox 2045 2731 3692 2807">
     <span class='ocr_line' id='line_1_79' title="bbox 2045 2731 3692 2807; baseline 0.004 -23"><span class='ocrx_word' id='word_1_618' title='bbox 2045 2731 2329 2797; x_wconf 81' lang='grc' dir='ltr'><strong>Ἰουδαίους</strong></span> <span class='ocrx_word' id='word_1_619' title='bbox 2346 2732 2600 2803; x_wconf 81' lang='grc' dir='ltr'><strong>πόλεμος,</strong></span> <span class='ocrx_word' id='word_1_620' title='bbox 2625 2734 2894 2807; x_wconf 88' lang='grc' dir='ltr'><strong>μακρόθεν</strong></span> <span class='ocrx_word' id='word_1_621' title='bbox 2919 2733 3036 2804; x_wconf 82' lang='grc' dir='ltr'><strong>μὲν,</strong></span> <span class='ocrx_word' id='word_1_622' title='bbox 3055 2735 3153 2787; x_wconf 76' lang='grc' dir='ltr'><strong>οὐκ</strong></span> <span class='ocrx_word' id='word_1_623' title='bbox 3169 2733 3396 2798; x_wconf 82' lang='grc' dir='ltr'><strong>ἀπεικὸς</strong></span> <span class='ocrx_word' id='word_1_624' title='bbox 3411 2733 3466 2788; x_wconf 83' lang='grc' dir='ltr'><strong>δέ</strong></span> <span class='ocrx_word' id='word_1_625' title='bbox 3483 2747 3529 2801; x_wconf 75' lang='grc' dir='ltr'><strong>α,</strong></span> <span class='ocrx_word' id='word_1_626' title='bbox 3551 2734 3692 2791; x_wconf 77' lang='grc' dir='ltr'><strong>ὥστε</strong></span> 
     </span>
    </p>
   </div>
   <div class='ocr_carea' id='block_1_80' title="bbox 2033 2828 3692 2905">
    <p class='ocr_par' dir='ltr' id='par_1_80' title="bbox 2033 2828 3692 2905">
     <span class='ocr_line' id='line_1_80' title="bbox 2033 2828 3692 2905; baseline 0.004 -23"><span class='ocrx_word' id='word_1_627' title='bbox 2033 2828 2136 2882; x_wconf 80' lang='grc' dir='ltr'><strong>κᾶν</strong></span> <span class='ocrx_word' id='word_1_628' title='bbox 2163 2829 2310 2884; x_wconf 88' lang='grc' dir='ltr'><strong>οῦτω</strong></span> <span class='ocrx_word' id='word_1_629' title='bbox 2367 2835 2733 2904; x_wconf 77' lang='grc' dir='ltr'><strong>σωφρονῆσαι,</strong></span> <span class='ocrx_word' id='word_1_630' title='bbox 2786 2833 2880 2887; x_wconf 76' lang='grc' dir='ltr'><strong>καὶ</strong></span> <span class='ocrx_word' id='word_1_631' title='bbox 2912 2831 3022 2887; x_wconf 81' lang='grc' dir='ltr'><strong>ἀπὸ</strong></span> <span class='ocrx_word' id='word_1_632' title='bbox 3061 2830 3277 2902; x_wconf 86' lang='grc' dir='ltr'><strong>Ῥώμης</strong></span> <span class='ocrx_word' id='word_1_633' title='bbox 3305 2831 3380 2896; x_wconf 85' lang='grc' dir='ltr'><strong>ὡς</strong></span> <span class='ocrx_word' id='word_1_634' title='bbox 3414 2832 3692 2905; x_wconf 85' lang='grc' dir='ltr'><strong>λυμεῶνες</strong></span> 
     </span>
    </p>
   </div>
   <div class='ocr_carea' id='block_1_81' title="bbox 2031 2926 2699 2982">
    <p class='ocr_par' dir='ltr' id='par_1_81' title="bbox 2031 2926 2699 2982">
     <span class='ocr_line' id='line_1_81' title="bbox 2031 2926 2699 2982; baseline 0.004 -4"><span class='ocrx_word' id='word_1_635' title='bbox 2031 2926 2334 2982; x_wconf 89' lang='grc' dir='ltr'><strong>ἐλαύνοντο.</strong></span> <span class='ocrx_word' id='word_1_636' title='bbox 2691 2931 2699 2943; x_wconf 90' lang='lat'><strong>&#39;</strong></span> 
     </span>
    </p>
   </div>
   <div class='ocr_carea' id='block_1_82' title="bbox 2059 3040 3694 3116">
    <p class='ocr_par' dir='ltr' id='par_1_82' title="bbox 2059 3040 3694 3116">
     <span class='ocr_line' id='line_1_82' title="bbox 2059 3040 3694 3116; baseline 0.004 -23"><span class='ocrx_word' id='word_1_637' title='bbox 2059 3045 2066 3052; x_wconf 89' lang='lat'>&#39;</span> <span class='ocrx_word' id='word_1_638' title='bbox 2101 3040 2201 3094; x_wconf 80' lang='grc' dir='ltr'><strong>Διά</strong></span> <span class='ocrx_word' id='word_1_639' title='bbox 2235 3041 2394 3095; x_wconf 86' lang='grc' dir='ltr'><strong>τοῦτο</strong></span> <span class='ocrx_word' id='word_1_640' title='bbox 2417 3044 2779 3113; x_wconf 84' lang='grc' dir='ltr'><strong>οἰκονομεῖται</strong></span> <span class='ocrx_word' id='word_1_641' title='bbox 2807 3041 2998 3097; x_wconf 81' lang='grc' dir='ltr'><strong>τοῦτον</strong></span> <span class='ocrx_word' id='word_1_642' title='bbox 3035 3043 3112 3107; x_wconf 86' lang='grc' dir='ltr'><strong>ὡς</strong></span> <span class='ocrx_word' id='word_1_643' title='bbox 3137 3043 3354 3114; x_wconf 88' lang='grc' dir='ltr'><strong>δέσμιον</strong></span> <span class='ocrx_word' id='word_1_644' title='bbox 3385 3045 3694 3116; x_wconf 79' lang='grc' dir='ltr'><strong>ἀπαχθῆναι</strong></span> 
     </span>
    </p>
   </div>
   <div class='ocr_carea' id='block_1_83' title="bbox 2031 3139 3695 3212">
    <p class='ocr_par' dir='ltr' id='par_1_83' title="bbox 2031 3139 3695 3212">
     <span class='ocr_line' id='line_1_83' title="bbox 2031 3139 3695 3212; baseline 0.004 -20"><span class='ocrx_word' id='word_1_645' title='bbox 2031 3140 2164 3203; x_wconf 86' lang='grc' dir='ltr'><strong>ἐκεῖ,</strong></span> <span class='ocrx_word' id='word_1_646' title='bbox 2207 3141 2293 3192; x_wconf 82' lang='grc' dir='ltr'><strong>ἵνα</strong></span> <span class='ocrx_word' id='word_1_647' title='bbox 2331 3140 2406 3211; x_wconf 84' lang='grc' dir='ltr'><strong>μὴ</strong></span> <span class='ocrx_word' id='word_1_648' title='bbox 2459 3140 2534 3203; x_wconf 90' lang='grc' dir='ltr'><strong>ώς</strong></span> <span class='ocrx_word' id='word_1_649' title='bbox 2583 3140 2834 3204; x_wconf 88' lang='grc' dir='ltr'><strong>Ἰουδαῖος</strong></span> <span class='ocrx_word' id='word_1_650' title='bbox 2884 3139 3286 3212; x_wconf 88' lang='grc' dir='ltr'><strong>ἀπελαύνηται,</strong></span> <span class='ocrx_word' id='word_1_651' title='bbox 3339 3142 3454 3196; x_wconf 87' lang='grc' dir='ltr'><strong>ἀλλ’</strong></span> <span class='ocrx_word' id='word_1_652' title='bbox 3493 3147 3568 3207; x_wconf 88' lang='grc' dir='ltr'><strong>ώς</strong></span> <span class='ocrx_word' id='word_1_653' title='bbox 3591 3143 3695 3198; x_wconf 72' lang='grc' dir='ltr'><strong>ὑπὸ</strong></span> 
     </span>
    </p>
   </div>
   <div class='ocr_carea' id='block_1_84' title="bbox 2031 3236 3689 3309">
    <p class='ocr_par' dir='ltr' id='par_1_84' title="bbox 2031 3236 3689 3309">
     <span class='ocr_line' id='line_1_84' title="bbox 2031 3236 3689 3309; baseline 0.003 -19"><span class='ocrx_word' id='word_1_654' title='bbox 2031 3240 2097 3308; x_wconf 79' lang='grc' dir='ltr'><strong>τῇ</strong></span> <span class='ocrx_word' id='word_1_655' title='bbox 2129 3236 2278 3304; x_wconf 80' lang='grc' dir='ltr'><strong>τάξει</strong></span> <span class='ocrx_word' id='word_1_656' title='bbox 2306 3237 2558 3306; x_wconf 78' lang='grc' dir='ltr'><strong>πράττων</strong></span> <span class='ocrx_word' id='word_1_657' title='bbox 2608 3237 2702 3290; x_wconf 80' lang='grc' dir='ltr'><strong>καὶ</strong></span> <span class='ocrx_word' id='word_1_658' title='bbox 2757 3236 3092 3309; x_wconf 88' lang='grc' dir='ltr'><strong>φυλάττηται</strong></span> <span class='ocrx_word' id='word_1_659' title='bbox 3152 3240 3285 3292; x_wconf 83' lang='grc' dir='ltr'><strong>ἐκεῖ.</strong></span> <span class='ocrx_word' id='word_1_660' title='bbox 3337 3236 3689 3308; x_wconf 78' lang='grc' dir='ltr'><strong>Καίἕμεινε,</strong></span> 
     </span>
    </p>
   </div>
   <div class='ocr_carea' id='block_1_85' title="bbox 2033 3331 3694 3406">
    <p class='ocr_par' dir='ltr' id='par_1_85' title="bbox 2033 3331 3694 3406">
     <span class='ocr_line' id='line_1_85' title="bbox 2033 3331 3694 3406; baseline 0.002 -20"><span class='ocrx_word' id='word_1_661' title='bbox 2033 3333 2187 3405; x_wconf 77' lang='grc' dir='ltr'><strong>φησὶ,</strong></span> <span class='ocrx_word' id='word_1_662' title='bbox 2217 3333 2351 3400; x_wconf 87' lang='grc' dir='ltr'><strong>παρ’</strong></span> <span class='ocrx_word' id='word_1_663' title='bbox 2371 3331 2595 3398; x_wconf 82' lang='grc' dir='ltr'><strong>αὐτοῖς.</strong></span> <span class='ocrx_word' id='word_1_664' title='bbox 2619 3333 2813 3396; x_wconf 79' lang='grc' dir='ltr'><strong>Βαϐαὶ,</strong></span> <span class='ocrx_word' id='word_1_665' title='bbox 2843 3335 2995 3387; x_wconf 86' lang='grc' dir='ltr'><strong>ποῖον</strong></span> <span class='ocrx_word' id='word_1_666' title='bbox 3017 3333 3294 3405; x_wconf 87' lang='grc' dir='ltr'><strong>δικαίωμα</strong></span> <span class='ocrx_word' id='word_1_667' title='bbox 3321 3333 3417 3388; x_wconf 83' lang='grc' dir='ltr'><strong>τοῦ</strong></span> <span class='ocrx_word' id='word_1_668' title='bbox 3440 3338 3694 3406; x_wconf 83' lang='grc' dir='ltr'><strong>συνοικῆ-</strong></span> 
     </span>
    </p>
   </div>
   <div class='ocr_carea' id='block_1_86' title="bbox 2035 3425 3802 3505">
    <p class='ocr_par' dir='ltr' id='par_1_86' title="bbox 2035 3425 3802 3505">
     <span class='ocr_line' id='line_1_86' title="bbox 2035 3425 3802 3505; baseline 0.001 -20"><span class='ocrx_word' id='word_1_669' title='bbox 2035 3449 2126 3486; x_wconf 90' lang='grc' dir='ltr'><strong>σαι</strong></span> <span class='ocrx_word' id='word_1_670' title='bbox 2151 3425 2338 3503; x_wconf 78' lang='grc' dir='ltr'><strong>εὗρενὶ</strong></span> <span class='ocrx_word' id='word_1_671' title='bbox 2388 3430 2602 3500; x_wconf 81' lang='grc' dir='ltr'><strong>Ἐπειδὴ</strong></span> <span class='ocrx_word' id='word_1_672' title='bbox 2623 3429 2732 3502; x_wconf 78' lang='grc' dir='ltr'><strong>γὰρ</strong></span> <span class='ocrx_word' id='word_1_673' title='bbox 2757 3429 2989 3484; x_wconf 88' lang='grc' dir='ltr'><strong>ἐνταῦθα</strong></span> <span class='ocrx_word' id='word_1_674' title='bbox 3027 3430 3262 3501; x_wconf 87' lang='grc' dir='ltr'><strong>μάλιστα</strong></span> <span class='ocrx_word' id='word_1_675' title='bbox 3295 3431 3403 3485; x_wconf 76' lang='grc' dir='ltr'><strong>ἔδει</strong></span> <span class='ocrx_word' id='word_1_676' title='bbox 3429 3433 3592 3486; x_wconf 80' lang='grc' dir='ltr'><strong>αὑτὸν</strong></span> <span class='ocrx_word' id='word_1_677' title='bbox 3620 3433 3696 3505; x_wconf 77' lang='grc' dir='ltr'><strong>μὴ</strong></span> <span class='ocrx_word' id='word_1_678' title='bbox 3783 3431 3802 3451; x_wconf 75' lang='grc'><strong><em>⁵</em></strong></span> 
     </span>
    </p>
   </div>
   <div class='ocr_carea' id='block_1_87' title="bbox 2033 3519 3696 3599">
    <p class='ocr_par' dir='ltr' id='par_1_87' title="bbox 2033 3519 3696 3599">
     <span class='ocr_line' id='line_1_87' title="bbox 2033 3519 3696 3599; baseline 0.004 -19"><span class='ocrx_word' id='word_1_679' title='bbox 2033 3526 2238 3591; x_wconf 87' lang='grc' dir='ltr'><strong>λαϐεῖν,</strong></span> <span class='ocrx_word' id='word_1_680' title='bbox 2276 3526 2458 3590; x_wconf 87' lang='grc' dir='ltr'><strong>καθώς</strong></span> <span class='ocrx_word' id='word_1_681' title='bbox 2482 3544 2666 3597; x_wconf 82' lang='grc' dir='ltr'><strong>φησιν,</strong></span> <span class='ocrx_word' id='word_1_682' title='bbox 2702 3527 2836 3582; x_wconf 88' lang='grc' dir='ltr'><strong>Ἵνα</strong></span> <span class='ocrx_word' id='word_1_683' title='bbox 2864 3526 2934 3580; x_wconf 82' lang='grc' dir='ltr'><strong>ἐν</strong></span> <span class='ocrx_word' id='word_1_684' title='bbox 2971 3519 3376 3597; x_wconf 81' lang='grc' dir='ltr'><strong>ᾦκαυχῶνται</strong></span> <span class='ocrx_word' id='word_1_685' title='bbox 3405 3530 3696 3599; x_wconf 84' lang='grc' dir='ltr'><strong>εὐρεθῶσι</strong></span> 
     </span>
    </p>
   </div>
   <div class='ocr_carea' id='block_1_88' title="bbox 2034 3621 3696 3694">
    <p class='ocr_par' dir='ltr' id='par_1_88' title="bbox 2034 3621 3696 3694">
     <span class='ocr_line' id='line_1_88' title="bbox 2034 3621 3696 3694; baseline 0.001 -17"><span class='ocrx_word' id='word_1_686' title='bbox 2034 3621 2230 3688; x_wconf 77' lang='grc' dir='ltr'><strong>καθὼς</strong></span> <span class='ocrx_word' id='word_1_687' title='bbox 2278 3622 2380 3676; x_wconf 78' lang='grc' dir='ltr'><strong>καὶ</strong></span> <span class='ocrx_word' id='word_1_688' title='bbox 2418 3623 2614 3693; x_wconf 74' lang='grc' dir='ltr'><strong>ἡμεῖς,</strong></span> <span class='ocrx_word' id='word_1_689' title='bbox 2636 3623 2998 3694; x_wconf 82' lang='grc' dir='ltr'><strong>οἰκονομεῖται</strong></span> <span class='ocrx_word' id='word_1_690' title='bbox 3025 3624 3186 3677; x_wconf 82' lang='grc' dir='ltr'><strong>αὑτὸν</strong></span> <span class='ocrx_word' id='word_1_691' title='bbox 3215 3624 3396 3694; x_wconf 89' lang='grc' dir='ltr'><strong>μένειν</strong></span> <span class='ocrx_word' id='word_1_692' title='bbox 3438 3625 3574 3681; x_wconf 86' lang='grc' dir='ltr'><strong>ἐκεῖ,</strong></span> <span class='ocrx_word' id='word_1_693' title='bbox 3600 3628 3696 3679; x_wconf 85' lang='grc' dir='ltr'><strong>Δι-</strong></span> 
     </span>
    </p>
   </div>
   <div class='ocr_carea' id='block_1_89' title="bbox 2036 3718 3694 3790">
    <p class='ocr_par' dir='ltr' id='par_1_89' title="bbox 2036 3718 3694 3790">
     <span class='ocr_line' id='line_1_89' title="bbox 2036 3718 3694 3790; baseline 0.002 -17"><span class='ocrx_word' id='word_1_694' title='bbox 2036 3719 2277 3790; x_wconf 78' lang='grc' dir='ltr'><strong>ελέγετο</strong></span> <span class='ocrx_word' id='word_1_695' title='bbox 2315 3718 2384 3773; x_wconf 90' lang='grc' dir='ltr'><strong>δὲ</strong></span> <span class='ocrx_word' id='word_1_696' title='bbox 2415 3720 2486 3774; x_wconf 85' lang='grc' dir='ltr'><strong>ἐν</strong></span> <span class='ocrx_word' id='word_1_697' title='bbox 2526 3720 2603 3788; x_wconf 77' lang='grc' dir='ltr'><strong>τῇ</strong></span> <span class='ocrx_word' id='word_1_698' title='bbox 2637 3719 2963 3789; x_wconf 77' lang='grc' dir='ltr'><strong>συναγωτῇ</strong></span> <span class='ocrx_word' id='word_1_699' title='bbox 3019 3720 3168 3774; x_wconf 80' lang='grc' dir='ltr'><strong>κατὰ</strong></span> <span class='ocrx_word' id='word_1_700' title='bbox 3221 3721 3344 3777; x_wconf 85' lang='grc' dir='ltr'><strong>πᾶν</strong></span> <span class='ocrx_word' id='word_1_701' title='bbox 3371 3721 3694 3787; x_wconf 81' lang='grc' dir='ltr'><strong>σάϐϐατον,</strong></span> 
     </span>
    </p>
   </div>
   <div class='ocr_carea' id='block_1_90' title="bbox 2035 3815 3697 3888">
    <p class='ocr_par' dir='ltr' id='par_1_90' title="bbox 2035 3815 3697 3888">
     <span class='ocr_line' id='line_1_90' title="bbox 2035 3815 3697 3888; baseline 0.003 -18"><span class='ocrx_word' id='word_1_702' title='bbox 2035 3816 2234 3870; x_wconf 74' lang='grc' dir='ltr'><strong>ἐπειθέ</strong></span> <span class='ocrx_word' id='word_1_703' title='bbox 2260 3832 2324 3869; x_wconf 86' lang='grc' dir='ltr'><strong>τε</strong></span> <span class='ocrx_word' id='word_1_704' title='bbox 2353 3816 2680 3883; x_wconf 84' lang='grc' dir='ltr'><strong>Ἰουδαίους</strong></span> <span class='ocrx_word' id='word_1_705' title='bbox 2704 3815 2805 3870; x_wconf 78' lang='grc' dir='ltr'><strong>καὶ</strong></span> <span class='ocrx_word' id='word_1_706' title='bbox 2827 3816 3154 3884; x_wconf 65' lang='grc' dir='ltr'><strong>’Έλληναᾳ</strong></span> <span class='ocrx_word' id='word_1_707' title='bbox 3184 3816 3282 3883; x_wconf 81' lang='grc' dir='ltr'><strong>Ὠς</strong></span> <span class='ocrx_word' id='word_1_708' title='bbox 3303 3817 3372 3872; x_wconf 77' lang='grc' dir='ltr'><strong>δὲ</strong></span> <span class='ocrx_word' id='word_1_709' title='bbox 3391 3819 3697 3888; x_wconf 79' lang='grc' dir='ltr'><strong>κατῆλθον</strong></span> 
     </span>
    </p>
   </div>
   <div class='ocr_carea' id='block_1_91' title="bbox 2035 3910 3694 3984">
    <p class='ocr_par' dir='ltr' id='par_1_91' title="bbox 2035 3910 3694 3984">
     <span class='ocr_line' id='line_1_91' title="bbox 2035 3910 3694 3984; baseline 0.001 -17"><span class='ocrx_word' id='word_1_710' title='bbox 2035 3913 2152 3968; x_wconf 84' lang='grc' dir='ltr'><strong>ἀπὸ</strong></span> <span class='ocrx_word' id='word_1_711' title='bbox 2181 3911 2292 3981; x_wconf 84' lang='grc' dir='ltr'><strong>τῆς</strong></span> <span class='ocrx_word' id='word_1_712' title='bbox 2325 3910 2700 3978; x_wconf 81' lang='grc' dir='ltr'><strong>Μακεδονίας</strong></span> <span class='ocrx_word' id='word_1_713' title='bbox 2736 3912 2771 3964; x_wconf 86' lang='grc' dir='ltr'><em>ὅ</em></span> <span class='ocrx_word' id='word_1_714' title='bbox 2829 3928 2894 3964; x_wconf 89' lang='grc' dir='ltr'><strong>τε</strong></span> <span class='ocrx_word' id='word_1_715' title='bbox 2927 3912 3111 3977; x_wconf 85' lang='grc' dir='ltr'><strong>Σίλας</strong></span> <span class='ocrx_word' id='word_1_716' title='bbox 3157 3912 3257 3966; x_wconf 75' lang='grc' dir='ltr'><strong>καὶ</strong></span> <span class='ocrx_word' id='word_1_717' title='bbox 3304 3916 3338 3967; x_wconf 91' lang='grc' dir='ltr'><strong>ό</strong></span> <span class='ocrx_word' id='word_1_718' title='bbox 3399 3916 3694 3984; x_wconf 85' lang='grc' dir='ltr'><strong>Τιμόθεος,</strong></span> 
     </span>
    </p>
   </div>
   <div class='ocr_carea' id='block_1_92' title="bbox 2034 4006 3696 4081">
    <p class='ocr_par' dir='ltr' id='par_1_92' title="bbox 2034 4006 3696 4081">
     <span class='ocr_line' id='line_1_92' title="bbox 2034 4006 3696 4081; baseline 0.004 -21"><span class='ocrx_word' id='word_1_719' title='bbox 2034 4008 2349 4078; x_wconf 82' lang='grc' dir='ltr'><strong>συνείχετο</strong></span> <span class='ocrx_word' id='word_1_720' title='bbox 2384 4006 2464 4072; x_wconf 86' lang='grc' dir='ltr'><strong>τῷ</strong></span> <span class='ocrx_word' id='word_1_721' title='bbox 2496 4008 2793 4076; x_wconf 85' lang='grc' dir='ltr'><strong>Πνεύματι</strong></span> <span class='ocrx_word' id='word_1_722' title='bbox 2826 4011 2858 4062; x_wconf 87' lang='grc' dir='ltr'><strong>ό</strong></span> <span class='ocrx_word' id='word_1_723' title='bbox 2881 4007 3126 4074; x_wconf 88' lang='grc' dir='ltr'><strong>Παῦλος</strong></span> <span class='ocrx_word' id='word_1_724' title='bbox 3153 4008 3696 4081; x_wconf 83' lang='grc' dir='ltr'><strong>διαμαρτυρόμενος</strong></span> 
     </span>
    </p>
   </div>
   <div class='ocr_carea' id='block_1_93' title="bbox 2033 4103 3693 4174">
    <p class='ocr_par' dir='ltr' id='par_1_93' title="bbox 2033 4103 3693 4174">
     <span class='ocr_line' id='line_1_93' title="bbox 2033 4103 3693 4174; baseline 0.002 -16"><span class='ocrx_word' id='word_1_725' title='bbox 2033 4104 2160 4170; x_wconf 86' lang='grc' dir='ltr'><strong>τοῖς</strong></span> <span class='ocrx_word' id='word_1_726' title='bbox 2223 4103 2534 4171; x_wconf 87' lang='grc' dir='ltr'><strong>Ἰουδαίοις</strong></span> <span class='ocrx_word' id='word_1_727' title='bbox 2592 4104 2699 4158; x_wconf 85' lang='grc' dir='ltr'><strong>τὸν</strong></span> <span class='ocrx_word' id='word_1_728' title='bbox 2745 4105 3007 4174; x_wconf 87' lang='grc' dir='ltr'><strong>Χριστὸν</strong></span> <span class='ocrx_word' id='word_1_729' title='bbox 3062 4105 3325 4172; x_wconf 88' lang='grc' dir='ltr'><strong>Ἰησοῦν.</strong></span> <span class='ocrx_word' id='word_1_730' title='bbox 3381 4108 3424 4160; x_wconf 90' lang='grc' dir='ltr'><strong>Τ</strong></span> <span class='ocrx_word' id='word_1_731' title='bbox 3427 4107 3693 4174; x_wconf 84' lang='grc' dir='ltr'><strong>ουτέστιν,</strong></span> 
     </span>
    </p>
   </div>
   <div class='ocr_carea' id='block_1_94' title="bbox 2035 4200 3696 4274">
    <p class='ocr_par' dir='ltr' id='par_1_94' title="bbox 2035 4200 3696 4274">
     <span class='ocr_line' id='line_1_94' title="bbox 2035 4200 3696 4274; baseline 0.002 -20"><span class='ocrx_word' id='word_1_732' title='bbox 2035 4201 2339 4274; x_wconf 81' lang='grc' dir='ltr'><strong>ἐπηρέαζον</strong></span> <span class='ocrx_word' id='word_1_733' title='bbox 2363 4200 2532 4272; x_wconf 77' lang='grc' dir='ltr'><strong>αὐτῷ,</strong></span> <span class='ocrx_word' id='word_1_734' title='bbox 2561 4201 2849 4271; x_wconf 76' lang='grc' dir='ltr'><strong>ἐφίσταντο</strong></span> <span class='ocrx_word' id='word_1_735' title='bbox 2880 4200 3048 4274; x_wconf 79' lang='grc' dir='ltr'><strong>αὐτῷ.</strong></span> <span class='ocrx_word' id='word_1_736' title='bbox 3094 4201 3234 4256; x_wconf 84' lang='grc' dir='ltr'><strong>Ἀλλ’</strong></span> <span class='ocrx_word' id='word_1_737' title='bbox 3254 4204 3302 4257; x_wconf 81' lang='grc' dir='ltr'><strong>οἱ</strong></span> <span class='ocrx_word' id='word_1_738' title='bbox 3333 4203 3430 4274; x_wconf 84' lang='grc' dir='ltr'><strong>μὲν</strong></span> <span class='ocrx_word' id='word_1_739' title='bbox 3457 4203 3620 4260; x_wconf 65' lang='lat'><strong>06:0)-</strong></span> <span class='ocrx_word' id='word_1_740' title='bbox 3644 4206 3696 4260; x_wconf 86' lang='grc' dir='ltr'><strong>τί</strong></span> 
     </span>
    </p>
   </div>
   <div class='ocr_carea' id='block_1_95' title="bbox 2035 4295 3696 4370">
    <p class='ocr_par' dir='ltr' id='par_1_95' title="bbox 2035 4295 3696 4370">
     <span class='ocr_line' id='line_1_95' title="bbox 2035 4295 3696 4370; baseline 0.002 -18"><span class='ocrx_word' id='word_1_741' title='bbox 2035 4299 2092 4352; x_wconf 88' lang='grc' dir='ltr'><strong>δέ</strong></span> <span class='ocrx_word' id='word_1_742' title='bbox 2118 4302 2145 4352; x_wconf 87' lang='grc' dir='ltr'>ὁ</span> <span class='ocrx_word' id='word_1_743' title='bbox 2179 4296 2428 4364; x_wconf 87' lang='grc' dir='ltr'><strong>Παῦλος;</strong></span> <span class='ocrx_word' id='word_1_744' title='bbox 2484 4295 2802 4366; x_wconf 83' lang='grc' dir='ltr'><strong>Ἀφίσταται</strong></span> <span class='ocrx_word' id='word_1_745' title='bbox 2825 4297 3024 4363; x_wconf 82' lang='grc' dir='ltr'><strong>αὐτῶν,</strong></span> <span class='ocrx_word' id='word_1_746' title='bbox 3057 4298 3152 4352; x_wconf 81' lang='grc' dir='ltr'><strong>καὶ</strong></span> <span class='ocrx_word' id='word_1_747' title='bbox 3189 4299 3324 4370; x_wconf 87' lang='grc' dir='ltr'><strong>μετά</strong></span> <span class='ocrx_word' id='word_1_748' title='bbox 3370 4300 3566 4354; x_wconf 89' lang='grc' dir='ltr'><strong>πολλοῦ</strong></span> <span class='ocrx_word' id='word_1_749' title='bbox 3601 4303 3696 4356; x_wconf 83' lang='grc' dir='ltr'><strong>τοῦ</strong></span> 
     </span>
    </p>
   </div>
   <div class='ocr_carea' id='block_1_96' title="bbox 2041 4387 3702 4466">
    <p class='ocr_par' dir='ltr' id='par_1_96' title="bbox 2041 4387 3702 4466">
     <span class='ocr_line' id='line_1_96' title="bbox 2041 4387 3702 4466; baseline 0.004 -20"><span class='ocrx_word' id='word_1_750' title='bbox 2041 4394 2226 4464; x_wconf 85' lang='grc' dir='ltr'><strong>φόϐου.</strong></span> <span class='ocrx_word' id='word_1_751' title='bbox 2262 4391 2380 4448; x_wconf 81' lang='grc' dir='ltr'><strong>Οὐκ</strong></span> <span class='ocrx_word' id='word_1_752' title='bbox 2426 4392 2504 4446; x_wconf 78' lang='grc' dir='ltr'><strong>ἐτι</strong></span> <span class='ocrx_word' id='word_1_753' title='bbox 2567 4393 2676 4466; x_wconf 84' lang='grc' dir='ltr'><strong>γὰρ</strong></span> <span class='ocrx_word' id='word_1_754' title='bbox 2703 4393 2854 4463; x_wconf 82' lang='grc' dir='ltr'><strong>ὑμῖν,</strong></span> <span class='ocrx_word' id='word_1_755' title='bbox 2895 4394 3080 4464; x_wconf 77' lang='grc' dir='ltr'><strong>φησὶν,</strong></span> <span class='ocrx_word' id='word_1_756' title='bbox 3114 4387 3182 4466; x_wconf 80' lang='grc' dir='ltr'><strong>ἦν</strong></span> <span class='ocrx_word' id='word_1_757' title='bbox 3209 4395 3504 4466; x_wconf 89' lang='grc' dir='ltr'><strong>ἀναγκαῖον</strong></span> <span class='ocrx_word' id='word_1_758' title='bbox 3538 4397 3702 4464; x_wconf 79' lang='grc' dir='ltr'><strong>λαλη-</strong></span> 
     </span>
    </p>
   </div>
   <div class='ocr_carea' id='block_1_97' title="bbox 2038 4487 3690 4562">
    <p class='ocr_par' dir='ltr' id='par_1_97' title="bbox 2038 4487 3690 4562">
     <span class='ocr_line' id='line_1_97' title="bbox 2038 4487 3690 4562; baseline 0.003 -18"><span class='ocrx_word' id='word_1_759' title='bbox 2038 4491 2196 4562; x_wconf 84' lang='grc' dir='ltr'><strong>θῆναι</strong></span> <span class='ocrx_word' id='word_1_760' title='bbox 2217 4490 2308 4543; x_wconf 80' lang='grc' dir='ltr'><strong>τὸν</strong></span> <span class='ocrx_word' id='word_1_761' title='bbox 2346 4488 2524 4558; x_wconf 77' lang='grc' dir='ltr'><strong>λόγον·</strong></span> <span class='ocrx_word' id='word_1_762' title='bbox 2551 4487 2690 4542; x_wconf 88' lang='grc' dir='ltr'><strong>ἀλλά</strong></span> <span class='ocrx_word' id='word_1_763' title='bbox 2713 4488 2805 4541; x_wconf 78' lang='grc' dir='ltr'><strong>καὶ</strong></span> <span class='ocrx_word' id='word_1_764' title='bbox 2821 4489 3118 4545; x_wconf 87' lang='grc' dir='ltr'><strong>αἰνίττεται</strong></span> <span class='ocrx_word' id='word_1_765' title='bbox 3137 4491 3358 4556; x_wconf 83' lang='grc' dir='ltr'><strong>αὐτούς.</strong></span> <span class='ocrx_word' id='word_1_766' title='bbox 3392 4493 3690 4549; x_wconf 86' lang='grc' dir='ltr'><strong>Ἀντιταο-</strong></span> 
     </span>
    </p>
   </div>
   <div class='ocr_carea' id='block_1_98' title="bbox 2038 4584 3696 4658">
    <p class='ocr_par' dir='ltr' id='par_1_98' title="bbox 2038 4584 3696 4658">
     <span class='ocr_line' id='line_1_98' title="bbox 2038 4584 3696 4658; baseline 0.001 -15"><span class='ocrx_word' id='word_1_767' title='bbox 2038 4588 2312 4658; x_wconf 84' lang='grc' dir='ltr'><strong>σομένων</strong></span> <span class='ocrx_word' id='word_1_768' title='bbox 2343 4585 2412 4639; x_wconf 82' lang='grc' dir='ltr'><strong>δὲ</strong></span> <span class='ocrx_word' id='word_1_769' title='bbox 2437 4584 2636 4639; x_wconf 84' lang='grc' dir='ltr'><strong>αὐτῶν</strong></span> <span class='ocrx_word' id='word_1_770' title='bbox 2658 4586 2758 4639; x_wconf 80' lang='grc' dir='ltr'><strong>καὶ</strong></span> <span class='ocrx_word' id='word_1_771' title='bbox 2794 4586 3347 4657; x_wconf 73' lang='grc' dir='ltr'><strong>βλασφημούντων,</strong></span> <span class='ocrx_word' id='word_1_772' title='bbox 3391 4589 3696 4654; x_wconf 78' lang='grc' dir='ltr'><strong>ἐκτιναξαο</strong></span> 
     </span>
    </p>
   </div>
   <div class='ocr_carea' id='block_1_99' title="bbox 2035 4679 3698 4754">
    <p class='ocr_par' dir='ltr' id='par_1_99' title="bbox 2035 4679 3698 4754">
     <span class='ocr_line' id='line_1_99' title="bbox 2035 4679 3698 4754; baseline 0 -16"><span class='ocrx_word' id='word_1_773' title='bbox 2035 4703 2217 4754; x_wconf 78' lang='grc' dir='ltr'><strong>μενος</strong></span> <span class='ocrx_word' id='word_1_774' title='bbox 2235 4683 2306 4738; x_wconf 84' lang='grc' dir='ltr'><strong>τὰ</strong></span> <span class='ocrx_word' id='word_1_775' title='bbox 2338 4682 2554 4752; x_wconf 83' lang='grc' dir='ltr'><strong>ίμάτια,</strong></span> <span class='ocrx_word' id='word_1_776' title='bbox 2583 4679 2714 4736; x_wconf 75' lang='grc' dir='ltr'><strong>εἶπε</strong></span> <span class='ocrx_word' id='word_1_777' title='bbox 2763 4681 2914 4751; x_wconf 85' lang='grc' dir='ltr'><strong>πρὸς</strong></span> <span class='ocrx_word' id='word_1_778' title='bbox 2941 4684 3182 4750; x_wconf 75' lang='grc' dir='ltr'><strong>αὐτούς’</strong></span> <span class='ocrx_word' id='word_1_779' title='bbox 3239 4683 3309 4738; x_wconf 88' lang='grc' dir='ltr'><strong>Τὸ</strong></span> <span class='ocrx_word' id='word_1_780' title='bbox 3342 4680 3485 4754; x_wconf 82' lang='grc' dir='ltr'><strong>αἷμα</strong></span> <span class='ocrx_word' id='word_1_781' title='bbox 3525 4685 3698 4754; x_wconf 76' lang='grc' dir='ltr'><strong>ὑμῶν</strong></span> 
     </span>
    </p>
   </div>
   <div class='ocr_carea' id='block_1_100' title="bbox 2038 4777 3696 4849">
    <p class='ocr_par' dir='ltr' id='par_1_100' title="bbox 2038 4777 3696 4849">
     <span class='ocr_line' id='line_1_100' title="bbox 2038 4777 3696 4849; baseline -0.001 -13"><span class='ocrx_word' id='word_1_782' title='bbox 2038 4781 2138 4836; x_wconf 78' lang='grc' dir='ltr'><strong>ἐπὶ</strong></span> <span class='ocrx_word' id='word_1_783' title='bbox 2167 4779 2282 4849; x_wconf 83' lang='grc' dir='ltr'><strong>τὴν</strong></span> <span class='ocrx_word' id='word_1_784' title='bbox 2302 4781 2577 4849; x_wconf 68' lang='grc' dir='ltr'><strong>κεφαλὴν</strong></span> <span class='ocrx_word' id='word_1_785' title='bbox 2605 4777 2790 4849; x_wconf 83' lang='grc' dir='ltr'><strong>ὑμῶν.</strong></span> <span class='ocrx_word' id='word_1_786' title='bbox 2817 4779 3082 4847; x_wconf 85' lang='grc' dir='ltr'><strong>Καθαρὸς</strong></span> <span class='ocrx_word' id='word_1_787' title='bbox 3133 4779 3264 4848; x_wconf 77' lang='grc' dir='ltr'><strong>ἐγὼ,</strong></span> <span class='ocrx_word' id='word_1_788' title='bbox 3299 4780 3418 4833; x_wconf 84' lang='grc' dir='ltr'><strong>ἀπὸ</strong></span> <span class='ocrx_word' id='word_1_789' title='bbox 3441 4780 3548 4834; x_wconf 89' lang='grc' dir='ltr'><strong>τοῦ</strong></span> <span class='ocrx_word' id='word_1_790' title='bbox 3578 4781 3696 4834; x_wconf 85' lang='grc' dir='ltr'><strong>νῦν</strong></span> 
     </span>
    </p>
   </div>
   <div class='ocr_carea' id='block_1_101' title="bbox 2039 4876 3699 4950">
    <p class='ocr_par' dir='ltr' id='par_1_101' title="bbox 2039 4876 3699 4950">
     <span class='ocr_line' id='line_1_101' title="bbox 2039 4876 3699 4950; baseline -0.001 -14"><span class='ocrx_word' id='word_1_791' title='bbox 2039 4884 2127 4946; x_wconf 86' lang='grc' dir='ltr'><strong>εἰς</strong></span> <span class='ocrx_word' id='word_1_792' title='bbox 2142 4881 2216 4935; x_wconf 85' lang='grc' dir='ltr'><strong>τὰ</strong></span> <span class='ocrx_word' id='word_1_793' title='bbox 2244 4881 2388 4948; x_wconf 82' lang='grc' dir='ltr'><strong>ἔθνη</strong></span> <span class='ocrx_word' id='word_1_794' title='bbox 2415 4880 2804 4948; x_wconf 79' lang='grc' dir='ltr'><strong>πορεύσομαι.</strong></span> <span class='ocrx_word' id='word_1_795' title='bbox 2831 4877 2940 4932; x_wconf 86' lang='grc' dir='ltr'><strong>Καί</strong></span> <span class='ocrx_word' id='word_1_796' title='bbox 2959 4878 3216 4944; x_wconf 83' lang='grc' dir='ltr'><strong>μεταϐὰς</strong></span> <span class='ocrx_word' id='word_1_797' title='bbox 3238 4877 3469 4932; x_wconf 83' lang='grc' dir='ltr'><strong>ἐκεῖθεν</strong></span> <span class='ocrx_word' id='word_1_798' title='bbox 3505 4876 3699 4950; x_wconf 82' lang='grc' dir='ltr'><strong>ἦλθεν</strong></span> 
     </span>
    </p>
   </div>
   <div class='ocr_carea' id='block_1_102' title="bbox 2040 4974 3697 5045">
    <p class='ocr_par' dir='ltr' id='par_1_102' title="bbox 2040 4974 3697 5045">
     <span class='ocr_line' id='line_1_102' title="bbox 2040 4974 3697 5045; baseline -0.001 -12"><span class='ocrx_word' id='word_1_799' title='bbox 2040 4981 2127 5045; x_wconf 86' lang='grc' dir='ltr'><strong>είς</strong></span> <span class='ocrx_word' id='word_1_800' title='bbox 2151 4977 2349 5031; x_wconf 80' lang='grc' dir='ltr'><strong>οἰκίαν</strong></span> <span class='ocrx_word' id='word_1_801' title='bbox 2398 4976 2564 5042; x_wconf 85' lang='grc' dir='ltr'><strong>τινὸς</strong></span> <span class='ocrx_word' id='word_1_802' title='bbox 2615 4975 2859 5044; x_wconf 86' lang='grc' dir='ltr'><strong>ὀνόματι</strong></span> <span class='ocrx_word' id='word_1_803' title='bbox 2927 4974 3189 5028; x_wconf 87' lang='grc' dir='ltr'><strong>Ἰούστου</strong></span> <span class='ocrx_word' id='word_1_804' title='bbox 3226 4975 3558 5044; x_wconf 83' lang='grc' dir='ltr'><strong>σεϐομένου</strong></span> <span class='ocrx_word' id='word_1_805' title='bbox 3589 4979 3697 5032; x_wconf 86' lang='grc' dir='ltr'><strong>τὸν</strong></span> 
     </span>
    </p>
   </div>
   <div class='ocr_carea' id='block_1_103' title="bbox 2044 5069 3695 5146">
    <p class='ocr_par' dir='ltr' id='par_1_103' title="bbox 2044 5069 3695 5146">
     <span class='ocr_line' id='line_1_103' title="bbox 2044 5069 3695 5146; baseline 0.001 -15"><span class='ocrx_word' id='word_1_806' title='bbox 2044 5078 2210 5142; x_wconf 86' lang='grc' dir='ltr'><strong>Θεὸν,</strong></span> <span class='ocrx_word' id='word_1_807' title='bbox 2244 5070 2316 5132; x_wconf 84' lang='grc' dir='ltr'><strong>οὗ</strong></span> <span class='ocrx_word' id='word_1_808' title='bbox 2357 5075 2397 5145; x_wconf 78' lang='grc' dir='ltr'><strong><em>ἡ</em></strong></span> <span class='ocrx_word' id='word_1_809' title='bbox 2450 5074 2607 5130; x_wconf 85' lang='grc' dir='ltr'><strong>οἰκία</strong></span> <span class='ocrx_word' id='word_1_810' title='bbox 2656 5069 2736 5144; x_wconf 80' lang='grc' dir='ltr'><strong>ἦν</strong></span> <span class='ocrx_word' id='word_1_811' title='bbox 2781 5070 3206 5142; x_wconf 83' lang='grc' dir='ltr'><strong>συνομοροῦσα</strong></span> <span class='ocrx_word' id='word_1_812' title='bbox 3236 5072 3308 5143; x_wconf 78' lang='grc' dir='ltr'><strong>τῇ</strong></span> <span class='ocrx_word' id='word_1_813' title='bbox 3344 5075 3695 5146; x_wconf 73' lang='grc' dir='ltr'><strong>συναγωγῇ.</strong></span> 
     </span>
    </p>
   </div>
   <div class='ocr_carea' id='block_1_104' title="bbox 2042 5168 3698 5250">
    <p class='ocr_par' dir='ltr' id='par_1_104' title="bbox 2042 5168 3698 5250">
     <span class='ocr_line' id='line_1_104' title="bbox 2042 5168 3698 5250; baseline -0.001 -21"><span class='ocrx_word' id='word_1_814' title='bbox 2042 5176 2311 5246; x_wconf 76' lang='grc' dir='ltr'><strong>Κρίσπος</strong></span> <span class='ocrx_word' id='word_1_815' title='bbox 2333 5172 2402 5226; x_wconf 79' lang='grc' dir='ltr'><strong>δὲ</strong></span> <span class='ocrx_word' id='word_1_816' title='bbox 2432 5175 2464 5226; x_wconf 89' lang='grc' dir='ltr'><strong>ό</strong></span> <span class='ocrx_word' id='word_1_817' title='bbox 2498 5168 2985 5240; x_wconf 76' lang='grc' dir='ltr'><strong>ἀρχισυνάγωγος</strong></span> <span class='ocrx_word' id='word_1_818' title='bbox 3027 5170 3352 5250; x_wconf 64' lang='grc' dir='ltr'><strong>ἐπίστευσε</strong></span> <span class='ocrx_word' id='word_1_819' title='bbox 3384 5172 3464 5239; x_wconf 86' lang='grc' dir='ltr'><strong>τῷ</strong></span> <span class='ocrx_word' id='word_1_820' title='bbox 3502 5177 3698 5244; x_wconf 84' lang='grc' dir='ltr'><strong>Κυρίῳ</strong></span> 
     </span>
    </p>
   </div>
   <div class='ocr_carea' id='block_1_105' title="bbox 2042 5264 3697 5339">
    <p class='ocr_par' dir='ltr' id='par_1_105' title="bbox 2042 5264 3697 5339">
     <span class='ocr_line' id='line_1_105' title="bbox 2042 5264 3697 5339; baseline -0.006 -11"><span class='ocrx_word' id='word_1_821' title='bbox 2042 5274 2162 5328; x_wconf 85' lang='grc' dir='ltr'><strong>σὺν</strong></span> <span class='ocrx_word' id='word_1_822' title='bbox 2193 5272 2313 5334; x_wconf 86' lang='grc' dir='ltr'><strong>ὅλῳ</strong></span> <span class='ocrx_word' id='word_1_823' title='bbox 2340 5265 2419 5333; x_wconf 86' lang='grc' dir='ltr'><strong>τῷ</strong></span> <span class='ocrx_word' id='word_1_824' title='bbox 2441 5268 2582 5331; x_wconf 81' lang='grc' dir='ltr'><strong>οἵκῳ</strong></span> <span class='ocrx_word' id='word_1_825' title='bbox 2602 5264 2811 5319; x_wconf 88' lang='grc' dir='ltr'><strong>αὐτοῦ·</strong></span> <span class='ocrx_word' id='word_1_826' title='bbox 2834 5265 2930 5319; x_wconf 80' lang='grc' dir='ltr'><strong>καὶ</strong></span> <span class='ocrx_word' id='word_1_827' title='bbox 2956 5267 3175 5322; x_wconf 78' lang='grc' dir='ltr'><strong>πολλοὶ</strong></span> <span class='ocrx_word' id='word_1_828' title='bbox 3216 5269 3335 5322; x_wconf 88' lang='grc' dir='ltr'><strong>τῶν</strong></span> <span class='ocrx_word' id='word_1_829' title='bbox 3372 5272 3697 5339; x_wconf 79' lang='grc' dir='ltr'><strong>Κορινθίων</strong></span> 
     </span>
    </p>
   </div>
   <div class='ocr_carea' id='block_1_106' title="bbox 2039 5360 3695 5436">
    <p class='ocr_par' dir='ltr' id='par_1_106' title="bbox 2039 5360 3695 5436">
     <span class='ocr_line' id='line_1_106' title="bbox 2039 5360 3695 5436; baseline -0.002 -12"><span class='ocrx_word' id='word_1_830' title='bbox 2039 5368 2385 5431; x_wconf 84' lang='grc' dir='ltr'><strong>ἀκούοντες,</strong></span> <span class='ocrx_word' id='word_1_831' title='bbox 2405 5363 2729 5416; x_wconf 86' lang='grc' dir='ltr'><strong>ἐπίστευον</strong></span> <span class='ocrx_word' id='word_1_832' title='bbox 2753 5360 2851 5414; x_wconf 75' lang='grc' dir='ltr'><strong>καί</strong></span> <span class='ocrx_word' id='word_1_833' title='bbox 2867 5361 3262 5423; x_wconf 81' lang='grc' dir='ltr'><strong>ἐϐαπτίζοντο.</strong></span> <span class='ocrx_word' id='word_1_834' title='bbox 3281 5362 3423 5436; x_wconf 83' lang='grc' dir='ltr'><strong>Ὅρα</strong></span> <span class='ocrx_word' id='word_1_835' title='bbox 3448 5365 3565 5430; x_wconf 89' lang='grc' dir='ltr'><strong>πῶς</strong></span> <span class='ocrx_word' id='word_1_836' title='bbox 3591 5367 3695 5420; x_wconf 75' lang='grc' dir='ltr'><strong>πά-</strong></span> 
     </span>
    </p>
   </div>
   <div class='ocr_carea' id='block_1_107' title="bbox 2041 5457 3690 5532">
    <p class='ocr_par' dir='ltr' id='par_1_107' title="bbox 2041 5457 3690 5532">
     <span class='ocr_line' id='line_1_107' title="bbox 2041 5457 3690 5532; baseline -0.002 -13"><span class='ocrx_word' id='word_1_837' title='bbox 2041 5467 2124 5520; x_wconf 87' lang='grc' dir='ltr'><strong>λιν</strong></span> <span class='ocrx_word' id='word_1_838' title='bbox 2177 5461 2366 5526; x_wconf 87' lang='grc' dir='ltr'><strong>εἱπὼν,</strong></span> <span class='ocrx_word' id='word_1_839' title='bbox 2404 5459 2539 5514; x_wconf 82' lang='grc' dir='ltr'><strong>Ἀπὸ</strong></span> <span class='ocrx_word' id='word_1_840' title='bbox 2565 5458 2670 5512; x_wconf 86' lang='grc' dir='ltr'><strong>τοῦ</strong></span> <span class='ocrx_word' id='word_1_841' title='bbox 2698 5457 2834 5524; x_wconf 87' lang='grc' dir='ltr'><strong>νῦν,</strong></span> <span class='ocrx_word' id='word_1_842' title='bbox 2879 5459 3000 5512; x_wconf 82' lang='grc' dir='ltr'><strong>ούδέ</strong></span> <span class='ocrx_word' id='word_1_843' title='bbox 3047 5459 3220 5525; x_wconf 78' lang='grc' dir='ltr'><strong>οὕτως</strong></span> <span class='ocrx_word' id='word_1_844' title='bbox 3266 5461 3444 5514; x_wconf 81' lang='grc' dir='ltr'><strong>αὐτῶν</strong></span> <span class='ocrx_word' id='word_1_845' title='bbox 3478 5462 3690 5532; x_wconf 82' lang='grc' dir='ltr'><strong>ἀμελεῖ·</strong></span> 
     </span>
    </p>
   </div>
   <div class='ocr_carea' id='block_1_108' title="bbox 2041 5540 3694 5620">
    <p class='ocr_par' dir='ltr' id='par_1_108' title="bbox 2041 5540 3694 5620">
     <span class='ocr_line' id='line_1_108' title="bbox 2041 5540 3694 5620; baseline -0.003 -13"><span class='ocrx_word' id='word_1_846' title='bbox 2041 5554 2180 5607; x_wconf 85' lang='grc' dir='ltr'><strong>ὥστε</strong></span> <span class='ocrx_word' id='word_1_847' title='bbox 2208 5549 2302 5604; x_wconf 85' lang='grc' dir='ltr'><strong>τοῦ</strong></span> <span class='ocrx_word' id='word_1_848' title='bbox 2334 5549 2598 5617; x_wconf 88' lang='grc' dir='ltr'><strong>διεγεῖραι</strong></span> <span class='ocrx_word' id='word_1_849' title='bbox 2628 5546 2812 5600; x_wconf 74' lang='grc' dir='ltr'><strong>ἕνεκεν</strong></span> <span class='ocrx_word' id='word_1_850' title='bbox 2845 5540 2968 5600; x_wconf 82' lang='grc' dir='ltr'><strong>εἷπε</strong></span> <span class='ocrx_word' id='word_1_851' title='bbox 2995 5547 3176 5601; x_wconf 86' lang='grc' dir='ltr'><strong>τοῦτο.</strong></span> <span class='ocrx_word' id='word_1_852' title='bbox 3212 5548 3321 5601; x_wconf 78' lang='grc' dir='ltr'><strong>Καὶ</strong></span> <span class='ocrx_word' id='word_1_853' title='bbox 3345 5547 3528 5602; x_wconf 80' lang='grc' dir='ltr'><strong>λοιπὸν</strong></span> <span class='ocrx_word' id='word_1_854' title='bbox 3561 5543 3694 5620; x_wconf 79' lang='grc' dir='ltr'><strong>ἦλθε</strong></span> 
     </span>
    </p>
   </div>
   <div class='ocr_carea' id='block_1_109' title="bbox 2043 5638 3697 5722">
    <p class='ocr_par' dir='ltr' id='par_1_109' title="bbox 2043 5638 3697 5722">
     <span class='ocr_line' id='line_1_109' title="bbox 2043 5638 3697 5722; baseline -0.002 -19"><span class='ocrx_word' id='word_1_855' title='bbox 2043 5649 2180 5722; x_wconf 78' lang='grc' dir='ltr'><strong>πρὸς</strong></span> <span class='ocrx_word' id='word_1_856' title='bbox 2194 5646 2445 5711; x_wconf 80' lang='grc' dir='ltr'><strong>Ἰοῦστον,</strong></span> <span class='ocrx_word' id='word_1_857' title='bbox 2458 5638 2520 5700; x_wconf 79' lang='lat'><strong>06</strong></span> <span class='ocrx_word' id='word_1_858' title='bbox 2536 5640 2604 5716; x_wconf 77' lang='grc' dir='ltr'><strong>ἦν</strong></span> <span class='ocrx_word' id='word_1_859' title='bbox 2621 5646 2654 5716; x_wconf 86' lang='grc' dir='ltr'><strong>ἠ</strong></span> <span class='ocrx_word' id='word_1_860' title='bbox 2671 5644 2817 5699; x_wconf 86' lang='grc' dir='ltr'><strong>οἰκία</strong></span> <span class='ocrx_word' id='word_1_861' title='bbox 2831 5644 3108 5720; x_wconf 85' lang='grc' dir='ltr'><strong>ὁμοροῦσα</strong></span> <span class='ocrx_word' id='word_1_862' title='bbox 3117 5648 3180 5717; x_wconf 82' lang='grc' dir='ltr'><strong>τῇ</strong></span> <span class='ocrx_word' id='word_1_863' title='bbox 3198 5647 3504 5717; x_wconf 81' lang='grc' dir='ltr'><strong>συναγωγῇ.</strong></span> <span class='ocrx_word' id='word_1_864' title='bbox 3521 5645 3697 5716; x_wconf 87' lang='grc' dir='ltr'><strong>Ἐγει-</strong></span> 
     </span>
    </p>
   </div>
   <div class='ocr_carea' id='block_1_110' title="bbox 2039 5725 3693 5816">
    <p class='ocr_par' dir='ltr' id='par_1_110' title="bbox 2039 5725 3693 5816">
     <span class='ocr_line' id='line_1_110' title="bbox 2039 5725 3693 5816; baseline -0.003 -14"><span class='ocrx_word' id='word_1_865' title='bbox 2039 5725 2253 5810; x_wconf 77' lang='grc' dir='ltr'><strong>τνίαζέν</strong></span> <span class='ocrx_word' id='word_1_866' title='bbox 2277 5742 2415 5798; x_wconf 85' lang='grc' dir='ltr'><strong>ὥστε</strong></span> <span class='ocrx_word' id='word_1_867' title='bbox 2452 5743 2546 5798; x_wconf 73' lang='grc' dir='ltr'><strong>καὶ</strong></span> <span class='ocrx_word' id='word_1_868' title='bbox 2593 5741 2755 5814; x_wconf 76' lang='grc' dir='ltr'><strong>ζῆλον</strong></span> <span class='ocrx_word' id='word_1_869' title='bbox 2792 5739 2936 5813; x_wconf 77' lang='grc' dir='ltr'><strong>ἔχειν</strong></span> <span class='ocrx_word' id='word_1_870' title='bbox 2959 5741 2989 5783; x_wconf 70' lang='grc' dir='ltr'><strong>ιι</strong></span> <span class='ocrx_word' id='word_1_871' title='bbox 3034 5741 3144 5798; x_wconf 83' lang='grc' dir='ltr'><strong>ἀπὸ</strong></span> <span class='ocrx_word' id='word_1_872' title='bbox 3181 5743 3280 5816; x_wconf 83' lang='grc' dir='ltr'><strong>τῆς</strong></span> <span class='ocrx_word' id='word_1_873' title='bbox 3310 5744 3693 5814; x_wconf 85' lang='grc' dir='ltr'><strong>γειτνιάσεως,</strong></span> 
     </span>
    </p>
   </div>
   <div class='ocr_carea' id='block_1_111' title="bbox 2109 5901 2994 5968">
    <p class='ocr_par' dir='ltr' id='par_1_111' title="bbox 2109 5901 2994 5968">
     <span class='ocr_line' id='line_1_111' title="bbox 2109 5901 2994 5968; baseline -0.005 -12"><span class='ocrx_word' id='word_1_874' title='bbox 2109 5902 2138 5943; x_wconf 63' lang='grc'>³³</span> <span class='ocrx_word' id='word_1_875' title='bbox 2157 5901 2298 5956; x_wconf 78' lang='lat' dir='ltr'><strong>Alius</strong></span> <span class='ocrx_word' id='word_1_876' title='bbox 2323 5903 2448 5953; x_wconf 79' lang='grc' dir='ltr'><strong>ὥστε</strong></span> <span class='ocrx_word' id='word_1_877' title='bbox 2480 5901 2560 5952; x_wconf 82' lang='grc' dir='ltr'><strong>καὶ</strong></span> <span class='ocrx_word' id='word_1_878' title='bbox 2583 5918 2670 5953; x_wconf 87' lang='grc' dir='ltr'><strong>του</strong></span> <span class='ocrx_word' id='word_1_879' title='bbox 2694 5903 2831 5962; x_wconf 83' lang='grc' dir='ltr'><strong>ζῆλον</strong></span> <span class='ocrx_word' id='word_1_880' title='bbox 2857 5902 2994 5968; x_wconf 68' lang='grc' dir='ltr'><strong>ἐχειν.</strong></span> 
     </span>
    </p>
   </div>
  </div>
