4100 6354
434 237 541 293 ΞΠ

436 352 590 425 1996]
627 352 786 427 εῖπερ
808 352 1017 425 ἤθελον.
1060 350 1327 424 Κρίσπος
1366 356 1467 419 δὲ,
1505 356 1697 428 φησὶν,
1735 358 1767 407 ό
1808 354 2095 424 ἀρχισυιρσ..

437 440 660 512 άγωγος
680 445 1003 499 ἐπίστευσε
1023 443 1102 510 τῷ
1122 446 1315 513 Κυρίῳ
1334 446 1455 499 σὺν
1482 445 1601 511 ὅλῳ
1623 441 1703 510 τῷ
1723 445 1867 508 οἴκῳ
1886 441 2091 496 αὑτοῦ.

440 530 549 584 Καὶ
580 530 738 585 τοῦτο
766 532 994 603 μάλιστα
1041 534 1221 586 ἱκανὸν
1250 534 1385 604 πρὸς
1418 532 1480 586 τὸ
1506 532 1912 607 ⁹ἐπαγαγέσθαι.
1948 526 2097 585 Εἷπε

438 614 508 668 δὲ
534 619 568 671 ό
593 619 809 686 Κύριος
849 619 936 673 δι’
978 620 1271 688 ὁράματος
1304 620 1375 673 ἐν
1404 621 1577 675 νυκτὶ
1616 621 1697 687 τῷ
1724 622 1968 684 Παύλῳ·
2000 618 2096 686 Μὴ

438 705 662 771 φοϐοῦ,
696 707 857 761 ἀλλὰ
903 706 1097 772 λάλει,
1138 708 1238 760 καί
1282 708 1364 777 μὴ
1404 708 1755 777 σιωπήσῃς,
1806 709 1953 761 διότι
1985 705 2101 777 ἐγώ

439 794 556 862 εἰμι
583 796 733 863 μετὰ
757 794 894 856 σοῦ,
918 796 1015 848 καὶ
1049 794 1248 862 οὐδεὶς
1282 796 1631 861 ἐπιθήσεται
1663 812 1759 851 σοι
1784 796 1891 850 τοῦ
1920 793 2100 849 κακῶ-

440 880 549 932 σαί
569 895 663 943 σε,
681 879 831 934 διότι
849 882 997 946 λαός
1014 881 1147 935 ἔστι
1172 900 1273 951 μοι
1295 884 1488 949 πολὺς
1506 884 1575 937 ἐν
1594 883 1668 953 τῇ
1695 884 1867 938 πόλει
1889 884 2095 951 ταύτῃ.

440 962 588 1036 Ὀρα
611 966 697 1020 διὰ
730 967 909 1020 πόσων
943 967 1102 1022 αὑτὸν
1130 969 1324 1035 πείθει,
1356 968 1450 1023 καλ⁸
1481 968 1596 1033 πῶς
1622 968 1651 1023 ὃ
1681 970 1912 1041 μάλιστα
1936 968 2100 1022 αὐτὸν

440 1050 592 1122 ᾔρει,
637 1052 792 1105 τοῦτο
823 1052 1046 1124 ὕστερον
1097 1055 1248 1126 αὐτῷ
1289 1056 1465 1124 λέγει·
1503 1052 1623 1110 Ὅτι
1654 1057 1802 1122 λαός
1842 1056 1973 1110 ἐστι
1998 1074 2100 1125 μοι

438 1138 633 1205 πολὺς
664 1139 735 1193 ἐν
754 1136 829 1209 τῇ
855 1143 1028 1195 πόλει
1061 1144 1267 1210 ταύτῃ.
1295 1143 1419 1206 Πῶς
1437 1140 1528 1197 οὖν
1550 1144 1902 1197 συνεπέθεντο
1928 1144 2095 1216 αὐτῷ,

438 1227 579 1279 εἴποι
610 1244 696 1290 τις
722 1227 819 1295 av;
853 1229 963 1282 Καὶ
1000 1229 1106 1302 μὴν
1139 1231 1290 1284 οὐδὲν
1325 1231 1572 1302 ἴσχυσαν,
1607 1232 1719 1286 ἀλλ’
1757 1232 1964 1305 ἦγαγον
2001 1235 2099 1286 αύ-

434 1314 527 1367 τὸν
559 1314 717 1385 μόνον
749 1316 886 1387 πρὸς
920 1317 1010 1371 τὸν
1055 1318 1380 1374 ἀνθύπατον.
1421 1320 1694 1376 Ἐκάθισέ
1726 1341 1789 1376 τε
1822 1323 2099 1376 ἐνιαυτὸν

435 1401 533 1455 καὶ
556 1401 755 1473 μῆνας
786 1404 856 1470 ἐξ
876 1445 891 1471 ,
940 1406 1241 1461 διδάσκων
1280 1409 1350 1463 ἐν
1387 1411 1590 1475 αὐτοῖς
1630 1412 1737 1465 τὸν
1766 1412 1952 1481 λόγον
1990 1412 2097 1466 τοῦ

438 1488 607 1543 Θεοῦ.
638 1491 989 1558 Γαλλίωνος
1031 1492 1100 1546 δὲ
1129 1494 1650 1563 ἀνθυπατεύοντος
1686 1496 1794 1565 τῆς
1833 1498 2093 1567 Ἀχαΐας,

434 1576 901 1646 κατεπέστησαν
940 1582 1317 1651 ὁμοθυμαδὸν
1342 1587 1395 1638 οἱ
1434 1584 1706 1653 Ἰουδαῖοι
1732 1584 1811 1649 τῷ
1856 1585 2093 1649 Παύλῳ.

435 1661 534 1715 καὶ
564 1662 791 1733 ἤγαγον
810 1666 996 1719 αὑτὸν
1019 1668 1118 1721 ἐπὶ
1149 1667 1215 1722 τὸ
1241 1669 1433 1739 βῆμα,
1471 1671 1772 1741 λέγοντες,
1814 1671 1903 1726 ὅτι
1930 1670 2097 1739 Παρὰ

433 1750 543 1803 τὸν
574 1753 763 1820 νόμον
786 1749 964 1821 οὗτος
1016 1756 1321 1813 ἀναπείθει
1350 1758 1491 1823 τοὺς
1542 1760 1889 1828 ἀνθρώπους
1930 1758 2096 1814 σέϐε-

433 1842 575 1892 σθαι
600 1838 707 1893 τὸν
735 1841 900 1896 Θεόν.
930 1840 1093 1915 Ὁρᾷς
1116 1844 1201 1898 διὰ
1228 1845 1280 1899 τί
1305 1848 1499 1900 ἐκεῖνοι
1519 1848 1605 1900 ἀεὶ
1657 1847 1890 1919 δημοσίᾳ
1933 1846 2093 1900 ἔπλε-

434 1943 529 1981 κον
563 1929 1060 2000 κατηγορήματαα;
1106 1933 1249 2005 Ὅρα
1268 1934 1397 2003 γοῦν
1428 1932 1660 1990 ἐνταῦθα
1688 1937 1947 1990 εἰπόντων
1970 1936 2093 1989 τού-

432 2030 561 2077 των,
617 2015 700 2068 ὃτι
750 2016 901 2088 παρά
933 2018 1024 2071 τὸν
1078 2019 1241 2091 νόμον
1281 2020 1562 2076 ἀναπείθει
1599 2024 1725 2088 τοὺς
1773 2022 2093 2094 ἀνθρώπους

435 2102 686 2157 σέϐεσθαι
712 2103 802 2157 τὸν
822 2104 974 2169 Θεὸν,
1006 2105 1156 2161 οὐδὲν
1188 2108 1390 2162 τούτων
1414 2111 1645 2182 ἐμέλησε
1671 2112 1749 2181 τῷ
1779 2111 2090 2182 ἀνθυπάτῳ,

432 2189 546 2243 ἀλλ’
573 2191 711 2263 ὑπὲρ
740 2191 950 2247 Παύλου
991 2195 1189 2263 μᾶλλον
1234 2197 1598 2267 ἀπολογεῖται.
1634 2201 1743 2253 Καὶ
1772 2201 1937 2254 ἄκουε
1974 2200 2092 2264 πῶς

431 2278 813 2349 ἀποκρίνεται·
854 2282 923 2335 El
949 2282 1067 2350 μὲν
1101 2279 1181 2353 ἦν
1204 2283 1323 2338 τῶν
1347 2284 1457 2354 τῆς
1500 2286 1729 2352 πόλεως
1758 2287 2094 2357 ἀπτόμενον

430 2364 693 2436 ἀδίκημά
742 2385 797 2422 τι
840 2368 879 2437 ἢ
912 2370 1324 2442 ῥᾳδιούργημα
1368 2375 1658 2442 πονηρὸν,
1708 2370 1754 2429 ὦ
1802 2374 2088 2440 Ἰουδαῖοι,

430 2453 581 2509 κατὰ
611 2456 795 2525 λόγον
829 2456 907 2511 ἂν
934 2458 1286 2529 ἠνεσχόμην
1321 2460 1507 2530 ὑμῶν.
1556 2462 1834 2531 Ἐπιεικής
1872 2480 1954 2526 τις
1996 2462 2091 2516 άν-

432 2541 649 2613 θρωπος
681 2536 834 2608 οὗτος
863 2541 1000 2598 εἷναί
1028 2564 1117 2615 μοι
1146 2547 1326 2600 δοκεῖ·
1365 2548 1456 2601 καὶ
1485 2548 1641 2619 δῆλον
1680 2547 1738 2613 ἐξ
1772 2543 1846 2602 ὧν
1868 2549 2092 2620 ἀποκρί-

428 2648 577 2684 νεται
625 2632 876 2696 συνετῶς.
920 2634 1265 2701 Μέλλοντπ
1306 2635 1374 2689 δὲ
1422 2636 1530 2690 τοῦ
1583 2638 1847 2699 Παύλου,
1904 2638 2088 2706 φησὶν,

428 2720 693 2789 ἀνοίγειν
717 2721 783 2774 τὸ
814 2722 1026 2789 στόμα,
1049 2719 1217 2776 εἶπεν
1236 2727 1269 2777 ὀ
1298 2726 1577 2779 Γαλλίων
1598 2727 1746 2794 πρὸς
1768 2727 1910 2792 τοὺς
1943 2725 2091 2781 Ἰου-

426 2806 667 2871 δαίους·
703 2808 883 2876 εἰμὲν
917 2803 997 2879 ἦν
1025 2808 1286 2878 ἀδίκημά
1319 2830 1372 2865 τι
1401 2813 1438 2880 ἢ
1462 2813 1870 2884 ῥᾳδιούργημα
1902 2831 2087 2884 πονη-

421 2895 556 2964 ρὸν,
590 2890 636 2950 ὦ
668 2894 952 2960 Ἰουδαῖοι,
986 2898 1137 2951 κατὰ
1170 2901 1355 2968 λόγον
1398 2900 1473 2953 ἂν
1498 2901 1851 2971 ἠνεσχόμην
1881 2901 2048 2971 ὑμῶν
2073 2921 2086 2934 .

428 2984 481 3036 εἰ
512 2982 580 3035 δὲ
609 2980 831 3051 ζῆτημά
856 2984 989 3038 ἐστι
1014 2984 1149 3054 περὶ
1178 2987 1363 3055 λόγου
1393 2988 1491 3042 καὶ
1529 2988 1833 3058 ὀνομάτων
1865 2990 1962 3044 καὶ
1992 2990 2090 3044 νό-

422 3089 543 3139 μου
569 3070 676 3126 τοῦ
714 3076 843 3129 καθ’
878 3073 1051 3143 ὑμᾶς,
1089 3074 1316 3143 ὄψεσθε
1346 3076 1517 3129 αὐτοί
1536 3091 1549 3104 ’
1581 3076 1786 3145 κριτὴς
1824 3078 1932 3148 γὰρ
1975 3078 2089 3148 ἐγὼ

430 3158 655 3212 τούτων
681 3162 753 3214 οὐ
782 3160 1081 3230 βούλομαι
1118 3157 1288 3216 εἶναι.
1340 3164 1450 3215 Καὶ
1497 3162 1820 3229 ἀπήλασεν
1868 3167 2089 3232 αὐτοὺς

431 3244 549 3298 ἀπὸ
579 3246 685 3301 τοῦ
707 3247 1000 3318 βήματος.
1033 3245 1472 3319 Ἑπιλαϐόμενοι
1512 3251 1579 3305 δὲ
1612 3252 1832 3320 πάντες
1862 3257 1915 3307 οἱ
1942 3255 2086 3308 Ἕλ-

429 3337 614 3401 ληνες
642 3336 963 3405 Σωσθένην
986 3338 1092 3392 τὸν
1137 3335 1635 3408 ἀρχισυνάγωγον
1672 3339 1931 3393 ἔτυπτον
1980 3341 2085 3407 ἐμ-

425 3426 690 3488 προσθεν
706 3424 810 3478 τοῦ
822 3423 1091 3493 βήματος
1104 3425 1237 3487 ,ικαὶ
1255 3425 1435 3478 οὐδὲν
1459 3427 1681 3479 τούτων
1700 3425 1779 3492 τῷ
1792 3428 2087 3482 Γαλλίωνι

422 3512 620 3578 ἔμελε.
676 3512 785 3565 Kal
839 3511 1085 3565 ἐντεῦθεν
1128 3513 1289 3566 πάλιν
1347 3511 1408 3565 τὺ
1456 3514 1696 3577 ἐπιεικὲς
1754 3514 1847 3568 τοῦ
1897 3515 2088 3586 ἀνδρὸς

420 3596 716 3651 δείκνυται.
759 3598 1107 3669 Τυπτομένου
1154 3600 1264 3671 γὰρ
1304 3598 1491 3662 αὑτοῦ.
1535 3601 1633 3672 οὐχ
1679 3603 1920 3674 ἡγήσατο
1951 3604 2086 3658 ἰδίαν

423 3684 580 3755 ὕϐριν
618 3681 777 3739 εἶναι·
808 3682 1145 3757 οὖτωςῆσαν
1181 3690 1359 3757 ἰταμοὶ
1378 3691 1427 3742 οί
1469 3691 1731 3746 Ἰουδαῖοι.

495 3772 560 3843 β’.
592 3773 898 3845 Ἵδωμενδὲ
924 3774 1129 3828 ἄνωθεν
1160 3775 1229 3855 τᾲ
1257 3778 1659 3849 ἀνεγνωσμένα.
1697 3781 2082 3849 Ἀκούσαντες

422 3862 491 3916 δὲ
518 3862 861 3918 ἀνάστασιν
882 3863 1130 3934 νεκρῶν,
1148 3868 1202 3919 οί
1224 3866 1704 3936 μὲν·ἐχλεύαζον,
1724 3873 1776 3925 οἱ
1794 3871 1862 3925 δὲ
1878 3868 2051 3926 εἷπον
2067 3891 2080 3904 ·

436 3951 829 4021 Ἀκουσόμεθά
881 3967 995 4007 σου
1050 3952 1255 4008 πάλιν.
1316 3954 1463 4008 Πόσα
1515 3957 1727 4026 μεγάλα
1770 3960 1862 4012 καὶ
1906 3959 2086 4030 ὑψηλά

423 4038 773 4103 ἀκούσαντες,
808 4040 929 4092 οὐδὲ
963 4043 1269 4111 προσεῖχον,
1308 4042 1420 4095 ἀλλ’
1454 4044 1770 4113 ἐχλεύαζονί
1806 4046 1915 4117 Τὴν
1949 4047 2082 4101 ἀνά-

425 4143 611 4179 στασιν
633 4124 690 4179 δὲ
713 4127 998 4197 ἐχλεύαζον
1016 4147 1029 4159 ·
1063 4131 1329 4197 Ψυχικὸς
1355 4132 1464 4202 γὰρ
1491 4131 1799 4200 ἅνθρωπος
1821 4137 1891 4188 οὐ
1914 4134 2081 4206 δέχε-

422 4229 515 4265 ται
546 4214 619 4267 τὰ
644 4212 750 4268 τοῦ
780 4216 1142 4285 Πνεύματος.
1179 4220 1285 4273 Καὶ
1321 4218 1504 4283 οὕτω,
1539 4223 1721 4292 φησὶν,
1759 4221 2019 4291 ἐξῆλθεν
2049 4229 2083 4279 0'

421 4302 660 4367 Παῦλος
687 4302 754 4357 ἐκ
770 4304 965 4373 μέσου
986 4308 1200 4361 αὐτῶν.
1240 4306 1429 4363 Οὕτω·
1478 4309 1627 4377 πῶς;
1664 4312 1800 4375 Τοὺς
1834 4314 1931 4382 μὲν
1966 4313 2083 4366 πεί-

424 4408 543 4454 σας,
579 4391 683 4445 ὑπὸ
719 4392 777 4446 δὲ
802 4392 907 4446 τῶν
941 4393 1268 4463 γελώμενος.
1298 4397 1616 4465 Χωρισθείς
1641 4398 1709 4451 δὲ
1746 4400 1865 4453 ἀπὸ
1918 4401 2082 4469 Ἀθη-

420 4479 564 4544 νῶν,
614 4481 797 4550 φησὶν,
844 4476 1032 4550 ἦλθεν
1078 4485 1164 4549 είς
1210 4484 1517 4551 Κόρινθον.
1578 4487 1686 4539 Kal
1716 4486 1904 4554 εὑρών
1948 4505 2082 4542 τινα

431 4567 716 4623 Ἰουδαῖον
763 4571 1005 4640 ὀνόματι
1060 4572 1354 4633 Ἀκύλαν,
1408 4574 1702 4627 Ποντικὸν
1753 4574 1833 4640 τῷ
1883 4575 2039 4646 γένει
2063 4617 2078 4639 ,

418 4657 778 4727 προσφάτως
795 4658 1131 4725 ἐληλυθότα
1155 4660 1271 4713 ἀπὸ
1291 4659 1401 4726 τῆς
1434 4660 1713 4728 Ἰταλίας,
1733 4663 1927 4731 ἔμεινε
1945 4667 2080 4735 παρ’

418 4746 626 4812 αὐτοῖς
650 4746 749 4800 καὶ
771 4745 1083 4817 εἰργάζετο.
1115 4748 1257 4818 Ὅρα
1277 4788 1291 4806 .
1320 4748 1437 4812 πῶς
1467 4751 1495 4802 ὁ
1526 4749 1687 4820 νόμος
1717 4751 1942 4823 ἄρχεται
1977 4770 2080 4806 κα-

417 4834 712 4888 ταλύεσθαι
732 4834 936 4897 λοιπόν.
974 4835 1310 4907 Κειράμενος
1338 4836 1467 4907 γὰρ,
1500 4838 1747 4903 Ἰουδαῖος
1779 4838 1887 4900 ὢν,
1927 4835 2080 4905 οὗτος

418 4922 478 4974 ὲν
524 4923 829 4994 Κεγχρεαῖς
888 4923 1024 4992 μετά
1072 4923 1273 4988 ταῦτα,
1314 4926 1393 4988 είς
1442 4926 1642 4995 Συρίαν
1682 4927 2079 4999 συναπέρχεται

420 5009 643 5078 Παύλῳ.
700 5008 959 5073 Ποντικὸς
990 5010 1085 5072 ὢν,
1130 5014 1229 5065 οὐκ
1258 5015 1315 5066 ἐν
1369 5013 1759 5084 Ἰεροσολύμοις
1783 5016 1901 5068 οὐδὲ
1941 5016 2079 5087 πλη-

421 5096 534 5149 σίον
560 5097 816 5151 ἔσπευδεν
839 5099 1030 5163 ἐλθεῖν,
1053 5100 1187 5154 ἀλλὰ
1213 5103 1550 5173 μακροτέρω.
1580 5102 1715 5173 Παρ’
1756 5103 1903 5176 αὐτῷ
1924 5104 2076 5178 [ΞΘἹ]

419 5181 552 5252 γοῦν
609 5183 781 5257 μένει,
818 5187 913 5238 καὶ
962 5188 1062 5240 οὒκ
1099 5188 1410 5257 αἰσχύνεται
1456 5191 1655 5262 μένων,
1682 5192 1817 5244 άλλά
1862 5193 1954 5245 καὶ
2008 5193 2076 5246 δι’

419 5271 550 5325 αὐτὸ
574 5270 730 5325 τοῦτο
783 5272 955 5343 μένει,
1008 5272 1083 5339 ὡς
1132 5276 1427 5347 ἐπιτήδειον
1485 5277 1661 5349 εὑρὼν
1696 5281 2075 5349 καταγώγιον·

419 5358 598 5430 πολλῷ
618 5360 725 5432 γὰρ
753 5361 899 5432 αὐτῴ
928 5362 1035 5415 τῶν
1080 5364 1361 5434 βασιλείων
1388 5369 1817 5440 ἐπιτηδειότερον
1848 5365 1934 5441 ἦν.
1967 5372 2074 5423 Καὶ

423 5447 497 5520 μὴ
543 5447 779 5521 γελάσῃς
829 5449 1059 5515 ἁκούων,
1103 5452 1367 5523 ἀγαπητέ.
1414 5455 1679 5528 Καθάπερ
1719 5458 1827 5529 γάρ
1870 5460 2075 5532 ἀθλητῇ

419 5538 454 5606 ἡ
488 5536 795 5609 παλαίστρα
813 5538 923 5591 τῶν
941 5538 1163 5592 ἁπαλῶν
1183 5541 1518 5611 στρωμάτων
1549 5544 1747 5615 μᾶλλον
1772 5548 2041 5618 χρήσιμον
2060 5566 2074 5581 ⁸

420 5622 562 5678 οὕτω
595 5626 690 5679 καὶ
727 5627 806 5699 τῷ
852 5626 1148 5698 πολεμιστῇ
1178 5627 1239 5681 τὸ
1276 5628 1429 5698 ξίφος
1456 5632 1517 5684 τὸ
1556 5634 1827 5705 σιδηροῦν,
1868 5636 1983 5689 ἀλλ’
2014 5638 2076 5691 οὐ

418 5712 480 5767 τὸ
524 5714 777 5785 χρυσοῦν.
836 5717 943 5770 Καὶ
992 5716 1277 5787 εἰργάζετο
1324 5719 1628 5792 κηρύττων.
1684 5724 2078 5798 Αἰσχυνθῶμεν

419 5802 581 5873 ἡμεῖς
611 5804 659 5856 οἱ
692 5804 785 5857 καὶ
815 5805 983 5876 χωρὶς
1027 5804 1121 5859 τοῦ
1150 5805 1439 5878 κηρύττειν
1472 5809 1655 5880 ἀργῶς
1720 5810 1940 5879 ζῶντες.
1984 5816 2076 5871 Δι-

493 5907 521 5936 ⁸
539 5906 639 5959 Alii
665 5908 860 5959 ἔπλεκον
886 5912 1218 5977 ἁμαρτήματα,
1241 5916 1333 5964 ἵνα.

1179 236 1237 298 S.
1277 238 1557 297 JOANNIS
1582 232 2063 295 CHRYSOSTOMI
2090 230 2407 292 ARCHIEP.
2444 232 2992 295 CONSTANTINOP.

3756 232 3865 288 278

2202 355 2445 423 ελέγετο
2472 354 2540 407 δὲ
2565 355 2634 408 ἐν
2665 354 2740 423 τῇ
2767 352 3110 424 συναγωγῇ,
3133 354 3287 425 φησὶ,
3316 351 3466 407 κατὰ
3491 349 3616 406 πᾶν
3643 350 3869 405 σάϐϐα-

2200 457 2329 507 τον,
2363 442 2560 497 ἕπειθέ
2608 460 2673 497 τε
2708 444 3031 509 Ἰουδαίους
3079 460 3142 497 τε
3182 442 3280 495 καί
3310 443 3632 507 Ἕλληνας.
3682 440 3867 493 Ἀντι-

2202 534 2595 603 τασσομένων
2615 534 2684 587 δὲ
2709 533 2907 588 αὐτῶν
2930 534 3027 587 καὶ
3043 531 3590 601 βλασφημούντων,
3630 527 3863 597 ἀπέστη.

2201 621 2386 695 Ταύτῃ
2421 622 2732 691 προσδοκῶν
2760 622 2959 684 αὐτοὺς
3008 621 3179 680 ἕλξειν
3230 619 3450 690 μᾶλλον,
3486 616 3783 685 ἀφίσταται
3810 626 3863 667 ι.

2199 709 2297 763 Διά
2326 710 2378 762 τί
2409 710 2518 779 γὰρ
2547 710 2705 777 ἀφεὶς
2728 708 2945 778 ἐκείνην
2975 708 3074 779 τὴν
3103 706 3302 769 οἰκίαν,
3328 701 3461 775 ἦλθε
3503 702 3734 773 πλησίον
3762 702 3864 770 τῆς

2201 797 2553 867 συναγωγῆς;
2585 793 2674 868 ἆρ’
2708 797 2828 867 οὐχὶ
2851 795 2939 849 διὰ
2956 796 3144 859 τοῦτο;
3176 794 3295 847 οὐδὲ
3318 791 3427 865 γὰρ
3450 791 3692 844 κίνδυνον
3714 789 3864 868 ἐώρα

2198 883 2449 938 ἐνταῦθα.
2478 866 3027 953 Διαμαρτυρόμενος
3061 880 3286 946 αὐτοῖς,
3312 878 3495 948 φησίν.
3527 879 3640 930 Οὐκ
3676 876 3755 929 ἔτι
3785 866 3865 928 δι-

2197 971 2408 1038 δάσκει,
2471 972 2606 1025 ἀ).λά
2660 970 3111 1042 διαμαρτύρεται.
3182 964 3728 1033 Ἄντιτασσομένων
3790 962 3864 1015 δὲ

2197 1057 2426 1121 αὐτῶν,
2462 1058 2627 1128 φησὶ,
2661 1058 2759 1112 καὶ
2787 1056 3351 1126 βλασφημούντων,
3395 1051 3865 1119 ἐκτιναξάμενος

2197 1146 2269 1197 τὰ
2322 1147 2522 1214 Ιμάτια
2572 1140 2732 1199 εἷπε·
2774 1144 2846 1197 Τὸ
2888 1139 3030 1213 αἷμα
3070 1140 3236 1211 ὑμῶν
3262 1140 3360 1193 ἐπὶ
3412 1138 3528 1206 τὴν
3580 1134 3864 1205 κεφαλὴν

2196 1232 2383 1301 ὑμῶν.
2414 1233 2582 1286 Τοῦτο
2613 1235 2777 1296 ποιεῖ,
2814 1231 2954 1284 ὥστε
2996 1230 3071 1301 μὴ
3119 1230 3323 1300 ῥήματι
3365 1226 3544 1297 μόνον,
3586 1225 3722 1278 ἀλλά
3764 1224 3860 1277 καὶ

2198 1320 2479 1392 πράγματι
2508 1321 2742 1391 φοϐῆσαι.
2760 1336 2774 1350 ·
2800 1320 2894 1373 καὶ
2916 1318 3270 1388 σφοδρότερον
3294 1313 3620 1381 διαλέγεται,
3642 1313 3739 1366 ᾰτε
3761 1312 3860 1365 καὶ

2196 1409 2426 1472 πολλοὺς
2455 1411 2753 1471 πεπεικώς.
2783 1406 3048 1474 Καθαρός
3076 1408 3211 1474 εἰμι,
3239 1404 3424 1474 φησὶν,
3444 1402 3586 1471 ἐγώ·
3615 1400 3860 1456 ἀπὸτοῦ

2194 1499 2312 1552 νῦν
2346 1500 2433 1563 εἰς
2454 1498 2525 1551 τὰ
2548 1498 2693 1564 ἔθνη
2732 1496 3117 1565 πορεύσομαι.
3153 1495 3294 1564 Ἀρα
3320 1492 3414 1546 καὶ
3441 1492 3599 1562 ἡμεῖς
3622 1489 3863 1542 ὑπεύθυ-

2195 1585 2275 1637 νοί
2305 1586 2470 1654 ἐσμεν
2502 1583 2595 1637 τοῦ
2630 1584 2857 1653 αἵματος
2878 1582 2986 1635 τῶν
3016 1583 3146 1653 ἡμῖν
3179 1577 3687 1650 ἐγκεχειρισμένων,
3712 1579 3861 1647 ἀμεο

2194 1671 2410 1735 λοῦντες
2433 1670 2631 1725 αὐτῶν.
2660 1671 2825 1724 Ὥστε
2847 1669 2937 1724 καὶ
2963 1670 3089 1724 ὅταν
3111 1669 3267 1740 λέγῃ,
3293 1668 3365 1722 Τὸ
3385 1668 3602 1721 λοιπὸν
3628 1668 3861 1731 κόπους

2190 1776 2293 1830 μοι
2319 1758 2532 1829 μηδεὶς
2571 1756 2897 1827 παρεχέτω,
2958 1756 3137 1826 φοϐῶν
3175 1773 3342 1827 φησιν
3365 1771 3379 1784 ·
3434 1752 3496 1808 οὑ
3530 1755 3637 1825 γὰρ
3682 1750 3861 1817 οὕτως

2194 1847 2389 1910 αὐτοὺς
2418 1846 2599 1917 ἐφόϐει
2638 1847 2672 1917 ἠ
2716 1847 2977 1918 τιμωρία,
3011 1842 3085 1909 ὡς
3114 1844 3305 1898 ἔδακνε
3342 1842 3519 1896 τοῦτο.
3555 1838 3662 1896 Kal
3683 1858 3863 1910 μετας

2194 1934 2301 2000 ϐὰς
2322 1932 2568 1998 ἐκεῖθεν,
2608 1929 2795 2004 ἦλθεν
2821 1934 2908 1999 είς
2935 1934 3130 1987 οὶκίαν
3178 1931 3471 1986 Ἰούστου.
3523 1928 3860 1983 Μεταϐαίνει

2195 2022 2516 2093 βουλόμενος
2543 2024 2739 2086 αὐτοὺς
2777 2022 2983 2086 πεῖσαι,
3011 2021 3091 2074 ὅτι
3138 2020 3276 2091 πρὸς
3307 2017 3377 2071 τά
3412 2018 3538 2088 ἔθνη
3574 2017 3861 2086 ἠπείγετο.

2191 2112 2459 2180 Κρίσπος
2494 2110 2562 2164 δὲ
2595 2114 2628 2165 ό
2653 2110 3140 2180 ἀρχισυνάγωγος
3162 2148 3175 2171 ,
3204 2107 3388 2178 φησὶν,
3414 2106 3741 2159 ἐπίστευσε
3776 2102 3863 2167 τῷ

2191 2200 2386 2266 Κυρίῳ
2427 2198 2549 2252 σὺν
2586 2198 2707 2264 ὅλῳ
2734 2196 2812 2262 τῷ
2861 2197 3003 2263 οἴκῳ
3046 2194 3251 2249 αὐτοῦ.
3290 2195 3429 2264 ’Ὀρα
3468 2194 3591 2256 τοὺς
3627 2191 3864 2254 πιστοὺς

2190 2286 2310 2338 τότε
2339 2285 2475 2357 μετά
2500 2286 2595 2357 τῆς
2624 2285 2800 2348 οἰκίας
2820 2283 2975 2338 τοῦτο
3001 2281 3290 2344 ποιοῦντας
3308 2279 3620 2351 ὁλοκλήρου.
3647 2278 3861 2331 Τούτου

2194 2374 2251 2427 δὲ
2284 2374 2598 2444 γενομένου,
2638 2372 2839 2435 εὐθέως
2872 2373 2966 2426 καὶ
3006 2372 3185 2442 ἕτεροι
3233 2368 3416 2422 πολλοὶ
3462 2367 3860 2430 πιστεύσαντες

2189 2460 2613 2530 ἐϐαπτίσθησαν.
2640 2460 2841 2513 Τοῦτον
2868 2459 3118 2530 Κρίσπον
3156 2458 3304 2526 λέγει
3337 2457 3427 2510 τὸν
3479 2455 3860 2527 ἀρχισυνάγωο

2188 2567 2305 2618 γον,
2346 2549 2469 2620 περί
2494 2542 2554 2602 οὗ
2582 2566 2713 2618 φησι
2741 2548 2968 2618 γράφων
2987 2563 3001 2577 ·
3047 2546 3275 2600 Οὐδένα
3319 2544 3515 2597 ἄλλον
3535 2542 3854 2605 ἐϐάπτισα,

2188 2641 2241 2691 εὶ
2264 2638 2348 2706 μὴ
2399 2639 2672 2707 Κρίσπον
2708 2636 2806 2689 καὶ
2852 2634 3055 2692 Γάϊον.
3100 2631 3266 2704 Οἶμαι
3303 2632 3360 2685 δὲ
3399 2631 3586 2685 τοῦτον
3620 2631 3714 2683 καὶ
3742 2631 3859 2683 Σω-

2191 2725 2383 2794 σθένην
2411 2724 2683 2793 λέγεσθαι,
2720 2722 2779 2786 ὃς
2801 2722 3055 2775 τοσοῦτον
3092 2721 3229 2792 ἀνὴρ
3260 2718 3448 2781 πιστὸς
3476 2714 3563 2790 ἦν,
3595 2717 3735 2769 ὥστε
3758 2718 3858 2770 καὶ

2187 2813 2484 2867 τύπτεσθαι
2513 2812 2605 2865 καὶ
2632 2813 2884 2881 παρεῖναι
2913 2812 3004 2863 ἀεὶ
3031 2809 3108 2879 τῷ
3136 2808 3351 2878 Παύλῳ.
3384 2804 3533 2864 Εἷπε
3564 2806 3649 2869 δὲ,
3690 2806 3852 2875 φησὶ,

2187 2904 2221 2954 ό
2248 2902 2458 2968 Κύριος
2483 2898 2555 2951 δι’
2585 2898 2877 2967 ὁράματος
2904 2896 2983 2962 τῷ
3008 2896 3223 2962 Παύλῳ
3240 2896 3267 2935 δ
3291 2913 3304 2926 '
3329 2896 3427 2961 Μὴ
3451 2894 3658 2963 φοϐοῦ,
3690 2894 3855 2946 ἀλλὰ

2185 2986 2379 3043 λάλει.
2422 2986 2519 3040 Διά
2556 2986 2712 3038 τοῦτο
2755 2986 2921 3038 πολὺν
2951 2985 3142 3056 χρόνον
3171 2984 3322 3055 μένει
3362 2984 3509 3036 ἐκεῖ·
3539 2981 3720 3034 ἔπειθε
3753 2981 3854 3050 μὲν

2186 3077 2294 3148 γὰρ
2319 3076 2480 3130 αὑτὸν
2511 3076 2603 3129 καὶ
2648 3075 2708 3128 τὸ
2734 3074 2956 3144 πλῆθος,
2991 3076 3024 3144 ἡ
3074 3074 3129 3127 δὲ
3168 3072 3439 3134 οἰκείωσις
3488 3070 3581 3123 τοῦ
3613 3069 3851 3139 Χριστοῦ

2186 3165 2392 3220 πλέον..
2429 3163 2646 3228 Μείζων
2667 3164 2774 3234 γὰρ
2801 3166 2829 3216 ὁ
2863 3161 3104 3225 κίνδυνος
3145 3161 3359 3229 ἐγένετο
3401 3157 3584 3212 λοιπὸν
3616 3159 3711 3210 καὶ
3741 3157 3853 3209 τῶν

2186 3254 2448 3307 πλειόνων
2502 3253 2867 3306 πιστευόντων
2925 3251 3021 3304 καὶ
3071 3249 3164 3303 τοῦ
3218 3245 3690 3319 ἀρχισυναγώγου.
3750 3247 3850 3313 Μὴ

2184 3344 2392 3413 φοϐοῦ,
2451 3342 2602 3413 φησί.
2667 3340 2837 3395 Τοῦτο
2880 3339 3061 3394 ἰκανὸν
3109 3339 3270 3391 αὑτὸν
3319 3335 3703 3405 διαναστῆσαι,
3766 3337 3853 3389 ὅτι

2183 3432 2417 3502 ⁴ὴλέγχθτι
2447 3430 2829 3501 φοϐούμενοςῆ
2867 3429 2966 3481 οὐκ
2991 3425 3229 3497 ἠλέγχθη
3256 3426 3375 3495 μὲν,
3402 3423 3516 3478 ἀλλ’
3540 3423 3681 3477 ὥστε
3714 3424 3855 3493 μηδὲ

2182 3519 2338 3573 τοῦτο
2364 3519 2587 3580 παθεῖν,
2617 3515 3115 3589 παραθαρῤύνεται.
3146 3516 3221 3567 υύ
3240 3514 3347 3584 γὰρ
3380 3513 3467 3567 ἀεὶ
3514 3513 3712 3574 αὐτοὺς
3744 3513 3854 3564 πά-

2187 3623 2337 3675 σχειν
2368 3606 2451 3658 εἴα
2469 3604 2673 3667 κακῶς,
2704 3604 2842 3657 ὥστε
2862 3602 2935 3674 μὴ
2955 3600 3368 3670 ἀσθενεστέρους
3388 3599 3657 3667 γενέσθαι.
3682 3598 3855 3651 Οὐδὲν

2184 3693 2470 3763 γάροῦτως
2489 3691 2772 3745 ὲλύπειτὸν
2794 3690 3025 3750 Παῦλον,
3051 3689 3184 3751 ώςοὶ
3202 3686 3569 3750 ἀπειθοῦντες.
3584 3686 3659 3749 ὼς
3686 3688 3735 3737 οἰ
3756 3688 3855 3739 άν-

2182 3781 2575 3850 τιτασσόμενοι.
2621 3778 2789 3832 Τοῦτο
2805 3779 2897 3832 καὶ
2911 3776 3020 3831 τῶν
3036 3776 3292 3829 κινδύνων
3307 3774 3454 3843 αὐτῷ
3474 3774 3854 3844 χαλεπώτερον

2181 3864 2268 3940 ἦν.
2285 3869 2391 3923 Kal
2411 3868 2494 3935 μὴ
2516 3867 2850 3935 σιωπήσῃς,
2874 3865 3026 3936 φησὶ,
3042 3864 3187 3917 διότι
3211 3862 3361 3928 λαὸς
3381 3861 3574 3925 πολὺς
3598 3861 3727 3913 ἔστι
3742 3880 3851 3929 μοι

2181 3956 2252 4010 ἐν
2276 3955 2352 4024 τῇ
2376 3956 2549 4009 πόλει
2571 3957 2776 4021 ταύτῃ.
2804 3953 2956 4022 Τάχα
2984 3952 3071 4005 διὰ
3096 3950 3253 4003 τοῦτο
3278 3949 3428 4020 αὑτῷ
3465 3946 3553 4001 καὶ
3591 3946 3848 4015 φαίνεται

2181 4046 2210 4098 ὁ
2233 4044 2481 4114 Χριστός.
2507 4040 2856 4105 Γαλλίωνος
2874 4038 2962 4101 δὲ,
2986 4038 3170 4107 φησὶν,
3194 4035 3706 4097 ἁνθυπατεύοντος
3726 4031 3843 4099 τῆς

2197 4132 2443 4201 Ἀχαΐας,
2474 4127 2931 4195 κατεπέστησαν
2962 4124 3339 4196 ὁμοθυμαδὸν
3367 4126 3422 4177 οἱ
3465 4121 3730 4178 Ἰουδαῖοι
3759 4120 3843 4185 τῷ

2182 4222 2418 4286 Παύλῳ.
2449 4219 2624 4288 Ὅρα,
2663 4218 2799 4286 μετά
2853 4214 2945 4268 τὸν
2989 4212 3231 4267 ἐνιαυτὸν
3270 4212 3516 4273 καὶτοὺς
3563 4210 3619 4275 ἒξ
3669 4209 3843 4279 μῆνας

2184 4308 2535 4367 ἐπιτίθενται,
2577 4306 2665 4358 ὅτε
2697 4305 2795 4357 οὐκ
2835 4302 2915 4356 ἔτι
2959 4303 3142 4373 ἴσχυον
3182 4301 3368 4371 νόμοις
3396 4299 3629 4369 χρῆσθαι
3672 4298 3845 4360 ἰδίοις.

2182 4394 2351 4448 Τοῦτο
2388 4393 2621 4464 μάλιστα
2658 4393 2827 4461 ἐπῆρε
2864 4387 3224 4464 Κορινθίους,
3245 4385 3306 4437 τὸ
3358 4384 3589 4454 μάλιστα
3620 4383 3851 4444 πεισθῆ-

2181 4503 2289 4547 ναι,
2312 4456 2400 4536 ὅτι
2416 4481 2535 4535 οὐδὲ
2569 4456 2820 4550 καθίησιν
2850 4456 3041 4533 ἑαυτὸν
3079 4481 3106 4533 ὁ
3126 4456 3328 4548 ἅρχων.
3354 4476 3429 4527 Οὐ
3463 4475 3570 4545 γὰρ
3594 4470 3661 4545 ἦν
3692 4473 3847 4546 [298]

2184 4574 2295 4625 ἴσον
2344 4572 2403 4636 ἐξ
2451 4569 2757 4637 ἀντιλογίας
2801 4568 3050 4638 νικῆσαι,
3091 4568 3188 4620 καὶ
3216 4564 3407 4636 μαθεῖν
3456 4565 3716 4628 ἐκείνους,
3762 4565 3848 4618 ὅτι

2180 4662 2329 4715 οὐδὲν
2366 4660 2514 4730 μέλει
2545 4657 2693 4728 αύτῷ
2715 4657 2785 4711 τά
2806 4658 2901 4710 τοῦ
2933 4657 3275 4728 πράγματος.
3322 4652 3432 4706 Καὶ
3463 4653 3653 4706 σκόπει
3697 4655 3847 4705 ἐκεί-

2179 4767 2268 4811 νος
2304 4748 2419 4811 πῶς
2444 4743 2512 4819 ἦν
2538 4749 2775 4809 συνετός.
2801 4747 2875 4798 Οὐ
2907 4744 3015 4816 γὰρ
3050 4740 3201 4796 εἶπεν
3242 4742 3444 4806 εὐθέως
3481 4742 3848 4811 ἀποκρινόμε-

2179 4854 2290 4900 νος·
2322 4837 2397 4891 ού
2432 4835 2581 4907 μέλει
2615 4852 2705 4905 μοι
2733 4853 2746 4865 ·
2794 4834 2932 4887 ἀλλά
2959 4834 3043 4900 τίς
3074 4836 3140 4887 El
3166 4832 3284 4902 μὲν
3310 4826 3389 4903 ἦν
3430 4848 3484 4884 τι
3515 4829 3777 4898 ἀδίκημα
3804 4831 3845 4895 ἢ

2172 4925 2584 4994 ῥᾳδιούργημα
2614 4922 2901 4991 πονηρὸν,
2943 4919 2989 4974 ῶ
3034 4920 3320 4985 Ἰουδαῖοι,
3352 4918 3501 4972 κατὰ
3539 4918 3725 4988 λόγον
3766 4916 3847 4970 ἂν

2178 5012 2532 5084 ’ἠνεσχόμην
2554 5012 2748 5083 ὑμῶν·
2773 5013 2824 5064 εἱ
2855 5010 2923 5063 δὲ
2949 5009 3173 5078 ζήτημά
3212 5009 3344 5063 ἐστι
3369 5007 3501 5076 περί
3532 5009 3721 5075 λόγου
3745 5005 3845 5058 καὶ

2180 5105 2502 5174 ὀνομάτων,
2539 5103 2636 5156 καὶ
2664 5100 2851 5170 νόμου
2883 5098 2991 5153 τοῦ
3016 5100 3142 5152 καθ’
3172 5096 3347 5167 ὑμᾶς,
3376 5097 3601 5163 ὄψεσθε
3629 5095 3803 5147 αὐτοί
3827 5113 3843 5124 -

2179 5194 2383 5262 κριτὴς
2414 5194 2522 5262 γὰρ
2542 5190 2654 5260 ἐγὼ
2682 5190 2907 5243 τούτων
2939 5190 3010 5242 οὐ
3035 5189 3332 5256 βούλομαι
3376 5182 3549 5238 εἶναι.
3586 5184 3833 5238 Ἀπετεί-

2178 5298 2352 5351 χισεν
2372 5279 2573 5346 αὐτοῖς
2600 5279 2667 5333 τὸ
2685 5276 3092 5344 δικαστήριον.
3117 5274 3356 5345 Λαμπρά
3386 5273 3609 5341 γέγονεν
3632 5276 3664 5344 ἡ
3691 5272 3841 5342 νίκη.

2192 5369 2643 5436 Ἐπιλαϐόμενοι
2687 5365 2755 5419 δὲ
2797 5363 3122 5428 Σωσθένην
3160 5363 3267 5415 τὸν
3306 5360 3842 5429 ἀρχισυνάγωγον,

2176 5459 2433 5511 ἔτυπτον
2465 5456 2805 5523 ἔμπροσθεν
2838 5452 2943 5506 τοῦ
2971 5449 3267 5519 βήματος,
3294 5450 3391 5502 καί
3414 5448 3596 5502 οὐδὲν
3615 5449 3847 5500 τούτων

2177 5544 2257 5609 τῷ
2287 5542 2588 5596 Γαλλίωνι
2615 5542 2848 5609 ἔμελεν.
2882 5540 2946 5591 Ὢ
2985 5538 3084 5609 τῆς
3125 5535 3383 5606 αἰσχύνης
3408 5576 3423 5595 ,
3469 5535 3535 5605 ἢν
3568 5532 3845 5604 ᾐσχύνθη-

2178 5649 2296 5687 σαν.
2332 5630 2441 5686 Kal
2480 5628 2660 5684 οὐδὲν
2706 5629 2952 5691 τούτων,
2987 5625 3156 5696 (mal;
3178 5622 3258 5689 τῷ
3288 5622 3588 5677 Γαλλίωνι
3624 5620 3841 5691 ἔμελε·

2238 5775 2268 5815 δ
2303 5775 2581 5839 Ἀφίσταται
2603 5774 2747 5839 ἀειρεῃί
2771 5775 2821 5821 in
2842 5771 3150 5839 quibusd_am.
3194 5771 3231 5839 _"
3249 5766 3429 5824 Verba,
3453 5766 3618 5839 εἶπε...
3638 5765 3843 5839 ιιίαύλῳ,

2174 5854 2286 5902 quae
2318 5827 2520 5902 prbpter
2542 5827 2900 5902 ὁμοιοτρεντόν
2922 5833 3305 5891 exciderant,ex
3326 5841 3422 5877 uno
3444 5827 3548 5877 cod.
3572 5833 3627 5875 et
3651 5829 3844 5888 iuterp.

2177 5899 2283 5954 Lat.
2308 5899 2536 5962 Suppleta
2556 5906 2686 5950 sunt.
2710 5899 2844 5949 Ευιτ.
3187 5922 3196 5934 ο
