3978 6472
131 308 228 362 277

128 426 556 497 archisynagogtts
570 422 778 477 credidit
808 420 1020 473 Domino
1047 436 1161 472 cum
1188 428 1291 472 tota
1320 417 1469 471 domo
1494 433 1621 481 sua;
1655 427 1701 470 et

126 518 266 570 midti
308 515 560 569 Corinthii
593 514 849 567 audientes
873 552 888 576 ,
918 511 1183 563 credebant
1212 518 1257 562 et
1298 509 1701 577 baptizabantur.

130 607 255 663 Vide
284 607 557 676 quomodo
588 608 799 667 iterum.
823 620 943 658 cum
971 603 1211 666 dixisset,
1236 603 1310 654 Ab
1335 601 1429 654 hoc
1459 611 1700 671 tempore,

127 716 226 755 non
256 700 379 754 illos
408 710 584 753 tamen
612 696 825 767 negligit
853 712 866 748 :
900 695 1077 764 itaque
1104 692 1205 748 hoc
1230 693 1466 755 dixerat,
1496 701 1554 745 ut
1584 691 1703 745 illos

125 793 399 847 excitaret.
429 789 497 844 Et
537 797 717 859 postea
745 788 893 842 venit
937 785 1005 841 ad
1045 784 1253 840 Justum
1279 824 1294 848 ,
1335 782 1488 852 cujus
1514 782 1704 837 domus

125 892 234 936 erat
262 882 551 950 conjuncta
580 893 882 951 synagoga.
918 877 1137 932 Vicinus
1162 884 1296 941 erat,
1328 884 1385 929 ut
1414 891 1482 929 ex
1510 874 1703 928 vicinia

124 978 291 1032 zelum
341 976 604 1031 baberent
628 1016 643 1039 ,
671 978 717 1028 si
746 974 964 1029 vellent.
1003 970 1213 1041 Crispus
1257 980 1425 1023 autem
1447 1010 1461 1031 ,
1494 968 1697 1039 inquit,

123 1070 553 1139 arcitisgnagogus
582 1067 796 1121 credidit
822 1064 1039 1118 Domino
1065 1080 1174 1116 cum
1202 1072 1304 1116 tota
1329 1063 1476 1115 domo
1499 1077 1609 1115 sua.
1635 1059 1703 1115 Et

124 1162 218 1215 hoc
266 1163 455 1230 utique
497 1160 626 1213 satis
666 1168 783 1212 erat
825 1156 890 1210 ad
936 1157 1054 1209 illos
1090 1152 1450 1209 adducendas.
1479 1153 1529 1208 9.
1561 1151 1703 1205 Dixit

120 1263 285 1307 atatem
318 1252 572 1306 Dominus
609 1266 695 1320 per
724 1250 960 1303 visionem
994 1248 1046 1300 in
1075 1256 1217 1300 nocte
1243 1243 1410 1299 Paulo
1435 1259 1452 1298 :
1481 1241 1606 1297 Noli
1633 1243 1701 1296 ti-

122 1364 269 1407 mere.
294 1347 388 1400 sed
412 1346 614 1413 loquere
639 1354 685 1397 et
714 1360 775 1396 ne
799 1353 981 1405 taceas,
1015 1341 1098 1395 10.
1128 1340 1247 1409 quia
1269 1355 1358 1409 ego
1380 1347 1541 1392 tecum
1567 1353 1699 1401 sum,

119 1449 163 1493 et
186 1453 338 1490 nemo
366 1438 589 1505 insurget
626 1435 678 1488 in
718 1444 765 1488 te
794 1442 845 1487 ut
873 1442 1047 1486 noceat
1086 1420 1219 1495 tibi,
1241 1431 1359 1498 quia
1388 1430 1606 1499 populus
1630 1436 1704 1481 est

121 1531 239 1584 mihi
282 1531 478 1582 multus
505 1530 558 1581 in
600 1529 694 1581 hac
733 1527 949 1581 civitate.
979 1524 1113 1579 Vide
1146 1532 1276 1593 quot
1304 1521 1598 1577 rationibus
1627 1519 1702 1575 illi

118 1623 307 1679 suadet
329 1664 345 1687 ,
376 1630 433 1677 et
459 1620 726 1691 quomodo
750 1661 765 1684 ,
797 1617 939 1689 quod
982 1618 1128 1672 illum
1170 1616 1397 1671 maxime
1425 1614 1701 1684 erigebat,

120 1717 215 1771 hoc
238 1716 434 1770 ultimo
459 1714 589 1769 dicit
616 1731 628 1766 :
661 1712 794 1780 Quia
824 1710 1041 1780 populus
1068 1718 1139 1763 est
1164 1707 1287 1761 mihi
1314 1704 1502 1759 multus
1528 1705 1583 1758 in
1609 1704 1703 1757 hac

118 1809 336 1862 civitate.
370 1805 649 1873 Quomodo
668 1818 795 1875 ergo
825 1804 1230 1858 insurrexerunt
1259 1800 1312 1853 in
1335 1813 1476 1864 eum,
1509 1796 1705 1853 dixerit

117 1900 422 1972 quispiam?
449 1900 519 1953 At
544 1913 649 1952 non
677 1896 1086 1967 prxvaluerunt,
1116 1891 1211 1948 sed
1235 1891 1302 1946 ad
1326 1890 1701 1962 proconsulem

118 2003 323 2050 tantum
351 1991 641 2048 duxerunt.
671 1992 757 2046 11.
789 1989 936 2046 Sedit
963 1997 1130 2042 autem
1165 1986 1234 2040 ibi
1259 2002 1449 2039 annum
1472 2000 1632 2038 unum
1655 1991 1704 2037 et

114 2103 193 2140 set:
220 2102 425 2140 menses
443 2127 459 2152 ,
487 2085 667 2141 docens
695 2083 834 2153 apud
861 2098 944 2136 eos
972 2078 1177 2135 verbum
1206 2078 1323 2132 Dei.
1352 2076 1439 2131 12.
1471 2075 1704 2131 Gallione

116 2189 283 2233 autem
328 2175 632 2248 proconsule
673 2174 880 2229 Achaiae
901 2214 918 2238 ,
965 2173 1348 2226 insurrexerunt
1390 2185 1493 2222 uno
1534 2169 1703 2222 animo

115 2268 289 2324 Iudici
317 2270 377 2322 in
413 2267 653 2331 Paulum;
682 2275 729 2320 et
753 2265 1071 2319 adduxerunt
1096 2279 1211 2318 eum
1236 2262 1304 2315 ad
1331 2260 1585 2326 tribunal,
1612 2261 1699 2315 1⁸5.

115 2364 336 2416 dicentes
367 2376 389 2415 :
415 2336 547 2428 Quill
588 2369 765 2414 contra
806 2359 964 2428 legem
1001 2356 1082 2409 hic
1118 2355 1386 2425 persuadet
1420 2351 1703 2409 hominibus

115 2456 275 2508 colere
303 2453 497 2507 Deum.
525 2450 706 2506 Viden‘
726 2464 828 2520 qua
853 2449 923 2504 de
952 2462 1111 2502 causa
1134 2447 1209 2501 illi
1235 2461 1449 2513 semper
1470 2444 1704 2513 publicas

116 2548 487 2603 accusationes
520 2544 807 2599 texebant?
841 2541 973 2597 Vide
1003 2541 1112 2610 jam
1133 2579 1149 2605 ,
1184 2536 1453 2609 quomodo
1481 2536 1703 2591 dicenti-

117 2642 207 2693 bus
238 2640 347 2693 illis
373 2679 393 2705 ,
427 2638 599 2708 ipsum
624 2643 810 2690 contra
840 2633 1012 2704 legem
1042 2630 1365 2703 persuadere
1396 2628 1702 2683 hominibus

119 2736 285 2789 colere
318 2734 490 2786 Deum
514 2773 528 2793 ,
556 2729 687 2784 nihil
717 2729 907 2783 horum
935 2740 1124 2781 curare
1153 2723 1523 2794 proconsulem
1552 2763 1567 2785 ,
1595 2721 1702 2775 imo

121 2829 285 2896 potius
312 2825 545 2881 Paulum
572 2823 881 2879 defendere.
918 2821 984 2875 Et
1012 2819 1158 2885 audi,
1184 2817 1452 2889 quomodo
1483 2831 1703 2885 respon-

124 2922 273 2971 deat:
311 2917 380 2972 Si
410 2917 613 2985 quidem
654 2923 777 2969 esset
814 2913 883 2966 ad
921 2912 1167 2966 ciuitatem
1207 2918 1440 2979 spectans
1478 2908 1703 2975 iniquum

128 3010 301 3078 aliquid
328 3017 423 3061 aut
453 3008 652 3077 facinus
682 3005 969 3075 pessimum,
998 3020 1029 3056 o
1053 3001 1252 3067 Judwi,
1282 3012 1415 3054 recte
1441 3017 1526 3054 vos
1551 3000 1705 3054 susti-

137 3117 306 3154 nereia.
344 3098 644 3169 Equitatis
672 3112 856 3151 amans
897 3095 1025 3151 mihi
1057 3097 1136 3149 vir
1161 3096 1248 3150 ille
1274 3094 1512 3159 videtur,
1544 3093 1704 3163 idque

144 3192 461 3245 manifestum
494 3200 579 3245 est
608 3205 672 3244 ex
703 3190 788 3256 iis,
815 3205 935 3258 qua:
964 3188 1253 3258 prudenter
1278 3185 1584 3255 respondet.
1611 3185 1699 3238 14.

144 3286 252 3337 Cum
290 3284 492 3338 Paulus
518 3326 533 3347 ,
563 3283 771 3353 inquit,
799 3299 855 3337 os
893 3299 1039 3336 suum
1081 3290 1349 3350 aperturas
1384 3288 1548 3343 esset,
1577 3278 1705 3332 dixit

135 3376 284 3431 (iallio
323 3377 534 3430 luditis
557 3375 661 3431 :Si
699 3375 897 3445 quidem
937 3384 1062 3429 esset
1100 3375 1341 3444 iniustum
1383 3371 1575 3442 aliquid
1616 3380 1704 3424 aut

125 3470 309 3538 facinus
338 3470 621 3538 pessimum
643 3508 659 3533 ,
687 3483 717 3521 ο
741 3465 912 3520 Judaei
933 3507 949 3534 ,
976 3474 1105 3519 recte
1134 3480 1218 3517 vos
1247 3466 1540 3518 sustinerem
1569 3480 1587 3517 :
1614 3463 1702 3518 l5.

120 3564 161 3615 si
188 3579 299 3616 tero
327 3562 549 3628 queeslio
578 3568 650 3614 est
678 3560 741 3614 de
766 3560 912 3614 verbo
940 3568 988 3613 et
1015 3557 1297 3613 nominibus
1325 3567 1371 3611 et
1399 3558 1463 3611 de
1488 3558 1593 3628 lege
1620 3573 1703 3610 ve-

118 3664 236 3715 stra,
265 3668 357 3707 vos
386 3654 489 3721 ipsi
518 3651 738 3704 videritis
763 3666 781 3704 :
797 3650 963 3720 judex
991 3666 1080 3720 ego
1107 3650 1287 3703 horum
1316 3648 1433 3702 nolo
1459 3665 1584 3704 esse.
1613 3648 1702 3704 16.

116 3741 183 3796 Et
215 3746 392 3817 abegit
439 3760 527 3799 eos
564 3760 596 3797 α
638 3742 896 3797 tribunali.
938 3743 1025 3797 17.
1063 3741 1504 3811 Apprehendentes
1540 3751 1707 3796 autem

114 3856 283 3894 omnes
313 3840 491 3894 (ἔνωεὶ
522 3837 817 3893 Sosthenem
838 3836 1116 3907 principem
1142 3820 1434 3906 synagoga,
1462 3836 1708 3905 percutie-

114 3933 230 3986 bant
262 3950 392 3986 eum
424 3940 540 3984 ante
566 3930 829 3984 tribunal:
851 3939 897 3983 et
933 3928 1062 3983 nihil
1098 3944 1269 3983 eorum
1315 3927 1537 3983 Gallioni
1575 3944 1709 3983 cura:

110 4037 239 4081 erat.
265 4026 417 4081 Hinc
444 4039 656 4079 rursum
678 4023 777 4078 viri
797 4022 1020 4093 aequitas
1043 4031 1387 4077 monstratur.
1413 4022 1543 4077 Cum
1565 4024 1706 4078 enim

112 4120 203 4174 ille
219 4121 629 4183 verberaretur,
649 4131 754 4171 non
779 4116 985 4185 putavit
1008 4114 1058 4169 id
1085 4115 1183 4186 ipsi
1204 4115 1542 4171 contumeliae
1558 4130 1704 4170 esse:

110 4216 253 4269 adeo
281 4211 592 4284 petulantes
624 4208 792 4264 Judaei
824 4218 997 4263 erant.

180 4305 238 4358 2.
280 4303 396 4359 Sed
436 4302 710 4372 superiora
752 4311 1074 4370 repetamus.
1114 4300 1387 4355 Audientes
1409 4310 1575 4354 autem
1622 4318 1708 4354 re.

105 4398 489 4452 surrectionem
536 4402 884 4455 mortuorum,
933 4391 1023 4445 alii
1045 4392 1249 4463 quidem
1272 4392 1587 4459 irridebant,
1619 4393 1710 4446 alii

108 4507 224 4543 vero
253 4490 511 4542 dixerunt
552 4501 571 4538 :
610 4485 883 4538 Audiemus
930 4492 977 4536 te
1013 4485 1210 4537 iterant.
1241 4484 1449 4551 Quanta
1477 4492 1531 4538 et
1550 4500 1708 4552 quam

107 4585 371 4639 sublimia
404 4580 707 4646 audientes,
740 4595 807 4634 ne
834 4578 1178 4633 attendebant
1201 4578 1434 4649 quidem,
1454 4578 1547 4633 sed
1572 4579 1710 4633 ride-

109 4677 262 4729 bant.
285 4671 771 4730 Resurrecﬁonem
802 4670 1097 4725 irridebant
1123 4688 1136 4725 :
1158 4686 1277 4723 nam
1300 4671 1546 4725 Animalia
1561 4672 1710 4725 homo

104 4785 205 4822 non
238 4765 474 4837 percipit
502 4779 582 4827 ea,
612 4779 725 4831 qua:
751 4771 867 4817 sunt
887 4761 1112 4831 Spiritus
1141 4762 1160 4832 (
1188 4766 1240 4816 1.
1268 4761 1386 4817 Cor.
1417 4762 1611 4834 2.14).
1643 4762 1710 4818 Et

102 4861 194 4921 sic,
230 4856 448 4927 inquit,
469 4854 590 4908 exiit
618 4853 814 4907 Paulus
834 4853 898 4907 de
916 4853 1080 4907 medio
1100 4869 1290 4907 eorum.
1324 4854 1413 4908 Sic
1445 4869 1462 4907 :
1490 4870 1713 4924 quomo-

100 4952 171 5003 do
194 4949 220 5003 ?
251 4948 407 5003 Cum
435 4945 553 4999 aliis
580 4946 952 5013 persuasisset,
985 4945 1050 4999 ab
1075 4946 1193 5000 aliis
1215 4961 1343 5000 vero
1366 4946 1552 5002 irrisus
1582 4946 1712 5001 fuis-

99 5056 204 5099 set.
244 5041 525 5098 Secedens
552 5049 720 5093 autem
744 5039 954 5093 Athenis
974 5081 989 5105 ,
1020 5040 1211 5109 inquit,
1240 5041 1371 5094 venit
1392 5040 1708 5095 Corinthum.

102 5138 167 5192 Et
188 5138 421 5190 invento
444 5133 665 5203 quodam
692 5131 897 5198 Judteo,
926 5132 1007 5185 cui
1026 5148 1204 5186 nomen
1228 5132 1429 5202 Aquila,
1459 5135 1544 5204 qui
1571 5134 1715 5188 Pon-

103 5230 234 5283 ticus
267 5236 394 5280 erat
418 5241 597 5295 genere
616 5235 662 5278 et
685 5240 846 5291 nuper
869 5234 1065 5277 venerat
1086 5241 1148 5278 ex
1168 5222 1341 5289 Italia,
1364 5227 1547 5279 mansit
1573 5228 1711 5295 apud

100 5320 219 5371 illos
246 5328 303 5372 et
335 5316 673 5385 operabatur.
708 5314 857 5378 Vide,
890 5316 1158 5383 quomodo
1180 5315 1262 5369 lex
1285 5315 1393 5384 jam
1418 5315 1553 5370 solvi
1583 5317 1715 5371 inci-

103 5417 237 5482 piat.
276 5410 397 5466 Hic
426 5409 567 5464 enim
596 5422 656 5462 se
684 5416 894 5477 postea,
917 5406 1133 5462 Judaeus
1155 5422 1275 5463 cum
1296 5418 1460 5475 esset,
1486 5410 1716 5465 totondit

102 5508 156 5561 in
183 5502 513 5563 Cenchreis
532 5545 548 5568 ,
574 5510 630 5556 et
659 5502 711 5554 in
736 5499 941 5571 Syriam
973 5500 1323 5569 proficiscitur
1361 5516 1479 5556 cum
1527 5501 1711 5557 Paulo.

104 5600 395 5655 Ponticus
418 5611 543 5651 cum
573 5604 739 5661 esset,
773 5608 869 5647 nec
890 5592 1280 5664 Jerosolymam
1309 5609 1480 5664 neque
1503 5596 1554 5649 in
1581 5596 1715 5649 vici-

104 5705 173 5745 na
214 5690 351 5746 loca
397 5686 586 5742 venire
636 5683 962 5751 festinabat,
1003 5684 1097 5739 sed
1140 5684 1322 5754 procul
1366 5694 1500 5742 erat.
1556 5686 1713 5755 Apud

99 5781 268 5841 illum
305 5793 455 5851 ergo
501 5785 685 5836 manet
747 5791 845 5834 nec
875 5790 1092 5834 manere
1117 5776 1382 5834 erubescit
1408 5794 1424 5847 ;
1451 5778 1559 5836 imo
1587 5778 1709 5837 ideo

1060 304 1126 360 ΙΝ
1165 303 1342 360 ACTA
1374 302 1888 361 APOSTOLORUM.
1929 306 2156 364 llOMlL.
2196 309 2433 367 XXXiX.

3282 326 3385 382 278

1811 430 2011 485 manet,
2044 424 2192 492 quasi
2226 424 2476 480 idoneum
2508 438 2694 485 nactus
2721 428 3095 501 diversorium,
3128 446 3182 491 et
3200 440 3386 503 quavis

1809 511 1954 580 regia
1969 512 2067 566 sibi
2089 517 2443 572 commodius.
2464 518 2575 575 Nec
2594 522 2772 577 rideas
2790 524 2902 579 haec
2914 527 3155 594 audiens,
3170 528 3383 585 dilecte.

1810 601 1881 657 Ut
1924 605 2066 658 enim
2114 607 2359 675 palaestra
2403 611 2615 667 athleta:
2670 616 2839 684 magis
2888 620 3163 688 competit,
3222 636 3380 689 quam

1810 702 1973 750 strata
2018 700 2239 758 mollia;
2280 701 2359 755 sic
2405 702 2650 759 bellatori
2698 707 2902 775 gladius
2933 709 3169 776 ferreus,
3215 712 3386 781 magis

1810 801 1969 856 quam
1998 803 2214 845 aureus.
2242 791 2310 845 Et
2330 798 2629 862 aperabatur
2650 798 2965 866 praedicans.
2992 800 3386 858 Erubescamus

1809 893 1947 947 nos,
2000 882 2092 950 qui
2149 883 2308 938 etiam
2353 887 2470 941 sine
2518 890 2894 958 praedicatione
2919 893 3143 949 vivimus
3189 896 3382 952 otiose.

1809 970 2113 1043 Disputabat
2139 986 2328 1043 autem,
2364 977 2555 1049 inquit,
2578 983 2629 1035 in
2652 1000 2909 1056 synagoga
2929 1004 3018 1057 per
3038 1004 3185 1043 omne
3202 989 3383 1044 sabba-

1810 1072 1946 1131 tum,
1988 1067 2327 1139 suadebatque
2367 1070 2564 1126 Judwis
2600 1084 2646 1127 et
2672 1074 2887 1131 Graecis.
2915 1078 3391 1135 Contradicentibus
3422 1140 3425 1149 ,

1808 1163 1974 1208 autem
2017 1156 2089 1210 eis
2127 1172 2174 1211 et
2216 1158 2709 1231 blasphemantibus,
2754 1166 3020 1223 discessit.
3068 1170 3180 1226 Hoc
3227 1172 3385 1227 modo

1813 1260 2038 1315 sperans
2059 1249 2178 1305 illos
2198 1252 2436 1320 allicere,
2459 1254 2725 1311 discessit.
2749 1256 2855 1312 Cur
2876 1261 2962 1315 illa
2991 1263 3173 1317 relicta
3198 1264 3377 1327 domo.
3427 1263 3432 1269 ’

1810 1351 1978 1407 prope
2013 1355 2334 1413 synagogam
2384 1345 2715 1402 habitaturus
2758 1352 2941 1404 venit?
2982 1368 3157 1408 annon
3190 1356 3278 1409 illa
3319 1357 3387 1411 de

1809 1432 2009 1484 causa?
2036 1449 2206 1503 neque
2235 1436 2375 1490 enim
2408 1438 2479 1492 ibi
2506 1440 2802 1508 periculum
2826 1443 3054 1498 videbat.
3086 1445 3387 1517 Testiﬁcans

1808 1519 1932 1576 illis.
1964 1521 2080 1577 Non
2099 1524 2207 1593 jam
2231 1525 2407 1594 docet,
2440 1530 2535 1584 sed
2563 1532 3385 1593 testificatur.Coutradicentibus

1810 1624 1978 1668 autem
1997 1615 2102 1668 illis
2122 1657 2136 1681 ,
2160 1617 2367 1688 inquit,
2400 1629 2444 1674 et
2471 1621 2949 1692 blasphemantibus,
2981 1630 3202 1682 excussis
3231 1630 3385 1683 vesti-

1809 1703 1899 1757 bus
1948 1706 2121 1761 dixit:
2169 1709 2393 1781 Sanguis
2431 1724 2588 1767 vester
2626 1731 2778 1785 super
2821 1727 2970 1787 caput
2999 1730 3232 1775 vestrum.
3275 1720 3389 1777 lloc

1808 1796 1953 1864 facit,
1987 1808 2044 1854 ut
2072 1814 2177 1855 non
2207 1804 2374 1858 verbo
2401 1813 2627 1873 tantum,
2657 1807 2752 1862 sed
2782 1810 2941 1864 etiam
2969 1827 3133 1880 Opere
3167 1823 3387 1868 terreat:

1808 1897 1864 1943 et
1902 1890 2274 1948 vehementius
2310 1894 2579 1966 diSputat,
2624 1907 2808 1969 utpote
2844 1902 2933 1971 qui
2965 1904 3143 1957 multis
3167 1920 3388 1975 persua-

1808 1981 1988 2039 sisset.
2030 1983 2258 2041 Mundus
2281 2026 2296 2053 ,
2343 1988 2552 2059 inquit,
2594 2007 2709 2045 sunt
2751 2009 2841 2064 ego
2870 2010 2888 2047 :
2917 1998 2980 2048 ab
3007 1977 3100 2048 hoc
3128 1997 3196 2049 ad
3220 2008 3389 2067 gentes

1807 2075 2008 2131 vadum.
2065 2078 2132 2133 Et
2176 2094 2273 2134 nos
2321 2081 2481 2153 igitur
2529 2085 2608 2140 rei
2634 2100 2817 2141 sumus
2858 2089 3130 2159 sanguinis
3176 2105 3386 2157 eorum,

1806 2168 1896 2237 qui
1923 2169 2079 2225 nobis
2100 2173 2391 2228 concrediti
2436 2185 2560 2230 sunt
2588 2217 2602 2241 ,
2636 2192 2755 2232 cum
2787 2180 3101 2250 negligimus
3132 2196 3244 2236 eos.
3276 2180 3389 2236 lta-

1806 2274 1911 2329 que
1963 2276 2083 2316 cum
2125 2262 2292 2331 dicit,
2341 2264 2416 2319 De
2455 2278 2635 2322 crrtero
2674 2286 2819 2323 nemo
2867 2270 2991 2324 mihi
3038 2273 3275 2327 molestus
3325 2275 3390 2328 sit

1808 2352 1829 2424 (
1856 2352 1973 2408 Cal.
2004 2355 2058 2409 6.
2091 2357 2197 2427 17)
2224 2400 2238 2421 ,
2283 2369 2340 2412 ut
2387 2367 2653 2415 exterreat
2683 2362 2955 2431 loquitur:
2988 2379 3095 2417 non
3125 2365 3265 2418 enim
3296 2380 3386 2435 pe-

1806 2445 1960 2501 rinde
1978 2447 2211 2502 terrebat
2232 2449 2352 2503 illos
2373 2452 2715 2521 supplicium,
2747 2463 2804 2507 ut
2836 2454 2965 2507 illud
2993 2454 3290 2511 mordebat.
3316 2454 3386 2508 Et

1806 2538 2031 2607 migrans
2066 2538 2185 2592 inde
2207 2579 2223 2603 ,
2254 2541 2384 2593 venit
2422 2542 2476 2594 in
2506 2542 2711 2596 donmm
2737 2543 2894 2597 Justi.
2920 2544 3170 2609 Transit,
3201 2544 3390 2600 volens

1808 2630 1914 2683 illis
1942 2629 2287 2699 persuadere,
2316 2633 2456 2701 quod
2488 2633 2554 2687 ad
2582 2644 2768 2704 gentes
2796 2635 3029 2690 festinet.
3058 2635 3266 2706 Crispus
3291 2654 3387 2691 au-

1810 2729 1907 2774 tem
1934 2720 2387 2792 archisynagogus,
2417 2724 2619 2794 inquit,
2651 2726 2865 2779 credidit
2891 2726 3110 2781 Domino
3137 2745 3249 2781 cum
3285 2740 3389 2783 tota

1807 2811 1958 2865 domo
2004 2829 2116 2865 sua.
2166 2812 2299 2868 Vide
2344 2823 2467 2870 tunc
2497 2816 2682 2872 ﬁdeles
2709 2834 2827 2871 cum
2859 2828 2962 2872 tota
2990 2819 3148 2873 domo
3178 2820 3279 2874 hoc
3308 2820 3388 2874 fc-

1807 2905 1967 2960 cisse.
2008 2906 2136 2962 Post
2177 2907 2291 2963 haec
2326 2919 2506 2964 autem
2547 2911 2638 2963 alii
2677 2926 2889 2981 quoque
2930 2913 3083 2966 multi
3108 2914 3390 2968 credentes

1807 2996 2057 3067 baptizati
2085 3008 2231 3053 sunt.
2264 3001 2414 3055 llunc
2446 3001 2690 3072 Crispum
2717 3003 2846 3058 dicit
2871 3004 3347 3075 archisynagogum
3369 3048 3385 3071 ,

1808 3087 1876 3144 de
1906 3105 2011 3159 quo
2038 3091 2113 3144 ait
2139 3109 2152 3145 :
2184 3090 2400 3145 Nullum
2426 3091 2584 3146 alium
2612 3095 2859 3164 baptizari
2884 3138 2900 3162 ,
2938 3097 3032 3150 nisi
3074 3096 3305 3167 Crispum
3344 3109 3390 3151 et

1811 3178 1995 3232 Gaium
2026 3182 2043 3250 (
2068 3182 2120 3235 1.
2151 3180 2271 3235 Cor.
2296 3186 2352 3237 1.
2386 3184 2452 3237 14
2479 3183 2525 3254 ).
2552 3184 2687 3239 Ρυιο
2713 3197 2889 3239 autem
2918 3187 3059 3240 hunc
3089 3196 3142 3241 et
3164 3186 3387 3242 Sosthe-

1810 3286 1930 3326 nem
1958 3272 2062 3326 dici
2087 3314 2103 3339 ,
2134 3274 2223 3342 qui
2247 3274 2330 3327 vir
2359 3274 2495 3329 adeo
2515 3275 2688 3330 fidelis
2710 3276 2826 3342 fuit,
2851 3286 2909 3330 ut
2927 3293 3212 3347 percussus
3232 3279 3390 3333 fuerit

1811 3374 1868 3419 et
1892 3378 2104 3435 semper
2132 3365 2295 3420 Paulo
2323 3366 2577 3424 adfuerit.
2604 3367 2745 3423 Dixit
2774 3380 2960 3435 autem,
2995 3371 3182 3441 inquit,
3210 3370 3391 3426 Domi-

1809 3473 1905 3510 nus
1934 3474 2022 3527 per
2047 3458 2287 3512 visionem
2313 3460 2366 3513 in
2392 3442 2535 3514 nocte
2566 3460 2772 3515 Paulo:
2798 3460 2924 3516 Noli
2950 3463 3123 3517 timere
3143 3503 3159 3527 ,
3189 3465 3278 3518 sed
3313 3466 3391 3518 lo-

1810 3568 1979 3622 quere.
2025 3551 2150 3607 Ideo
2189 3552 2360 3606 multo
2397 3553 2467 3608 ibi
2514 3562 2753 3622 tempore
2794 3565 3009 3610 manet:
3054 3555 3106 3609 id
3135 3556 3276 3611 enim
3313 3556 3388 3612 illi

1812 3648 1980 3701 suasit
2008 3646 2315 3713 multitudo,
2344 3646 2438 3701 sed
2480 3647 2813 3701 familiaritas
2836 3647 3034 3703 Christi
3060 3650 3247 3719 magis.
3281 3648 3391 3704 Ma-

1807 3740 1897 3811 jus
1929 3742 2074 3794 enim
2097 3749 2224 3794 tunc
2245 3747 2362 3793 erat
2389 3739 2679 3809 periculum
2703 3780 2718 3805 ,
2756 3741 2939 3794 multis
2967 3741 3308 3796 credentibus
3336 3754 3391 3798 et

1813 3835 1931 3904 ipso
1952 3833 2391 3905 archisynagogo.
2420 3832 2545 3887 Noli
2566 3834 2760 3900 timere,
2786 3834 2971 3903 inquit.
2995 3834 3107 3889 Hoc
3127 3836 3255 3890 satis
3275 3846 3393 3891 erat

1811 3926 1879 3982 ad
1913 3926 2060 3980 illum
2088 3924 2427 3981 excitandum
2460 3965 2475 3989 ,
2498 3926 2621 3995 quia
2652 3925 2840 3980 timere
2865 3925 3232 3995 deprehensus
3254 3926 3388 3994 fuit;

1814 4020 1915 4074 nisi
1964 4019 2102 4073 forte
2142 4035 2249 4072 non
2299 4019 2491 4073 timere
2538 4018 2607 4072 sit
2628 4016 2994 4086 deprehensus
3018 4059 3033 4085 ,
3060 4018 3154 4073 sed
3176 4019 3390 4074 confor-

1814 4122 1955 4167 tetur
1998 4120 2055 4164 ut
2090 4111 2219 4165 nihil
2271 4110 2377 4165 tale
2408 4111 2657 4181 patiatur.
2694 4109 2811 4164 Non
2851 4111 2993 4164 enim
3025 4126 3238 4182 semper
3268 4114 3390 4169 illos

1813 4206 1952 4261 male
1993 4206 2101 4275 pati
2145 4204 2390 4269 sinebat,
2435 4218 2502 4258 ne
2551 4204 2872 4258 infirmiores
2911 4204 3221 4259 evaderent.
3248 4205 3389 4259 Nihil

1812 4302 1954 4356 enim
1990 4300 2061 4353 ita
2108 4298 2327 4352 Paulum
2359 4312 2589 4353 maerore
2627 4297 2926 4362 afficiebat,
2973 4298 3306 4353 utincreduli
3337 4312 3392 4353 et

1813 4392 2283 4449 contradicentes:
2332 4390 2433 4444 hoc
2475 4390 2603 4459 ipsis
2644 4389 2898 4459 periculis
2928 4390 3205 4444 molestius
3251 4401 3389 4445 erat.

1814 4485 1884 4539 Et
1919 4501 1981 4538 ne
2018 4493 2212 4547 taceas,
2247 4482 2454 4552 inquit,
2498 4482 2615 4552 quia
2643 4482 2832 4535 utullus
2852 4482 2976 4535 mihi
3004 4484 3220 4552 p0pulus
3243 4493 3313 4536 est
3339 4485 3392 4537 in

1816 4576 1910 4629 hac
1935 4575 2151 4629 civitate.
2184 4572 2308 4627 Ideo
2348 4573 2574 4627 fortasse
2620 4572 2692 4625 illi
2720 4571 2964 4627 Christus
2990 4583 3228 4642 apparet.
3263 4573 3392 4627 Cal-

1817 4671 1948 4740 lione
1967 4679 2131 4722 autent
2153 4710 2168 4733 ,
2200 4668 2369 4736 inquit
2392 4708 2405 4730 ,
2436 4666 2734 4736 proconsule
2758 4665 2984 4732 Achaiae,
3012 4668 3392 4721 insurrexerunt

1816 4781 1919 4818 uno
1945 4763 2114 4817 animo
2137 4761 2311 4816 Judazi
2331 4762 2383 4815 in
2412 4760 2655 4814 Paulum.
2683 4760 2835 4827 Vide,
2860 4769 2980 4829 post
3001 4776 3197 4815 annum
3218 4772 3272 4816 et
3298 4777 3389 4815 sex

1816 4872 2031 4914 menses
2069 4857 2348 4925 insurgunt
2378 4855 2427 4908 in
2463 4869 2606 4919 eum,
2638 4853 2847 4922 quando
2874 4857 2980 4920 jam
3014 4869 3117 4906 non
3149 4862 3391 4922 poterant

1817 4950 1927 5005 suis
1954 4948 2028 5001 uti
2059 4947 2280 5016 legibus.
2326 4945 2436 4999 Hoc
2463 4945 2689 4997 maxime
2719 4940 3023 4996 Corinthios
3058 4942 3386 5007 extoliebat,

1817 5042 1958 5113 quod
1984 5040 2225 5112 persuasi
2250 5048 2432 5094 essent
2453 5038 2743 5107 principem
2766 5051 2870 5089 non
2894 5050 3013 5090 sese
3034 5035 3389 5090 demissurum

1818 5152 1957 5191 esse.
1987 5134 2101 5189 Non
2129 5135 2268 5188 enim
2296 5131 2434 5186 idem
2466 5141 2581 5185 erat
2609 5145 2675 5184 ex
2705 5129 3048 5184 contentione
3074 5129 3309 5193 vincere.
3339 5142 3394 5186 et

1818 5230 2027 5284 discere
2048 5228 2217 5296 ipsum
2251 5225 2364 5280 haec
2391 5226 2596 5294 negotia
2626 5223 2754 5277 nihil
2783 5238 2992 5278 curare.
3035 5224 3100 5279 Et
3124 5227 3392 5295 perpende

1819 5338 1975 5392 quam
2006 5320 2238 5391 prudens
2265 5319 2352 5373 ille
2384 5328 2548 5373 esset.
2576 5318 2691 5372 Non
2719 5318 2860 5372 enim
2888 5319 3066 5373 statim
3093 5322 3389 5391 respondit.

1820 5413 1958 5468 Nihil
1983 5428 2144 5477 curo;
2178 5410 2273 5467 sed
2299 5411 2462 5480 quid?
2489 5410 2552 5466 Si
2579 5410 2777 5481 quidem
2798 5422 2923 5465 esset
2944 5412 3170 5484 iniquum
3199 5416 3391 5484 aliquid

1820 5516 1907 5559 aut
1931 5506 2124 5575 facinus
2154 5504 2443 5572 pessimum,
2473 5519 2501 5556 ο
2525 5502 2715 5567 Judtei,
2737 5515 2866 5557 recte
2887 5520 2972 5556 vos
2997 5507 3286 5558 sustinerem
3308 5525 3324 5569 ;
3347 5510 3391 5559 si

1819 5614 1933 5653 uero
1953 5597 2159 5667 quaestio
2186 5604 2259 5649 est
2278 5596 2341 5648 de
2363 5596 2521 5650 verbis
2549 5606 2594 5649 et
2619 5595 2900 5650 nominibus
2924 5605 2971 5649 et
2992 5596 3053 5650 de
3078 5598 3183 5666 lege
3203 5606 3384 5660 vestra,

1819 5705 1905 5744 vos
1923 5689 2020 5759 ipsi
2047 5686 2266 5741 videritis
2289 5702 2307 5740 :
2326 5687 2490 5756 judex
2534 5703 2624 5760 ego
2648 5688 2826 5742 horum
2848 5687 2965 5741 nolo
2994 5703 3117 5741 esse.
3151 5686 3389 5742 Exclusit

1823 5797 1906 5840 eos
1932 5797 1964 5837 a
1994 5777 2251 5838 tribunali.
2296 5776 2589 5854 Splendida
2617 5778 2715 5838 fuit
2735 5778 2977 5837 victoria.
3008 5778 3389 5852 Appreltcnsum
