3978 6512
608 319 713 373 279

608 444 773 489 mitem
813 430 1106 485 Sosthenem
1145 426 1423 498 principem
1464 434 1736 493 synagoga:
1757 459 1772 480 ,
1827 424 2179 487 percusserunt

609 537 726 582 ante
767 522 1007 580 tribunal.
1050 519 1117 574 Et
1157 520 1285 574 nihil
1329 534 1501 572 eorum
1547 513 1769 569 Gallioni
1807 525 1941 565 cura:
1978 518 2107 562 erat:
2135 509 2180 562 0

612 619 1012 689 turpitudinem,
1038 631 1197 686 quatn
1227 610 1475 668 subiere!
1505 608 1569 663 Et
1589 607 1718 661 nihil
1736 621 1908 660 eorum
1927 645 1942 671 ,
1974 602 2179 671 inquit,

615 710 845 773 Gallioni
880 723 1014 763 cura:
1064 715 1171 760 erat
1208 720 1225 768 ;
1253 703 1353 758 etsi
1391 710 1556 755 totum
1584 699 1636 753 in
1664 698 1780 765 ejus
1809 693 2181 750 contumeliam

618 812 877 873 vergeret.
903 800 1007 855 Sed
1037 798 1113 853 illi
1137 795 1287 866 quasi
1319 802 1579 862 potestate
1607 796 1823 857 accepta
1856 784 2178 856 percutiunt,

620 896 820 965 pudore
842 892 1035 953 allecti,
1064 888 1318 958 illegitimi
1347 884 1545 940 furoris
1569 898 1703 952 opus
1724 881 1966 935 edentes.
2000 876 2069 930 Et
2089 890 2185 929 cur

622 987 708 1040 ille
728 999 833 1039 non
859 980 1092 1037 vicissim
1121 978 1406 1049 percussit,
1440 975 1541 1031 etsi
1570 980 1886 1042 potestatem
1920 968 2138 1022 haberet
2162 965 2186 1018 ἲ

622 1076 722 1132 Sed
744 1072 1104 1145 philosophari
1130 1068 1509 1125 edocebantur.
1535 1066 1641 1119 Nec
1669 1064 1902 1118 vicissim
1937 1058 2184 1129 percutit,

622 1178 679 1222 ut
698 1166 859 1235 judex
890 1164 1159 1220 edisceret
1181 1203 1196 1225 ,
1221 1160 1341 1232 quis
1367 1158 1694 1214 mansuetior
1720 1164 1881 1210 esset.
1915 1153 2027 1207 lloc
2054 1165 2191 1220 prae-

616 1259 857 1315 sentibus
903 1274 1009 1312 nun
1053 1271 1238 1327 parum
1288 1252 1529 1323 profuit:
1575 1251 1757 1305 docuit
1809 1248 1950 1302 enim
1997 1245 2188 1299 horum

623 1352 866 1421 mquitas.
892 1352 1210 1419 illorumque
1238 1348 1454 1409 ferocia,
1482 1346 1596 1399 lure
1618 1343 1812 1413 judicis
1834 1340 2038 1395 calculo
2058 1352 2193 1408 apns

616 1442 890 1499 habuisse.
924 1446 991 1496 At
1021 1441 1074 1494 hi
1096 1441 1272 1495 omnia
1292 1441 1425 1493 citra
1454 1438 1694 1491 ordinem
1729 1434 1946 1489 faciunt.
1974 1431 2081 1486 Nec
2108 1431 2194 1483 tli-

621 1537 699 1590 xit
724 1536 833 1600 ille,
864 1534 978 1589 Non
1010 1544 1221 1601 oportet
1241 1576 1255 1598 ,
1288 1548 1353 1587 ne
1383 1546 1596 1586 rursum
1627 1536 1967 1598 percuterent
2007 1524 2153 1581 illum
2176 1566 2192 1591 ,

618 1627 732 1690 sed,
766 1625 922 1679 Nolo.
950 1625 1119 1679 Judea:
1144 1626 1275 1678 enim
1303 1625 1483 1677 horum
1505 1639 1613 1676 esse
1636 1622 1751 1675 nolo
1780 1637 1798 1674 :
1818 1620 1953 1673 adeo
1977 1618 2197 1687 mquita-

602 1718 688 1771 'tis
734 1732 919 1771 amans
966 1725 1099 1772 erat.
1138 1716 1249 1771 Hoc
1286 1724 1339 1770 et
1380 1714 1582 1769 Pilatus
1614 1712 1825 1767 diccbat
1851 1711 1917 1765 de
1937 1710 2192 1766 Christo:

622 1809 845 1879 Accipite
872 1825 985 1861 eum
1013 1824 1120 1872 vos,
1166 1816 1213 1860 et
1241 1806 1516 1859 secundum
1548 1803 1704 1875 legem
1741 1812 1953 1857 vestram
1972 1802 2200 1874 judicate

631 1900 827 1971 (Joan.
876 1901 961 1955 18.
1005 1899 1135 1970 51).
1174 1898 1269 1954 llle
1308 1898 1601 1955 secundum
1641 1898 1810 1967 legem
1840 1896 2054 1951 volebat
2083 1896 2199 1948 illos

624 1993 903 2065 judicare;
957 1992 1029 2047 illi
1085 2007 1211 2046 vero
1255 1991 1405 2061 quasi
1445 1990 1577 2044 ebrii
1622 1998 1677 2045 et
1725 1987 1994 2047 furibundi
2026 1987 2201 2043 affecti

623 2095 796 2138 erant.
842 2083 962 2139 Ideo
1009 2085 1099 2139 ille
1144 2083 1368 2137 Athenis
1406 2082 1665 2143 secessit.
1698 2081 1829 2147 Quia
1853 2080 2204 2151 populusillic

635 2184 742 2230 erat
769 2177 974 2230 multus.
1008 2175 1429 2237 Percutiebatur.
1460 2182 1516 2227 et
1541 2173 1670 2227 nihil
1692 2172 1921 2229 dicebat.

702 2271 753 2324 5.
796 2266 1138 2321 Mansuetudo
1181 2267 1577 2321 commendatur.
1634 2266 1950 2320 Contumelia
1989 2265 2207 2336 afﬁciens

628 2362 788 2431 magis
816 2358 1165 2425 contemnitur,
1195 2375 1346 2427 quam
1372 2358 1673 2412 contumelia
1700 2355 1929 2423 a/fectus.
1957 2386 2029 2396 -—
2057 2356 2208 2410 Hunc

637 2459 691 2503 et
717 2465 813 2503 nos
835 2451 1106 2503 imitemur
1132 2466 1143 2500 :
1173 2448 1589 2515 percutientibus
1611 2446 2017 2501 mansuetudine
2038 2446 2207 2500 vicem

632 2539 989 2610 rependnmus
1014 2581 1028 2605 ,
1069 2540 1319 2606 silentio,
1359 2540 1633 2608 patientia.
1668 2539 1794 2592 [lare
1838 2540 2055 2593 vulnera
2086 2546 2211 2591 sunt

643 2634 919 2703 graviora;
951 2632 1121 2699 major
1138 2631 1288 2701 plaga
1313 2640 1368 2685 et
1395 2632 1668 2685 molestior
1692 2639 1775 2686 est
1805 2650 1818 2686 :
1850 2646 1954 2685 non
1983 2631 2125 2685 enim
2155 2630 2209 2685 in

641 2738 908 2793 corpore.
959 2723 1053 2777 sed
1105 2723 1155 2775 in
1196 2723 1375 2776 animo
1421 2723 1622 2791 percuti
1667 2737 1830 2791 grave
1877 2731 1977 2776 est.
2023 2721 2213 2777 Multos

643 2817 993 2885 percutimns,
1023 2816 1117 2870 sed
1143 2817 1263 2885 quia
1287 2826 1344 2868 ut
1375 2816 1574 2870 amicos
1597 2857 1610 2877 ,
1637 2816 1973 2870 delectantur
2003 2817 2140 2885 ipsi;
2169 2818 2211 2870 si

639 2924 767 2963 vero
792 2909 1030 2979 quemvis
1057 2924 1178 2962 cum
1206 2908 1527 2962 contumelia
1574 2909 1902 2976 percusseris
1927 2950 1942 2975 ,
1974 2896 2094 2978 quia
2123 2923 2217 2962 cor
2275 2919 2285 2930 '

639 3000 894 3069 tetigisti,
927 3014 1173 3069 magnum
1206 2998 1431 3052 intulisti
1457 3012 1743 3053 maerorem
1776 3017 1787 3053 :
1826 3000 1899 3052 ita
1926 3001 2096 3069 magis
2124 3014 2218 3053 cor

642 3092 818 3159 ipsum
850 3091 1195 3157 percutimus.
1227 3090 1379 3157 Quod
1407 3101 1584 3145 autem
1616 3091 1806 3145 lenitas
1832 3093 1999 3162 magis
2027 3092 2177 3146 feriat
2200 3131 2217 3157 ,

644 3198 802 3253 quam
848 3183 1065 3246 ferocia,
1095 3198 1190 3253 age
1235 3198 1330 3251 pro
1362 3183 1501 3237 virili
1528 3183 1967 3238 demonstremus.
1996 3184 2221 3240 Manife-

645 3284 727 3329 sta
758 3274 971 3344 quidem
1000 3274 1382 3331 demouswatio
1409 3292 1571 3346 opere
1591 3276 1648 3330 ﬁt
1668 3286 1722 3331 et
1742 3280 2107 3347 experimento
2135 3296 2148 3333 :
2176 3279 2223 3333 si

653 3377 828 3422 tamen
861 3367 1035 3436 placet
1054 3406 1070 3432 ,
1096 3368 1254 3420 etiam
1283 3382 1529 3422 sermone
1555 3369 1918 3424 examinemus
1943 3409 1959 3435 ,
1983 3372 2223 3440 quamvis

651 3459 703 3513 id
731 3458 840 3527 jam
867 3473 1009 3526 scepe
1065 3458 1369 3513 fecerimus.
1400 3459 1459 3514 lu
1496 3460 1835 3516 contumeliis
1860 3462 1990 3516 nihil
2018 3462 2088 3516 ita
2128 3478 2225 3518 nos

658 3549 798 3604 male
822 3548 985 3602 allicit
1010 3589 1025 3611 ,
1059 3558 1116 3603 ut
1144 3550 1499 3618 spectantium
1529 3551 1765 3605 calculus
1790 3570 1803 3605 :
1834 3568 1941 3606 non
1966 3553 2106 3606 enim
2132 3568 2227 3622 par

657 3653 746 3694 res
775 3650 855 3693 eSt
883 3639 1095 3707 publice
1126 3641 1449 3695 contumelia
1476 3640 1637 3705 allici,
1661 3650 1819 3712 atque
1840 3644 2062 3697 seorsim
2089 3661 2102 3708 ;
2131 3646 2226 3700 sed

653 3730 775 3785 illas
806 3729 959 3785 facile
985 3732 1204 3785 ferimus
1232 3734 1601 3796 contumelias,
1625 3750 1743 3803 qua:
1770 3735 1820 3789 in
1846 3734 2081 3798 deserto,
2110 3754 2228 3804 qua:

661 3824 875 3877 nemine
909 3833 1042 3878 teste
1080 3824 1165 3879 vel
1207 3825 1408 3880 sciente
1449 3824 1768 3881 inferuntur.
1799 3827 1888 3881 Sic
1910 3844 2014 3881 non
2044 3839 2230 3883 contu-

661 3916 834 3968 melite
876 3925 1067 3970 natura
1093 3926 1175 3971 est
1199 3957 1214 3980 ,
1244 3933 1360 3986 qua:
1391 3918 1530 3972 male
1554 3918 1753 3981 afﬁcit,
1786 3920 1879 3975 sed
1906 3935 2026 3975 cum
2055 3922 2229 3991 palam

663 4005 887 4063 infertur
928 4025 941 4061 :
998 4017 1053 4061 ut
1098 4009 1294 4078 siquis
1340 4010 1545 4080 publice
1594 4012 1854 4075 honoret.
1906 4023 1961 4068 et
2006 4016 2231 4068 seorsim

665 4098 980 4153 contumelia
1008 4100 1226 4163 alliciat,
1250 4102 1297 4155 ei
1319 4104 1542 4171 gratiam
1566 4102 1898 4159 habebimus.
1923 4104 2105 4171 Itaque
2126 4120 2232 4158 non

659 4191 717 4244 in
748 4200 931 4244 natura
959 4192 1296 4247 contumelia:
1325 4193 1480 4247 dolor
1507 4204 1589 4247 est
1614 4237 1630 4260 ,
1662 4195 1754 4249 sed
1796 4195 1849 4247 in
1876 4196 2232 4264 spectantium

661 4284 894 4346 calculo,
917 4300 985 4340 ne
1014 4286 1140 4340 hinc
1170 4287 1223 4341 in
1251 4297 1614 4357 contemptum
1644 4289 1882 4344 cadatur.
1912 4290 2049 4355 Quid
2077 4289 2238 4360 igitur

667 4376 715 4429 si
744 4385 1071 4443 spectatores
1121 4394 1216 4446 pro
1267 4380 1420 4433 nobis
1470 4380 1615 4434 sint?
1660 4395 1835 4434 annon
1882 4392 2006 4435 tunc
2036 4382 2111 4447 is,
2147 4384 2237 4451 qui

665 4467 1042 4541 contumeliam
1088 4468 1280 4535 infert,
1325 4470 1469 4523 illam
1497 4471 1719 4539 accipit,
1752 4487 1871 4525 cum
1910 4482 2238 4540 spectatores

672 4572 771 4626 pro
820 4558 972 4613 nobis
1019 4560 1278 4615 calculum
1328 4560 1551 4617 ferunt?
1595 4563 1687 4617 Dic
1717 4563 1875 4629 mihi,
1909 4574 2082 4619 utrutn
2110 4581 2242 4620 con-

668 4659 917 4703 temnunt
939 4649 1042 4714 illi,
1075 4665 1269 4705 eumne
1295 4653 1382 4721 qui
1407 4653 1783 4707 contumeliam
1809 4653 1986 4717 infert,
2018 4670 2085 4709 an
2116 4671 2238 4710 eum

669 4742 760 4811 qui
805 4741 950 4796 illam
992 4743 1184 4812 accipit
1223 4752 1276 4798 et
1313 4745 1493 4798 tacet?
1532 4744 1614 4799 lra
1641 4755 1787 4800 certe
1827 4748 2061 4816 suggerit
2092 4721 2241 4801 illum

672 4850 795 4891 esse
815 4878 830 4901 ,
859 4837 948 4907 qui
993 4838 1371 4891 contumeliam
1412 4838 1625 4908 accipit.
1671 4838 1818 4893 Nunc
1843 4856 1994 4907 vero,
2024 4855 2142 4895 cum
2173 4841 2242 4895 ab

676 4928 837 4981 animi
893 4939 1043 4983 motu
1090 4929 1240 4984 liberi
1288 4945 1506 4995 sumus,
1556 4931 1945 5000 perpendamus
2001 4948 2068 4988 ne
2121 4945 2245 4989 tunc

676 5021 1022 5090 abripiamur.
1051 5022 1240 5079 Utrum
1271 5038 1398 5091 ergo
1440 5023 1756 5078 damnamus
1783 5024 2010 5080 omnes?
2057 5026 2245 5081 Procul

671 5111 835 5165 dubio
869 5115 1243 5169 contumeliam
1296 5114 1660 5181 inferentem;
1712 5124 1759 5169 et
1816 5117 1860 5169 si
1915 5117 2089 5170 minor
2139 5118 2243 5184 sit,

674 5203 837 5256 etiam
868 5204 1101 5260 insanire
1130 5206 1277 5259 illum
1306 5205 1582 5265 dicemus:
1610 5206 1654 5260 si
1691 5206 1929 5276 aequalis,
1961 5208 2241 5277 desipere;

675 5292 723 5348 si
772 5293 967 5360 major,
1021 5308 1193 5362 neque
1238 5295 1315 5349 sic
1360 5295 1791 5367 approbabimus.
1849 5296 1994 5363 Uter,
2041 5312 2243 5367 quaeso,

681 5383 1063 5452 approbatione
1087 5384 1278 5454 dignus
1305 5395 1404 5450 est.
1434 5387 1524 5457 qui
1552 5388 1816 5454 turbatur,
1841 5389 2089 5457 agitatur,
2120 5389 2251 5445 ell‘e-

682 5486 853 5542 ratur.
883 5486 1067 5532 contra
1089 5493 1425 5534 communem
1449 5490 1690 5536 naturam
1724 5483 1801 5537 sic
1825 5482 2072 5549 allectus;
2106 5500 2174 5539 an
2206 5484 2251 5539 is

684 5570 774 5640 qui
800 5571 850 5623 in
882 5571 1267 5641 tranquillitate
1292 5571 1454 5642 degit,
1484 5573 1538 5627 in
1570 5585 1727 5643 portu
1754 5584 1809 5631 et
1838 5578 1888 5629 in
1915 5576 2249 5647 philosophia

682 5662 887 5717 multa?
919 5679 1094 5719 annon
1138 5664 1223 5719 hic
1256 5666 1447 5736 angelo
1473 5667 1661 5722 similis
1684 5678 1766 5721 est
1788 5708 1804 5732 .
1836 5669 1924 5724 ille
1953 5684 2019 5725 ne
2046 5669 2251 5724 homini

685 5756 911 5827 quidem.
945 5759 1041 5819 llic
1070 5772 1297 5832 namque
1336 5776 1403 5817 ne
1426 5761 1637 5832 propria
1664 5762 1877 5833 quidem
1904 5774 2078 5835 potest
2104 5765 2241 5823 mala

1282 310 1338 365 S.
1376 304 1652 363 JOANNIS
1679 300 2147 359 CllRYSOSTOMl
2186 296 2498 354 ARCIIIEP.
2540 294 3069 353 CONSTANTINOP.
3705 304 3782 359 239

2291 423 2505 483 portare
2525 453 2538 474 ,
2575 411 2663 467 ille
2693 425 2822 465 vero
2849 411 2952 465 fert
2978 412 3137 465 etiam
3170 409 3338 464 aliena
3365 426 3379 463 :
3414 408 3494 462 hic
3521 425 3582 465 ne
3606 412 3784 482 seipsum

2287 505 2499 574 quidem
2530 505 2669 558 ferre
2697 505 2885 571 potuit,
2914 504 3003 557 ille
3030 504 3198 573 potuit
3224 510 3277 556 et
3300 501 3460 555 alium
3486 518 3499 554 :
3527 504 3608 558 ille
3629 508 3674 559 in
3695 524 3789 564 nan.

2287 596 2453 665 fragio
2479 606 2582 661 est,
2613 597 2700 652 hic
2730 598 2783 651 in
2815 606 2927 650 tuto
2954 597 3165 665 navigat
3189 612 3251 650 ac
3275 596 3504 650 secundo
3524 611 3661 653 cursu
3680 605 3789 658 navis

2289 689 2455 744 fertur
2481 706 2495 741 :
2542 704 2715 759 neque
2751 691 2892 743 enim
2920 688 3163 760 permisit
3192 688 3387 742 furoris
3413 698 3614 743 ventum
3641 692 3684 745 in
3709 698 3792 751 vela

2288 783 2640 841 incidentem.
2670 785 2831 837 animi
2857 800 3043 837 navem
3075 784 3453 855 submergere.
3486 784 3571 839 sed
3592 786 3702 841 lenis
3726 790 3795 844 be-

2289 878 2559 946 nignitatis
2610 893 2736 931 aura
2758 920 2773 943 ,
2813 894 2932 931 cum
2960 878 3139 947 quiete
3168 877 3329 931 multa
3363 876 3506 930 illum
3536 879 3583 932 in
3612 880 3795 949 philoso.

2289 970 2428 1040 phite
2464 981 2671 1039 portum
2705 970 2927 1023 inducit.
2956 970 3019 1023 Et
3049 969 3187 1023 sicut
3212 969 3260 1022 in
3292 970 3408 1021 navi
3430 1010 3444 1033 ,
3475 984 3585 1038 qua:
3609 973 3798 1027 submer-

2290 1063 2431 1131 gitur
2454 1103 2469 1127 ,
2502 1071 2675 1115 nautze
2702 1062 2945 1115 nesciunt
2973 1076 3091 1130 qua:
3123 1059 3376 1128 ahjiciant
3402 1100 3417 1124 ,
3452 1073 3515 1112 an
3542 1075 3728 1115 suorum
3752 1080 3797 1118 an

2292 1153 2589 1208 alienorum
2640 1153 2914 1222 deposita,
2963 1150 3059 1206 sed
3105 1151 3341 1204 omnimn
3382 1150 3575 1219 pariter
3596 1152 3799 1220 jacturam

2297 1245 2528 1309 faciunt.
2574 1246 2968 1314 pretiosorum,
3012 1254 3068 1297 et
3104 1244 3323 1297 minime
3363 1242 3573 1305 talium;
3613 1243 3687 1297 ubi
3714 1262 3805 1299 vero

2298 1346 2589 1405 tempestas
2615 1337 2794 1391 sedata
2817 1346 2899 1391 est
2932 1377 2946 1402 ,
2978 1344 3103 1390 tunc
3133 1350 3311 1389 secum
3339 1343 3634 1402 reputantes
3656 1348 3805 1404 quanta

2298 1428 2639 1497 projecerint.
2674 1429 3057 1497 lacrymantur,
3085 1442 3182 1481 nec
3213 1425 3500 1493 tranquillo
3528 1441 3642 1480 aere
3667 1429 3807 1481 fruun-

2301 1531 2409 1584 tur,
2460 1522 2531 1574 ob
2570 1521 2831 1588 jacturam
2867 1538 2879 1574 :
2940 1522 3009 1573 ita
3064 1528 3118 1573 et
3162 1519 3282 1583 hic,
3314 1534 3434 1573 cum
3461 1519 3616 1586 spirat
3640 1521 3754 1574 furor
3771 1532 3809 1575 et

2300 1621 2592 1680 tempestas
2618 1613 2899 1671 excitatur.
2926 1612 3170 1666 nesciunt
3198 1626 3318 1679 quae
3346 1610 3526 1665 debito
3552 1611 3715 1666 ordine
3737 1612 3808 1679 eji-

2300 1720 2424 1760 cere
2450 1713 2724 1773 oporteat;
2746 1704 2831 1757 ubi
2859 1719 2987 1758 vero
3007 1703 3238 1759 cessavit
3252 1703 3350 1762 ira.
3375 1711 3501 1756 tunc
3522 1703 3811 1771 recogitautes

2303 1807 2498 1864 quanta
2530 1795 2846 1863 ahjeeerint.
2875 1795 3128 1849 damnum
3159 1793 3539 1859 considerant,
3566 1802 3616 1847 et
3638 1794 3814 1862 quietem

2304 1903 2410 1943 non
2441 1888 2677 1943 sentiunt
2701 1930 2715 1947 .
2749 1901 3017 1942 memores
3045 1886 3331 1942 verborum
3353 1926 3371 1952 ,
3402 1884 3591 1955 quibus
3618 1899 3669 1938 se
3688 1884 3815 1940 deho-

2298 1989 2603 2045 neStarunt,
2631 1980 2989 2051 damnumque
3016 1980 3307 2035 maximum
3329 1978 3474 2048 passi
3502 1987 3617 2032 sunt
3636 2018 3651 2043 ,
3677 1992 3759 2030 non
3779 1977 3817 2031 iu

2308 2074 2547 2144 pecuniis
2569 2114 2585 2136 ,
2617 2071 2713 2127 sed
2749 2072 2804 2126 in
2830 2071 3225 2127 existimatione
3251 2069 3516 2140 aequitatis
3539 2078 3587 2123 et
3623 2084 3819 2122 mansue-

2315 2170 2693 2226 tudinis.Ver:e
2724 2168 2959 2224 tenebra:
2975 2175 3098 2223 sunt
3118 2166 3267 2221 furor
3285 2174 3340 2220 et
3359 2166 3459 2219 ira.
3484 2162 3619 2218 Dixit
3636 2164 3822 2234 insipiens

2308 2264 2361 2317 in
2386 2264 2536 2317 corde
2564 2278 2684 2324 suo,
2718 2260 2923 2331 inquit,
2953 2258 3073 2313 Non
3094 2268 3166 2312 est
3200 2256 3336 2311 Deus
3364 2255 3382 2328 (
3412 2255 3555 2309 l’sal.
3584 2256 3662 2309 15.
3692 2254 3760 2321 l).
3785 2253 3822 2306 Id

2312 2356 2448 2409 forte
2489 2354 2558 2408 de
2597 2354 2736 2407 irato
2781 2363 3079 2421 opportune
3110 2350 3354 2405 dicatur:
3384 2349 3517 2403 dixit
3550 2349 3715 2412 iratus,
3742 2346 3821 2399 Non

2310 2456 2395 2501 est
2423 2448 2579 2501 Deus.
2609 2445 2738 2499 Nam
2773 2445 3065 2499 Secundum
3104 2442 3480 2495 multitudinem
3518 2442 3603 2494 ira:
3638 2456 3726 2493 sum
3756 2458 3823 2491 non

2313 2551 2500 2610 qureret
2540 2542 2558 2598 (
2587 2537 2730 2592 Psal.
2772 2538 2859 2592 10.
2890 2539 2943 2591 4.
2974 2553 3073 2591 sec.
3109 2534 3264 2589 Hebr.
3295 2535 3352 2603 ),
3382 2534 3572 2603 inquit.
3610 2532 3692 2587 Pia
3726 2533 3823 2585 enim

2314 2633 2565 2702 cogitatio
2612 2633 2847 2699 ingressa
2876 2644 3063 2683 omnes
3103 2627 3323 2695 depellit
3364 2634 3421 2681 et
3468 2626 3650 2694 pulsat,
3691 2639 3825 2676 enim

2318 2734 2651 2778 transversos
2688 2724 2814 2792 agit.
2859 2722 2970 2776 Nisi
3022 2732 3077 2775 tu
3107 2721 3272 2788 magis
3301 2719 3486 2773 doleas
3509 2760 3521 2782 ,
3549 2734 3689 2785 quam
3715 2718 3750 2769 is
3766 2715 3824 2767 cui

2316 2815 2636 2870 contumelia
2662 2815 2904 2877 infertur.
2938 2813 3072 2867 infer
3102 2813 3271 2873 illam.
3301 2810 3512 2864 etiamsi
3531 2808 3827 2874 nullussitqui

2319 2918 2534 2961 accuset
2562 2924 2575 2959 :
2604 2906 2704 2960 nisi
2732 2904 3073 2960 conscientia:
3102 2903 3327 2957 tribunal
3350 2912 3401 2955 te
3428 2903 3643 2955 seorsim
3668 2900 3826 2952 ducttun

2321 2985 2511 3053 millies
2538 2999 2801 3051 verberet.
2829 2996 2961 3050 Cum
2994 3010 3121 3065 ergo
3146 2993 3380 3048 audieris
3410 2991 3714 3046 contumelia
3738 2990 3828 3042 alle-

2321 3102 2489 3156 ctum,
2516 3104 2754 3143 amarum
2787 3088 2988 3141 nullum
3007 3088 3227 3140 verbum
3252 3084 3554 3153 protulisse.
3578 3098 3731 3136 nonne
3748 3081 3829 3133 hinc

2324 3185 2491 3253 magis
2515 3182 2703 3237 doles?
2742 3178 3293 3257 Dicmihi,_quomodo
3345 3177 3614 3230 hominem
3662 3176 3830 3233 mitem.

2327 3279 2600 3342 humilem.
2634 3275 2933 3330 modestum
2971 3260 3116 3329 mille
3160 3272 3415 3327 conviciis
3463 3268 3719 3325 onerasti?
3750 3266 3832 3320 Hac

2326 3373 2632 3441 frequenter
2650 3369 2877 3422 dicimus
2904 3407 2919 3431 ,
2954 3381 3125 3435 neque
3154 3380 3317 3434 opere
3346 3364 3611 3432 completa
3635 3361 3834 3415 videmus.

2330 3463 2499 3517 Ποιηο
2529 3476 2649 3515 cum
2672 3460 2766 3524 sis,
2802 3459 3066 3513 hominem
3114 3456 3437 3511 contumelia
3463 3453 3661 3507 afﬁcis?
3702 3464 3837 3503 servus

2329 3552 2681 3609 conservum?
2729 3550 2834 3606 Sed
2888 3549 3013 3618 quid
3072 3548 3175 3603 hoc
3225 3546 3484 3612 admiror,
3516 3542 3713 3615 quando
3732 3540 3840 3594 multi

2332 3648 2498 3701 Deum
2525 3645 2697 3713 ipsum
2729 3641 3051 3697 contumelia
3082 3640 3338 3694 afﬁciunt.

2400 3740 2455 3793 4.
2505 3737 2615 3791 lloc
2652 3736 2805 3789 vobis
2849 3732 3170 3787 contumelia
3220 3730 3426 3784 affectis
3468 3730 3540 3783 sit
3588 3723 3840 3781 consolatio.

2333 3830 2663 3888 Contumelia
2711 3826 3018 3882 afﬁcimini?
3065 3823 3403 3879 Contumelia
3456 3821 3678 3877 afficitur
3719 3817 3839 3871 Deus:

2334 3924 2569 3979 convicia
2594 3922 2779 3976 fertis?
2807 3920 3053 3975 Convicia
3078 3917 3181 3973 fert
3200 3917 3377 3987 Deus;
3406 3911 3766 3984 conspuimini?
3784 3908 3841 3961 Sic

2335 4029 2389 4075 et
2418 4019 2671 4072 Dominus
2701 4022 2902 4069 noster.
2932 4012 2989 4067 In
3018 4012 3100 4066 his
3121 4025 3248 4079 ergo
3270 4009 3555 4063 nobiscum
3574 4016 3669 4070 est,
3697 4006 3739 4057 in
3757 4017 3840 4054 con-

2339 4110 2516 4166 trariis
2544 4124 2648 4163 non
2682 4108 2833 4161 item.
2864 4105 3047 4174 Neque
3073 4103 3216 4157 enim
3243 4116 3499 4171 umquam
3526 4099 3693 4168 inique
3714 4101 3837 4150 eoau-

2341 4203 2497 4257 melia
2534 4200 2741 4262 aﬂ‘ecit;
2784 4199 2955 4260 absit;
3004 4211 3175 4266 neque
3206 4204 3410 4249 temere
3450 4190 3841 4261 exprobravitnec

2341 4294 2535 4360 injuste
2559 4292 2686 4361 agit.
2718 4291 2899 4356 Itaque
2925 4304 3021 4343 nos
3060 4302 3242 4342 sumus
3271 4286 3361 4355 qui
3389 4292 3664 4339 consortes
3689 4292 3840 4335 suum»

2341 4400 2447 4438 non
2471 4398 2583 4437 vos.
2612 4380 2999 4437 Contumeliam
3024 4378 3166 4432 enim
3189 4378 3347 4440 ferre,
3378 4376 3473 4430 Dei
3499 4383 3615 4439 est;
3641 4380 3846 4426 contume-

2343 4476 2468 4530 liam
2498 4488 2624 4527 vero
2646 4482 2844 4527 temere
2873 4469 3088 4533 inferre,
3115 4467 3394 4523 dtemonis.
3429 4466 3618 4520 Videte
3640 4463 3843 4525 duaspu-

2346 4577 2444 4621 tes.
2478 4564 2796 4618 Haemonium
2819 4561 2968 4615 habes
2990 4559 3171 4629 (Joan.
3198 4560 3249 4614 7.
3271 4558 3388 4630 20),
3415 4557 3618 4611 audivit
3636 4553 3849 4609 Christus:

2344 4660 2494 4727 alapa
2522 4670 2690 4711 caesus
2744 4664 2825 4709 est
2867 4669 2899 4708 a
2945 4667 3101 4708 servo
3128 4651 3383 4721 principis
3412 4649 3730 4705 sacerdotum
3754 4644 3767 4709 (
3792 4638 3849 4692 Id-

2346 4751 2434 4806 18.
2463 4750 2578 4818 22).
2608 4748 2787 4817 Itaque
2817 4748 2906 4815 qtti
2938 4745 3257 4801 contumelia
3285 4743 3483 4812 injuste
3512 4741 3745 4799 afﬁciunt,
3770 4746 3853 4785 cum

2347 4844 2453 4898 illis
2490 4849 2675 4895 stant:
2717 4840 2929 4893 merito.
2972 4836 3103 4892 Nam
3135 4837 3179 4889 si
3230 4836 3416 4890 Petrus
3464 4842 3671 4887 satanas
3711 4823 3853 4879 auditit

2350 4932 2541 5007 (Marc.
2570 4933 2622 4987 8.
2650 4930 2763 5001 55),
2795 4930 2864 4985 ob
2892 4946 3050 4984 unum
3079 4929 3277 4983 dictum
3300 4969 3315 4988 .
3346 4927 3519 4981 multo
3544 4924 3698 4992 magis
3722 4919 3761 4973 hi
3788 4916 3854 5007 lu:

2348 5002 2450 5082 dmi
2483 5023 2734 5085 audient.
2776 5038 2897 5077 cum
2923 5021 3226 5076 Judmorum
3253 5029 3368 5073 acta
3398 5018 3621 5080 facient,
3659 5022 3710 5068 ut
3737 5020 3777 5063 et
3805 5002 3856 5058 illi

2349 5118 2545 5174 diaboli
2578 5118 2668 5171 ﬁlii
2687 5116 2962 5172 audierunt
2991 5113 3168 5185 (Joan.
3192 5113 3245 5169 8.
3276 5114 3389 5182 4i).
3419 5112 3546 5182 quia
3568 5106 3789 5165 diabolica
3807 5100 3857 5151 la-

2351 5212 2582 5265 ciebant.
2615 5208 2947 5264 Contumelia
2978 5206 3147 5261 afﬁcis
3168 5249 3183 5271 ,
3223 5207 3340 5276 quis
3367 5221 3490 5259 cum
3528 5205 3619 5267 sis,
3645 5200 3719 5255 die
3742 5190 3857 5249 mihi?

2354 5304 2465 5358 lmo
2487 5312 2763 5373 propterea
2785 5301 3100 5356 contumelia
3123 5301 3311 5366 aflicis,
3333 5300 3457 5369 quia
3475 5297 3605 5352 nihil
3622 5312 3677 5351 es
3697 5312 3709 5346 :
3731 5288 3859 5346 nullus

2354 5396 2495 5451 enim
2536 5395 2626 5465 qui
2668 5394 2830 5449 homo
2876 5395 2979 5459 sit,
3031 5392 3352 5448 contumelia
3381 5390 3567 5445 afﬁcit.
3608 5391 3756 5454 Atque
3784 5381 3856 5436 in.

2355 5489 2497 5558 quod
2519 5489 2573 5542 in
2603 5488 2792 5557 pugnis
2820 5486 3034 5552 dicitur,
3065 5486 3144 5540 Tu
3163 5485 3280 5556 quis
3304 5485 3397 5539 es?
3425 5498 3491 5538 ex
3514 5482 3721 5537 adverso
3741 5486 3857 5541 ωροτ-

2357 5580 2501 5635 tebat
2519 5580 2657 5635 dici:
2690 5578 2835 5634 verbi
2857 5580 3044 5649 gratia.
3070 5576 3399 5633 Contumelia
3419 5574 3596 5637 efﬁce,
3622 5567 3735 5626 nihil
3756 5563 3857 5617 enim

2355 5686 2413 5728 es
2438 5690 2450 5725 :
2478 5689 2620 5729 nunc
2647 5680 2822 5728 autem
2852 5672 3154 5728 dicentibus
3179 5671 3351 5734 nobis,
3378 5669 3509 5737 Quis
3534 5684 3591 5723 es
3613 5675 3659 5720 tu
3678 5661 3749 5733 qui
3766 5669 3857 5711 con-

2357 5766 2575 5823 tumelia
2604 5765 2805 5824 alﬁcis?
2852 5765 2929 5825 Te
2966 5766 3174 5836 melior,
3215 5763 3489 5823 audiemus
3529 5762 3710 5830 utique.
3741 5744 3856 5817 Δίιῐυί

2484 6050 2487 6051 ν
2504 6030 2514 6055 1
