4100 6354
263 273 377 333 379

258 395 444 449 καίτοι
470 395 551 459 εἰς
576 395 674 466 τὴν
699 396 894 450 ἐαυτοῦ
937 398 1095 470 ὕϐριν
1123 397 1184 452 τὸ
1214 403 1324 455 πᾶν
1361 399 1430 475 ἦν
1449 421 1462 434 ·
1501 394 1615 457 ἀλλ’
1643 405 1719 466 ὡς
1766 403 1929 472 δῆθεν

259 483 518 549 ἐξουσίαν
573 483 830 548 λαϐόντες
889 487 1044 539 αὑτοὶ
1100 487 1427 553 τύπτουσιν,
1489 491 1651 563 ἔργον
1706 491 1928 561 ἀκρίτου

257 569 440 640 θυμοῦ
471 569 562 624 διὰ
590 572 690 642 τὴν
719 572 983 643 αίσχύνην
1013 574 1310 640 ποιοῦντες,
1346 579 1456 632 Καὶ
1490 579 1578 632 διά
1603 579 1656 632 τί
1688 582 1762 650 μὴ
1790 579 1930 631 ἐκεῖ·

255 674 352 720 νος
386 657 759 728 ἀντετύπτησε
777 671 826 720 ⁸,
868 660 1045 713 καίτοι
1098 663 1194 716 καὶ
1250 664 1413 728 αὐτὸς
1462 664 1704 729 ἐξουσίαν
1756 661 1932 734 εἷχενι

268 746 418 798 Ἀλλ’
449 744 797 798 ἐπαιδεύοντο
831 747 1162 817 φιλοσοφεῖν.
1194 751 1308 803 Οὐκ
1335 751 1649 804 ἀντιτύπτει
1677 752 1756 816 δέ,
1793 751 1932 804 ῶστε

255 835 359 886 καὶ
406 836 498 886 τὸν
552 833 812 906 δικαστὴν
841 835 1068 904 μαθεῖν,
1099 837 1183 901 τίς
1206 834 1275 909 ἦν
1315 841 1344 892 6
1390 841 1809 910 ἐπιεικέστερος.
1856 841 1931 894 υὺ

258 922 441 992 μικρά
498 919 658 974 τοῦτο
687 920 865 992 ὢνησε
902 924 1028 987 τοὺς
1074 926 1352 996 παρόντας
1375 942 1391 958 ·
1432 928 1633 992 ἐδίδαξε
1667 930 1775 999 γάρ
1807 930 1841 998 ἦ
1871 946 1932 981 τε

253 1008 469 1060 τούτων
501 1007 776 1060 ἐπιείκεια
805 1010 898 1062 καὶ
922 1012 955 1079 ἡ
988 1011 1209 1064 ἐκείνων
1236 1011 1529 1084 θρασύτης,
1553 1016 1634 1068 ὅτι
1656 1015 1722 1068 τὰ
1750 1014 1932 1068 τοιαῦ-

250 1112 329 1149 τα
357 1095 685 1166 δικαστικῆς
703 1095 886 1166 ψήφου
915 1097 1105 1154 δεῖται.
1151 1101 1289 1153 Ἀλλ’
1313 1095 1458 1155 οὗτοι
1488 1103 1666 1156 πάντα
1682 1104 1933 1168 ἀτάκτως

251 1181 499 1235 ποιοῦσι.
535 1183 646 1236 Καὶ⁵
673 1184 772 1237 οὑκ
799 1180 973 1248 εἶπεν,
1010 1186 1082 1239 υὺ
1112 1185 1211 1249 δεῖ,
1244 1188 1330 1241 ἵνα
1359 1189 1433 1260 μὴ
1467 1189 1629 1242 πάλιν
1659 1191 1932 1243 κόπτωσιν

249 1271 425 1324 αὑτόν
444 1282 458 1298 ·
489 1270 627 1336 ἀλλ’,
649 1273 730 1325 Οὐ
754 1271 924 1326 θέλω.
947 1273 1166 1342 Κριτὴς
1195 1276 1323 1344 γὰρ,
1348 1278 1536 1347 φησὶν,
1565 1278 1678 1344 ἐγὼ
1709 1279 1934 1330 τούτων

249 1353 413 1412 εἶναι
444 1360 518 1411 οὐ
552 1359 879 1427 βούλομαι·
921 1360 1094 1425 οὕτως
1124 1363 1370 1435 ἐπιεικὴς
1397 1361 1464 1435 ἦν
1505 1367 1534 1419 6
1569 1367 1728 1436 ἀνήρ.
1764 1363 1934 1418 Τοῦτο

251 1446 352 1498 καὶ
413 1446 648 1510 Πιλᾶτος
700 1446 884 1514 ἔλεγεν
923 1449 1015 1502 ἐπὶ
1064 1449 1158 1502 τοῦ
1202 1451 1460 1522 Χριστοῦ·
1497 1451 1718 1506 Λάϐετε
1748 1452 1935 1506 αὑτὸν

246 1532 453 1602 ὑμεῖς,
493 1533 596 1586 καὶ
643 1533 796 1587 κατὰ
840 1535 948 1588 τὸν·
985 1536 1174 1605 νόμον
1213 1537 1381 1606 ὑμῶν
1418 1539 1679 1606 κρίνατε.
1723 1541 1783 1592 '0
1835 1541 1934 1610 μὲν

250 1619 400 1674 κατά
429 1620 525 1673 τὸν
566 1621 730 1690 νόμον
755 1621 907 1692 ἠξίου
946 1624 1156 1693 κρίνειν
1183 1625 1416 1692 αὑτοὺς,
1456 1628 1504 1680 οἱ
1545 1626 1621 1692 δὲ,
1666 1626 1856 1700 ὥσπερ
1882 1630 1933 1682 οί

253 1708 560 1778 μεθύοντες
587 1709 682 1762 καὶ
710 1711 760 1762 οί
795 1711 1133 1782 μαινόμενοι,
1171 1713 1316 1766 οὕτω
1340 1715 1619 1771 διέκειντο.
1658 1717 1756 1770 Διά
1776 1716 1934 1772 τοῦτο

249 1793 555 1866 ἐχωρίζετο
582 1795 691 1848 τῶν
731 1795 989 1864 Ἀθηνῶν,
1023 1798 1262 1869 Ἐπειδὴ
1284 1801 1432 1868 λαός
1455 1797 1536 1872 ἦν
1561 1803 1690 1857 ἐκεῖ
1717 1805 1930 1872 πολύς.

263 1883 586 1942 Ἐτύπτετο,
629 1884 721 1936 καὶ
749 1884 901 1937 οὐδὲν
923 1885 1097 1953 ἔλεγε.

318 1977 394 2038 Τ.
420 1970 627 2023 Τοῦτον
643 1971 737 2023 καὶ
762 1972 922 2042 ήμεῖς
942 1955 1237 2045 μιμώμεθα
1253 1993 1268 2008 ·
1293 1977 1780 2050 ἀντιτυπτήσωμεν
1805 1980 1932 2044 τοὺς

249 2058 607 2121 τύπτονταςδ
661 2060 726 2129 τῇ
775 2060 1078 2133 ἐπιεικείᾳ,
1120 2065 1186 2134 τῇ
1237 2066 1389 2136 σιγῇ,
1433 2067 1498 2137 τῇ
1550 2059 1926 2139 μακροθυμίᾳ.

251 2145 634 2215 Χαλεπώτερα
661 2145 834 2198 ταῦτα
863 2146 932 2200 τά
959 2147 1254 2220 τραύματα
1275 2191 1290 2215 ,
1333 2151 1532 2222 μείζων
1560 2155 1592 2224 ἠ
1627 2154 1805 2226 πληγὴ
1835 2157 1930 2210 καὶ

256 2233 640 2305 φορτικωτέρα
660 2250 673 2262 ·
697 2235 759 2286 οὑ
791 2235 894 2306 γὰρ
934 2236 994 2289 τὸ
1025 2237 1354 2308 πλήττεσθαι
1392 2240 1455 2294 τὸ
1482 2241 1640 2311 σῶμα
1659 2283 1674 2305 ,
1710 2241 1846 2296 ἀλλά
1870 2243 1931 2295 τὸ

261 2322 358 2391 τὴν
383 2323 643 2385 διάνοιαν,
664 2323 920 2393 χαλεπόν.
955 2324 1194 2389 Πολλοὺς
1225 2327 1554 2400 πλήττομεν,
1581 2329 1714 2383 ἀλλά
1743 2331 1928 2402 ἐπειδὴ

263 2412 322 2464 ἐν
353 2412 496 2478 τάξει
531 2412 734 2480 φιλίας,
759 2411 852 2464 καὶ
875 2412 1096 2481 ἥδονται
1118 2432 1132 2446 ·
1158 2413 1224 2468 ἂν
1259 2414 1316 2468 δὲ
1345 2415 1436 2470 τὸν
1464 2418 1693 2486 τυχόντα
1720 2417 1930 2490 πλήξῃς

259 2498 612 2570 ὑϐριστικῶς,
637 2498 826 2570 ἐπειδὴ
852 2499 950 2570 τῆς
968 2500 1192 2571 καρδίας
1218 2501 1363 2573 ἥψω,
1389 2503 1592 2575 σφόδρα
1613 2504 1892 2574 ἐλύπησας
1911 2520 1927 2535 ·

251 2585 399 2640 οὕτω
451 2585 656 2656 μᾶλλον
701 2587 802 2657 τὴν
841 2586 1068 2658 καρδίαν
1117 2589 1297 2643 αὑτῶν
1339 2589 1667 2661 πλήττομεν.
1698 2592 1820 2645 Ὅτι
1869 2592 1928 2645 δέ

251 2674 524 2744 μειζόνως
550 2671 822 2726 ἐπιείκεια
845 2673 1070 2744 πλήττει
1094 2675 1450 2748 θρασύτητος,
1475 2677 1608 2748 φέρε
1632 2678 1927 2744 ἀποδείξω-

248 2780 358 2834 μεν
382 2762 462 2825 ὡς
491 2761 722 2815 δυνατὸν
748 2761 826 2832 τῷ
856 2762 1019 2833 λόγῳ.
1065 2764 1129 2816 Ἠ
1162 2764 1259 2834 μὲν
1301 2765 1408 2836 γὰρ
1449 2766 1626 2836 σαφὴς
1655 2766 1929 2832 ἀπόδειξις

243 2851 337 2905 διὰ
359 2851 474 2904 τῶν
499 2850 679 2921 ἔργων
707 2850 802 2903 καὶ
829 2851 930 2921 τῆς
957 2851 1153 2922 πείρας
1171 2851 1317 2906 ἐστίν
1342 2869 1355 2883 ·
1379 2855 1426 2906 εί
1457 2853 1516 2907 δὲ
1541 2855 1707 2918 δοκεῖ,
1737 2856 1928 2927 καὶτῷ

241 2940 395 3010 λόγῳ
441 2939 543 3009 τὴν
588 2937 836 3002 ἐξέτασιν
881 2938 1258 3009 ποιησώμεθα,
1306 2940 1482 2994 καίτοι
1533 2941 1793 3006 πολλάκις
1825 2944 1926 3014 ήδη

240 3026 654 3097 ἐποιησάμεθα.
699 3026 790 3082 Ἐν
832 3026 939 3097 γάρ
967 3029 1087 3090 ταῖς
1125 3026 1347 3098 ὕϐρεσιν
1383 3029 1534 3083 οὐδὲν
1573 3023 1745 3094 οὕτως
1780 3031 1927 3101 ἡμᾶς

237 3112 446 3178 λυπεῖ,
491 3114 570 3178 ὡς
593 3117 627 3184 ή
675 3114 827 3186 παρά
869 3114 979 3168 τῶν
1019 3113 1286 3188 ὁρώντωνῆ
1311 3114 1490 3185 ψῆφος
1515 3132 1528 3144 ·
1560 3117 1621 3169 οὑ
1652 3117 1762 3189 γάρ
1814 3119 1926 3171 ἴσον

235 3203 492 3274 δημοσίᾳ
533 3219 594 3255 τε
647 3203 964 3272 ὑϐρίζεσθαι
1006 3203 1102 3256 καὶ
1132 3203 1257 3274 ἰδίᾳ,
1301 3203 1416 3256 ἀλλ’
1451 3205 1666 3268 ὲκείνας
1702 3205 1799 3276 μὲν
1833 3208 1927 3259 καὶ

237 3291 492 3361 φέρομεν
531 3290 770 3354 εὐκόλως
814 3291 912 3354 τάς
945 3289 1165 3362 ὕϐρεις,
1211 3292 1342 3344 ὅταν
1385 3293 1472 3345 ἐπ’
1498 3292 1762 3363 ἐρημίας,
1798 3293 1926 3346 ὅταν

239 3379 484 3450 μηδενδς
525 3377 678 3442 ϐντος
710 3377 806 3431 τοῦ
837 3377 1239 3451 μαρτυροῦντος
1283 3379 1440 3432 τοῦτο
1468 3380 1755 3452 πάθωμεν,
1790 3382 1926 3452 μηδέ

233 3465 340 3520 τοῦ
372 3465 696 3528 συνειδότος.
726 3463 914 3528 Οὕτως
950 3466 1048 3535 οὑχ
1088 3467 1122 3536 ἡ
1152 3466 1251 3537 τῆς
1279 3465 1486 3537 ὕϐρεως
1512 3467 1673 3536 φύσις
1704 3469 1852 3521 ἐστὶν
1889 3471 1922 3541 ἠ

234 3555 543 3618 δάκνουσα,
575 3553 713 3606 ἀλλὰ
741 3552 803 3604 τὸ
840 3553 935 3605 ἐπὶ
965 3553 1184 3606 πάντων
1226 3553 1385 3607 τοῦτο
1419 3555 1612 3608 παθεῖν
1633 3571 1650 3587 ·
1676 3556 1750 3620 ὡς
1779 3558 1832 3611 εἴ
1861 3557 1925 3625 γέ

232 3660 328 3706 τις
370 3641 554 3712 τιμῶν
587 3641 682 3694 ἐπὶ
725 3643 972 3705 πάντων,
1014 3639 1224 3711 ὑϐρίζοι
1273 3643 1394 3694 κατ’
1437 3643 1604 3706 ίδίαν,
1634 3645 1728 3696 καὶ
1765 3645 1925 3716 χάριν

232 3729 531 3798 εἰσόμεθα.
563 3727 773 3781 Οὑκοῦν
797 3729 896 3780 οὑκ
917 3728 975 3779 ἐν
995 3729 1060 3798 τῇ
1093 3729 1191 3798 τῆς
1227 3728 1438 3799 ὕϐρεως
1468 3731 1627 3798 φύσει
1661 3733 1722 3784 τὸ
1749 3733 1925 3804 λυπη-

234 3821 335 3893 ρόν
354 3822 532 3876 ἐστιν,
554 3817 668 3869 ἀλλ’
689 3817 748 3869 ἐν
769 3818 833 3885 τῇ
850 3815 1014 3885 ψήφῳ
1030 3815 1138 3868 τῶν
1167 3817 1437 3887 ὁρώντων,
1463 3817 1605 3871 ὥστε
1626 3830 1648 3858 ο
1679 3821 1752 3891 μὴ
1777 3821 1926 3886 δόξαι

232 3906 729 3976 εὐκαταφρόνητον
760 3899 922 3956 εἶναι.
964 3903 1028 3955 Τί
1067 3899 1189 3967 οὖν,
1223 3904 1290 3958 ἂν
1323 3903 1462 3975 αὕτη
1499 3905 1640 3978 ὑπὲρ
1668 3909 1824 3976 ἡμῶν
1849 3905 1922 3981 ᾖῖ

231 3995 364 4064 οὐχὶ
394 3993 600 4064 μᾶλλον
631 3993 660 4045 6
679 3990 916 4062 ὑϐρίζων
947 3988 1222 4061 ὕϐρισται,
1264 3991 1391 4045 ὅταν
1411 3991 1557 4062 ὑπὲρ
1588 3991 1740 4065 [299]
1769 3995 1926 4065 ήμῶν

227 4085 338 4147 τὰς
366 4083 587 4152 ψήφους
615 4081 890 4152 φέρωσιν;
922 4079 1060 4133 Είπέ
1090 4096 1200 4150 μοι,
1238 4079 1383 4143 τίνος
1413 4082 1845 4152 καταφρονοῦσιν
1875 4085 1925 4138 οί

228 4173 549 4244 παρόντεςς
580 4168 675 4222 τοῦ
706 4168 1043 4239 ὑϐρίζοντος,
1067 4168 1102 4240 ἢ
1131 4167 1224 4222 τοῦ
1252 4168 1598 4238 ὑϐρισθέντος
1619 4171 1714 4224 καὶ
1735 4173 1928 4241 σιγῶν-

226 4278 362 4326 τν,ς;
406 4260 466 4311 '0
493 4257 594 4327 μὲν
619 4257 727 4326 γὰρ
749 4255 922 4326 θυμὸς
958 4256 1272 4320 ὑποϐάλλει,
1305 4257 1387 4310 ὅτι
1419 4257 1513 4311 τοῦ
1543 4257 1922 4330 ὑϐριζομένου·

228 4346 334 4400 νῦν
361 4345 442 4409 δέ,
472 4345 566 4396 ὅτε
591 4341 823 4414 καθαροὶ
858 4341 952 4394 τοῦ
984 4341 1191 4406 πάθους
1225 4342 1391 4413 ἐσμὲν
1413 4383 1428 4407 ,
1463 4342 1684 4414 ἴδωμεν,
1725 4347 1810 4399 ἵνα
1849 4347 1924 4418 μὴ

228 4432 360 4485 τότε
377 4427 875 4501 συναρπασθῶμεν.
893 4429 1048 4492 Τίνος
1061 4425 1154 4484 οὖν
1171 4429 1650 4502 καταγινώσκομεν
1666 4432 1922 4500 ἀπαντεςς

229 4513 479 4589 Εὔδηλον
503 4516 694 4572 ὅτιτοῦ
722 4514 1055 4587 ὑϐρίζοντος·
1086 4517 1190 4570 κᾶν
1213 4517 1311 4587 μὲν
1339 4515 1653 4592 ἐλάττωνῇ,
1676 4521 1770 4574 καί¹
1796 4523 1924 4592 μαί-

226 4608 428 4660 νεσθαι
460 4603 626 4659 αὑτὸν
662 4605 940 4674 φήσομεν,
966 4604 1033 4657 ἂν
1056 4604 1113 4657 δέ
1149 4604 1436 4675 ὁμότιμος,
1467 4606 1834 4678 ἀνοηταίνειν,
1857 4608 1925 4662 ἂν

226 4696 293 4750 δέ
323 4694 558 4764 μείζων,
584 4692 693 4746 οὐδ’
719 4691 895 4756 οὕτως
922 4692 1316 4762 ἀποδεξόμεθα.
1353 4692 1450 4757 Τίς
1488 4694 1618 4766 γάρ,
1651 4696 1770 4749 εἰπέ
1796 4714 1886 4767 μοι
1906 4736 1922 4760 ,

233 4783 522 4853 ἀποδοχῆς
554 4781 702 4847 ἄξιος
727 4798 743 4846 ;
773 4782 802 4834 6
826 4781 1246 4851 ταραττόμενος,
1271 4782 1300 4833 6
1331 4783 1747 4854 χειμαζόμενος,
1779 4788 1807 4838 ό
1831 4787 1926 4839 ὲκ-

233 4875 629 4946 θηριούμενος,
659 4876 689 4926 6
709 4874 845 4945 πρὸς
864 4874 963 4943 τὴν
991 4873 1176 4944 κοινὴν
1192 4871 1353 4964 φύσιν
1377 4873 1520 4926 οὕτω
1559 4874 1920 4945 διακείμενος,

229 4967 269 5035 ἦ
297 4969 328 5019 6
366 4967 431 5018 ἐν
461 4963 671 5034 γαλήνῃ
719 4961 814 5015 καὶ
839 4961 1019 5030 λιμένι
1066 4960 1159 5014 καὶ
1190 4960 1478 5033 φιλοσοφίᾳ
1519 4960 1724 5032 πολλῇς
1765 4963 1862 5032 οὑχ
1892 4964 1920 5012 6

231 5055 341 5125 μὲν
392 5051 614 5121 ἀγγέλῳ
646 5050 999 5120 προσέοικεν,
1049 5050 1078 5101 6
1114 5048 1169 5100 δέ
1215 5048 1336 5101 οὑδὲ
1381 5047 1690 5119 ἀνθρώπῳ;
1733 5049 1791 5102 '0
1823 5051 1922 5120 μὲν

227 5145 345 5215 γὰρ
393 5139 520 5192 οὑδέ
565 5139 634 5192 τά
676 5140 854 5191 οἰκεῖα
895 5136 1116 5189 δύναται
1175 5136 1440 5204 βαστάσαι
1489 5136 1670 5198 κακὰ,
1713 5137 1921 5202 ἐκεῖνος

228 5231 288 5284 δέ
331 5230 430 5282 καὶ
473 5227 542 5280 τά
583 5227 870 5296 ἀλλότρια·
917 5219 1073 5288 οὕτος
1121 5225 1241 5278 οὑδέ
1287 5225 1479 5278 ἑαυτὸν
1507 5224 1751 5292 ἐνεγκεῖν
1803 5225 1920 5278 ἐδυ-

229 5318 398 5388 νήθη,
427 5318 635 5376 ἐκεῖνος
675 5313 734 5366 δὲ
778 5312 872 5365 καὶ
906 5313 1126 5382 ἕτερον·
1159 5315 1187 5365 6
1226 5313 1324 5382 μὲν
1365 5313 1424 5364 ἐν
1462 5313 1707 5382 ναυαγίῳ
1747 5314 1918 5376 ἐστὶν,

231 5401 394 5466 σῖτος
440 5405 502 5456 δὲ
542 5405 599 5454 ἐν
631 5400 901 5471 ἀσφαλείᾳ
929 5400 1080 5462 πλεῖ,
1127 5399 1184 5465 ἐξ
1237 5399 1436 5470 ούρίων
1482 5399 1632 5470 αὑτῷ
1661 5401 1759 5470 τῆς
1791 5400 1917 5472 νηὸς

234 5493 552 5561 φερομένης
578 5507 594 5521 ·
628 5491 692 5541 οὑ
735 5489 846 5560 γὰρ
891 5488 1042 5541 είασε
1089 5488 1148 5540 τὸ
1182 5487 1276 5540 τοῦ
1321 5487 1493 5558 θυμοῦ
1545 5487 1760 5557 πνεῦμα
1808 5492 1919 5551 τοῖς

235 5583 428 5643 ίστίοις
455 5578 701 5650 ἐμπεσὸν
720 5576 1021 5647 ἀνατρέψαι
1045 5576 1144 5644 τῆς
1173 5575 1410 5638 διανοίας
1435 5576 1497 5627 τὸ
1523 5576 1725 5644 σκάφος
1745 5595 1759 5607 ·
1782 5576 1918 5630 ἀλλὰ

234 5669 411 5738 λεπτή
438 5685 523 5730 τις
547 5665 690 5735 αὔρα
736 5665 830 5717 καὶ
855 5665 1007 5734 ἡδεῖα
1039 5663 1485 5734 προσπνεύσασα,
1519 5665 1616 5734 τῆς
1663 5665 1914 5730 ἀνεξικα-

237 5760 364 5820 κίας
405 5759 438 5828 ἡ
472 5754 648 5825 πνοὴ,
699 5753 837 5822 μετά
867 5752 1069 5820 πολλῆς
1113 5751 1260 5821 αὑτῴ
1298 5753 1396 5821 τῆς
1446 5754 1671 5821 ἡσυχίας
1705 5755 1796 5805 ἐπὶ
1829 5755 1916 5807 τὸν

298 5863 315 5885 ⁸
347 5862 477 5911 alim
502 5862 679 5911 ἐκεῖνος
705 5861 951 5919 ἐτύπτησε.
985 5860 1016 5898 1³
1040 5860 1170 5908 Idem
1191 5860 1298 5916 τοὺς
1317 5860 1694 5913 ἀντιτύπτοντας.
1741 5865 1761 5892 θ
1785 5863 1917 5912 ιἰιιις

238 5927 460 5973 Mne”
483 5927 630 5974 ἑστὶη,
655 5926 777 5969 ὥστε

909 6007 1026 6067 Gn.
1076 6009 1203 6068 LX.

1281 284 1346 340 IN
1385 289 1565 344 ACTA
1607 283 2144 344 APOSTOLORUM.
2190 281 2423 338 HOMIL.
2465 280 2712 341 XXXIX.

3593 279 3702 336 9.80

2034 400 2130 470 τῆς
2184 399 2498 467 φιλοσοφίας
2542 396 2666 463 άγει
2716 393 2930 464 λιμένα.
2979 395 3086 447 Καὶ
3131 394 3379 466 καθάπερ
3428 396 3487 449 ἐν
3532 395 3701 466 πλοίῳ

2033 487 2357 553 ναυαγοῦντι
2390 487 2441 538 οί
2471 485 2660 537 ναῦται
2691 484 2792 536 οὑκ
2818 485 2996 536 ἴσασιν
3019 483 3053 536 ἃ
3079 484 3380 555 ῥίπτουσιν,
3412 484 3477 537 ἄν
3506 501 3568 536 τε
3593 485 3704 538 τῶν

2032 574 2247 626 οίκείων
2275 575 2340 628 ἄν
2369 590 2426 626 τε
2475 573 2584 624 τῶν
2615 570 2912 640 ἀλλοτρίων
2952 569 3159 624 λάϐωσι
3198 570 3698 641 παρακαταθήκας,

2032 660 2170 713 ἀλλά
2197 661 2415 713 πάντων
2437 660 2636 730 ὁμοίιος
2663 658 2892 729 ἐκϐολὴν
2914 658 3195 711 ποιοῦνται
3216 659 3322 710 τῶν
3346 657 3700 728 ἐγκειμένων,

2031 747 2143 800 τῶν
2172 764 2230 799 τε
2257 748 2455 817 τιμίων
2478 747 2588 799 τῶν
2609 763 2669 798 τε
2695 747 2756 798 οὑ
2778 745 3033 798 τοιούτων
3059 761 3073 776 ·
3103 745 3322 798 ἐπειδὰν
3355 745 3411 798 δὲ
3439 747 3467 798 6
3495 743 3704 815 χειμὼν

2031 834 2327 904 παύσηται,
2354 834 2474 886 τότε
2505 833 2952 902 ἀναλογιζόμενοι
2978 833 3078 886 ὅσα
3104 833 3380 898 ἐξέϐαλον,
3405 832 3702 903 δακρύουσι

2032 923 2126 976 καὶ
2149 923 2251 991 τῆς
2285 922 2528 992 γαλήνης
2569 923 2669 974 οὑκ
2705 921 3052 975 αἰσθάνονται
3091 921 3183 975 διά
3222 921 3320 993 τὴν
3372 921 3576 992 ζημίαν
3601 920 3702 990 τῆς

2031 1007 2290 1078 ἐκϐολῆς·
2319 1007 2462 1060 οὕτω
2491 1007 2554 1077 δὴ
2598 1009 2692 1060 καὶ
2724 1007 2958 1061 ἐνταῦθα
2977 1047 2993 1072 ,
3036 1009 3164 1062 ὅταν
3200 1009 3229 1060 6
3257 1008 3427 1079 θυμὸς
3456 1006 3690 1079 πνεύσῃ,

2031 1095 2126 1146 καὶ
2153 1097 2181 1147 6
2204 1093 2408 1165 χειμὼν
2436 1094 2657 1166 αῖρηται
2678 1135 2692 1158 ,
2722 1095 2822 1148 οὑκ
2851 1094 3028 1149 ἴσασιν
3058 1097 3116 1148 ἐν
3140 1096 3291 1162 τάξει
3322 1094 3603 1148 ἐκϐάλλειν
3633 1095 3703 1148 τὰ

2029 1180 2252 1250 δέοντα·
2284 1183 2412 1236 ὅταν
2432 1183 2490 1235 δέ
2519 1182 2796 1254 παύσηται
2823 1184 2853 1236 6
2882 1182 3070 1252 θυμὸς,
3097 1183 3218 1234 τότε
3257 1182 3701 1251 ἀναλογιζόμενοι

2033 1270 2161 1321 ποῖα
2194 1269 2466 1334 ἐξέϐαλον,
2498 1269 2738 1322 ἐννοοῦσι
2762 1272 2860 1340 τὴν
2885 1269 3084 1340 ζημίαν
3113 1270 3209 1323 καί⁸
3231 1271 3330 1323 οὑκ
3356 1270 3700 1322 αἰσθάνονται

2031 1357 2130 1425 τῆς
2154 1359 2534 1422 ἀναπαύσεως,
2565 1358 2672 1412 τῶν
2707 1357 2967 1430 ῥημάτων
2997 1359 3356 1429 μεμνημένοι,
3374 1359 3439 1410 δι’
3463 1351 3538 1411 ὧν
3567 1373 3702 1410 κατ-

2032 1447 2275 1518 ῄσχυναν
2330 1451 2555 1512 ἑαυτοὺς
2583 1449 2675 1503 καὶ
2699 1449 2769 1504 τὰ
2801 1450 3034 1521 μέγιστα
3057 1447 3459 1520 ἐζημιώθησαν,
3482 1448 3541 1500 οὑ
3573 1447 3703 1517 περὶ

2030 1537 2289 1606 χρήματα
2311 1575 2326 1597 ,
2357 1537 2494 1590 ἀλλά
2538 1538 2668 1608 περὶ
2706 1537 2866 1601 δόξαν
2902 1536 3202 1599 ἐπιεικείας
3239 1536 3334 1588 καὶ
3376 1534 3701 1604 πραότητος.

2035 1623 2246 1686 Ὄντως
2281 1623 2469 1686 σκότος
2495 1625 2644 1676 ἐστὶν
2671 1626 2700 1678 6
2727 1624 2913 1693 θυμός.
2942 1619 3126 1676 Εἶπεν
3161 1621 3385 1690 ἄφρων,
3422 1621 3605 1690 φησὶν,
3634 1620 3704 1673 ἐν

2030 1709 2244 1777 καρδίᾳ
2289 1709 2498 1764 αὑτοῦ·
2549 1713 2672 1765 Οὐκ
2715 1711 2848 1765 ἐστι
2897 1700 3062 1776 Sede.
3105 1709 3259 1780 Τάχα
3308 1708 3400 1761 καὶ
3434 1709 3562 1779 περὶ
3605 1707 3702 1761 τοῦ

2032 1795 2372 1867 θυμουμένου
2401 1797 2561 1852 τοῦτο
2589 1800 2765 1852 εἰπεῖν
2798 1797 3072 1870 εὕκαιρον,
3098 1797 3180 1850 ὃτι
3203 1791 3357 1849 εἶπεν
3379 1797 3408 1850 ὀ
3429 1794 3704 1865 θυμούμε-

2031 1899 2140 1943 νος·
2174 1885 2290 1938 Οὐκ
2331 1883 2446 1938 ἐστι
2489 1885 2641 1948 θεός.
2686 1884 2852 1940 Κατὰ
2889 1885 2998 1957 γάρ
3026 1882 3094 1938 τὸ
3125 1883 3382 1952 πλῆθος,
3411 1883 3565 1952 φησὶ,
3595 1880 3705 1948 τῆς
3815 1927 3818 1930 .

2029 1970 2215 2040 ὀργῆς
2246 1972 2434 2027 αὐτοῦ
2465 1975 2578 2027 οὐκ
2623 1973 2958 2041 ἐκζητήσει.
3003 1974 3102 2034 ’ος
3136 1970 3247 2043 γὰρ
3296 1971 3364 2026 ἂν
3411 1970 3702 2042 ἐπεισέλθῃ

2029 2060 2287 2133 λογισμὸς
2327 2064 2560 2133 εὐσεϐὴς
2584 2103 2600 2128 ,
2645 2064 2855 2127 πάντας
2890 2063 3165 2117 διωθεῖται
3194 2063 3288 2116 καὶ¹
3315 2060 3700 2130 διακρούεται,

2030 2151 2244 2211 πάντας
2276 2152 2457 2221 ῥίπτει
2504 2152 2790 2221 πλαγίους.
2835 2153 2900 2205 EE
2942 2151 3015 2222 μὴ
3059 2152 3123 2204 σὺ
3157 2149 3358 2221 μᾶλλον
3391 2149 3576 2218 ἀλγεῖς
3607 2147 3702 2201 τοὺ

2030 2233 2399 2305 ὑϐρισθέντος,
2456 2234 2667 2306 ὕϐριζε,
2709 2234 2816 2288 κᾶν
2886 2235 3076 2305 μηδεὶς
3123 2236 3151 2288 6
3221 2233 3501 2301 ἐγκαλῶν·
3544 2233 3593 2284 εί
3626 2233 3703 2303 μὴ

2027 2320 2088 2374 τὺ
2121 2320 2216 2374 τοῦ
2235 2319 2262 2360 ἀ
2299 2321 2599 2386 συνειδότος
2626 2322 2978 2393 δικαστήριον
3025 2321 3131 2392 ἰδίᾳ
3155 2337 3214 2373 σε
3245 2319 3410 2372 λαϐὸν
3451 2319 3704 2390 μαστίζει

2031 2411 2221 2481 μυρία.
2259 2411 2430 2464 Ὅταν
2477 2406 2570 2464 οὖν
2617 2410 2881 2483 ἀκούσῃς,
2929 2411 3010 2463 ὅτι
3057 2411 3086 2463 6
3135 2408 3490 2480 ὑϐριζόμενος
3547 2405 3704 2460 οὑδέν

2027 2497 2249 2562 ἐξέϐαλε
2280 2497 2439 2569 ῥῆμα
2467 2499 2686 2569 πικρὸν,
2721 2499 2844 2568 οὑχὶ
2874 2498 3047 2569 ταύτῃ
3079 2497 3277 2567 μᾶλλον
3315 2495 3536 2563 ἀλγεῖς;
3564 2493 3702 2547 Είπέ

2029 2603 2141 2655 μοι,
2189 2585 2310 2649 πῶς
2345 2585 2632 2656 ἄνθρωπον
2672 2588 2848 2657 πρᾶον
2903 2588 2995 2640 καὶ
3024 2585 3312 2647 ταπεινὸν,
3344 2583 3436 2638 καὶ
3481 2583 3700 2653 ἐπιεικῆ

2029 2672 2254 2742 μυρίαις
2294 2671 2528 2734 ἐπλυνας
2563 2672 2892 2745 λοιδορίαις;
2938 2671 3122 2726 Ταῦτα
3157 2671 3389 2740 λέγομεν
3431 2668 3704 2740 συνεχῶς,

2025 2759 2125 2828 οὑχ
2153 2759 2371 2830 ὁρῶμεν
2407 2759 2465 2812 δέ
2503 2759 2922 2830 ἐπιδεικνύμενα
2947 2759 3034 2812 διὰ
3073 2758 3185 2812 τῶν
3215 2758 3412 2830 ἔργων.
3456 2756 3703 2827 Ἀνθρω-

2025 2863 2126 2908 πος
2149 2846 2224 2898 ὢν
2255 2845 2542 2916 ἄνθρωπον
2587 2845 2866 2916 ὑϐρίζεις;
2917 2845 3105 2910 δοῦλος
3140 2844 3216 2898 ὢν
3249 2846 3342 2899 τὸν
3371 2843 3699 2914 όμόδουλον;

2035 2933 2198 2986 Ἀλλά
2225 2934 2278 2985 τί
2313 2933 2470 2987 τοῦτο
2512 2933 2799 3004 θαυμάζω,
2829 2935 2965 2987 ὅπου
3001 2951 3065 3004 γε
3110 2934 3206 2987 καὶ
3236 2932 3369 2987 Θεὸν
3417 2930 3700 3004 ὑϐρίζουσι

2025 3019 2207 3074 πολλοί
2227 3036 2241 3085 ;

2092 3129 2136 3182 δ’
2143 3171 2156 3183 .
2190 3129 2361 3183 Τοῦτο
2386 3131 2521 3202 πρὸς
2563 3131 2708 3198 ὑμᾶς
2736 3129 2878 3184 ἔστω
2905 3130 3230 3202 παραμυθία
3249 3129 3376 3193 τοὺς
3405 3128 3703 3200 ὑϐριζομέ-

2023 3233 2169 3280 νους.
2187 3216 2534 3288 Ὑϐρίζεσθε;
2558 3217 2840 3290 ὑϐρίζεται
2866 3219 2962 3272 καὶ
2981 3218 3133 3282 Θεός.
3153 3218 3536 3284 Ὀνειδίζεσθες
3558 3219 3700 3271 ὁνει·

2027 3305 2230 3368 δίζεται
2252 3307 2345 3359 καὶ
2365 3305 2519 3369 θεός.
2551 3306 2890 3360 Διαπτύεσθε
2912 3323 2928 3373 ;
2952 3306 3176 3378 καὶγὰρ
3201 3306 3296 3360 καὶ
3322 3306 3641 3378 ὁΔεσπότης
3670 3309 3702 3360 6

2022 3393 2310 3464 ἡμέτερος.
2356 3393 2445 3446 Ἐν
2481 3393 2579 3463 μὲν
2606 3390 2698 3449 οὖν
2727 3393 2938 3459 τούτοις
2960 3396 3094 3466 ήμῖν
3125 3396 3392 3456 κοινωνεῖ,
3423 3396 3481 3448 ἐν
3509 3394 3564 3447 δὲ
3585 3397 3701 3458 τοῖς

2023 3479 2285 3544 ἐναντίοις
2313 3480 2411 3532 οὑκ
2443 3479 2542 3534 ἐτι.
2571 3479 2720 3552 [500]
2763 3481 2839 3534 Οὑ
2855 3481 2964 3553 γὰρ
2982 3481 3204 3552 ὕϐρισεν
3220 3481 3419 3544 ἀδίκως
3441 3481 3592 3535 ποτέ·
3622 3481 3699 3552 μὴ

2023 3567 2252 3637 γένοιτο·
2277 3567 2398 3621 οὑδὲ
2424 3568 2698 3622 ὠνείδισεν
2723 3569 2933 3632 ἁπλῶς,
2960 3569 3082 3622 οὑδέ
3115 3569 3397 3640 ἠδίκησεν.
3437 3569 3599 3621 Ὥστε
3634 3572 3702 3640 ή-

2027 3657 2147 3724 μεῖς
2164 3658 2328 3725 ἐσμεν
2347 3658 2393 3709 οἱ
2417 3657 2819 3719 κοινωνοῦντες,
2841 3659 2941 3727 οὐχ
2961 3659 3139 3728 ὑμεῖς.
3173 3658 3246 3710 Τὸ
3279 3659 3378 3728 μὲν
3400 3657 3510 3727 γάρ
3545 3655 3698 3728 ὑϐρι-

2024 3741 2248 3812 ζόμενον
2279 3743 2486 3814 φέρειν,
2514 3743 2670 3813 Θεοῦι·
2708 3744 2770 3797 τὸ
2805 3745 2863 3797 δέ
2893 3745 3134 3815 ὑϐρίζειν
3187 3744 3395 3809 ἁπλῶς,
3423 3745 3696 3814 δαίμονος.

2028 3830 2194 3882 Ἴδετε
2242 3830 2341 3894 τάς
2397 3831 2491 3884 δύο
2537 3831 2780 3903 μερίδας.
2833 3833 3148 3901 Δαιμόνιον
3179 3834 3357 3902 ἔχεις,
3397 3834 3630 3903 ἤκουσεν
3668 3835 3698 3887 6

2023 3917 2276 3984 Χριστός·
2312 3917 2618 3988 ἐρραπίσθη
2643 3919 2751 3972 ἀπὸ
2772 3918 2865 3972 τοῦ
2896 3918 3083 3973 δούλου
3116 3920 3210 3973 τοῦ
3261 3920 3581 3991 ἀρχιερέως.
3631 3922 3696 3974 οι

2023 4002 2334 4074 ὑϐρίζοντες
2389 4005 2568 4058 τοίνυν
2632 4005 2854 4069 ἀδίκως,
2893 4006 3010 4076 μετ’
3070 4006 3294 4059 ἐκείνων
3323 4018 3347 4046 θ
3378 4006 3692 4078 ἑστήκασιν·

2022 4091 2269 4155 είκότως.
2290 4093 2355 4146 Εί
2378 4094 2488 4165 γὰρ
2512 4093 2540 4146 6
2565 4092 2770 4164 Πέτρος
2797 4093 2892 4146 καὶ
2920 4095 3164 4157 Σατανᾶς
3195 4093 3394 4165 ἤκουσε
3424 4094 3493 4148 δι’
3515 4094 3574 4149 ἓν
3599 4096 3700 4168 ῥῆ-

2026 4195 2121 4249 μα,
2157 4178 2337 4250 πολλῷ
2367 4179 2570 4250 μᾶλλον
2625 4175 2772 4235 οὗτοι
2817 4180 3059 4236 Ἰουδαῖοι
3089 4181 3432 4246 ἀκούσονται,
3473 4182 3600 4238 ὅταν
3626 4184 3696 4237 τὰ

2035 4264 2301 4318 Ἰουδαίων
2326 4265 2573 4329 ποιῶσιν,
2597 4267 2786 4338 ὥσπερ
2809 4267 3050 4320 κάκεῖνοι
3071 4266 3318 4321 διαϐόλου
3341 4268 3525 4334 τέκνα,
3547 4271 3697 4325 ἐπειο

2021 4351 2088 4422 δὴ
2139 4351 2211 4405 τά
2263 4352 2356 4406 τοῦ
2416 4353 2662 4407 διαϐόλου
2725 4354 3064 4427 εἰργάζοντο.
3139 4354 3430 4427 Ὑϐρίζεις,
3465 4359 3552 4423 τίς
3592 4359 3691 4424 ὣν,

2022 4441 2144 4494 είπέ
2181 4459 2310 4512 μοι;
2350 4443 2565 4496 Μᾶλλον
2601 4443 2659 4495 δέ
2685 4443 2774 4498 διά
2830 4443 2990 4496 τοῦτο
3020 4444 3283 4516 ὑϐρίζεις,
3317 4446 3504 4517 ἐπειδὴ
3542 4448 3695 4502 οὑδέν

2022 4523 2093 4581 εἷ·
2141 4528 2319 4592 οὐδεὶς
2343 4531 2452 4600 γάρ
2483 4529 2772 4600 ἄνθρωπος
2822 4529 2898 4584 ῶν
2930 4531 3162 4604 ὑϐρίζει.
3213 4531 3376 4586 Ὥστε
3407 4533 3436 4586 6
3475 4532 3696 4602 λέγεται

2021 4616 2078 4669 ἐν
2104 4617 2224 4677 ταῖς
2252 4616 2475 4686 μάχαις,
2535 4617 2608 4669 Σὺ
2638 4616 2722 4682 τίς
2747 4611 2831 4684 εἷς
2883 4617 2943 4683 ἐξ
2989 4619 3238 4682 ἐναντίας
3266 4618 3372 4672 ἔδει
3418 4618 3690 4688 λέγεσθαι·

2019 4695 2154 4762 οἷον,
2185 4701 2440 4770 ’Ύϐριζε,
2474 4702 2652 4771 λέγειν
2706 4704 2892 4775 ἐχρῆν·
2927 4704 3082 4757 οὐδὲν
3105 4703 3214 4774 γὰρ
3249 4699 3322 4758 εἴ·
3381 4704 3478 4759 νῦν
3502 4705 3561 4758 δὲ
3607 4707 3697 4759 1e—

2020 4789 2227 4858 γόντων
2263 4790 2444 4859 ήμῶν,
2480 4793 2568 4854 Ὧς
2597 4792 2684 4854 τίς
2714 4790 2993 4862 ὑϐρίζεις;
3038 4792 3125 4854 Ὠς
3159 4790 3381 4860 βελτίων
3435 4808 3551 4855 σου,
3603 4794 3695 4848 διά

2021 4877 2240 4930 πάντων
2267 4877 2486 4931 ἀκούειν
2517 4877 2654 4932 ἔστι.
2687 4881 2798 4932 Καὶ
2830 4879 2936 4949 μὴν
2975 4877 3038 4930 τὸ
3087 4879 3327 4931 ἐναντίον
3361 4878 3467 4931 εδει
3489 4879 3712 4949 λέγειν·

2019 4966 2134 5019 ἀλλ’
2169 4967 2357 5036 ἐπειδὴ
2381 4968 2544 5037 ἡμεῖς
2568 4967 2757 5029 κακῶς
2803 4966 3116 5036 ἐρωτῶμεν,
3141 4967 3228 5020 διά
3250 4966 3408 5020 τοῦτο
3437 4970 3686 5028 κάκεῖνοι

2019 5054 2204 5116 κακῶς
2227 5054 2633 5125 ἀποκρίνονται·
2670 5054 2814 5107 ὥστε
2867 5056 3030 5124 ήμεῖς
3061 5053 3244 5108 αἴτιοι.
3308 5057 3394 5120 Ὠς
3438 5059 3692 5128 μεγάλων

2017 5142 2128 5212 γὰρ
2163 5142 2374 5212 ἀνδρῶν
2397 5143 2566 5198 ὅντων
2597 5142 2705 5196 τῶν
2766 5143 3117 5216 ὑϐριζόντων,
3143 5145 3284 5198 οὕτω
3308 5144 3556 5217 λέγομεν·
3598 5151 3692 5216 Ὧς

2015 5230 2099 5293 τίς
2126 5230 2397 5299 ὑϐρίζεις;
2423 5231 2524 5284 Διά
2560 5229 2717 5283 τοῦτο
2770 5232 3012 5284 κάκεῖνοι
3063 5231 3237 5294 οὕτως
3280 5233 3686 5305 ἀποκρίνονται.

2017 5318 2338 5372 Τοὺναντίον
2374 5319 2428 5372 δέ
2463 5319 2632 5388 ἐχρῆν
2662 5319 2862 5387 λέγειν·
2927 5319 3235 5391 ’Υϐρίζειςς
3271 5321 3480 5391 ὕϐριζε·
3515 5324 3690 5382 οὐδεὶς

2017 5409 2125 5478 γὰρ
2154 5403 2221 5460 εἴ.
2263 5410 2404 5479 [Ιρδς
2436 5409 2492 5460 δέ
2523 5410 2648 5472 τοὺς
2673 5409 2774 5479 οὑχ
2807 5409 3129 5480 ὑϐρίζοντας
3168 5411 3327 5464 τοῦτο
3353 5411 3552 5480 μᾶλλον
3581 5413 3688 5465 ἔδει

2016 5495 2290 5563 λέγεσθαι·
2335 5497 2424 5559 Ὠς
2445 5497 2526 5559 τίς
2549 5498 2647 5567 οὑχ
2683 5497 2959 5567 ὑϐρίζεις;
2991 5498 3264 5568 ὑπερέϐης
3289 5500 3388 5568 τὴν
3414 5499 3688 5569 ἀνθρωπί-

2016 5602 2114 5650 νην
2142 5586 2322 5652 φύσιν.
2363 5584 2534 5637 Τοῦτο
2559 5586 2829 5654 εὐγένεια,
2858 5585 3017 5639 τοῦτο
3037 5586 3340 5656 ἐλευθερία,
3367 5586 3534 5656 μηδὲν
3589 5589 3686 5640 ἀν-

2016 5673 2298 5744 ελεύθερον
2321 5673 2678 5742 φθέγγεσθαι,
2707 5676 2808 5728 κᾶν
2835 5672 3038 5748 ἄξιοςῇ
3070 5693 3152 5738 τις
3187 5674 3427 5728 ἀκούειν.
3456 5675 3589 5728 Είπέ
3619 5678 3682 5748 δή

2019 5779 2130 5831 μοι,
2161 5763 2313 5815 πόσοι
2346 5764 2462 5834 οὐχὶ
2497 5764 2638 5830 ἄξιοί
2668 5767 2802 5817 εἰσιν
2847 5764 3216 5834 ἀναιρεῖσθαι;
3253 5762 3394 5815 Ἀλλ’
3446 5764 3596 5834 ὅμως
3623 5767 3685 5818 οὑ

2077 5865 2246 5932 ἀέτίἰιις
2273 5882 2384 5921 mss.
2413 5878 2463 5918 cl
2487 5869 2661 5930 Savil.,
2709 5871 2918 5931 ἐγκαλῶν
2946 5868 2994 5929 ᾖ,
3042 5869 3096 5914 τὸ
3141 5866 3244 5916 τοῦ.
3347 5880 3371 5908 ε
3403 5867 3537 5920 linus
3583 5871 3684 5932 μετ’

2019 5929 2208 5976 ἐκεῖνον.
2562 5957 2566 5961 ι
