4100 6354
379 260 478 315 281

385 371 532 423 ποιεῖ
559 368 717 423 τοῦτο
744 371 812 424 δι’
837 370 1030 424 ἑαυτοῦ
1064 373 1092 424 6
1119 371 1399 442 δικαστὴς,
1443 374 1559 426 ἀλλ’
1589 375 1786 445 ἐρωτᾷ·
1815 374 1910 427 καὶ
1935 374 2057 427 οὑδέ

379 455 544 522 ,τοῦτο
571 455 638 508 δι’
674 458 887 511 ἐαυτοῦ.
930 459 991 510 Εἰ
1040 459 1097 510 δὲ
1125 459 1465 526 διαλέγεσθαι
1521 460 1793 530 ἀνθρώπῳ
1838 459 2060 530 πονηρῷ

388 544 488 595 οὑκ
509 543 735 596 ἀνεκτὸν
762 544 1065 608 δικάζοντα,
1091 546 1225 597 ἀλλὰ
1258 547 1407 615 μέσῳ
1436 548 1541 599 τινὶ
1567 548 1854 616 κέχρηται,
1880 547 2060 617 πολλῷ

394 630 591 698 μᾶλλον
619 633 767 700 ἡμᾶς
819 634 944 694 τοὺς
987 633 1280 702 ὁμοτίμους
1314 633 1553 704 ὑϐρίζειν
1582 634 1642 687 οὑ
1668 636 1796 705 χρή·
1847 638 1906 688 οὑ
1953 635 2061 706 γὰρ

390 716 531 770 οὑτω
567 717 646 788 τῷ
672 718 891 787 ὑϐρίσαι
944 719 1415 790 πλεονεκτήσομεν
1462 720 1664 786 αὐτῶν,
1695 721 1771 786 ὡς
1799 721 1877 793 τῷ
1915 721 2062 775 διδα-

392 805 605 876 χθῆναι,
628 809 708 861 ὅτι
734 808 1036 878 ὑϐρίσαμεν
1072 808 1320 872 ἑαυτούς.
1343 810 1481 872 Τοὺς
1510 810 1607 879 μὲν
1654 807 1747 864 οὖν
1791 811 2062 882 πονηροὺς

391 893 478 946 διὰ
516 894 674 947 τοῦτο
704 893 826 948 οὔτε
860 895 1103 966 ὑϐρίζειν
1155 896 1280 966 χρὴ,
1309 898 1435 960 τοὺς
1467 896 1525 950 δὲ
1570 897 1809 965 ἀγαθοὺς
1863 899 1958 952 καὶ¹
1993 898 2060 950 δι’

393 979 599 1049 ἕτερον,
639 983 718 1035 ὅτι
772 983 872 1034 οὑκ
905 983 1046 1048 ἄξιοι
1078 1001 1091 1014 ·
1121 983 1218 1036 καὶ
1264 984 1468 1054 τρίτον,
1513 986 1593 1038 ὅτι
1625 985 1886 1056 ὑϐριστὴν
1919 984 2060 1040 εἶναι

393 1068 453 1119 οὑ
482 1070 607 1138 χρή.
631 1070 746 1122 Νῦν
773 1070 851 1132 δὲ,
880 1070 980 1141 δρα
1027 1071 1127 1123 ὅσα
1168 1071 1395 1139 γίνεται·
1446 1073 1727 1144 ὑϐρίζεται
1781 1076 1873 1127 καὶ
1926 1077 2062 1144 ἐπη-

393 1154 646 1224 ρεάζεται
681 1155 988 1226 ἄνθρωπος,
1044 1159 1137 1210 καὶ
1171 1160 1198 1210 6
1251 1159 1574 1230 ἐπηρεάζων
1623 1161 1929 1233 ἄνθρωπος,
1965 1163 2060 1216 καὶ

390 1240 440 1292 οί
473 1239 803 1310 Θεωροῦντες
843 1243 1140 1314 ἄνθρωποι.
1175 1245 1241 1296 Τί
1273 1243 1400 1312 οὑνς
1435 1248 1502 1300 τὰ
1529 1248 1692 1317 θηρία
1733 1249 1814 1301 δεῖ
1846 1251 1925 1312 είς
1961 1252 2059 1319 μέ-

393 1343 482 1379 σον
535 1328 706 1381 ἐλθεῖν
745 1331 841 1383 καὶ
890 1332 1176 1396 διαλῦσαι;
1211 1332 1369 1387 τοῦτο
1422 1335 1529 1405 γάρ
1572 1335 1840 1390 λείπεται.
1889 1337 2059 1390 Ὅταν

388 1414 494 1484 γάρ
529 1416 578 1467 οἱ
611 1417 938 1487 τερπόμενοι
985 1422 1050 1489 τῇ
1097 1419 1281 1491 ἀδικία
1335 1422 1609 1493 ἄνθρωποι
1643 1422 1763 1487 ὦσι,
1799 1427 1912 1488 τοῖς
1958 1424 2058 1495 θη-

391 1501 524 1570 ρίοις
554 1505 585 1573 ἡ
619 1505 931 1577 καταλλαγὴ
974 1506 1242 1561 λείπεται·
1275 1508 1464 1580 ὥσπερ
1516 1507 1607 1565 οῦν
1634 1512 1908 1565 δεσποτῶν
1953 1531 2059 1583 μα-

385 1590 632 1658 χομένων
670 1595 726 1645 ἐν
761 1593 929 1664 οἰκία,
964 1595 1208 1650 λείπεται
1251 1599 1376 1660 τοὺς
1409 1600 1623 1663 οἰκέτας
1667 1601 2057 1656 καταλλάττειν

386 1674 563 1741 (τοῦτο
592 1678 700 1748 γάρ
729 1681 760 1750 ή
791 1681 883 1734 τοῦ
911 1683 1233 1754 πράγματος
1255 1685 1414 1755 φύσις
1441 1689 1680 1749 ἀπαιτεῖ,
1700 1692 1749 1742 εἰ
1776 1690 2059 1761 καὶταύτῃ

384 1764 522 1833 τάχα
549 1765 621 1836 μὴ
657 1767 890 1840 γίνεται)
919 1770 1094 1827 οοῦτω
1130 1774 1226 1826 καὶ
1269 1775 1518 1828 ἐνταῦθα.
1565 1776 1874 1847 Ὑϐρίζεις;
1916 1779 2060 1832 είκό‹

383 1865 491 1934 τως
514 1868 528 1882 ·
553 1853 674 1906 οὐδὲ
714 1856 822 1926 γάρ
853 1857 1140 1927 ἄνθρωπος
1196 1856 1262 1914 εἴ.
1289 1862 1389 1914 Διὰ
1427 1861 1585 1915 τοῦτο
1625 1863 1770 1929 ἔδοξε
1819 1864 1962 1934 μέγα
2004 1883 2058 1918 τι

384 1932 576 2009 εἷναιή
613 1940 789 2013 ὕϐρις,
820 1946 914 1998 καὶ
940 1945 1084 2012 ἔδοξε
1112 1949 1224 2011 τοῖς
1257 1949 1512 2019 μεγάλοις
1543 1932 1859 2021 προσήκειν·
1918 1952 1978 2006 τὸ
1998 1953 2056 2006 δέ

383 2025 739 2096 ἀνδραπόδοις
769 2032 968 2100 μᾶλλον
993 2037 1280 2105 προσήκει,
1302 2036 1493 2106 ὥσπερ
1523 2038 1583 2090 τὸ
1608 2039 1875 2108 εὐφημεῖν
1904 2039 2057 2092 ἐλευ-

384 2111 563 2186 θέροις
627 2118 918 2188 ἐμπρέπει.
974 2121 1187 2194 Ὥσπερ
1218 2122 1328 2193 γάρ
1380 2125 1439 2176 τὸ
1470 2125 1655 2188 κακῶς
1690 2128 1863 2178 ποιεῖν
1916 2127 2060 2179 ἐκεί-

384 2216 510 2264 νων,
535 2201 676 2257 οὕτω
701 2205 762 2258 τὸ
808 2207 997 2272 κακῶς
1023 2209 1252 2280 πάσχειν
1287 2210 1440 2283 [501]
1493 2211 1717 2266 τούτων.
1761 2207 1886 2266 υἵόν
1941 2214 2058 2268 ἐστι

386 2286 654 2361 κλέπτρια
692 2292 852 2366 δούλη
881 2294 951 2348 τὰ
975 2295 1065 2350 τοῦ
1104 2297 1362 2351 δεσπότου
1414 2298 1689 2371 λαθραίως
1723 2299 2056 2372 ὑφαιροῦσα,

383 2375 622 2431 τοιοῦτόν
649 2378 703 2431 τί
732 2381 847 2435 ἐστι
877 2382 971 2436 καὶ
995 2384 1027 2453 ή
1056 2382 1232 2455 ὑϐρις·
1260 2385 1356 2440 καὶ
1385 2385 1461 2449 ὼς
1481 2386 1546 2439 ἂν
1565 2386 1718 2440 είποι
1744 2405 1851 2453 τις,
1881 2386 2058 2440 καθά-

1163 257 1222 314 S.
1257 258 1541 316 JOANNIS
1577 258 2067 318 CHRYSOSTOMI
2104 259 2425 319 ARCHIEP.
2467 262 3012 320 CONSTANTINOP.

2163 393 2269 446 περ
2318 379 2347 429 6
2372 377 2611 449 κλέπτης
2641 379 2844 450 σπουδῇ
2877 378 3059 431 εἰσιὼν
3101 375 3375 447 πανταχοῦ
3434 371 3830 438 περιϐλέπεται

2163 464 2452 532 ὑφελέσθαι
2472 482 2527 517 τι
2555 465 2888 529 σπουδάζων·
2913 464 3055 518 οὑτω
3088 466 3182 518 καὶ
3196 459 3350 526 οὗτος
3371 461 3549 515 πάντα
3568 473 3832 528 περισκο-

2162 555 2271 611 πεῖ,
2305 551 2586 606 ἐκϐάλλειν
2605 569 2659 605 τι
2680 552 2870 606 θέλων.
2897 551 3050 621 Τάχα
3079 551 3250 620 ἑτέρῳ
3279 551 3386 602 τινὶ
3419 545 3830 618 παραδείγματι

2161 638 2326 691 αὑτὸν
2357 639 2764 710 διαγράφωμεν.
2784 639 2995 707 Ὠσπερ
3026 637 3135 707 γάρ
3167 637 3324 700 εἴτις
3351 633 3518 704 σκεύη
3540 631 3832 702 ἀκάθαρτα

2162 726 2409 780 κλέπτων
2434 726 2494 791 ἐξ
2519 726 2719 790 οίκίας,
2753 725 2848 779 καὶ
2873 724 3081 790 ἐξάγων
3101 725 3320 778 πάντων
3345 720 3676 792 ἔμπροσθεν,
3707 716 3832 786 οὑχὶ

2160 813 2231 866 τὰ
2259 812 2620 884 ὑφαιρεθέντα
2677 811 2876 883 ᾔσχυνε
2929 810 3207 876 τοσοῦτον,
3241 810 3363 863 ὅσον
3411 806 3570 869 αὑτὸς
3609 804 3826 869 ἑαυτὸν,

2161 901 2333 954 ταῦτα
2381 901 2708 971 ὑφελόμενος
2745 900 2840 953 καὶ
2889 898 3097 966 ἐξάγων
3123 915 3139 930 ·
3185 897 3329 949 οὕτω
3386 895 3450 964 δὴ
3501 894 3596 946 καλ⁵
3646 885 3827 955 οὗτος,

2161 989 2406 1044 ἐκϐαλὼν
2453 988 2760 1060 ἔμπροσθεν
2813 987 3029 1040 πάντων
3077 983 3363 1054 ἀκάθαρτα
3411 983 3648 1052 ῥήματα,
3704 977 3832 1046 οὑχὶ

2161 1077 2382 1147 ἐτέρους
2403 1075 2654 1147 ᾔσχυνεν,
2684 1075 2796 1128 ἀλλ’
2829 1073 3018 1127 ἐαυτὸν
3062 1072 3152 1125 διὰ
3181 1070 3290 1124 τῶν
3345 1070 3626 1141 ῥημάτων,
3687 1082 3828 1135 προ-

2160 1163 2384 1232 αγαγὼν
2413 1163 2634 1216 τοιαῦτα
2664 1163 2758 1216 καὶ
2785 1160 3210 1233 καταρῤυπάνας
3237 1157 3400 1211 αὑτοῦ
3424 1156 3518 1209 καὶ
3531 1155 3628 1224 τὴν
3653 1152 3832 1221 γλῶτ-

2159 1270 2257 1306 ταν
2286 1251 2380 1305 καὶ
2403 1251 2500 1322 τὴν
2524 1251 2782 1304 διάνοιαν.
2829 1248 3034 1302 Ταυτὸν
3071 1247 3180 1318 γάρ
3225 1246 3452 1314 γίνεται,
3501 1244 3628 1296 ὅταν
3687 1241 3832 1311 πρὸς

2158 1343 2284 1404 τοὺς
2313 1341 2580 1411 πονηροὺς
2622 1337 2942 1410 μαχώμεθα,
2992 1335 3179 1406 ὥσπερ
3204 1334 3267 1388 ἃν
3303 1333 3358 1386 εῐ
3402 1349 3487 1394 τις
3540 1329 3831 1400 ἄνθρωπος

2159 1431 2248 1483 τὸν
2278 1430 2336 1482 ἐν
2375 1427 2628 1497 σηπεδόνι
2666 1426 2793 1479 ὄντα
2817 1425 2953 1495 ὑπὲρ
2978 1423 3071 1476 τοῦ
3116 1421 3317 1489 πλῆξαι
3375 1417 3575 1488 μολύνῃ
3609 1415 3827 1481 ἑαυτὸν,

2161 1518 2344 1582 καθεὶς
2377 1517 2541 1570 αὑτοῦ
2566 1515 2660 1579 τὰς
2695 1517 2881 1584 χεῖρας
2928 1513 3007 1574 είς
3058 1510 3149 1564 τὸν
3188 1506 3463 1579 βόρϐορον.
3509 1503 3691 1557 Ταῦτα
3731 1502 3827 1572 δὴ,

2163 1605 2489 1676 παρακαλῶ,
2539 1603 2715 1657 πάντα
2747 1598 3211 1668 ἀναλογιζόμενοι,
3269 1594 3560 1663 φεύγωμεν
3589 1592 3688 1658 τὴν
3738 1591 3832 1642 ἐν-

2160 1695 2352 1748 τεῦθεν
2381 1692 2603 1763 βλάϐην,
2629 1689 2724 1743 καὶ
2748 1687 2991 1758 εὑφημον
3042 1686 3252 1756 ἔχωμεν
3285 1681 3548 1750 γλῶτταν,
3582 1679 3670 1732 ἵνα
3717 1694 3830 1730 κα-

2163 1782 2485 1854 θαρεύοντες
2540 1778 2722 1845 πάσης
2783 1775 3030 1844 ὕϐρεως,
3098 1771 3418 1841 δυνηθῶμεν
3475 1767 3611 1838 μετά
3664 1767 3833 1854 ἀκρι-

2161 1852 2315 1931 ϐείας
2372 1867 2464 1920 τὸν
2507 1864 2750 1934 παρόντα
2795 1862 2905 1932 βίον
2955 1861 3223 1923 διανύσαι,
3265 1859 3358 1913 καὶ
3405 1856 3515 1909 τῶν
3555 1852 3833 1923 ἐπηγγελ-

2163 1957 2340 2026 μένων
2373 1952 2591 2021 ἀγαθῶν
2619 1953 2730 2013 τοῖς
2764 1947 3048 2016 ἀγαπῶσιν
3102 1945 3264 2000 αὑτὸν
3314 1945 3607 2012 ἐπιτυχεῖν,
3639 1941 3832 2011 χάριτι

2161 2044 2254 2096 καὶ
2309 2038 2689 2110 φιλανθρωπίᾳ
2739 2035 2833 2088 τοῦ
2876 2035 3081 2105 Κυρίου
3127 2033 3283 2105 ἡμῶν
3341 2031 3512 2102 Ἰησοῦ
3557 2028 3826 2100 Χριστοῦ,

2164 2128 2282 2199 μεθ’
2309 2123 2368 2180 οὗ
2394 2125 2473 2196 τῷ
2502 2125 2678 2194 Πατρὶ
2714 2124 2829 2192 ἅμα
2874 2122 2952 2191 τῷ
3002 2122 3141 2190 ἀγίῳ
3181 2118 3456 2188 Πνεύματι
3501 2115 3648 2180 δόξα,
3683 2113 3831 2185 κρά-

2158 2233 2272 2280 τος,
2299 2213 2455 2286 τιμὴ,
2481 2211 2574 2265 νῦν
2603 2214 2696 2265 καὶ
2724 2210 2833 2276 ἀεὶ,
2861 2209 2956 2263 καὶ
2978 2211 3056 2274 είς
3077 2207 3203 2271 τοὺς
3241 2207 3442 2269 αἰῶνας
3466 2205 3575 2258 τῶν
3607 2202 3830 2259 αἰώνων

2172 2304 2366 2373 Ἀμήν.

2261 2520 3717 2550 ...η-...Μ

1909 2663 2154 2717 OMIAIA
2193 2663 2284 2717 Μ’.

395 2750 560 2822 Ὧδέ
589 2750 830 2822 Παῦλος
865 2750 1343 2822 έτιρτροσμείνας
1398 2753 1623 2822 ἡμέρας
1663 2755 1895 2820 ἱκανὰς,
1932 2755 2057 2821 τοῖς

390 2865 392 2868 μ
454 2821 740 2892 ἀδελφοῖς
761 2821 1234 2892 ἀποταξάμενος,
1269 2821 1518 2886 ἐξέπλει
1536 2827 1623 2887 εις
1673 2823 1788 2890 τὴν
1812 2826 2055 2892 Συρίαν,

455 2890 553 2943 καὶ
605 2889 726 2962 σὺν
787 2890 947 2955 αὐτῷ
1003 2889 1346 2960 Πρίσκιλλα
1406 2893 1500 2946 καί
1545 2889 1813 2962 Ἀκύλας,
1868 2889 2060 2962 κειράε

451 2976 636 3097 μξῆνος
669 2958 784 3027 τὴν
830 2958 1108 3030 κεφαλήν
1143 2963 1214 3016 ὲν
1250 2963 1592 3033 Κεγχρεαῖς·
1640 2958 1779 3032 εἶχε
1809 2967 1921 3034 γὰρ
1954 2958 2058 3018 εὑ-

456 3049 494 3097 χ
543 3047 598 3084 ν.
1737 3055 1756 3070 κ

456 3047 598 3098 χηνο
1737 3055 1756 3070 κ

457 3236 526 3284 α’.
553 3229 693 3301 Ὅρα
715 3232 832 3294 πῶς
849 3233 876 3283 6
896 3230 1058 3300 νόμος
1086 3229 1443 3282 καταλέλυται
1460 3242 1510 3294 ι,
1526 3231 1625 3302 δρα
1645 3231 1764 3295 πῶς
1788 3230 1864 3302 τῷ
1884 3248 2059 3285 συνει-

385 3317 497 3370 δότι
516 3319 844 3387 κατείχοντο.
867 3318 1038 3370 Τοῦτο
1065 3318 1353 3371 Ἰουδαϊκὸν
1375 3315 1442 3386 ἦν
1459 3318 1518 3370 τὸ
1539 3318 1822 3389 κείρασθαι
1842 3319 1942 3383 τάς
1964 3336 2059 3373 κε-

387 3405 562 3470 φαλὰς
580 3407 698 3457 κατ’
723 3405 910 3474 εὐχήν.
934 3404 1078 3473 Πλὴν
1092 3405 1199 3456 ἔδει
1216 3406 1306 3457 καὶ
1324 3405 1514 3457 θυσίαν
1531 3406 1942 3476 γενέσθαιῄτις
1959 3406 2058 3460 οὑκ

386 3491 603 3557 ἐγένετο
627 3492 762 3560 μετά
777 3492 837 3543 τὸ
851 3492 1189 3562 τυπηθῆναι
1208 3494 1294 3545 τὸν
1313 3494 1613 3564 Σωσθένην.
1632 3494 1779 3546 Ἔδει
1800 3493 2056 3547 ἀπελθεῖν

387 3577 568 3629 αὑτόν.
607 3578 698 3629 Διὸ
719 3578 813 3630 καὶ
857 3578 1156 3646 ἐπείγεται.
1213 3581 1321 3634 Καὶ
1362 3581 1847 3652 παρακαλούμενος
1876 3585 2055 3650 μεῖναι

388 3667 520 3730 παρ’
553 3664 735 3727 αὑτοῖς
767 3667 824 3719 ἐν
865 3666 1093 3736 Ἐφέσῳ,
1129 3669 1227 3719 οὑκ
1260 3668 1534 3738 ἀνέχεται.
1566 3669 1725 3731 Τίνος
1749 3668 1842 3722 οὖν
1870 3670 2056 3722 ἐνεκεν

389 3751 551 3804 πάλιν
602 3749 700 3820 τὴν
746 3752 1077 3823 Ἀντιόχειαν
1108 3755 1556 3825 καταλαμϐάνει;
1626 3757 1876 3823 Ἀναϐὰς
1924 3756 2053 3828 γὰρ,

391 3837 545 3908 φησὶ,
581 3837 679 3890 καὶ
705 3838 1138 3908 ἀσπασάμενος
1165 3841 1280 3908 τὴν
1320 3843 1700 3909 Ἐκκλησίαν,
1729 3837 1943 3911 κατέϐη
1969 3846 2056 3911 είς

400 3925 775 3992 Ἀντιόχειαν.
824 3927 1147 3997 Ἐπιθυμίαν
1176 3927 1287 3999 εἶχε
1334 3930 1434 4000 τῆς
1484 3929 1709 3993 πόλεως,
1770 3930 1956 3984 παθών
2001 3949 2055 3984 τι

389 4011 726 4082 ἀνθρώπινον
746 4014 882 4082 πρὸς
912 4015 1100 4085 αὑτήν·
1130 4015 1362 4069 ἐνταῦθα
1410 4016 1516 4088 γάρ
1571 4017 2055 4088 ἐχρηματίσθησαν

390 4100 439 4151 οἰ
479 4099 718 4169 μαθηταὶ
751 4101 1032 4154 καλεῖσθαι
1063 4103 1396 4173 Χριστιανοὶ,
1435 4104 1665 4157 ἐνταῦθα
1687 4106 1954 4177 παρεδόθη
1982 4108 2050 4176 τῇ

390 4187 574 4257 χάριτι
607 4186 699 4238 τοῦ
728 4188 881 4248 Θεοῦ,
919 4189 1150 4242 ἐνταῦθα
1181 4191 1345 4261 ἤνυσε
1381 4192 1680 4260 πράγματα
1701 4191 1770 4245 τά
1801 4193 1946 4246 κατά
1993 4195 2055 4246 τὸ

389 4271 587 4342 δόγμα.
625 4274 731 4325 Καὶ
761 4276 788 4326 6
829 4275 924 4342 μὲν
959 4277 1038 4338 είς
1064 4275 1260 4346 Συρίαν
1300 4275 1534 4340 ἐξέπλει·
1567 4279 1792 4342 τούτους
1835 4280 1892 4332 δέ
1949 4282 2055 4349 ἀφ-

388 4359 522 4426 ῆκεν
551 4362 631 4422 είς
663 4361 914 4427 Ἔφεσον,
937 4363 1181 4428 εἰκότως,
1210 4364 1286 4426 ὠς
1311 4364 1638 4429 διδάξοντας.
1663 4366 1929 4419 Τοσοῦτον
1953 4368 2051 4419 αὑ-

387 4445 466 4516 τῷ
499 4448 882 4518 συγγενόμενοι
906 4450 1110 4519 χρόνον,
1171 4451 1339 4504 πολλὰ
1365 4453 1583 4522 ἔμαθον·
1617 4455 1710 4506 καὶ
1759 4455 1908 4523 ὅμως
1954 4455 2055 4524 τῆς

390 4535 679 4604 συνηθείας
711 4537 905 4599 αὐτοὺς
924 4537 1022 4589 οὑκ
1042 4539 1326 4608 ἀπήγαγεν
1353 4540 1564 4593 οὐδέπω
1591 4541 1690 4611 τῆς
1731 4542 2048 4612 Ἰουδαϊκῆς.

401 4621 535 4674 Ἰδοὺ
574 4625 668 4674 καὶ
697 4622 831 4692 γυνὴ
853 4623 912 4675 τὸ
945 4624 1057 4676 ἴσον
1079 4625 1302 4696 ἀνδράσι
1326 4627 1554 4680 ποιοῦσα
1583 4629 1676 4681 καὶ
1703 4628 2049 4682 διδάσκουσα.

388 4709 489 4760 Διά
517 4709 674 4762 τοῦτο
695 4709 962 4763 ἐκωλύετο
993 4713 1070 4773 εἰς
1096 4711 1193 4782 τὴν
1237 4713 1420 4766 Ἀσίαν
1451 4714 1642 4772 ἐλθεῖν,
1674 4714 1810 4783 πρὸς
1833 4715 1902 4767 τὰ
1925 4732 2056 4768 κατ-

390 4797 701 4865 επείγοντα,
726 4794 902 4867 οἶμαι,
941 4799 1314 4870 ἐλαυνόμενος.
1351 4803 1490 4870 Ὅρα
1521 4802 1651 4869 γοῦν
1701 4803 1934 4856 ἐνταῦθα
1962 4804 2056 4857 καὶ

389 4885 873 4954 παρακαλούμενον
925 4887 1086 4939 αὑτὸν
1153 4892 1352 4957 μεῖναι,
1413 4890 1504 4940 καὶ
1552 4890 1650 4941 οὐκ
1708 4890 2052 4960 ἀνεχόμενον,

391 4972 576 5043 ἐπειδὴ
648 4974 903 5040 ἠπείγετο
975 4975 1250 5028 ἀπελθεῖν.
1307 4976 1380 5027 Οὑ
1440 4975 1544 5045 μὴν
1602 4976 1788 5039 ἁπλῶς
1860 4978 2056 5042 αὐτοὺς

391 5060 614 5125 εἴασεν,
659 5060 796 5113 ἀλλά
853 5063 990 5130 μετά
1044 5061 1425 5132 ὑποσχέσεως·
1484 5063 1579 5116 καὶ
1631 5064 1812 5128 ὅπως,
1867 5065 2052 5119 ἄκουε·

389 5146 742 5214 Κατήντησε
763 5147 912 5220 [302]
937 5149 1022 5209 δὲ,
1047 5149 1228 5218 φησὶν,
1248 5151 1334 5214 είς
1353 5151 1636 5217 Ἔρεσον,
1660 5150 1755 5204 καὶ
1785 5150 2056 5216 ἐκείνους

391 5235 710 5290 κατέλιπεν
738 5238 946 5290 αὐτοῦ·
982 5237 1165 5301 αὐτὸς
1207 5237 1276 5290 δὲ
1306 5240 1594 5294 εἰσελθὼν
1653 5242 1740 5305 εἰς
1767 5239 1879 5305 τὴν
1907 5256 2056 5293 συν-

389 5321 647 5390 αγωγὴν,
703 5324 982 5393 διελέχθη
1038 5324 1162 5390 τοῖς
1207 5325 1534 5391 Ἰουδαίοις.
1581 5327 1955 5395 Ἑρωτώντων
1987 5327 2056 5380 δὲ

388 5408 588 5461 αὐτῶν
610 5411 708 5463 ἐπὶ
740 5413 993 5467 πλείονα
1027 5412 1251 5480 χρόνον
1274 5412 1473 5481 μεῖναι
1511 5416 1648 5481 παρ’
1677 5413 1901 5479 αὐτοῖς,
1943 5416 2052 5467 οὐκ

388 5495 738 5559 ἐπένευσεν,
775 5499 914 5551 ἀλλ’
946 5498 1282 5562 ἀπετάξατο
1319 5501 1543 5565 αὐτοῖς,
1604 5503 1803 5553 εἰπών·
1839 5500 1939 5554 Δεῖ
1979 5518 2056 5569 με

389 5583 627 5647 πάντως
653 5583 769 5650 τὴν
793 5584 1010 5650 ἑορτὴν
1038 5585 1152 5652 τὴν
1181 5586 1514 5654 ἐρχομένην
1545 5587 1795 5655 ποιῆσαι
1826 5591 1912 5652 είς
1951 5587 2056 5641 Ἰε-

389 5671 716 5737 ροσόλυμα·
749 5669 935 5722 πάλιν
958 5670 1024 5723 δὲ
1064 5672 1395 5741 ἀνακάμψω
1423 5674 1570 5739 πρὸς
1591 5673 1745 5741 ὑμᾶς
1769 5673 1874 5726 τοῦ
1907 5671 2054 5725 Θεοῦ

389 5757 686 5819 θέλοντος.
725 5756 831 5810 Καὶ
855 5755 1087 5826 ἀνήχθη
1124 5762 1237 5815 ἀ,τὲ
1262 5761 1364 5828 τῆς
1416 5759 1683 5828 Ἐφέσου,
1724 5760 1820 5812 καὶ
1847 5764 2055 5813 κατελ-

446 5891 472 5915 ﬂ
503 5880 533 5928 L1
544 5893 634 5928 nus
677 5883 976 5931 καταλύεται.

2162 2755 2282 2810 θὼν
2300 2758 2386 2821 είς
2409 2756 2788 2825 Καισάρειαν,
2823 2755 3072 2821 ἀναϐὰς,
3108 2754 3204 2808 καὶ
3250 2753 3679 2821 ἀσπασάμενος
3704 2754 3827 2823 τὴν

2173 2844 2554 2910 Ἐκκλησίαν,
2605 2844 2818 2910 κατέϐη
2871 2846 2956 2909 είς
3004 2843 3371 2910 Ἀντιόχειαν·
3417 2841 3514 2894 καί
3559 2840 3825 2908 ποιήσας

2159 2933 2382 2999 χρόνον
2401 2933 2554 2994 τινὰ,
2589 2930 2808 2999 ἐξῆλθε
2833 2929 3221 2998 ,διερχόμενος
3248 2927 3500 2993 καθεξῆς
3533 2927 3647 2995 τὴν
3696 2930 3823 2981 Γα-

2159 3015 2416 3083 λατικὴν
2447 3017 2645 3084 χώραν
2691 3016 2791 3070 καὶ
2842 3015 3122 3084 Φρυγίαν,
3157 3012 3542 3081 ἐπιστηρίζων
3588 3013 3824 3081 πάντας

2159 3103 2299 3168 τοὺς
2348 3104 2634 3172 μαθητάς.
2667 3105 2773 3156 Καὶ
2821 3105 2941 3174 δρα.
2979 3102 3222 3165 ἐκείνους
3271 3103 3398 3164 τοὺς
3451 3102 3646 3164 τόπους
3696 3119 3825 3155 κατ-

2160 3190 2485 3260 ελάμϐανεν,
2523 3189 2604 3256 οἷς
2657 3191 2824 3262 ἐπέϐη
2877 3191 2982 3262 πρὸ
3036 3190 3246 3245 τούτου.
3285 3189 3571 3255 Ἰουδαῖος
3615 3189 3685 3243 δέ
3728 3208 3824 3258 τις

2172 3279 2478 3346 Ἀπολλὼς
2509 3281 2772 3348 ὀνόματι,
2847 3277 3264 3346 Ἀλεξανδρεὺς
3320 3276 3399 3342 τῷ
3444 3275 3618 3346 γένει,
3661 3277 3824 3346 ἀνὴρ

2157 3367 2380 3436 λόγιος,
2405 3368 2785 3434 κατήντησεν
2809 3369 2894 3432 εὶς
2917 3368 3193 3434 Ἔφεσον,
3216 3364 3472 3429 δυνατὸς
3489 3363 3572 3416 ὢν
3589 3364 3659 3417 ὲν
3689 3365 3825 3432 ταῖς

2157 3456 2443 3524 Γραφαῖς.
2483 3457 2612 3510 Ἰδοὺ
2654 3456 2748 3509 καὶ
2792 3457 2962 3525 λόγιοι
3006 3456 3294 3525 ἠπείγοντο
3344 3455 3674 3525 κηρύττειν,
3722 3453 3824 3508 καὶ

2157 3542 2498 3612 ἀποδημοῦσι
2544 3542 2728 3595 λοιπὸν
2799 3544 2847 3595 οί
2904 3541 3162 3613 μαθηταί.
3210 3541 3370 3611 Ὁρᾷς
3421 3542 3662 3595 ἐπίδοσιν
3718 3540 3824 3594 τοῦ

2157 3629 2538 3700 κηρύγματος;
2594 3625 2781 3696 Οὗτος
2822 3627 2901 3700 ἦν
2932 3628 3346 3698 κατηχημένος
3380 3627 3495 3696 τὴν
3523 3628 3667 3682 ὁδὸν
3708 3627 3822 3682 τοῦ

2155 3717 2398 3782 Κυρίου,
2421 3716 2517 3769 καὶ
2547 3715 2687 3776 ζέων
2704 3716 2783 3781 τῷ
2811 3717 3105 3784 Πνεύματι
3129 3715 3355 3778 ἐλάλει,
3377 3716 3475 3768 καί
3497 3715 3824 3770 ἐδίδασκεν

2155 3803 2401 3871 ἀκριϐῶς
2433 3803 2505 3858 τὰ
2533 3804 2661 3871 ,περί
2692 3804 2797 3857 τοῦ
2827 3805 3067 3871 Κυρίου,
3095 3803 3491 3872 ἐπιστάμενος
3515 3804 3708 3871 μόνον
3747 3804 3821 3856 τὸ

2148 3892 2464 3960 βάπτισμα
2507 3893 2794 3946 Ἰωάννου.
2851 3888 3038 3957 Οὗτός
3066 3909 3130 3945 τε
3165 3891 3390 3959 ἤρξατο
3431 3889 3820 3958 παρρησιάζε-

2155 3983 2293 4032 σθαι
2325 3979 2394 4032 ἐν
2426 3978 2498 4046 τῇ
2527 3978 3285 4048 συναγωγῇἊκούσαντες
3317 3979 3386 4032 δὲ
3427 3977 3606 4032 αὐτοῦ
3651 3978 3816 4030 Ἀκύ-

2155 4071 2269 4132 λας
2330 4069 2426 4121 καὶ
2485 4069 2816 4134 Πρίσκιλλα
2841 4108 2855 4130 ,
2920 4067 3364 4134 προσελάϐοντο
3437 4065 3614 4120 αὑτὸν
3643 4108 3659 4130 ,
3709 4065 3811 4118 καί

2156 4155 2574 4222 ἀκριϐέστερον
2615 4153 2773 4219 αὐτῷ
2815 4154 3087 4219 ἐξέθεντο
3138 4154 3252 4222 τὴν
3308 4155 3414 4209 τοῦ
3449 4155 3595 4208 Θεοῦ
3647 4153 3816 4210 ὁδόν.

2159 4243 2220 4294 Εί
2247 4243 2306 4295 τὸ
2329 4243 2611 4312 βάπτισμα
2658 4242 2905 4296 Ἰωάννου
2941 4242 3100 4312 μόνον
3146 4242 3413 4311 ⁴ἠπίστατο
3470 4235 3646 4304 οὗτος,
3698 4241 3820 4304 πῶς

2154 4327 2231 4397 τῷ
2263 4329 2535 4398 Ηνεύματι
2564 4327 2711 4395 ἐζει;
2745 4330 2805 4382 τὸ
2829 4329 2937 4400 γὰρ
2965 4329 3186 4398 Πνεῦμα
3224 4329 3321 4399 οὑχ
3367 4327 3537 4392 οὕτως
3594 4327 3817 4383 ἐδίδοτο.

2159 4417 2220 4468 EE
2245 4415 2300 4468 δὲ
2330 4417 2422 4468 καὶ
2457 4418 2505 4468 οἰ
2539 4415 2676 4486 μετά
2722 4416 2910 4469 τοῦτον
2955 4417 3254 4487 ἐδεήθησαν
3287 4415 3380 4468 τοῦ
3439 4415 3821 4486 βαπτίσματος

2157 4502 2252 4556 τοῦ
2281 4503 2539 4574 Χριστοῦ·
2570 4503 2749 4574 πολλῷ
2783 4502 2982 4574 μᾶλλον
3023 4499 3175 4566 οὗτος
3234 4503 3426 4574 ἐδεήθη
3476 4503 3563 4556 ἄν.
3611 4503 3675 4554 Τί
3723 4499 3822 4558 οὖν

2159 4591 2306 4645 ἐστιν
2339 4593 2510 4644 εἰπεῖν
2531 4610 2545 4659 ;
2570 4592 2690 4645 οὑδὲ
2717 4593 2825 4662 γὰρ
2853 4591 3039 4650 ἁπλῶς
3069 4591 3264 4662 ἐφεξῆς
3297 4591 3492 4660 ἔθηκεν
3532 4590 3823 4661 ἀμφότερα

2155 4683 2184 4735 6
2207 4684 2572 4751 συγγραφεύς.
2622 4681 2772 4750 Ἐμοὶ
2800 4681 2946 4733 δοκεῖ
2992 4675 3070 4743 εἷς
3094 4677 3246 4742 οὗτος
3296 4675 3433 4732 εἶναι
3464 4679 3572 4732 τῶν
3623 4679 3824 4732 ἑκατὸν

2157 4769 2328 4822 εἴκοσι
2356 4769 2461 4820 τῶν
2487 4769 2622 4836 μετά
2641 4767 2752 4821 τῶν
2777 4768 3090 4821 ἀποστόλων
3126 4767 3529 4836 βαπτισθέντων
3546 4784 3560 4797 ·
3596 4766 3628 4838 ἢ
3653 4767 3704 4818 εἰ
3739 4767 3821 4838 μὴ

2154 4854 2330 4918 τοῦτο,
2371 4857 2506 4926 ὅπερ
2535 4856 2627 4907 ἐπὶ
2655 4856 2746 4908 τοῦ
2789 4856 3086 4926 Κορνηλίου
3134 4855 3344 4923 γέγονε.
3394 4854 3683 4923 γεγένηται
3722 4856 3822 4907 καὶ

2156 4944 2248 4995 ἐπί
2270 4943 2481 4995 τούτου.
2535 4943 2672 4995 Ἀλλ’
2699 4943 2760 4994 ού
2785 4942 3123 5011 βαπτίζεται,
3155 4942 3269 4996 ἀλλ’
3299 4943 3386 4994 ὅτε
3427 4940 3820 5011 ἀκριϐέστερον

2155 5032 2303 5102 αὑτῴ
2330 5032 2591 5096 ἐξέθεντο.
2617 5031 2787 5084 Τοῦτο
2819 5030 2875 5083 δὲ
2909 5025 3046 5084 εἷναί
3101 5047 3189 5100 μοι
3212 5028 3407 5097 ἀληθὲς
3435 5029 3703 5096 φαίνεται,
3733 5029 3820 5082 ὅτι

2157 5121 2250 5173 καὶ
2272 5120 2634 5190 βαπτισθῆναι
2668 5119 2828 5172 αὑτὸν
2857 5119 2983 5172 ἔδει·
3025 5120 3146 5171 ἐπεὶ⁸
3173 5119 3222 5170 οἱ
3272 5115 3477 5169 δώδεκα
3514 5117 3541 5156 δ
3568 5117 3618 5169 οἱ
3665 5115 3820 5170 ἄλλοι

2156 5210 2305 5263 οὐδὲν
2333 5211 2529 5281 ᾔδεσαν
2558 5209 2803 5280 ἀκριϐὲς,
2826 5209 2947 5261 οὑδέ
2976 5207 3043 5261 τὰ
3065 5207 3303 5276 περὶτοῦ
3343 5206 3538 5276 Ἰησοῦ.
3581 5205 3736 5268 Εἰκὸς
3757 5205 3820 5258 δὲ

2157 5300 2314 5351 αὑτὸν
2351 5299 2445 5350 καὶ
2475 5297 2855 5367 βαπτισθῆναι.
2888 5296 3030 5365 Πλὴν
3060 5293 3222 5348 εἰκαὶ
3255 5293 3408 5347 αὐτοὶ
3456 5295 3504 5347 οἰ
3565 5293 3817 5346 Ἰωάννου

2161 5388 2295 5457 μετά
2330 5387 2389 5439 τὸ
2415 5386 2696 5455 βάπτισμα
2720 5385 2880 5437 πάλιν
2908 5381 3282 5447 ἐϐαπτίζοντο,
3311 5382 3418 5435 ἔδει
3443 5381 3537 5434 καὶ
3559 5382 3685 5442 τοὺς
3709 5397 3821 5449 μα-

2157 5475 2324 5544 θητὰς
2352 5475 2510 5527 τοῦτο
2541 5473 2784 5542 ποιῆσαι.
2821 5470 3201 5540 Βουλομένου
3237 5469 3305 5522 δὲ
3332 5469 3516 5522 αὑτοῦ
3558 5467 3821 5520 διελθεῖν

2155 5565 2240 5626 εὶς
2266 5561 2379 5628 τὴν
2417 5562 2668 5629 Ἀχαΐαν,
2692 5558 3162 5629 προτρεψάμενοι
3189 5561 3244 5612 οι
3269 5556 3512 5626 ἀδελφοί
3546 5556 3822 5625 ἔγραψαν

2218 5825 2246 5863 ιτ
2281 5838 2410 5882 (ego
2445 5837 2485 5872 οι
2509 5823 2674 5872 εκατον
2708 5826 2878 5874 εἴκοσι.
2923 5823 3027 5884 Qua
3071 5823 3204 5872 enim
3240 5822 3430 5870 ratione
3465 5817 3526 5866 de
3549 5811 3818 5864 duodecim

2159 5887 2249 5935 huc
2273 5891 2366 5935 dici
2393 5892 2545 5951 pass".
2567 5887 2590 5935 Ὺ
2633 5888 2768 5936 lion.
