3948 6506
180 445 248 500 ΕΙ

174 547 429 612 umtrarium
452 539 547 596 dici
577 536 889 607 oportebat;
928 534 1023 590 sed
1052 534 1173 605 quia
1207 548 1304 588 nos
1329 533 1469 587 male
1497 532 1665 587 inter-

171 656 391 717 rogamus,
426 637 536 692 ideo
575 635 651 689 illi
686 634 828 689 male
868 630 1234 702 respondent:
1266 628 1448 696 itaque
1490 639 1586 680 nos
1616 625 1668 717 in

167 713 290 789 causa
316 741 493 786 sumus.
521 728 597 781 Ac
622 725 668 779 si
688 725 830 779 enim
858 723 935 778 illi
960 719 1333 778 contumeliosi
1354 718 1531 787 magni
1556 713 1674 785 qui-

170 831 261 883 dam
284 824 366 877 viri
384 827 566 883 essent,
598 818 669 872 ita
697 816 964 887 loquimur
988 833 1002 869 :
1026 813 1157 880 Quis
1183 821 1266 869 est
1284 810 1373 882 qui
1397 818 1674 865 contume-

166 919 260 973 liam
297 911 496 970 inferas?
536 910 661 965 Ideo
698 910 772 965 illi
821 910 899 964 sic
948 907 1291 978 respondent.
1340 903 1674 961 Contrarium

166 1024 267 1064 vero
290 1004 541 1076 oportebat
563 1002 744 1057 dicere
768 1020 782 1056 :
812 999 1147 1056 Contumelia
1167 997 1374 1053 afticis?
1401 1003 1677 1051 contume-

162 1103 213 1156 lia
236 1098 394 1163 attice;
423 1094 597 1150 nullus
622 1094 765 1150 enim
799 1107 879 1148 es.
912 1092 993 1147 Ad
1025 1091 1145 1145 illos
1174 1103 1321 1155 vero,
1365 1088 1456 1158 qui
1486 1095 1674 1141 contu-

164 1191 285 1246 melia
308 1204 400 1243 non
425 1185 689 1251 alliciunt,
719 1185 896 1256 potius
921 1183 1206 1239 dicendum
1245 1188 1360 1237 erat
1387 1197 1402 1234 :
1433 1179 1562 1247 Quis
1584 1194 1640 1233 es
1660 1220 1675 1244 ,

160 1285 225 1355 qui
250 1280 541 1337 contumelia
572 1294 676 1334 non
699 1277 905 1333 afficis?
937 1278 1220 1331 humanam
1241 1281 1483 1328 naturam
1506 1280 1677 1325 trans-

162 1377 362 1433 cendisti.
406 1374 511 1428 Hoc
552 1372 802 1428 nobilitas
848 1379 960 1437 est,
1007 1369 1141 1424 nihil
1181 1366 1443 1423 illiberale
1496 1364 1678 1434 loqui,

158 1468 322 1525 etiamsi
361 1466 470 1536 quis
498 1465 686 1519 audire
714 1464 784 1517 sit
811 1462 1025 1533 dignus.
1069 1461 1163 1514 Dic
1189 1474 1319 1513 vero
1354 1456 1485 1512 mihi
1505 1498 1520 1521 ,
1551 1463 1684 1526 quot

159 1578 238 1617 non
256 1568 360 1614 sunt
378 1558 515 1628 digni
538 1566 597 1611 ut
620 1556 963 1611 occidantur?
990 1569 1163 1624 neque
1186 1562 1359 1607 tamen
1386 1566 1481 1621 per
1501 1566 1560 1605 se
1581 1549 1684 1605 hoc

154 1653 277 1721 iudex
306 1651 435 1715 facit,
455 1648 551 1704 sed
575 1650 886 1717 interrogat,
917 1661 1089 1715 neque
1113 1661 1205 1714 per
1227 1645 1481 1714 scipsum.
1506 1642 1563 1697 Si
1583 1657 1687 1695 au-

159 1755 237 1798 lem
263 1742 439 1797 homini
468 1739 711 1809 improbo
728 1739 891 1808 judex
915 1754 1018 1791 non
1040 1737 1287 1807 dignatur
1312 1751 1406 1804 per
1428 1749 1487 1790 se
1515 1733 1681 1803 loqui,

154 1836 224 1890 sed
245 1833 401 1889 medio
432 1833 682 1902 quopiam
712 1832 897 1895 utitur,
941 1830 1107 1884 multo
1135 1829 1301 1899 magis
1332 1843 1429 1882 nos
1474 1835 1687 1897 oportet

154 1942 275 1996 pares
297 1940 392 1978 non
412 1924 733 1979 contumelia
756 1922 969 1976 allicere
994 1939 1007 1975 :
1038 1935 1141 1975 non
1164 1919 1305 1975 enim
1330 1920 1400 1973 ita
1426 1919 1531 1973 illis
1553 1932 1687 1990 prae-

152 2015 340 2087 ponendi
364 2015 563 2069 erimus
582 2055 599 2078 ,
631 2014 677 2068 si
708 2014 828 2067 illos
866 2010 1185 2067 contumelia
1216 2008 1528 2073 afficiamus,
1557 2019 1613 2062 ut
1639 2007 1685 2062 si

150 2110 413 2172 doceamur,
457 2107 604 2176 quod
646 2121 744 2161 nos
791 2107 938 2175 ipsos
975 2104 1293 2159 contumelia
1328 2102 1684 2158 alfecerimtts.

150 2199 279 2254 Malos
302 2215 418 2270 ergo
447 2197 570 2252 ideo
598 2197 920 2252 contumelia
948 2195 1164 2251 afﬁcere
1188 2210 1293 2248 non
1326 2203 1558 2264 oportet,
1594 2192 1689 2247 bo-

149 2308 225 2345 nos
245 2301 403 2346 autem
429 2289 533 2344 alia
566 2304 779 2359 quoque
804 2287 871 2342 de
892 2301 1072 2351 causa,
1103 2286 1244 2356 quod
1270 2301 1377 2340 non
1405 2294 1685 2341 contume-

147 2383 199 2435 lia
225 2381 349 2452 digni
378 2383 513 2443 sint;
549 2381 709 2434 tertio
733 2388 913 2434 autem
951 2380 1071 2448 quia
1099 2377 1542 2433 contumeliosum
1569 2391 1690 2432 esse

146 2493 227 2529 nou
244 2484 456 2544 oportet.
486 2474 639 2529 Nunc
660 2485 835 2529 autem
854 2472 974 2529 vide
996 2483 1193 2544 quanta
1218 2472 1347 2526 fiant
1372 2490 1384 2525 :
1415 2480 1691 2528 contume-

147 2568 198 2621 lia
221 2578 266 2621 et
290 2568 476 2621 damno
504 2567 742 2621 aflicitur
770 2566 964 2633 homo,
994 2579 1201 2619 necnon
1230 2564 1276 2618 is
1303 2566 1391 2633 qui
1424 2563 1567 2617 laedit
1589 2601 1604 2626 ,
1636 2567 1693 2616 et

145 2670 448 2728 spectatores.
483 2660 629 2728 Quid
657 2660 823 2730 ergo?
852 2674 975 2713 num
1023 2658 1161 2712 feras
1188 2658 1239 2710 in
1268 2656 1502 2711 medimn
1533 2669 1690 2710 acce-

147 2754 247 2806 dere
270 2762 506 2821 oportet,
557 2761 616 2805 et
658 2766 768 2805 rem
820 2748 1149 2803 diSsttlvel'c?
1197 2749 1296 2802 hoc
1325 2748 1467 2801 enim
1506 2756 1689 2801 restat.

143 2845 247 2898 Cum
269 2846 400 2898 enim
430 2844 684 2899 homines
705 2853 829 2899 sunt
851 2844 907 2907 ii,
929 2843 1017 2913 qui
1042 2842 1093 2896 in
1118 2841 1399 2912 iniquitate
1419 2840 1692 2897 delectan-

146 2946 228 3002 tur,
276 2937 390 2991 feris
428 2938 799 2993 reconciliatio
846 2947 1197 2992 reservatur:
1242 2934 1693 3006 quemadmodum

144 3028 258 3082 heris
279 3030 417 3083 domi
445 3029 835 3098 pugnantibus,
863 3037 1031 3082 restat
1065 3036 1121 3079 ut
1148 3026 1427 3080 domestici
1461 3026 1576 3079 illos
1603 3040 1691 3079 re-

1046 420 1113 477 I‘N
1154 422 1330 476 ACTA
1371 412 1891 473 APOSTOLORUM.
1934 412 2160 468 llOMIL.
2206 415 2320 470 XL-

3255 430 3364 479 28?.

1777 528 2065 583 concilient
2091 530 2108 597 (
2131 529 2230 582 hoc
2260 528 2403 582 enim
2433 537 2620 581 natura
2653 528 2726 583 rei
2753 526 2956 597 exigit,
2989 527 3197 582 etiamsi
3224 527 3361 584 forte

1776 621 1875 676 hac
1904 624 2111 677 ratione
2138 639 2241 675 non
2268 622 2380 692 fiat)
2404 640 2416 675 :
2447 623 2523 676 sic
2548 633 2602 676 et
2629 622 2730 675 hoc
2752 638 2902 685 casu,
2931 621 3262 677 Contumelia
3286 624 3363 675 al-

1775 713 1927 769 ficis?
1960 726 2013 769 et
2034 715 2159 784 jure
2188 716 2435 785 quidem;
2466 731 2571 769 non
2602 716 2745 770 enim
2783 714 2946 770 homo
2979 733 3055 770 es.
3100 717 3223 771 Ideo
3251 732 3363 771 ma-

1775 822 1936 877 gnum
1963 809 2235 877 quidpiam
2276 824 2396 864 esse
2422 810 2532 862 visa
2563 818 2647 863 est
2676 810 3036 876 contumelia",
3070 819 3123 863 et
3150 811 3358 880 magnis

1776 914 2107 969 congruere:
2138 901 2307 955 servis
2337 910 2514 956 autem
2539 903 2708 970 magis
2732 903 3007 971 competit,
3043 909 3100 956 ut
3125 901 3261 957 bene
3288 904 3367 956 lo-

1777 992 1866 1061 qui
1890 992 2090 1045 liberos
2114 990 2290 1046 decet.
2320 992 2469 1047 Sicut
2489 993 2632 1047 enim
2656 994 2792 1047 male
2816 993 2990 1048 facere
3010 993 3075 1047 ad
3102 992 3221 1048 illos
3243 1008 3366 1063 per-

1782 1085 1947 1147 tinet,
1983 1082 2060 1137 sic
2090 1082 2157 1137 ad
2187 1084 2285 1137 hos
2326 1085 2465 1137 mala
2510 1085 2637 1153 pati.
2672 1086 2911 1153 Exempli
2940 1100 3129 1149 causa,
3173 1083 3366 1138 ancilla

1782 1176 1981 1244 raptrix
2009 1183 2111 1239 est,
2134 1190 2253 1245 quae
2280 1189 2367 1229 res
2389 1175 2591 1229 domini
2617 1177 2807 1244 raptim
2834 1177 3060 1246 subripit
3088 1196 3101 1230 :
3135 1176 3257 1229 talis
3278 1184 3363 1229 est

1780 1274 1834 1319 et
1859 1266 2215 1320 contumelia:
2247 1274 2300 1320 et
2340 1275 2397 1319 ut
2422 1267 2541 1335 quis
2567 1266 2793 1330 dixerit,
2827 1267 2909 1320 fur
2945 1268 3214 1337 ingressus
3243 1276 3360 1319 stu—

1781 1357 1931 1412 diose
1956 1358 2150 1427 ubique
2178 1358 2467 1425 observat,
2495 1358 2691 1427 aliquid
2716 1360 2923 1412 auferre
2948 1373 3140 1413 curans
3165 1379 3177 1413 ε
3205 1359 3284 1413 sic
3310 1368 3365 1413 et

1784 1449 1885 1504 iste
1912 1450 2091 1503 omnia
2117 1450 2515 1519 circumspicit,
2543 1458 2600 1503 ut
2627 1450 2825 1518 aliquid
2856 1447 3064 1519 eripiat.
3089 1449 3372 1518 Aliogforte

1784 1540 2031 1609 exemplo
2072 1553 2245 1609 ipsum
2277 1539 2643 1610 depingemus.
2692 1540 3147 1607 Quemadmodum
3183 1540 3227 1593 si
3255 1540 3374 1608 quis

1787 1646 1912 1684 vasa
1942 1631 2213 1685 immunda
2243 1631 2389 1685 domi
2421 1629 2645 1699 lurctur,
2675 1641 2730 1685 et
2752 1646 2932 1684 coram
2960 1630 3209 1684 omnibus
3237 1629 3373 1685 edu-

1786 1729 1907 1787 cat,
1935 1735 2040 1775 non
2079 1729 2185 1775 tam
2228 1722 2375 1775 illum
2408 1721 2659 1792 deturpat
2695 1722 2923 1787 furtum,
2956 1736 3113 1791 quam
3142 1722 3258 1791 ipse
3285 1736 3376 1775 se-

1789 1812 2093 1880 metipsum,
2120 1813 2245 1866 dum
2274 1814 2389 1867 huic
2414 1812 2587 1867 aufert
2613 1831 2627 1865 :
2659 1813 2737 1867 sic
2757 1822 2811 1867 et
2837 1813 2957 1879 iste,
2987 1813 3190 1881 impura
3216 1813 3375 1866 verba

1786 1919 1966 1959 coram
1990 1904 2239 1959 omnibus
2271 1905 2568 1973 proferens,
2598 1919 2703 1959 non
2734 1905 2871 1958 alios
2898 1903 3078 1959 verbis
3106 1904 3375 1972 deturpat,

1786 1993 1881 2048 sed
1911 1994 2144 2063 scipsum
2166 2037 2182 2060 ,
2214 1994 2338 2048 talia
2370 1995 2650 2064 proferens
2676 1994 2990 2065 t'mdansque
3020 2004 3075 2049 et
3103 2008 3162 2048 se
3190 2004 3244 2048 et
3271 1995 3375 2048 liu-

1789 2102 1945 2155 guam
1978 2096 2034 2142 et
2062 2097 2317 2142 mentem.
2350 2088 2582 2157 ldipsum
2612 2088 2753 2141 enim
2782 2086 2862 2153 fit,
2890 2085 3102 2156 quando
3125 2086 3380 2140 adversus

1791 2179 1961 2233 malos
1994 2195 2324 2249 pugnamus,
2355 2193 2418 2234 ac
2445 2180 2487 2232 si
2519 2180 2638 2248 quis
2669 2178 2719 2233 in
2762 2179 3045 2249 putredine
3073 2187 3379 2233 versantem

1793 2280 1847 2324 ut
1875 2272 2029 2326 l'eriat
2050 2313 2062 2328 .
2106 2271 2340 2340 scipsum
2370 2271 2710 2340 coinquinet,
2742 2285 2932 2325 manus
2964 2270 3016 2324 in
3044 2285 3255 2325 ccenum
3283 2269 3381 2324 de—

1791 2363 2026 2415 mittens.
2059 2361 2182 2416 lliec
2230 2363 2409 2415 omnia
2439 2404 2453 2427 ,
2485 2378 2702 2432 quaeso,
2750 2363 3083 2432 cogitantes,
3118 2361 3387 2431 fugiamus

1796 2454 1898 2508 hoc
1924 2454 2178 2507 damnum
2201 2496 2214 2514 .
2245 2464 2298 2507 ct
2326 2454 2519 2508 bonam
2554 2455 2844 2508 habeamus
2874 2454 3130 2523 linguam,
3164 2462 3221 2507 ut
3259 2453 3380 2522 puri

1792 2544 1860 2598 ab
1886 2544 2032 2598 omni
2070 2546 2391 2598 contumelia
2417 2586 2434 2612 ,
2467 2545 2733 2614 possimus
2758 2545 2915 2598 vitam
2950 2552 3269 2614 prarseutem
3303 2543 3383 2597 di-

1793 2636 2023 2704 ligenter
2068 2635 2402 2706 transigere,
2452 2644 2505 2691 et
2546 2637 2805 2707 promissa
2842 2635 3184 2705 diligentibus
3223 2636 3385 2691 Deum

1794 2728 1929 2783 bona
1961 2728 2250 2797 consequi,
2281 2729 2447 2797 gratia
2490 2737 2543 2781 et
2586 2727 2913 2799 benignitate
2956 2727 3165 2785 Domini
3216 2729 3385 2782 nostri

1794 2821 1919 2878 Jesu
1948 2820 2176 2889 Christi,
2202 2821 2414 2893 quicum
2447 2820 2593 2878 Patri
2623 2834 2675 2877 et
2701 2821 2922 2893 Spiritui
2951 2830 3159 2887 sancto,
3187 2820 3389 2891 gloria,

1801 2918 2085 2986 imperium
2104 2958 2118 2980 ,
2166 2917 2360 2982 honor,
2395 2933 2539 2979 nunc
2560 2927 2615 2973 et
2636 2932 2870 2987 semper,
2902 2926 2957 2972 et
2985 2917 3037 2971 in
3065 2916 3259 2971 smcula
3286 2930 3387 2969 sa:-

1797 3008 2059 3062 culorutu.
2094 3010 2281 3063 Amen.

145 3156 3385 3181 ———-————_———-———————__—_—_—_—_——___

1471 3238 1805 3298 IlOMlLIA
1844 3240 1975 3299 XL.

140 3390 245 3446 CAP.
283 3391 365 3445 18.
397 3407 451 3444 ν.
484 3389 580 3449 18.
634 3388 832 3441 Paulus
872 3396 1038 3440 autem
1080 3403 1193 3439 cum
1235 3386 1402 3438 adhuc
1441 3385 1702 3438 mansisset

196 3483 287 3535 dies
315 3485 497 3535 multos
515 3481 767 3552 fratribus
789 3478 1093 3541 oaledicens,
1118 3476 1370 3544 navigavit
1397 3476 1447 3528 in
1472 3476 1697 3545 Syriam,

194 3585 365 3627 etcum
400 3574 493 3627 illo
527 3572 772 3645 Priscilla
807 3581 853 3624 et
882 3570 1067 3640 Aquila
1109 3570 1194 3638 qui
1223 3568 1317 3622 sibi
1346 3569 1625 3622 tetenderat
1650 3568 1703 3621 in

193 3667 442 3721 Cenchreis
469 3676 668 3737 caput;
699 3664 909 3718 habebat
930 3664 1063 3717 enim
1087 3672 1277 3715 uotum.

195 3760 239 3813 l.
278 3759 407 3815 Vide
452 3757 735 3831 quomodo
774 3759 864 3812 lex
904 3757 1077 3811 soluta
1115 3764 1228 3821 est;
1273 3754 1391 3809 vide
1437 3754 1705 3823 quomodo

138 3853 430 3905 conscientia
464 3851 895 3907 detinebantur:
925 3848 1205 3904 Judaicum
1237 3850 1379 3903 enim
1410 3854 1708 3915 eratcaput

140 3944 332 3997 tondere
356 3959 423 3999 ex
447 3955 602 3998 voto.
634 3942 1015 3997 Verumtamen
1039 3941 1321 4010 oportebat
1346 3941 1507 3995 etiam
1534 3940 1703 3994 sacri-

140 4036 289 4087 lieium
321 4038 434 4091 fieri
466 4055 479 4089 :
517 4034 668 4105 quod
705 4050 811 4088 non
843 4043 925 4088 est
958 4034 1192 4087 oblatum
1222 4043 1341 4101 post
1371 4033 1706 4087 verberatum

138 4126 445 4181 Sesthenem.
489 4126 793 4195 Oportebat
829 4124 976 4179 abire
1016 4125 1200 4188 illum;
1232 4123 1352 4177 ideo
1381 4132 1435 4176 et
1476 4122 1708 4176 festinat.

142 4218 199 4270 Et
221 4233 419 4290 rogatus
438 4220 591 4290 apud
618 4220 740 4274 illos
764 4217 961 4287 Ephesi
984 4232 1224 4282 manere,
1247 4231 1351 4270 non
1379 4215 1583 4269 annuit.
1604 4213 1712 4268 Cur

142 4323 254 4379 ergo
283 4328 465 4367 rursus
497 4310 846 4366 Antiochiam
890 4307 1175 4365 concedit?
1215 4307 1346 4362 Nam
1387 4306 1672 4361 Ascendens
1694 4346 1710 4371 ,

140 4406 307 4472 inquit,
333 4422 450 4459 cum
470 4406 750 4460 salutasset
776 4402 1071 4467 Ecclesium,
1101 4402 1355 4455 descendit
1372 4399 1711 4454 Antiochiam.

141 4494 361 4551 llumano
387 4499 633 4570 quodam
662 4497 854 4552 aﬂ‘ectu
881 4496 1149 4551 civitatem
1184 4495 1329 4549 illam
1352 4491 1714 4564 prosequeba-

142 4596 243 4641 tur:
274 4590 344 4644 ibi
376 4590 530 4645 enim
566 4588 821 4660 appellati
862 4596 988 4642 sunt
1014 4586 1260 4657 discipuli
1287 4584 1611 4649 Christiani,
1644 4583 1717 4638 ibi

143 4681 341 4737 traditus
365 4693 453 4737 est
475 4683 673 4753 gratia:
700 4681 816 4745 Dei,
846 4680 919 4735 ibi
943 4679 1204 4750 dogmatis
1226 4678 1435 4749 negotia
1470 4674 1715 4747 perfecit.

136 4770 193 4825 Et
211 4773 292 4828 ille
310 4774 539 4844 quidem
575 4774 629 4826 in
653 4771 863 4843 Syriam
890 4771 1195 4842 navigavit;
1223 4769 1345 4823 illos
1369 4781 1497 4823 vero
1524 4765 1720 4836 Ephesi

139 4864 378 4933 reliquit:
418 4875 480 4920 et
523 4867 725 4920 merito
770 4863 1017 4934 quidem,
1068 4870 1255 4932 utpote
1296 4860 1574 4916 docturos.
1619 4858 1722 4925 Qui

135 4961 266 5009 tanto
288 4966 543 5026 tempore
576 4970 699 5009 cum
732 4954 823 5009 illo
844 4962 1119 5009 versantes
1144 4993 1159 5018 ,
1190 4953 1355 5007 multa
1383 4951 1681 5006 didicerant
1704 4968 1719 5005 :

137 5052 350 5100 attamen
373 5045 631 5101 nondum
655 5046 776 5099 illos
791 5061 819 5100 a
842 5044 1227 5099 consuetudine
1246 5043 1463 5099 Judaica
1484 5043 1725 5099 abduxe-

134 5146 222 5189 rat.
250 5137 392 5193 Ecce
424 5137 637 5193 mulier
665 5136 805 5191 idem
832 5135 974 5205 quod
996 5136 1095 5189 viri
1122 5135 1274 5202 facit,
1303 5144 1358 5190 et
1382 5135 1559 5191 docet.
1590 5135 1723 5190 Pro-

137 5237 300 5291 pterea
344 5228 683 5298 prohibetur
708 5229 761 5282 in
791 5228 971 5283 Asiam
1006 5228 1225 5295 venire,
1272 5226 1340 5282 ad
1382 5243 1480 5294 ea,
1511 5226 1722 5298 opinor,

136 5332 237 5385 qua:
264 5322 438 5390 magis
463 5320 738 5390 urgebant
761 5319 1039 5389 impulsus.
1068 5319 1197 5375 Vide
1216 5334 1447 5389 namque
1470 5321 1618 5375 illum
1640 5319 1727 5375 hic

136 5423 361 5479 rogatum
387 5422 451 5466 ut
476 5422 763 5477 maneret,
795 5428 895 5467 nec
933 5427 1137 5468 morem
1166 5423 1461 5483 gerentem,
1492 5415 1613 5484 quia
1640 5430 1730 5469 ur.

133 5502 343 5567 gebatur
370 5513 433 5557 ut
460 5502 803 5558 discederet.
834 5503 947 5559 Nec
970 5505 1285 5576 simpliciter
1322 5506 1441 5561 illos
1481 5506 1727 5577 reliquit,

136 5593 214 5643 sed
234 5610 353 5647 eum
378 5594 669 5664 promissu
690 5595 992 5650 revertendi
1020 5613 1034 5649 :
1066 5597 1333 5667 quomodo
1356 5606 1554 5664 autem,
1583 5598 1725 5655 audi.

136 5680 210 5734 19.
242 5681 574 5754 Devenitque
594 5724 614 5750 ,
653 5684 851 5755 inquit,
884 5684 1146 5756 Ephesum
1173 5697 1221 5741 et
1246 5689 1363 5743 illos
1388 5689 1456 5743 ibi
1489 5689 1729 5759 reliquit:

135 5772 229 5837 ipse
254 5791 371 5830 vero
403 5778 680 5847 ingressus
708 5778 763 5831 in
801 5795 1140 5849 synagogam,
1178 5780 1452 5851 disputavit
1479 5798 1594 5835 cum
1627 5781 1728 5835 Ju-

132 5861 261 5919 deis.
292 5865 381 5923 ΞΟ.
427 5867 762 5939 Rogantibus
796 5878 963 5924 autem
998 5871 1102 5940 eis,
1146 5882 1198 5925 ut
1231 5873 1471 5943 ampliori
1513 5882 1734 5945 tempore

1811 3398 2030 3441 numeret
2057 3390 2196 3457 apud
2238 3389 2354 3443 illos
2374 3430 2390 3455 ,
2423 3406 2522 3443 non
2558 3391 2765 3458 annuit,
2791 3390 2882 3445 2].
2911 3392 3000 3445 sed
3024 3391 3264 3445 valedixit
3292 3390 3392 3456 eis,

1809 3480 1980 3532 dicens
2005 3496 2022 3533 :
2055 3480 2265 3550 Oportet
2292 3497 2369 3533 inc
2397 3482 2601 3535 ornnina
2624 3484 2806 3552 festum
2825 3521 2841 3547 ,
2874 3482 3009 3551 quod
3038 3483 3224 3544 instat,
3254 3498 3403 3552 agere

1807 3569 2181 3641 Jerosolymis;
2220 3574 2402 3626 iterum
2446 3583 2613 3627 autem
2658 3583 2877 3626 revertar
2913 3574 2980 3626 ad
3022 3589 3137 3637 vos,
3169 3573 3278 3627 Deo
3317 3589 3399 3626 vo-

1810 3662 1940 3716 lente
1963 3677 1981 3716 :
2004 3673 2051 3716 et
2078 3663 2223 3715 solvit
2248 3662 2309 3716 ab
2340 3661 2564 3732 Epheso.
2586 3663 2677 3718 22.
2708 3662 2777 3716 Et
2804 3666 3061 3734 profectus
3092 3663 3398 3730 Cwsaream,

1812 3771 1928 3807 cum
1953 3757 2280 3819 ascendisset,
2310 3765 2358 3810 et
2384 3757 2651 3809 salutasset
2678 3753 2983 3822 Ecclesium,
3015 3756 3268 3809 descendit
3297 3755 3403 3809 An-

1813 3847 2080 3910 tiochiam;
2108 3847 2199 3903 25.
2221 3847 2385 3918 ibique
2410 3848 2670 3917 aliquanto
2696 3858 2951 3902 transacto
2981 3857 3221 3917 tempore,
3254 3847 3404 3901 exivit

1814 3938 2061 3991 transiens
2084 3938 2264 3992 deinde
2291 3956 2379 4007 per
2401 3938 2687 3991 Galaticum
2720 3939 2975 4009 regionem
3002 3947 3048 3993 et
3080 3938 3365 4008 Phrygiam
3384 3980 3399 4004 ,

1815 4031 2122 4097 conﬁrmans
2150 4048 2320 4085 omnes
2354 4032 2651 4101 discipulos.
2696 4032 2828 4087 Vide
2854 4074 2868 4098 ,
2914 4034 3103 4086 iterum
3148 4032 3295 4085 venit
3337 4032 3405 4085 ad

1817 4124 1929 4176 loca
1953 4165 1966 4186 ,
2013 4140 2131 4193 (pne
2178 4135 2301 4178 ante
2348 4125 2572 4178 adierat.
2610 4124 2701 4179 24.
2742 4124 2955 4179 Judwus
2995 4134 3160 4178 autem
3198 4123 3406 4193 quidam

1820 4217 2002 4285 Apollo
2032 4217 2252 4283 nomine,
2283 4216 2656 4271 Alexandrinus
2677 4234 2858 4289 genere
2876 4260 2891 4283 ,
2915 4218 2991 4271 vir
3020 4217 3253 4287 eloquens
3272 4259 3287 4282 ,
3317 4219 3409 4270 de-

1818 4308 1948 4360 uenit
1976 4306 2261 4376 Ephesum,
2299 4318 2473 4378 potens
2500 4309 2553 4361 in
2589 4309 2892 4378 Scripturis.
2940 4310 3077 4363 Ecce
3115 4318 3170 4362 et
3210 4309 3405 4362 eruditi

1820 4401 2110 4471 praedicare
2145 4403 2404 4467 nituntur,
2437 4412 2492 4456 et
2538 4401 2755 4457 demum
2784 4402 3031 4472 discipuli
3058 4403 3405 4472 peregrinan-

1825 4504 1928 4548 tur.
1956 4494 2144 4550 Videu‘
2177 4496 2565 4550 incrementum
2596 4496 3026 4565 praedicationis?
3055 4495 3147 4551 25.
3179 4495 3280 4549 Hic
3306 4506 3414 4549 erat

1822 4587 2025 4641 edoctus
2053 4588 2186 4639 viam
2216 4586 2443 4652 Domini,
2477 4597 2525 4641 et
2555 4587 2751 4657 fervens
2783 4588 2986 4657 Spiritu
3017 4588 3334 4657 loquebatur,
3365 4598 3413 4642 et

1825 4679 2033 4733 docebat
2063 4678 2329 4749 diligenter
2356 4695 2416 4733 ea
2434 4721 2450 4744 ,
2477 4696 2591 4749 qua:
2613 4690 2731 4734 sunt
2754 4679 2996 4747 Domini,
3023 4681 3185 4733 sciens
3218 4689 3413 4733 tantum

1827 4771 2074 4840 baptisma
2111 4771 2353 4827 Joannis.
2381 4771 2473 4827 26.
2519 4771 2620 4826 Hic
2643 4774 2790 4844 carpit
2820 4773 2974 4827 libere
3001 4773 3137 4840 loqui
3170 4776 3223 4825 in
3261 4788 3413 4842 syna-

1826 4878 1976 4932 goga.
2008 4862 2282 4918 Audientes
2310 4874 2477 4917 autem
2496 4863 2643 4918 illum
2663 4864 2848 4933 Aquila
2867 4873 2916 4917 et
2940 4862 3199 4928 Priscilla,
3218 4879 3414 4916 assum-

1830 4964 2034 5021 pserunt
2060 4972 2196 5020 eum,
2227 4965 2272 5009 et
2297 4955 2589 5026 diligentius
2610 4964 2948 5026 exposuerunt
2971 4954 3015 5008 ei
3034 4954 3161 5007 riam
3186 4954 3415 5007 Domini.

1830 5046 1884 5100 Si
1910 5044 1995 5099 hic
2019 5046 2282 5115 baptisma
2302 5045 2526 5101 Joannis
2549 5055 2749 5099 tantum
2774 5045 2996 5110 sciebat,
3020 5045 3292 5114 quomodo
3314 5044 3417 5099 ler-

1831 5138 1988 5193 vebat
2013 5138 2250 5207 Spiritu?
2280 5139 2510 5207 Spiritus
2539 5138 2682 5192 enim
2713 5153 2817 5192 non
2849 5139 2919 5192 ita
2951 5137 3197 5193 dabatur.
3227 5138 3285 5194 Si
3322 5153 3419 5192 au-

1833 5239 1938 5283 tem
1986 5230 2074 5298 qui
2115 5238 2235 5298 post
2281 5228 2430 5283 illum
2479 5229 2725 5295 fuerunt,
2766 5243 2902 5298 opus
2946 5228 3185 5284 habuere
3224 5229 3421 5286 Christi

1832 5320 2120 5390 baptismo,
2152 5320 2321 5373 multo
2348 5320 2518 5389 magis
2545 5319 2631 5375 hic
2650 5335 2785 5389 Opus
2808 5320 3104 5376 habuisset.
3133 5321 3270 5388 Quid
3291 5337 3423 5389 ergo

1833 5412 2156 5468 dicendum?
2185 5426 2360 5481 neque
2386 5414 2528 5466 enim
2564 5413 2680 5468 sine
2723 5428 2884 5469 causa
2917 5422 3203 5484 utrumque
3246 5416 3424 5483 posuit

1833 5506 2082 5574 scriptor.
2104 5505 2330 5560 Videtur
2351 5505 2481 5560 mihi
2512 5506 2652 5560 hunc
2676 5522 2796 5563 esse
2826 5523 2991 5561 unum
3017 5524 3085 5562 ex
3106 5516 3321 5561 centum
3349 5509 3427 5560 vi—

1835 5596 1966 5664 ginti
1998 5596 2135 5662 (Act.
2169 5598 2220 5650 1.
2251 5598 2366 5665 15),
2403 5598 2493 5668 qui
2523 5613 2644 5653 cum
2684 5599 2945 5669 apostolis
2971 5597 3224 5667 baptizati
3254 5605 3378 5651 sunt
3410 5617 3422 5650 :

1837 5688 1918 5742 vel
1949 5687 1994 5741 si
2035 5704 2139 5742 non
2178 5693 2247 5744 ita
2274 5691 2376 5757 sit,
2409 5692 2550 5761 quod
2586 5692 2639 5745 in
2667 5691 2949 5757 Cornelio,
2980 5692 3033 5745 in
3076 5690 3178 5744 hoc
3213 5705 3426 5759 quoque

1839 5784 2035 5835 factum
2061 5792 2163 5837 est.
2191 5783 2297 5839 Sed
2333 5801 2438 5840 non
2466 5786 2782 5855 baptizatur,
2810 5784 2984 5839 donec
3017 5784 3093 5838 illi
3121 5785 3423 5838 accuratius

1838 5886 2218 5945 exposuerunt.
2272 5877 2380 5932 lloc
2428 5877 2559 5933 mihi
2608 5892 2793 5932 verum
2840 5892 2962 5931 esse
3008 5875 3236 5941 videtur,
3291 5879 3416 5945 quia
