  <div class='ocr_page' id='page_1' title='image "/cluster/home/n/w/nwhite01/storage/ocr_20150623/60/hvd.32044019207810/287.png"; bbox 0 0 3948 6504; ppageno 0'>
   <div class='ocr_carea' id='block_1_1' title="bbox 527 415 633 473">
    <p class='ocr_par' dir='ltr' id='par_1_1' title="bbox 527 415 633 473">
     <span class='ocr_line' id='line_1_1' title="bbox 527 415 633 473; baseline 0 -3"><span class='ocrx_word' id='word_1_1' title='bbox 527 415 633 473; x_wconf 63' lang='grc'><strong>983</strong></span> 
     </span>
    </p>
   </div>
   <div class='ocr_carea' id='block_1_2' title="bbox 524 522 2106 604">
    <p class='ocr_par' dir='ltr' id='par_1_2' title="bbox 524 522 2106 604">
     <span class='ocr_line' id='line_1_2' title="bbox 524 522 2106 604; baseline -0.01 -15"><span class='ocrx_word' id='word_1_2' title='bbox 524 532 784 604; x_wconf 75' lang='lat' dir='ltr'><strong>baptizari</strong></span> <span class='ocrx_word' id='word_1_3' title='bbox 816 531 963 586; x_wconf 88' lang='lat' dir='ltr'><strong>illttm</strong></span> <span class='ocrx_word' id='word_1_4' title='bbox 995 529 1291 601; x_wconf 77' lang='lat' dir='ltr'><strong>oportebat,</strong></span> <span class='ocrx_word' id='word_1_5' title='bbox 1321 528 1568 597; x_wconf 86' lang='lat' dir='ltr'><strong>quoniam</strong></span> <span class='ocrx_word' id='word_1_6' title='bbox 1594 523 1874 579; x_wconf 82' lang='lat' dir='ltr'><strong>duodecim</strong></span> <span class='ocrx_word' id='word_1_7' title='bbox 1906 523 1991 575; x_wconf 91' lang='lat' dir='ltr'><strong>alii</strong></span> <span class='ocrx_word' id='word_1_8' title='bbox 2024 522 2106 574; x_wconf 83' lang='lat' dir='ltr'><strong>ni-</strong></span> 
     </span>
    </p>
   </div>
   <div class='ocr_carea' id='block_1_3' title="bbox 528 615 2107 692">
    <p class='ocr_par' dir='ltr' id='par_1_3' title="bbox 528 615 2107 692">
     <span class='ocr_line' id='line_1_3' title="bbox 528 615 2107 692; baseline -0.007 -16"><span class='ocrx_word' id='word_1_9' title='bbox 528 624 601 678; x_wconf 85' lang='lat' dir='ltr'><strong>hil</strong></span> <span class='ocrx_word' id='word_1_10' title='bbox 632 624 864 692; x_wconf 77' lang='lat' dir='ltr'><strong>perfecte</strong></span> <span class='ocrx_word' id='word_1_11' title='bbox 892 629 1187 685; x_wconf 87' lang='lat' dir='ltr'><strong>noverunt&#39;,</strong></span> <span class='ocrx_word' id='word_1_12' title='bbox 1233 636 1402 689; x_wconf 89' lang='lat' dir='ltr'><strong>neque</strong></span> <span class='ocrx_word' id='word_1_13' title='bbox 1431 634 1491 673; x_wconf 85' lang='lat' dir='ltr'><strong>ea</strong></span> <span class='ocrx_word' id='word_1_14' title='bbox 1519 632 1639 687; x_wconf 73' lang='lat' dir='ltr'><strong>qua:</strong></span> <span class='ocrx_word' id='word_1_15' title='bbox 1682 615 1864 670; x_wconf 86' lang='lat' dir='ltr'><strong>Jcsum</strong></span> <span class='ocrx_word' id='word_1_16' title='bbox 1897 622 2107 682; x_wconf 86' lang='lat' dir='ltr'><strong>specta-</strong></span> 
     </span>
    </p>
   </div>
   <div class='ocr_carea' id='block_1_4' title="bbox 530 704 2103 776">
    <p class='ocr_par' dir='ltr' id='par_1_4' title="bbox 530 704 2103 776">
     <span class='ocr_line' id='line_1_4' title="bbox 530 704 2103 776; baseline -0.008 -5"><span class='ocrx_word' id='word_1_17' title='bbox 530 715 679 771; x_wconf 89' lang='lat' dir='ltr'><strong>bant.</strong></span> <span class='ocrx_word' id='word_1_18' title='bbox 707 714 1010 770; x_wconf 90' lang='lat' dir='ltr'><strong>Verisimile</strong></span> <span class='ocrx_word' id='word_1_19' title='bbox 1039 723 1119 767; x_wconf 89' lang='lat' dir='ltr'><strong>est</strong></span> <span class='ocrx_word' id='word_1_20' title='bbox 1147 720 1321 764; x_wconf 89' lang='lat' dir='ltr'><strong>autem</strong></span> <span class='ocrx_word' id='word_1_21' title='bbox 1356 711 1524 776; x_wconf 89' lang='lat' dir='ltr'><strong>ipsum</strong></span> <span class='ocrx_word' id='word_1_22' title='bbox 1557 706 1880 776; x_wconf 73' lang='lat' dir='ltr'><strong>baptizatum</strong></span> <span class='ocrx_word' id='word_1_23' title='bbox 1920 704 2103 758; x_wconf 74' lang='lat' dir='ltr'><strong>fuisse.</strong></span> 
     </span>
    </p>
   </div>
   <div class='ocr_carea' id='block_1_5' title="bbox 527 798 2107 871">
    <p class='ocr_par' dir='ltr' id='par_1_5' title="bbox 527 798 2107 871">
     <span class='ocr_line' id='line_1_5' title="bbox 527 798 2107 871; baseline -0.007 -12"><span class='ocrx_word' id='word_1_24' title='bbox 527 807 790 861; x_wconf 72' lang='lat' dir='ltr'><strong>thterum</strong></span> <span class='ocrx_word' id='word_1_25' title='bbox 820 806 861 858; x_wconf 92' lang='lat' dir='ltr'><strong>si</strong></span> <span class='ocrx_word' id='word_1_26' title='bbox 885 804 1105 859; x_wconf 88' lang='lat' dir='ltr'><strong>Joannis</strong></span> <span class='ocrx_word' id='word_1_27' title='bbox 1124 802 1369 871; x_wconf 81' lang='lat' dir='ltr'><strong>discipuli</strong></span> <span class='ocrx_word' id='word_1_28' title='bbox 1402 807 1521 869; x_wconf 86' lang='lat' dir='ltr'><strong>post</strong></span> <span class='ocrx_word' id='word_1_29' title='bbox 1546 808 1820 867; x_wconf 87' lang='lat' dir='ltr'><strong>acceptum</strong></span> <span class='ocrx_word' id='word_1_30' title='bbox 1845 798 2107 866; x_wconf 86' lang='lat' dir='ltr'><strong>baptisma</strong></span> 
     </span>
    </p>
   </div>
   <div class='ocr_carea' id='block_1_6' title="bbox 524 890 2108 968">
    <p class='ocr_par' dir='ltr' id='par_1_6' title="bbox 524 890 2108 968">
     <span class='ocr_line' id='line_1_6' title="bbox 524 890 2108 968; baseline -0.005 -15"><span class='ocrx_word' id='word_1_31' title='bbox 524 897 705 953; x_wconf 88' lang='lat' dir='ltr'><strong>denuo</strong></span> <span class='ocrx_word' id='word_1_32' title='bbox 730 898 1156 968; x_wconf 81' lang='lat' dir='ltr'><strong>baptizabantur,</strong></span> <span class='ocrx_word' id='word_1_33' title='bbox 1190 895 1469 963; x_wconf 86' lang='lat' dir='ltr'><strong>oportebat</strong></span> <span class='ocrx_word' id='word_1_34' title='bbox 1494 894 1653 949; x_wconf 81' lang='lat' dir='ltr'><strong>etiam</strong></span> <span class='ocrx_word' id='word_1_35' title='bbox 1688 890 1980 960; x_wconf 90' lang='lat' dir='ltr'><strong>discipulos</strong></span> <span class='ocrx_word' id='word_1_36' title='bbox 2007 890 2108 945; x_wconf 89' lang='lat' dir='ltr'><strong>hoc</strong></span> 
     </span>
    </p>
   </div>
   <div class='ocr_carea' id='block_1_7' title="bbox 526 984 2108 1046">
    <p class='ocr_par' dir='ltr' id='par_1_7' title="bbox 526 984 2108 1046">
     <span class='ocr_line' id='line_1_7' title="bbox 526 984 2108 1046; baseline -0.007 -2"><span class='ocrx_word' id='word_1_37' title='bbox 526 992 722 1046; x_wconf 81' lang='lat' dir='ltr'><strong>facere.</strong></span> <span class='ocrx_word' id='word_1_38' title='bbox 753 991 842 1044; x_wconf 72' lang='grc'><strong>27.</strong></span> <span class='ocrx_word' id='word_1_39' title='bbox 873 990 1000 1045; x_wconf 91' lang='lat' dir='ltr'><strong>Cum</strong></span> <span class='ocrx_word' id='word_1_40' title='bbox 1027 990 1171 1043; x_wconf 82' lang='lat' dir='ltr'><strong>vellet</strong></span> <span class='ocrx_word' id='word_1_41' title='bbox 1196 998 1365 1041; x_wconf 84' lang='lat' dir='ltr'><strong>autent</strong></span> <span class='ocrx_word' id='word_1_42' title='bbox 1391 988 1607 1040; x_wconf 89' lang='lat' dir='ltr'><strong>transire</strong></span> <span class='ocrx_word' id='word_1_43' title='bbox 1633 986 1685 1038; x_wconf 88' lang='lat' dir='ltr'><strong>in</strong></span> <span class='ocrx_word' id='word_1_44' title='bbox 1712 984 1955 1037; x_wconf 80' lang='lat' dir='ltr'><strong>Achaiam</strong></span> <span class='ocrx_word' id='word_1_45' title='bbox 1972 1022 1987 1046; x_wconf 96' lang='lat'><strong>,</strong></span> <span class='ocrx_word' id='word_1_46' title='bbox 2020 997 2108 1035; x_wconf 71' lang='lat' dir='ltr'><strong>ea;-</strong></span> 
     </span>
    </p>
   </div>
   <div class='ocr_carea' id='block_1_8' title="bbox 524 1076 2101 1153">
    <p class='ocr_par' dir='ltr' id='par_1_8' title="bbox 524 1076 2101 1153">
     <span class='ocr_line' id='line_1_8' title="bbox 524 1076 2101 1153; baseline -0.004 -19"><span class='ocrx_word' id='word_1_47' title='bbox 524 1085 711 1137; x_wconf 89' lang='lat' dir='ltr'><strong>horlati</strong></span> <span class='ocrx_word' id='word_1_48' title='bbox 732 1085 914 1152; x_wconf 77' lang='lat' dir='ltr'><strong>fratres</strong></span> <span class='ocrx_word' id='word_1_49' title='bbox 938 1084 1244 1153; x_wconf 88' lang='lat' dir='ltr'><strong>scripserunt</strong></span> <span class='ocrx_word' id='word_1_50' title='bbox 1270 1080 1532 1148; x_wconf 78' lang='lat' dir='ltr'><strong>discipulis</strong></span> <span class='ocrx_word' id='word_1_51' title='bbox 1552 1090 1604 1131; x_wconf 88' lang='lat' dir='ltr'><strong>ut</strong></span> <span class='ocrx_word' id='word_1_52' title='bbox 1634 1079 1908 1147; x_wconf 80' lang='lat' dir='ltr'><strong>reciperent</strong></span> <span class='ocrx_word' id='word_1_53' title='bbox 1935 1076 2101 1129; x_wconf 87' lang='lat' dir='ltr'><strong>illum.</strong></span> 
     </span>
    </p>
   </div>
   <div class='ocr_carea' id='block_1_9' title="bbox 523 1169 2102 1241">
    <p class='ocr_par' dir='ltr' id='par_1_9' title="bbox 523 1169 2102 1241">
     <span class='ocr_line' id='line_1_9' title="bbox 523 1169 2102 1241; baseline -0.005 -15"><span class='ocrx_word' id='word_1_54' title='bbox 523 1175 622 1240; x_wconf 83' lang='lat' dir='ltr'><strong>Qui</strong></span> <span class='ocrx_word' id='word_1_55' title='bbox 653 1192 765 1226; x_wconf 89' lang='lat' dir='ltr'><strong>cum</strong></span> <span class='ocrx_word' id='word_1_56' title='bbox 796 1176 1029 1241; x_wconf 77' lang='lat' dir='ltr'><strong>venisset,</strong></span> <span class='ocrx_word' id='word_1_57' title='bbox 1060 1174 1272 1228; x_wconf 88' lang='lat' dir='ltr'><strong>contulit</strong></span> <span class='ocrx_word' id='word_1_58' title='bbox 1303 1175 1515 1227; x_wconf 89' lang='lat' dir='ltr'><strong>multum</strong></span> <span class='ocrx_word' id='word_1_59' title='bbox 1544 1173 1607 1225; x_wconf 89' lang='lat' dir='ltr'><strong>iis</strong></span> <span class='ocrx_word' id='word_1_60' title='bbox 1626 1211 1639 1234; x_wconf 93' lang='lat'><strong>,</strong></span> <span class='ocrx_word' id='word_1_61' title='bbox 1674 1170 1761 1241; x_wconf 91' lang='lat' dir='ltr'><strong>qui</strong></span> <span class='ocrx_word' id='word_1_62' title='bbox 1785 1169 2102 1223; x_wconf 78' lang='lat' dir='ltr'><strong>crediderant</strong></span> 
     </span>
    </p>
   </div>
   <div class='ocr_carea' id='block_1_10' title="bbox 520 1261 2104 1336">
    <p class='ocr_par' dir='ltr' id='par_1_10' title="bbox 520 1261 2104 1336">
     <span class='ocr_line' id='line_1_10' title="bbox 520 1261 2104 1336; baseline -0.004 -18"><span class='ocrx_word' id='word_1_63' title='bbox 520 1283 608 1333; x_wconf 83' lang='lat' dir='ltr'><strong>per</strong></span> <span class='ocrx_word' id='word_1_64' title='bbox 635 1270 869 1336; x_wconf 87' lang='lat' dir='ltr'><strong>gratiam.</strong></span> <span class='ocrx_word' id='word_1_65' title='bbox 912 1267 1003 1321; x_wconf 67' lang='lat'><strong>98.</strong></span> <span class='ocrx_word' id='word_1_66' title='bbox 1048 1266 1367 1320; x_wconf 79' lang='lat' dir='ltr'><strong>Vehementer</strong></span> <span class='ocrx_word' id='word_1_67' title='bbox 1404 1266 1536 1319; x_wconf 88' lang='lat' dir='ltr'><strong>enim</strong></span> <span class='ocrx_word' id='word_1_68' title='bbox 1574 1263 1785 1318; x_wconf 73' lang='lat' dir='ltr'><strong>Judteos</strong></span> <span class='ocrx_word' id='word_1_69' title='bbox 1824 1261 2104 1315; x_wconf 85' lang='lat' dir='ltr'><strong>revincebat</strong></span> 
     </span>
    </p>
   </div>
   <div class='ocr_carea' id='block_1_11' title="bbox 520 1352 2099 1427">
    <p class='ocr_par' dir='ltr' id='par_1_11' title="bbox 520 1352 2099 1427">
     <span class='ocr_line' id='line_1_11' title="bbox 520 1352 2099 1427; baseline -0.002 -20"><span class='ocrx_word' id='word_1_70' title='bbox 520 1356 737 1425; x_wconf 86' lang='lat' dir='ltr'><strong>publice,</strong></span> <span class='ocrx_word' id='word_1_71' title='bbox 767 1356 1035 1410; x_wconf 84' lang='lat' dir='ltr'><strong>ostendens</strong></span> <span class='ocrx_word' id='word_1_72' title='bbox 1063 1373 1150 1426; x_wconf 88' lang='lat' dir='ltr'><strong>per</strong></span> <span class='ocrx_word' id='word_1_73' title='bbox 1176 1356 1468 1427; x_wconf 87' lang='lat' dir='ltr'><strong>Scripturas</strong></span> <span class='ocrx_word' id='word_1_74' title='bbox 1491 1353 1672 1409; x_wconf 83' lang='lat' dir='ltr'><strong>Jesum</strong></span> <span class='ocrx_word' id='word_1_75' title='bbox 1701 1370 1804 1408; x_wconf 87' lang='lat' dir='ltr'><strong>esse</strong></span> <span class='ocrx_word' id='word_1_76' title='bbox 1826 1352 2099 1406; x_wconf 87' lang='lat' dir='ltr'><strong>Christum.</strong></span> 
     </span>
    </p>
   </div>
   <div class='ocr_carea' id='block_1_12' title="bbox 521 1442 2103 1518">
    <p class='ocr_par' dir='ltr' id='par_1_12' title="bbox 521 1442 2103 1518">
     <span class='ocr_line' id='line_1_12' title="bbox 521 1442 2103 1518; baseline -0.006 -17"><span class='ocrx_word' id='word_1_77' title='bbox 521 1446 675 1517; x_wconf 88' lang='lat' dir='ltr'><strong>(Cap.</strong></span> <span class='ocrx_word' id='word_1_78' title='bbox 694 1448 805 1518; x_wconf 77' lang='lat'><strong>19.)</strong></span> <span class='ocrx_word' id='word_1_79' title='bbox 821 1450 841 1503; x_wconf 80' lang='grc' dir='ltr'><strong>Ι</strong></span> <span class='ocrx_word' id='word_1_80' title='bbox 857 1487 870 1500; x_wconf 96' lang='grc'><strong>.</strong></span> <span class='ocrx_word' id='word_1_81' title='bbox 893 1447 1111 1502; x_wconf 82' lang='lat' dir='ltr'><strong>Factum</strong></span> <span class='ocrx_word' id='word_1_82' title='bbox 1129 1458 1200 1502; x_wconf 90' lang='lat' dir='ltr'><strong>est</strong></span> <span class='ocrx_word' id='word_1_83' title='bbox 1229 1457 1417 1509; x_wconf 88' lang='lat' dir='ltr'><strong>autem,</strong></span> <span class='ocrx_word' id='word_1_84' title='bbox 1436 1462 1551 1500; x_wconf 89' lang='lat' dir='ltr'><strong>cum</strong></span> <span class='ocrx_word' id='word_1_85' title='bbox 1582 1445 1763 1515; x_wconf 85' lang='lat' dir='ltr'><strong>Apollo</strong></span> <span class='ocrx_word' id='word_1_86' title='bbox 1780 1454 1903 1498; x_wconf 89' lang='lat' dir='ltr'><strong>esset</strong></span> <span class='ocrx_word' id='word_1_87' title='bbox 1924 1442 2103 1498; x_wconf 84' lang='lat' dir='ltr'><strong>Corin-</strong></span> 
     </span>
    </p>
   </div>
   <div class='ocr_carea' id='block_1_13' title="bbox 526 1534 2103 1610">
    <p class='ocr_par' dir='ltr' id='par_1_13' title="bbox 526 1534 2103 1610">
     <span class='ocr_line' id='line_1_13' title="bbox 526 1534 2103 1610; baseline -0.003 -21"><span class='ocrx_word' id='word_1_88' title='bbox 526 1537 620 1603; x_wconf 90' lang='lat' dir='ltr'><strong>thi,</strong></span> <span class='ocrx_word' id='word_1_89' title='bbox 647 1547 699 1590; x_wconf 91' lang='lat' dir='ltr'><strong>ut</strong></span> <span class='ocrx_word' id='word_1_90' title='bbox 734 1538 933 1593; x_wconf 83' lang='lat' dir='ltr'><strong>Paulus</strong></span> <span class='ocrx_word' id='word_1_91' title='bbox 972 1539 1254 1610; x_wconf 82' lang='lat' dir='ltr'><strong>peragratis</strong></span> <span class='ocrx_word' id='word_1_92' title='bbox 1287 1536 1626 1609; x_wconf 86' lang='lat' dir='ltr'><strong>superioribus</strong></span> <span class='ocrx_word' id='word_1_93' title='bbox 1656 1536 1881 1607; x_wconf 88' lang='lat' dir='ltr'><strong>partibus</strong></span> <span class='ocrx_word' id='word_1_94' title='bbox 1917 1534 2103 1588; x_wconf 81' lang='lat' dir='ltr'><strong>veniret</strong></span> 
     </span>
    </p>
   </div>
   <div class='ocr_carea' id='block_1_14' title="bbox 524 1626 2103 1699">
    <p class='ocr_par' dir='ltr' id='par_1_14' title="bbox 524 1626 2103 1699">
     <span class='ocr_line' id='line_1_14' title="bbox 524 1626 2103 1699; baseline -0.001 -19"><span class='ocrx_word' id='word_1_95' title='bbox 524 1629 804 1698; x_wconf 77' lang='lat' dir='ltr'><strong>Ephesum,</strong></span> <span class='ocrx_word' id='word_1_96' title='bbox 852 1641 896 1684; x_wconf 91' lang='lat' dir='ltr'><strong>et</strong></span> <span class='ocrx_word' id='word_1_97' title='bbox 922 1632 1162 1684; x_wconf 86' lang='lat' dir='ltr'><strong>inveniret</strong></span> <span class='ocrx_word' id='word_1_98' title='bbox 1188 1631 1431 1695; x_wconf 85' lang='lat' dir='ltr'><strong>quosdam</strong></span> <span class='ocrx_word' id='word_1_99' title='bbox 1455 1628 1753 1699; x_wconf 78' lang='lat' dir='ltr'><strong>discipulos,</strong></span> <span class='ocrx_word' id='word_1_100' title='bbox 1791 1628 1846 1682; x_wconf 70' lang='grc'><strong>2.</strong></span> <span class='ocrx_word' id='word_1_101' title='bbox 1879 1626 2103 1694; x_wconf 69' lang='lat' dir='ltr'><strong>dixitque</strong></span> 
     </span>
    </p>
   </div>
   <div class='ocr_carea' id='block_1_15' title="bbox 519 1716 2101 1789">
    <p class='ocr_par' dir='ltr' id='par_1_15' title="bbox 519 1716 2101 1789">
     <span class='ocr_line' id='line_1_15' title="bbox 519 1716 2101 1789; baseline -0.003 -18"><span class='ocrx_word' id='word_1_102' title='bbox 519 1720 589 1773; x_wconf 83' lang='lat' dir='ltr'><strong>eis</strong></span> <span class='ocrx_word' id='word_1_103' title='bbox 615 1736 632 1773; x_wconf 90' lang='lat'><strong><em>:</em></strong></span> <span class='ocrx_word' id='word_1_104' title='bbox 646 1721 708 1775; x_wconf 84' lang='lat' dir='ltr'><strong>Si</strong></span> <span class='ocrx_word' id='word_1_105' title='bbox 727 1720 976 1789; x_wconf 87' lang='lat' dir='ltr'><strong>Spiritum</strong></span> <span class='ocrx_word' id='word_1_106' title='bbox 999 1731 1228 1775; x_wconf 80' lang='lat' dir='ltr'><strong>sanctum</strong></span> <span class='ocrx_word' id='word_1_107' title='bbox 1249 1721 1509 1789; x_wconf 85' lang='lat' dir='ltr'><strong>accepistis</strong></span> <span class='ocrx_word' id='word_1_108' title='bbox 1530 1720 1782 1773; x_wconf 79' lang='lat' dir='ltr'><strong>credentes</strong></span> <span class='ocrx_word' id='word_1_109' title='bbox 1794 1719 1819 1771; x_wconf 88' lang='lat'><strong>?</strong></span> <span class='ocrx_word' id='word_1_110' title='bbox 1832 1716 1921 1771; x_wconf 86' lang='lat' dir='ltr'><strong>Illi</strong></span> <span class='ocrx_word' id='word_1_111' title='bbox 1936 1725 2101 1769; x_wconf 88' lang='lat' dir='ltr'><strong>autem</strong></span> 
     </span>
    </p>
   </div>
   <div class='ocr_carea' id='block_1_16' title="bbox 520 1808 2099 1883">
    <p class='ocr_par' dir='ltr' id='par_1_16' title="bbox 520 1808 2099 1883">
     <span class='ocr_line' id='line_1_16' title="bbox 520 1808 2099 1883; baseline -0.003 -19"><span class='ocrx_word' id='word_1_112' title='bbox 520 1813 754 1866; x_wconf 74' lang='lat' dir='ltr'><strong>dixerunt</strong></span> <span class='ocrx_word' id='word_1_113' title='bbox 784 1814 829 1867; x_wconf 85' lang='lat' dir='ltr'><strong>ei</strong></span> <span class='ocrx_word' id='word_1_114' title='bbox 853 1829 871 1867; x_wconf 93' lang='lat'><strong><em>:</em></strong></span> <span class='ocrx_word' id='word_1_115' title='bbox 901 1814 1007 1868; x_wconf 89' lang='lat' dir='ltr'><strong>Sed</strong></span> <span class='ocrx_word' id='word_1_116' title='bbox 1034 1830 1188 1880; x_wconf 88' lang='lat' dir='ltr'><strong>neque</strong></span> <span class='ocrx_word' id='word_1_117' title='bbox 1211 1815 1254 1867; x_wconf 87' lang='lat' dir='ltr'><strong>si</strong></span> <span class='ocrx_word' id='word_1_118' title='bbox 1285 1814 1508 1883; x_wconf 86' lang='lat' dir='ltr'><strong>Spiritus</strong></span> <span class='ocrx_word' id='word_1_119' title='bbox 1539 1821 1741 1865; x_wconf 89' lang='lat' dir='ltr'><strong>sanctus</strong></span> <span class='ocrx_word' id='word_1_120' title='bbox 1770 1820 1869 1872; x_wconf 91' lang='lat' dir='ltr'><strong>est,</strong></span> <span class='ocrx_word' id='word_1_121' title='bbox 1900 1808 2099 1862; x_wconf 90' lang='lat' dir='ltr'><strong>audivi-</strong></span> 
     </span>
    </p>
   </div>
   <div class='ocr_carea' id='block_1_17' title="bbox 516 1900 2102 1976">
    <p class='ocr_par' dir='ltr' id='par_1_17' title="bbox 516 1900 2102 1976">
     <span class='ocr_line' id='line_1_17' title="bbox 516 1900 2102 1976; baseline -0.002 -20"><span class='ocrx_word' id='word_1_122' title='bbox 516 1921 651 1957; x_wconf 85' lang='lat' dir='ltr'><strong>mus.</strong></span> <span class='ocrx_word' id='word_1_123' title='bbox 688 1906 740 1958; x_wconf 80' lang='lat'><strong>3.</strong></span> <span class='ocrx_word' id='word_1_124' title='bbox 772 1905 1012 1976; x_wconf 78' lang='lat' dir='ltr'><strong>Dixitque</strong></span> <span class='ocrx_word' id='word_1_125' title='bbox 1039 1906 1106 1959; x_wconf 87' lang='lat' dir='ltr'><strong>ad</strong></span> <span class='ocrx_word' id='word_1_126' title='bbox 1128 1904 1245 1958; x_wconf 88' lang='lat' dir='ltr'><strong>illos</strong></span> <span class='ocrx_word' id='word_1_127' title='bbox 1272 1922 1291 1959; x_wconf 90' lang='lat'><strong><em>:</em></strong></span> <span class='ocrx_word' id='word_1_128' title='bbox 1323 1903 1386 1958; x_wconf 90' lang='lat' dir='ltr'><strong>In</strong></span> <span class='ocrx_word' id='word_1_129' title='bbox 1414 1921 1514 1975; x_wconf 91' lang='lat' dir='ltr'><strong>quo</strong></span> <span class='ocrx_word' id='word_1_130' title='bbox 1540 1920 1656 1973; x_wconf 89' lang='lat' dir='ltr'><strong>ergo</strong></span> <span class='ocrx_word' id='word_1_131' title='bbox 1683 1902 1922 1973; x_wconf 81' lang='lat' dir='ltr'><strong>baptizati</strong></span> <span class='ocrx_word' id='word_1_132' title='bbox 1946 1900 2102 1954; x_wconf 88' lang='lat' dir='ltr'><strong>estis?</strong></span> 
     </span>
    </p>
   </div>
   <div class='ocr_carea' id='block_1_18' title="bbox 519 1995 2102 2067">
    <p class='ocr_par' dir='ltr' id='par_1_18' title="bbox 519 1995 2102 2067">
     <span class='ocr_line' id='line_1_18' title="bbox 519 1995 2102 2067; baseline -0.001 -19"><span class='ocrx_word' id='word_1_133' title='bbox 519 1995 611 2050; x_wconf 85' lang='lat' dir='ltr'><strong>Illi</strong></span> <span class='ocrx_word' id='word_1_134' title='bbox 629 2007 796 2051; x_wconf 88' lang='lat' dir='ltr'><strong>autem</strong></span> <span class='ocrx_word' id='word_1_135' title='bbox 817 1997 1086 2054; x_wconf 75' lang='lat' dir='ltr'><strong>dixerunt:</strong></span> <span class='ocrx_word' id='word_1_136' title='bbox 1111 1998 1177 2051; x_wconf 85' lang='lat' dir='ltr'><strong>In</strong></span> <span class='ocrx_word' id='word_1_137' title='bbox 1205 1997 1418 2051; x_wconf 86' lang='lat' dir='ltr'><strong>Joannis</strong></span> <span class='ocrx_word' id='word_1_138' title='bbox 1449 1998 1761 2067; x_wconf 84' lang='lat' dir='ltr'><strong>baptismate.</strong></span> <span class='ocrx_word' id='word_1_139' title='bbox 1783 1997 1837 2051; x_wconf 70' lang='grc'><strong>4.</strong></span> <span class='ocrx_word' id='word_1_140' title='bbox 1862 1995 2102 2060; x_wconf 71' lang='lat' dir='ltr'><strong>Dixitque</strong></span> 
     </span>
    </p>
   </div>
   <div class='ocr_carea' id='block_1_19' title="bbox 519 2087 2098 2158">
    <p class='ocr_par' dir='ltr' id='par_1_19' title="bbox 519 2087 2098 2158">
     <span class='ocr_line' id='line_1_19' title="bbox 519 2087 2098 2158; baseline -0.003 -17"><span class='ocrx_word' id='word_1_141' title='bbox 519 2088 717 2143; x_wconf 86' lang='lat' dir='ltr'><strong>Paulus</strong></span> <span class='ocrx_word' id='word_1_142' title='bbox 742 2104 761 2143; x_wconf 91' lang='lat'><strong><em>:</em></strong></span> <span class='ocrx_word' id='word_1_143' title='bbox 786 2088 1014 2144; x_wconf 80' lang='lat' dir='ltr'><strong>Joannes</strong></span> <span class='ocrx_word' id='word_1_144' title='bbox 1042 2089 1243 2155; x_wconf 88' lang='lat' dir='ltr'><strong>quidem</strong></span> <span class='ocrx_word' id='word_1_145' title='bbox 1269 2090 1537 2158; x_wconf 79' lang='lat' dir='ltr'><strong>baptizavit</strong></span> <span class='ocrx_word' id='word_1_146' title='bbox 1563 2088 1813 2157; x_wconf 89' lang='lat' dir='ltr'><strong>baptismo</strong></span> <span class='ocrx_word' id='word_1_147' title='bbox 1848 2087 2098 2158; x_wconf 72' lang='lat' dir='ltr'><strong>paeniten-</strong></span> 
     </span>
    </p>
   </div>
   <div class='ocr_carea' id='block_1_20' title="bbox 518 2179 2099 2249">
    <p class='ocr_par' dir='ltr' id='par_1_20' title="bbox 518 2179 2099 2249">
     <span class='ocr_line' id='line_1_20' title="bbox 518 2179 2099 2249; baseline -0.002 -17"><span class='ocrx_word' id='word_1_148' title='bbox 518 2180 631 2239; x_wconf 67' lang='lat' dir='ltr'><strong>tiae,</strong></span> <span class='ocrx_word' id='word_1_149' title='bbox 663 2179 851 2249; x_wconf 86' lang='lat' dir='ltr'><strong>populo</strong></span> <span class='ocrx_word' id='word_1_150' title='bbox 887 2180 1086 2244; x_wconf 87' lang='lat' dir='ltr'><strong>dicens,</strong></span> <span class='ocrx_word' id='word_1_151' title='bbox 1124 2190 1181 2233; x_wconf 90' lang='lat' dir='ltr'><strong>ut</strong></span> <span class='ocrx_word' id='word_1_152' title='bbox 1210 2181 1261 2233; x_wconf 88' lang='lat' dir='ltr'><strong>in</strong></span> <span class='ocrx_word' id='word_1_153' title='bbox 1289 2196 1429 2241; x_wconf 83' lang='lat' dir='ltr'><strong>eum,</strong></span> <span class='ocrx_word' id='word_1_154' title='bbox 1462 2180 1548 2248; x_wconf 90' lang='lat' dir='ltr'><strong>qui</strong></span> <span class='ocrx_word' id='word_1_155' title='bbox 1576 2189 1815 2233; x_wconf 89' lang='lat' dir='ltr'><strong>venturus</strong></span> <span class='ocrx_word' id='word_1_156' title='bbox 1852 2186 1959 2231; x_wconf 89' lang='lat' dir='ltr'><strong>erat</strong></span> <span class='ocrx_word' id='word_1_157' title='bbox 1989 2184 2099 2246; x_wconf 89' lang='lat' dir='ltr'><strong>post</strong></span> 
     </span>
    </p>
   </div>
   <div class='ocr_carea' id='block_1_21' title="bbox 515 2268 2100 2338">
    <p class='ocr_par' dir='ltr' id='par_1_21' title="bbox 515 2268 2100 2338">
     <span class='ocr_line' id='line_1_21' title="bbox 515 2268 2100 2338; baseline 0 -17"><span class='ocrx_word' id='word_1_158' title='bbox 515 2271 715 2336; x_wconf 82' lang='lat' dir='ltr'><strong>ipsum,</strong></span> <span class='ocrx_word' id='word_1_159' title='bbox 758 2270 1047 2335; x_wconf 86' lang='lat' dir='ltr'><strong>crederent;</strong></span> <span class='ocrx_word' id='word_1_160' title='bbox 1084 2272 1140 2324; x_wconf 88' lang='lat' dir='ltr'><strong>id</strong></span> <span class='ocrx_word' id='word_1_161' title='bbox 1175 2280 1275 2338; x_wconf 89' lang='lat' dir='ltr'><strong>est,</strong></span> <span class='ocrx_word' id='word_1_162' title='bbox 1303 2272 1353 2324; x_wconf 90' lang='lat' dir='ltr'><strong>in</strong></span> <span class='ocrx_word' id='word_1_163' title='bbox 1381 2269 1637 2326; x_wconf 89' lang='lat' dir='ltr'><strong>Christum</strong></span> <span class='ocrx_word' id='word_1_164' title='bbox 1671 2269 1867 2324; x_wconf 74' lang='lat' dir='ltr'><strong>Iesum.</strong></span> <span class='ocrx_word' id='word_1_165' title='bbox 1908 2269 1962 2323; x_wconf 85' lang='lat'><strong>5.</strong></span> <span class='ocrx_word' id='word_1_166' title='bbox 1998 2268 2100 2321; x_wconf 87' lang='lat' dir='ltr'><strong>Au-</strong></span> 
     </span>
    </p>
   </div>
   <div class='ocr_carea' id='block_1_22' title="bbox 515 2359 2094 2430">
    <p class='ocr_par' dir='ltr' id='par_1_22' title="bbox 515 2359 2094 2430">
     <span class='ocr_line' id='line_1_22' title="bbox 515 2359 2094 2430; baseline -0.001 -17"><span class='ocrx_word' id='word_1_167' title='bbox 515 2361 708 2414; x_wconf 84' lang='lat' dir='ltr'><strong>dientes</strong></span> <span class='ocrx_word' id='word_1_168' title='bbox 740 2371 906 2415; x_wconf 87' lang='lat' dir='ltr'><strong>autent</strong></span> <span class='ocrx_word' id='word_1_169' title='bbox 932 2363 1169 2430; x_wconf 79' lang='lat' dir='ltr'><strong>baptizati</strong></span> <span class='ocrx_word' id='word_1_170' title='bbox 1197 2372 1313 2415; x_wconf 91' lang='lat' dir='ltr'><strong>sunt</strong></span> <span class='ocrx_word' id='word_1_171' title='bbox 1342 2363 1393 2415; x_wconf 88' lang='lat' dir='ltr'><strong>in</strong></span> <span class='ocrx_word' id='word_1_172' title='bbox 1421 2362 1621 2416; x_wconf 88' lang='lat' dir='ltr'><strong>nomine</strong></span> <span class='ocrx_word' id='word_1_173' title='bbox 1647 2360 1855 2415; x_wconf 88' lang='lat' dir='ltr'><strong>Domini</strong></span> <span class='ocrx_word' id='word_1_174' title='bbox 1873 2359 2016 2414; x_wconf 84' lang='lat' dir='ltr'><strong>Jesu.</strong></span> <span class='ocrx_word' id='word_1_175' title='bbox 2041 2359 2094 2414; x_wconf 87' lang='lat'><strong>6.</strong></span> 
     </span>
    </p>
   </div>
   <div class='ocr_carea' id='block_1_23' title="bbox 520 2451 2098 2524">
    <p class='ocr_par' dir='ltr' id='par_1_23' title="bbox 520 2451 2098 2524">
     <span class='ocr_line' id='line_1_23' title="bbox 520 2451 2098 2524; baseline 0 -18"><span class='ocrx_word' id='word_1_176' title='bbox 520 2452 584 2507; x_wconf 82' lang='lat' dir='ltr'><strong>Et</strong></span> <span class='ocrx_word' id='word_1_177' title='bbox 613 2470 729 2507; x_wconf 84' lang='lat' dir='ltr'><strong>cum</strong></span> <span class='ocrx_word' id='word_1_178' title='bbox 754 2454 1069 2524; x_wconf 88' lang='lat' dir='ltr'><strong>imposuisset</strong></span> <span class='ocrx_word' id='word_1_179' title='bbox 1095 2455 1198 2509; x_wconf 86' lang='lat' dir='ltr'><strong>illis</strong></span> <span class='ocrx_word' id='word_1_180' title='bbox 1230 2472 1407 2509; x_wconf 89' lang='lat' dir='ltr'><strong>manus</strong></span> <span class='ocrx_word' id='word_1_181' title='bbox 1438 2454 1635 2508; x_wconf 86' lang='lat' dir='ltr'><strong>Paulus</strong></span> <span class='ocrx_word' id='word_1_182' title='bbox 1655 2496 1670 2519; x_wconf 94' lang='lat'><strong>,</strong></span> <span class='ocrx_word' id='word_1_183' title='bbox 1710 2453 1840 2507; x_wconf 83' lang='lat' dir='ltr'><strong>venit</strong></span> <span class='ocrx_word' id='word_1_184' title='bbox 1874 2451 2098 2522; x_wconf 87' lang='lat' dir='ltr'><strong>Spiritus</strong></span> 
     </span>
    </p>
   </div>
   <div class='ocr_carea' id='block_1_24' title="bbox 514 2544 2096 2616">
    <p class='ocr_par' dir='ltr' id='par_1_24' title="bbox 514 2544 2096 2616">
     <span class='ocr_line' id='line_1_24' title="bbox 514 2544 2096 2616; baseline -0.001 -18"><span class='ocrx_word' id='word_1_185' title='bbox 514 2554 717 2599; x_wconf 85' lang='lat' dir='ltr'><strong>sunctus</strong></span> <span class='ocrx_word' id='word_1_186' title='bbox 742 2562 894 2615; x_wconf 88' lang='lat' dir='ltr'><strong>super</strong></span> <span class='ocrx_word' id='word_1_187' title='bbox 915 2546 1052 2609; x_wconf 89' lang='lat' dir='ltr'><strong>illos,</strong></span> <span class='ocrx_word' id='word_1_188' title='bbox 1077 2546 1500 2615; x_wconf 89' lang='lat' dir='ltr'><strong>loquebanturque</strong></span> <span class='ocrx_word' id='word_1_189' title='bbox 1526 2547 1713 2615; x_wconf 83' lang='lat' dir='ltr'><strong>linguis</strong></span> <span class='ocrx_word' id='word_1_190' title='bbox 1743 2553 1788 2599; x_wconf 87' lang='lat' dir='ltr'><strong>et</strong></span> <span class='ocrx_word' id='word_1_191' title='bbox 1820 2544 2096 2616; x_wconf 82' lang='lat' dir='ltr'><strong>propheta-</strong></span> 
     </span>
    </p>
   </div>
   <div class='ocr_carea' id='block_1_25' title="bbox 515 2636 2094 2709">
    <p class='ocr_par' dir='ltr' id='par_1_25' title="bbox 515 2636 2094 2709">
     <span class='ocr_line' id='line_1_25' title="bbox 515 2636 2094 2709; baseline 0.001 -21"><span class='ocrx_word' id='word_1_192' title='bbox 515 2637 654 2690; x_wconf 88' lang='lat' dir='ltr'><strong>baut.</strong></span> <span class='ocrx_word' id='word_1_193' title='bbox 692 2639 745 2692; x_wconf 81' lang='lat'><strong>7.</strong></span> <span class='ocrx_word' id='word_1_194' title='bbox 787 2638 1043 2708; x_wconf 82' lang='lat' dir='ltr'><strong>Erantque</strong></span> <span class='ocrx_word' id='word_1_195' title='bbox 1070 2656 1239 2692; x_wconf 89' lang='lat' dir='ltr'><strong>omnes</strong></span> <span class='ocrx_word' id='word_1_196' title='bbox 1265 2640 1359 2692; x_wconf 88' lang='lat' dir='ltr'><strong>viri</strong></span> <span class='ocrx_word' id='word_1_197' title='bbox 1390 2640 1532 2709; x_wconf 84' lang='lat' dir='ltr'><strong>quasi</strong></span> <span class='ocrx_word' id='word_1_198' title='bbox 1558 2638 1842 2692; x_wconf 86' lang='lat' dir='ltr'><strong>duodecim.</strong></span> <span class='ocrx_word' id='word_1_199' title='bbox 1875 2636 2094 2690; x_wconf 82' lang='lat' dir='ltr'><strong>Multum</strong></span> 
     </span>
    </p>
   </div>
   <div class='ocr_carea' id='block_1_26' title="bbox 515 2729 2094 2803">
    <p class='ocr_par' dir='ltr' id='par_1_26' title="bbox 515 2729 2094 2803">
     <span class='ocr_line' id='line_1_26' title="bbox 515 2729 2094 2803; baseline -0.001 -20"><span class='ocrx_word' id='word_1_200' title='bbox 515 2729 568 2783; x_wconf 90' lang='lat' dir='ltr'><strong>bi</strong></span> <span class='ocrx_word' id='word_1_201' title='bbox 608 2730 796 2787; x_wconf 89' lang='lat' dir='ltr'><strong>abillo</strong></span> <span class='ocrx_word' id='word_1_202' title='bbox 833 2731 1183 2798; x_wconf 69' lang='lat' dir='ltr'><strong>diﬁcrebant,</strong></span> <span class='ocrx_word' id='word_1_203' title='bbox 1218 2733 1307 2803; x_wconf 85' lang='lat' dir='ltr'><strong>qui</strong></span> <span class='ocrx_word' id='word_1_204' title='bbox 1353 2748 1526 2802; x_wconf 90' lang='lat' dir='ltr'><strong>neque</strong></span> <span class='ocrx_word' id='word_1_205' title='bbox 1564 2732 1801 2785; x_wconf 89' lang='lat' dir='ltr'><strong>sciebant</strong></span> <span class='ocrx_word' id='word_1_206' title='bbox 1838 2730 2094 2799; x_wconf 90' lang='lat' dir='ltr'><strong>Spiritum</strong></span> 
     </span>
    </p>
   </div>
   <div class='ocr_carea' id='block_1_27' title="bbox 512 2823 2096 2895">
    <p class='ocr_par' dir='ltr' id='par_1_27' title="bbox 512 2823 2096 2895">
     <span class='ocr_line' id='line_1_27' title="bbox 512 2823 2096 2895; baseline 0 -20"><span class='ocrx_word' id='word_1_207' title='bbox 512 2832 755 2876; x_wconf 90' lang='lat' dir='ltr'><strong>sanetum</strong></span> <span class='ocrx_word' id='word_1_208' title='bbox 789 2838 929 2879; x_wconf 88' lang='lat' dir='ltr'><strong>esse.</strong></span> <span class='ocrx_word' id='word_1_209' title='bbox 972 2824 1034 2878; x_wconf 91' lang='lat' dir='ltr'><strong>lli</strong></span> <span class='ocrx_word' id='word_1_210' title='bbox 1068 2825 1227 2895; x_wconf 82' lang='lat' dir='ltr'><strong>igitur</strong></span> <span class='ocrx_word' id='word_1_211' title='bbox 1265 2825 1352 2894; x_wconf 92' lang='lat' dir='ltr'><strong>qui</strong></span> <span class='ocrx_word' id='word_1_212' title='bbox 1383 2823 1690 2894; x_wconf 88' lang='lat' dir='ltr'><strong>diligentius</strong></span> <span class='ocrx_word' id='word_1_213' title='bbox 1720 2824 1792 2877; x_wconf 91' lang='lat' dir='ltr'><strong>illi</strong></span> <span class='ocrx_word' id='word_1_214' title='bbox 1830 2837 2096 2892; x_wconf 73' lang='lat' dir='ltr'><strong>eXpoSuc-</strong></span> 
     </span>
    </p>
   </div>
   <div class='ocr_carea' id='block_1_28' title="bbox 516 2914 2093 2984">
    <p class='ocr_par' dir='ltr' id='par_1_28' title="bbox 516 2914 2093 2984">
     <span class='ocr_line' id='line_1_28' title="bbox 516 2914 2093 2984; baseline 0.003 -18"><span class='ocrx_word' id='word_1_215' title='bbox 516 2923 637 2967; x_wconf 90' lang='lat' dir='ltr'><strong>runt</strong></span> <span class='ocrx_word' id='word_1_216' title='bbox 659 2914 797 2967; x_wconf 89' lang='lat' dir='ltr'><strong>viam</strong></span> <span class='ocrx_word' id='word_1_217' title='bbox 830 2914 1061 2978; x_wconf 88' lang='lat' dir='ltr'><strong>Domini,</strong></span> <span class='ocrx_word' id='word_1_218' title='bbox 1090 2916 1421 2984; x_wconf 80' lang='lat' dir='ltr'><strong>praemittunt</strong></span> <span class='ocrx_word' id='word_1_219' title='bbox 1440 2916 1598 2970; x_wconf 87' lang='lat' dir='ltr'><strong>etiam</strong></span> <span class='ocrx_word' id='word_1_220' title='bbox 1632 2916 1916 2984; x_wconf 86' lang='lat' dir='ltr'><strong>literasque</strong></span> <span class='ocrx_word' id='word_1_221' title='bbox 1944 2914 2093 2971; x_wconf 85' lang='lat' dir='ltr'><strong>dant.</strong></span> 
     </span>
    </p>
   </div>
   <div class='ocr_carea' id='block_1_29' title="bbox 517 3005 2094 3076">
    <p class='ocr_par' dir='ltr' id='par_1_29' title="bbox 517 3005 2094 3076">
     <span class='ocr_line' id='line_1_29' title="bbox 517 3005 2094 3076; baseline 0.002 -17"><span class='ocrx_word' id='word_1_222' title='bbox 517 3005 743 3060; x_wconf 90' lang='lat' dir='ltr'><strong>Volebat</strong></span> <span class='ocrx_word' id='word_1_223' title='bbox 777 3006 936 3076; x_wconf 79' lang='lat' dir='ltr'><strong>igitur</strong></span> <span class='ocrx_word' id='word_1_224' title='bbox 963 3016 1019 3062; x_wconf 91' lang='lat' dir='ltr'><strong>et</strong></span> <span class='ocrx_word' id='word_1_225' title='bbox 1044 3007 1158 3076; x_wconf 87' lang='lat' dir='ltr'><strong>ipse</strong></span> <span class='ocrx_word' id='word_1_226' title='bbox 1200 3007 1252 3061; x_wconf 90' lang='lat' dir='ltr'><strong>in</strong></span> <span class='ocrx_word' id='word_1_227' title='bbox 1286 3007 1539 3061; x_wconf 81' lang='lat' dir='ltr'><strong>Achaiam</strong></span> <span class='ocrx_word' id='word_1_228' title='bbox 1570 3008 1779 3071; x_wconf 89' lang='lat' dir='ltr'><strong>venire;</strong></span> <span class='ocrx_word' id='word_1_229' title='bbox 1807 3007 1901 3062; x_wconf 88' lang='lat' dir='ltr'><strong>sed</strong></span> <span class='ocrx_word' id='word_1_230' title='bbox 1939 3019 2094 3062; x_wconf 85' lang='lat' dir='ltr'><strong>ante-</strong></span> 
     </span>
    </p>
   </div>
   <div class='ocr_carea' id='block_1_30' title="bbox 516 3096 2093 3165">
    <p class='ocr_par' dir='ltr' id='par_1_30' title="bbox 516 3096 2093 3165">
     <span class='ocr_line' id='line_1_30' title="bbox 516 3096 2093 3165; baseline 0.002 -17"><span class='ocrx_word' id='word_1_231' title='bbox 516 3113 675 3165; x_wconf 83' lang='lat' dir='ltr'><strong>quam</strong></span> <span class='ocrx_word' id='word_1_232' title='bbox 703 3096 853 3152; x_wconf 90' lang='lat' dir='ltr'><strong>illum</strong></span> <span class='ocrx_word' id='word_1_233' title='bbox 882 3096 1073 3153; x_wconf 88' lang='lat' dir='ltr'><strong>fratres</strong></span> <span class='ocrx_word' id='word_1_234' title='bbox 1095 3097 1366 3153; x_wconf 86' lang='lat' dir='ltr'><strong>exhortati</strong></span> <span class='ocrx_word' id='word_1_235' title='bbox 1397 3106 1598 3165; x_wconf 86' lang='lat' dir='ltr'><strong>essent,</strong></span> <span class='ocrx_word' id='word_1_236' title='bbox 1626 3113 1690 3153; x_wconf 91' lang='lat' dir='ltr'><strong>ac</strong></span> <span class='ocrx_word' id='word_1_237' title='bbox 1717 3098 1897 3152; x_wconf 89' lang='lat' dir='ltr'><strong>literas</strong></span> <span class='ocrx_word' id='word_1_238' title='bbox 1922 3098 1969 3151; x_wconf 91' lang='lat' dir='ltr'><strong>ei</strong></span> <span class='ocrx_word' id='word_1_239' title='bbox 1997 3098 2093 3151; x_wconf 88' lang='lat' dir='ltr'><strong>de-</strong></span> 
     </span>
    </p>
   </div>
   <div class='ocr_carea' id='block_1_31' title="bbox 513 3189 2095 3261">
    <p class='ocr_par' dir='ltr' id='par_1_31' title="bbox 513 3189 2095 3261">
     <span class='ocr_line' id='line_1_31' title="bbox 513 3189 2095 3261; baseline -0.001 -17"><span class='ocrx_word' id='word_1_240' title='bbox 513 3189 753 3256; x_wconf 72' lang='lat' dir='ltr'><strong>dit-sent,</strong></span> <span class='ocrx_word' id='word_1_241' title='bbox 798 3204 905 3245; x_wconf 90' lang='lat' dir='ltr'><strong>non</strong></span> <span class='ocrx_word' id='word_1_242' title='bbox 946 3190 1167 3246; x_wconf 85' lang='lat' dir='ltr'><strong>recedit.</strong></span> <span class='ocrx_word' id='word_1_243' title='bbox 1201 3190 1301 3256; x_wconf 82' lang='lat' dir='ltr'><strong>Qui</strong></span> <span class='ocrx_word' id='word_1_244' title='bbox 1343 3200 1399 3245; x_wconf 84' lang='lat' dir='ltr'><strong>ut</strong></span> <span class='ocrx_word' id='word_1_245' title='bbox 1441 3192 1607 3255; x_wconf 85' lang='lat' dir='ltr'><strong>venit,</strong></span> <span class='ocrx_word' id='word_1_246' title='bbox 1649 3190 1853 3261; x_wconf 90' lang='lat' dir='ltr'><strong>inquit,</strong></span> <span class='ocrx_word' id='word_1_247' title='bbox 1886 3189 2095 3245; x_wconf 86' lang='lat' dir='ltr'><strong>contulit</strong></span> 
     </span>
    </p>
   </div>
   <div class='ocr_carea' id='block_1_32' title="bbox 512 3280 2095 3351">
    <p class='ocr_par' dir='ltr' id='par_1_32' title="bbox 512 3280 2095 3351">
     <span class='ocr_line' id='line_1_32' title="bbox 512 3280 2095 3351; baseline 0.001 -17"><span class='ocrx_word' id='word_1_248' title='bbox 512 3284 725 3335; x_wconf 87' lang='lat' dir='ltr'><strong>multum</strong></span> <span class='ocrx_word' id='word_1_249' title='bbox 754 3282 817 3336; x_wconf 89' lang='lat' dir='ltr'><strong>iis</strong></span> <span class='ocrx_word' id='word_1_250' title='bbox 835 3324 852 3350; x_wconf 90' lang='lat'><strong>,</strong></span> <span class='ocrx_word' id='word_1_251' title='bbox 880 3283 964 3351; x_wconf 88' lang='lat' dir='ltr'><strong>qui</strong></span> <span class='ocrx_word' id='word_1_252' title='bbox 998 3282 1317 3337; x_wconf 84' lang='lat' dir='ltr'><strong>crediderant</strong></span> <span class='ocrx_word' id='word_1_253' title='bbox 1340 3298 1359 3336; x_wconf 90' lang='lat'><strong><em>:</em></strong></span> <span class='ocrx_word' id='word_1_254' title='bbox 1385 3284 1697 3336; x_wconf 87' lang='lat' dir='ltr'><strong>vehementer</strong></span> <span class='ocrx_word' id='word_1_255' title='bbox 1724 3283 1856 3336; x_wconf 91' lang='lat' dir='ltr'><strong>enim</strong></span> <span class='ocrx_word' id='word_1_256' title='bbox 1884 3280 2095 3335; x_wconf 62' lang='lat' dir='ltr'><strong>Iudaeos</strong></span> 
     </span>
    </p>
   </div>
   <div class='ocr_carea' id='block_1_33' title="bbox 510 3373 2096 3446">
    <p class='ocr_par' dir='ltr' id='par_1_33' title="bbox 510 3373 2096 3446">
     <span class='ocr_line' id='line_1_33' title="bbox 510 3373 2096 3446; baseline -0.002 -17"><span class='ocrx_word' id='word_1_257' title='bbox 510 3374 787 3429; x_wconf 86' lang='lat' dir='ltr'><strong>revincebut</strong></span> <span class='ocrx_word' id='word_1_258' title='bbox 812 3375 1028 3445; x_wconf 89' lang='lat' dir='ltr'><strong>publice,</strong></span> <span class='ocrx_word' id='word_1_259' title='bbox 1060 3376 1325 3430; x_wconf 86' lang='lat' dir='ltr'><strong>ostendens</strong></span> <span class='ocrx_word' id='word_1_260' title='bbox 1350 3392 1439 3446; x_wconf 88' lang='lat' dir='ltr'><strong>per</strong></span> <span class='ocrx_word' id='word_1_261' title='bbox 1466 3374 1763 3444; x_wconf 85' lang='lat' dir='ltr'><strong>Scripturas</strong></span> <span class='ocrx_word' id='word_1_262' title='bbox 1786 3373 1962 3427; x_wconf 84' lang='lat' dir='ltr'><strong>Jesum</strong></span> <span class='ocrx_word' id='word_1_263' title='bbox 1989 3389 2096 3427; x_wconf 85' lang='lat' dir='ltr'><strong>esse</strong></span> 
     </span>
    </p>
   </div>
   <div class='ocr_carea' id='block_1_34' title="bbox 512 3464 2094 3537">
    <p class='ocr_par' dir='ltr' id='par_1_34' title="bbox 512 3464 2094 3537">
     <span class='ocr_line' id='line_1_34' title="bbox 512 3464 2094 3537; baseline -0.001 -17"><span class='ocrx_word' id='word_1_264' title='bbox 512 3464 788 3520; x_wconf 83' lang='lat' dir='ltr'><strong>Christum.</strong></span> <span class='ocrx_word' id='word_1_265' title='bbox 836 3466 970 3521; x_wconf 91' lang='lat' dir='ltr'><strong>llinc</strong></span> <span class='ocrx_word' id='word_1_266' title='bbox 1011 3467 1245 3522; x_wconf 88' lang='lat' dir='ltr'><strong>ostendit</strong></span> <span class='ocrx_word' id='word_1_267' title='bbox 1284 3482 1443 3536; x_wconf 90' lang='lat' dir='ltr'><strong>quam</strong></span> <span class='ocrx_word' id='word_1_268' title='bbox 1473 3475 1661 3537; x_wconf 88' lang='lat' dir='ltr'><strong>potens</strong></span> <span class='ocrx_word' id='word_1_269' title='bbox 1698 3466 1750 3520; x_wconf 91' lang='lat' dir='ltr'><strong>in</strong></span> <span class='ocrx_word' id='word_1_270' title='bbox 1803 3465 2094 3536; x_wconf 88' lang='lat' dir='ltr'><strong>Scripturis</strong></span> 
     </span>
    </p>
   </div>
   <div class='ocr_carea' id='block_1_35' title="bbox 511 3559 2095 3630">
    <p class='ocr_par' dir='ltr' id='par_1_35' title="bbox 511 3559 2095 3630">
     <span class='ocr_line' id='line_1_35' title="bbox 511 3559 2095 3630; baseline -0.001 -16"><span class='ocrx_word' id='word_1_271' title='bbox 511 3568 657 3614; x_wconf 62' lang='lat' dir='ltr'><strong>esset</strong></span> <span class='ocrx_word' id='word_1_272' title='bbox 684 3559 913 3627; x_wconf 84' lang='lat' dir='ltr'><strong>Apollo:</strong></span> <span class='ocrx_word' id='word_1_273' title='bbox 944 3559 1159 3615; x_wconf 70' lang='lat' dir='ltr'><strong>Judteos</strong></span> <span class='ocrx_word' id='word_1_274' title='bbox 1200 3560 1342 3614; x_wconf 88' lang='lat' dir='ltr'><strong>enim</strong></span> <span class='ocrx_word' id='word_1_275' title='bbox 1388 3561 1732 3615; x_wconf 75' lang='lat' dir='ltr'><strong>vehementer</strong></span> <span class='ocrx_word' id='word_1_276' title='bbox 1772 3559 2095 3630; x_wconf 81' lang='lat' dir='ltr'><strong>reprimebat</strong></span> 
     </span>
    </p>
   </div>
   <div class='ocr_carea' id='block_1_36' title="bbox 514 3649 2094 3721">
    <p class='ocr_par' dir='ltr' id='par_1_36' title="bbox 514 3649 2094 3721">
     <span class='ocr_line' id='line_1_36' title="bbox 514 3649 2094 3721; baseline 0.001 -18"><span class='ocrx_word' id='word_1_277' title='bbox 514 3649 654 3721; x_wconf 92' lang='lat' dir='ltr'><strong>(hoc</strong></span> <span class='ocrx_word' id='word_1_278' title='bbox 694 3650 837 3704; x_wconf 89' lang='lat' dir='ltr'><strong>enim</strong></span> <span class='ocrx_word' id='word_1_279' title='bbox 883 3651 983 3705; x_wconf 90' lang='lat' dir='ltr'><strong>sibi</strong></span> <span class='ocrx_word' id='word_1_280' title='bbox 1017 3653 1128 3706; x_wconf 82' lang='lat' dir='ltr'><strong>vult</strong></span> <span class='ocrx_word' id='word_1_281' title='bbox 1164 3651 1321 3716; x_wconf 91' lang='lat' dir='ltr'><strong>illud,</strong></span> <span class='ocrx_word' id='word_1_282' title='bbox 1355 3651 1719 3721; x_wconf 79' lang='lat' dir='ltr'><strong>Revincebat);</strong></span> <span class='ocrx_word' id='word_1_283' title='bbox 1752 3652 2094 3707; x_wconf 88' lang='lat' dir='ltr'><strong>credentibus</strong></span> 
     </span>
    </p>
   </div>
   <div class='ocr_carea' id='block_1_37' title="bbox 514 3740 2094 3798">
    <p class='ocr_par' dir='ltr' id='par_1_37' title="bbox 514 3740 2094 3798">
     <span class='ocr_line' id='line_1_37' title="bbox 514 3740 2094 3798; baseline 0.002 -3"><span class='ocrx_word' id='word_1_284' title='bbox 514 3756 642 3796; x_wconf 91' lang='lat' dir='ltr'><strong>vero</strong></span> <span class='ocrx_word' id='word_1_285' title='bbox 668 3740 911 3796; x_wconf 89' lang='lat' dir='ltr'><strong>ﬁduciam</strong></span> <span class='ocrx_word' id='word_1_286' title='bbox 949 3742 1165 3797; x_wconf 90' lang='lat' dir='ltr'><strong>indebat</strong></span> <span class='ocrx_word' id='word_1_287' title='bbox 1197 3753 1253 3796; x_wconf 87' lang='lat' dir='ltr'><strong>ut</strong></span> <span class='ocrx_word' id='word_1_288' title='bbox 1292 3742 1343 3797; x_wconf 89' lang='lat' dir='ltr'><strong>in</strong></span> <span class='ocrx_word' id='word_1_289' title='bbox 1378 3744 1482 3798; x_wconf 87' lang='lat' dir='ltr'><strong>ﬁde</strong></span> <span class='ocrx_word' id='word_1_290' title='bbox 1521 3753 1744 3798; x_wconf 88' lang='lat' dir='ltr'><strong>starent.</strong></span> <span class='ocrx_word' id='word_1_291' title='bbox 1780 3743 1997 3797; x_wconf 86' lang='lat' dir='ltr'><strong>Factum</strong></span> <span class='ocrx_word' id='word_1_292' title='bbox 2022 3754 2094 3798; x_wconf 87' lang='lat' dir='ltr'><strong>est</strong></span> 
     </span>
    </p>
   </div>
   <div class='ocr_carea' id='block_1_38' title="bbox 512 3833 2095 3906">
    <p class='ocr_par' dir='ltr' id='par_1_38' title="bbox 512 3833 2095 3906">
     <span class='ocr_line' id='line_1_38' title="bbox 512 3833 2095 3906; baseline 0.001 -20"><span class='ocrx_word' id='word_1_293' title='bbox 512 3844 678 3887; x_wconf 86' lang='lat' dir='ltr'><strong>autem</strong></span> <span class='ocrx_word' id='word_1_294' title='bbox 699 3874 713 3897; x_wconf 91' lang='lat'><strong>,</strong></span> <span class='ocrx_word' id='word_1_295' title='bbox 742 3833 911 3904; x_wconf 86' lang='lat' dir='ltr'><strong>inquit</strong></span> <span class='ocrx_word' id='word_1_296' title='bbox 932 3876 944 3895; x_wconf 89' lang='lat'><strong>,</strong></span> <span class='ocrx_word' id='word_1_297' title='bbox 977 3845 1032 3887; x_wconf 90' lang='lat' dir='ltr'><strong>ut</strong></span> <span class='ocrx_word' id='word_1_298' title='bbox 1066 3833 1281 3900; x_wconf 87' lang='lat' dir='ltr'><strong>Paulus,</strong></span> <span class='ocrx_word' id='word_1_299' title='bbox 1310 3836 1589 3906; x_wconf 87' lang='lat' dir='ltr'><strong>peragratis</strong></span> <span class='ocrx_word' id='word_1_300' title='bbox 1616 3835 1954 3905; x_wconf 76' lang='lat' dir='ltr'><strong>superioribus</strong></span> <span class='ocrx_word' id='word_1_301' title='bbox 1975 3852 2095 3905; x_wconf 87' lang='lat' dir='ltr'><strong>par-</strong></span> 
     </span>
    </p>
   </div>
   <div class='ocr_carea' id='block_1_39' title="bbox 513 3925 2094 3998">
    <p class='ocr_par' dir='ltr' id='par_1_39' title="bbox 513 3925 2094 3998">
     <span class='ocr_line' id='line_1_39' title="bbox 513 3925 2094 3998; baseline 0.001 -19"><span class='ocrx_word' id='word_1_302' title='bbox 513 3926 643 3979; x_wconf 86' lang='lat' dir='ltr'><strong>tibus</strong></span> <span class='ocrx_word' id='word_1_303' title='bbox 663 3966 679 3991; x_wconf 92' lang='lat'><strong>,</strong></span> <span class='ocrx_word' id='word_1_304' title='bbox 722 3926 909 3980; x_wconf 82' lang='lat' dir='ltr'><strong>veniret</strong></span> <span class='ocrx_word' id='word_1_305' title='bbox 934 3925 1212 3998; x_wconf 83' lang='lat' dir='ltr'><strong>Ephesum.</strong></span> <span class='ocrx_word' id='word_1_306' title='bbox 1242 3927 1377 3982; x_wconf 90' lang='lat' dir='ltr'><strong>Sunt</strong></span> <span class='ocrx_word' id='word_1_307' title='bbox 1409 3936 1587 3983; x_wconf 89' lang='lat' dir='ltr'><strong>autem</strong></span> <span class='ocrx_word' id='word_1_308' title='bbox 1615 3928 1718 3983; x_wconf 67' lang='lat' dir='ltr'><strong>illa:</strong></span> <span class='ocrx_word' id='word_1_309' title='bbox 1741 3928 1890 3997; x_wconf 85' lang='lat' dir='ltr'><strong>juxta</strong></span> <span class='ocrx_word' id='word_1_310' title='bbox 1918 3930 2094 3983; x_wconf 69' lang='lat' dir='ltr'><strong>Ctesa-</strong></span> 
     </span>
    </p>
   </div>
   <div class='ocr_carea' id='block_1_40' title="bbox 514 4017 2096 4091">
    <p class='ocr_par' dir='ltr' id='par_1_40' title="bbox 514 4017 2096 4091">
     <span class='ocr_line' id='line_1_40' title="bbox 514 4017 2096 4091; baseline 0.001 -18"><span class='ocrx_word' id='word_1_311' title='bbox 514 4034 682 4084; x_wconf 87' lang='lat' dir='ltr'><strong>ream,</strong></span> <span class='ocrx_word' id='word_1_312' title='bbox 708 4028 762 4073; x_wconf 88' lang='lat' dir='ltr'><strong>et</strong></span> <span class='ocrx_word' id='word_1_313' title='bbox 790 4020 949 4073; x_wconf 92' lang='lat' dir='ltr'><strong>ultra.</strong></span> <span class='ocrx_word' id='word_1_314' title='bbox 978 4017 1047 4072; x_wconf 85' lang='lat' dir='ltr'><strong>Et</strong></span> <span class='ocrx_word' id='word_1_315' title='bbox 1074 4021 1257 4073; x_wconf 77' lang='lat' dir='ltr'><strong>invenit</strong></span> <span class='ocrx_word' id='word_1_316' title='bbox 1286 4021 1531 4090; x_wconf 88' lang='lat' dir='ltr'><strong>quosdam</strong></span> <span class='ocrx_word' id='word_1_317' title='bbox 1557 4020 1851 4089; x_wconf 84' lang='lat' dir='ltr'><strong>discipulos,</strong></span> <span class='ocrx_word' id='word_1_318' title='bbox 1871 4020 2096 4091; x_wconf 75' lang='lat' dir='ltr'><strong>dixitque</strong></span> 
     </span>
    </p>
   </div>
   <div class='ocr_carea' id='block_1_41' title="bbox 514 4109 2094 4180">
    <p class='ocr_par' dir='ltr' id='par_1_41' title="bbox 514 4109 2094 4180">
     <span class='ocr_line' id='line_1_41' title="bbox 514 4109 2094 4180; baseline 0.001 -18"><span class='ocrx_word' id='word_1_319' title='bbox 514 4111 584 4163; x_wconf 79' lang='lat' dir='ltr'><strong>eis</strong></span> <span class='ocrx_word' id='word_1_320' title='bbox 607 4126 625 4163; x_wconf 92' lang='lat'><strong><em>:</em></strong></span> <span class='ocrx_word' id='word_1_321' title='bbox 657 4110 718 4162; x_wconf 85' lang='lat' dir='ltr'><strong>Si</strong></span> <span class='ocrx_word' id='word_1_322' title='bbox 748 4109 998 4178; x_wconf 89' lang='lat' dir='ltr'><strong>Spiritum</strong></span> <span class='ocrx_word' id='word_1_323' title='bbox 1041 4120 1271 4163; x_wconf 77' lang='lat' dir='ltr'><strong>sanctum</strong></span> <span class='ocrx_word' id='word_1_324' title='bbox 1308 4111 1571 4180; x_wconf 83' lang='lat' dir='ltr'><strong>accepistis</strong></span> <span class='ocrx_word' id='word_1_325' title='bbox 1613 4111 1912 4165; x_wconf 87' lang='lat' dir='ltr'><strong>credentes?</strong></span> <span class='ocrx_word' id='word_1_326' title='bbox 1942 4110 2094 4178; x_wconf 86' lang='lat' dir='ltr'><strong>Quod</strong></span> 
     </span>
    </p>
   </div>
   <div class='ocr_carea' id='block_1_42' title="bbox 515 4200 2092 4270">
    <p class='ocr_par' dir='ltr' id='par_1_42' title="bbox 515 4200 2092 4270">
     <span class='ocr_line' id='line_1_42' title="bbox 515 4200 2092 4270; baseline 0 -17"><span class='ocrx_word' id='word_1_327' title='bbox 515 4210 691 4254; x_wconf 89' lang='lat' dir='ltr'><strong>antetu</strong></span> <span class='ocrx_word' id='word_1_328' title='bbox 724 4201 774 4253; x_wconf 89' lang='lat' dir='ltr'><strong>hi</strong></span> <span class='ocrx_word' id='word_1_329' title='bbox 798 4216 903 4254; x_wconf 92' lang='lat' dir='ltr'><strong>non</strong></span> <span class='ocrx_word' id='word_1_330' title='bbox 929 4200 1214 4256; x_wconf 87' lang='lat' dir='ltr'><strong>crederent</strong></span> <span class='ocrx_word' id='word_1_331' title='bbox 1234 4201 1285 4254; x_wconf 91' lang='lat' dir='ltr'><strong>in</strong></span> <span class='ocrx_word' id='word_1_332' title='bbox 1309 4202 1598 4261; x_wconf 83' lang='lat' dir='ltr'><strong>Christum,</strong></span> <span class='ocrx_word' id='word_1_333' title='bbox 1629 4202 1798 4270; x_wconf 84' lang='lat' dir='ltr'><strong>palam</strong></span> <span class='ocrx_word' id='word_1_334' title='bbox 1817 4211 1898 4256; x_wconf 89' lang='lat' dir='ltr'><strong>est.</strong></span> <span class='ocrx_word' id='word_1_335' title='bbox 1917 4218 1980 4255; x_wconf 88' lang='lat' dir='ltr'><strong>ex</strong></span> <span class='ocrx_word' id='word_1_336' title='bbox 2004 4216 2092 4269; x_wconf 85' lang='lat' dir='ltr'><strong>eo,</strong></span> 
     </span>
    </p>
   </div>
   <div class='ocr_carea' id='block_1_43' title="bbox 514 4289 2096 4363">
    <p class='ocr_par' dir='ltr' id='par_1_43' title="bbox 514 4289 2096 4363">
     <span class='ocr_line' id='line_1_43' title="bbox 514 4289 2096 4363; baseline 0.004 -22"><span class='ocrx_word' id='word_1_337' title='bbox 514 4289 657 4360; x_wconf 86' lang='lat' dir='ltr'><strong>quod</strong></span> <span class='ocrx_word' id='word_1_338' title='bbox 684 4289 882 4358; x_wconf 89' lang='lat' dir='ltr'><strong>dicant,</strong></span> <span class='ocrx_word' id='word_1_339' title='bbox 913 4290 979 4344; x_wconf 85' lang='lat' dir='ltr'><strong>In</strong></span> <span class='ocrx_word' id='word_1_340' title='bbox 1008 4309 1140 4356; x_wconf 90' lang='lat' dir='ltr'><strong>eum,</strong></span> <span class='ocrx_word' id='word_1_341' title='bbox 1172 4293 1257 4361; x_wconf 89' lang='lat' dir='ltr'><strong>qui</strong></span> <span class='ocrx_word' id='word_1_342' title='bbox 1284 4303 1519 4346; x_wconf 88' lang='lat' dir='ltr'><strong>venturus</strong></span> <span class='ocrx_word' id='word_1_343' title='bbox 1545 4302 1651 4345; x_wconf 91' lang='lat' dir='ltr'><strong>erat</strong></span> <span class='ocrx_word' id='word_1_344' title='bbox 1678 4303 1788 4360; x_wconf 87' lang='lat' dir='ltr'><strong>post</strong></span> <span class='ocrx_word' id='word_1_345' title='bbox 1807 4293 2008 4363; x_wconf 89' lang='lat' dir='ltr'><strong>ipsum,</strong></span> <span class='ocrx_word' id='word_1_346' title='bbox 2041 4303 2096 4347; x_wconf 90' lang='lat' dir='ltr'><strong>ut</strong></span> 
     </span>
    </p>
   </div>
   <div class='ocr_carea' id='block_1_44' title="bbox 516 4383 2093 4455">
    <p class='ocr_par' dir='ltr' id='par_1_44' title="bbox 516 4383 2093 4455">
     <span class='ocr_line' id='line_1_44' title="bbox 516 4383 2093 4455; baseline 0.002 -17"><span class='ocrx_word' id='word_1_347' title='bbox 516 4383 742 4438; x_wconf 85' lang='lat' dir='ltr'><strong>credant.</strong></span> <span class='ocrx_word' id='word_1_348' title='bbox 771 4384 951 4453; x_wconf 82' lang='lat' dir='ltr'><strong>Neque</strong></span> <span class='ocrx_word' id='word_1_349' title='bbox 971 4383 1121 4447; x_wconf 81' lang='lat' dir='ltr'><strong>dixit,</strong></span> <span class='ocrx_word' id='word_1_350' title='bbox 1148 4384 1288 4438; x_wconf 91' lang='lat' dir='ltr'><strong>Nihil</strong></span> <span class='ocrx_word' id='word_1_351' title='bbox 1311 4395 1393 4439; x_wconf 90' lang='lat' dir='ltr'><strong>est</strong></span> <span class='ocrx_word' id='word_1_352' title='bbox 1414 4385 1674 4455; x_wconf 87' lang='lat' dir='ltr'><strong>baptisma</strong></span> <span class='ocrx_word' id='word_1_353' title='bbox 1694 4386 1947 4453; x_wconf 84' lang='lat' dir='ltr'><strong>Joannis;</strong></span> <span class='ocrx_word' id='word_1_354' title='bbox 1973 4387 2066 4441; x_wconf 90' lang='lat' dir='ltr'><strong>sed</strong></span> <span class='ocrx_word' id='word_1_355' title='bbox 2077 4428 2093 4453; x_wconf 93' lang='lat'><strong>,</strong></span> 
     </span>
    </p>
   </div>
   <div class='ocr_carea' id='block_1_45' title="bbox 518 4475 2095 4546">
    <p class='ocr_par' dir='ltr' id='par_1_45' title="bbox 518 4475 2095 4546">
     <span class='ocr_line' id='line_1_45' title="bbox 518 4475 2095 4546; baseline 0.003 -16"><span class='ocrx_word' id='word_1_356' title='bbox 518 4475 892 4545; x_wconf 82' lang='lat' dir='ltr'><strong>Imperfectum</strong></span> <span class='ocrx_word' id='word_1_357' title='bbox 923 4486 1024 4530; x_wconf 92' lang='lat' dir='ltr'><strong>est.</strong></span> <span class='ocrx_word' id='word_1_358' title='bbox 1048 4476 1229 4546; x_wconf 86' lang='lat' dir='ltr'><strong>Neque</strong></span> <span class='ocrx_word' id='word_1_359' title='bbox 1257 4477 1385 4530; x_wconf 90' lang='lat' dir='ltr'><strong>illud</strong></span> <span class='ocrx_word' id='word_1_360' title='bbox 1408 4478 1524 4532; x_wconf 90' lang='lat' dir='ltr'><strong>sine</strong></span> <span class='ocrx_word' id='word_1_361' title='bbox 1550 4492 1708 4532; x_wconf 88' lang='lat' dir='ltr'><strong>causa</strong></span> <span class='ocrx_word' id='word_1_362' title='bbox 1733 4478 1968 4545; x_wconf 88' lang='lat' dir='ltr'><strong>addidit,</strong></span> <span class='ocrx_word' id='word_1_363' title='bbox 2001 4479 2095 4534; x_wconf 91' lang='lat' dir='ltr'><strong>sed</strong></span> 
     </span>
    </p>
   </div>
   <div class='ocr_carea' id='block_1_46' title="bbox 517 4566 2096 4639">
    <p class='ocr_par' dir='ltr' id='par_1_46' title="bbox 517 4566 2096 4639">
     <span class='ocr_line' id='line_1_46' title="bbox 517 4566 2096 4639; baseline 0.003 -20"><span class='ocrx_word' id='word_1_364' title='bbox 517 4577 577 4619; x_wconf 91' lang='lat' dir='ltr'><strong>ut</strong></span> <span class='ocrx_word' id='word_1_365' title='bbox 601 4566 821 4621; x_wconf 85' lang='lat' dir='ltr'><strong>doceret</strong></span> <span class='ocrx_word' id='word_1_366' title='bbox 847 4566 1200 4637; x_wconf 90' lang='lat' dir='ltr'><strong>suaderetque</strong></span> <span class='ocrx_word' id='word_1_367' title='bbox 1226 4568 1323 4633; x_wconf 89' lang='lat' dir='ltr'><strong>eis,</strong></span> <span class='ocrx_word' id='word_1_368' title='bbox 1351 4576 1406 4621; x_wconf 88' lang='lat' dir='ltr'><strong>ut</strong></span> <span class='ocrx_word' id='word_1_369' title='bbox 1435 4568 1485 4622; x_wconf 90' lang='lat' dir='ltr'><strong>in</strong></span> <span class='ocrx_word' id='word_1_370' title='bbox 1510 4568 1725 4623; x_wconf 89' lang='lat' dir='ltr'><strong>nomine</strong></span> <span class='ocrx_word' id='word_1_371' title='bbox 1755 4568 1882 4624; x_wconf 90' lang='lat' dir='ltr'><strong>Jesu</strong></span> <span class='ocrx_word' id='word_1_372' title='bbox 1924 4569 2096 4639; x_wconf 88' lang='lat' dir='ltr'><strong>bapti-</strong></span> 
     </span>
    </p>
   </div>
   <div class='ocr_carea' id='block_1_47' title="bbox 518 4659 2099 4731">
    <p class='ocr_par' dir='ltr' id='par_1_47' title="bbox 518 4659 2099 4731">
     <span class='ocr_line' id='line_1_47' title="bbox 518 4659 2099 4731; baseline 0.003 -18"><span class='ocrx_word' id='word_1_373' title='bbox 518 4669 800 4714; x_wconf 82' lang='lat' dir='ltr'><strong>zarentur:</strong></span> <span class='ocrx_word' id='word_1_374' title='bbox 832 4659 1159 4729; x_wconf 89' lang='lat' dir='ltr'><strong>quodetiam</strong></span> <span class='ocrx_word' id='word_1_375' title='bbox 1188 4660 1419 4725; x_wconf 89' lang='lat' dir='ltr'><strong>faciunt,</strong></span> <span class='ocrx_word' id='word_1_376' title='bbox 1453 4669 1508 4715; x_wconf 91' lang='lat' dir='ltr'><strong>et</strong></span> <span class='ocrx_word' id='word_1_377' title='bbox 1542 4660 1799 4730; x_wconf 89' lang='lat' dir='ltr'><strong>Spiritum</strong></span> <span class='ocrx_word' id='word_1_378' title='bbox 1830 4663 2099 4731; x_wconf 89' lang='lat' dir='ltr'><strong>accipiunt</strong></span> 
     </span>
    </p>
   </div>
   <div class='ocr_carea' id='block_1_48' title="bbox 516 4752 2095 4826">
    <p class='ocr_par' dir='ltr' id='par_1_48' title="bbox 516 4752 2095 4826">
     <span class='ocr_line' id='line_1_48' title="bbox 516 4752 2095 4826; baseline 0.003 -19"><span class='ocrx_word' id='word_1_379' title='bbox 516 4769 581 4807; x_wconf 81' lang='lat' dir='ltr'><strong>ex</strong></span> <span class='ocrx_word' id='word_1_380' title='bbox 606 4752 947 4822; x_wconf 89' lang='lat' dir='ltr'><strong>impositione</strong></span> <span class='ocrx_word' id='word_1_381' title='bbox 963 4768 1212 4807; x_wconf 89' lang='lat' dir='ltr'><strong>manuum</strong></span> <span class='ocrx_word' id='word_1_382' title='bbox 1233 4753 1534 4808; x_wconf 85' lang='lat' dir='ltr'><strong>Pauli.Cum</strong></span> <span class='ocrx_word' id='word_1_383' title='bbox 1550 4754 1889 4825; x_wconf 84' lang='lat' dir='ltr'><strong>imposuisset,</strong></span> <span class='ocrx_word' id='word_1_384' title='bbox 1906 4756 2095 4826; x_wconf 89' lang='lat' dir='ltr'><strong>inquit,</strong></span> 
     </span>
    </p>
   </div>
   <div class='ocr_carea' id='block_1_49' title="bbox 516 4844 2096 4918">
    <p class='ocr_par' dir='ltr' id='par_1_49' title="bbox 516 4844 2096 4918">
     <span class='ocr_line' id='line_1_49' title="bbox 516 4844 2096 4918; baseline 0 -18"><span class='ocrx_word' id='word_1_385' title='bbox 516 4846 618 4900; x_wconf 91' lang='lat' dir='ltr'><strong>illis</strong></span> <span class='ocrx_word' id='word_1_386' title='bbox 645 4862 827 4900; x_wconf 89' lang='lat' dir='ltr'><strong>manus</strong></span> <span class='ocrx_word' id='word_1_387' title='bbox 867 4844 1094 4913; x_wconf 81' lang='lat' dir='ltr'><strong>Paulus,</strong></span> <span class='ocrx_word' id='word_1_388' title='bbox 1136 4846 1267 4900; x_wconf 85' lang='lat' dir='ltr'><strong>venit</strong></span> <span class='ocrx_word' id='word_1_389' title='bbox 1313 4846 1539 4917; x_wconf 89' lang='lat' dir='ltr'><strong>Spiritus</strong></span> <span class='ocrx_word' id='word_1_390' title='bbox 1573 4857 1779 4902; x_wconf 89' lang='lat' dir='ltr'><strong>sanctus</strong></span> <span class='ocrx_word' id='word_1_391' title='bbox 1819 4865 1970 4918; x_wconf 83' lang='lat' dir='ltr'><strong>super</strong></span> <span class='ocrx_word' id='word_1_392' title='bbox 1992 4867 2096 4903; x_wconf 89' lang='lat' dir='ltr'><strong>eos.</strong></span> 
     </span>
    </p>
   </div>
   <div class='ocr_carea' id='block_1_50' title="bbox 519 4938 2101 5013">
    <p class='ocr_par' dir='ltr' id='par_1_50' title="bbox 519 4938 2101 5013">
     <span class='ocr_line' id='line_1_50' title="bbox 519 4938 2101 5013; baseline 0.004 -22"><span class='ocrx_word' id='word_1_393' title='bbox 519 4938 701 5009; x_wconf 89' lang='lat' dir='ltr'><strong>Itaque</strong></span> <span class='ocrx_word' id='word_1_394' title='bbox 729 4939 764 4994; x_wconf 89' lang='lat' dir='ltr'><strong>ii</strong></span> <span class='ocrx_word' id='word_1_395' title='bbox 804 4938 1058 5008; x_wconf 88' lang='lat' dir='ltr'><strong>Spiritutu</strong></span> <span class='ocrx_word' id='word_1_396' title='bbox 1086 4938 1453 5007; x_wconf 88' lang='lat' dir='ltr'><strong>accipiebant,</strong></span> <span class='ocrx_word' id='word_1_397' title='bbox 1494 4940 1686 5009; x_wconf 86' lang='lat' dir='ltr'><strong>quibus</strong></span> <span class='ocrx_word' id='word_1_398' title='bbox 1714 4957 1902 4997; x_wconf 87' lang='lat' dir='ltr'><strong>manus</strong></span> <span class='ocrx_word' id='word_1_399' title='bbox 1931 4943 2101 5013; x_wconf 88' lang='lat' dir='ltr'><strong>impo-</strong></span> 
     </span>
    </p>
   </div>
   <div class='ocr_carea' id='block_1_51' title="bbox 522 5029 2097 5102">
    <p class='ocr_par' dir='ltr' id='par_1_51' title="bbox 522 5029 2097 5102">
     <span class='ocr_line' id='line_1_51' title="bbox 522 5029 2097 5102; baseline 0.004 -19"><span class='ocrx_word' id='word_1_400' title='bbox 522 5030 702 5085; x_wconf 87' lang='lat' dir='ltr'><strong>nebat.</strong></span> <span class='ocrx_word' id='word_1_401' title='bbox 734 5029 1037 5085; x_wconf 83' lang='lat' dir='ltr'><strong>Verisimile</strong></span> <span class='ocrx_word' id='word_1_402' title='bbox 1068 5031 1227 5100; x_wconf 85' lang='lat' dir='ltr'><strong>igitur</strong></span> <span class='ocrx_word' id='word_1_403' title='bbox 1256 5039 1341 5086; x_wconf 91' lang='lat' dir='ltr'><strong>est</strong></span> <span class='ocrx_word' id='word_1_404' title='bbox 1367 5031 1489 5086; x_wconf 94' lang='lat' dir='ltr'><strong>illos</strong></span> <span class='ocrx_word' id='word_1_405' title='bbox 1517 5031 1775 5102; x_wconf 88' lang='lat' dir='ltr'><strong>Spiritum</strong></span> <span class='ocrx_word' id='word_1_406' title='bbox 1816 5034 2097 5101; x_wconf 89' lang='lat' dir='ltr'><strong>habuisse,</strong></span> 
     </span>
    </p>
   </div>
   <div class='ocr_carea' id='block_1_52' title="bbox 518 5123 2099 5195">
    <p class='ocr_par' dir='ltr' id='par_1_52' title="bbox 518 5123 2099 5195">
     <span class='ocr_line' id='line_1_52' title="bbox 518 5123 2099 5195; baseline 0.004 -20"><span class='ocrx_word' id='word_1_407' title='bbox 518 5136 620 5175; x_wconf 85' lang='lat' dir='ltr'><strong>nec</strong></span> <span class='ocrx_word' id='word_1_408' title='bbox 643 5123 977 5191; x_wconf 87' lang='lat' dir='ltr'><strong>apparuisse,</strong></span> <span class='ocrx_word' id='word_1_409' title='bbox 1008 5123 1109 5177; x_wconf 89' lang='lat' dir='ltr'><strong>nisi</strong></span> <span class='ocrx_word' id='word_1_410' title='bbox 1134 5137 1199 5178; x_wconf 84' lang='lat' dir='ltr'><strong>ex</strong></span> <span class='ocrx_word' id='word_1_411' title='bbox 1224 5123 1556 5194; x_wconf 89' lang='lat' dir='ltr'><strong>operatione,</strong></span> <span class='ocrx_word' id='word_1_412' title='bbox 1588 5132 1643 5179; x_wconf 90' lang='lat' dir='ltr'><strong>et</strong></span> <span class='ocrx_word' id='word_1_413' title='bbox 1665 5140 1729 5179; x_wconf 79' lang='lat' dir='ltr'><strong>ex</strong></span> <span class='ocrx_word' id='word_1_414' title='bbox 1757 5139 1824 5181; x_wconf 87' lang='lat' dir='ltr'><strong>eo</strong></span> <span class='ocrx_word' id='word_1_415' title='bbox 1845 5124 1985 5195; x_wconf 89' lang='lat' dir='ltr'><strong>quod</strong></span> <span class='ocrx_word' id='word_1_416' title='bbox 2015 5125 2099 5181; x_wconf 90' lang='lat' dir='ltr'><strong>lo-</strong></span> 
     </span>
    </p>
   </div>
   <div class='ocr_carea' id='block_1_53' title="bbox 518 5214 1043 5284">
    <p class='ocr_par' dir='ltr' id='par_1_53' title="bbox 518 5214 1043 5284">
     <span class='ocr_line' id='line_1_53' title="bbox 518 5214 1043 5284; baseline 0.004 -19"><span class='ocrx_word' id='word_1_417' title='bbox 518 5223 811 5283; x_wconf 88' lang='lat' dir='ltr'><strong>querentur</strong></span> <span class='ocrx_word' id='word_1_418' title='bbox 831 5214 1043 5284; x_wconf 82' lang='lat' dir='ltr'><strong>linguis.</strong></span> 
     </span>
    </p>
   </div>
   <div class='ocr_carea' id='block_1_54' title="bbox 591 5303 2099 5378">
    <p class='ocr_par' dir='ltr' id='par_1_54' title="bbox 591 5303 2099 5378">
     <span class='ocr_line' id='line_1_54' title="bbox 591 5303 2099 5378; baseline 0.003 -20"><span class='ocrx_word' id='word_1_419' title='bbox 591 5303 648 5358; x_wconf 77' lang='lat'><strong>2.</strong></span> <span class='ocrx_word' id='word_1_420' title='bbox 688 5303 793 5359; x_wconf 80' lang='lat' dir='ltr'><strong>Sed</strong></span> <span class='ocrx_word' id='word_1_421' title='bbox 818 5320 880 5359; x_wconf 87' lang='lat' dir='ltr'><strong>ea</strong></span> <span class='ocrx_word' id='word_1_422' title='bbox 904 5346 920 5370; x_wconf 94' lang='lat'><strong>,</strong></span> <span class='ocrx_word' id='word_1_423' title='bbox 959 5320 1078 5375; x_wconf 69' lang='lat' dir='ltr'><strong>quae</strong></span> <span class='ocrx_word' id='word_1_424' title='bbox 1104 5307 1349 5377; x_wconf 91' lang='lat' dir='ltr'><strong>superius</strong></span> <span class='ocrx_word' id='word_1_425' title='bbox 1394 5306 1527 5362; x_wconf 87' lang='lat' dir='ltr'><strong>lecta</strong></span> <span class='ocrx_word' id='word_1_426' title='bbox 1577 5316 1736 5372; x_wconf 88' lang='lat' dir='ltr'><strong>sunt,</strong></span> <span class='ocrx_word' id='word_1_427' title='bbox 1773 5316 2099 5378; x_wconf 89' lang='lat' dir='ltr'><strong>repetamus.</strong></span> 
     </span>
    </p>
   </div>
   <div class='ocr_carea' id='block_1_55' title="bbox 527 5396 2104 5471">
    <p class='ocr_par' dir='ltr' id='par_1_55' title="bbox 527 5396 2104 5471">
     <span class='ocr_line' id='line_1_55' title="bbox 527 5396 2104 5471; baseline 0.004 -20"><span class='ocrx_word' id='word_1_428' title='bbox 527 5396 725 5453; x_wconf 86' lang='lat' dir='ltr'><strong>Paulus</strong></span> <span class='ocrx_word' id='word_1_429' title='bbox 753 5409 921 5452; x_wconf 85' lang='lat' dir='ltr'><strong>autem</strong></span> <span class='ocrx_word' id='word_1_430' title='bbox 941 5400 1191 5470; x_wconf 81' lang='lat' dir='ltr'><strong>navigavit</strong></span> <span class='ocrx_word' id='word_1_431' title='bbox 1229 5398 1284 5454; x_wconf 87' lang='lat' dir='ltr'><strong>in</strong></span> <span class='ocrx_word' id='word_1_432' title='bbox 1309 5401 1537 5469; x_wconf 85' lang='lat' dir='ltr'><strong>Syriam,</strong></span> <span class='ocrx_word' id='word_1_433' title='bbox 1566 5402 1737 5471; x_wconf 89' lang='lat' dir='ltr'><strong>inquit</strong></span> <span class='ocrx_word' id='word_1_434' title='bbox 1759 5443 1774 5467; x_wconf 97' lang='lat'><strong>,</strong></span> <span class='ocrx_word' id='word_1_435' title='bbox 1804 5412 1848 5455; x_wconf 90' lang='lat' dir='ltr'><strong>et</strong></span> <span class='ocrx_word' id='word_1_436' title='bbox 1874 5419 1988 5456; x_wconf 88' lang='lat' dir='ltr'><strong>cum</strong></span> <span class='ocrx_word' id='word_1_437' title='bbox 2015 5403 2104 5457; x_wconf 90' lang='lat' dir='ltr'><strong>illo</strong></span> 
     </span>
    </p>
   </div>
   <div class='ocr_carea' id='block_1_56' title="bbox 526 5488 2102 5566">
    <p class='ocr_par' dir='ltr' id='par_1_56' title="bbox 526 5488 2102 5566">
     <span class='ocr_line' id='line_1_56' title="bbox 526 5488 2102 5566; baseline 0.004 -23"><span class='ocrx_word' id='word_1_438' title='bbox 526 5488 771 5545; x_wconf 86' lang='lat' dir='ltr'><strong>Priscilla</strong></span> <span class='ocrx_word' id='word_1_439' title='bbox 804 5500 851 5545; x_wconf 91' lang='lat' dir='ltr'><strong>et</strong></span> <span class='ocrx_word' id='word_1_440' title='bbox 878 5491 1081 5559; x_wconf 82' lang='lat' dir='ltr'><strong>Aquila,</strong></span> <span class='ocrx_word' id='word_1_441' title='bbox 1112 5506 1266 5563; x_wconf 91' lang='lat' dir='ltr'><strong>quos,</strong></span> <span class='ocrx_word' id='word_1_442' title='bbox 1299 5508 1420 5548; x_wconf 91' lang='lat' dir='ltr'><strong>cum</strong></span> <span class='ocrx_word' id='word_1_443' title='bbox 1452 5495 1780 5563; x_wconf 86' lang='lat' dir='ltr'><strong>pervenisset</strong></span> <span class='ocrx_word' id='word_1_444' title='bbox 1809 5496 2102 5566; x_wconf 86' lang='lat' dir='ltr'><strong>Ephesum.</strong></span> 
     </span>
    </p>
   </div>
   <div class='ocr_carea' id='block_1_57' title="bbox 528 5581 2106 5653">
    <p class='ocr_par' dir='ltr' id='par_1_57' title="bbox 528 5581 2106 5653">
     <span class='ocr_line' id='line_1_57' title="bbox 528 5581 2106 5653; baseline 0.004 -18"><span class='ocrx_word' id='word_1_445' title='bbox 528 5581 598 5636; x_wconf 89' lang='lat' dir='ltr'><strong>ibi</strong></span> <span class='ocrx_word' id='word_1_446' title='bbox 626 5582 859 5653; x_wconf 88' lang='lat' dir='ltr'><strong>reliquit.</strong></span> <span class='ocrx_word' id='word_1_447' title='bbox 888 5582 980 5637; x_wconf 90' lang='lat' dir='ltr'><strong>Vel</strong></span> <span class='ocrx_word' id='word_1_448' title='bbox 1008 5584 1127 5653; x_wconf 89' lang='lat' dir='ltr'><strong>quia</strong></span> <span class='ocrx_word' id='word_1_449' title='bbox 1158 5584 1367 5639; x_wconf 90' lang='lat' dir='ltr'><strong>nolebat</strong></span> <span class='ocrx_word' id='word_1_450' title='bbox 1393 5583 1510 5640; x_wconf 91' lang='lat' dir='ltr'><strong>illos</strong></span> <span class='ocrx_word' id='word_1_451' title='bbox 1534 5585 1955 5653; x_wconf 87' lang='lat' dir='ltr'><strong>circumducere,</strong></span> <span class='ocrx_word' id='word_1_452' title='bbox 1986 5588 2106 5642; x_wconf 89' lang='lat' dir='ltr'><strong>ideo</strong></span> 
     </span>
    </p>
   </div>
   <div class='ocr_carea' id='block_1_58' title="bbox 529 5673 2103 5748">
    <p class='ocr_par' dir='ltr' id='par_1_58' title="bbox 529 5673 2103 5748">
     <span class='ocr_line' id='line_1_58' title="bbox 529 5673 2103 5748; baseline 0.002 -20"><span class='ocrx_word' id='word_1_453' title='bbox 529 5673 749 5743; x_wconf 79' lang='lat' dir='ltr'><strong>reliquit</strong></span> <span class='ocrx_word' id='word_1_454' title='bbox 780 5690 797 5729; x_wconf 89' lang='lat'><strong>:</strong></span> <span class='ocrx_word' id='word_1_455' title='bbox 825 5673 908 5729; x_wconf 87' lang='lat' dir='ltr'><strong>vel</strong></span> <span class='ocrx_word' id='word_1_456' title='bbox 940 5673 1134 5743; x_wconf 88' lang='lat' dir='ltr'><strong>potius,</strong></span> <span class='ocrx_word' id='word_1_457' title='bbox 1169 5682 1223 5727; x_wconf 89' lang='lat' dir='ltr'><strong>ut</strong></span> <span class='ocrx_word' id='word_1_458' title='bbox 1263 5673 1508 5729; x_wconf 89' lang='lat' dir='ltr'><strong>doctores</strong></span> <span class='ocrx_word' id='word_1_459' title='bbox 1534 5688 1812 5733; x_wconf 87' lang='lat' dir='ltr'><strong>manerent</strong></span> <span class='ocrx_word' id='word_1_460' title='bbox 1835 5678 2103 5748; x_wconf 87' lang='lat' dir='ltr'><strong>Ephesiis.</strong></span> 
     </span>
    </p>
   </div>
   <div class='ocr_carea' id='block_1_59' title="bbox 531 5764 2105 5838">
    <p class='ocr_par' dir='ltr' id='par_1_59' title="bbox 531 5764 2105 5838">
     <span class='ocr_line' id='line_1_59' title="bbox 531 5764 2105 5838; baseline 0.003 -20"><span class='ocrx_word' id='word_1_461' title='bbox 531 5764 635 5832; x_wconf 84' lang='lat' dir='ltr'><strong>Ipsi</strong></span> <span class='ocrx_word' id='word_1_462' title='bbox 662 5780 789 5820; x_wconf 86' lang='lat' dir='ltr'><strong>vero</strong></span> <span class='ocrx_word' id='word_1_463' title='bbox 816 5775 997 5836; x_wconf 89' lang='lat' dir='ltr'><strong>postea</strong></span> <span class='ocrx_word' id='word_1_464' title='bbox 1025 5764 1262 5821; x_wconf 85' lang='lat' dir='ltr'><strong>Corinthi</strong></span> <span class='ocrx_word' id='word_1_465' title='bbox 1294 5765 1615 5833; x_wconf 85' lang='lat' dir='ltr'><strong>habitarunt,</strong></span> <span class='ocrx_word' id='word_1_466' title='bbox 1643 5768 1709 5823; x_wconf 89' lang='lat' dir='ltr'><strong>de</strong></span> <span class='ocrx_word' id='word_1_467' title='bbox 1733 5770 1923 5838; x_wconf 89' lang='lat' dir='ltr'><strong>quibus</strong></span> <span class='ocrx_word' id='word_1_468' title='bbox 1944 5771 2105 5824; x_wconf 88' lang='lat' dir='ltr'><strong>etiam</strong></span> 
     </span>
    </p>
   </div>
   <div class='ocr_carea' id='block_1_60' title="bbox 530 5858 2109 5930">
    <p class='ocr_par' dir='ltr' id='par_1_60' title="bbox 530 5858 2109 5930">
     <span class='ocr_line' id='line_1_60' title="bbox 530 5858 2109 5930; baseline 0.003 -17"><span class='ocrx_word' id='word_1_469' title='bbox 530 5858 810 5930; x_wconf 78' lang='lat' dir='ltr'><strong>tiiagniﬁce</strong></span> <span class='ocrx_word' id='word_1_470' title='bbox 854 5860 1189 5929; x_wconf 89' lang='lat' dir='ltr'><strong>testiﬁcatur,</strong></span> <span class='ocrx_word' id='word_1_471' title='bbox 1232 5869 1287 5916; x_wconf 90' lang='lat' dir='ltr'><strong>et</strong></span> <span class='ocrx_word' id='word_1_472' title='bbox 1334 5858 1590 5915; x_wconf 77' lang='lat' dir='ltr'><strong>Romanis</strong></span> <span class='ocrx_word' id='word_1_473' title='bbox 1635 5860 1879 5916; x_wconf 89' lang='lat' dir='ltr'><strong>scribens</strong></span> <span class='ocrx_word' id='word_1_474' title='bbox 1916 5863 2109 5918; x_wconf 86' lang='lat' dir='ltr'><strong>salutat</strong></span> 
     </span>
    </p>
   </div>
   <div class='ocr_carea' id='block_1_61' title="bbox 1306 404 3097 468">
    <p class='ocr_par' dir='ltr' id='par_1_61' title="bbox 1306 404 3097 468">
     <span class='ocr_line' id='line_1_61' title="bbox 1306 404 3097 468; baseline -0.004 0"><span class='ocrx_word' id='word_1_475' title='bbox 1306 416 1362 468; x_wconf 87' lang='lat' dir='ltr'><strong>S.</strong></span> <span class='ocrx_word' id='word_1_476' title='bbox 1404 410 1678 467; x_wconf 66' lang='lat' dir='ltr'><strong>JOANNIS</strong></span> <span class='ocrx_word' id='word_1_477' title='bbox 1713 406 2179 463; x_wconf 75' lang='lat' dir='ltr'><strong>(&#39;IIRYSOSTOMI</strong></span> <span class='ocrx_word' id='word_1_478' title='bbox 2218 404 2531 461; x_wconf 82' lang='lat' dir='ltr'><strong>ARCIllEP.</strong></span> <span class='ocrx_word' id='word_1_479' title='bbox 2573 407 3097 465; x_wconf 64' lang='lat' dir='ltr'><strong>CONSTANTINUI’.</strong></span> 
     </span>
    </p>
   </div>
   <div class='ocr_carea' id='block_1_62' title="bbox 3689 407 3785 464">
    <p class='ocr_par' dir='ltr' id='par_1_62' title="bbox 3689 407 3785 464">
     <span class='ocr_line' id='line_1_62' title="bbox 3689 407 3785 464; baseline 0.021 -2"><span class='ocrx_word' id='word_1_480' title='bbox 3689 407 3785 464; x_wconf 61' lang='lat'><strong>284</strong></span> 
     </span>
    </p>
   </div>
   <div class='ocr_carea' id='block_1_63' title="bbox 2220 520 3787 596">
    <p class='ocr_par' dir='ltr' id='par_1_63' title="bbox 2220 520 3787 596">
     <span class='ocr_line' id='line_1_63' title="bbox 2220 520 3787 596; baseline 0.004 -22"><span class='ocrx_word' id='word_1_481' title='bbox 2220 520 2384 589; x_wconf 88' lang='lat' dir='ltr'><strong>ipsos.</strong></span> <span class='ocrx_word' id='word_1_482' title='bbox 2417 521 2591 589; x_wconf 86' lang='lat' dir='ltr'><strong>Quare</strong></span> <span class='ocrx_word' id='word_1_483' title='bbox 2617 525 2827 578; x_wconf 86' lang='lat' dir='ltr'><strong>videtur</strong></span> <span class='ocrx_word' id='word_1_484' title='bbox 2874 526 3002 579; x_wconf 90' lang='lat' dir='ltr'><strong>mihi</strong></span> <span class='ocrx_word' id='word_1_485' title='bbox 3051 527 3193 593; x_wconf 91' lang='lat' dir='ltr'><strong>ipsos</strong></span> <span class='ocrx_word' id='word_1_486' title='bbox 3232 535 3413 596; x_wconf 84' lang='lat' dir='ltr'><strong>postea</strong></span> <span class='ocrx_word' id='word_1_487' title='bbox 3442 541 3658 582; x_wconf 81' lang='lat' dir='ltr'><strong>venisse</strong></span> <span class='ocrx_word' id='word_1_488' title='bbox 3686 527 3787 580; x_wconf 79' lang='lat' dir='ltr'><strong>Ro-</strong></span> 
     </span>
    </p>
   </div>
   <div class='ocr_carea' id='block_1_64' title="bbox 2216 614 3789 686">
    <p class='ocr_par' dir='ltr' id='par_1_64' title="bbox 2216 614 3789 686">
     <span class='ocr_line' id='line_1_64' title="bbox 2216 614 3789 686; baseline 0.005 -23"><span class='ocrx_word' id='word_1_489' title='bbox 2216 626 2392 677; x_wconf 90' lang='lat' dir='ltr'><strong>mam,</strong></span> <span class='ocrx_word' id='word_1_490' title='bbox 2436 622 2621 681; x_wconf 87' lang='lat' dir='ltr'><strong>utpote</strong></span> <span class='ocrx_word' id='word_1_491' title='bbox 2650 616 2736 683; x_wconf 91' lang='lat' dir='ltr'><strong>qni</strong></span> <span class='ocrx_word' id='word_1_492' title='bbox 2785 614 3009 671; x_wconf 89' lang='lat' dir='ltr'><strong>libenter</strong></span> <span class='ocrx_word' id='word_1_493' title='bbox 3050 615 3448 686; x_wconf 84' lang='lat' dir='ltr'><strong>frequentarent</strong></span> <span class='ocrx_word' id='word_1_494' title='bbox 3488 620 3627 682; x_wconf 87' lang='lat' dir='ltr'><strong>loca,</strong></span> <span class='ocrx_word' id='word_1_495' title='bbox 3655 617 3789 671; x_wconf 86' lang='lat' dir='ltr'><strong>unde</strong></span> 
     </span>
    </p>
   </div>
   <div class='ocr_carea' id='block_1_65' title="bbox 2215 700 3791 778">
    <p class='ocr_par' dir='ltr' id='par_1_65' title="bbox 2215 700 3791 778">
     <span class='ocr_line' id='line_1_65' title="bbox 2215 700 3791 778; baseline 0.006 -25"><span class='ocrx_word' id='word_1_496' title='bbox 2215 700 2367 769; x_wconf 79' lang='lat' dir='ltr'><strong>ejecti</strong></span> <span class='ocrx_word' id='word_1_497' title='bbox 2398 702 2605 758; x_wconf 88' lang='lat' dir='ltr'><strong>fuerant</strong></span> <span class='ocrx_word' id='word_1_498' title='bbox 2630 705 2728 759; x_wconf 92' lang='lat' dir='ltr'><strong>sub</strong></span> <span class='ocrx_word' id='word_1_499' title='bbox 2759 706 2988 761; x_wconf 86' lang='lat' dir='ltr'><strong>Nerone.</strong></span> <span class='ocrx_word' id='word_1_500' title='bbox 3018 706 3088 761; x_wconf 86' lang='lat' dir='ltr'><strong>Et</strong></span> <span class='ocrx_word' id='word_1_501' title='bbox 3116 708 3439 771; x_wconf 83' lang='lat' dir='ltr'><strong>descendens,</strong></span> <span class='ocrx_word' id='word_1_502' title='bbox 3470 710 3665 778; x_wconf 88' lang='lat' dir='ltr'><strong>inquit,</strong></span> <span class='ocrx_word' id='word_1_503' title='bbox 3696 709 3791 762; x_wconf 68' lang='lat' dir='ltr'><strong>Ca:-</strong></span> 
     </span>
    </p>
   </div>
   <div class='ocr_carea' id='block_1_66' title="bbox 2213 798 3792 861">
    <p class='ocr_par' dir='ltr' id='par_1_66' title="bbox 2213 798 3792 861">
     <span class='ocr_line' id='line_1_66' title="bbox 2213 798 3792 861; baseline 0.005 -16"><span class='ocrx_word' id='word_1_504' title='bbox 2213 808 2429 859; x_wconf 89' lang='lat' dir='ltr'><strong>saream,</strong></span> <span class='ocrx_word' id='word_1_505' title='bbox 2478 812 2590 848; x_wconf 89' lang='lat' dir='ltr'><strong>cum</strong></span> <span class='ocrx_word' id='word_1_506' title='bbox 2632 798 2935 851; x_wconf 86' lang='lat' dir='ltr'><strong>ascendisset</strong></span> <span class='ocrx_word' id='word_1_507' title='bbox 2974 809 3021 852; x_wconf 88' lang='lat' dir='ltr'><strong>et</strong></span> <span class='ocrx_word' id='word_1_508' title='bbox 3066 801 3333 853; x_wconf 84' lang='lat' dir='ltr'><strong>salutasset</strong></span> <span class='ocrx_word' id='word_1_509' title='bbox 3361 800 3665 861; x_wconf 86' lang='lat' dir='ltr'><strong>Ecclesiam,</strong></span> <span class='ocrx_word' id='word_1_510' title='bbox 3711 800 3792 853; x_wconf 41' lang='lat' dir='ltr'><strong>de.</strong></span> 
     </span>
    </p>
   </div>
   <div class='ocr_carea' id='block_1_67' title="bbox 2211 885 3790 962">
    <p class='ocr_par' dir='ltr' id='par_1_67' title="bbox 2211 885 3790 962">
     <span class='ocr_line' id='line_1_67' title="bbox 2211 885 3790 962; baseline 0.007 -26"><span class='ocrx_word' id='word_1_511' title='bbox 2211 885 2401 937; x_wconf 88' lang='lat' dir='ltr'><strong>scendit</strong></span> <span class='ocrx_word' id='word_1_512' title='bbox 2432 888 2788 955; x_wconf 87' lang='lat' dir='ltr'><strong>Antiochiam,</strong></span> <span class='ocrx_word' id='word_1_513' title='bbox 2814 900 3084 959; x_wconf 77' lang='lat' dir='ltr'><strong>exactaque</strong></span> <span class='ocrx_word' id='word_1_514' title='bbox 3123 891 3193 945; x_wconf 88' lang='lat' dir='ltr'><strong>ibi</strong></span> <span class='ocrx_word' id='word_1_515' title='bbox 3236 894 3495 961; x_wconf 86' lang='lat' dir='ltr'><strong>aliquanto</strong></span> <span class='ocrx_word' id='word_1_516' title='bbox 3530 904 3757 962; x_wconf 83' lang='lat' dir='ltr'><strong>tempore</strong></span> <span class='ocrx_word' id='word_1_517' title='bbox 3777 934 3790 957; x_wconf 91' lang='lat'><strong>,</strong></span> 
     </span>
    </p>
   </div>
   <div class='ocr_carea' id='block_1_68' title="bbox 2211 978 3793 1057">
    <p class='ocr_par' dir='ltr' id='par_1_68' title="bbox 2211 978 3793 1057">
     <span class='ocr_line' id='line_1_68' title="bbox 2211 978 3793 1057; baseline 0.007 -29"><span class='ocrx_word' id='word_1_518' title='bbox 2211 978 2350 1042; x_wconf 66' lang='lat' dir='ltr'><strong>exiit,</strong></span> <span class='ocrx_word' id='word_1_519' title='bbox 2384 983 2722 1046; x_wconf 82' lang='lat' dir='ltr'><strong>pertransieus</strong></span> <span class='ocrx_word' id='word_1_520' title='bbox 2764 982 3045 1038; x_wconf 82' lang='lat' dir='ltr'><strong>Galaticum</strong></span> <span class='ocrx_word' id='word_1_521' title='bbox 3075 986 3254 1039; x_wconf 68' lang='lat' dir='ltr'><strong>exinde</strong></span> <span class='ocrx_word' id='word_1_522' title='bbox 3277 988 3523 1056; x_wconf 85' lang='lat' dir='ltr'><strong>regionem</strong></span> <span class='ocrx_word' id='word_1_523' title='bbox 3553 998 3603 1041; x_wconf 90' lang='lat' dir='ltr'><strong>et</strong></span> <span class='ocrx_word' id='word_1_524' title='bbox 3636 985 3793 1057; x_wconf 83' lang='lat' dir='ltr'><strong>Phry-</strong></span> 
     </span>
    </p>
   </div>
   <div class='ocr_carea' id='block_1_69' title="bbox 2209 1069 3789 1148">
    <p class='ocr_par' dir='ltr' id='par_1_69' title="bbox 2209 1069 3789 1148">
     <span class='ocr_line' id='line_1_69' title="bbox 2209 1069 3789 1148; baseline 0.008 -30"><span class='ocrx_word' id='word_1_525' title='bbox 2209 1069 2363 1138; x_wconf 89' lang='lat' dir='ltr'><strong>giam.</strong></span> <span class='ocrx_word' id='word_1_526' title='bbox 2395 1070 2612 1125; x_wconf 78' lang='lat' dir='ltr'><strong>Videtur</strong></span> <span class='ocrx_word' id='word_1_527' title='bbox 2665 1074 2793 1128; x_wconf 92' lang='lat' dir='ltr'><strong>mihi</strong></span> <span class='ocrx_word' id='word_1_528' title='bbox 2843 1076 3026 1130; x_wconf 83' lang='lat' dir='ltr'><strong>fideles</strong></span> <span class='ocrx_word' id='word_1_529' title='bbox 3071 1078 3176 1131; x_wconf 89' lang='lat' dir='ltr'><strong>illic</strong></span> <span class='ocrx_word' id='word_1_530' title='bbox 3226 1086 3519 1132; x_wconf 73' lang='lat' dir='ltr'><strong>Contentus</strong></span> <span class='ocrx_word' id='word_1_531' title='bbox 3572 1079 3789 1148; x_wconf 75' lang='lat' dir='ltr'><strong>egisse:</strong></span> 
     </span>
    </p>
   </div>
   <div class='ocr_carea' id='block_1_70' title="bbox 2211 1163 3791 1239">
    <p class='ocr_par' dir='ltr' id='par_1_70' title="bbox 2211 1163 3791 1239">
     <span class='ocr_line' id='line_1_70' title="bbox 2211 1163 3791 1239; baseline 0.006 -26"><span class='ocrx_word' id='word_1_532' title='bbox 2211 1177 2314 1213; x_wconf 87' lang='lat' dir='ltr'><strong>non</strong></span> <span class='ocrx_word' id='word_1_533' title='bbox 2337 1163 2478 1216; x_wconf 87' lang='lat' dir='ltr'><strong>enim</strong></span> <span class='ocrx_word' id='word_1_534' title='bbox 2506 1165 2685 1219; x_wconf 85' lang='lat' dir='ltr'><strong>statim</strong></span> <span class='ocrx_word' id='word_1_535' title='bbox 2715 1167 2831 1221; x_wconf 90' lang='lat' dir='ltr'><strong>illos</strong></span> <span class='ocrx_word' id='word_1_536' title='bbox 2861 1168 3260 1225; x_wconf 87' lang='lat' dir='ltr'><strong>abstrahebant.</strong></span> <span class='ocrx_word' id='word_1_537' title='bbox 3300 1170 3429 1223; x_wconf 81' lang='lat' dir='ltr'><strong>Vide</strong></span> <span class='ocrx_word' id='word_1_538' title='bbox 3449 1180 3627 1226; x_wconf 86' lang='lat' dir='ltr'><strong>autem</strong></span> <span class='ocrx_word' id='word_1_539' title='bbox 3661 1186 3791 1239; x_wconf 83' lang='lat' dir='ltr'><strong>quo-</strong></span> 
     </span>
    </p>
   </div>
   <div class='ocr_carea' id='block_1_71' title="bbox 2211 1252 3788 1331">
    <p class='ocr_par' dir='ltr' id='par_1_71' title="bbox 2211 1252 3788 1331">
     <span class='ocr_line' id='line_1_71' title="bbox 2211 1252 3788 1331; baseline 0.004 -27"><span class='ocrx_word' id='word_1_540' title='bbox 2211 1252 2368 1307; x_wconf 90' lang='lat' dir='ltr'><strong>modo</strong></span> <span class='ocrx_word' id='word_1_541' title='bbox 2397 1254 2514 1309; x_wconf 91' lang='lat' dir='ltr'><strong>illos</strong></span> <span class='ocrx_word' id='word_1_542' title='bbox 2545 1268 2744 1324; x_wconf 81' lang='lat' dir='ltr'><strong>urgeat.</strong></span> <span class='ocrx_word' id='word_1_543' title='bbox 2777 1260 2837 1313; x_wconf 88' lang='lat' dir='ltr'><strong>Et</strong></span> <span class='ocrx_word' id='word_1_544' title='bbox 2860 1260 2955 1313; x_wconf 89' lang='lat' dir='ltr'><strong>bas</strong></span> <span class='ocrx_word' id='word_1_545' title='bbox 2986 1261 3229 1330; x_wconf 80' lang='lat' dir='ltr'><strong>regiones</strong></span> <span class='ocrx_word' id='word_1_546' title='bbox 3257 1262 3447 1315; x_wconf 89' lang='lat' dir='ltr'><strong>iterum</strong></span> <span class='ocrx_word' id='word_1_547' title='bbox 3477 1262 3788 1331; x_wconf 78' lang='lat' dir='ltr'><strong>pertransit,</strong></span> 
     </span>
    </p>
   </div>
   <div class='ocr_carea' id='block_1_72' title="bbox 2210 1349 3789 1423">
    <p class='ocr_par' dir='ltr' id='par_1_72' title="bbox 2210 1349 3789 1423">
     <span class='ocr_line' id='line_1_72' title="bbox 2210 1349 3789 1423; baseline 0.006 -27"><span class='ocrx_word' id='word_1_548' title='bbox 2210 1354 2267 1397; x_wconf 92' lang='lat' dir='ltr'><strong>ut</strong></span> <span class='ocrx_word' id='word_1_549' title='bbox 2312 1349 2588 1414; x_wconf 68' lang='lat' dir='ltr'><strong>prmsentia</strong></span> <span class='ocrx_word' id='word_1_550' title='bbox 2635 1366 2727 1403; x_wconf 86' lang='lat' dir='ltr'><strong>sua</strong></span> <span class='ocrx_word' id='word_1_551' title='bbox 2759 1351 3046 1423; x_wconf 86' lang='lat' dir='ltr'><strong>discipulos</strong></span> <span class='ocrx_word' id='word_1_552' title='bbox 3093 1355 3389 1407; x_wconf 84' lang='lat' dir='ltr'><strong>confirmet.</strong></span> <span class='ocrx_word' id='word_1_553' title='bbox 3420 1353 3634 1407; x_wconf 78' lang='lat' dir='ltr'><strong>Judtcus</strong></span> <span class='ocrx_word' id='word_1_554' title='bbox 3680 1369 3789 1406; x_wconf 86' lang='lat' dir='ltr'><strong>vero</strong></span> 
     </span>
    </p>
   </div>
   <div class='ocr_carea' id='block_1_73' title="bbox 2207 1437 3790 1515">
    <p class='ocr_par' dir='ltr' id='par_1_73' title="bbox 2207 1437 3790 1515">
     <span class='ocr_line' id='line_1_73' title="bbox 2207 1437 3790 1515; baseline 0.006 -28"><span class='ocrx_word' id='word_1_555' title='bbox 2207 1437 2434 1503; x_wconf 86' lang='lat' dir='ltr'><strong>quidam,</strong></span> <span class='ocrx_word' id='word_1_556' title='bbox 2464 1439 2653 1508; x_wconf 89' lang='lat' dir='ltr'><strong>inquit,</strong></span> <span class='ocrx_word' id='word_1_557' title='bbox 2697 1442 2881 1512; x_wconf 84' lang='lat' dir='ltr'><strong>Apollo</strong></span> <span class='ocrx_word' id='word_1_558' title='bbox 2908 1445 3127 1509; x_wconf 89' lang='lat' dir='ltr'><strong>nomine,</strong></span> <span class='ocrx_word' id='word_1_559' title='bbox 3147 1448 3284 1500; x_wconf 91' lang='lat' dir='ltr'><strong>venit</strong></span> <span class='ocrx_word' id='word_1_560' title='bbox 3303 1444 3580 1515; x_wconf 80' lang='lat' dir='ltr'><strong>Ephesum,</strong></span> <span class='ocrx_word' id='word_1_561' title='bbox 3613 1455 3790 1514; x_wconf 83' lang='lat' dir='ltr'><strong>potens</strong></span> 
     </span>
    </p>
   </div>
   <div class='ocr_carea' id='block_1_74' title="bbox 2207 1528 3789 1605">
    <p class='ocr_par' dir='ltr' id='par_1_74' title="bbox 2207 1528 3789 1605">
     <span class='ocr_line' id='line_1_74' title="bbox 2207 1528 3789 1605; baseline 0.007 -27"><span class='ocrx_word' id='word_1_562' title='bbox 2207 1528 2259 1580; x_wconf 89' lang='lat' dir='ltr'><strong>in</strong></span> <span class='ocrx_word' id='word_1_563' title='bbox 2290 1528 2589 1597; x_wconf 85' lang='lat' dir='ltr'><strong>Scripturis.</strong></span> <span class='ocrx_word' id='word_1_564' title='bbox 2620 1532 2789 1585; x_wconf 91' lang='lat' dir='ltr'><strong>Ilomo</strong></span> <span class='ocrx_word' id='word_1_565' title='bbox 2835 1534 3059 1603; x_wconf 86' lang='lat' dir='ltr'><strong>diligens</strong></span> <span class='ocrx_word' id='word_1_566' title='bbox 3103 1544 3250 1599; x_wconf 87' lang='lat' dir='ltr'><strong>erat;</strong></span> <span class='ocrx_word' id='word_1_567' title='bbox 3281 1535 3504 1605; x_wconf 86' lang='lat' dir='ltr'><strong>ideoque</strong></span> <span class='ocrx_word' id='word_1_568' title='bbox 3552 1536 3789 1604; x_wconf 81' lang='lat' dir='ltr'><strong>pcregri-</strong></span> 
     </span>
    </p>
   </div>
   <div class='ocr_carea' id='block_1_75' title="bbox 2208 1618 3788 1694">
    <p class='ocr_par' dir='ltr' id='par_1_75' title="bbox 2208 1618 3788 1694">
     <span class='ocr_line' id='line_1_75' title="bbox 2208 1618 3788 1694; baseline 0.007 -25"><span class='ocrx_word' id='word_1_569' title='bbox 2208 1618 2452 1673; x_wconf 86' lang='lat' dir='ltr'><strong>nabatur.</strong></span> <span class='ocrx_word' id='word_1_570' title='bbox 2488 1621 2726 1688; x_wconf 82' lang='lat' dir='ltr'><strong>Quicum</strong></span> <span class='ocrx_word' id='word_1_571' title='bbox 2753 1626 2984 1692; x_wconf 81' lang='lat' dir='ltr'><strong>venisset,</strong></span> <span class='ocrx_word' id='word_1_572' title='bbox 3020 1626 3215 1694; x_wconf 90' lang='lat' dir='ltr'><strong>inquit,</strong></span> <span class='ocrx_word' id='word_1_573' title='bbox 3244 1628 3297 1680; x_wconf 86' lang='lat' dir='ltr'><strong>in</strong></span> <span class='ocrx_word' id='word_1_574' title='bbox 3334 1627 3603 1689; x_wconf 88' lang='lat' dir='ltr'><strong>Achaiam,</strong></span> <span class='ocrx_word' id='word_1_575' title='bbox 3638 1628 3788 1681; x_wconf 83' lang='lat' dir='ltr'><strong>velte-</strong></span> 
     </span>
    </p>
   </div>
   <div class='ocr_carea' id='block_1_76' title="bbox 2206 1712 3790 1787">
    <p class='ocr_par' dir='ltr' id='par_1_76' title="bbox 2206 1712 3790 1787">
     <span class='ocr_line' id='line_1_76' title="bbox 2206 1712 3790 1787; baseline 0.009 -29"><span class='ocrx_word' id='word_1_576' title='bbox 2206 1719 2396 1761; x_wconf 86' lang='lat' dir='ltr'><strong>utenter</strong></span> <span class='ocrx_word' id='word_1_577' title='bbox 2423 1712 2700 1765; x_wconf 88' lang='lat' dir='ltr'><strong>revincebat</strong></span> <span class='ocrx_word' id='word_1_578' title='bbox 2738 1712 2951 1768; x_wconf 81' lang='lat' dir='ltr'><strong>Juda&#39;os</strong></span> <span class='ocrx_word' id='word_1_579' title='bbox 3000 1717 3211 1786; x_wconf 80' lang='lat' dir='ltr'><strong>publice.</strong></span> <span class='ocrx_word' id='word_1_580' title='bbox 3244 1717 3318 1770; x_wconf 86' lang='lat' dir='ltr'><strong>De</strong></span> <span class='ocrx_word' id='word_1_581' title='bbox 3346 1733 3453 1787; x_wconf 91' lang='lat' dir='ltr'><strong>quo</strong></span> <span class='ocrx_word' id='word_1_582' title='bbox 3481 1718 3684 1772; x_wconf 85' lang='lat' dir='ltr'><strong>Paulus</strong></span> <span class='ocrx_word' id='word_1_583' title='bbox 3712 1719 3790 1772; x_wconf 78' lang='lat' dir='ltr'><strong>di-</strong></span> 
     </span>
    </p>
   </div>
   <div class='ocr_carea' id='block_1_77' title="bbox 2207 1799 3785 1879">
    <p class='ocr_par' dir='ltr' id='par_1_77' title="bbox 2207 1799 3785 1879">
     <span class='ocr_line' id='line_1_77' title="bbox 2207 1799 3785 1879; baseline 0.008 -29"><span class='ocrx_word' id='word_1_584' title='bbox 2207 1799 2360 1852; x_wconf 87' lang='lat' dir='ltr'><strong>cehat</strong></span> <span class='ocrx_word' id='word_1_585' title='bbox 2387 1815 2400 1852; x_wconf 90' lang='lat'><strong>:</strong></span> <span class='ocrx_word' id='word_1_586' title='bbox 2431 1800 2508 1854; x_wconf 90' lang='lat' dir='ltr'><strong>De</strong></span> <span class='ocrx_word' id='word_1_587' title='bbox 2527 1803 2713 1871; x_wconf 85' lang='lat' dir='ltr'><strong>Apollo</strong></span> <span class='ocrx_word' id='word_1_588' title='bbox 2732 1816 2899 1857; x_wconf 83' lang='lat' dir='ltr'><strong>autem</strong></span> <span class='ocrx_word' id='word_1_589' title='bbox 2926 1810 3085 1877; x_wconf 78' lang='lat' dir='ltr'><strong>fratre</strong></span> <span class='ocrx_word' id='word_1_590' title='bbox 3123 1810 3200 1875; x_wconf 74' lang='grc'><strong>(1.</strong></span> <span class='ocrx_word' id='word_1_591' title='bbox 3225 1808 3343 1863; x_wconf 90' lang='lat' dir='ltr'><strong>Cor.</strong></span> <span class='ocrx_word' id='word_1_592' title='bbox 3375 1810 3461 1864; x_wconf 80' lang='grc'><strong>16.</strong></span> <span class='ocrx_word' id='word_1_593' title='bbox 3488 1810 3602 1879; x_wconf 71' lang='lat' dir='ltr'><strong>I2).</strong></span> <span class='ocrx_word' id='word_1_594' title='bbox 3635 1810 3785 1878; x_wconf 84' lang='lat' dir='ltr'><strong>Quod</strong></span> 
     </span>
    </p>
   </div>
   <div class='ocr_carea' id='block_1_78' title="bbox 2207 1891 3786 1972">
    <p class='ocr_par' dir='ltr' id='par_1_78' title="bbox 2207 1891 3786 1972">
     <span class='ocr_line' id='line_1_78' title="bbox 2207 1891 3786 1972; baseline 0.009 -28"><span class='ocrx_word' id='word_1_595' title='bbox 2207 1891 2416 1959; x_wconf 88' lang='lat' dir='ltr'><strong>publice</strong></span> <span class='ocrx_word' id='word_1_596' title='bbox 2443 1896 2809 1965; x_wconf 88' lang='lat' dir='ltr'><strong>redargueret,</strong></span> <span class='ocrx_word' id='word_1_597' title='bbox 2835 1897 2958 1952; x_wconf 91' lang='lat' dir='ltr'><strong>hinc</strong></span> <span class='ocrx_word' id='word_1_598' title='bbox 2988 1898 3174 1953; x_wconf 85' lang='lat' dir='ltr'><strong>ﬁducia</strong></span> <span class='ocrx_word' id='word_1_599' title='bbox 3202 1901 3619 1967; x_wconf 88' lang='lat' dir='ltr'><strong>ostendebatur;</strong></span> <span class='ocrx_word' id='word_1_600' title='bbox 3646 1903 3786 1972; x_wconf 87' lang='lat' dir='ltr'><strong>quod</strong></span> 
     </span>
    </p>
   </div>
   <div class='ocr_carea' id='block_1_79' title="bbox 2205 1988 3786 2065">
    <p class='ocr_par' dir='ltr' id='par_1_79' title="bbox 2205 1988 3786 2065">
     <span class='ocr_line' id='line_1_79' title="bbox 2205 1988 3786 2065; baseline 0.006 -25"><span class='ocrx_word' id='word_1_601' title='bbox 2205 1988 2552 2045; x_wconf 88' lang='lat' dir='ltr'><strong>vehementer</strong></span> <span class='ocrx_word' id='word_1_602' title='bbox 2581 1992 2802 2046; x_wconf 90' lang='lat' dir='ltr'><strong>facultas</strong></span> <span class='ocrx_word' id='word_1_603' title='bbox 2830 1995 3062 2048; x_wconf 87' lang='lat' dir='ltr'><strong>enitebat</strong></span> <span class='ocrx_word' id='word_1_604' title='bbox 3090 2013 3104 2060; x_wconf 90' lang='lat'><strong>;</strong></span> <span class='ocrx_word' id='word_1_605' title='bbox 3134 1996 3275 2065; x_wconf 90' lang='lat' dir='ltr'><strong>quod</strong></span> <span class='ocrx_word' id='word_1_606' title='bbox 3305 2012 3369 2050; x_wconf 79' lang='lat' dir='ltr'><strong>ex</strong></span> <span class='ocrx_word' id='word_1_607' title='bbox 3414 1998 3610 2051; x_wconf 83' lang='lat' dir='ltr'><strong>divinis</strong></span> <span class='ocrx_word' id='word_1_608' title='bbox 3639 1997 3786 2052; x_wconf 78' lang='lat' dir='ltr'><strong>Scri—</strong></span> 
     </span>
    </p>
   </div>
   <div class='ocr_carea' id='block_1_80' title="bbox 2206 2081 3788 2158">
    <p class='ocr_par' dir='ltr' id='par_1_80' title="bbox 2206 2081 3788 2158">
     <span class='ocr_line' id='line_1_80' title="bbox 2206 2081 3788 2158; baseline 0.008 -25"><span class='ocrx_word' id='word_1_609' title='bbox 2206 2081 2374 2149; x_wconf 89' lang='lat' dir='ltr'><strong>pturis</strong></span> <span class='ocrx_word' id='word_1_610' title='bbox 2401 2082 2746 2149; x_wconf 88' lang='lat' dir='ltr'><strong>ostenderet,</strong></span> <span class='ocrx_word' id='word_1_611' title='bbox 2780 2087 3107 2155; x_wconf 81' lang='lat' dir='ltr'><strong>experientia</strong></span> <span class='ocrx_word' id='word_1_612' title='bbox 3156 2089 3574 2142; x_wconf 86' lang='lat' dir='ltr'><strong>monstrabatur.</strong></span> <span class='ocrx_word' id='word_1_613' title='bbox 3604 2088 3788 2158; x_wconf 84' lang='lat' dir='ltr'><strong>Neque</strong></span> 
     </span>
    </p>
   </div>
   <div class='ocr_carea' id='block_1_81' title="bbox 2205 2174 3793 2249">
    <p class='ocr_par' dir='ltr' id='par_1_81' title="bbox 2205 2174 3793 2249">
     <span class='ocr_line' id='line_1_81' title="bbox 2205 2174 3793 2249; baseline 0.005 -22"><span class='ocrx_word' id='word_1_614' title='bbox 2205 2174 2344 2228; x_wconf 91' lang='lat' dir='ltr'><strong>enim</strong></span> <span class='ocrx_word' id='word_1_615' title='bbox 2389 2174 2595 2230; x_wconf 87' lang='lat' dir='ltr'><strong>dicendi</strong></span> <span class='ocrx_word' id='word_1_616' title='bbox 2639 2177 2857 2231; x_wconf 88' lang='lat' dir='ltr'><strong>libertas</strong></span> <span class='ocrx_word' id='word_1_617' title='bbox 2885 2179 3080 2249; x_wconf 86' lang='lat' dir='ltr'><strong>aliquid</strong></span> <span class='ocrx_word' id='word_1_618' title='bbox 3110 2179 3347 2247; x_wconf 88' lang='lat' dir='ltr'><strong>perﬁcit,</strong></span> <span class='ocrx_word' id='word_1_619' title='bbox 3373 2180 3595 2236; x_wconf 83' lang='lat' dir='ltr'><strong>absente</strong></span> <span class='ocrx_word' id='word_1_620' title='bbox 3624 2180 3793 2235; x_wconf 87' lang='lat' dir='ltr'><strong>facul-</strong></span> 
     </span>
    </p>
   </div>
   <div class='ocr_carea' id='block_1_82' title="bbox 2206 2269 3795 2341">
    <p class='ocr_par' dir='ltr' id='par_1_82' title="bbox 2206 2269 3795 2341">
     <span class='ocr_line' id='line_1_82' title="bbox 2206 2269 3795 2341; baseline 0.004 -20"><span class='ocrx_word' id='word_1_621' title='bbox 2206 2278 2345 2332; x_wconf 89' lang='lat' dir='ltr'><strong>tate;</strong></span> <span class='ocrx_word' id='word_1_622' title='bbox 2380 2285 2552 2339; x_wconf 88' lang='lat' dir='ltr'><strong>neque</strong></span> <span class='ocrx_word' id='word_1_623' title='bbox 2584 2269 2807 2324; x_wconf 85' lang='lat' dir='ltr'><strong>facultas</strong></span> <span class='ocrx_word' id='word_1_624' title='bbox 2835 2272 3053 2326; x_wconf 88' lang='lat' dir='ltr'><strong>absente</strong></span> <span class='ocrx_word' id='word_1_625' title='bbox 3081 2272 3341 2326; x_wconf 88' lang='lat' dir='ltr'><strong>libertate.</strong></span> <span class='ocrx_word' id='word_1_626' title='bbox 3368 2272 3508 2341; x_wconf 84' lang='lat' dir='ltr'><strong>Ergo</strong></span> <span class='ocrx_word' id='word_1_627' title='bbox 3536 2288 3642 2326; x_wconf 91' lang='lat' dir='ltr'><strong>non</strong></span> <span class='ocrx_word' id='word_1_628' title='bbox 3674 2274 3795 2327; x_wconf 89' lang='lat' dir='ltr'><strong>sine</strong></span> 
     </span>
    </p>
   </div>
   <div class='ocr_carea' id='block_1_83' title="bbox 2203 2360 3796 2434">
    <p class='ocr_par' dir='ltr' id='par_1_83' title="bbox 2203 2360 3796 2434">
     <span class='ocr_line' id='line_1_83' title="bbox 2203 2360 3796 2434; baseline 0.003 -21"><span class='ocrx_word' id='word_1_629' title='bbox 2203 2374 2361 2414; x_wconf 88' lang='lat' dir='ltr'><strong>causa</strong></span> <span class='ocrx_word' id='word_1_630' title='bbox 2409 2360 2653 2431; x_wconf 84' lang='lat' dir='ltr'><strong>Aquilam</strong></span> <span class='ocrx_word' id='word_1_631' title='bbox 2703 2363 2918 2432; x_wconf 88' lang='lat' dir='ltr'><strong>reliquit</strong></span> <span class='ocrx_word' id='word_1_632' title='bbox 2957 2362 3181 2432; x_wconf 88' lang='lat' dir='ltr'><strong>Ephesi,</strong></span> <span class='ocrx_word' id='word_1_633' title='bbox 3208 2362 3301 2417; x_wconf 89' lang='lat' dir='ltr'><strong>sed</strong></span> <span class='ocrx_word' id='word_1_634' title='bbox 3347 2373 3567 2434; x_wconf 90' lang='lat' dir='ltr'><strong>propter</strong></span> <span class='ocrx_word' id='word_1_635' title='bbox 3593 2366 3796 2433; x_wconf 77' lang='lat' dir='ltr'><strong>Apollo</strong></span> 
     </span>
    </p>
   </div>
   <div class='ocr_carea' id='block_1_84' title="bbox 2205 2454 3795 2525">
    <p class='ocr_par' dir='ltr' id='par_1_84' title="bbox 2205 2454 3795 2525">
     <span class='ocr_line' id='line_1_84' title="bbox 2205 2454 3795 2525; baseline 0.002 -18"><span class='ocrx_word' id='word_1_636' title='bbox 2205 2455 2381 2509; x_wconf 88' lang='lat' dir='ltr'><strong>forsan</strong></span> <span class='ocrx_word' id='word_1_637' title='bbox 2413 2454 2643 2524; x_wconf 90' lang='lat' dir='ltr'><strong>Spiritus</strong></span> <span class='ocrx_word' id='word_1_638' title='bbox 2669 2455 2770 2511; x_wconf 91' lang='lat' dir='ltr'><strong>hoc</strong></span> <span class='ocrx_word' id='word_1_639' title='bbox 2799 2456 3146 2525; x_wconf 86' lang='lat' dir='ltr'><strong>dispensavit,</strong></span> <span class='ocrx_word' id='word_1_640' title='bbox 3173 2467 3227 2511; x_wconf 90' lang='lat' dir='ltr'><strong>ut</strong></span> <span class='ocrx_word' id='word_1_641' title='bbox 3255 2457 3441 2512; x_wconf 89' lang='lat' dir='ltr'><strong>fortior</strong></span> <span class='ocrx_word' id='word_1_642' title='bbox 3466 2457 3795 2511; x_wconf 74' lang='lat' dir='ltr'><strong>ascenderet</strong></span> 
     </span>
    </p>
   </div>
   <div class='ocr_carea' id='block_1_85' title="bbox 2201 2543 3791 2611">
    <p class='ocr_par' dir='ltr' id='par_1_85' title="bbox 2201 2543 3791 2611">
     <span class='ocr_line' id='line_1_85' title="bbox 2201 2543 3791 2611; baseline 0.002 -13"><span class='ocrx_word' id='word_1_643' title='bbox 2201 2543 2631 2600; x_wconf 84' lang='lat' dir='ltr'><strong>Coriuthum.Et</strong></span> <span class='ocrx_word' id='word_1_644' title='bbox 2659 2562 2756 2600; x_wconf 93' lang='lat' dir='ltr'><strong>cur</strong></span> <span class='ocrx_word' id='word_1_645' title='bbox 2801 2547 2922 2602; x_wconf 93' lang='lat' dir='ltr'><strong>huic</strong></span> <span class='ocrx_word' id='word_1_646' title='bbox 2967 2548 3097 2601; x_wconf 88' lang='lat' dir='ltr'><strong>nihil</strong></span> <span class='ocrx_word' id='word_1_647' title='bbox 3148 2547 3425 2611; x_wconf 88' lang='lat' dir='ltr'><strong>fecerunt,</strong></span> <span class='ocrx_word' id='word_1_648' title='bbox 3458 2548 3511 2601; x_wconf 92' lang='lat' dir='ltr'><strong>in</strong></span> <span class='ocrx_word' id='word_1_649' title='bbox 3560 2548 3791 2602; x_wconf 82' lang='lat' dir='ltr'><strong>Paulum</strong></span> 
     </span>
    </p>
   </div>
   <div class='ocr_carea' id='block_1_86' title="bbox 2202 2636 3792 2710">
    <p class='ocr_par' dir='ltr' id='par_1_86' title="bbox 2202 2636 3792 2710">
     <span class='ocr_line' id='line_1_86' title="bbox 2202 2636 3792 2710; baseline 0.003 -21"><span class='ocrx_word' id='word_1_650' title='bbox 2202 2645 2378 2691; x_wconf 87' lang='lat' dir='ltr'><strong>autem</strong></span> <span class='ocrx_word' id='word_1_651' title='bbox 2422 2636 2750 2707; x_wconf 84' lang='lat' dir='ltr'><strong>insurgunt?</strong></span> <span class='ocrx_word' id='word_1_652' title='bbox 2780 2639 3032 2693; x_wconf 87' lang='lat' dir='ltr'><strong>Sciebant</strong></span> <span class='ocrx_word' id='word_1_653' title='bbox 3060 2640 3205 2693; x_wconf 90' lang='lat' dir='ltr'><strong>illum</strong></span> <span class='ocrx_word' id='word_1_654' title='bbox 3247 2639 3592 2710; x_wconf 79' lang='lat' dir='ltr'><strong>coryplneum</strong></span> <span class='ocrx_word' id='word_1_655' title='bbox 3624 2654 3792 2703; x_wconf 66' lang='lat' dir='ltr'><strong>ceso;</strong></span> 
     </span>
    </p>
   </div>
   <div class='ocr_carea' id='block_1_87' title="bbox 2204 2731 3795 2803">
    <p class='ocr_par' dir='ltr' id='par_1_87' title="bbox 2204 2731 3795 2803">
     <span class='ocr_line' id='line_1_87' title="bbox 2204 2731 3795 2803; baseline 0 -18"><span class='ocrx_word' id='word_1_656' title='bbox 2204 2731 2285 2785; x_wconf 73' lang='lat' dir='ltr'><strong>vel</strong></span> <span class='ocrx_word' id='word_1_657' title='bbox 2316 2731 2437 2801; x_wconf 87' lang='lat' dir='ltr'><strong>quia</strong></span> <span class='ocrx_word' id='word_1_658' title='bbox 2466 2747 2710 2803; x_wconf 87' lang='lat' dir='ltr'><strong>maguum</strong></span> <span class='ocrx_word' id='word_1_659' title='bbox 2743 2742 2858 2788; x_wconf 85' lang='lat' dir='ltr'><strong>erat</strong></span> <span class='ocrx_word' id='word_1_660' title='bbox 2883 2733 2983 2787; x_wconf 89' lang='lat' dir='ltr'><strong>viri</strong></span> <span class='ocrx_word' id='word_1_661' title='bbox 3013 2749 3226 2788; x_wconf 87' lang='lat' dir='ltr'><strong>nomen.</strong></span> <span class='ocrx_word' id='word_1_662' title='bbox 3262 2734 3589 2787; x_wconf 81' lang='lat' dir='ltr'><strong>Assnmentes</strong></span> <span class='ocrx_word' id='word_1_663' title='bbox 3620 2744 3795 2785; x_wconf 78' lang='lat' dir='ltr'><strong>autem</strong></span> 
     </span>
    </p>
   </div>
   <div class='ocr_carea' id='block_1_88' title="bbox 2202 2822 3799 2895">
    <p class='ocr_par' dir='ltr' id='par_1_88' title="bbox 2202 2822 3799 2895">
     <span class='ocr_line' id='line_1_88' title="bbox 2202 2822 3799 2895; baseline 0.001 -20"><span class='ocrx_word' id='word_1_664' title='bbox 2202 2822 2367 2884; x_wconf 89' lang='lat' dir='ltr'><strong>illum,</strong></span> <span class='ocrx_word' id='word_1_665' title='bbox 2401 2823 2592 2892; x_wconf 90' lang='lat' dir='ltr'><strong>inquit,</strong></span> <span class='ocrx_word' id='word_1_666' title='bbox 2623 2825 2808 2894; x_wconf 87' lang='lat' dir='ltr'><strong>Aquila</strong></span> <span class='ocrx_word' id='word_1_667' title='bbox 2835 2835 2880 2878; x_wconf 92' lang='lat' dir='ltr'><strong>et</strong></span> <span class='ocrx_word' id='word_1_668' title='bbox 2913 2824 3152 2879; x_wconf 86' lang='lat' dir='ltr'><strong>Priscilla</strong></span> <span class='ocrx_word' id='word_1_669' title='bbox 3175 2865 3190 2890; x_wconf 91' lang='lat'><strong>,</strong></span> <span class='ocrx_word' id='word_1_670' title='bbox 3227 2825 3517 2895; x_wconf 89' lang='lat' dir='ltr'><strong>diligentius</strong></span> <span class='ocrx_word' id='word_1_671' title='bbox 3542 2841 3799 2889; x_wconf 67' lang='lat' dir='ltr'><strong>exposue-</strong></span> 
     </span>
    </p>
   </div>
   <div class='ocr_carea' id='block_1_89' title="bbox 2200 2914 3796 2986">
    <p class='ocr_par' dir='ltr' id='par_1_89' title="bbox 2200 2914 3796 2986">
     <span class='ocr_line' id='line_1_89' title="bbox 2200 2914 3796 2986; baseline 0.003 -21"><span class='ocrx_word' id='word_1_672' title='bbox 2200 2922 2317 2966; x_wconf 89' lang='lat' dir='ltr'><strong>runt</strong></span> <span class='ocrx_word' id='word_1_673' title='bbox 2355 2914 2400 2966; x_wconf 90' lang='lat' dir='ltr'><strong>ei</strong></span> <span class='ocrx_word' id='word_1_674' title='bbox 2441 2915 2575 2967; x_wconf 86' lang='lat' dir='ltr'><strong>viam</strong></span> <span class='ocrx_word' id='word_1_675' title='bbox 2623 2914 2733 2969; x_wconf 85' lang='lat' dir='ltr'><strong>Dei.</strong></span> <span class='ocrx_word' id='word_1_676' title='bbox 2768 2916 2899 2969; x_wconf 89' lang='lat' dir='ltr'><strong>Vide</strong></span> <span class='ocrx_word' id='word_1_677' title='bbox 2927 2917 3196 2986; x_wconf 90' lang='lat' dir='ltr'><strong>quomodo</strong></span> <span class='ocrx_word' id='word_1_678' title='bbox 3219 2918 3396 2971; x_wconf 90' lang='lat' dir='ltr'><strong>omnia</strong></span> <span class='ocrx_word' id='word_1_679' title='bbox 3429 2916 3529 2970; x_wconf 87' lang='lat' dir='ltr'><strong>ﬁde</strong></span> <span class='ocrx_word' id='word_1_680' title='bbox 3556 2916 3796 2986; x_wconf 86' lang='lat' dir='ltr'><strong>perﬁce-</strong></span> 
     </span>
    </p>
   </div>
   <div class='ocr_carea' id='block_1_90' title="bbox 2157 3008 3796 3079">
    <p class='ocr_par' dir='ltr' id='par_1_90' title="bbox 2157 3008 3796 3079">
     <span class='ocr_line' id='line_1_90' title="bbox 2157 3008 3796 3079; baseline 0.001 -20"><span class='ocrx_word' id='word_1_681' title='bbox 2157 3033 2177 3040; x_wconf 92' lang='lat'><strong>-</strong></span> <span class='ocrx_word' id='word_1_682' title='bbox 2201 3014 2388 3060; x_wconf 91' lang='lat' dir='ltr'><strong>rentur</strong></span> <span class='ocrx_word' id='word_1_683' title='bbox 2431 3016 2484 3060; x_wconf 91' lang='lat' dir='ltr'><strong>et</strong></span> <span class='ocrx_word' id='word_1_684' title='bbox 2527 3023 2788 3077; x_wconf 87' lang='lat' dir='ltr'><strong>nusquam</strong></span> <span class='ocrx_word' id='word_1_685' title='bbox 2836 3008 3053 3075; x_wconf 88' lang='lat' dir='ltr'><strong>invidia,</strong></span> <span class='ocrx_word' id='word_1_686' title='bbox 3090 3024 3348 3079; x_wconf 89' lang='lat' dir='ltr'><strong>nusquam</strong></span> <span class='ocrx_word' id='word_1_687' title='bbox 3383 3009 3519 3062; x_wconf 83' lang='lat' dir='ltr'><strong>livor</strong></span> <span class='ocrx_word' id='word_1_688' title='bbox 3550 3027 3564 3062; x_wconf 90' lang='lat'>:</span> <span class='ocrx_word' id='word_1_689' title='bbox 3596 3009 3796 3079; x_wconf 85' lang='lat' dir='ltr'><strong>Aquila</strong></span> 
     </span>
    </p>
   </div>
   <div class='ocr_carea' id='block_1_91' title="bbox 2200 3098 3797 3172">
    <p class='ocr_par' dir='ltr' id='par_1_91' title="bbox 2200 3098 3797 3172">
     <span class='ocr_line' id='line_1_91' title="bbox 2200 3098 3797 3172; baseline 0.001 -19"><span class='ocrx_word' id='word_1_690' title='bbox 2200 3098 2398 3164; x_wconf 90' lang='lat' dir='ltr'><strong>docet;</strong></span> <span class='ocrx_word' id='word_1_691' title='bbox 2436 3099 2543 3154; x_wconf 91' lang='lat' dir='ltr'><strong>imo</strong></span> <span class='ocrx_word' id='word_1_692' title='bbox 2590 3102 2766 3169; x_wconf 91' lang='lat' dir='ltr'><strong>potius</strong></span> <span class='ocrx_word' id='word_1_693' title='bbox 2818 3101 2934 3171; x_wconf 90' lang='lat' dir='ltr'><strong>ipse</strong></span> <span class='ocrx_word' id='word_1_694' title='bbox 2977 3102 3218 3157; x_wconf 87' lang='lat' dir='ltr'><strong>docetur.</strong></span> <span class='ocrx_word' id='word_1_695' title='bbox 3252 3102 3460 3157; x_wconf 89' lang='lat' dir='ltr'><strong>Etenim</strong></span> <span class='ocrx_word' id='word_1_696' title='bbox 3511 3103 3797 3172; x_wconf 85' lang='lat' dir='ltr'><strong>aliquanto</strong></span> 
     </span>
    </p>
   </div>
   <div class='ocr_carea' id='block_1_92' title="bbox 2201 3192 3794 3260">
    <p class='ocr_par' dir='ltr' id='par_1_92' title="bbox 2201 3192 3794 3260">
     <span class='ocr_line' id='line_1_92' title="bbox 2201 3192 3794 3260; baseline 0.004 -19"><span class='ocrx_word' id='word_1_697' title='bbox 2201 3198 2441 3259; x_wconf 90' lang='lat' dir='ltr'><strong>tempore</strong></span> <span class='ocrx_word' id='word_1_698' title='bbox 2467 3205 2587 3246; x_wconf 89' lang='lat' dir='ltr'><strong>cum</strong></span> <span class='ocrx_word' id='word_1_699' title='bbox 2620 3192 2712 3245; x_wconf 91' lang='lat' dir='ltr'><strong>illo</strong></span> <span class='ocrx_word' id='word_1_700' title='bbox 2732 3202 3029 3260; x_wconf 85' lang='lat' dir='ltr'><strong>versantes,</strong></span> <span class='ocrx_word' id='word_1_701' title='bbox 3059 3194 3138 3249; x_wconf 90' lang='lat' dir='ltr'><strong>sic</strong></span> <span class='ocrx_word' id='word_1_702' title='bbox 3166 3192 3338 3248; x_wconf 89' lang='lat' dir='ltr'><strong>edocti</strong></span> <span class='ocrx_word' id='word_1_703' title='bbox 3361 3202 3503 3256; x_wconf 90' lang='lat' dir='ltr'><strong>sunt,</strong></span> <span class='ocrx_word' id='word_1_704' title='bbox 3537 3203 3595 3247; x_wconf 92' lang='lat' dir='ltr'><strong>ut</strong></span> <span class='ocrx_word' id='word_1_705' title='bbox 3625 3194 3794 3248; x_wconf 85' lang='lat' dir='ltr'><strong>etiam</strong></span> 
     </span>
    </p>
   </div>
   <div class='ocr_carea' id='block_1_93' title="bbox 2200 3282 3795 3355">
    <p class='ocr_par' dir='ltr' id='par_1_93' title="bbox 2200 3282 3795 3355">
     <span class='ocr_line' id='line_1_93' title="bbox 2200 3282 3795 3355; baseline 0.002 -20"><span class='ocrx_word' id='word_1_706' title='bbox 2200 3282 2334 3336; x_wconf 85' lang='lat' dir='ltr'><strong>alios</strong></span> <span class='ocrx_word' id='word_1_707' title='bbox 2362 3284 2556 3339; x_wconf 91' lang='lat' dir='ltr'><strong>docere</strong></span> <span class='ocrx_word' id='word_1_708' title='bbox 2589 3294 2827 3353; x_wconf 88' lang='lat' dir='ltr'><strong>possent.</strong></span> <span class='ocrx_word' id='word_1_709' title='bbox 2853 3285 2980 3341; x_wconf 86' lang='lat' dir='ltr'><strong>Cum</strong></span> <span class='ocrx_word' id='word_1_710' title='bbox 3006 3296 3171 3339; x_wconf 89' lang='lat' dir='ltr'><strong>autem</strong></span> <span class='ocrx_word' id='word_1_711' title='bbox 3198 3286 3342 3340; x_wconf 87' lang='lat' dir='ltr'><strong>vellet</strong></span> <span class='ocrx_word' id='word_1_712' title='bbox 3370 3288 3476 3355; x_wconf 85' lang='lat' dir='ltr'><strong>ipse</strong></span> <span class='ocrx_word' id='word_1_713' title='bbox 3495 3288 3719 3341; x_wconf 82' lang='lat' dir='ltr'><strong>transire</strong></span> <span class='ocrx_word' id='word_1_714' title='bbox 3742 3288 3795 3339; x_wconf 86' lang='lat' dir='ltr'><strong>in</strong></span> 
     </span>
    </p>
   </div>
   <div class='ocr_carea' id='block_1_94' title="bbox 2204 3374 3797 3448">
    <p class='ocr_par' dir='ltr' id='par_1_94' title="bbox 2204 3374 3797 3448">
     <span class='ocr_line' id='line_1_94' title="bbox 2204 3374 3797 3448; baseline 0.004 -23"><span class='ocrx_word' id='word_1_715' title='bbox 2204 3374 2464 3439; x_wconf 79' lang='lat' dir='ltr'><strong>Achaiam,</strong></span> <span class='ocrx_word' id='word_1_716' title='bbox 2497 3375 2688 3446; x_wconf 91' lang='lat' dir='ltr'><strong>inquit,</strong></span> <span class='ocrx_word' id='word_1_717' title='bbox 2720 3377 3053 3446; x_wconf 87' lang='lat' dir='ltr'><strong>scripserunt</strong></span> <span class='ocrx_word' id='word_1_718' title='bbox 3076 3377 3371 3447; x_wconf 89' lang='lat' dir='ltr'><strong>discipulis,</strong></span> <span class='ocrx_word' id='word_1_719' title='bbox 3399 3388 3456 3432; x_wconf 90' lang='lat' dir='ltr'><strong>ut</strong></span> <span class='ocrx_word' id='word_1_720' title='bbox 3482 3379 3797 3448; x_wconf 85' lang='lat' dir='ltr'><strong>reciperent</strong></span> 
     </span>
    </p>
   </div>
   <div class='ocr_carea' id='block_1_95' title="bbox 2198 3467 3791 3542">
    <p class='ocr_par' dir='ltr' id='par_1_95' title="bbox 2198 3467 3791 3542">
     <span class='ocr_line' id='line_1_95' title="bbox 2198 3467 3791 3542; baseline 0.001 -22"><span class='ocrx_word' id='word_1_721' title='bbox 2198 3483 2341 3520; x_wconf 86' lang='lat' dir='ltr'><strong>eum.</strong></span> <span class='ocrx_word' id='word_1_722' title='bbox 2372 3467 2479 3522; x_wconf 88' lang='lat' dir='ltr'><strong>Cur</strong></span> <span class='ocrx_word' id='word_1_723' title='bbox 2508 3467 2686 3523; x_wconf 88' lang='lat' dir='ltr'><strong>literas</strong></span> <span class='ocrx_word' id='word_1_724' title='bbox 2714 3469 2950 3525; x_wconf 86' lang='lat' dir='ltr'><strong>scribant</strong></span> <span class='ocrx_word' id='word_1_725' title='bbox 2978 3470 3177 3525; x_wconf 89' lang='lat' dir='ltr'><strong>iudicat</strong></span> <span class='ocrx_word' id='word_1_726' title='bbox 3201 3486 3215 3523; x_wconf 87' lang='lat'><strong>:</strong></span> <span class='ocrx_word' id='word_1_727' title='bbox 3251 3470 3316 3525; x_wconf 91' lang='lat' dir='ltr'><strong>Ut</strong></span> <span class='ocrx_word' id='word_1_728' title='bbox 3340 3472 3486 3525; x_wconf 87' lang='lat' dir='ltr'><strong>illum</strong></span> <span class='ocrx_word' id='word_1_729' title='bbox 3514 3472 3791 3542; x_wconf 83' lang='lat' dir='ltr'><strong>recipiant,</strong></span> 
     </span>
    </p>
   </div>
   <div class='ocr_carea' id='block_1_96' title="bbox 2199 3560 2392 3631">
    <p class='ocr_par' dir='ltr' id='par_1_96' title="bbox 2199 3560 2392 3631">
     <span class='ocr_line' id='line_1_96' title="bbox 2199 3560 2392 3631; baseline 0 -16"><span class='ocrx_word' id='word_1_730' title='bbox 2199 3560 2392 3631; x_wconf 87' lang='lat' dir='ltr'><strong>inquit.</strong></span> 
     </span>
    </p>
   </div>
   <div class='ocr_carea' id='block_1_97' title="bbox 2273 3652 3795 3725">
    <p class='ocr_par' dir='ltr' id='par_1_97' title="bbox 2273 3652 3795 3725">
     <span class='ocr_line' id='line_1_97' title="bbox 2273 3652 3795 3725; baseline 0.002 -20"><span class='ocrx_word' id='word_1_731' title='bbox 2273 3653 2528 3718; x_wconf 79' lang='lat' dir='ltr'><strong>Quantum</strong></span> <span class='ocrx_word' id='word_1_732' title='bbox 2559 3653 2810 3725; x_wconf 87' lang='lat' dir='ltr'><strong>baptisma</strong></span> <span class='ocrx_word' id='word_1_733' title='bbox 2848 3653 3034 3709; x_wconf 87' lang='lat' dir='ltr'><strong>Christi</strong></span> <span class='ocrx_word' id='word_1_734' title='bbox 3066 3662 3265 3724; x_wconf 71' lang='lat' dir='ltr'><strong>prarstet</strong></span> <span class='ocrx_word' id='word_1_735' title='bbox 3306 3652 3603 3724; x_wconf 88' lang='lat' dir='ltr'><strong>baptismati</strong></span> <span class='ocrx_word' id='word_1_736' title='bbox 3625 3652 3795 3708; x_wconf 74' lang='lat' dir='ltr'><strong>Joan-</strong></span> 
     </span>
    </p>
   </div>
   <div class='ocr_carea' id='block_1_98' title="bbox 2201 3744 3793 3816">
    <p class='ocr_par' dir='ltr' id='par_1_98' title="bbox 2201 3744 3793 3816">
     <span class='ocr_line' id='line_1_98' title="bbox 2201 3744 3793 3816; baseline 0.002 -19"><span class='ocrx_word' id='word_1_737' title='bbox 2201 3745 2299 3797; x_wconf 88' lang='lat' dir='ltr'><strong>nis.</strong></span> <span class='ocrx_word' id='word_1_738' title='bbox 2323 3775 2392 3786; x_wconf 85' lang='lat'><strong>——</strong></span> <span class='ocrx_word' id='word_1_739' title='bbox 2423 3744 2487 3799; x_wconf 88' lang='lat' dir='ltr'><strong>Et</strong></span> <span class='ocrx_word' id='word_1_740' title='bbox 2529 3745 2666 3799; x_wconf 91' lang='lat' dir='ltr'><strong>unde</strong></span> <span class='ocrx_word' id='word_1_741' title='bbox 2696 3746 2859 3816; x_wconf 89' lang='lat' dir='ltr'><strong>liquet</strong></span> <span class='ocrx_word' id='word_1_742' title='bbox 2888 3747 3027 3811; x_wconf 90' lang='lat' dir='ltr'><strong>illos,</strong></span> <span class='ocrx_word' id='word_1_743' title='bbox 3065 3760 3186 3800; x_wconf 89' lang='lat' dir='ltr'><strong>cum</strong></span> <span class='ocrx_word' id='word_1_744' title='bbox 3221 3745 3415 3815; x_wconf 84' lang='lat' dir='ltr'><strong>Ephesi</strong></span> <span class='ocrx_word' id='word_1_745' title='bbox 3446 3757 3656 3809; x_wconf 87' lang='lat' dir='ltr'><strong>essent,</strong></span> <span class='ocrx_word' id='word_1_746' title='bbox 3694 3746 3793 3800; x_wconf 81' lang='lat' dir='ltr'><strong>ba-</strong></span> 
     </span>
    </p>
   </div>
   <div class='ocr_carea' id='block_1_99' title="bbox 2200 3835 3794 3906">
    <p class='ocr_par' dir='ltr' id='par_1_99' title="bbox 2200 3835 3794 3906">
     <span class='ocr_line' id='line_1_99' title="bbox 2200 3835 3794 3906; baseline 0 -18"><span class='ocrx_word' id='word_1_747' title='bbox 2200 3838 2390 3906; x_wconf 88' lang='lat' dir='ltr'><strong>ptisma</strong></span> <span class='ocrx_word' id='word_1_748' title='bbox 2417 3836 2640 3891; x_wconf 85' lang='lat' dir='ltr'><strong>Joannis</strong></span> <span class='ocrx_word' id='word_1_749' title='bbox 2667 3837 2950 3891; x_wconf 87' lang='lat' dir='ltr'><strong>habuisse?</strong></span> <span class='ocrx_word' id='word_1_750' title='bbox 2977 3837 3106 3904; x_wconf 88' lang='lat' dir='ltr'><strong>Quia</strong></span> <span class='ocrx_word' id='word_1_751' title='bbox 3132 3837 3463 3906; x_wconf 88' lang='lat' dir='ltr'><strong>interrogati,</strong></span> <span class='ocrx_word' id='word_1_752' title='bbox 3489 3835 3556 3889; x_wconf 84' lang='lat' dir='ltr'><strong>In</strong></span> <span class='ocrx_word' id='word_1_753' title='bbox 3584 3854 3683 3902; x_wconf 83' lang='lat' dir='ltr'><strong>qua</strong></span> <span class='ocrx_word' id='word_1_754' title='bbox 3706 3838 3794 3890; x_wconf 83' lang='lat' dir='ltr'><strong>ba—</strong></span> 
     </span>
    </p>
   </div>
   <div class='ocr_carea' id='block_1_100' title="bbox 2200 3927 3789 3997">
    <p class='ocr_par' dir='ltr' id='par_1_100' title="bbox 2200 3927 3789 3997">
     <span class='ocr_line' id='line_1_100' title="bbox 2200 3927 3789 3997; baseline 0.001 -18"><span class='ocrx_word' id='word_1_755' title='bbox 2200 3929 2377 3997; x_wconf 79' lang='lat' dir='ltr'><strong>ptizati</strong></span> <span class='ocrx_word' id='word_1_756' title='bbox 2401 3928 2565 3983; x_wconf 89' lang='lat' dir='ltr'><strong>estis?</strong></span> <span class='ocrx_word' id='word_1_757' title='bbox 2595 3928 2780 3983; x_wconf 92' lang='lat' dir='ltr'><strong>dicunt</strong></span> <span class='ocrx_word' id='word_1_758' title='bbox 2808 3946 2822 3983; x_wconf 91' lang='lat'><strong>:</strong></span> <span class='ocrx_word' id='word_1_759' title='bbox 2854 3927 2921 3983; x_wconf 87' lang='lat' dir='ltr'><strong>In</strong></span> <span class='ocrx_word' id='word_1_760' title='bbox 2970 3928 3187 3982; x_wconf 73' lang='lat' dir='ltr'><strong>Joanuii</strong></span> <span class='ocrx_word' id='word_1_761' title='bbox 3241 3927 3561 3996; x_wconf 84' lang='lat' dir='ltr'><strong>baptismate.</strong></span> <span class='ocrx_word' id='word_1_762' title='bbox 3587 3929 3789 3983; x_wconf 49' lang='lat' dir='ltr'><strong>Forsan</strong></span> 
     </span>
    </p>
   </div>
   <div class='ocr_carea' id='block_1_101' title="bbox 2201 4020 3792 4093">
    <p class='ocr_par' dir='ltr' id='par_1_101' title="bbox 2201 4020 3792 4093">
     <span class='ocr_line' id='line_1_101' title="bbox 2201 4020 3792 4093; baseline -0.002 -17"><span class='ocrx_word' id='word_1_763' title='bbox 2201 4030 2325 4076; x_wconf 92' lang='lat' dir='ltr'><strong>tunc</strong></span> <span class='ocrx_word' id='word_1_764' title='bbox 2353 4021 2742 4093; x_wconf 81' lang='lat' dir='ltr'><strong>Jerosolymam</strong></span> <span class='ocrx_word' id='word_1_765' title='bbox 2774 4036 2832 4076; x_wconf 88' lang='lat' dir='ltr'><strong>se</strong></span> <span class='ocrx_word' id='word_1_766' title='bbox 2862 4021 3218 4083; x_wconf 89' lang='lat' dir='ltr'><strong>contulerant,</strong></span> <span class='ocrx_word' id='word_1_767' title='bbox 3249 4030 3302 4075; x_wconf 93' lang='lat' dir='ltr'><strong>et</strong></span> <span class='ocrx_word' id='word_1_768' title='bbox 3329 4020 3585 4074; x_wconf 89' lang='lat' dir='ltr'><strong>abierunt</strong></span> <span class='ocrx_word' id='word_1_769' title='bbox 3614 4029 3669 4075; x_wconf 83' lang='lat' dir='ltr'><strong>et</strong></span> <span class='ocrx_word' id='word_1_770' title='bbox 3703 4023 3792 4073; x_wconf 71' lang='lat' dir='ltr'><strong>lua-</strong></span> 
     </span>
    </p>
   </div>
   <div class='ocr_carea' id='block_1_102' title="bbox 2200 4112 3781 4181">
    <p class='ocr_par' dir='ltr' id='par_1_102' title="bbox 2200 4112 3781 4181">
     <span class='ocr_line' id='line_1_102' title="bbox 2200 4112 3781 4181; baseline 0 -16"><span class='ocrx_word' id='word_1_771' title='bbox 2200 4113 2380 4181; x_wconf 75' lang='lat' dir='ltr'><strong>ptizat’i</strong></span> <span class='ocrx_word' id='word_1_772' title='bbox 2405 4124 2528 4167; x_wconf 90' lang='lat' dir='ltr'><strong>sunt</strong></span> <span class='ocrx_word' id='word_1_773' title='bbox 2552 4130 2566 4179; x_wconf 88' lang='lat'><strong>;</strong></span> <span class='ocrx_word' id='word_1_774' title='bbox 2592 4113 2685 4168; x_wconf 90' lang='lat' dir='ltr'><strong>sed</strong></span> <span class='ocrx_word' id='word_1_775' title='bbox 2706 4114 2868 4167; x_wconf 89' lang='lat' dir='ltr'><strong>etiam</strong></span> <span class='ocrx_word' id='word_1_776' title='bbox 2904 4112 3174 4181; x_wconf 85' lang='lat' dir='ltr'><strong>baptizati,</strong></span> <span class='ocrx_word' id='word_1_777' title='bbox 3194 4112 3373 4167; x_wconf 85' lang='lat' dir='ltr'><strong>Jesum</strong></span> <span class='ocrx_word' id='word_1_778' title='bbox 3395 4128 3501 4166; x_wconf 91' lang='lat' dir='ltr'><strong>non</strong></span> <span class='ocrx_word' id='word_1_779' title='bbox 3525 4114 3781 4167; x_wconf 81' lang='lat' dir='ltr'><strong>sciebant.</strong></span> 
     </span>
    </p>
   </div>
   <div class='ocr_carea' id='block_1_103' title="bbox 2198 4202 3788 4273">
    <p class='ocr_par' dir='ltr' id='par_1_103' title="bbox 2198 4202 3788 4273">
     <span class='ocr_line' id='line_1_103' title="bbox 2198 4202 3788 4273; baseline -0.002 -15"><span class='ocrx_word' id='word_1_780' title='bbox 2198 4203 2310 4258; x_wconf 88' lang='lat' dir='ltr'><strong>Nec</strong></span> <span class='ocrx_word' id='word_1_781' title='bbox 2339 4204 2464 4259; x_wconf 87' lang='lat' dir='ltr'><strong>dicit</strong></span> <span class='ocrx_word' id='word_1_782' title='bbox 2487 4206 2587 4271; x_wconf 87' lang='lat' dir='ltr'><strong>eis,</strong></span> <span class='ocrx_word' id='word_1_783' title='bbox 2618 4204 2849 4261; x_wconf 88' lang='lat' dir='ltr'><strong>Creditis</strong></span> <span class='ocrx_word' id='word_1_784' title='bbox 2878 4204 2930 4258; x_wconf 89' lang='lat' dir='ltr'><strong>iu</strong></span> <span class='ocrx_word' id='word_1_785' title='bbox 2961 4203 3177 4257; x_wconf 84' lang='lat' dir='ltr'><strong>Jesutu?</strong></span> <span class='ocrx_word' id='word_1_786' title='bbox 3203 4202 3296 4257; x_wconf 89' lang='lat' dir='ltr'><strong>sed</strong></span> <span class='ocrx_word' id='word_1_787' title='bbox 3340 4204 3503 4273; x_wconf 87' lang='lat' dir='ltr'><strong>qttid?</strong></span> <span class='ocrx_word' id='word_1_788' title='bbox 3529 4204 3592 4258; x_wconf 87' lang='lat' dir='ltr'><strong>Si</strong></span> <span class='ocrx_word' id='word_1_789' title='bbox 3622 4204 3788 4272; x_wconf 80' lang='lat' dir='ltr'><strong>Spiri-</strong></span> 
     </span>
    </p>
   </div>
   <div class='ocr_carea' id='block_1_104' title="bbox 2202 4297 3775 4369">
    <p class='ocr_par' dir='ltr' id='par_1_104' title="bbox 2202 4297 3775 4369">
     <span class='ocr_line' id='line_1_104' title="bbox 2202 4297 3775 4369; baseline 0.001 -19"><span class='ocrx_word' id='word_1_790' title='bbox 2202 4307 2307 4351; x_wconf 89' lang='lat' dir='ltr'><strong>tum</strong></span> <span class='ocrx_word' id='word_1_791' title='bbox 2333 4307 2561 4351; x_wconf 88' lang='lat' dir='ltr'><strong>sanclum</strong></span> <span class='ocrx_word' id='word_1_792' title='bbox 2591 4299 2858 4369; x_wconf 78' lang='lat' dir='ltr'><strong>accepistis</strong></span> <span class='ocrx_word' id='word_1_793' title='bbox 2877 4298 2903 4350; x_wconf 88' lang='lat'><strong>?</strong></span> <span class='ocrx_word' id='word_1_794' title='bbox 2922 4297 3124 4351; x_wconf 86' lang='lat' dir='ltr'><strong>sciebat</strong></span> <span class='ocrx_word' id='word_1_795' title='bbox 3146 4298 3287 4351; x_wconf 91' lang='lat' dir='ltr'><strong>enim</strong></span> <span class='ocrx_word' id='word_1_796' title='bbox 3316 4297 3459 4367; x_wconf 91' lang='lat' dir='ltr'><strong>quod</strong></span> <span class='ocrx_word' id='word_1_797' title='bbox 3496 4314 3607 4351; x_wconf 91' lang='lat' dir='ltr'><strong>non</strong></span> <span class='ocrx_word' id='word_1_798' title='bbox 3631 4299 3775 4351; x_wconf 83' lang='lat' dir='ltr'><strong>habe</strong></span> 
     </span>
    </p>
   </div>
   <div class='ocr_carea' id='block_1_105' title="bbox 2203 4390 3794 4459">
    <p class='ocr_par' dir='ltr' id='par_1_105' title="bbox 2203 4390 3794 4459">
     <span class='ocr_line' id='line_1_105' title="bbox 2203 4390 3794 4459; baseline -0.002 -15"><span class='ocrx_word' id='word_1_799' title='bbox 2203 4400 2342 4445; x_wconf 91' lang='lat' dir='ltr'><strong>rent.</strong></span> <span class='ocrx_word' id='word_1_800' title='bbox 2375 4390 2443 4445; x_wconf 90' lang='lat' dir='ltr'><strong>Et</strong></span> <span class='ocrx_word' id='word_1_801' title='bbox 2486 4391 2598 4445; x_wconf 89' lang='lat' dir='ltr'><strong>vult</strong></span> <span class='ocrx_word' id='word_1_802' title='bbox 2643 4390 2694 4444; x_wconf 91' lang='lat' dir='ltr'><strong>id</strong></span> <span class='ocrx_word' id='word_1_803' title='bbox 2736 4391 2855 4445; x_wconf 91' lang='lat' dir='ltr'><strong>illos</strong></span> <span class='ocrx_word' id='word_1_804' title='bbox 2883 4390 3096 4454; x_wconf 88' lang='lat' dir='ltr'><strong>dicere,</strong></span> <span class='ocrx_word' id='word_1_805' title='bbox 3125 4399 3184 4443; x_wconf 89' lang='lat' dir='ltr'><strong>ut</strong></span> <span class='ocrx_word' id='word_1_806' title='bbox 3229 4391 3461 4444; x_wconf 87' lang='lat' dir='ltr'><strong>scientes</strong></span> <span class='ocrx_word' id='word_1_807' title='bbox 3516 4390 3643 4459; x_wconf 90' lang='lat' dir='ltr'><strong>quid</strong></span> <span class='ocrx_word' id='word_1_808' title='bbox 3693 4390 3794 4441; x_wconf 73' lang='lat' dir='ltr'><strong>silzi</strong></span> 
     </span>
    </p>
   </div>
   <div class='ocr_carea' id='block_1_106' title="bbox 2172 4478 3799 4551">
    <p class='ocr_par' dir='ltr' id='par_1_106' title="bbox 2172 4478 3799 4551">
     <span class='ocr_line' id='line_1_106' title="bbox 2172 4478 3799 4551; baseline -0.001 -16"><span class='ocrx_word' id='word_1_809' title='bbox 2172 4481 2433 4546; x_wconf 81' lang='lat' dir='ltr'><strong>&#39;deesset,</strong></span> <span class='ocrx_word' id='word_1_810' title='bbox 2464 4481 2517 4536; x_wconf 91' lang='lat' dir='ltr'><strong>id</strong></span> <span class='ocrx_word' id='word_1_811' title='bbox 2549 4491 2812 4551; x_wconf 83' lang='lat' dir='ltr'><strong>peterent.</strong></span> <span class='ocrx_word' id='word_1_812' title='bbox 2848 4481 2913 4534; x_wconf 88' lang='lat' dir='ltr'><strong>Et</strong></span> <span class='ocrx_word' id='word_1_813' title='bbox 2939 4482 3244 4549; x_wconf 86' lang='lat' dir='ltr'><strong>imponeute,</strong></span> <span class='ocrx_word' id='word_1_814' title='bbox 3270 4481 3459 4551; x_wconf 90' lang='lat' dir='ltr'><strong>inqttit,</strong></span> <span class='ocrx_word' id='word_1_815' title='bbox 3488 4481 3594 4533; x_wconf 82' lang='lat' dir='ltr'><strong>illis</strong></span> <span class='ocrx_word' id='word_1_816' title='bbox 3625 4478 3799 4533; x_wconf 81' lang='lat' dir='ltr'><strong>Paulo</strong></span> 
     </span>
    </p>
   </div>
   <div class='ocr_carea' id='block_1_107' title="bbox 2203 4571 3801 4642">
    <p class='ocr_par' dir='ltr' id='par_1_107' title="bbox 2203 4571 3801 4642">
     <span class='ocr_line' id='line_1_107' title="bbox 2203 4571 3801 4642; baseline -0.001 -19"><span class='ocrx_word' id='word_1_817' title='bbox 2203 4588 2405 4637; x_wconf 88' lang='lat' dir='ltr'><strong>manus,</strong></span> <span class='ocrx_word' id='word_1_818' title='bbox 2435 4572 2568 4625; x_wconf 87' lang='lat' dir='ltr'><strong>venit</strong></span> <span class='ocrx_word' id='word_1_819' title='bbox 2599 4571 2825 4642; x_wconf 88' lang='lat' dir='ltr'><strong>Spiritus</strong></span> <span class='ocrx_word' id='word_1_820' title='bbox 2852 4582 3055 4625; x_wconf 84' lang='lat' dir='ltr'><strong>sanctus</strong></span> <span class='ocrx_word' id='word_1_821' title='bbox 3084 4587 3235 4639; x_wconf 91' lang='lat' dir='ltr'><strong>super</strong></span> <span class='ocrx_word' id='word_1_822' title='bbox 3260 4587 3362 4634; x_wconf 85' lang='lat' dir='ltr'><strong>eos,</strong></span> <span class='ocrx_word' id='word_1_823' title='bbox 3386 4581 3433 4624; x_wconf 88' lang='lat' dir='ltr'><strong>et</strong></span> <span class='ocrx_word' id='word_1_824' title='bbox 3461 4571 3801 4637; x_wconf 76' lang='lat' dir='ltr'><strong>loquebantur</strong></span> 
     </span>
    </p>
   </div>
   <div class='ocr_carea' id='block_1_108' title="bbox 2205 4662 3799 4736">
    <p class='ocr_par' dir='ltr' id='par_1_108' title="bbox 2205 4662 3799 4736">
     <span class='ocr_line' id='line_1_108' title="bbox 2205 4662 3799 4736; baseline -0.003 -18"><span class='ocrx_word' id='word_1_825' title='bbox 2205 4664 2389 4736; x_wconf 89' lang='lat' dir='ltr'><strong>linguis</strong></span> <span class='ocrx_word' id='word_1_826' title='bbox 2404 4674 2450 4717; x_wconf 91' lang='lat' dir='ltr'><strong>et</strong></span> <span class='ocrx_word' id='word_1_827' title='bbox 2479 4664 2863 4734; x_wconf 86' lang='lat' dir='ltr'><strong>prophetabant.</strong></span> <span class='ocrx_word' id='word_1_828' title='bbox 2892 4663 2973 4718; x_wconf 80' lang='lat' dir='ltr'><strong>Ab</strong></span> <span class='ocrx_word' id='word_1_829' title='bbox 3008 4664 3124 4732; x_wconf 84' lang='lat' dir='ltr'><strong>ipso</strong></span> <span class='ocrx_word' id='word_1_830' title='bbox 3155 4663 3417 4733; x_wconf 88' lang='lat' dir='ltr'><strong>baptismo</strong></span> <span class='ocrx_word' id='word_1_831' title='bbox 3445 4662 3799 4732; x_wconf 71' lang='lat' dir='ltr'><strong>praphetaul.</strong></span> 
     </span>
    </p>
   </div>
   <div class='ocr_carea' id='block_1_109' title="bbox 2205 4753 3803 4824">
    <p class='ocr_par' dir='ltr' id='par_1_109' title="bbox 2205 4753 3803 4824">
     <span class='ocr_line' id='line_1_109' title="bbox 2205 4753 3803 4824; baseline -0.003 -14"><span class='ocrx_word' id='word_1_832' title='bbox 2205 4756 2317 4810; x_wconf 85' lang='lat' dir='ltr'><strong>Hoc</strong></span> <span class='ocrx_word' id='word_1_833' title='bbox 2358 4765 2534 4810; x_wconf 88' lang='lat' dir='ltr'><strong>autem</strong></span> <span class='ocrx_word' id='word_1_834' title='bbox 2575 4754 2796 4809; x_wconf 83' lang='lat' dir='ltr'><strong>Joannis</strong></span> <span class='ocrx_word' id='word_1_835' title='bbox 2824 4754 3085 4824; x_wconf 86' lang='lat' dir='ltr'><strong>baptisma</strong></span> <span class='ocrx_word' id='word_1_836' title='bbox 3132 4769 3235 4808; x_wconf 90' lang='lat' dir='ltr'><strong>non</strong></span> <span class='ocrx_word' id='word_1_837' title='bbox 3266 4753 3534 4816; x_wconf 86' lang='lat' dir='ltr'><strong>habebat;</strong></span> <span class='ocrx_word' id='word_1_838' title='bbox 3568 4753 3803 4821; x_wconf 82' lang='lat' dir='ltr'><strong>ideoque</strong></span> 
     </span>
    </p>
   </div>
   <div class='ocr_carea' id='block_1_110' title="bbox 2205 4844 3811 4918">
    <p class='ocr_par' dir='ltr' id='par_1_110' title="bbox 2205 4844 3811 4918">
     <span class='ocr_line' id='line_1_110' title="bbox 2205 4844 3811 4918; baseline -0.004 -15"><span class='ocrx_word' id='word_1_839' title='bbox 2205 4847 2574 4918; x_wconf 80' lang='lat' dir='ltr'><strong>imperfectum</strong></span> <span class='ocrx_word' id='word_1_840' title='bbox 2621 4856 2756 4902; x_wconf 85' lang='lat' dir='ltr'><strong>erat.</strong></span> <span class='ocrx_word' id='word_1_841' title='bbox 2788 4846 2857 4901; x_wconf 86' lang='lat' dir='ltr'><strong>Ut</strong></span> <span class='ocrx_word' id='word_1_842' title='bbox 2888 4862 3047 4915; x_wconf 85' lang='lat' dir='ltr'><strong>porro</strong></span> <span class='ocrx_word' id='word_1_843' title='bbox 3098 4846 3179 4901; x_wconf 90' lang='lat' dir='ltr'><strong>his</strong></span> <span class='ocrx_word' id='word_1_844' title='bbox 3223 4846 3366 4913; x_wconf 78' lang='lat' dir='ltr'><strong>digni</strong></span> <span class='ocrx_word' id='word_1_845' title='bbox 3420 4844 3761 4899; x_wconf 84' lang='lat' dir='ltr'><strong>haberentur</strong></span> <span class='ocrx_word' id='word_1_846' title='bbox 3793 4890 3811 4908; x_wconf 93' lang='lat'><strong>,</strong></span> 
     </span>
    </p>
   </div>
   <div class='ocr_carea' id='block_1_111' title="bbox 2206 4936 3817 5009">
    <p class='ocr_par' dir='ltr' id='par_1_111' title="bbox 2206 4936 3817 5009">
     <span class='ocr_line' id='line_1_111' title="bbox 2206 4936 3817 5009; baseline -0.003 -16"><span class='ocrx_word' id='word_1_847' title='bbox 2206 4941 2526 5009; x_wconf 71' lang='lat' dir='ltr'><strong>praeparavit</strong></span> <span class='ocrx_word' id='word_1_848' title='bbox 2553 4939 2693 4993; x_wconf 88' lang='lat' dir='ltr'><strong>illos.</strong></span> <span class='ocrx_word' id='word_1_849' title='bbox 2723 4937 2905 5007; x_wconf 84' lang='lat' dir='ltr'><strong>Itaque</strong></span> <span class='ocrx_word' id='word_1_850' title='bbox 2936 4939 3034 4992; x_wconf 89' lang='lat' dir='ltr'><strong>hoc</strong></span> <span class='ocrx_word' id='word_1_851' title='bbox 3062 4936 3273 4992; x_wconf 89' lang='lat' dir='ltr'><strong>volebat</strong></span> <span class='ocrx_word' id='word_1_852' title='bbox 3296 4937 3534 4992; x_wconf 89' lang='lat' dir='ltr'><strong>Joannes</strong></span> <span class='ocrx_word' id='word_1_853' title='bbox 3561 4952 3682 4990; x_wconf 88' lang='lat' dir='ltr'><strong>cum</strong></span> <span class='ocrx_word' id='word_1_854' title='bbox 3714 4938 3817 4990; x_wconf 78' lang='lat' dir='ltr'><strong>ba-</strong></span> 
     </span>
    </p>
   </div>
   <div class='ocr_carea' id='block_1_112' title="bbox 2207 5029 3821 5099">
    <p class='ocr_par' dir='ltr' id='par_1_112' title="bbox 2207 5029 3821 5099">
     <span class='ocr_line' id='line_1_112' title="bbox 2207 5029 3821 5099; baseline 0.001 -16"><span class='ocrx_word' id='word_1_855' title='bbox 2207 5031 2458 5099; x_wconf 86' lang='lat' dir='ltr'><strong>ptizabat,</strong></span> <span class='ocrx_word' id='word_1_856' title='bbox 2484 5039 2543 5084; x_wconf 92' lang='lat' dir='ltr'><strong>ut</strong></span> <span class='ocrx_word' id='word_1_857' title='bbox 2572 5029 2852 5084; x_wconf 89' lang='lat' dir='ltr'><strong>crederent</strong></span> <span class='ocrx_word' id='word_1_858' title='bbox 2898 5029 2950 5083; x_wconf 90' lang='lat' dir='ltr'><strong>in</strong></span> <span class='ocrx_word' id='word_1_859' title='bbox 2980 5038 3259 5083; x_wconf 85' lang='lat' dir='ltr'><strong>venturum</strong></span> <span class='ocrx_word' id='word_1_860' title='bbox 3288 5038 3408 5099; x_wconf 88' lang='lat' dir='ltr'><strong>post</strong></span> <span class='ocrx_word' id='word_1_861' title='bbox 3439 5030 3635 5099; x_wconf 90' lang='lat' dir='ltr'><strong>ipsum.</strong></span> <span class='ocrx_word' id='word_1_862' title='bbox 3664 5029 3821 5085; x_wconf 75' lang='lat' dir='ltr'><strong>Hinc</strong></span> 
     </span>
    </p>
   </div>
   <div class='ocr_carea' id='block_1_113' title="bbox 2188 5120 3821 5191">
    <p class='ocr_par' dir='ltr' id='par_1_113' title="bbox 2188 5120 3821 5191">
     <span class='ocr_line' id='line_1_113' title="bbox 2188 5120 3821 5191; baseline 0.001 -20"><span class='ocrx_word' id='word_1_863' title='bbox 2188 5121 2512 5176; x_wconf 82' lang='lat' dir='ltr'><strong>ostenditur</strong></span> <span class='ocrx_word' id='word_1_864' title='bbox 2566 5136 2817 5191; x_wconf 88' lang='lat' dir='ltr'><strong>magnum</strong></span> <span class='ocrx_word' id='word_1_865' title='bbox 2861 5120 3074 5189; x_wconf 83' lang='lat' dir='ltr'><strong>dogma,</strong></span> <span class='ocrx_word' id='word_1_866' title='bbox 3103 5120 3247 5190; x_wconf 90' lang='lat' dir='ltr'><strong>quod</strong></span> <span class='ocrx_word' id='word_1_867' title='bbox 3281 5120 3371 5189; x_wconf 90' lang='lat' dir='ltr'><strong>qui</strong></span> <span class='ocrx_word' id='word_1_868' title='bbox 3422 5120 3777 5189; x_wconf 83' lang='lat' dir='ltr'><strong>baptizantur</strong></span> <span class='ocrx_word' id='word_1_869' title='bbox 3802 5165 3821 5185; x_wconf 89' lang='lat'><strong>,</strong></span> 
     </span>
    </p>
   </div>
   <div class='ocr_carea' id='block_1_114' title="bbox 2208 5209 3825 5282">
    <p class='ocr_par' dir='ltr' id='par_1_114' title="bbox 2208 5209 3825 5282">
     <span class='ocr_line' id='line_1_114' title="bbox 2208 5209 3825 5282; baseline -0.002 -14"><span class='ocrx_word' id='word_1_870' title='bbox 2208 5211 2445 5282; x_wconf 86' lang='lat' dir='ltr'><strong>perfecte</strong></span> <span class='ocrx_word' id='word_1_871' title='bbox 2470 5227 2498 5264; x_wconf 90' lang='lat' dir='ltr'><strong>a</strong></span> <span class='ocrx_word' id='word_1_872' title='bbox 2527 5213 2758 5282; x_wconf 88' lang='lat' dir='ltr'><strong>peccatis</strong></span> <span class='ocrx_word' id='word_1_873' title='bbox 2782 5221 3095 5280; x_wconf 86' lang='lat' dir='ltr'><strong>purgentur.</strong></span> <span class='ocrx_word' id='word_1_874' title='bbox 3117 5209 3227 5264; x_wconf 90' lang='lat' dir='ltr'><strong>Nisi</strong></span> <span class='ocrx_word' id='word_1_875' title='bbox 3256 5210 3399 5265; x_wconf 91' lang='lat' dir='ltr'><strong>enim</strong></span> <span class='ocrx_word' id='word_1_876' title='bbox 3414 5222 3825 5280; x_wconf 78' lang='lat' dir='ltr'><strong>purgarentnr,</strong></span> 
     </span>
    </p>
   </div>
   <div class='ocr_carea' id='block_1_115' title="bbox 2208 5303 3828 5377">
    <p class='ocr_par' dir='ltr' id='par_1_115' title="bbox 2208 5303 3828 5377">
     <span class='ocr_line' id='line_1_115' title="bbox 2208 5303 3828 5377; baseline -0.002 -17"><span class='ocrx_word' id='word_1_877' title='bbox 2208 5308 2463 5377; x_wconf 90' lang='lat' dir='ltr'><strong>Spiritum</strong></span> <span class='ocrx_word' id='word_1_878' title='bbox 2509 5321 2613 5359; x_wconf 92' lang='lat' dir='ltr'><strong>non</strong></span> <span class='ocrx_word' id='word_1_879' title='bbox 2651 5304 2977 5374; x_wconf 87' lang='lat' dir='ltr'><strong>acciperent,</strong></span> <span class='ocrx_word' id='word_1_880' title='bbox 3010 5319 3116 5358; x_wconf 89' lang='lat' dir='ltr'><strong>non</strong></span> <span class='ocrx_word' id='word_1_881' title='bbox 3161 5303 3339 5357; x_wconf 90' lang='lat' dir='ltr'><strong>statim</strong></span> <span class='ocrx_word' id='word_1_882' title='bbox 3376 5303 3828 5358; x_wconf 83' lang='lat' dir='ltr'><strong>charismatibus</strong></span> 
     </span>
    </p>
   </div>
   <div class='ocr_carea' id='block_1_116' title="bbox 2210 5394 3833 5469">
    <p class='ocr_par' dir='ltr' id='par_1_116' title="bbox 2210 5394 3833 5469">
     <span class='ocr_line' id='line_1_116' title="bbox 2210 5394 3833 5469; baseline -0.007 -17"><span class='ocrx_word' id='word_1_883' title='bbox 2210 5400 2570 5469; x_wconf 84' lang='lat' dir='ltr'><strong>dignarentur.</strong></span> <span class='ocrx_word' id='word_1_884' title='bbox 2605 5396 2672 5451; x_wconf 86' lang='lat' dir='ltr'><strong>Et</strong></span> <span class='ocrx_word' id='word_1_885' title='bbox 2696 5396 2817 5451; x_wconf 89' lang='lat' dir='ltr'><strong>vide</strong></span> <span class='ocrx_word' id='word_1_886' title='bbox 2841 5395 2980 5467; x_wconf 89' lang='lat' dir='ltr'><strong>quod</strong></span> <span class='ocrx_word' id='word_1_887' title='bbox 3007 5395 3200 5464; x_wconf 82' lang='lat' dir='ltr'><strong>duplex</strong></span> <span class='ocrx_word' id='word_1_888' title='bbox 3235 5403 3359 5449; x_wconf 91' lang='lat' dir='ltr'><strong>tunc</strong></span> <span class='ocrx_word' id='word_1_889' title='bbox 3386 5394 3655 5449; x_wconf 85' lang='lat' dir='ltr'><strong>charisma</strong></span> <span class='ocrx_word' id='word_1_890' title='bbox 3680 5396 3731 5448; x_wconf 83' lang='lat' dir='ltr'><strong>si</strong></span> <span class='ocrx_word' id='word_1_891' title='bbox 3746 5411 3833 5451; x_wconf 67' lang='grc' dir='ltr'><strong>τε</strong></span> 
     </span>
    </p>
   </div>
   <div class='ocr_carea' id='block_1_117' title="bbox 2210 5486 3831 5558">
    <p class='ocr_par' dir='ltr' id='par_1_117' title="bbox 2210 5486 3831 5558">
     <span class='ocr_line' id='line_1_117' title="bbox 2210 5486 3831 5558; baseline -0.002 -12"><span class='ocrx_word' id='word_1_892' title='bbox 2210 5491 2408 5547; x_wconf 91' lang='lat' dir='ltr'><strong>donum</strong></span> <span class='ocrx_word' id='word_1_893' title='bbox 2440 5490 2637 5555; x_wconf 90' lang='lat' dir='ltr'><strong>fuerit,</strong></span> <span class='ocrx_word' id='word_1_894' title='bbox 2669 5500 2723 5545; x_wconf 86' lang='lat' dir='ltr'><strong>et</strong></span> <span class='ocrx_word' id='word_1_895' title='bbox 2750 5490 2942 5558; x_wconf 66' lang='lat' dir='ltr'><strong>lingure</strong></span> <span class='ocrx_word' id='word_1_896' title='bbox 2989 5498 3038 5543; x_wconf 90' lang='lat' dir='ltr'><strong>et</strong></span> <span class='ocrx_word' id='word_1_897' title='bbox 3071 5487 3387 5558; x_wconf 71' lang='lat' dir='ltr'><strong>prophetite.</strong></span> <span class='ocrx_word' id='word_1_898' title='bbox 3422 5486 3589 5541; x_wconf 75' lang='lat' dir='ltr'><strong>Recte</strong></span> <span class='ocrx_word' id='word_1_899' title='bbox 3615 5496 3831 5542; x_wconf 75' lang='lat' dir='ltr'><strong>autem</strong></span> 
     </span>
    </p>
   </div>
   <div class='ocr_carea' id='block_1_118' title="bbox 2211 5580 3839 5654">
    <p class='ocr_par' dir='ltr' id='par_1_118' title="bbox 2211 5580 3839 5654">
     <span class='ocr_line' id='line_1_118' title="bbox 2211 5580 3839 5654; baseline -0.002 -15"><span class='ocrx_word' id='word_1_900' title='bbox 2211 5585 2345 5639; x_wconf 81' lang='lat' dir='ltr'><strong>dixit</strong></span> <span class='ocrx_word' id='word_1_901' title='bbox 2373 5584 2629 5654; x_wconf 89' lang='lat' dir='ltr'><strong>baptisma</strong></span> <span class='ocrx_word' id='word_1_902' title='bbox 2662 5582 2883 5637; x_wconf 89' lang='lat' dir='ltr'><strong>Joannis</strong></span> <span class='ocrx_word' id='word_1_903' title='bbox 2928 5580 3253 5652; x_wconf 64' lang='lat' dir='ltr'><strong>paenitentia:</strong></span> <span class='ocrx_word' id='word_1_904' title='bbox 3277 5594 3398 5635; x_wconf 87' lang='lat' dir='ltr'><strong>esse</strong></span> <span class='ocrx_word' id='word_1_905' title='bbox 3421 5620 3436 5643; x_wconf 87' lang='lat'><strong>,</strong></span> <span class='ocrx_word' id='word_1_906' title='bbox 3462 5596 3573 5635; x_wconf 88' lang='lat' dir='ltr'><strong>non</strong></span> <span class='ocrx_word' id='word_1_907' title='bbox 3618 5589 3839 5635; x_wconf 81' lang='lat' dir='ltr'><strong>autem</strong></span> 
     </span>
    </p>
   </div>
   <div class='ocr_carea' id='block_1_119' title="bbox 2214 5670 3839 5745">
    <p class='ocr_par' dir='ltr' id='par_1_119' title="bbox 2214 5670 3839 5745">
     <span class='ocr_line' id='line_1_119' title="bbox 2214 5670 3839 5745; baseline -0.009 -13"><span class='ocrx_word' id='word_1_908' title='bbox 2214 5676 2546 5733; x_wconf 89' lang='lat' dir='ltr'><strong>remissionis</strong></span> <span class='ocrx_word' id='word_1_909' title='bbox 2577 5694 2590 5731; x_wconf 91' lang='lat'>:</span> <span class='ocrx_word' id='word_1_910' title='bbox 2617 5677 2828 5745; x_wconf 86' lang='lat' dir='ltr'><strong>erigens</strong></span> <span class='ocrx_word' id='word_1_911' title='bbox 2878 5674 2994 5728; x_wconf 88' lang='lat' dir='ltr'><strong>illos</strong></span> <span class='ocrx_word' id='word_1_912' title='bbox 3036 5673 3377 5741; x_wconf 87' lang='lat' dir='ltr'><strong>suadensque</strong></span> <span class='ocrx_word' id='word_1_913' title='bbox 3423 5671 3523 5734; x_wconf 84' lang='lat' dir='ltr'><strong>eis,</strong></span> <span class='ocrx_word' id='word_1_914' title='bbox 3567 5670 3667 5723; x_wconf 83' lang='lat' dir='ltr'><strong>hoc</strong></span> <span class='ocrx_word' id='word_1_915' title='bbox 3716 5686 3839 5725; x_wconf 63' lang='lat' dir='ltr'><strong>va-</strong></span> 
     </span>
    </p>
   </div>
   <div class='ocr_carea' id='block_1_120' title="bbox 2214 5762 3847 5837">
    <p class='ocr_par' dir='ltr' id='par_1_120' title="bbox 2214 5762 3847 5837">
     <span class='ocr_line' id='line_1_120' title="bbox 2214 5762 3847 5837; baseline -0.004 -15"><span class='ocrx_word' id='word_1_916' title='bbox 2214 5784 2372 5823; x_wconf 90' lang='lat' dir='ltr'><strong>cuum</strong></span> <span class='ocrx_word' id='word_1_917' title='bbox 2416 5767 2580 5823; x_wconf 86' lang='lat' dir='ltr'><strong>fuisse</strong></span> <span class='ocrx_word' id='word_1_918' title='bbox 2627 5768 2946 5837; x_wconf 83' lang='lat' dir='ltr'><strong>baptismum</strong></span> <span class='ocrx_word' id='word_1_919' title='bbox 2996 5764 3146 5819; x_wconf 92' lang='lat' dir='ltr'><strong>illum</strong></span> <span class='ocrx_word' id='word_1_920' title='bbox 3182 5783 3195 5817; x_wconf 91' lang='lat'><strong>:</strong></span> <span class='ocrx_word' id='word_1_921' title='bbox 3231 5779 3355 5818; x_wconf 88' lang='lat' dir='ltr'><strong>nam</strong></span> <span class='ocrx_word' id='word_1_922' title='bbox 3399 5763 3667 5833; x_wconf 85' lang='lat' dir='ltr'><strong>posterius</strong></span> <span class='ocrx_word' id='word_1_923' title='bbox 3692 5762 3847 5821; x_wconf 72' lang='lat' dir='ltr'><strong>dmi</strong></span> 
     </span>
    </p>
   </div>
   <div class='ocr_carea' id='block_1_121' title="bbox 2216 5855 3865 5933">
    <p class='ocr_par' dir='ltr' id='par_1_121' title="bbox 2216 5855 3865 5933">
     <span class='ocr_line' id='line_1_121' title="bbox 2216 5855 3865 5933; baseline -0.007 -17"><span class='ocrx_word' id='word_1_924' title='bbox 2216 5863 2464 5933; x_wconf 89' lang='lat' dir='ltr'><strong>baptismi</strong></span> <span class='ocrx_word' id='word_1_925' title='bbox 2486 5876 2621 5932; x_wconf 87' lang='lat' dir='ltr'><strong>opus</strong></span> <span class='ocrx_word' id='word_1_926' title='bbox 2646 5874 2762 5915; x_wconf 84' lang='lat' dir='ltr'><strong>erat</strong></span> <span class='ocrx_word' id='word_1_927' title='bbox 2786 5860 3029 5915; x_wconf 84' lang='lat' dir='ltr'><strong>remissio</strong></span> <span class='ocrx_word' id='word_1_928' title='bbox 3052 5858 3157 5913; x_wconf 89' lang='lat' dir='ltr'><strong>illa.</strong></span> <span class='ocrx_word' id='word_1_929' title='bbox 3190 5857 3257 5912; x_wconf 82' lang='lat' dir='ltr'><strong>Et</strong></span> <span class='ocrx_word' id='word_1_930' title='bbox 3278 5855 3551 5928; x_wconf 83' lang='lat' dir='ltr'><strong>quomodo</strong></span> <span class='ocrx_word' id='word_1_931' title='bbox 3582 5855 3671 5925; x_wconf 70' lang='lat' dir='ltr'><strong>qui</strong></span> <span class='ocrx_word' id='word_1_932' title='bbox 3697 5856 3865 5923; x_wconf 73' lang='lat' dir='ltr'><strong>Spi-</strong></span> 
     </span>
    </p>
   </div>
  </div>
