4100 6354
246 325 364 383 235

251 443 384 507 τοῖς
406 442 700 512 μαθηταῖς
719 442 1124 505 ἀποδέξασθαι
1155 442 1358 496 αὐτόν.
1400 445 1498 509 Ὃς
1532 436 1927 514 παραγενόμε-

249 548 364 596 νος
395 530 767 584 συνεϐάλετο
821 529 980 583 πολὺ
1013 529 1138 594 τοῖς
1192 532 1628 583 πεπιστευκόσι
1657 531 1754 584 διὰ
1815 529 1926 597 τῆς

248 616 520 686 χάριτος.
551 617 824 682 Εὑτόνως
850 617 961 686 γὰρ
998 616 1121 682 τοῖς
1189 616 1494 682 Ἰουδαίοις
1538 615 1926 686 διακατηλέγ-

251 721 399 772 χετο
453 703 737 772 δημοσίᾳ,
786 703 1125 767 ἐπιδεικνὺς
1170 702 1267 756 διὰ
1304 701 1423 756 τῶν
1475 702 1730 772 Γραφῶν
1774 700 1929 758 εἶναι

251 792 367 842 τὸν
387 788 650 858 Χριστὸν
689 789 950 856 Ἰησοῦν.
991 789 1261 858 Ἐγένετο
1291 789 1360 841 δέ
1379 789 1448 842 ἐν
1473 787 1553 854 τῷ
1575 789 1682 843 τόν
1724 789 1930 844 Ἀπολ·

251 874 348 929 λὼ
379 870 534 928 εἶναι
570 875 641 927 ἐν
669 875 949 942 Κορίνθῳ,
976 874 1218 928 Παῦλον
1271 873 1585 928 διελθόντα
1611 874 1682 928 τὰ
1718 875 1932 929 ἀνωτε-

247 961 394 1030 ρικὰ
419 959 600 1028 μέρη,
646 959 846 1014 ἐλθεῖν
899 961 984 1025 εὶς
1044 960 1330 1028 Ἔφεσον.
1368 960 1477 1014 Καὶ
1533 959 1723 1028 εὑρών
1761 975 1932 1024 τινας

247 1049 551 1118 μαθητὰς,
590 1043 719 1101 εῖπε
742 1045 890 1115 πρὸς
923 1047 1163 1112 αὐτούς·
1199 1047 1270 1099 El
1319 1045 1561 1115 Πνεῦμα
1595 1045 1767 1116 ἅγιον
1793 1046 1934 1100 ἐλά-

255 1138 393 1189 ϐετε
418 1136 900 1200 πιστεύσαντες;
929 1135 993 1188 Ol
1019 1132 1086 1186 δέ
1114 1133 1292 1190 εἶπαν
1323 1134 1472 1201 πρὸς
1521 1134 1725 1188 αὐτόν·
1769 1135 1933 1189 Ἀλλ’

256 1219 406 1276 οὐδὲ
436 1222 489 1274 ει
517 1220 758 1290 Πνεῦμα
808 1219 979 1290 ἅγιόν
1026 1219 1213 1284 ἐστιν,
1254 1221 1618 1290 ἠκούσαμεν.
1674 1217 1824 1274 Εἷπέ
1874 1237 1933 1274 τε

256 1305 410 1374 πρὸς
445 1306 690 1372 αὐτούς·
727 1307 832 1370 Είς
869 1306 925 1358 τί
957 1300 1071 1360 οὖν
1095 1305 1514 1372 ἐϐαπτι’σθητε;
1550 1308 1613 1359 Ol
1644 1305 1712 1358 δέ
1739 1301 1929 1358 εἷπον·

250 1395 352 1459 Ek
385 1392 454 1446 τό
495 1391 775 1446 Ἰωάννου
797 1391 1136 1460 βάπτισμα.
1173 1388 1320 1447 Εἴπε
1345 1391 1412 1445 δὲ
1441 1392 1700 1458 Παῦλος·
1739 1391 1935 1446 Ἰωάνα

255 1496 372 1547 γης
394 1478 518 1548 μὲν
545 1478 831 1532 ἐϐάπτισε
851 1477 1168 1548 βάπτισμα
1194 1480 1538 1548 μετανοίας,
1570 1478 1648 1544 τῷ
1678 1477 1805 1544 λαῷ
1837 1479 1934 1532 λέ-

252 1583 399 1635 των,
431 1569 521 1630 εις
546 1565 653 1620 τὸν
673 1565 999 1634 ἐρχόμενον
1020 1569 1146 1634 μετ’
1173 1566 1362 1620 αὐτὸν
1394 1567 1494 1619 ἵνα
1540 1566 1930 1620 πιστεύσωσι·

253 1653 600 1718 τουτέστιν,
623 1655 710 1716 εἰς
734 1653 842 1706 τὸν
868 1652 1124 1721 Χριστὸν
1164 1653 1414 1720 Ἰησοῦν.
1458 1653 1846 1718 Ἀκούσαντες
1868 1652 1936 1706 δέ

252 1741 718 1807 ἐϐαπτίσθησαν
743 1742 831 1806 είς
852 1740 917 1793 τὸ
951 1741 1138 1808 ὄνομα
1171 1741 1276 1793 τοῦ
1311 1741 1532 1807 Κυρίου
1573 1741 1789 1808 Ἰησοῦ.
1825 1741 1932 1794 Καὶ

252 1829 575 1891 ἐπιθέντος
607 1827 812 1892 αὐτοῖς
839 1826 946 1880 τοῦ
971 1828 1214 1880 Παύλου
1247 1827 1353 1891 τὰς
1396 1827 1618 1894 χεῖρας.
1671 1823 1819 1895 ἦλθε
1869 1827 1934 1880 τὸ

252 1913 505 1982 Πνεῦμα
528 1914 592 1967 τὸ
629 1914 798 1984 ἅγιον
820 1915 911 1968 ἐπ’
936 1915 1178 1980 αὐτούς·
1212 1913 1478 1968 ἐλάλουν
1523 1931 1587 1966 τε
1631 1915 1935 1982 γλώσσαις

251 2001 350 2054 καὶ
380 2000 541 2072 [305]
576 2001 1006 2069 προεφήτευον.
1043 1996 1238 2054 Ἦσαν
1283 2000 1352 2053 δέ
1384 2003 1436 2054 οἱ
1471 1999 1692 2067 πάντες
1720 2001 1936 2068 ἄνδρες

252 2088 398 2142 ὡσεὶ
425 2087 709 2142 δεκαδύο.
735 2087 920 2158 Πολλῴ
945 2082 1089 2142 οὗτοι
1110 2086 1319 2139 ἐκείνου
1343 2086 1714 2156 διεστήκασιν.
1742 2089 1790 2140 οἱ
1829 2103 1934 2157 μη-

253 2176 385 2229 δέεἱ
421 2176 650 2247 Πνεῦμα
682 2175 833 2244 ἅγιόν
879 2178 1026 2230 ἐστιν
1083 2175 1303 2239 εἰδότες.
1358 2168 1517 2229 Οὗτοι
1575 2171 1687 2240 οὖν,
1747 2177 1797 2228 οἶ
1841 2176 1937 2228 καὶ

263 2265 657 2334 ἀκριϐέστερον
677 2264 825 2334 αὐτῷ
853 2262 1100 2328 ἐξέθεντο
1133 2265 1232 2334 τὴν
1268 2263 1385 2316 ὁδὸν
1429 2262 1525 2316 τοῦ
1576 2263 1804 2334 Κυρίου,
1841 2263 1936 2316 καὶ

266 2354 704 2422 προπέμπουσι,
749 2354 842 2405 καὶ
883 2351 1188 2422 γράμματα
1246 2351 1592 2405 ἐπιδιδόασιν.
1655 2351 1936 2406 Ἐϐούλετο

263 2440 366 2510 μὲν
396 2436 487 2493 οὖν
522 2441 618 2494 καὶ
667 2440 830 2503 αὐτὸς
884 2439 1140 2492 ἀπελθεῖν
1195 2439 1274 2501 είς
1311 2439 1558 2508 Ἀχαΐαν·
1595 2438 1701 2508 πρὸ
1739 2438 1794 2490 δὲ
1839 2437 1934 2490 τοῦ

256 2529 588 2599 προτρέψαι,
624 2528 715 2580 καὶ
735 2527 1040 2598 γράμματα
1073 2524 1258 2580 δοῦναι
1291 2525 1438 2596 αὐτῷ
1492 2527 1619 2588 τοὺς
1647 2525 1936 2595 ἀδελφοὺς,

253 2617 356 2668 οὐκ
386 2616 680 2687 ἀναχωρεῖ.
718 2616 823 2679 Ὃς
848 2615 1328 2683 παραγενόμενος
1355 2612 1744 2674 συνεϐάλετο,
1777 2613 1933 2682 φησὶ,

253 2703 384 2769 τοῖς
426 2703 924 2756 πεπιστευκόσιν·
980 2702 1242 2766 εὐτόνως
1267 2700 1379 2769 γὰρ
1429 2699 1935 2768 διακατηλέγχετο

251 2791 526 2860 δημοσίᾳ
548 2790 942 2844 ἐπιδεικνύων
967 2789 1064 2843 διὰ
1089 2787 1208 2842 τῶν
1228 2787 1481 2857 Γραφῶν
1503 2785 1656 2841 εἶναι
1682 2788 1789 2840 τὸν
1812 2791 1936 2856 Χρι-

252 2877 413 2932 στόν
451 2877 719 2946 Ἰησοῦν.
755 2875 1035 2932 Ἐντεῦθεν
1064 2877 1182 2940 πῶς
1205 2871 1273 2948 ἦν
1319 2876 1538 2938 δυνατὸς
1570 2879 1627 2929 ἐν
1649 2878 1770 2940 ταῖς
1793 2875 1932 2945 Γρα-

254 2970 388 3037 φαίς
431 2963 705 3027 Ἀπολλὼς
731 2963 990 3018 δείκνυσι.
1025 2965 1163 3027 Τούς
1210 2963 1306 3035 μὲν
1325 2964 1435 3034 γὰρ
1475 2963 1763 3027 Ἰουδαίους
1815 2964 1940 3034 σφόο

251 3055 358 3125 δρα
396 3052 726 3122 ἐπεστόμιζε
757 3051 938 3122 (τοῦτο
973 3051 1082 3124 γάρ
1111 3053 1226 3104 ἐστι
1267 3051 1349 3115 τὸ,
1379 3051 1933 3122 Διακατηλέγχετο),

250 3143 383 3204 τοὺς
422 3140 481 3193 δέ
504 3138 861 3202 πιστεύοντας
891 3139 1114 3211 θαρρεῖν
1172 3137 1373 3210 μᾶλλον
1400 3139 1595 3201 ἐποίει,
1651 3138 1744 3191 καὶ
1778 3139 1931 3191 ἵστα-

253 3229 384 3282 σθαι
423 3228 563 3298 πρὸς
606 3228 708 3298 τὴν
751 3227 954 3280 πίστιν.
1003 3226 1264 3296 Ἐγένετο
1326 3226 1414 3289 δὲ,
1483 3226 1636 3294 φησὶ,
1686 3225 1931 3279 Παῦλον

251 3317 573 3370 διελθόντα
606 3315 677 3369 τὰ
707 3313 1030 3381 ἀνωτερικὰ
1073 3313 1225 3382 μέρη
1256 3313 1457 3367 ἐλθεῖν
1497 3315 1584 3379 εἰς
1639 3315 1928 3382 Ἔφεσον.

250 3407 444 3458 Ταῦτα
471 3405 537 3475 δὴ
559 3406 628 3458 τὰ
660 3402 801 3457 κατά
827 3403 1160 3474 Καισάρειαν
1181 3404 1275 3455 καῖ.
1305 3403 1372 3456 τά
1391 3403 1572 3456 λοιπά.
1601 3403 1710 3457 Καὶ
1741 3403 1933 3471 εὑρών

250 3511 426 3558 τινας
445 3492 738 3562 μαθητὰς,
773 3487 904 3544 εἷπε
937 3490 1087 3558 πρὸς
1117 3491 1358 3556 αὐτούς·
1390 3492 1456 3544 El
1484 3490 1724 3558 Πνεῦμα
1758 3490 1932 3559 ἅγιον

249 3581 504 3636 ἐλάϐετε
524 3580 1002 3645 πιστεύσαντες;
1037 3579 1160 3632 ’Ὀτι
1219 3579 1340 3631 οὐδὲ
1391 3580 1473 3642 είς
1523 3579 1759 3650 Χριστὸν
1809 3581 1930 3632 ἐπί-

252 3686 446 3722 στευον
475 3660 643 3732 οὗτοι,
672 3666 831 3736 δῆλον
857 3668 921 3719 ἐκ
949 3665 1043 3719 τοῦ
1071 3666 1265 3719 εἰπεῖν·
1316 3667 1419 3731 Είς
1453 3665 1559 3719 τὸν
1603 3666 1932 3735 ἐρχόμενον

243 3757 376 3828 μετ’
407 3755 619 3816 αὐτὸν,
651 3755 751 3807 ἵνα
802 3754 1198 3814 πιστεύσωσι.
1236 3753 1344 3805 Καὶ
1397 3753 1497 3806 οὐκ
1544 3745 1718 3819 εἶπεν,
1763 3753 1929 3807 Οὐδέν

248 3847 370 3899 ἐστι
406 3844 471 3897 τὸ
494 3842 778 3912 βάπτισμα
809 3841 1075 3894 Ἰωάννου·
1120 3840 1234 3892 ἀλλ’
1269 3841 1350 3892 ὅτι.
1405 3839 1614 3902 ἀτελές.
1648 3841 1758 3894 Καὶ
1806 3841 1928 3894 οὐδὲ

246 3934 413 3987 τοῦτο
448 3929 794 4002 προσέθηκεν
825 3928 1031 3994 ἁπλῶς,
1060 3927 1176 3982 ἀλλ’
1209 3928 1295 3981 ἵνα
1317 3927 1505 3999 διδάξῃ
1532 3928 1626 3981 καὶ
1646 3927 1812 4000 πείσῃ
1833 3927 1930 3982 αὐ·-

247 4023 380 4084 τοὺς
405 4022 489 4082 είς
515 4019 578 4072 τὸ
609 4018 779 4089 ὄνομα
799 4017 892 4070 τοῦ
927 4016 1102 4088 Ἰησοῦ
1137 4016 1520 4087 βαπτισθῆναι·
1567 4015 1596 4068 ὃ
1621 4017 1714 4068 καὶ
1745 4016 1930 4069 ποιοῦο

250 4126 328 4170 σι,
353 4109 452 4160 καὶ
477 4105 538 4159 τδ
559 4105 784 4174 Πνεῦμα
809 4103 1145 4175 λαμϐάνουσι
1175 4107 1243 4175 τῇ
1270 4103 1512 4158 ἐπιθέσει
1566 4105 1678 4158 τῶν
1729 4104 1928 4176 χειρῶν

249 4196 496 4249 Παύλου.
542 4192 876 4257 Ἐπιθέντος
902 4192 1032 4262 γὰρ,
1066 4191 1252 4262 φησὶν,
1290 4189 1490 4256 αὐτοῖς
1527 4189 1630 4244 τοῦ
1681 4193 1927 4246 Παύλου

247 4287 360 4350 τὰς
381 4283 612 4353 χεῖρας,
641 4277 788 4352 ἦλθε
823 4281 889 4335 τὸ
935 4281 1178 4350 Πνεῦμα
1215 4279 1283 4333 τό
1331 4279 1503 4348 ἅγιον
1543 4279 1634 4333 ἐπ’
1682 4281 1925 4348 αὐτούς.

249 4375 419 4426 Ὥστε
449 4364 531 4433 οἷς
564 4368 800 4422 ἐπετίθει
847 4367 946 4432 τάς
972 4371 1178 4440 χεῖρας,
1217 4367 1278 4420 τὸ
1327 4367 1551 4438 Πνεῦμα
1599 4367 1928 4439 ἐλάμϐανον.

248 4461 416 4524 Εἰκὸς
436 4458 620 4512 τοίνυν
664 4453 732 4528 ἦν
761 4457 986 4528 Πνεῦμα
1020 4457 1119 4528 μὲν
1166 4455 1363 4520 αὐτοὺς
1399 4455 1564 4526 ἔχειν,
1585 4451 1683 4528 ’μὴ
1742 4457 1930 4525 φαίνε-

248 4548 380 4601 σθαι
402 4546 485 4600 δέ·
522 4544 638 4598 ἀλλ’
663 4545 727 4596 ἐκ
753 4543 855 4614 τῆς
879 4542 1159 4615 ἐνεργείας
1183 4543 1279 4596 καὶ
1298 4542 1391 4612 ἀφ’
1412 4559 1486 4598 ων
1507 4541 1781 4612 γλώσσαις
1798 4544 1926 4599 ἐλά-

246 4635 402 4700 λουν,
429 4630 594 4685 τοῦτο
619 4632 914 4700 ἐνέφαινον.

325 4935 396 5006 β’.
413 4931 558 4988 Ἀλλ’
589 4930 788 5001 ἴδωμεν
814 4927 1018 4982 ἄνωθεν
1040 4927 1108 4981 τὰ
1139 4927 1544 4998 ἀνεγνωσμένα.
1585 4927 1646 4980 Ὀ
1671 4926 1739 4980 δέ
1766 4926 1926 4982 Παῦ-

244 5029 364 5090 λος
409 5022 656 5087 ἐξέπλει
701 5020 787 5086 είς
833 5017 951 5086 τὴν
997 5017 1241 5085 Συρίαν,
1279 5017 1436 5087 φησὶ,
1484 5015 1583 5068 καὶ
1618 5015 1741 5069 σὺν
1767 5013 1928 5081 αὐτῷ

245 5111 599 5179 Πρίσκιλλα
621 5106 720 5160 καὶ
755 5107 1023 5170 Ἀκύλας,
1044 5102 1135 5168 οὓς
1159 5103 1252 5156 καὶ
1277 5104 1622 5172 καταντήσας
1649 5103 1730 5165 είς
1761 5103 1928 5171 Ἐφε-

247 5217 346 5252 σον
371 5196 668 5251 κατέλιπεν
697 5194 883 5248 αὐτοῦ.
909 5193 979 5245 Ἣ
1000 5194 1082 5246 ὅτι
1117 5191 1218 5244 οὐκ
1246 5189 1804 5261 ἐϐούλετονπεριάγειν
1825 5190 1926 5242 αὐ-

245 5289 402 5350 τοὺς,
433 5283 530 5337 καὶ
553 5282 642 5335 διὰ
673 5281 830 5335 τοῦτο
864 5279 1174 5334 κατέλιπεν·
1229 5278 1262 5348 ἢ
1303 5278 1502 5348 μᾶλλον
1556 5277 1643 5331 ἵνα
1667 5277 1925 5332 διδάσκα-

245 5373 331 5426 λοι
355 5372 563 5442 μένωσι
613 5372 724 5433 τοῖς
751 5371 808 5422 ἐν
850 5368 1078 5438 Ἐφέσῳ.
1129 5367 1294 5420 Αὐτοὶ
1320 5367 1375 5420 δέ
1431 5365 1569 5438 μετὰ
1603 5366 1776 5420 ταῦτα
1823 5367 1924 5438 τὴν

248 5460 518 5533 Κόρινθον
543 5459 788 5531 ᾤκησαν,
817 5455 895 5521 οἷς
941 5458 1035 5512 καὶ
1075 5458 1285 5529 μεγάλα
1329 5460 1611 5529 μαρτυρεῖ,
1639 5457 1733 5510 καὶ
1789 5458 1924 5510 Ῥω·

252 5547 440 5618 μαίοις
462 5547 794 5600 ἐπιστέλλων
825 5544 1220 5616 προσαγορεύει
1253 5544 1470 5608 αὐτούς.
1524 5544 1686 5598 Ὅθεν
1724 5561 1812 5614 μοι
1836 5545 1922 5598 δοι

249 5640 341 5689 κεί
375 5636 516 5705 μετά
540 5634 715 5689 ταῦτα
739 5634 932 5696 αὐτοὺς
965 5635 1044 5696 είς
1088 5632 1303 5702 Ῥώμην
1333 5632 1604 5698 ἀπελθεῖν,
1637 5632 1731 5687 ἆτε
1761 5635 1924 5702 ἐμφι-

249 5724 630 5796 λοχωροῦντας
686 5728 799 5788 τοῖς
843 5741 1028 5787 τοποις
1063 5723 1312 5786 ἐκείνοις,
1351 5723 1474 5776 ὅθεν
1524 5723 1782 5786 ἐξέπεσον
1832 5723 1924 5775 ἐπὶ

251 5815 503 5885 Νέρωνος
553 5815 658 5866 Καὶ
687 5814 965 5876 καταϐὰς,
1019 5811 1204 5880 φησὶν,
1235 5813 1322 5875 εἰς
1357 5811 1742 5877 Καισάρειαν,
1779 5811 1925 5866 ἀνα-

254 5901 364 5960 ϐὰς
395 5901 492 5954 καί
522 5899 956 5968 ἀσπασάμενος
991 5898 1104 5966 τὴν
1175 5899 1568 5968 Ἐκκλησίαν.
1593 5899 1806 5968 κατέϐη
1838 5901 1924 5964 εἰς

265 5972 645 6040 Ἀντιόχειαν,
678 5967 1060 6038 καίποιιξσας
1094 5968 1308 6039 χρόνον
1335 5968 1489 6026 τινὰ.
1517 5967 1754 6034 ἐξῆλθε,
1774 5969 1922 6036 διερ-

1423 327 1489 382 ΙΝ
1519 327 1705 384 ACTA
1743 325 2274 386 APOSTOLORUM.
2302 326 2533 384 HOMIL.
2577 327 2685 382 XL.

3583 327 3690 382 984

2026 462 2281 530 χόμενος
2314 460 2429 526 τὴν
2469 457 2814 524 Γαλατικὴν
2857 456 3116 524 καθεξῆς
3141 457 3342 525 χώραν
3394 457 3492 510 καὶ
3539 460 3688 526 Φρυ-

2025 549 2181 617 γίαν.
2235 549 2387 618 Ἐμοὶ
2411 546 2626 601 δοκοῦσι
2656 545 2749 598 καὶ
2769 545 2819 597 οἱ
2851 545 3032 598 πιστοὶ
3067 544 3146 596 ἐτι
3173 544 3290 595 ἐκεῖ
3341 544 3686 611 συνάγεσθαι·

2027 638 2090 691 οὐ
2121 637 2228 708 γὰρ
2260 636 2458 700 εὐθέως
2480 635 2678 698 αὐτοὺς
2720 633 3004 688 ἀπέσπων.
3063 633 3207 703 Ὀρα
3233 633 3290 685 δὲ
3347 631 3463 695 πῶς
3495 631 3690 695 αὐτοὺς

2026 725 2323 787 ἐπείγεται.
2375 724 2486 776 Καὶ
2536 721 2740 785 ταύτας
2793 721 2894 784 τὰς
2957 719 3140 791 χώρας
3189 719 3350 773 πάλιν
3396 718 3688 789 διέρχεται,

2027 810 2167 864 ὥστε
2196 813 2264 880 τῇ
2296 809 2568 880 παρουσίᾳ
2611 808 2908 880 βεϐαιῶσαι
2937 809 3062 870 τοὺς
3103 805 3369 878 μαθητάς.
3414 803 3692 871 Ἰουδαῖος

2027 897 2092 950 δέ
2136 914 2246 962 τις,
2293 897 2479 966 φησὶν,
2528 895 2824 960 Ἀπολλὼς
2874 895 3137 963 ὀνόματι,
3191 893 3570 961 κατήντησεν
3607 895 3693 958 είς

2033 986 2319 1054 Ἔφεσον,
2364 982 2620 1046 δυνατὸς
2672 980 2756 1034 ὢν
2795 982 2864 1034 ἐν
2894 982 3022 1048 ταῖς
3061 981 3346 1050 Γραφαῖς.
3397 983 3694 1050 Διεγηγερ-

2031 1073 2193 1143 μένος
2246 1066 2314 1142 ἦν
2367 1073 2395 1124 ό
2449 1070 2767 1139 ἄνθρωπος·
2815 1067 2895 1122 διδ
2945 1068 3038 1121 καὶ
3074 1067 3380 1138 ἀποδημίας
3421 1066 3694 1119 στέλλεται

2031 1158 2170 1226 ὑπὲρ
2196 1156 2384 1209 τούτου
2426 1156 2614 1210 αὐτοῦ.
2661 1157 2764 1220 Ὃς
2811 1155 3312 1223 παραγενόμενος,
3367 1154 3552 1222 φησὶν,
3608 1155 3694 1220 είς

2043 1246 2301 1314 Ἀχαΐαν,
2343 1245 2602 1307 εὐτόνως
2653 1242 3157 1312 διακατηλέγχετο
3199 1241 3322 1308 τοῖς
3385 1240 3695 1307 Ἰουδαίοις

2029 1330 2312 1400 δημοσίᾳ.
2341 1331 2476 1402 Περὶ
2503 1329 2694 1383 τούτου
2733 1330 2960 1400 γράφων
3001 1329 3172 1398 ἐλεγε-
3208 1328 3347 1398 Περί
3380 1328 3447 1382 δὲ
3489 1329 3696 1382 Ἀπολ-

2029 1420 2117 1474 λὼ
2145 1421 2250 1473 τοῦ
2284 1419 2569 1488 ἀδελφοῦ.
2594 1418 2683 1489 Τῷ
2706 1419 2803 1488 μὲν
2836 1416 2926 1472 οὖν
2954 1419 3188 1489 δημοσίᾳ
3211 1417 3363 1490 [504]
3381 1418 3692 1488 ἐλέγχειν,ἠ

2033 1509 2312 1580 παρρησία
2339 1509 2630 1561 ἐδείκνυτο·
2665 1510 2740 1577 τῷ
2762 1508 2817 1560 δὲ
2842 1508 3092 1575 εὐτόνως,
3118 1510 3150 1579 ἡ
3174 1509 3401 1578 δύναμις
3425 1507 3692 1578 ἐδηλοῦτο·

2031 1596 2110 1666 τῷ
2134 1597 2190 1649 δὲ
2223 1598 2287 1649 ἐκ
2326 1597 2432 1651 τῶν
2476 1596 2634 1648 θείων
2666 1597 2898 1667 Γραφῶν
2954 1596 3385 1665 ἐπιδεικνύειν,ἡ
3415 1595 3693 1666 ἐμπειρία.

2033 1682 2170 1735 υῦτε
2203 1683 2311 1753 γὰρ
2341 1685 2373 1753 ἡ
2423 1681 2703 1754 παρρησία
2758 1699 2810 1734 τι
2859 1683 3100 1735 συντελεῖ
3124 1683 3244 1736 καθ’
3275 1681 3472 1752 ἑαυτὴν
3496 1694 3544 1747 δ,
3597 1680 3697 1733 οὐκ

2032 1769 2199 1840 οὔσης
2228 1771 2529 1840 δυνάμεως,
2561 1768 2683 1821 οὕτε
2712 1771 2746 1840 ἡ
2775 1769 3021 1840 δύναμις,
3050 1771 3150 1822 οὐκ
3170 1769 3335 1840 οῦσης
3365 1769 3694 1839 παρρησίας.

2036 1859 2179 1927 ’Λρα
2207 1858 2306 1910 οὐκ
2333 1857 2455 1926 εἰκῆ
2531 1857 2763 1910 ’Λκύλαν
2799 1857 3089 1909 κατέλιπεν
3120 1858 3197 1919 εἰς
3256 1857 3509 1924 Ἔφεσον,
3562 1853 3699 1907 ἀλλὰ

2031 1945 2119 1997 διὰ
2139 1945 2232 1997 τὸν
2273 1942 2518 1996 Ἀπολλὼ
2573 1944 2712 2013 τάχα
2744 1944 2804 1996 τὸ
2851 1943 3074 2012 Πνεῦμα
3123 1941 3278 1994 τοῦτο
3323 1942 3695 2012 ᾡκονόμησεν,

2033 2032 2172 2084 ὥστε
2207 2032 2550 2102 ἰσχυρότερον
2582 2033 2832 2100 ἐπιϐῆναι
2854 2034 2918 2102 τῇ
2949 2031 3216 2100 Κορίνθῳ.
3256 2031 3364 2082 Καὶ
3415 2029 3468 2080 τί
3498 2029 3696 2097 δήποτε

2032 2119 2208 2189 τούτῳ
2237 2119 2333 2190 μὲν
2356 2119 2508 2172 οὐδὲν
2530 2119 2806 2190 ἐποίησαν,
2833 2119 3029 2187 Παύλῳ
3059 2118 3114 2170 δὲ
3145 2117 3503 2182 ἐπιτίθενται;
3538 2115 3697 2187 ἰιιδε-

2035 2225 2153 2269 σαν,
2181 2207 2262 2259 ὃτι
2284 2208 2487 2269 ἐκεῖνος
2516 2209 2543 2259 ὁ
2575 2208 2868 2278 κορυφαῖος
2895 2202 2981 2274 ἦν·
3017 2205 3049 2274 ἤ
3106 2205 3200 2258 καὶ
3229 2205 3310 2258 ὅτι
3343 2204 3474 2259 πολὺ
3501 2203 3561 2256 τὸ
3581 2205 3698 2257 6V0-

2036 2312 2111 2364 μα
2136 2294 2228 2347 τοῦ
2279 2293 2470 2363 ἀνδρὸς
2510 2289 2598 2364 ἦν·
2638 2294 3076 2361 Προλαϐόμενοι
3137 2291 3222 2357 δὲ,
3276 2293 3464 2360 φησὶν,
3510 2289 3698 2344 αὐτὸν

2044 2381 2296 2444 Ἀκύλας
2318 2379 2417 2432 καί
2452 2380 2810 2448 Πρίσκιλλα,
2845 2378 3263 2447 ἀκριϐέστερον
3287 2377 3446 2442 αὑτῷ
3472 2376 3698 2440 ἐξέθεν-

2032 2487 2098 2523 το
2126 2469 2243 2537 τὴν
2267 2468 2374 2522 τοῦ
2405 2468 2551 2522 Θεοῦ
2602 2470 2767 2522 όδόν.
2804 2469 2946 2538 Ὅρα
2975 2467 3092 2530 πῶς
3119 2469 3295 2520 πάντα
3323 2466 3500 2518 πίστει
3531 2465 3695 2533 ἐγίνε-

2029 2575 2111 2621 το,
2163 2558 2258 2610 καὶ
2296 2555 2531 2627 οὐδαμοῦ
2563 2555 2776 2625 φθόνος,
2828 2554 3066 2624 οὐδαμοῦ
3107 2553 3394 2624 βασκανία·
3464 2551 3695 2615 Ἀκύλας

2031 2645 2293 2710 διδάσκει,
2325 2645 2523 2715 μᾶλλον
2549 2645 2605 2697 δέ
2630 2643 2724 2697 καὶ
2755 2636 2911 2706 οὗτος
2940 2643 3272 2696 διδάσκεται.
3299 2642 3407 2695 Καὶ
3436 2641 3542 2714 γάρ
3569 2640 3694 2710 χρό-

2031 2751 2120 2785 νον
2148 2732 2296 2803 αὐτῷ
2321 2731 2704 2801 συγγενόμενοι
2744 2728 2915 2794 οὕτως
2965 2729 3334 2800 ἐδιδάχθησαν,
3363 2728 3438 2791 ώς
3475 2728 3568 2781 καὶ
3611 2727 3697 2780 ἄ).-

2031 2814 2156 2877 λους
2186 2816 2404 2878 ἱκανοὺς
2457 2810 2597 2868 εἶναι
2639 2812 2932 2868 διδάσκειν.
2986 2811 3358 2881 Βουλομένου
3391 2810 3460 2863 δὲ
3508 2809 3694 2863 αὐτοῦ

2029 2900 2307 2963 διελθεῖν,
2342 2901 2528 2972 φησὶν,
2557 2903 2644 2965 είς
2670 2898 2784 2967 τὴν
2823 2900 3076 2968 Ἀχαΐαν,
3118 2897 3361 2970 ἔγραψαν
3382 2899 3493 2960 τοῖς
3520 2895 3697 2966 μαθη-

2030 2993 2151 3054 ταῖς
2173 2991 2539 3056 ἀποδέξασθαι
2558 2989 2743 3044 αὐτόν.
2775 2989 2932 3053 Τίνος
2969 2988 3154 3043 ἕνεκεν
3209 2987 3511 3059 γράμματα
3555 2985 3696 3056 πέμ-

2032 3096 2246 3144 πουσιν,
2315 3077 2627 3150 ἐρμηνεύει·
2659 3077 2824 3145 Ἵνα,
2863 3077 3051 3147 φησὶν,
3113 3075 3298 3131 αὐτὸν
3352 3072 3696 3138 ἀποδέξων-

2032 3181 2123 3218 ται
2131 3203 2145 3218 ο

2103 3364 2208 3418 Καὶ
2236 3362 2398 3416 πόθεν
2416 3362 2572 3433 δῆλον
2589 3361 2830 3423 ἐκείνους
2848 3363 2903 3412 ἐν
2919 3359 3127 3430 Ἐφέσῳ
3146 3359 3304 3421 ὄντας
3331 3357 3394 3411 τὸ
3412 3357 3693 3428 βάπτισμα

2028 3454 2171 3524 ἔχειν
2206 3453 2484 3515 Ἰωάννου;
2511 3451 2633 3503 Ὅτι
2655 3447 3017 3520 ἐρωτώμενοι,
3041 3449 3143 3513 Είς
3173 3447 3233 3499 τί
3266 3445 3691 3512 ἐϐαπτίσθητες

2029 3548 2132 3608 Είς
2155 3543 2220 3595 τὸ
2244 3539 2538 3604 Ἰωάννου,
2567 3536 3323 3608 λέγουσι,βάπτισμα.’1σως
3344 3533 3694 3604 ἐπεδήμησαν

2026 3637 2136 3698 τοῖς
2170 3631 2561 3702 Ἰεροσολύμοις
2587 3631 2731 3693 τότε,
2763 3627 2858 3682 καὶ
2887 3627 3152 3698 ἀπῆλθον,
3189 3627 3282 3680 καὶ
3309 3625 3689 3680 ἐϐαπτίσαντο·

2025 3721 2284 3775 warm
2320 3719 2726 3789 βαπτισθέντες,
2754 3717 2844 3770 τὸν
2881 3715 3086 3787 Ἰησοῦν
3115 3717 3214 3768 οὐκ
3236 3715 3554 3783 ἠπίσταντο.
3585 3713 3694 3765 Καὶ

2025 3811 2085 3861 οὐ
2115 3808 2264 3877 λέγει
2303 3809 2515 3870 αὐτοῖς·
2553 3804 2841 3858 Πιστεύετε
2875 3805 2955 3866 εἰς
2980 3803 3071 3856 τὸν
3113 3801 3357 3873 Ἰησοῦνς
3417 3799 3552 3853 ἀλλὰ
3598 3799 3690 3866 τί;

2022 3898 2090 3948 El
2129 3895 2372 3963 Πνεῦμα
2406 3893 2576 3962 ἅγιον
2606 3891 2886 3954 ἐλάϐετε;
2941 3891 3056 3960 ᾔδει
3087 3888 3216 3958 γάρ,
3259 3888 3342 3940 ὅτι
3373 3888 3474 3940 οὐκ
3525 3882 3688 3956 εἶχον.

2026 3981 2137 4034 Καὶ
2167 3979 2413 4052 βούλεται
2441 3978 2635 4041 αὐτοὺς
2659 3977 2854 4040 εἰπεῖν,
2898 3975 2984 4028 ἵνα
3038 3974 3300 4045 μαθόντες
3353 3965 3427 4026 ὧν
3461 3972 3692 4026 ἀπεστέ-

2029 4085 2242 4140 ρηνται,
2303 4068 2588 4136 αἰτήσωσι.
2624 4063 2733 4118 Καὶ
2773 4062 3081 4127 ἐπιθέντος
3128 4059 3351 4126 αὐτοῖς,
3399 4060 3551 4130 φησὶ,
3585 4059 3690 4125 τὰς

2024 4157 2227 4227 χεζοας
2264 4154 2371 4209 τοῦ
2417 4155 2684 4215 Παύλου,
2723 4146 2871 4221 ἦλθε
2898 4151 2962 4203 τὸ
2991 4149 3235 4219 Πνεῦμα
3281 4147 3348 4202 τὸ
3388 4147 3556 4218 ἅγιον
3595 4148 3687 4201 ἐπ’

2024 4244 2268 4310 αὐτοὺς,
2312 4243 2410 4297 καί
2439 4242 2703 4297 ἐλάλουν
2750 4238 3079 4310 γλώσσαις,
3106 4238 3204 4292 καί
3256 4229 3687 4306 προεφήτευον.

2038 4332 2158 4387 Ἀπ’
2189 4329 2351 4384 αὐτοῦ
2378 4330 2471 4382 τοῦ
2501 4329 2875 4400 βαπτίσματος
2903 4324 3325 4396 προφητεύουσι.
3357 4323 3528 4376 Τοῦτο
3548 4323 3602 4376 δέ
3630 4323 3690 4377 τὸ

2037 4420 2285 4474 Ἰωάννου
2321 4418 2600 4490 βάπτισμα
2629 4417 2729 4470 οὐκ
2761 4411 2894 4486 εἷχε·
2931 4415 3010 4468 διὸ
3052 4415 3147 4468 καὶ⁸
3196 4412 3383 4477 ἀτελὲς
3424 4407 3512 4483 ἦν.
3573 4411 3690 4466 Ἵνα

2023 4509 2080 4563 δὲ
2105 4507 2212 4561 τῶν
2239 4505 2494 4560 τοιούτων
2521 4503 2815 4570 ἀξιωθῶσι,
2844 4501 3334 4574 προπαρεσκεύαξε
3362 4499 3562 4571 μᾶλλον
3587 4499 3688 4554 αὐ-

2023 4596 2169 4660 τούς.
2195 4595 2355 4648 Ὥστε
2379 4593 2538 4647 τοῦτο
2564 4591 2814 4645 ἐϐούλετο
2855 4591 3108 4662 Ἰωάννης
3143 4588 3440 4659 βαπτίζων,
3471 4585 3689 4638 πιστεῦ-

2025 4701 2118 4737 σαι
2139 4683 2218 4747 εἰς
2246 4682 2338 4737 τὸν
2363 4681 2656 4754 ἐρχόμενον
2684 4679 2800 4751 μετ’
2840 4678 3025 4732 αὐτόν.
3090 4675 3369 4730 Ἐντεῦθεν
3416 4672 3696 4737 δείκνυται,

2023 4771 2200 4842 δόγμα
2237 4769 2399 4840 μέγα,
2429 4769 2510 4822 ὅτι
2556 4768 2777 4830 τελείως
2823 4765 3176 4835 καθαίρονται
3215 4761 3323 4814 τῶν
3353 4759 3686 4830 ἀμαρτημά·

2022 4877 2132 4913 των
2183 4858 2232 4911 οἱ
2283 4854 2689 4927 βαπτιζόμενοι.
2724 4854 2787 4906 El
2828 4852 2904 4923 μὴ
2936 4852 3044 4922 γὰρ
3077 4847 3450 4918 ἐκαθαίροντο,
3481 4846 3580 4899 οὐκ
3619 4845 3686 4900 ἂν

2023 4947 2085 4998 τὸ
2139 4943 2362 5014 Πνεῦμα
2424 4942 2670 5012 ἐδέχοντο
2700 4934 2866 5001 οὗτοι,
2903 4938 3001 4990 οὐκ
3047 4937 3112 4990 ἂν
3145 4933 3498 5006 χαρισμάτων
3525 4932 3686 4996 εὐθὺς

2022 5031 2291 5103 ἠξιοῦντο.
2335 5029 2443 5083 Καὶ
2473 5030 2598 5100 ὅρα,
2659 5029 2739 5081 ὅτι
2790 5022 3010 5078 διπλοῦν
3046 5022 3107 5074 τὸ
3166 5021 3410 5092 χάρισμα
3455 5015 3546 5091 ἦν’
3592 5019 3685 5073 καὶ

2023 5121 2265 5191 γλῶσσαι
2295 5120 2386 5172 καὶ
2410 5118 2755 5189 προφητεῖαι.
2787 5111 2982 5174 Καλῶς
3013 5111 3069 5164 δὲ
3120 5103 3239 5162 εἷπε
3279 5107 3558 5178 βάπτισμα
3591 5124 3685 5177 με-

2021 5208 2238 5271 τανοίας
2257 5207 2316 5260 τὸ
2355 5206 2622 5266 Ἰωάννου,
2677 5202 2769 5255 καὶ⁵
2796 5201 2896 5253 οὐκ
2921 5200 3193 5269 ἀφέσεως,
3227 5197 3448 5265 ἀνάγων
3490 5195 3685 5258 αὐτοὺς

2023 5297 2118 5350 κοιλ⁸
2142 5294 2364 5357 πείθων,
2387 5293 2468 5345 ὃτι
2493 5289 2682 5343 τούτου
2721 5288 2924 5360 ἔρημον
2951 5281 3019 5358 ἦν
3048 5289 3240 5340 ἐκεῖνο·
3275 5283 3369 5338 τοῦ
3393 5283 3502 5352 γὰρ
3525 5281 3684 5335 ὔστε-

2024 5401 2117 5456 ρον
2145 5381 2392 5443 δοθέντος
2423 5379 2632 5450 ἐργονὴ
2662 5379 2853 5446 ἄφεσις
2884 5375 3092 5443 γέγονε.
3146 5374 3254 5428 Καὶ
3289 5372 3403 5435 πῶς
3423 5373 3472 5424 οἱ
3493 5369 3684 5422 λαϐόν-

2019 5489 2111 5535 τες
2138 5471 2200 5524 τὸ
2249 5469 2472 5533 Πνεῦμα
2497 5467 2596 5519 οὐκ
2629 5465 2925 5529 ἐδίδασκον,
2956 5463 3070 5519 ἀλλ’
3109 5460 3378 5522 Ἀπολλὼς
3407 5459 3572 5528 μήπω
3621 5457 3682 5510 τὸ

2022 5559 2244 5628 Πνεῦμα
2281 5555 2492 5620 λαϐών;
2521 5556 2644 5608 Ὅτι
2671 5553 2771 5606 οὐκ
2794 5547 2933 5623 ἦσαν
2964 5549 3104 5603 οὕτω
3130 5546 3362 5612 ζέοντες,
3392 5545 3509 5596 οὐδέ
3547 5561 3678 5596 κατ-

2023 5665 2054 5718 η
2063 5669 2092 5718 χ
2096 5665 2127 5716 η
2136 5646 2302 5717 μένοι·
2319 5646 2521 5705 ἐκεῖνος
2532 5642 2588 5696 δὲ
2611 5640 2705 5696 καὶ
2722 5638 3094 5712 κατηχημένος
3111 5631 3296 5705 ἦν,κα“ι
3310 5633 3510 5703 σφόδρα
3525 5632 3679 5696 ζέων.

2086 5917 2102 5940 ⁸
2125 5917 2280 5964 Locus
2303 5915 2429 5977 apud
2468 5912 2632 5962 Monlf.
2657 5910 2817 5977 aquua
2854 5914 2994 5973 parte
3015 5904 3218 5956 mutilus
3251 5915 3315 5953 ex
3351 5901 3508 5952 tribus
3538 5898 3680 5954 τοίω.

2029 5988 2081 6029 el
2105 5981 2252 6030 Sam.
2280 5975 2540 6027 reSlilulus
2564 5981 2658 6025 est.
2683 5975 2819 6024 Enrr.
