4100 6354
450 272 560 330 285

467 385 620 452 Ἐμοὶ
642 384 700 439 δὲ
719 385 976 452 δοκεῐ,δτι
1000 387 1093 440 καὶ
1115 385 1282 458 πολλὴ
1313 383 1380 459 ῆν
1402 389 1434 458 ἡ
1472 387 1751 458 παρρησία
1786 384 1881 439 τοῦ
1905 383 2114 454 ἀνδρός.

464 469 605 524 Ἀλλ’
617 474 665 525 εί
686 475 780 527 καὶ
797 475 1038 546 ἀκριϐῶς
1057 473 1230 528 ἐλάλει
1249 475 1316 527 τὰ
1333 473 1562 544 περὶτοῦ
1581 473 1774 538 Ἰησοῦ,
1788 473 1936 543 ὅμως
1950 472 2122 525 ἐδεῖτο

455 558 536 612 ἔτι
575 561 972 633 ἀκριϐεστέρας
1019 563 1382 626 διδασκαλίας.
1415 562 1571 616 Οῦτω
1617 561 1794 615 καίτοι
1818 561 1919 613 οὐκ
1964 558 2119 623 είδὼς

458 645 654 712 πάντα,
687 649 796 702 ἀπὸ
831 651 934 720 τῆς
980 652 1286 722 προθυμίας
1313 650 1662 703 ἐπεσπάσατο
1693 648 1753 702 :6
1796 646 2023 719 Πνεῦμα
2063 651 2123 700 :6

454 731 630 800 ἅγιον,
661 737 912 808 καθάπερ
941 739 988 790 οί
1017 741 1144 810 περὶ
1176 740 1496 808 Κορνήλιον.
1524 739 1678 808 Τάχα
1708 735 1895 790 πολλοὶ
1923 734 2122 791 ποθοῦ-

454 836 559 884 σιν,
588 825 636 875 εί
686 825 778 877 καὶ
815 825 910 878 νῦν
934 822 1022 897 ῆν,
1055 827 1114 880 :6
1162 827 1257 880 τοῦ
1316 828 1562 882 Ἰωάννου
1593 826 1894 896 βάπτισμα.
1961 823 2122 877 Ἀλλά

453 907 638 962 πολλοὶ
672 911 738 965 ἂν
757 913 1038 984 ἠμέλησαν
1070 913 1184 984 βίου
1241 914 1518 985 ἐναρέτου,
1559 914 1592 986 ἢ
1623 915 1714 967 καὶ
1740 912 2001 983 ἐνομίσθη
2054 912 2120 966 ἂν

450 996 680 1061 ἕκαστος
710 998 862 1071 [505]
891 1000 979 1054 διὰ
1014 1001 1173 1054 τοῦτο
1205 1015 1254 1062 α,
1292 1003 1385 1055 καὶ
1407 1002 1464 1054 οὐ
1495 1003 1581 1055 διὰ
1632 1001 1908 1070 βασιλείαν
1951 1002 2118 1070 οὐρα-

450 1083 581 1147 νῶν,
617 1085 868 1154 ἐφίεσθαι
896 1087 998 1158 τῆς
1022 1089 1464 1161 ἀρετῆς.”Αλλως
1492 1089 1548 1143 δέ
1576 1089 1760 1142 πολλοὶ
1781 1089 1845 1142 ἂν
1874 1089 2118 1158 ἐγένοντο

447 1170 914 1246 ψευδοπροφῆται,
975 1177 1069 1229 καὶ
1114 1178 1216 1230 οὐκ
1248 1177 1313 1230 ἂν
1342 1176 1526 1230 λοιπὸν
1553 1179 1601 1230 οἱ
1654 1177 1870 1246 δόκιμοι
1917 1175 2120 1245 σφόδρα

450 1261 750 1331 ἐφάνησαν,
799 1263 910 1316 οὐδ’
937 1263 1004 1317 ἂν
1037 1263 1491 1335 ἐμακαρίσθησαν
1523 1266 1570 1317 οί
1602 1263 1701 1333 τὴν
1725 1263 1908 1317 πίστιν
1933 1263 2120 1325 ἁπλῶς

447 1348 902 1419 παραδεξάμενοι.
964 1352 1176 1422 Ὥσπερ
1228 1347 1320 1406 οῦν
1351 1354 1416 1405 Οἱ
1461 1351 1547 1420 μὴ
1584 1352 1814 1417 ἰδόντες
1867 1351 1968 1404 καὶ
2023 1366 2119 1402 πι-

447 1437 819 1503 στεύσαντες
870 1439 1169 1507 μακάριοι,
1225 1440 1396 1504 οὕτως
1429 1441 1478 1493 οἱ
1527 1442 1697 1510 χωρὶς
1733 1439 1975 1508 σημείων
2025 1457 2116 1490 πι-

449 1522 749 1588 στεύοντες.
777 1527 910 1579 Είπὲ
938 1527 1002 1597 δή
1043 1545 1155 1597 μοι,
1182 1527 1281 1581 οὐκ
1323 1527 1594 1591 ὀνειδίζων
1634 1527 1904 1589 Ἰουδαίοις
1934 1527 2117 1595 ἔλεγεν

443 1612 472 1665 6
504 1612 758 1683 Χριστός·
811 1614 950 1668 Ἐὰν
967 1614 1054 1684 μὴ
1075 1615 1296 1683 σημεῖα
1327 1615 1511 1683 ἴδητε,
1562 1617 1634 1670 οὐ
1666 1615 1753 1685 μὴ
1784 1617 2117 1684 πιστεύση-

445 1719 544 1767 τε;
575 1703 782 1756 Οὐκοῦν
816 1703 967 1757 οὐδὲν
990 1704 1436 1776 παρεδλάδημεν,
1473 1705 1521 1757 εἰ
1548 1705 1796 1775 θέλοιμεν
1827 1706 2116 1776 προσέχειν

444 1789 680 1853 ἑαυτοῖς.
715 1791 786 1843 Τὸ
815 1792 1108 1860 κεφάλαιον
1139 1793 1332 1862 ἔχομεν
1361 1793 1470 1844 τῶν
1519 1791 1742 1860 ἀγαθῶν
1767 1792 1855 1846 διά
1884 1793 1978 1846 τοῦ
2015 1793 2114 1864 βα-

445 1879 771 1948 πτίσματος·
810 1881 1005 1950 ἄφεσιν
1040 1883 1453 1953 ἁμαρτημάτων
1505 1881 1793 1952 ἐλάϐομεν,
1822 1884 2112 1953 ἀγιασμὸν,

445 1966 763 2036 Πνεύματος
817 1969 1162 2040 μετάληψιν,
1224 1971 1516 2036 υἱοθεσίαν,
1558 1969 1703 2042 ζωὴν
1757 1972 1992 2025 αἰώνιον.
2051 1972 2114 2025 Τί

445 2046 700 2124 βούλεσθε
737 2056 942 2122 πλέον;
1001 2061 1239 2127 σημεῖας
1287 2057 1448 2111 Ἀλλὰ
1501 2061 1877 2130 καταργεῖται.
1927 2059 2114 2114 Πίστιν

445 2139 610 2212 ἔχεις,
636 2143 845 2206 ἐλπίδα,
870 2144 1113 2216 ἀγάπην,
1145 2145 1214 2198 τὰ
1247 2147 1496 2217 μένοντα·
1528 2147 1698 2200 ταῦτα
1742 2148 1913 2217 ζήτει,
1943 2148 2116 2202 ταῦτα

445 2230 687 2298 σημείων
713 2230 905 2301 μείζω.
940 2233 1106 2286 Οὐδὲν
1136 2234 1357 2305 ἀγάπης
1381 2234 1515 2288 ἴσον·
1547 2234 1770 2296 Μείζων
1810 2237 2052 2290 πάντων
2075 2238 2112 2306 ὴ

442 2317 668 2387 ἀγάπη,
705 2320 859 2390 φησί.
899 2321 1014 2375 Νῦν
1043 2322 1156 2394 δέή
1216 2324 1402 2395 ἀγάπη
1456 2325 1769 2378 κινδυνεύειο
1806 2326 1974 2396 ὄνομα
2006 2327 2114 2398 γὰρ

443 2406 615 2478 αὐτῆς
644 2409 1030 2464 ὑπολέλειπται
1084 2412 1266 2482 μόνον,
1295 2412 1357 2466 :6
1398 2413 1456 2466 δὲ
1484 2413 1646 2486 ἔργον
1693 2413 1950 2484 οὐδαμοῦ,
1977 2414 2113 2468 ἀλλά

441 2494 527 2567 διῃ
537 2497 601 2567 ρή
611 2497 750 2566 μεθα
777 2499 873 2552 ἀπ’
913 2499 1177 2571 ἀλλήλων.

512 2590 582 2653 γ’.
601 2585 665 2639 Τί
688 2582 780 2638 οὖν
810 2587 876 2640 ἄν
905 2605 990 2651 τις
1008 2589 1306 2660 ἐργάσαιτο
1331 2587 1471 2640 ὥστε
1496 2587 1727 2656 συνάψαι
1750 2605 1763 2651 ;
1795 2588 1854 2640 :6
1883 2589 1980 2659 μὲν
2005 2587 2114 2658 γάρ

442 2672 738 2741 ἐγκαλέσαι
790 2673 1033 2739 εὔκολον,
1067 2676 1203 2730 ἀλλά
1256 2675 1416 2730 τοῦτο
1475 2676 1646 2746 ἥμισύ
1681 2678 1850 2730 ἐστιν.
1905 2676 2114 2730 Οὐκοῦν

441 2763 712 2817 δεικνύναι
736 2766 818 2818 δεῖ
853 2765 971 2828 πῶς
997 2765 1064 2818 ἂν
1103 2765 1399 2837 ἐργασθείη
1445 2765 1616 2836 φιλία·
1648 2765 1807 2818 τοῦτο
1838 2766 1947 2836 γάρ
1997 2768 2114 2820 ἐστι

441 2854 504 2906 :6
539 2853 994 2925 σπουδαζόμενον,
1027 2855 1143 2918 πῶς
1173 2856 1243 2908 τά
1285 2856 1423 2925 μέλη
1466 2855 1536 2908 τά
1561 2855 1937 2924 διεσπασμένα
1993 2872 2115 2908 συν-

443 2942 765 3011 ἀγάγωμεν.
803 2943 877 2996 Οὐ
922 2942 1031 3014 γάρ
1063 2942 1221 2996 τοῦτό
1257 2945 1375 2997 ἐστι
1423 2943 1483 2996 :6
1534 2942 1864 3014 ζητούμενον
1907 2937 2113 3008 ἁπλῶς,

443 3031 492 3082 εί
528 3030 657 3100 μίαν
698 3030 1025 3102 Ἐκκλησίαν
1063 3030 1278 3102 ἔχομεν,
1320 3031 1352 3102 ἦ
1403 3030 1461 3084 ἓν
1493 3031 1672 3101 δόγμα
1701 3049 1714 3062 '
1747 3031 1882 3085 άλλά
1915 3032 1978 3085 :6
2005 3032 2113 3085 δει-

443 3118 533 3171 νὸν
563 3117 721 3172 τοῦτό
773 3121 954 3184 ἐστιν,
1005 3120 1085 3173 ὃτι
1141 3122 1198 3172 ἐν
1242 3123 1355 3184 τοῖς
1392 3119 1573 3182 ἄλλοις
1607 3119 1988 3183 κοινωνοῦντες
2017 3121 2115 3174 ἀλ-

443 3206 648 3277 λήλοις,
697 3208 754 3262 ἐν
801 3210 914 3272 τοῖς
966 3208 1285 3277 ἀναγκαίοις
1327 3209 1388 3262 οὐ
1419 3207 1806 3278 κοινωνοῦμεν.
1844 3210 1938 3262 καὶ
1978 3209 2115 3279 μετὰ

445 3296 663 3350 πάντων
718 3296 1089 3368 εἰρηνεύοντες
1118 3338 1133 3364 ,
1181 3297 1238 3349 ἐν
1281 3297 1529 3368 ἀλλήλοις
1586 3298 1970 3366 στασιάζομεν.
2023 3297 2113 3368 Μὴ

442 3385 574 3456 γὰρ,
608 3387 658 3438 εί
688 3385 762 3456 μὴ
789 3385 966 3455 μάχας
997 3383 1119 3439 καθ’
1141 3385 1376 3456 ἑκάστην
1419 3386 1700 3454 ποιοῦμεν,
1756 3386 1967 3450 σκόπει,
1999 3386 2113 3438 ἀλλ’

444 3473 527 3523 ὃτι
585 3471 706 3524 οὐδὲ
741 3471 960 3539 ἀγάπην
1017 3471 1244 3539 γνησίαν
1279 3472 1473 3542 ἔχομεν
1505 3473 1598 3524 καὶ
1644 3471 1857 3539 ἀκλινῆ.
1902 3471 2112 3524 Ἐπιδέ-

448 3575 601 3628 σμων
643 3558 800 3633 χρεία
854 3560 949 3611 καὶ
1000 3557 1200 3611 ἐλαίου.
1246 3560 1639 3629 Ἐννοήσωμεν,
1694 3559 1777 3612 ὅτι
1828 3559 2116 3630 γνώρισμά

445 3648 593 3698 ἐστιν
619 3647 652 3716 ἡ
677 3645 864 3718 ἀγάπη
891 3646 1000 3699 τῶν
1033 3646 1290 3717 μαθητῶν
1337 3646 1430 3700 τοῦ
1478 3647 1737 3719 Χριστοῦ,
1774 3649 1856 3701 δτι
1911 3647 2114 3718 ταύτης

445 3736 617 3808 χωρὶς
639 3735 792 3788 οὐδὲν
833 3735 1005 3804 ἰσχύει
1042 3735 1111 3787 τὰ
1144 3735 1296 3790 ἄλλα·
1330 3736 1411 3788 ὅτι
1466 3735 1666 3789 άπονόν
1709 3738 1824 3789 ἐστι
1859 3737 2113 3807 πρᾶγμα,

446 3824 540 3878 ἐὰν
571 3825 833 3896 θέλωμεν.
892 3824 1018 3890 Ναὶ,
1075 3827 1260 3893 φησὶν,
1292 3823 1514 3894 οἴδαμεν
1560 3825 1752 3884 ταῦτα,
1790 3825 1923 3878 ἀλλά
1973 3825 2113 3892 πῶς,

448 3915 535 3970 ἴνα
572 3913 930 3983 κατορθωθῇ;
990 3913 1080 3976 Τί,
1108 3913 1194 3966 ἴνα
1221 3915 1485 3984 γένηται;
1539 3913 1678 3977 πῶς,
1730 3914 1818 3967 ἵνα
1873 3913 2115 3984 φιλῶμεν

446 4002 742 4072 ἁλλήλους;
784 4001 1058 4073 Πρότερον
1087 3999 1154 4054 τὰ
1187 4001 1506 4072 ἀναιρετικά
1538 4004 1637 4070 τῆς
1674 4002 1896 4072 ἀγάπης
1923 4000 2116 4066 ἐξέλω-

449 4108 569 4164 μεν,
599 4091 693 4144 καὶ
719 4091 840 4142 τότε
866 4091 1136 4161 στήσομεν
1166 4089 1389 4157 ταύτην.
1423 4089 1629 4159 Μηδεὶς
1682 4088 1822 4142 ἔστω
1851 4089 2118 4159 μνησίκα-

448 4194 564 4241 κος,
596 4177 780 4249 μηδεὶς
802 4177 944 4229 ἔστω
975 4176 1263 4246 βάσκανος,
1312 4176 1503 4246 μηδεὶς
1556 4177 1906 4246 χαιρέκακος·
1940 4175 2116 4229 ταῦτά

447 4267 564 4321 ἐστι
615 4265 682 4317 τὰ
722 4263 1035 4317 κωλυτικά·
1068 4263 1136 4318 τά
1180 4263 1236 4316 δὲ
1286 4261 1547 4333 ποιητικά
1593 4262 1774 4333 ἕτερα.
1816 4263 1930 4316 Οὐκ
1957 4263 2118 4332 ἀρκεῖ

447 4353 517 4410 τὰ
549 4351 827 4405 κωλύοντα
880 4351 1111 4414 ἀνελεῖν,
1170 4349 1307 4403 ἀλλὰ.
1350 4351 1444 4403 καὶ
1469 4349 1538 4402 τά
1590 4349 1819 4403 ἱστῶντα
1852 4351 1957 4421 χρὴ
1983 4352 2117 4404 ὑπο-

447 4439 743 4495 δεικνύναι.
785 4440 844 4493 Ὀ
903 4439 1002 4510 μὲν
1056 4434 1148 4493 οὖν
1210 4438 1380 4510 Σιράχ
1436 4438 1583 4507 λέγει
1637 4437 1704 4492 τὰ
1754 4439 2113 4511 ἀναιρετικά,

451 4531 546 4582 καὶ
594 4529 694 4582 οὐκ
738 4528 819 4581 ἐτι
866 4529 932 4581 τά
981 4528 1357 4589 συνάπτοντα,
1393 4527 1699 4597 ὀνειδισμὸν
1750 4528 1977 4596 φάσκων
2021 4532 2116 4583 καὶ

455 4615 754 4691 μυστηρίου
813 4614 1156 4683 ἀποκάλυψιν
1187 4613 1279 4667 καὶ
1335 4613 1547 4685 πληγὴν
1579 4615 1778 4668 δολίαν.
1849 4616 1988 4668 Ἀλλ’
2028 4618 2114 4671 ἐπ’

403 4696 409 4702 ’
451 4703 674 4758 ἐκείνων
695 4703 792 4773 μὲν
808 4703 1032 4766 εἰκότως
1052 4702 1243 4763 ταῦτα,
1261 4703 1354 4756 ἆτε
1369 4703 1642 4772 σαρκικῶν
1655 4705 1842 4759 ὄντων·
1861 4707 1944 4774 ἐφ’
1957 4709 1988 4776 ὴ
2001 4707 2115 4772 μῶν

451 4792 504 4845 δέ
532 4791 606 4864 μὴ
633 4791 858 4858 γένοιτο’
889 4791 988 4844 οὐκ
1012 4790 1120 4845 ἀπὸ
1151 4790 1355 4843 τούτων
1379 4791 1521 4860 ὑμᾶς
1549 4792 1832 4863 ἐνάγομεν,
1859 4793 1974 4847 ἀλλ’
2008 4795 2116 4848 ἀπὸ

451 4879 558 4934 τῶν
585 4879 776 4932 ἄλλων.
801 4879 965 4933 Οὐδὲν
995 4880 1126 4946 ἡμῖν
1147 4879 1262 4930 ἐστι
1283 4879 1516 4948 χρηστὸν
1541 4880 1721 4948 φιλίας
1738 4881 2116 4951 χωρίς.Ἔστω

457 4969 626 5040 μυρία
672 4967 873 5035 ἀγαθά,
929 4966 1064 5024 ἀλλὰ
1094 4967 1146 5018 τί
1174 4967 1232 5019 :6
1260 4967 1483 5034 ὄφελος
1515 4966 1655 5019 ἔστω
1699 4967 1940 5032 πλοῦτος.
1979 4969 2118 5023 ἔστω

455 5055 635 5126 τρυφὴ
681 5057 848 5124 φίλων
876 5056 1045 5129 χωρὶς
1081 5056 1129 5120 ι),
1157 5055 1291 5109 ἀλλὰ
1317 5055 1371 5108 τί
1396 5055 1457 5108 τὸ
1487 5055 1676 5126 κέρδος
1699 5073 1714 5121 ;
1746 5057 1909 5110 Οὐδὲν
1932 5059 2118 5128 κτῆμα

453 5143 644 5195 τούτου
673 5142 889 5215 κάλλιον
912 5142 1006 5195 καὶ
1037 5145 1092 5194 ἐν
1112 5147 1223 5208 τοῖς
1257 5143 1530 5212 βιωτικοῖς
1554 5145 1894 5214 πράγμασιν,
1931 5145 2117 5218 ὥσπερ

454 5227 548 5283 οὖν
601 5229 708 5280 τῶν
747 5230 1137 5299 ἐχθραινόντων
1171 5230 1319 5283 οὐδὲν
1345 5231 1741 5302 χαλεπώτερον.
1772 5231 1988 5302 Ἀγὰπη
2023 5251 2121 5286 κα-

455 5317 666 5372 λύπτει
695 5313 921 5381 πλῆθος
944 5316 1389 5386 ἁμαρτημάτων-ο
1424 5320 1457 5388 ἠ
1479 5317 1532 5368 δὲ
1571 5316 1740 5389 ἔχθρα
1788 5319 1879 5371 καὶ
1903 5318 1970 5371 τὰ
2020 5320 2120 5371 οὐκ

457 5405 586 5456 ὄντα
620 5402 937 5458 ὑποπτεύει.
970 5406 1082 5457 Οὐκ
1114 5406 1275 5474 ἀρκεῖ
1315 5403 1388 5474 μὴ
1435 5400 1570 5457 εἶναι
1605 5405 1818 5476 ἐχθρὸν,
1871 5406 2005 5458 ἀλλὰ
2043 5407 2122 5458 δεῖ

459 5492 551 5547 καὶ
598 5489 751 5563 [506]
806 5492 998 5558 φιλεῖν.
1044 5491 1344 5561 Ἐννόησον,
1383 5493 1463 5544 ὅτι
1515 5494 1542 5544 ὁ
1580 5492 1812 5562 Χριστὸς
1846 5493 2119 5555 ἐκέλευσε,

460 5581 552 5632 καὶ
573 5579 732 5651 ἀρκεῖ
750 5577 927 5633 τοῦτο.
961 5581 1073 5636 Καὶ
1099 5578 1275 5647 θλῖψις
1305 5582 1450 5632 ποιεῖ
1490 5580 1691 5647 φιλίας.
1728 5580 1822 5632 καὶ
1879 5582 2119 5647 συνάγει.

461 5667 524 5718 Τί
554 5662 666 5726 οὖν,
699 5667 850 5736 φησὶ,
884 5665 994 5723 νῦν,
1031 5667 1116 5716 ὅτε
1147 5664 1320 5734 θλῖψις
1344 5666 1441 5716 οὐκ
1465 5665 1644 5732 ἐστιν;
1682 5666 1823 5728 εἰπὲ,
1848 5666 1985 5730 πῶς,
2037 5667 2123 5718 ἵνα

525 5869 540 5889 ⁸
568 5869 769 5933 Quidam
791 5884 906 5919 mss.
935 5871 1152 5933 ἐναρέτου
1177 5883 1187 5894 ⁸
1231 5871 1318 5917 κᾶν
1356 5873 1576 5932 ἐνομίσθη
1601 5873 1815 5928 ἕκαστος.
1853 5873 1940 5921 Διά
1964 5871 2123 5921 τοῦτο,

463 5931 491 5975 δ
520 5932 721 5992 Quidam
762 5947 898 5994 ωειλ,
921 5931 1067 5997 τρυφὴ
1117 5933 1265 5997 φιλέας
1287 5931 1451 6000 χωρίς,

1231 277 1290 332 S.
1333 275 1619 332 JOANNIS
1649 273 2137 334 CHRYSOSTOMI
2178 275 2496 333 AHCHIEP.
2536 279 3081 338 CONSTANTINOP.

3781 281 3889 333 286

2226 384 2510 457 γενώμεθα
2536 390 2712 458 φίλοι;
2755 393 2868 444 οὐκ
2913 393 3064 462 ἔχετε
3099 388 3284 459 φίλους
3342 389 3553 451 ἄλλους.
3604 393 3724 446 εἶπέ
3766 413 3892 463 μῡες

2229 472 2344 535 πῶς
2372 475 2550 528 αὐτῶν
2602 479 2726 530 ἐστε
2763 478 2940 546 φίλοις
3005 478 3122 540 πῶς
3151 477 3467 546 διαμένετε;
3503 478 3653 542 Τέως
3703 482 3894 549 μηδεὶς

2230 560 2434 629 μηδένα
2490 563 2684 634 ἐχθρὸν
2734 565 2921 635 ἐχέτω·
2962 566 3061 619 οὐκ
3093 565 3207 618 ἐπι
3261 565 3419 618 τοῦτο
3451 566 3666 636 μικρόνο
3705 567 3894 637 μηδεὶς

2224 647 2509 715 φθονείτω*
2541 653 2642 704 οὐκ
2663 652 2740 706 ἔνι
2769 653 2861 706 τὸν
2888 655 2962 725 μὴ
2998 653 3296 724 φθονοῦντα
3343 657 3692 725 κατηγορεῖν.
3746 655 3892 708 Μίαν

2221 735 2479 807 οἰκοῦμεν
2528 739 2856 810 οἰκουμένην
2895 743 3153 807 ἅπαντες,
3206 743 3318 804 τοῖς
3361 742 3543 802 αὐτοῖς
3579 742 3893 812 τρεφόμεθα

2221 825 2472 893 καρποῖς.
2523 825 2682 880 Ἀλλά
2713 826 2885 880 ταῦτα
2922 829 3113 898 μικρά*
3161 829 3274 890 τοῖς
3304 827 3488 890 αὐτοῖς
3545 829 3888 897 μυστηρίοις,

2218 909 2319 980 τῆς
2373 909 2542 983 αὐτῆς
2595 919 2969 984 πνευματικῆς
3022 915 3228 984 τροφῆς
3278 914 3642 984 ἀπολαύομεν.
3701 915 3893 968 Ταῦτα

2221 996 2392 1067 δήπου
2432 1001 2548 1053 ἐστ)⁸
2600 1000 2943 1072 δικαιώματα
2989 1001 3082 1054 τοῦ
3135 1001 3326 1068 φιλεῖν,
3366 1002 3486 1066 Πῶς
3524 999 3614 1056 οῦν
3669 1002 3891 1072 θερμῶς

2219 1083 2624 1156 διακεισόμεθα,
2659 1090 2824 1160 φησί;
2857 1089 2921 1142 Τί
2962 1091 3104 1142 ποιεῖ
3162 1089 3430 1159 σωμάτων
3472 1091 3684 1160 ἒρωτα;
3736 1091 3893 1159 Λαμ-

2219 1174 2426 1244 πρότης
2473 1173 2744 1244 σώματος.
2781 1175 2988 1229 Οὐκοῦν
3023 1177 3116 1230 καὶ
3165 1177 3262 1240 τάς
3294 1176 3470 1247 ψυχὰς
3501 1177 3671 1240 καλὰς
3719 1180 3891 1249 ἐργα-

2219 1261 2462 1331 σώμεθα,
2499 1264 2594 1315 καὶ
2637 1263 2873 1333 ἐσόμεθα
2926 1263 3178 1334 ἀλλήλοις
3207 1265 3524 1334 ἐπέραστον
3556 1266 3616 1318 οὐ
3671 1265 3781 1334 γάρ
3825 1265 3890 1332 δὴ

2219 1350 2395 1418 φιλεῖν
2416 1353 2496 1404 δεῖ
2531 1351 2711 1423 μόνον,
2733 1352 2867 1406 ἀλλά
2894 1353 2989 1406 καὶ
3021 1353 3311 1422 φιλεῖσθαι.
3339 1353 3559 1419 Πρῶτον
3579 1353 3738 1406 τοῦτο
3765 1372 3893 1406 κατ·

2217 1438 2569 1510 ορθώσωμεν,
2597 1439 2736 1493 ὥστε
2796 1440 3088 1508 φιλεῖσθαι,
3122 1441 3217 1494 καὶ
3263 1442 3440 1493 ἐκεῖνο
3469 1439 3690 1493 εὔκολον
3712 1440 3888 1494 ἔσται.

2219 1525 2344 1590 Πῶς
2365 1522 2456 1580 οῦν
2477 1526 2628 1580 ἔσται
2651 1529 2737 1581 ῖνα
2764 1528 3078 1598 φιλιῦμεθα;
3105 1527 3394 1598 Γενώμεθα
3418 1528 3590 1587 καλοὶ,
3615 1528 3895 1582 καὶτοῦτο

2216 1613 2599 1684 ἐργαζώμεθα,
2633 1615 2772 1668 ὥστε
2814 1615 3050 1685 ἐραστάς
3091 1615 3232 1686 ἔχειν
3261 1618 3362 1670 ἀεί.
3418 1616 3622 1686 Μηδεὶς
3657 1617 3891 1670 σπουδα-

2218 1702 2356 1767 ζέτω
2378 1703 2450 1774 μὴ
2489 1705 2743 1774 χρήματα
2782 1704 3036 1764 κτᾶσθαι,
3095 1703 3168 1775 μὴ
3200 1705 3527 1773 ἀνδράποδα,
3559 1706 3632 1774 μὴ
3687 1706 3890 1768 οἰκίας,

2217 1791 2293 1853 ῶς
2323 1791 2384 1844 :6
2418 1791 2708 1859 φιλεῖσθαι,
2767 1791 2841 1854 ῶς
2879 1791 3053 1860 ὄνομα
3107 1793 3345 1863 χρηστὸν
3398 1792 3558 1862 ἔχειν.
3609 1793 3893 1861 Κρεῖττσν

2218 1877 2426 1946 ὄνομα,
2475 1879 2512 1946 ἢ
2541 1878 2804 1945 πλοῦτος
2855 1879 3073 1940 πολύς.
3116 1880 3188 1933 Τὸ
3218 1880 3315 1950 μὲν
3363 1881 3473 1952 γάρ
3532 1880 3704 1951 μένει.
3756 1882 3784 1932 6
3829 1881 3888 1933 δὲ

2216 1965 2534 2019 ἀπόλλυται·
2594 1965 2688 2019 καὶ
2742 1966 2800 2018 :6
2839 1966 2938 2036 μὲν
2972 1967 3196 2020 δυνατὸν
3231 1968 3561 2037 κτήσασθαι,
3603 1970 3779 2020 ἐκεῖνο
3827 1969 3886 2020 δὲ

2215 2054 2496 2107 ἀδύνατον.
2540 2054 2596 2107 '0
2626 2054 2725 2124 μὲν
2753 2054 2861 2125 γὰρ
2907 2056 3148 2126 πονηρὰν
3184 2055 3341 2120 δόξαν
3367 2055 3567 2119 λαϐὼν,
3613 2057 3890 2119 δυσκόλως

2215 2141 2382 2212 αὐτὴν
2409 2141 2762 2212 ἁποθήσεταιο
2791 2145 2818 2195 6
2850 2142 2905 2194 δέ
2930 2143 3095 2212 πένης
3128 2144 3338 2212 ταχέως
3370 2143 3476 2195 ἀπὸ
3504 2143 3597 2195 τοῦ
3625 2145 3892 2213 ὀνόματος

2215 2230 2367 2284 ἔσται
2391 2229 2664 2293 πλούσιος.
2701 2230 2882 2282 Ἔστω
2906 2247 2988 2292 τις
3020 2229 3187 2300 μυρία
3219 2230 3455 2282 τάλαντα
3475 2229 3634 2300 ἔχων,
3664 2233 3692 2284 6
3717 2232 3774 2284 δὲ
3796 2233 3890 2299 φίο

2215 2319 2339 2384 λους
2393 2320 2607 2374 ἐκατόν’
2666 2315 2821 2383 οὗτος
2853 2319 3064 2372 ἐκείνου
3112 2320 3510 2389 εὐπορώτερος.
3565 2320 3653 2389 Μὴ
3708 2320 3891 2372 τοίνυν

2215 2412 2401 2475 ἁπλῶς
2429 2411 2587 2464 τοῦτο
2622 2410 2888 2480 ποιῶμεν,
2913 2408 3029 2462 ἀλλ’
3065 2408 3424 2480 ἐργαζώμεθα
3486 2409 3562 2471 ὡς
3625 2409 3890 2478 εὐπορίαν

2217 2500 2342 2554 τινά
2363 2511 2410 2554 ο.
2427 2501 2536 2552 Καὶ
2559 2498 2675 2562 πῶς
2701 2497 3000 2566 δυνάμεθα,
3021 2496 3153 2566 φησί
3174 2515 3187 2562 ;
3218 2495 3460 2565 Aciper
3477 2495 3710 2565 γλυκὺς
3734 2500 3892 2562 πλη-

2214 2593 2380 2646 θύνει
2409 2593 2626 2660 φίλους
2656 2589 2862 2653 αὑτοῦ,
2892 2589 2988 2642 καὶ
3012 2588 3263 2658 γλῶσσα
3295 2586 3676 2655 εὐχάριστός.
3705 2587 3890 2656 Στόμα

2214 2679 2459 2750 εὔφημον
2515 2678 2867 2748 κτησώμεθα,
2902 2677 2998 2730 καὶ
3027 2677 3262 2748 τρόπους
3311 2675 3606 2747 καθαρούς.
3662 2673 3779 2728 Οὐκ
3810 2674 3889 2727 ἔνι

2214 2767 2396 2821 λαθεῖν
2434 2767 2524 2820 τὸν
2552 2767 2694 2820 οὕτω
2726 2765 3089 2836 διακείμενον.

2283 2854 2344 2908 δ’.
2367 2856 2509 2926 Ὅρα
2531 2855 2667 2907 πόσα
2695 2856 2744 2906 οἱ
2761 2853 2958 2918 ἔξωθεν
2981 2851 3281 2921 ἐπενόησαν
3304 2850 3511 2919 φιλικὰ,
3544 2851 3888 2915 συντεκνίαν,

2214 2944 2502 3012 γειτονίαν,
2549 2944 2884 3012 συγγενείας.
2931 2943 3090 2996 Ἀλλά
3138 2942 3345 2994 τούτων
3381 2942 3598 2994 πάντων
3632 2941 3702 2993 τὰ
3753 2943 3884 3010 παρ’

2215 3033 2344 3103 ἡμῖν
2377 3029 2597 3100 μείζονα
2617 3047 2631 3061 ο
2663 3031 2695 3100 ή
2720 3027 2966 3099 τράπεζα
3002 3027 3138 3099 αῦτη
3161 3029 3579 3098 αἱδεσιμωτέρα.
3607 3027 3801 3079 Πολλοὶ
3831 3027 3887 3080 δὲ

2213 3120 2322 3172 τῶν
2351 3119 2681 3190 προσιόντων
2725 3117 2844 3169 οὐδὲ
2881 3117 3037 3187 ίσμεν
3068 3116 3352 3182 ἀλλήλους.
3395 3115 3469 3167 Τὸ
3501 3115 3707 3183 πλῆθος
3730 3114 3890 3167 τοῦτο

2215 3209 2377 3270 ποιεῖ,
2421 3205 2605 3276 φησίν.
2651 3204 2934 3274 Οὐδαμῶς,
2983 3203 3097 3256 ἀλλ’
3130 3205 3161 3274 η
3196 3203 3436 3274 ἡμετέρα
3469 3202 3688 3256 νωθεία.
3724 3203 3888 3272 Τρισ-

2215 3296 2372 3366 χίλιοι
2406 3292 2544 3366 ἦσαν
2566 3297 2658 3348 καὶ
2690 3294 3130 3364 πεντακισχίλιοι,
3155 3295 3246 3345 καὶ
3273 3294 3472 3354 πάντες
3527 3288 3672 3360 εἶχον
3709 3293 3890 3363 ψυχὴν

2219 3387 2378 3457 μίαν·
2423 3384 2517 3437 νῦν
2567 3385 2622 3437 δὲ
2657 3385 2885 3446 ἕκαστος
2910 3381 3000 3436 τὸν
3033 3382 3260 3449 ἀδελφὸν
3285 3383 3488 3449 ἀγνοεῖ,
3522 3382 3617 3433 καὶ
3665 3383 3767 3433 οὐκ
3802 3384 3889 3434 al-

2217 3475 2546 3544 σχύνεταιτδ
2577 3473 2775 3542 πλῆθος
2806 3472 3149 3539 αἰτιώμενος.
3196 3469 3252 3522 Ὁ
3291 3470 3471 3539 μέντοι
3527 3468 3755 3531 πολλοὺς
3797 3471 3889 3536 φί-

2215 3561 2338 3624 λους
2385 3561 2541 3630 ἔχων,
2580 3560 2849 3620 ἀνάλωτος
2905 3558 3105 3611 ἅπασίν
3161 3558 3297 3619 ἐστι,
3353 3557 3616 3626 τυράννου
3683 3557 3890 3620 παντὸς

2217 3644 2370 3710 οὗτος
2401 3648 2762 3718 ἰσχυρότερος.
2800 3647 2909 3716 Οὐχ
2941 3645 3115 3706 οῦτως
3145 3646 3350 3697 ἐκεῖνον
3393 3646 3440 3696 οί
3467 3643 3752 3714 δορυφόροι
3791 3663 3889 3710 φυ-

2217 3738 2520 3800 λάττουσιν,
2543 3737 2618 3799 ὼς
2646 3735 2834 3789 τοῦτον
2882 3735 2930 3787 οἱ
2973 3734 3115 3803 φίλοι
3137 3750 3148 3761 ·
3187 3733 3280 3784 καὶ
3300 3731 3680 3802 λαμπρότερος
3730 3726 3891 3794 οὗτος

2215 3827 2444 3882 ἐκείνου.
2489 3826 2548 3879 Ὁ
2583 3825 2681 3894 μὲν
2718 3824 2825 3893 γάρ
2855 3823 3004 3892 παρά
3030 3822 3137 3874 τῶν
3169 3819 3334 3874 αὐτοῦ
3367 3820 3565 3873 δούλων
3617 3819 3888 3886 φυλάττε-

2214 3935 2323 3981 ται,
2355 3917 2383 3969 ὁ
2403 3915 2630 3986 δὲπαρά
2654 3914 2761 3967 τῶν
2793 3911 3068 3984 ὁμοτίμων
3094 3928 3104 3940 ·
3142 3912 3235 3966 καὶ
3265 3913 3293 3964 6
3326 3911 3425 3983 μὲν
3461 3909 3607 3981 παρὰ
3628 3911 3881 3964 ἀκόντων

2215 4007 2309 4060 καὶ
2337 4005 2670 4068 δεδοικότων,
2700 3998 2852 4065 οὗτος
2879 4002 2934 4054 δέ
2968 4000 3120 4071 παρὰ
3148 4001 3404 4065 ἐχόντων,
3438 4001 3527 4053 καὶ
3553 4000 3611 4050 οὐ
3634 3999 3877 4050 δεδοικό-

2215 4113 2322 4149 των
2338 4112 2352 4126 ·
2389 4095 2483 4147 καὶ
2509 4093 2656 4145 ἐστιν
2684 4093 2811 4145 ἰδεῖν
2835 4092 3067 4160 πρᾶγμα
3089 4089 3422 4159 θαυμαστὸν,
3449 4090 3505 4141 ἐν
3527 4087 3731 4149 πολλοῖς
3754 4086 3876 4149 ἕνα,

2217 4182 2311 4234 καὶ
2335 4182 2392 4234 ἐν
2425 4181 2503 4232 ἐνὶ
2535 4178 2784 4240 πολλούς.
2829 4177 2939 4230 Καὶ
2968 4176 3217 4246 καθάπερ
3253 4177 3345 4228 ἐπὶ
3374 4175 3605 4244 κιθάρας
3636 4173 3884 4243 διάφοροι

2219 4268 2316 4338 μέν
2337 4269 2386 4320 οἱ
2411 4267 2657 4335 φθόγγοι.
2687 4265 2784 4336 μία
2809 4265 2866 4318 δὲ
2891 4267 2924 4334 ἡ
2951 4265 3232 4334 συμφωνία
3256 4263 3306 4325 ἀ,
3340 4257 3419 4324 εἷς
3442 4262 3496 4315 δέ
3517 4263 3544 4313 6
3571 4261 3825 4330 μουσικὸς
3857 4263 3888 4315 6

2214 4357 2314 4426 τὴν
2346 4353 2577 4426 κιθάραν
2607 4353 2998 4424 μεταχειρίζων
3023 4367 3037 4382 ο
3068 4351 3237 4415 οῦτως
3265 4349 3517 4413 ἐνταῦθα,
3547 4348 3749 4418 κιθάρα
3786 4349 3888 4418 μὲν

2217 4445 2360 4498 ἔστιν
2392 4444 2528 4516 αὐτὴ
2555 4446 2586 4514 ἡ
2619 4442 2828 4510 ἀγάπη,
2859 4439 3086 4510 φθόγγοι
3111 4441 3166 4493 δὲ
3198 4439 3455 4509 ἠχοῦντες
3483 4437 3550 4490 τά
3575 4437 3639 4489 δι’
3660 4436 3890 4506 ἀγάπης

2217 4533 2600 4606 προφερόμενα
2633 4534 2854 4602 ῥήματα
2882 4528 3092 4598 φιλικὰ,
3128 4528 3254 4598 μίαν
3277 4529 3371 4579 καὶ
3400 4527 3500 4596 τὴν
3517 4524 3685 4595 αὐτὴν
3710 4525 3888 4577 ἅπαν-

2215 4641 2306 4686 τες
2329 4622 2578 4691 ἀφιέντες
2607 4619 2870 4692 ἁρμονίαν
2905 4618 3000 4671 καὶ
3033 4615 3350 4688 συμφωνίαν
3369 4631 3382 4646 ⁶
3431 4615 3460 4666 ὁ
3485 4615 3540 4666 δὲ
3567 4613 3826 4684 μουσικὸς
3855 4615 3889 4683 ἡ

2216 4711 2317 4780 τῆς
2364 4710 2583 4778 ἀγάπης
2611 4707 2873 4778 δύναμις·
2913 4705 3049 4777 αῦτη
3107 4704 3292 4776 κρούει
3343 4703 3403 4756 :6
3453 4701 3610 4773 μέλος
3667 4701 3728 4752 :6
3762 4700 3887 4770 ἡδύ.

2230 4798 2557 4869 Ἐϐουλόμην
2588 4797 2730 4866 ὑμᾶς
2760 4796 2988 4863 ἀγαγεῖν
3014 4795 3094 4856 εἰς
3141 4792 3295 4844 πόλιν
3319 4790 3593 4860 τοιαύτην,
3626 4789 3678 4840 εί
3698 4805 3760 4856 γε
3799 4789 3893 4842 δυ-

2219 4889 2395 4950 νατὸν,
2431 4886 2557 4939 ἔνθα
2591 4886 2686 4956 μία
2713 4883 2857 4953 ψυχὴ
2872 4879 2957 4953 ῆν,
2985 4883 3078 4934 καὶ
3096 4876 3236 4942 εἶδες
3269 4879 3333 4932 ἂν
3355 4880 3499 4942 ὅπως
3524 4878 3705 4947 πάσης
3735 4877 3889 4949 [307]

2219 4977 2449 5045 κιθάρας
2476 4976 2566 5027 καὶ
2598 4973 2792 5034 παντὸς
2812 4970 2974 5025 αὐλοῦ
2998 4969 3418 5040 ἀρμοδιωτέραη
3441 4969 3558 5018 ἐκεῖ
3580 4967 3889 5036 συμφωνία,

2218 5065 2366 5118 οὐδὲν
2396 5064 2602 5134 ἀπηχὲς
2624 5062 2822 5133 ᾄδουσα
2847 5059 3030 5130 μέλος.
3075 5057 3243 5110 Τοῦτο
3265 5057 3356 5109 καὶ
3376 5055 3640 5123 ἀγγέλους
3664 5055 3759 5106 καὶ
3793 5055 3891 5108 τὸν

2219 5153 2463 5222 ἀγγέλων
2485 5151 2760 5220 Δεσπότην
2789 5146 2919 5201 Θεὸν
2945 5146 3222 5218 εὐφραίνει
3256 5145 3317 5198 :6
3347 5144 3504 5214 μέλος
3522 5161 3535 5173 ’
3578 5143 3733 5196 τοῦτο
3767 5143 3892 5196 ὅλον

2219 5243 2279 5294 τὸ
2302 5243 2359 5293 ἐν
2387 5239 2464 5310 τῷ
2491 5237 2703 5309 οὐρανῷ
2727 5237 2949 5306 θέατρον
2966 5235 3264 5302 διανίστησι
3282 5248 3296 5261 ⁸
3327 5232 3480 5284 τοῦτο
3509 5232 3600 5284 καὶ
3619 5231 3891 5300 δαιμόνων

2222 5330 2376 5400 κηλεῖ
2403 5327 2590 5398 θυμὸν,
2622 5324 2811 5377 παθῶν
2848 5322 3166 5390 καταθέλγει
3213 5320 3387 5390 ὁρμάς
3413 5331 3457 5370 ο.
3489 5319 3674 5370 ’Τοῦτο
3704 5319 3766 5371 :6
3801 5318 3894 5387 μέ-

2221 5419 2309 5479 λος
2334 5419 2394 5470 οὐ
2436 5416 2591 5485 μόνον
2617 5414 2765 5482 πάθη
2792 5412 2968 5480 κηλεῖ,
2996 5410 3108 5463 ἀλλ’
3135 5409 3253 5461 οὐδέ
3283 5408 3633 5474 διαναστῆναι
3668 5405 3889 5474 ἀφίησι,

2224 5507 2317 5560 καὶ
2343 5503 2542 5574 πολλὴν
2575 5502 2672 5571 τὴν
2705 5501 2861 5570 σιγὴν
2890 5498 3199 5570 ἐργάζεται.
3240 5496 3504 5565 Καθάπερ
3547 5495 3652 5564 γάρ
3683 5496 3739 5546 ἐν
3763 5494 3895 5548 θεά-

2286 5752 2310 5780 θ
2335 5749 2507 5797 Morel.
2535 5751 2601 5804 ὡς
2627 5746 2845 5809 εὐπορίαν
2874 5745 2998 5809 τινά,
3028 5754 3130 5809 [res
3179 5748 3243 5799 ὡς
3277 5744 3502 5809 ἐμπορίαν
3525 5743 3641 5809 τινά.
3671 5741 3893 5809 Utraque

2225 5815 2374 5862 lectio
2389 5811 2628 5874 quadrare
2656 5805 2819 5874 polés:
2863 5807 2888 5845 ὰ
2915 5808 3048 5874 Unus
3069 5808 3154 5867 μία
3175 5809 3226 5874 δέ
3247 5809 3274 5862 ἡ
3299 5806 3518 5874 ἁρμονία,
3537 5805 3721 5874 mir)»
3745 5806 3892 5860 αὐτην

2223 5866 2423 5928 ἅπαντες
2446 5874 2628 5934 ἀφῶσιν
2651 5866 2874 5933 ἇρμονίαν
2897 5866 3286 5934 καίμσυμίφωνίαν.
3337 5866 3380 5896 ⁷ε
3406 5868 3534 5926 Hec,
3557 5866 3718 5912 παθῶν
3741 5882 3892 5917 κατα.-

2226 5938 2373 5997 Θέλγιι
2400 5929 2560 5998 ὀομᾶς,
2597 5929 2775 5983 desunt
2797 5935 2846 5982 in
2891 5929 3179 5993 quibusdam
3199 5943 3334 6006 ωδε..
