3978 6530
215 411 325 468 385

224 528 378 580 ritum
409 531 730 594 acceperant
758 537 862 577 non
890 521 1312 587 docebant,cum
1329 518 1544 590 Apollo,
1561 515 1650 586 qui
1674 529 1799 568 non-

223 617 345 670 dum
366 623 670 684 acceperat,
688 613 938 668 doceret?
960 613 1095 680 Quia
1119 627 1224 666 non
1241 620 1393 667 erant
1417 610 1488 663 ita
1511 607 1800 666 ferventes,

225 721 322 760 nec
347 705 572 758 instituti
601 720 616 754 :
646 704 734 759 ille
773 719 900 758 vero
921 713 975 758 et
1001 703 1272 757 institutus
1300 709 1491 755 eratet
1516 696 1804 751 admodum

228 795 460 850 fervens.
486 793 612 848 Mihi
634 803 812 848 autem
839 793 1049 848 videtur
1073 794 1289 848 multam
1321 792 1372 844 in
1405 790 1517 844 viro
1547 787 1713 842 fuisse
1733 784 1808 839 di-

229 888 385 943 cendi
433 887 752 941 libertatem.
801 885 906 940 Sed
955 885 1054 938 etsi
1101 891 1346 937 accurate
1391 881 1696 948 lotpieretur
1741 873 1810 929 de

229 979 377 1040 Iesu,
427 977 761 1032 accuratiore
792 985 968 1031 tamen
993 975 1237 1030 doctrina
1274 989 1408 1043 opus
1434 971 1659 1025 habebat
1689 986 1703 1022 :
1733 967 1810 1022 sic

230 1073 329 1126 etsi
357 1085 466 1124 non
491 1069 670 1123 omnia
697 1067 878 1132 sciret,
908 1083 974 1122 ex
999 1065 1209 1122 fervore
1235 1063 1537 1118 attrahebat
1552 1059 1809 1129 Spiritum

231 1173 498 1226 sanctum,
529 1160 766 1214 utetiam
795 1159 1094 1214 Cornelius.
1127 1156 1378 1210 Fortasse
1413 1151 1566 1207 multi
1605 1148 1814 1205 deside-

232 1260 372 1316 rant,
401 1251 603 1304 utinam
631 1249 792 1304 etiam
823 1262 964 1302 nunc
1006 1253 1150 1300 esset
1172 1242 1395 1299 Joannis
1419 1240 1714 1310 baptisma!
1747 1239 1816 1289 At

233 1341 386 1395 multi
417 1341 671 1394 virtutem
711 1337 1075 1408 negligerent;
1103 1344 1157 1388 et
1186 1333 1328 1388 forte
1367 1331 1677 1387 crederetur
1713 1327 1816 1381 sin-

233 1433 387 1503 gulos
415 1440 636 1503 propter
665 1430 788 1492 hoc,
813 1445 917 1483 non
941 1436 1158 1498 preptcr
1184 1439 1408 1495 regnum
1435 1422 1685 1478 etclorum
1714 1419 1819 1471 vir-

237 1533 405 1580 tutem
452 1523 622 1578 adire.
646 1521 898 1590 Alioquin
943 1529 1129 1574 autem.
1165 1516 1315 1571 multi
1361 1521 1544 1570 essent
1585 1509 1818 1582 pseudo-

238 1616 518 1688 propheta:
542 1656 558 1680 ,
588 1629 690 1668 nee
740 1622 923 1682 postea
963 1612 1053 1681 qui
1100 1607 1307 1678 probati
1350 1614 1572 1669 essent,
1597 1603 1818 1656 multum

234 1713 600 1778 apparerent,
647 1718 746 1758 nec
778 1702 916 1757 beati
949 1702 1365 1771 prtedicarentur
1391 1697 1482 1767 qui
1515 1694 1672 1749 ﬁdem
1702 1696 1822 1746 sim-

236 1797 453 1868 pliciter
479 1795 833 1862 susciperent.
861 1792 931 1847 L‘t
955 1806 1083 1860 ergo
1109 1790 1207 1856 Qui
1247 1805 1348 1842 non
1387 1788 1618 1841 viderunt
1648 1792 1694 1837 et
1719 1797 1827 1836 cre-

237 1889 506 1952 diderunt,
529 1887 660 1940 beati
683 1894 798 1940 sunt
821 1883 1000 1954 (Joan.
1031 1883 1122 1938 20.
1153 1881 1270 1948 29),
1299 1881 1378 1934 sic
1402 1879 1492 1949 qui
1517 1877 1635 1932 sine
1660 1873 1827 1952 signis

236 1979 611 2041 crediderunt,
644 1977 805 2031 beati.
838 1977 932 2030 Dic
957 1975 1104 2030 enim
1129 1974 1258 2028 mihi
1282 2014 1297 2038 ,
1323 1987 1502 2026 annon
1534 1969 1828 2040 exprobra-

237 2072 334 2126 bat
359 2070 609 2124 Christus
633 2067 854 2130 Judzcis,
883 2066 1066 2120 dicens
1093 2085 1106 2118 :
1141 2063 1258 2117 Nisi
1285 2064 1431 2132 signa
1458 2060 1701 2123 videritis,
1729 2073 1831 2110 non

238 2163 463 2219 credetis
483 2147 668 2231 (Joan.
690 2162 744 2213 4.
776 2159 908 2228 48)?
936 2157 1116 2227 Itaque
1145 2156 1275 2210 nihil
1299 2156 1421 2209 hinc
1443 2153 1596 2207 nobis
1627 2148 1830 2210 damni,

239 2255 286 2310 si
318 2253 482 2308 nobis
523 2250 802 2305 attendere
839 2250 1182 2304 voluerimus.
1232 2247 1404 2314 Caput
1451 2245 1712 2298 bonorum
1745 2241 1831 2294 ha-

241 2348 440 2400 bemus
469 2359 564 2412 per
592 2343 912 2411 baptismum
945 2360 958 2395 :
987 2350 1325 2411 peccatorum
1363 2338 1730 2392 remissionem
1755 2350 1838 2388 ac-

243 2438 516 2506 cepimus,
546 2433 1018 2488 sanctificationem
1045 2475 1060 2499 ,
1089 2432 1318 2501 Spiritus
1348 2429 1832 2500 participationem,

245 2528 600 2596 adeptionem
624 2565 642 2592 ,
676 2525 838 2578 vitam
868 2534 1143 2578 aeternam.
1177 2521 1314 2590 Quid
1359 2521 1589 2590 amplius
1635 2517 1839 2572 vultis?

249 2618 448 2688 signa?
475 2615 582 2672 Sed
624 2625 987 2670 cessaverunt.
1017 2614 1202 2670 Fidem
1237 2612 1424 2678 habes,
1445 2626 1592 2681 spem
1613 2651 1629 2676 ,
1651 2609 1842 2663 carita-

250 2720 388 2773 tem,
417 2723 539 2777 qua:
566 2716 815 2760 manent:
848 2706 960 2759 haec
987 2719 1187 2774 quasve,
1225 2704 1340 2758 huic
1383 2702 1548 2771 signis
1590 2709 1710 2754 sunt
1740 2713 1845 2752 ma-

250 2803 397 2872 jora.
431 2799 573 2853 Nihil
603 2815 697 2868 par
721 2799 960 2862 caritati;
989 2798 1161 2868 Major
1199 2798 1418 2851 omnium
1446 2803 1515 2848 est
1541 2794 1726 2847 caritas
1748 2792 1765 2856 (
1790 2793 1842 2848 1.

255 2892 379 2947 Cor.
407 2892 495 2945 13.
534 2892 644 2958 15),
680 2892 869 2960 inquit.
895 2889 1049 2944 Nunc
1079 2905 1206 2943 vero
1248 2888 1442 2942 caritas
1471 2885 1800 2955 periclitatur
1829 2899 1842 2934 :

259 2985 436 3039 solum
478 2985 674 3053 quippe
711 2997 902 3036 nomen
951 2983 1066 3051 ejus
1110 2982 1350 3036 relictum
1397 2987 1516 3046 est,
1545 2992 1681 3047 Opus
1722 2989 1848 3030 vero

261 3091 556 3145 nusquam,
590 3077 680 3128 sed
713 3074 864 3126 divisi
895 3088 1078 3126 sumus
1107 3074 1244 3126 inter
1272 3087 1391 3124 nos.

331 3169 388 3221 3.
435 3165 636 3220 Caritas
662 3165 898 3217 amicitia:
919 3164 1171 3216 vinculum
1195 3202 1208 3226 ,
1241 3171 1286 3215 et
1311 3158 1676 3225 discipulorum
1705 3155 1850 3210 Clari-

276 3260 334 3314 αἱ
360 3268 573 3312 tessera.
603 3287 676 3297 —
703 3257 837 3323 Quid
869 3257 1027 3324 igitur
1055 3255 1316 3324 agendum
1350 3261 1406 3307 ut
1435 3249 1854 3306 connectamur?

275 3364 392 3403 nam
423 3346 823 3417 reprehendere
848 3347 1002 3400 facile
1031 3357 1147 3408 est,
1177 3344 1272 3399 sed
1300 3343 1400 3397 hoc
1429 3341 1704 3397 dimidium
1735 3349 1855 3393 tau-

271 3448 409 3493 tum.
457 3437 638 3506 Itaque
690 3437 1092 3491 monstrandum
1135 3445 1255 3496 est,
1300 3433 1569 3503 quomodo
1617 3441 1858 3486 nectatur

267 3530 511 3584 amicitia
541 3547 554 3582 :
589 3529 689 3582 hoc
718 3529 858 3582 enim
890 3526 1183 3582 curandum
1216 3525 1482 3595 quomodo
1510 3523 1747 3578 membra
1778 3523 1860 3574 di-

267 3621 428 3675 Vulsa
450 3627 850 3672 connectamus.
883 3617 1066 3687 Neque
1096 3617 1196 3671 hoc
1224 3625 1424 3670 tantum
1453 3614 1761 3684 quaarimus,
1791 3627 1860 3664 an

269 3725 444 3766 unam
475 3710 769 3764 Ecclesiam
817 3709 902 3763 vel
952 3725 1117 3762 unum
1170 3707 1360 3777 dogma
1410 3707 1736 3767 habeamus;
1767 3701 1859 3756 sed

269 3804 384 3858 hoc
413 3817 576 3872 grave
600 3811 702 3868 εει,
726 3801 865 3870 quod
890 3816 1007 3856 cum
1051 3801 1100 3854 in
1142 3801 1260 3854 aliis
1301 3809 1483 3853 mutuo
1507 3796 1864 3853 communice-

268 3911 405 3949 rnus
435 3935 450 3956 ,
503 3893 558 3946 in
607 3894 920 3947 necessariis
970 3908 1075 3946 non
1125 3892 1610 3952 communicemus,
1643 3895 1697 3942 et
1743 3901 1861 3940 cum

269 3984 538 4038 onitiibus
568 3997 746 4051 pacem
774 3983 1053 4046 habentes,
1081 3983 1216 4036 inter
1246 3997 1343 4036 nos
1368 3980 1765 4035 dissentiamus.
1789 3977 1865 4030 Ne

272 4077 434 4130 enim
458 4115 473 4138 ,
496 4073 637 4143 quod
671 4089 774 4126 non
807 4073 1046 4142 quotidie
1082 4087 1285 4142 pugnas
1316 4086 1624 4125 moveamus
1649 4111 1663 4134 ,
1692 4067 1863 4121 consi-

276 4165 417 4220 dera
446 4205 461 4226 ,
493 4164 586 4218 sed
616 4163 754 4234 quod
799 4165 1061 4218 sinceram
1119 4173 1172 4218 et
1217 4162 1543 4217 immobilem
1593 4161 1866 4214 caritatem

280 4272 399 4311 non
429 4255 707 4310 habemus.
740 4255 1098 4324 Ligaminibus
1128 4270 1262 4324 opus
1291 4265 1374 4308 est
1411 4262 1465 4308 et
1492 4253 1630 4307 oleo.
1659 4251 1871 4320 Cogite-

276 4363 413 4401 mus
439 4347 716 4400 caritatem
762 4355 1016 4400 tesseram
1060 4359 1180 4400 esse
1225 4343 1604 4414 discipulorum
1631 4339 1868 4406 Christi,

274 4449 336 4493 et
369 4439 494 4492 sine
526 4437 614 4491 illa
643 4437 772 4490 nihil
804 4438 981 4492 valere
1006 4437 1132 4502 alia,
1162 4451 1382 4504 remque
1407 4450 1525 4490 esse
1547 4435 1662 4488 sine
1692 4434 1872 4489 labore

271 4532 325 4583 si
358 4528 615 4582 velimus.
643 4528 813 4581 Etiam
840 4569 854 4592 ,
879 4529 1087 4597 inquies
1110 4569 1124 4592 ,
1157 4527 1269 4581 haec
1308 4527 1552 4581 novimus
1575 4541 1589 4591 ;
1619 4525 1710 4579 sed
1738 4540 1872 4593 quo-

273 4620 460 4674 modo
501 4619 553 4672 id
580 4630 724 4674 recte
750 4629 961 4690 geretur
981 4619 1004 4671 ἲ
1024 4618 1301 4684 Quomodo
1331 4617 1462 4673 fiet?
1486 4615 1752 4688 quomodo
1776 4630 1873 4669 nos

272 4723 486 4767 mutuo
511 4713 832 4782 diligemus?
865 4713 1042 4766 Primo
1072 4727 1132 4765 ea
1159 4753 1172 4776 ,
1195 4727 1312 4782 quae
1337 4711 1610 4765 caritatem
1637 4709 1872 4774 tollunt,

269 4806 350 4859 de
386 4802 575 4858 medio
603 4803 934 4872 ahjiciamus,
959 4813 1015 4857 et
1040 4813 1164 4857 tunc
1187 4803 1331 4856 illam
1353 4809 1646 4856 statuemus
1674 4818 1687 4853 :
1716 4813 1876 4852 nemo

270 4899 355 4952 sit
402 4895 723 4964 injuriarum
754 4909 981 4960 memor,
1013 4909 1171 4950 nemo
1197 4894 1426 4957 invidus,
1455 4907 1613 4948 nemo
1641 4893 1690 4944 in
1721 4889 1878 4944 malis

267 4988 574 5058 gaudeat:
617 4985 734 5040 haec
787 4987 1123 5041 dilectionem
1172 4986 1486 5054 impediunt.
1537 4983 1650 5037 Alia
1698 4990 1877 5036 autem

268 5091 422 5134 sunt
449 5118 466 5144 ,
493 5093 614 5148 quae
640 5093 756 5132 eam
786 5078 1039 5133 exhibent
1067 5096 1081 5130 :
1111 5093 1214 5129 non
1243 5076 1382 5130 enim
1426 5074 1622 5129 sufﬁcit
1650 5087 1769 5143 qure
1810 5071 1878 5125 il-

265 5171 397 5224 Iam
437 5169 730 5237 impediunt
761 5168 966 5230 tollere,
995 5167 1085 5222 sed
1118 5168 1274 5221 etiam
1304 5183 1421 5236 quae
1459 5167 1601 5220 illam
1625 5173 1876 5229 statuant,

266 5271 424 5314 sunt
452 5259 802 5314 ostendenda.
831 5259 1015 5315 Sirach
1042 5274 1168 5326 ergo
1196 5257 1343 5320 dicit,
1371 5273 1432 5312 ea
1462 5272 1581 5327 qua:
1611 5256 1750 5309 illam
1782 5256 1881 5309 tol-

269 5352 440 5413 Iunt,
464 5361 518 5403 et
546 5365 652 5403 non
681 5365 743 5404 ea
773 5366 890 5419 qua:
914 5350 1235 5413 conciliant,
1268 5349 1732 5418 exprobrationem
1762 5361 1882 5400 esse

266 5454 333 5498 et
361 5441 618 5512 mysterii
665 5441 1039 5495 revelationem
1069 5451 1121 5494 et
1159 5441 1362 5509 plagam
1405 5440 1641 5493 dolosam
1675 5435 1878 5508 (Eccli.

263 5533 380 5588 22.
417 5532 490 5585 27
519 5533 560 5601 ).
585 5533 690 5588 Sed
718 5533 822 5586 illis
853 5542 1036 5602 utpote
1059 5532 1358 5585 carnalibus
1391 5533 1578 5585 merito
1611 5529 1730 5583 talia
1763 5545 1872 5598 pro-

264 5624 560 5687 veniunt;
585 5623 738 5676 nobis
764 5631 966 5682 autem.
989 5622 1126 5676 absit
1156 5639 1169 5676 :
1201 5637 1308 5676 non
1335 5622 1402 5676 ab
1429 5621 1512 5676 his
1539 5637 1632 5676 vos
1662 5619 1882 5674 induce-

266 5713 569 5778 mus,'sed
599 5717 667 5770 ab
693 5715 832 5769 aliis.
861 5715 1002 5769 Nihil
1034 5715 1186 5770 nobis
1229 5724 1309 5770 est
1346 5715 1476 5770 utile
1520 5712 1721 5781 absque
1750 5709 1884 5764 dile-

265 5811 503 5862 ctione.
561 5807 683 5863 Sint
725 5807 889 5862 millia
943 5807 1080 5863 bona
1128 5823 1140 5859 :
1194 5807 1318 5876 quid
1370 5807 1490 5866 inde
1539 5802 1718 5864 lucri?
1760 5801 1878 5860 Sitit

1213 407 1282 462 IN
1323 403 1500 460 ACTA
1544 397 2066 456 APOSTOLORUM.
2109 395 2338 452 IIOIIIL.
2375 394 2485 450 XL.

3385 392 3492 449 280

1909 514 2130 578 divitum,
2163 514 2270 568 sint
2297 512 2504 568 delicia:
2531 511 2732 581 absque
2758 512 2942 566 amicis
2977 528 2990 564 :
3022 511 3148 582 quid
3192 511 3315 566 hinc
3346 513 3490 566 utili-

1911 604 2071 658 tatis?
2101 603 2250 658 Nulla
2284 603 2552 673 possessio
2578 603 2735 657 etiam
2767 604 2818 656 in
2869 603 3217 658 szecularihus
3243 603 3342 658 hac
3372 603 3493 673 pul-

1910 696 2108 760 chrior,
2137 706 2194 750 ut
2221 696 2351 750 nihil
2395 695 2626 749 inimicis
2655 695 2933 749 molestius
2965 704 3066 749 est.
3101 695 3299 748 Caritas
3337 685 3496 763 operit

1911 788 2284 842 multitudinem
2330 798 2648 857 peccatorum
2699 787 2794 857 (1.
2825 786 2939 841 Pet.
2973 789 3026 842 4.
3057 786 3167 858 8);
3217 786 3493 841 inimicitia

1913 887 2090 932 autem
2121 878 2278 932 etiam
2305 892 2389 941 ea,
2421 893 2541 946 quae
2568 894 2672 931 non
2702 888 2845 944 sunt,
2879 878 3201 946 suSpicatur.
3229 877 3343 932 Non
3381 876 3496 931 suf-

1916 969 2026 1023 ﬁcit
2069 983 2176 1022 non
2210 981 2329 1022 esse
2359 968 2632 1022 inimicum
2663 1009 2679 1032 ,
2707 967 2801 1023 sed
2843 977 3055 1037 Oportet
3084 970 3244 1023 etiam
3294 982 3498 1022 amare.

1913 1059 2099 1130 Cogita
2124 1059 2175 1114 id
2204 1059 2470 1114 Christum
2497 1059 2745 1129 iussisse,
2775 1071 2829 1114 et
2854 1059 2955 1115 hoc
2984 1060 3201 1116 suflicit.
3231 1060 3402 1114 Etiam
3424 1058 3504 1112 af-

1914 1149 2083 1206 ﬂictio
2110 1151 2372 1205 amicitias
2404 1151 2529 1205 facit
2551 1160 2606 1205 et
2633 1151 2864 1220 copulat.
2897 1151 3032 1219 Quid
3065 1152 3243 1222 igitur,
3269 1151 3498 1221 inquies,

1918 1257 2080 1308 nunc,
2111 1253 2230 1297 cum
2265 1242 2484 1297 afﬂictio
2511 1259 2615 1297 non
2645 1244 2761 1298 est?
2787 1244 3052 1314 quomodo
3081 1246 3282 1299 erimus
3309 1243 3500 1298 amici?

1921 1336 2112 1389 Annon
2144 1335 2278 1389 alios
2310 1335 2516 1390 habetis
2556 1335 2790 1404 amicos,
2819 1337 3041 1405 quarso?
3069 1337 3337 1406 quomodo
3381 1336 3502 1390 illo-

1921 1441 2039 1479 rum
2111 1426 2239 1479 estis
2285 1426 2483 1480 amici?
2535 1427 2803 1495 quomodo
2851 1429 3238 1496 persevcratis?
3285 1427 3502 1482 Interim

1923 1531 2082 1569 nemo
2113 1515 2384 1569 inimicum
2417 1517 2642 1582 habeat;
2673 1533 2776 1572 non
2819 1529 2897 1572 est
2926 1518 3027 1574 hoc
3077 1535 3260 1587 parum
3295 1537 3307 1571 :
3352 1534 3508 1573 nemo

1925 1607 2196 1673 invideat;
2247 1624 2351 1662 non
2393 1609 2518 1663 licet
2564 1625 2669 1663 non
2718 1610 2954 1664 invidum
3013 1625 3283 1664 accusare.
3334 1609 3509 1666 Unum

1929 1701 2226 1756 habitamus
2274 1701 2461 1756 orbem
2506 1703 2940 1769 omnes,iisdem
2987 1703 3179 1772 alimur
3231 1704 3508 1756 fructibus.

1929 1790 2036 1845 Sed
2080 1791 2194 1846 huic
2218 1808 2375 1862 parva
2405 1803 2528 1847 sunt
2560 1811 2572 1846 :
2600 1795 2783 1847 iisdem
2816 1795 3083 1866 mysteriis
3103 1836 3117 1859 ,
3143 1795 3328 1849 eadem
3358 1795 3514 1864 Spiri-

1931 1882 2060 1936 tuali
2112 1898 2230 1938 esca
2283 1883 2524 1938 fruimur.
2573 1885 2699 1940 Ilmc
2741 1901 2870 1940 sane
2922 1888 3168 1940 amicitia:
3197 1888 3316 1954 jura
3368 1896 3513 1940 Sunt.

1932 1974 2212 2040 Quomodo
2243 1977 2400 2044 igitur
2426 2017 2440 2040 ,
2471 1977 2677 2045 inquies
2702 2017 2715 2039 ,
2746 1976 3014 2030 ferventer
3053 1979 3225 2032 allecti
3272 1977 3516 2031 erimus?

1934 2066 2069 2133 Quid
2109 2065 2235 2120 facit
2263 2082 2542 2135 corporum
2587 2069 2871 2122 amorem?
2899 2067 3150 2137 Corporis
3183 2067 3374 2121 forma.
3419 2068 3518 2122 Ita—

1936 2173 2041 2228 que
2069 2167 2123 2212 et
2141 2159 2348 2211 animas
2379 2158 2640 2212 formosas
2662 2158 2978 2221 efficiamus,
3003 2161 3309 2228 erimusque
3337 2169 3520 2212 mutuo

1937 2259 2241 2305 amatores:
2274 2265 2376 2304 non
2406 2260 2615 2320 oportet
2643 2253 2782 2304 enim
2813 2253 2983 2304 solum
3013 2267 3213 2312 amare,
3247 2250 3340 2305 sed
3361 2251 3518 2304 etiam

1940 2343 2127 2395 amari.
2150 2342 2327 2396 Primo
2346 2342 2396 2394 id
2414 2358 2780 2412 assequamur,
2806 2351 2862 2396 ut
2883 2357 3143 2408 amemur,
3164 2351 3217 2396 et
3234 2341 3358 2394 illud
3381 2340 3524 2394 aliud

1943 2433 2094 2488 facile
2125 2435 2246 2489 erit.
2275 2435 2553 2500 Quomodo
2578 2435 2743 2488 amari
2773 2434 3099 2504 poterimus?
3121 2434 3300 2487 Simus
3321 2431 3524 2502 pulchri

1943 2535 1997 2580 et
2026 2524 2170 2587 boni,
2199 2535 2252 2579 et
2281 2525 2382 2579 hoc
2409 2526 2773 2593 operabimur,
2807 2534 2863 2578 ut
2890 2541 3102 2595 semper
3129 2535 3395 2577 amatores
3426 2524 3523 2575 ha-

1945 2615 2185 2670 beamus.
2211 2616 2379 2670 Nemo
2406 2617 2475 2669 ita
2505 2625 2656 2671 curet
2683 2616 2932 2685 pecunias
2973 2616 3266 2686 possidere,
3296 2616 3376 2670 vel
3408 2631 3525 2669 sier-

1946 2722 2062 2768 vos,
2094 2707 2178 2761 vel
2203 2707 2415 2772 domos,
2445 2716 2501 2761 ut
2528 2707 2718 2772 amari,
2751 2717 2811 2760 ut
2841 2709 3036 2760 bonum
3081 2705 3279 2761 habere
3307 2721 3523 2760 nomen.

1951 2795 2136 2850 Melius
2161 2807 2231 2850 est
2257 2813 2457 2861 nomen,
2485 2815 2635 2868 quant
2656 2798 2844 2851 divitia:
2865 2799 3038 2851 multa:
3067 2798 3084 2867 (
3117 2798 3272 2851 Prov.
3304 2799 3394 2852 2‘2.
3427 2799 3451 2852 I
3488 2800 3528 2867 ).

1952 2887 2085 2941 Illud
2113 2889 2255 2943 enim
2283 2897 2482 2953 manet,
2515 2889 2596 2942 ha:
2617 2897 2842 2957 pereunt
2870 2907 2883 2942 :
2911 2898 2966 2943 et
2991 2889 3120 2942 illud
3147 2889 3402 2958 possideri
3433 2873 3530 2958 po-

1955 2987 2077 3044 test,
2102 2978 2184 3032 lite
2205 2995 2334 3034 vero
2366 2979 2608 3033 minime.
2637 2978 2767 3032 Nam
2798 2979 2885 3048 qui
2912 2980 3102 3033 malam
3128 2979 3287 3033 habet
3316 2980 3531 3041 famam,

1956 3070 2041 3124 vix
2093 3070 2234 3123 illam
2288 3079 2537 3124 excutere
2585 3070 2812 3139 poterit;
2857 3085 3060 3140 pauper
3091 3085 3218 3125 vero
3257 3086 3286 3125 a
3318 3072 3535 3126 nomine

1957 3165 2063 3218 cito
2091 3163 2240 3218 dives
2277 3165 2398 3217 erit.
2422 3165 2500 3218 Sit
2530 3165 2646 3231 quis
2693 3164 2828 3218 dena
2875 3164 3037 3217 millia
3071 3165 3264 3218 talenta
3298 3163 3535 3226 habens,

1959 3255 2092 3309 alius
2121 3270 2252 3309 vero
2295 3256 2496 3308 amicos
2525 3263 2736 3308 centum
2773 3271 2786 3307 :
2822 3254 2907 3308 hic
2934 3255 3026 3306 illo
3067 3254 3370 3322 opulentior
3413 3253 3536 3307 erit.

1961 3345 2038 3400 Ne
2087 3347 2244 3412 igitur
2283 3345 2384 3399 hoc
2426 3346 2596 3399 obiter
2637 3360 2904 3410 curemus,
2935 3344 3027 3399 sed
3071 3344 3220 3414 quasi
3252 3344 3536 3412 quamdam

1962 3438 2337 3492 abundantiam
2360 3437 2377 3468 ⁸
2402 3451 2722 3507 quaeramus.
2757 3437 2824 3491 Et
2861 3437 3130 3507 quomodo
3153 3476 3168 3502 ,
3213 3437 3415 3505 inquit,
3445 3452 3543 3504 po-

1967 3529 2219 3581 terimus"
2247 3528 2397 3582 Faux
2419 3528 2582 3581 dulcis
2609 3527 2906 3597 multiplicat
2927 3528 3135 3592 amicos,
3162 3537 3208 3581 et
3229 3529 3405 3598 lingua
3425 3543 3518 3597 grs.
3547 3563 3549 3565 -

1968 3621 2094 3674 tinsa
2124 3622 2141 3688 (
2167 3620 2328 3675 Eccli.
2355 3620 2409 3676 6.
2442 3621 2536 3692 5).
2566 3621 2639 3676 Os
2662 3621 2800 3675 bene
2847 3621 3070 3690 loquens
3105 3621 3468 3690 possideamus
3495 3630 3548 3673 et

1969 3726 2144 3766 mores
2169 3727 2350 3781 puros.
2377 3711 2493 3766 Non
2526 3722 2702 3782 potest
2730 3713 2897 3768 latere
2925 3713 3014 3782 qui
3043 3713 3120 3766 sic
3149 3712 3370 3766 affectus
3399 3721 3500 3765 est.

2038 3803 2091 3856 4.
2143 3801 2273 3855 Vide
2318 3812 2512 3871 quanta
2539 3804 2738 3856 amoris
2764 3803 2970 3857 vincula
3022 3803 3230 3858 externi
3276 3803 3548 3872 excogita-

1969 3893 2119 3948 rint:
2149 3893 2526 3963 adoptionem,
2572 3895 2858 3959 viciniam,
2913 3895 3276 3966 cognationes.
3318 3896 3420 3950 Sed
3470 3895 3552 3949 his
3621 3952 3626 3958 ,

1970 3984 2214 4039 onmibus
2248 3996 2428 4040 nostra
2457 3995 2582 4040 sunt
2629 3987 2829 4056 majora
2866 4005 2878 4041 :
2911 3987 3025 4041 lucc
3056 4003 3239 4042 mensa
3271 3988 3550 4042 venerabi-

1971 4077 2092 4132 lior.
2119 4077 2269 4131 Multi
2295 4089 2475 4133 autem
2521 4094 2586 4134 ex
2630 4080 2714 4144 iis,
2769 4080 2860 4148 qui
2889 4080 3191 4135 accedimus
3213 4123 3225 4142 .
3255 4097 3426 4151 neque
3456 4097 3553 4136 nos

1974 4181 2157 4226 mutuo
2181 4171 2444 4227 novimus.
2462 4171 2575 4227 Hoc
2600 4172 2885 4227 multitudo
2913 4173 3056 4238 facit,
3089 4174 3317 4244 inquies.
3344 4174 3554 4244 Nequa-

1975 4279 2151 4333 quam,
2182 4263 2277 4318 sed
2326 4264 2532 4334 ignavia
2561 4273 2763 4318 nostra.
2805 4265 2910 4320 Ter
2958 4265 3136 4329 mille,
3184 4275 3240 4322 et
3268 4266 3553 4337 quinquies

1976 4353 2123 4408 mille
2151 4364 2308 4411 erant
2330 4356 2426 4420 illi,
2459 4365 2513 4410 et.
2541 4371 2730 4410 omnes
2759 4355 3026 4412 habebant
3071 4357 3302 4411 animam
3344 4373 3504 4412 unam
3539 4376 3552 4412 :

1977 4461 2118 4500 nunc
2135 4455 2312 4501 autem
2339 4447 2531 4517 singuli
2559 4447 2775 4502 fratrem
2803 4463 2958 4503 suum
2985 4449 3250 4519 ignorant,
3280 4465 3379 4504 nec
3399 4451 3560 4519 pudet

1979 4552 2073 4592 eos
2103 4537 2495 4593 multitudinem
2523 4551 2840 4608 praetexere.
2884 4539 2983 4608 Qui
3010 4542 3206 4596 multos
3235 4542 3397 4598 habet
3426 4543 3560 4598 ami-

1979 4644 2091 4696 cos,
2122 4631 2370 4685 omnibus
2399 4642 2481 4686 est
2507 4633 2950 4702 inexpugnabilis,
2991 4637 3180 4704 quovis
3203 4644 3428 4706 tyranno
3457 4636 3562 4689 for-

1983 4721 2108 4774 tior.
2136 4720 2250 4776 Non
2274 4721 2348 4775 ita
2377 4721 2526 4776 illum
2547 4723 2709 4777 alium
2734 4724 3012 4791 satellites,
3045 4734 3102 4778 ut
3124 4727 3264 4780 hunc
3289 4728 3443 4781 amici
3467 4743 3561 4782 cu-

1981 4812 2222 4867 stodiunt
2247 4813 2474 4883 :hicque
2495 4814 2691 4869 clarior
2709 4814 2800 4869 illo
2817 4824 2922 4870 est.
2942 4815 3037 4869 Illo
3063 4831 3293 4885 namque
3313 4832 3341 4869 a
3363 4818 3562 4882 servis,

1983 4904 2070 4959 hic
2100 4905 2167 4960 ab
2195 4906 2487 4976 arqualihus
2509 4907 2840 4961 custoditur:
2874 4906 2964 4962 ille
2985 4907 3053 4961 ab
3079 4907 3257 4963 invitis
3291 4917 3346 4964 et
3373 4911 3566 4965 timcn-

1987 4999 2146 5064 tibus,
2175 4999 2263 5053 hic
2300 5015 2328 5052 a
2361 4999 2665 5054 lubentibus
2711 5014 2811 5053 nec
2847 4999 3244 5065 metuentibus;
3277 5000 3568 5071 videreque

1985 5089 2069 5145 est
2094 5105 2207 5144 rem
2233 5089 2454 5154 miram,
2490 5090 2542 5142 in
2587 5089 2768 5143 multis
2805 5105 2989 5155 unum,
3021 5097 3079 5144 et
3106 5090 3159 5144 in
3199 5107 3304 5145 uno
3345 5092 3561 5161 multos.

1987 5183 2160 5253 Atque
2189 5191 2244 5237 ut
2265 5182 2316 5236 in
2344 5181 2546 5236 cithara
2574 5181 2776 5236 diversi
2805 5182 2925 5236 soni
2963 5191 3106 5250 sunt,
3133 5199 3233 5238 una
3265 5201 3394 5239 vero
3416 5201 3564 5257 sym-

1988 5277 2206 5346 phonia,
2233 5290 2474 5344 unusque
2499 5274 2736 5328 musicus
2763 5273 2850 5343 qui
2878 5273 3135 5330 citharam
3164 5277 3338 5345 pulsat
3362 5295 3373 5330 :
3403 5277 3472 5330 ita
3512 5288 3568 5332 et

1991 5367 2076 5420 hic
2107 5383 2118 5419 :
2149 5364 2350 5418 cithara
2375 5364 2588 5433 quidem
2606 5374 2688 5418 est
2707 5365 2920 5425 caritas.
2943 5366 3058 5424 soni
3089 5381 3217 5420 vero
3242 5367 3400 5420 verba
3429 5370 3565 5422 cari-

1991 5466 2096 5509 tate
2119 5456 2299 5524 plena,
2330 5454 2456 5509 dum
2483 5470 2670 5511 omnes
2695 5456 2852 5510 simul
2875 5471 3033 5510 unam
3075 5457 3420 5526 eamdemque
3444 5458 3566 5511 har-

1992 5548 2224 5600 moniam
2252 5556 2306 5601 et
2326 5545 2700 5617 symphoniam
2729 5545 3004 5612 efﬁciunt;
3035 5548 3271 5602 musicus
3295 5559 3468 5600 autem
3487 5557 3568 5602 est

1989 5638 2227 5692 caritatis
2254 5637 2422 5692 virtus
2458 5656 2471 5692 :
2503 5637 2616 5707 ipsa
2649 5638 2808 5693 duloe
2837 5638 3006 5692 melos
3029 5639 3220 5706 pulsat.
3241 5637 3443 5692 Vellem
3473 5618 3570 5692 vos

2058 5752 2075 5783 ι
2098 5749 2204 5817 _Alii
2229 5750 2419 5817 legunt,
2441 5751 2839 5815 negotiationem,
2854 5767 2956 5816 pro,
2975 5751 3332 5802 abundantiam.
3361 5758 3572 5817 Utraque

1995 5811 2142 5864 lectio
2164 5811 2402 5877 quadrare
2427 5811 2606 5876 potest.
