3948 6510
507 348 612 406 287

507 466 560 521 in
597 464 754 521 talem
801 460 1073 518 civitatem
1113 458 1344 520 ducere,
1377 458 1420 511 si
1454 456 1567 511 fieri
1596 466 1798 524 posset,
1833 455 1921 509 ubi
1958 469 2095 508 unus

506 567 648 613 esset
674 556 903 618 animus,
928 564 983 609 et
1000 550 1209 606 videres
1232 550 1299 604 ibi
1329 548 1701 620 symphoniam
1719 548 1864 601 omni
1886 546 2093 601 cithara

505 658 559 705 et
602 649 729 703 tibia
765 646 1087 711 suaviorem,
1120 642 1361 711 nihilque
1388 640 1575 695 absoni
1613 639 1922 694 habentem.
1964 637 2091 693 Haec

507 739 735 795 tnelodia
761 749 815 792 et
834 736 1054 807 angelos
1082 744 1135 788 et
1161 734 1473 802 angelorum
1504 730 1791 785 Dominum
1817 745 1882 785 ac
1925 731 2091 785 Deum

505 831 765 895 delecnit;
792 830 904 883 h:rc
935 839 1101 881 totum
1131 826 1180 878 in
1204 825 1336 878 cmlo
1361 828 1624 876 theatrum
1647 823 1878 888 excitat;
1907 822 2021 875 hzec
2040 832 2095 877 et

506 925 805 981 dmllltllllllll
850 920 1083 974 furorem
1106 916 1399 985 compescit
1434 925 1487 968 et
1524 916 1808 968 all'cctuum
1836 915 2090 986 impetum

506 1016 775 1071 denmlcet
808 1014 845 1066 ί.
882 1011 1006 1064 lla-c
1054 1008 1282 1063 melodia
1317 1024 1421 1061 non
1471 1008 1628 1061 modo
1660 1007 1884 1061 affectus
1915 1006 2089 1072 sedat,

504 1107 598 1162 sed
634 1121 729 1160 nec
754 1118 1043 1172 exsurgere
1068 1101 1218 1164 sinit,
1256 1115 1611 1169 magnumque
1642 1099 1767 1152 facit
1795 1099 2087 1153 silentium.

502 1200 651 1255 Sicut
678 1197 819 1252 enim
852 1196 902 1248 in
935 1195 1144 1248 theatro
1168 1193 1491 1245 musicorum
1510 1206 1698 1245 omnes
1723 1189 1945 1245 chorum
1968 1204 2089 1243 cum

500 1290 713 1345 silentio
745 1287 990 1352 audiunt,
1017 1284 1300 1353 nullusque
1327 1284 1397 1337 ibi
1434 1283 1691 1336 tumultus
1712 1291 1827 1335 est:
1854 1282 1931 1336 sic
1955 1282 2093 1335 inter

502 1380 726 1446 amicos,
757 1378 984 1435 caritate
1011 1377 1277 1447 pulsante,
1325 1390 1513 1431 ouines
1547 1374 1771 1430 affectus
1810 1375 2094 1445 quiescunt

502 1482 560 1529 et
590 1471 865 1536 sedantur,
902 1479 961 1524 ut
987 1470 1112 1523 fera:
1141 1467 1398 1523 demulsa:
1425 1477 1477 1521 et
1499 1468 1785 1535 mitigatae;
1818 1467 1976 1533 sicut,
2000 1465 2089 1520 ubi

501 1566 797 1621 inimicitize
827 1574 972 1627 sunt,
1004 1563 1075 1617 ibi
1121 1562 1299 1615 omnia
1346 1571 1470 1616 sunt
1500 1563 1787 1616 c0ntraria.
1821 1558 1925 1614 Sed
1956 1558 2091 1613 nihil

499 1659 606 1730 jam
647 1659 716 1713 de
748 1654 1025 1712 inimicitia
1061 1656 1375 1725 loquamur:
1409 1654 1477 1709 de
1504 1652 1740 1707 amicitia
1782 1662 1984 1707 tantum
2010 1651 2091 1705 di-

499 1768 702 1809 camus.
726 1749 926 1821 Siquid
954 1748 1295 1803 temerarium
1313 1746 1480 1811 dicas,
1506 1760 1664 1800 nemo
1695 1755 1776 1799 est
1802 1744 1888 1813 qui
1912 1743 2092 1799 insur-

499 1854 591 1917 gat
613 1845 663 1898 in
698 1854 771 1910 te,
797 1842 892 1898 sed
920 1855 1110 1895 omnes
1138 1839 1421 1907 ignoscunt
1446 1855 1460 1904 ;
1489 1839 1533 1893 si
1565 1838 1689 1908 quid
1719 1838 1901 1901 facias,
1933 1852 2090 1892 nemo

498 1936 820 2006 suspicatur,
862 1932 954 1989 sed
993 1947 1182 2002 magna
1212 1940 1294 1986 est
1342 1930 1665 1999 indulgentia
1694 1949 1704 1982 :
1731 1929 1941 1983 cadenti
1970 1946 2087 1981 mn-

503 2044 600 2085 nes
631 2035 880 2098 prompte
930 2040 1141 2079 tltauum
1171 2023 1447 2093 porrigunt
1473 2039 1486 2087 ;
1516 2035 1702 2075 ontncs
1748 2022 1917 2090 ipsum
1949 2032 2091 2074 stare

498 2129 706 2176 curant.

574 2210 820 2265 Amicitia:
843 2209 989 2262 ratio.
1010 2236 1080 2247 ——
1112 2206 1291 2260 Murus
1322 2220 1445 2259 vere
1472 2205 1821 2258 inconcussus
1849 2214 1929 2257 est
1961 2204 2093 2257 ami-

498 2306 643 2370 citia,
669 2302 756 2371 qui
786 2316 885 2355 nec
911 2318 936 2352 a
970 2299 1185 2353 diabolo
1211 2298 1434 2366 capitur,
1467 2296 1661 2350 nedum
1683 2296 1749 2348 ab
1770 2295 2088 2348 hominibus.

499 2397 613 2453 Non
668 2404 843 2466 potest
896 2394 947 2446 in
995 2391 1234 2463 pericula
1296 2390 1531 2443 incidere
1552 2389 1640 2458 qui
1684 2388 1886 2441 amicos
1928 2387 2092 2441 habet

499 2489 695 2543 multos
724 2504 738 2541 :
766 2485 911 2541 nulla
938 2484 1092 2538 adest
1140 2483 1237 2537 ira:
1288 2482 1520 2543 occasio,
1550 2478 1645 2533 sed
1673 2481 1950 2533 suavitatis
1987 2490 2097 2531 tan.

502 2591 613 2637 tum
648 2599 661 2635 :
695 2581 746 2634 in
776 2580 887 2634 risu
918 2591 1132 2646 semper
1161 2584 1243 2629 est
1264 2590 1327 2628 ac
1349 2573 1558 2628 deliciis
1583 2590 1597 2625 :
1625 2573 1765 2625 nulla
1791 2572 1859 2624 ihi
1884 2571 2094 2624 invidia:

497 2673 731 2737 occasio,
765 2670 909 2724 nulla
937 2668 1256 2737 injuriarum
1284 2665 1565 2720 memoria.
1596 2663 1745 2717 llunc
1766 2664 1887 2717 vide
1914 2674 1967 2715 et
1989 2662 2094 2728 spi-

502 2764 714 2820 ritualia
786 2772 840 2817 et
890 2759 1124 2815 carnalia
1191 2757 1345 2811 facile
1404 2757 1743 2825 dirigentem.
1786 2753 1922 2820 Quid
1972 2754 2095 2806 huic

500 2872 597 2927 par
621 2853 818 2909 fuerit?
843 2851 942 2906 llic
966 2861 1049 2905 est
1077 2864 1175 2903 ceu
1198 2849 1385 2903 civitas
1414 2846 1647 2916 undique
1676 2860 1845 2899 muris
1869 2846 2041 2898 cincta
2073 2859 2091 2909 ;

499 2951 587 3004 ille
622 2964 750 3003 vero
776 2947 912 3000 alius
954 2944 1103 3015 quasi
1143 2943 1330 2996 civitas
1383 2941 1501 2995 sine
1533 2941 1715 2995 muris.
1751 2940 1953 3010 Magna:
2001 2954 2091 2993 sa-

496 3041 712 3111 pientia:
757 3049 859 3103 est,
895 3051 1054 3109 posse
1079 3035 1340 3090 amicitias
1367 3033 1677 3091 conciliare.
1710 3033 1862 3087 Tolle
1899 3033 2091 3086 amici-

498 3135 624 3187 tiam
650 3140 704 3186 et
730 3130 908 3185 omnia
931 3127 1231 3191 sustuleris,
1263 3126 1440 3179 omnia
1463 3124 1789 3178 confoderis.
1824 3124 1878 3179 Si
1900 3136 2078 3178 autem

497 3224 745 3279 amicitia:
768 3223 945 3292 imago
971 3229 1168 3273 tantam
1196 3219 1300 3271 vim
1325 3215 1506 3279 habet,
1535 3216 1646 3284 ipsa
1674 3215 1871 3269 veritas
1891 3227 2090 3284 quanta

500 3316 641 3374 erit?
667 3314 885 3369 Amicos
910 3327 1039 3382 ergo
1081 3310 1235 3366 nobis
1282 3323 1553 3379 paremus,
1582 3310 1825 3371 obsecro,
1854 3318 1905 3363 et
1954 3307 2091 3365 hanc

498 3451 727 3565 (ἐωηᾶ
750 3457 795 3502 et
816 3451 1075 3514 affectuum
1085 3445 1316 3512 impetum
1336 3443 1593 3506 demulcet,
1618 3444 1800 3494 desunt
1822 3445 1873 3494 in
1887 3445 2088 3507 quibus-

1210 344 1268 401 S.
1307 340 1583 398 JUANNIS
1607 338 2083 397 CIIRYSOSTOMI
2112 340 2432 398 ARCHIEP.
2462 343 2991 403 CONSTANTINOP.
3648 356 3733 417 233

2201 467 2372 512 artem
2396 457 2569 527 quivis
2612 469 2883 513 exerceat.
2917 459 2986 513 Et
3010 472 3161 524 ecce,
3190 458 3417 529 inquies,
3458 476 3552 533 ego
3572 480 3733 536 conor;

2201 549 2292 605 ille
2321 566 2450 606 vero
2473 566 2576 605 non
2596 559 2766 607 curat.
2798 552 2965 622 Major
2996 552 3087 608 tibi
3116 568 3323 609 merces
3351 556 3428 609 sic
3446 558 3560 610 erit.
3579 560 3733 631 Etiam,

2199 641 2431 711 inquies,
2459 642 2553 696 sed
2580 657 2669 697 res
2698 653 2825 697 tunc
2870 641 3137 698 difficilior
3163 653 3266 698 est.
3298 644 3597 714 Quomodo,
3622 668 3738 721 qua:-

2198 734 2298 787 so?
2330 734 2469 788 Ecce
2501 735 2757 789 testificor
2773 746 2827 789 et
2852 735 2993 802 dico,
3024 752 3068 790 Si
3094 736 3280 791 decem
3305 749 3507 793 tantum
3536 758 3619 796 vos
3636 761 3739 800 con-

2192 826 2491 896 jungeretis
2514 868 2529 892 ,
2584 838 2636 881 et
2662 843 2798 896 opus
2835 828 3155 897 pratdicandi
3205 830 3343 883 sicut
3372 836 3590 900 apostoli
3619 839 3740 894 vobis

2197 920 2616 985 constitueretis,
2647 930 2702 974 et
2728 923 2866 974 sicut
2896 922 3167 990 prophetat
3216 921 3503 987 docebant,
3531 927 3601 981 sic
3627 932 3734 983 ami-

2196 1024 2290 1065 cos
2320 1010 2495 1065 facere
2516 1010 2821 1074 smderetis,
2849 1026 3094 1081 magnam
3126 1012 3283 1065 vobis
3312 1012 3425 1067 fore
3450 1018 3739 1073 mercedem.

2195 1100 2391 1170 Regias
2432 1101 2585 1157 nobis
2616 1101 2875 1172 imagines
2906 1117 3157 1172 paremus
3184 1120 3197 1157 :
3227 1102 3330 1158 hoc
3364 1105 3508 1158 enim
3543 1107 3741 1178 discipu-

2195 1193 2366 1248 lorum
2394 1193 2692 1264 symbolum
2723 1204 2826 1249 est.
2861 1193 3042 1249 Etcur
3070 1210 3175 1249 non
3205 1195 3376 1265 majus
3402 1198 3653 1266 quidpiam
3684 1203 3741 1255 fa-

2194 1288 2386 1352 cimus,
2417 1302 2573 1354 quam
2605 1286 2649 1340 si
2676 1286 2828 1340 nobis
2868 1285 3170 1341 facultatem
3210 1290 3598 1357 acquireremus
3624 1308 3740 1347 mor-

2196 1386 2315 1430 tuos
2340 1377 2669 1432 suscitandi?
2698 1376 2952 1432 Diadema
2982 1387 3037 1433 et
3054 1392 3284 1448 purpura
3312 1393 3492 1449 regem
3512 1380 3742 1437 indicant:

2194 1469 2240 1522 si
2272 1469 2384 1522 haec
2417 1484 2521 1522 non
2552 1468 2749 1529 adsint,
2781 1468 2991 1522 etiamsi
3020 1484 3182 1522 aurea
3217 1470 3409 1525 habeat
3436 1480 3740 1537 vestimenta,

2196 1561 2433 1615 nondum
2472 1577 2563 1615 res
2590 1560 2961 1614 manifcszatus
2980 1572 3082 1615 eSt.
3108 1559 3180 1612 Ita
3203 1570 3255 1613 et
3287 1570 3340 1613 tu
3364 1576 3501 1614 nunc
3530 1563 3649 1613 hanc
3674 1565 3744 1617 tibi

2196 1663 2454 1709 tesseram
2486 1654 2664 1719 facito,
2685 1663 2742 1708 et
2770 1654 2862 1708 tibi
2891 1663 2945 1708 et
2972 1652 3095 1706 aliis
3121 1653 3325 1707 amicos
3348 1656 3579 1722 parabis.
3610 1656 3747 1710 Nemo

2193 1746 2284 1817 qiii
2308 1754 2538 1808 ametur,
2568 1746 2693 1800 odio
2716 1744 2916 1799 habere
2941 1745 3090 1800 velit.
3123 1745 3400 1799 Discamus
3431 1746 3630 1799 colores
3655 1748 3747 1801 illos

2193 1840 2285 1910 qui
2310 1840 2623 1903 miscentur,
2651 1838 2843 1909 quibus
2868 1839 3045 1907 imago
3076 1836 3164 1890 illa
3185 1837 3529 1891 constituitur
3555 1854 3566 1889 :
3594 1839 3747 1893 diserti

2194 1934 2361 1988 simus
2385 1950 2397 1983 :
2419 1948 2487 1987 ne
2502 1942 2872 2001 exspectemus
2891 1932 3180 1999 proximos.
3205 1928 3282 1983 Ne
3303 1929 3450 1983 dicas
3480 1946 3494 1983 :
3521 1930 3571 1983 Si
3599 1932 3749 1983 videro

2194 2028 2423 2095 aliquem
2457 2025 2687 2089 tardum,
2716 2039 2817 2094 ego
2861 2023 3096 2077 deterior
3138 2024 3208 2075 lio
3242 2040 3255 2075 :
3286 2023 3393 2075 imo
3448 2023 3493 2075 si
3548 2023 3747 2088 videris,

2200 2132 2510 2187 pra'occupa
2532 2158 2545 2181 ,
2579 2125 2635 2170 et
2663 2115 2778 2185 ejus
2803 2116 2989 2168 vitium
3020 2116 3319 2183 exstingue.
3355 2113 3575 2183 Aigrum
3608 2115 3746 2175 vides,

2197 2222 2247 2263 et
2283 2210 2524 2262 nini-hum
2554 2210 2755 2278 auges?
2785 2209 2894 2263 lloc
2926 2208 3157 2261 maxime
3201 2215 3255 2259 et
3283 2217 3408 2259 ante
3440 2205 3610 2259 oinnia
3638 2223 3751 2273 pne-

2198 2312 2421 2365 strmus,
2444 2301 2717 2354 uthonore
2736 2314 2832 2353 nos
2858 2309 3042 2353 mutuo
3061 2297 3453 2366 praeveniamus
3487 2294 3648 2364 (Rom.
3682 2297 3750 2353 ιθ..

2200 2393 2310 2452 10),
2347 2406 2443 2443 nec
2464 2400 2618 2457 putes
2643 2399 2691 2442 te
2715 2390 2903 2455 minui,
2932 2404 3054 2443 cum
3085 2396 3241 2457 putas
3265 2386 3399 2440 alios
3432 2395 3485 2440 te
3513 2388 3749 2441 excellen-

2199 2486 2379 2536 liores.
2417 2484 2471 2537 Si
2504 2484 2675 2551 ipsum
2730 2482 2935 2537 honore
2988 2481 3305 2551 przevenias,
3357 2480 3583 2549 teipsnm
3613 2482 3754 2550 magis

2201 2576 2468 2628 lionurasti
2503 2575 2702 2643 tibique
2734 2574 2995 2628 honorem
3022 2572 3309 2626 attraxisti.
3350 2570 3557 2639 Ubique
3589 2573 3754 2640 primas

2198 2672 2315 2722 alus
2344 2668 2722 2721 concedamus.
2744 2666 2883 2720 Nihil
2901 2681 3112 2729 eorum,
3142 2681 3261 2734 qua:
3292 2664 3448 2719 nobis
3477 2664 3611 2716 illata
3635 2674 3753 2725 sunt,

2198 2762 2456 2814 malorum
2488 2760 2855 2821 recordemur,
2876 2759 2969 2812 sed
3003 2760 3266 2812 bonorum
3292 2765 3520 2811 tantum.
3546 2756 3675 2811 Nihil
3696 2758 3756 2809 sic

2198 2856 2319 2910 facit
2345 2858 2574 2909 amicum
2604 2865 2659 2907 ut
2688 2863 2837 2923 grata
2870 2853 3067 2923 lingua,
3088 2866 3151 2905 os
3178 2852 3312 2904 bene
3344 2850 3755 2919 loquens,anima

2196 2952 2311 3005 sine
2341 2952 2494 3013 fastu,
2515 2964 2663 3001 vana-
2677 2947 2860 3016 gloria:
2884 2956 2935 3000 et
2964 2946 3182 2998 honoris
3204 2953 3563 3010 contemptus.
3594 2943 3643 2996 Si
3665 2941 3757 2996 hac

2197 3041 2502 3105 fecerimus,
2535 3040 2829 3109 poterimus
2869 3037 3066 3090 diaboli
3100 3034 3300 3104 laqm‘is
3338 3034 3593 3087 inacccssi
3624 3047 3754 3097 esse;

2195 3141 2250 3186 et
2280 3134 2528 3185 virtutem
2584 3138 2832 3184 accurate
2860 3128 3091 3190 sectati,
3142 3127 3401 3196 promissa
3443 3125 3756 3194 diligentibus

2196 3224 2364 3279 Deum
2399 3224 2533 3277 bona
2585 3220 2862 3290 consequi,
2915 3219 3083 3289 gratia
3116 3227 3169 3272 et
3199 3218 3530 3287 benignitate
3578 3216 3757 3271 Domini

2194 3317 2365 3371 nostri
2395 3315 2519 3370 Jesu
2550 3313 2770 3378 Christi,
2812 3314 3026 3382 quicum
3079 3311 3225 3365 Patri
3265 3322 3318 3365 et
3347 3309 3571 3381 Spiritui
3600 3317 3757 3363 sancto

2199 3409 2388 3479 gloria,
2410 3408 2711 3477 imperium,
2734 3406 2930 3473 honor,
2958 3418 3098 3459 nunc
3118 3414 3417 3474 etsemper,
3441 3413 3496 3459 et
3519 3404 3571 3457 in
3592 3402 3757 3457 saecula

2193 3501 2536 3554 seculorum.
2558 3499 2749 3552 Amen.

526 3592 3761 3644 W

1817 3680 2161 3742 HOMlLlA
2209 3680 2369 3740 XLI.

498 3835 631 3891 CAP.
678 3832 762 3887 19.
798 3846 852 3884 v.
881 3830 933 3885 8.
981 3827 1247 3899 Ingressus
1280 3827 1333 3878 in
1378 3841 1708 3895 synagogam,
1749 3841 1862 3876 cum
1900 3824 2089 3892 ﬁducia

571 3923 874 3995 loquebatur
918 3936 1007 3992 per
1037 3930 1138 3972 tres
1169 3932 1387 3979 menses,
1415 3917 1681 3985 disputans
1717 3924 1761 3967 et
1782 3914 2001 3968 suadens
2026 3917 2088 3968 de

572 4032 727 4087 regno
754 4012 871 4067 Dei.

576 4110 628 4164 1.
651 4109 951 4179 Synngogas
972 4107 1256 4174 frequenter
1280 4100 1387 4153 adit
1419 4098 1616 4152 Paulus
1632 4140 1645 4162 ,
1674 4113 1846 4168 quare.
1868 4126 1937 4135 —
1957 4095 2087 4150 Vide

505 4202 720 4270 ubique,
749 4210 805 4252 ut
832 4214 891 4252 se
921 4197 974 4250 in
1003 4207 1303 4267 synagogas
1325 4192 1586 4255 innuittit,
1610 4199 1664 4244 et
1690 4190 1769 4244 sic
1789 4189 2083 4258 demigrat:

506 4296 702 4364 ubique
732 4291 873 4345 enim
911 4288 979 4342 ab
1019 4288 1124 4341 illis
1152 4285 1367 4339 volebat
1391 4282 1729 4336 occasionem
1770 4293 2085 4344 assumere,

504 4402 561 4439 ιιι
581 4383 712 4440 dixi.
751 4381 884 4437 Nam
912 4388 1102 4449 gentes
1134 4377 1243 4447 jam
1281 4375 1400 4429 zelo
1441 4372 1739 4434 fervebant,
1780 4381 1834 4425 et
1861 4371 2089 4425 libenter

502 4491 625 4534 eum
654 4471 1025 4542 accipiebant;
1063 4467 1233 4523 Jud:ei
1264 4481 1392 4520 vero
1440 4464 1690 4535 gentibus
1739 4462 2087 4516 lidcmsusci-

504 4570 803 4642 pientibus,
836 4563 1202 4634 pmnitentiam
1241 4560 1489 4630 agebant.
1531 4557 1759 4611 Volebat
1797 4556 2087 4625 discipulos

504 4664 653 4719 illinc
694 4658 1031 4721 abstrahere,
1072 4664 1127 4710 et
1151 4655 1217 4708 ab
1244 4653 1346 4707 illis
1370 4652 1628 4721 incipere,
1662 4659 1719 4703 ut
1749 4665 1815 4703 ne
1842 4664 1960 4701 cum
1986 4648 2091 4702 illis

501 4759 959 4825 congregarentur
985 4766 998 4801 :
1024 4761 1200 4816 neque
1222 4746 1339 4798 sine
1367 4757 1526 4796 causa
1554 4741 1656 4795 hoc
1698 4739 1944 4793 faciebat.
1968 4737 2091 4792 Ideo

505 4849 815 4917 frequenter
860 4856 981 4897 cum
1014 4840 1121 4894 illis
1166 4836 1508 4906 disputabat,
1552 4834 1673 4903 quia
1712 4832 2087 4903 persuadebat.

504 4941 583 4996 Ne
612 4941 806 5011 igitur,
838 4938 963 5007 quia
993 4933 1205 4989 dicendi
1248 4930 1545 4985 libertatem
1570 4928 1799 4995 audisti,
1828 4928 2091 4997 asperita-

505 5041 613 5088 tem
646 5042 800 5101 putes
831 5048 843 5083 :
877 5030 947 5083 de
973 5026 1193 5081 utilibus
1223 5024 1384 5079 rebus
1422 5020 1750 5090 disputabat,
1779 5020 1847 5073 de
1875 5034 2040 5088 regno
2069 5034 2084 5070 :

518 5123 638 5191 quis
665 5136 769 5175 non
811 5117 1083 5173 audisset?
1112 5116 1167 5172 9.
1203 5134 1222 5168 ι
1254 5115 1386 5169 Cum
1417 5120 1592 5165 autem
1622 5110 1835 5179 quidam
1878 5109 2091 5162 indura-

511 5230 715 5279 rentur,
743 5221 797 5265 et
818 5227 922 5265 non
943 5210 1263 5271 crederent,
1293 5205 1677 5260 maledicentes
1709 5202 1843 5255 viam
1876 5200 2093 5255 Domini

515 5320 697 5362 coram
727 5301 1061 5357 multitudine
1081 5340 1096 5362 ,
1120 5298 1399 5353 discedens
1421 5298 1487 5350 ab
1527 5296 1637 5359 eis,
1670 5294 1968 5363 segregavit
2012 5292 2094 5346 di-

518 5396 775 5465 scipulos,
802 5390 1041 5461 quotidie
1068 5389 1345 5458 disputans
1368 5389 1419 5442 in
1448 5387 1631 5441 schola
1656 5385 1891 5458 Tyranni
1917 5387 2094 5452 cujus-

514 5487 662 5542 dam.
689 5484 778 5540 10.
813 5483 925 5536 Hoc
951 5490 1129 5534 autem
1151 5478 1353 5532 factum
1385 5486 1465 5532 est
1492 5494 1585 5546 per
1625 5476 1919 5539 biennium,
1951 5478 2097 5529 itaut

513 5594 736 5641 omnes,
768 5576 858 5648 qui
908 5573 1218 5628 habitabant
1266 5571 1316 5624 in
1368 5572 1533 5635 Asia,
1589 5570 1835 5623 audirent
1876 5567 2096 5621 verbum

523 5671 730 5729 Domini
760 5670 919 5735 Jcsu,
955 5676 1063 5721 tam
1110 5664 1278 5719 Judtci
1323 5678 1482 5732 quam
1522 5660 1715 5716 Οτιυοὶ.
1755 5680 1773 5713 ι
1805 5659 1955 5713 Viam
1981 5674 2096 5712 me-

514 5766 617 5819 rito
645 5764 908 5817 vocabant
941 5757 1373 5829 praedicationem
1401 5771 1414 5817 ;
1446 5769 1571 5808 vere
1603 5753 1746 5807 cnim
1773 5752 1885 5806 lucc
1912 5752 1993 5804 via
2017 5757 2100 5805 est

516 5876 634 5931 qua:
662 5857 811 5913 ducit
848 5856 918 5913 ad
946 5867 1168 5926 regnum
1220 5851 1497 5907 canorum.
1532 5846 1598 5901 In
1655 5848 1848 5913 schola,
1900 5848 2092 5915 inquit,

2201 3822 2428 3892 Tyrmmi
2470 3821 2739 3891 cujusdam
2780 3819 3092 3888 disputabat.
3154 3815 3218 3869 Et
3255 3817 3349 3867 liuc
3371 3822 3567 3885 factum
3596 3823 3661 3866 est
3688 3827 3759 3881 per

2197 3914 2451 3966 biennium
2473 3953 2485 3975 ,
2510 3912 2579 3963 ita
2610 3920 2661 3963 ut
2698 3927 2871 3963 omnes
2897 3908 3129 3961 audirent
3174 3924 3460 3959 sermonem
3489 3916 3591 3957 tum
3614 3901 3755 3956 Iudici

2195 4021 2347 4065 quam
2376 4002 2558 4056 erci.
2591 4001 2749 4056 Vides
2780 4009 3035 4070 quantum
3067 3997 3261 4065 profuit
3305 3999 3526 4051 assidue
3554 3992 3757 4064 urgere?

2197 4094 2264 4148 Et
2292 4093 2461 4148 Judmi
2492 4104 2546 4147 et
2568 4092 2738 4147 Graeci
2781 4091 3087 4145 audiebant.
3114 4090 3203 4146 11.
3231 4107 3249 4140 ι
3288 4089 3631 4157 Virtutesqne
3660 4100 3747 4137 non

2194 4188 2462 4259 quaslibet
2514 4186 2741 4240 faciebat
2794 4185 2933 4238 Deus
2987 4199 3081 4252 per
3133 4197 3323 4235 manus
3369 4180 3547 4245 Pauli,
3604 4178 3681 4232 12.
3716 4184 3759 4227 ut

2202 4282 2363 4336 etiam
2396 4295 2558 4350 super
2601 4278 2881 4349 languidos
2933 4277 3272 4332 deferrentur
3310 4275 3378 4329 de
3406 4290 3631 4344 oorpore
3665 4272 3756 4342 ejus

2205 4372 2447 4437 sudaria,
2489 4382 2544 4426 et
2589 4369 2955 4432 semicinctia,
3015 4380 3067 4421 et
3094 4368 3409 4422 recederent
3468 4368 3537 4420 ab
3574 4366 3649 4419 eis
3668 4364 3756 4416 lau-

2195 4480 2409 4535 guores,
2439 4473 2493 4517 et
2512 4463 2731 4531 spiritus
2749 4476 2974 4530 nequam
3003 4460 3213 4514 exirent
3242 4458 3309 4511 ab
3335 4459 3441 4512 eis.
3480 4477 3499 4510 ι
3530 4456 3639 4512 Νοη
3661 4464 3755 4507 tan-

2196 4558 2395 4628 gebant
2424 4556 2595 4609 solum
2626 4553 2891 4619 ferentes,
2918 4551 3013 4606 sed
3053 4551 3377 4620 accipientes
3408 4549 3751 4620 imponebant.

2196 4648 2319 4703 Ideo
2350 4663 2456 4701 non
2483 4646 2606 4700 sivit
2629 4645 2873 4699 Christus
2913 4645 3064 4698 illum
3096 4643 3174 4697 ire
3204 4643 3255 4695 in
3293 4642 3508 4707 Asiam,
3540 4641 3635 4693 hoc
3651 4650 3755 4691 teut-

2197 4756 2295 4811 pus
2321 4740 2633 4802 observans,
2662 4748 2718 4791 ut
2733 4752 2830 4807 ego
2859 4746 3005 4805 puto.
3042 4737 3123 4789 15.
3165 4754 3183 4786 ‹
3215 4734 3590 4790 Tentaverunt
3608 4741 3755 4783 autent

2196 4833 2411 4903 quidam
2447 4846 2512 4885 ex
2572 4827 3029 4884 circumeuntibus
3060 4826 3260 4881 Iudaeis
3304 4825 3589 4880 exon-istis
3631 4822 3755 4876 invo-

2197 4939 2321 4979 care
2343 4938 2503 4990 super
2543 4936 2668 4984 eos,
2700 4920 2788 4989 qui
2818 4918 3086 4972 habebant
3110 4920 3331 4987 spiritus
3363 4916 3563 4979 tnalos,
3594 4925 3758 4966 nomen

2203 5014 2410 5069 Domini
2439 5012 2566 5065 Jesu
2590 5053 2604 5077 ,
2639 5011 2918 5063 dicentes:
2953 5008 3275 5077 Adjuramus
3314 5022 3412 5060 Vtts
3454 5022 3550 5074 per
3578 5004 3756 5061 Jesutn,

2200 5124 2357 5175 quem
2392 5105 2585 5159 Paulus
2630 5102 2949 5172 pnedicat.»
2996 5101 3069 5154 Ita
3111 5101 3287 5154 omnia
3332 5098 3603 5154 faciebant
3652 5090 3759 5149 lucti

2199 5213 2381 5252 causa.
2416 5195 2548 5249 Vide
2581 5212 2594 5247 :
2629 5193 2848 5247 credere
2880 5192 3093 5261 quidem
3125 5190 3377 5245 nolebant
3399 5232 3414 5254 ,
3440 5188 3536 5243 sed
3568 5202 3656 5256 per
3679 5185 3760 5236 hoc

2202 5306 2394 5345 nomen
2432 5288 2683 5341 volebant
2720 5286 2918 5355 ejicere
2953 5286 3238 5339 daemonia.
3284 5284 3442 5352 Papa:
3467 5324 3483 5346 ,
3534 5286 3761 5349 quantum

2200 5392 2315 5435 erat
2356 5395 2548 5433 nomen
2580 5377 2725 5431 Pauli
2755 5377 2769 5430 i
2802 5377 2889 5430 M.
2927 5395 2946 5427 ι
2980 5376 3146 5430 Erant
3172 5386 3348 5429 autem
3376 5372 3591 5443 quidam
3616 5364 3757 5424 Judaai

2207 5473 2414 5533 Scevm,
2464 5468 2719 5539 principis
2760 5468 3134 5530 sacerdotum,
3175 5476 3377 5535 septem
3421 5464 3541 5530 filii,
3572 5455 3760 5531 quiboc

2204 5565 2485 5620 faciebant.
2521 5560 2989 5631 15.1{espondenS
3019 5570 3199 5614 autem
3244 5558 3466 5628 spiritus
3516 5566 3755 5623 nequam.

2204 5659 2336 5712 dixit
2361 5656 2439 5710 eis
2470 5673 2482 5707 :
2516 5655 2698 5710 Jesutn
2728 5654 2888 5718 novi,
2934 5664 2989 5707 et
3027 5652 3245 5707 Paulum
3294 5651 3443 5715 scio;
3482 5657 3581 5702 vos
3604 5652 3757 5697 autem

2206 5750 2293 5821 qui
2322 5747 2491 5802 estis?
2542 5745 2628 5798 l6.
2657 5746 2722 5799 Et
2752 5745 2993 5798 insiliens
3023 5745 3074 5797 in
3102 5759 3197 5798 eos
3228 5742 3386 5796 homo
3406 5782 3421 5803 ,
3460 5740 3510 5792 in
3540 5752 3638 5805 quo
3664 5742 3759 5785 erat

2206 5838 2535 5896 daemonium
2582 5838 2878 5908 pessimum
2906 5846 2960 5890 et
2989 5836 3290 5890 dominatus
3313 5846 3503 5887 eorum
3527 5870 3539 5896 ,
3564 5821 3757 5883 invaluit
