4100 6354
128 285 228 340 287

127 417 235 470 τρῳ
253 398 424 472 χοροῦ
458 398 735 470 μουσικῶν
761 397 964 463 πάντες
992 396 1130 468 μετά
1158 398 1316 470 σιγῆς
1344 397 1798 463 ἐπακούουσι,καὶ

125 489 296 552 οὐδεὶς
318 489 440 542 ἐκεῖ
463 486 712 556 θόρυϐος·
730 487 872 542 οὕτω
895 487 992 542 καὶ
1013 487 1072 540 ἐν
1094 488 1206 550 τοῖς
1235 486 1428 555 φίλοις,
1451 486 1551 556 τῆς
1576 486 1798 558 ἀγάπης

127 574 453 647 κρουούσης,
483 575 661 630 πάντα
693 576 890 646 ἠρεμεῖ
911 571 981 627 τά
1019 572 1166 643 πάθη
1201 573 1296 626 καὶ
1325 572 1795 642 κατακοιμίζεται,

124 662 378 734 καθάπερ
410 662 578 733 θηρία
620 662 932 733 κηλούμενα
979 661 1075 714 καὶ
1122 659 1439 730 θελγόμενα,
1467 659 1656 730 ῶσπερ
1705 655 1799 714 οὗν

123 750 239 804 ἔνθα
273 749 472 821 ἔχθρα,
510 751 687 805 πάντα
718 751 787 804 τὰ
811 748 1048 802 ἐναντία.
1069 746 1229 800 Ἀλλά
1259 746 1423 818 μηδὲν
1446 747 1573 816 περὶ
1601 745 1798 817 ἔχθρας

122 839 251 901 τέως
285 839 570 909 εῖπωμειψ
617 838 744 909 περὶ
788 835 968 906 φιλίας
1013 834 1260 905 λέγωμεν
1301 833 1478 904 μόνον.
1517 834 1613 885 Ἂν
1639 833 1799 905 εἴπῃς

121 945 168 980 τι
199 925 507 996 προπετὲς,
555 926 732 989 οὐδεὶς
782 926 810 979 6
863 921 1383 993 ἐπιλαμϐανόμενος,
1411 918 1548 973 ἀλλά
1597 919 1798 983 πάντες

122 1013 631 1084 συγγινώσκουσινο
681 1014 748 1068 ἂν
797 1011 1032 1084 πράξῃς,
1067 1008 1242 1073 οὐδεὶς
1299 1006 1616 1071 ὑποπτεύει,
1661 1007 1800 1062 άλλά

121 1102 285 1174 πολλὴ
314 1104 349 1174 ή
385 1101 684 1173 συγγνώμη
706 1119 720 1133 ·
756 1100 954 1162 πάντες
976 1098 1024 1153 οί
1063 1100 1219 1170 χεῖρα
1245 1097 1528 1169 ὀρέγοντες
1550 1095 1800 1150 πίπτοντι

122 1190 436 1262 ⁴πρόχειροι·
472 1189 676 1252 πάντες
702 1189 752 1241 οἱ
781 1185 1094 1258 βουλόμενοι
1131 1184 1318 1255 στῆναι
1357 1182 1651 1255 πρόθυμοι.

183 1278 384 1348 Τεῖχος
426 1274 599 1340 ὅντως
622 1274 864 1346 ἀῤῥαγές
898 1273 932 1344 ή
963 1271 1138 1343 φιλία,
1182 1271 1276 1324 καὶ
1300 1269 1422 1324 ούδέ
1445 1268 1524 1348 τῷ
1566 1267 1800 1340 διαϐόλῳ

125 1362 424 1432 ἁλώσιμον,
463 1362 597 1433 μήτι
624 1377 688 1431 γε
712 1358 1039 1430 ἀνθρώποις.
1079 1357 1194 1412 Οὐκ
1212 1355 1290 1410 ἔνι
1321 1354 1551 1424 κινδύνῳ
1575 1372 1802 1426 περιπε-

125 1453 225 1504 σεῖν
275 1451 376 1504 τὸν
424 1449 618 1519 φίλους
668 1447 1008 1519 κεκτημένον
1052 1444 1310 1508 πολλούς·
1360 1444 1461 1498 οὐκ
1506 1442 1587 1497 ενι
1630 1441 1802 1514 όργῆς

125 1538 383 1592 ὑπόθεσιν
409 1539 582 1607 σχεῖν,
617 1535 753 1589 ἀλλά
785 1533 1083 1606 θυμηδίας⁶
1124 1535 1182 1586 ἐν
1215 1531 1413 1600 γέλωτι
1441 1530 1528 1584 ἀεί
1561 1532 1677 1583 ἐστι
1706 1529 1802 1582 καὶ

123 1628 332 1698 τρυφῇ·
395 1624 502 1677 οὑκ
557 1623 635 1676 ένι
695 1620 995 1693 βασκανίας
1043 1618 1298 1673 ὑπόθεσιν
1343 1619 1523 1688 σχεῖν·
1575 1616 1675 1669 ούκ
1720 1615 1800 1670 ένι

129 1711 502 1784 μνησικακίας
529 1711 803 1782 ἀφορμήν.
830 1709 972 1781 Ὀρα
997 1706 1087 1762 τὸν
1109 1706 1347 1760 τοιοῦτον
1377 1705 1473 1759 καὶ
1496 1703 1565 1757 τά
1595 1717 1618 1746 α
1642 1720 1800 1757 πνευ-

135 1801 332 1873 ματικά
352 1801 454 1855 καὶ
482 1799 558 1854 τά
578 1796 820 1868 σαρκικὰ
843 1794 1216 1868 κατορθοῦντα
1234 1794 1349 1864 μετ’
1368 1791 1634 1855 εὐκολίας.
1654 1791 1718 1843 Τί
1736 1789 1800 1862 δή

127 1887 209 1944 οὖν
233 1889 436 1942 τούτου
475 1887 592 1941 ἴσον
624 1885 824 1956 γένοιτ’
849 1885 949 1950 ἀνς
987 1885 1200 1955 Ὠσπερ
1229 1881 1385 1945 πόλις
1420 1879 1802 1950 τετειχισμένη

129 1979 388 2035 πάντοθεν
417 1970 579 2039 οὗτός
608 1979 776 2038 ἐστιν,
794 1976 999 2037 ἐκεῖνος
1017 1974 1074 2027 δέ
1096 1973 1285 2044 ὥσπερ
1311 1970 1464 2034 πόλις
1479 1969 1799 2038 ἀτείχιστος.

128 2068 386 2138 Μεγάλης
414 2065 612 2136 σοφίας
642 2063 704 2118 τὸ
751 2061 1010 2116 δύνασθαι
1063 2059 1245 2130 φιλίας
1275 2053 1415 2112 εἷναι
1449 2055 1800 2126 δημιουργόν.

135 2155 314 2209 Ἀνελε
343 2153 447 2225 τὴν
478 2152 685 2223 φιλίαν,
707 2153 802 2206 καὶ
829 2150 1008 2204 πάντα
1032 2147 1264 2214 ἀνεῖλες,
1315 2147 1495 2200 πάντα
1526 2143 1799 2216 συνέχεες.

135 2244 197 2296 Εἰ
216 2243 269 2296 δέ
293 2240 455 2295 εἰκὼν
485 2239 672 2310 φιλίας
690 2237 958 2305 τοσαύτην
988 2235 1103 2306 ἔχει
1129 2237 1227 2307 τὴν
1258 2232 1430 2304 ἰσχὺν,
1457 2230 1595 2303 αὑτὴ
1616 2232 1650 2302 ὴ
1671 2230 1805 2302 ἀλή-

143 2331 252 2384 θεια
277 2331 415 2400 πόση
448 2346 537 2391 τις
555 2327 624 2382 ἀν
651 2327 767 2398 sit};
801 2324 1319 2392 Κατασκευὰσωμεν
1345 2319 1526 2374 τοίνυν
1549 2319 1679 2390 ὑμῖν
1707 2317 1803 2388 φί-

138 2417 271 2484 λους,
301 2415 627 2490 παρακαλῶ,
657 2415 751 2468 καὶ
774 2413 976 2484 ταύτην
1010 2413 1241 2474 ἕκαστος
1262 2409 1432 2480 ἐχέτω
1459 2405 1557 2479 τὴν
1585 2407 1798 2479 τέχνην.

148 2508 275 2560 Ἀλλ’
299 2507 436 2572 ίδοὺ,
475 2505 669 2575 φησὶν,
699 2502 809 2572 ἐγὼ
832 2499 1137 2565 σπουδάζω,
1167 2499 1374 2562 ἐκεῖνος
1393 2495 1450 2551 δὲ
1477 2495 1540 2549 ού
1571 2493 1804 2548 σπουδά-

130 2593 224 2658 ζει.
253 2594 470 2649 Πλείων
494 2594 524 2645 6
555 2591 749 2656 μισθὸς
771 2588 944 2653 οὕτως
969 2587 1124 2642 ἔσται
1160 2604 1262 2641 σοι.
1296 2584 1427 2648 Ναὶ,
1457 2584 1643 2654 φησὶν,
1665 2582 1802 2638 ἀλλά

125 2685 181 2737 τὸ
199 2685 438 2754 πρᾶγμα
473 2678 898 2749 δυσκολώτερον.
919 2675 1071 2746 Πῶς,
1100 2673 1220 2728 εἰπέ
1251 2689 1376 2744 μοι;
1415 2671 1548 2726 Ἰδοὺ
1578 2670 1804 2743 διαμαρ-

123 2771 358 2843 τύρομαι
414 2770 513 2822 καὶ
552 2767 718 2836 λέγω,
770 2767 852 2819 ὅτι
906 2764 1039 2819 δέκα
1099 2762 1258 2834 μόνον
1303 2760 1398 2814 ἐὰν
1445 2758 1801 2830 συμφράξητε

123 2861 372 2928 ἑαυτοὺς,
406 2858 505 2920 καὶ
545 2856 708 2927 ἐργον
729 2854 891 2908 τοῦτο
923 2852 1056 2924 θῆτε
1081 2849 1333 2922 καθάπερ
1357 2848 1405 2902 οί
1428 2845 1718 2902 ἀπόστολοι
1741 2848 1803 2901 τὸ

179 3127 200 3153 ⁸
220 3129 359 3193 Ὅρα
374 3127 524 3177 αὐτὸν
543 3126 626 3175 καὶ
647 3124 728 3184 τά,
750 3123 820 3174 sic
836 3121 1034 3186 quidam
1057 3121 1162 3173 alii.

1221 280 1293 337 IN
1328 280 1514 338 ACTA
1544 277 2082 341 APOSTOLORUM.
2119 284 2351 342 HOMIL.
2392 284 2532 340 XLI.

3449 281 3558 338 288

1900 401 2206 474 κηρύττειν,
2248 401 2500 472 καθάπερ
2525 401 2555 441 δ
2599 401 2650 453 οί
2681 398 2960 471 προφῆται
3006 397 3068 450 τὸ
3097 397 3385 456 διδάσκειν,
3415 397 3560 450 οὕτω

1898 489 1992 542 καὶ
2018 491 2176 560 ἡμεῖς
2198 490 2258 543 τὸ
2279 489 2464 559 φίλους
2485 491 2680 552 ποιεῖν,
2722 487 2911 558 μισθὸς
2939 486 3088 540 ἔσται
3126 486 3320 555 μέγας.
3344 485 3563 538 Βασιλι-

1898 578 2000 642 κάς
2041 578 2252 640 είκόνας
2288 579 2419 648 ήμῖν
2444 577 2626 639 αὐτοῖς
2653 573 3183 644 κατασκευάζωμεν·
3220 571 3378 626 τοῦτο
3417 570 3560 637 γνώ-

1902 682 2072 736 ρισμα
2117 664 2394 736 μαθητῶν.
2431 664 2541 718 Καὶ
2575 663 2693 728 πῶς
2726 663 2785 716 ού
2829 661 3010 733 μεῖζον
3040 659 3403 728 ἐργαζόμεθα,
3437 659 3469 727 ἥ
3514 659 3564 710 εί

1898 752 2125 822 δύναμιν
2158 752 2340 815 αὐτοῖς
2369 751 2676 822 ἐνετίθεμεν
2701 752 2926 824 νεκροὺς
2952 750 3197 818 ἀνιστᾷν;
3231 746 3304 799 Τὸ
3323 745 3564 816 διάδημα

1902 840 1996 893 καὶ
2044 841 2076 911 ή
2108 839 2367 910 ἁλουργὶς
2408 839 2648 892 δείκνυσι
2679 838 2768 892 τὸν
2818 836 3062 908 βασιλέα,
3094 836 3188 889 καὶ
3224 833 3428 888 τούτων
3465 832 3567 886 οὐκ

1899 927 2088 990 ὅντων,
2132 925 2237 980 κᾶν
2264 926 2443 997 χρυσᾶ
2468 924 2565 996 ἔχῃ
2596 925 2808 996 ἱμάτια,
2841 923 2996 978 οῦπω
3026 925 3055 977 6
3098 921 3348 992 βασιλεὺς
3385 920 3563 991 δῆλος.

1901 1014 2058 1068 υῦτω
2080 1014 2144 1087 δή
2171 1015 2265 1068 καλ⁵
2285 1013 2400 1077 νῦν,
2427 1015 2487 1067 τὺ
2511 1011 2798 1084 γνώρισμα
2828 1013 2891 1066 σὺ
2917 1010 3173 1087 ἐργάζου,
3191 1010 3286 1063 καὶ
3319 1008 3567 1078 ποιήσεις

1903 1102 2113 1174 σεαυτῷ
2131 1079 2327 1172 ’φίλους
2348 1101 2442 1156 καὶ
2469 1079 2670 1164 ἄλλοις.
2694 1079 2880 1162 Οὐδείς
2902 1079 3050 1152 ἐστιν
3067 1079 3224 1160 μόστις
3247 1094 3568 1165 φιλούμενος

1901 1191 2120 1263 θελήσει
2147 1191 2342 1262 μισεῖν.
2378 1189 2654 1261 Μάθωμεν
2672 1186 2742 1242 τά
2767 1186 3053 1258 χρώματα,
3075 1185 3143 1238 δι’
3171 1177 3248 1240 ὧν
3273 1183 3566 1256 κεράννυν⁴

1899 1297 2010 1346 ται,
2035 1275 2193 1335 δι’ὧν
2211 1279 2347 1351 αῦτη
2371 1279 2728 1350 συντίθεταιή
2753 1275 2917 1331 εἰκών
2935 1290 2949 1306 ⁸
2978 1276 3377 1346 εὐπροσήγοροι
3393 1267 3567 1343 ὦμεν⁸

1906 1367 1980 1440 μὴ
2013 1367 2395 1439 περιμένωμεν
2418 1366 2545 1430 τοὺς
2565 1365 2809 1436 πλησίον.
2841 1363 2932 1434 Μὴ
2963 1364 3144 1436 εἴπῃς·
3177 1361 3305 1414 Ἐἀν
3327 1360 3422 1414 ῐδω
3445 1357 3571 1412 τινά

1903 1456 2286 1528 περιμένοντα,
2319 1455 2519 1527 χείρων
2561 1453 2728 1508 αὑτοῦ
2768 1452 3023 1522 γίνομαιο
3054 1447 3189 1503 ἀλλά
3218 1447 3418 1518 μᾶλλον
3441 1446 3572 1500 ὅταν

1905 1543 2041 1617 ἴδῃς,
2085 1543 2326 1616 πρόλαϐε
2360 1541 2457 1596 καὶ
2504 1541 2696 1595 σϐέσον
2733 1539 2897 1594 αὑτοῦ
2929 1538 2991 1592 τὸ
3031 1537 3222 1600 πάθος.
3253 1536 3416 1606 Ὁρᾷς
3470 1532 3571 1586 κά·-

1911 1648 2130 1703 μνοντα,
2165 1631 2256 1685 καὶ
2309 1629 2596 1693 ἐπιτείνεις
2622 1628 2721 1700 τὴν
2747 1629 2941 1693 νόσον;
2975 1625 3146 1679 Τοῦτο
3201 1623 3432 1695 μάλιστα
3465 1619 3574 1690 πρὸ

1907 1720 2131 1775 πάντων
2161 1718 2627 1791 κατορθώσωμεν,
2660 1714 2814 1788 [508]
2844 1715 2906 1768 τὸ
2938 1713 3295 1784 προηγεῖσθαι
3332 1711 3397 1778 τῇ
3437 1709 3569 1778 τιμῇ

1906 1807 2170 1880 ἀλλήλους
2189 1825 2203 1839 ·
2230 1807 2292 1860 τὺ
2303 1806 2553 1878 ήγεῖσθαι
2576 1803 2838 1876 ἀλλήλους
2857 1801 3220 1873 ὑπερέχοντας
3246 1796 3473 1856 ἑαυτῶν,
3497 1794 3572 1866 μὴ

1902 1895 2128 1966 νομίσῃς
2161 1891 2534 1947 ἐλαττοῦσθαι.
2560 1891 2657 1946 Ἂν
2689 1891 2798 1961 ἄρα
2826 1888 3117 1960 προηγήση
3147 1887 3214 1955 τῇ
3242 1884 3400 1953 τιμῇ,
3436 1897 3572 1934 σαυ-

1901 1982 1992 2037 τὸν
2029 1982 2294 2052 ἐτίμησας
2317 1980 2498 2045 πλέον,
2531 1981 2612 2043 είς
2644 1979 2706 2033 τὸ
2732 1977 2892 2032 πλέον
2924 1975 3221 2046 τιμηθῆναι
3249 1967 3571 2038 ἐπισπώμε-

1902 2087 2011 2134 νος.
2061 2068 2342 2139 Πανταχοῦ
2383 2068 2493 2122 τῶν
2543 2066 2828 2139 πρωτείων
2866 2063 3075 2134 ἑτέροις
3129 2055 3570 2131 παραχωρῶμεν.

1902 2157 2086 2230 Μηδὲν
2113 2156 2223 2210 τῶν
2252 2157 2332 2221 είς
2375 2157 2526 2228 ἡμᾶς
2554 2152 2935 2226 εἰργασμένων
2981 2147 3170 2203 δεινῶν
3219 2141 3572 2215 μνημονεύω-

1905 2229 2028 2317 μεν,
2079 2245 2198 2299 ἀλλ’
2238 2243 2294 2298 εῐ
2331 2261 2387 2298 τι
2426 2241 2649 2312 ἀγαθόν.
2705 2239 2870 2295 Οὐδὲν
2905 2237 3046 2291 οὕτω
3082 2237 3228 2288 ποιεῖ
3278 2232 3450 2302 φίλον,
3497 2229 3575 2292 ὡς

1902 2333 2122 2404 γλῶσσα
2151 2333 2490 2405 εὐχάριστος,
2535 2329 2710 2401 στόμα
2758 2326 3025 2398 εὔφημον,
3051 2323 3199 2395 ψυχὴ
3231 2322 3453 2388 ἄτυφος,
3488 2333 3577 2370 κε-

1901 2421 2141 2490 νοδοξίας
2161 2420 2452 2493 ὑπεροψία,
2473 2418 2645 2490 τιμῆς
2671 2414 3098 2485 καταφρόνησις.
3125 2413 3222 2464 Ἂν
3251 2407 3426 2462 ταῦτα
3451 2422 3577 2459 κατ-

1901 2507 2250 2582 ορθώσωμεν,
2293 2504 2636 2579 δυνησόμεθα
2673 2500 2932 2572 γενέσθαι
2961 2500 3251 2570 ἀχείρωτοι
3287 2497 3413 2582 ταῖς
3466 2509 3576 2582 πα-

1901 2578 2018 2666 γίσι
2038 2578 2145 2650 τοῦ.
2177 2578 2449 2658 διαϐόλου,
2486 2592 2581 2647 καὶ
2612 2589 2752 2663 μετὰ
2782 2587 3072 2662 ἀκριϐείας
3133 2584 3235 2654 τὴν
3263 2580 3478 2666 ἀρετὴν*
3494 2578 3577 2630 δι-

1901 2660 2198 2742 ανύσαντες
2247 2676 2358 2731 τῶν
2409 2660 2834 2744 ἐπηγγελμένων
2862 2660 3100 2739 ἀγαθῶν
3123 2668 3237 2730 τοῖς
3291 2660 3577 2731 ἀγαπῶσιν

1902 2766 2066 2822 αὑτὸν
2111 2767 2410 2836 ἐπιτυχεῖν,
2447 2764 2631 2835 χάριτι
2663 2760 2761 2816 καὶ⁸
2815 2753 3195 2828 φιλανθρωπίᾳ
3232 2750 3326 2805 τοῦ
3364 2747 3577 2836 Κυρίου

1900 2855 2060 2926 ἡμῶν
2097 2833 2568 2925 ἸησοῦηΧριστοῦ,
2601 2848 2718 2922 μεθ’
2752 2840 2814 2902 οῦ
2843 2845 2922 2917 τῷ
2960 2843 3156 2914 Πατρὶ,
3189 2842 3308 2912 ἅμα
3331 2837 3410 2909 τῷ
3436 2833 3579 2926 ἁγίῳ

1904 2920 2204 3013 ῐΪνεύματι,
2232 2920 2380 3005 δόξα,
2405 2920 2626 3012 κράτος,
2655 2933 2813 3006 τιμὴ,
2849 2932 2945 2988 νῦν
2970 2931 3068 2985 καὶ
3089 2929 3197 2993 ἀεὶ,
3228 2925 3325 2980 καὶ
3349 2925 3430 2987 είς
3447 2920 3577 2985 τοὺς

1901 3028 2105 3092 αίῶνας
2143 3026 2254 3081 τῶν
2285 3025 2518 3080 αἰώνων.
2559 3024 2756 3095 Ἀμήν.

1909 3145 1919 3158 ι
1965 3117 1994 3158 ι)
2023 3117 2159 3168 Unus
2179 3115 2443 3166 ἀπόστολοι
2474 3112 2784 3177 κηρύττοντες
2803 3108 3033 3172 καθάπιρι

225 3249 3461 3295 _________________._____...._____————-———-

1671 3385 1916 3442 OMIAIA
1952 3383 2091 3441 MA'.

112 3499 431 3560 εἰσελθὼν
456 3495 529 3551 δὲ
555 3495 646 3560 εις
669 3493 786 3560 τὴν
809 3488 1194 3560 συναγωγὴν,
1209 3481 1680 3560 *ἐπαρρησιάζετο
1700 3481 1800 3560 ἐπί

423 3549 638 3644 τρεῖς,’
663 3549 1086 3644 διαλεγόμενος
1117 3549 1226 3613 ’καί
1284 3549 1504 3612 πείθων
1537 3553 1613 3608 τὰ
1668 3549 1803 3621 περὶ

186 3631 305 3712 τῆς
326 3631 664 3706 ,βασιλείας
685 3633 794 3688 τοῦ
821 3631 991 3687 Θεοῦ.

190 3742 261 3790 α’.
296 3735 446 3803 ὐρα
468 3721 740 3796 πανταχοῦ
765 3721 956 3777 ἑαυτὸν
979 3716 1308 3773 είσωθοῦντα
1337 3713 1416 3780 είς
1434 3713 1533 3778 τάς
1562 3727 1805 3780 συναγω-

124 3826 247 3894 γΞις.
417 3815 596 3879 οὕτως
646 3811 898 3879 ἐξιόνταο
957 3805 1238 3894 πανταχοῦ
1290 3803 1401 3894 γάρ
1456 3802 1586 3873 παρ’
1624 3798 1804 3894 αὑτῶν

126 3886 379 3968 ἐϐούλετο
414 3904 606 3960 λαϐεῖν
645 3897 922 3972 ἀφορμήν,
952 3897 1090 3966 ὅπερ
1140 3893 1298 3965 ἔφην.
1335 3889 1417 3946 Τά
1442 3907 1503 3942 τε
1543 3888 1653 3960 γάρ
1677 3886 1803 3958 έθνη

125 3998 444 4073 παρεζήλου
492 3989 678 4046 λοιπὸν
704 4027 722 4053 ,
784 3987 879 4040 καὶ
949 3981 1246 4056 προθύμως
1320 3977 1643 4048 ἀπεδέχοντο
1703 3974 1805 4028 αὖ-

125 4067 221 4148 τὸν
242 4103 293 4155 ι,
327 4067 400 4142 *οῖ
434 4102 498 4138 τε
540 4081 810 4142 Ἰουδαῖοι,
850 4077 959 4131 τῶν
1010 4073 1181 4130 ἐθνῶν
1218 4070 1548 4144 δεχομένων,
1592 4067 1809 4140 μετενό-

123 4198 240 4235 ουν.
280 4153 572 4230 Ἐϐούλετο
625 4164 932 4236 ἀποστῆσαι
972 4161 1101 4226 τοὺς
1158 4157 1406 4231 μαθητάς
1467 4155 1676 4209 ἐκεῖθεν
1714 4153 1809 4208 καὶ

126 4269 255 4341 παρ’
283 4261 471 4320 αὐτῶν
499 4257 685 4312 λαϐεῖν
737 4255 836 4326 τὴν
881 4251 1076 4323 ἀρχὴν,
1105 4247 1247 4341 ὥστε
1309 4246 1385 4341 μὴ
1412 4242 1762 4341 *φνάγεσραι
1790 4258 1806 4274 .

127 4332 223 4413 καί
248 4356 350 4425 οὐχ
368 4349 564 4412 ἁπλῶς
591 4344 749 4400 τοῦτο
779 4341 974 4425 ἐποίει.
1022 4338 1121 4392 Διά
1147 4335 1306 4390 τοῦτο
1331 4333 1602 4402 διελέγετο
1628 4332 1811 4394 αὐτοῖς

130 4421 392 4514 συνεχῶς,
421 4441 508 4493 ὅτι
535 4433 740 4488 ἔπειθε.
774 4429 864 4501 Μὴ
889 4423 981 4482 οὖν
1004 4425 1189 4514 ἐπειδή
1212 4421 1526 4514 παρρησίαν
1551 4421 1810 4514 ἡκουσας,

127 4505 449 4603 τραχύτητα
481 4521 713 4593 νομίσῃς
734 4535 751 4552 ⁹
807 4517 938 4588 περὶ
969 4511 1226 4603 χρηῖτιῖέν
1276 4508 1614 4603 πραγμάξξυν
1639 4505 1811 4603 ﬂag”

311 4593 445 4686 περὶ
477 4608 752 4683 βασιλείας
771 4623 785 4638 ο
834 4604 916 4669 τίς
945 4603 1045 4657 οὐκ
1075 4599 1140 4654 ἂν
1169 4600 1437 4671 ήκουσεν;
1503 4595 1599 4659 Ὡς
1629 4593 1697 4689 δέ
1728 4609 1812 4646 τι-

130 4677 232 4772 νες
259 4677 272 4683 ⁷
295 4677 756 4767 ἐσκληρύνοντο
817 4689 917 4744 καὶ
979 4685 1294 4754 ἠπείθουν.
1338 4677 1815 4749 κακολογοῦντες

129 4763 242 4860 τὴν
265 4789 416 4846 ὀδόν
431 4763 692 4840 ἐνώπιον
712 4778 820 4834 τοῦ
849 4776 1142 4842 πλήθους,
1171 4769 1443 4860 ἀποστὰς
1465 4767 1564 4822 ἀπ’
1590 4763 1808 4832 αὐτῶν,

130 4854 395 4951 ὰᾷψισε
454 4872 598 4938 τοὺς
638 4865 930 4940 μαθητὰς,
972 4861 1102 4916 καθ’
1137 4854 1809 4951 ἡμέρανᾲδιαλεγόμενος

129 4939 199 5023 ἐν
220 4939 290 5036 τξῑ
330 4959 541 5033 σχολῇ
580 4939 882 5026 Τυράννου
912 4951 1093 5016 τινός.
1133 4947 1312 5003 Τοῦτο
1354 4942 1422 4998 δὲ
1448 4943 1684 5013 ἐγένετο
1712 4939 1811 5036 ἐπὶ

129 5064 231 5126 ἐτη
251 5027 564 5119 δύοξῶστε
591 5046 822 5108 πάντας
847 5040 989 5106 τοὺς
1010 5034 1439 5099 κατοικοῦντας
1462 5030 1579 5098 τὴν
1604 5027 1814 5084 Ἀσίαν

131 5118 388 5200 ἀκοῦσαι
420 5139 530 5194 τὸν
551 5137 739 5205 λόγον
764 5129 868 5184 τοῦ
900 5127 1121 5195 Κυρίου
1149 5122 1372 5192 Ἰησοῦ,
1391 5118 1716 5184 Ἰουδαίους
1749 5133 1814 5170 τε

127 5236 224 5287 καί
273 5233 614 5296 Ἕλληνας.
676 5219 824 5274 Ὀδδν
882 5217 943 5270 τὸ
976 5218 1236 5286 κήρυγμα
1285 5210 1510 5272 εἰκότως
1565 5205 1812 5260 ἐκάλουν.

133 5322 341 5382 Ὄντως
366 5317 480 5387 γὰρ
518 5311 660 5381 αῦτη
693 5310 726 5380 ἡ
759 5307 878 5368 ὁδὸς
925 5300 993 5376 ἦν
1029 5306 1063 5373 ή
1113 5300 1404 5368 ἀπάγουσα
1428 5299 1508 5360 είς
1531 5295 1815 5387 τὴν-βασι-

125 5411 275 5464 λείαν
307 5381 419 5461 τῶν
447 5381 738 5472 τούρανῶν.
774 5397 879 5450 Ἐν
921 5391 994 5461 τῇ
1043 5388 1268 5457 σχολῇ,
1301 5388 1456 5458 φησὶ,
1511 5381 1814 5472 Τυράννου

125 5500 293 5564 τινὸς
341 5471 664 5560 διελέγετο.
722 5483 829 5540 Καὶ
871 5481 1045 5536 τοῦτο
1099 5477 1336 5549 ἐγένετο
1383 5475 1480 5564 ἐπὶ
1521 5474 1626 5540 ἐτη
1680 5471 1814 5537 δύο,

120 5559 284 5642 ὥστε
314 5559 552 5645 πάντας
579 5573 842 5632 ἀκοῦσαι
885 5570 993 5624 τὸν
1033 5568 1219 5638 λόγον
1254 5563 1583 5628 Ἰουδαίους
1617 5579 1682 5616 τε
1715 5559 1816 5616 καὶ

125 5678 467 5738 Ἓλληνας.
504 5665 669 5736 ὐρᾷς
701 5661 864 5713 πόσον
896 5659 1092 5728 ῆνυσεν
1119 5657 1152 5726 ή
1183 5651 1512 5715 ἐπιστασίας
1542 5650 1652 5704 Καὶ
1683 5650 1813 5702 ’ἰου-

118 5767 260 5819 δαῖοι
290 5760 390 5814 καὶ
410 5755 676 5823 Ἕλληνες
705 5751 919 5822 ῆκουον.
945 5743 1232 5810 Δυνάμεις
1261 5758 1326 5796 τε
1353 5743 1426 5796 οὐ
1453 5740 1558 5806 τὰς
1597 5739 1810 5808 τυχού.

182 5929 200 5952 ⁸
230 5927 333 5980 A‘ii
360 5924 529 5974 λοιπὸν
551 5923 631 5970 καὶ
658 5919 829 5984 ῥαδίως
856 5917 999 5965 αὐτὸν
1027 5915 1321 5968 ἐπεδέξαντο.

1902 3496 2020 3546 σας
2043 3478 2231 3533 ἐποίει
2261 3477 2296 3530 ὁ
2325 3473 2470 3540 Θεὸς
2493 3470 2593 3526 διὰ
2619 3469 2739 3525 τῶν
2765 3467 2981 3539 χειρῶν
3006 3467 3274 3532 Παύλου,
3299 3465 3456 3522 ὥστε
3477 3464 3580 3521 καὶ

1901 3569 2000 3624 ἐπὶ
2027 3569 2170 3634 τοὺς
2197 3563 2608 3628 ἀσθενοῦντας
2633 3558 3018 3629 ἐπιφέρεσθαι
3061 3555 3182 3612 ἀπὸ
3214 3556 3320 3610 τοῦ
3353 3555 3580 3626 χρωτὸς

1901 3655 2089 3710 αὐτοῦ
2138 3653 2430 3722 σουδάρια
2481 3649 2520 3720 ἢ
2547 3648 2897 3719 σιμικίνθια,
2932 3643 3039 3698 παὶ
3068 3643 3580 3698 ἀπαλλάσσεσθαι

1903 3743 2005 3798 ἀπ’
2025 3741 2223 3797 αὐτῶν
2259 3739 2366 3807 τὰς
2407 3739 2656 3804 νόσους,
2687 3734 2760 3789 τά
2791 3751 2855 3788 τε
2892 3733 3202 3802 πνεύματα
3240 3731 3311 3784 τὰ
3344 3730 3578 3799 πονηρὰ

1904 3829 2249 3898 ἐξέρχεσθαι
2274 3828 2375 3882 ἀπ’
2403 3826 2620 3881 αὐτῶν.
2647 3824 2779 3894 Οὐχὶ
2808 3822 3099 3892 φοροῦντες
3126 3821 3360 3891 ἥπτοντο
3393 3819 3574 3888 μόνον,

1905 3918 2041 3974 ἀλλά
2070 3917 2162 3971 καὶ
2189 3915 2551 3988 λαμϐάνοντες
2600 3911 2936 3966 ἐπετίθεσαν.
2967 3909 3066 3962 Διά
3118 3907 3274 3961 τοῦτο
3302 3908 3402 3960 οὐκ
3431 3907 3517 3959 εἴα
3547 3908 3576 3960 6

1905 4007 2140 4081 Χριστὸς
2177 4005 2432 4061 ἀπελθεῖν
2469 4003 2631 4058 αὑτὸν
2663 4002 2742 4064 είς
2773 3999 2874 4071 τὴν
2914 3997 3120 4062 Ἀσίαν,
3154 3994 3339 4067 τηρῶν
3389 3995 3576 4048 τοῦτον

1904 4097 1999 4153 τὸν
2029 4095 2240 4168 καιρὸν,
2265 4093 2342 4157 ὡς
2379 4091 2551 4161 ἔγωγε
2600 4085 2773 4160 οἶμαι.
2820 4086 3254 4155 Ἐπεχείρησαν
3298 4084 3366 4138 δέ
3417 4098 3578 4150 τινες

1906 4185 2026 4243 ἀπὸ
2056 4183 2178 4238 τῶν
2196 4178 2665 4253 περιερχομένων
2700 4175 3006 4233 Ἰουδαίων
3031 4169 3418 4241 ἐξορκιστῶν,
3445 4170 3581 4224 ὀνο-

1902 4274 2108 4346 μάζειν
2135 4273 2233 4327 ἐπὶ
2254 4271 2396 4337 τοὺς
2421 4269 2676 4338 ἔχοντας
2704 4264 2778 4319 τὰ
2805 4262 3117 4332 πνεύματα
3153 4259 3224 4314 τὰ
3254 4259 3488 4327 πονηρὰ
3512 4260 3580 4312 τὸ

1910 4364 2096 4432 ὄνομα
2121 4360 2228 4415 τοῦ
2251 4356 2402 4432 [509]
2431 4355 2648 4424 Κυρίου
2663 4351 2888 4420 Ἰησοῦ,
2913 4350 3195 4421 λέγοντες
3213 4366 3227 4380 ο
3248 4346 3583 4417 Ὀρκίζομεν

1909 4449 2065 4520 ὑμᾶς
2096 4448 2202 4502 τὸν
2227 4445 2490 4514 Ἰησοῦν,
2514 4443 2587 4498 ὃν
2611 4441 2853 4506 Παῦλος
2873 4437 3188 4506 κηρύσσει.
3220 4434 3375 4490 Οὕτω
3406 4435 3583 4489 πάντα

1912 4538 2126 4592 ἐποίουν
2153 4533 2535 4608 πραγματείας
2561 4531 2767 4584 ἕνεκεν.
2805 4528 2982 4597 Ὅρα·
3027 4523 3314 4578 πιστεῦσαι
3348 4521 3446 4593 μὲν
3481 4523 3583 4575 οὐκ

1914 4626 2122 4697 ήθελον,
2157 4623 2244 4676 διά
2281 4621 2340 4676 δέ
2380 4620 2472 4675 τοῦ
2506 4619 2770 4690 ὀνόματος
2792 4615 2986 4686 ήθελον
3012 4611 3294 4697 ἐκϐάλλειν
3314 4611 3440 4697 τοῦς
3466 4609 3585 4662 δαί-

1920 4693 2105 4786 μονας.
2136 4711 2339 4766 Βαϐαίὲ
2370 4709 2432 4764 τό
2477 4707 2648 4778 ὄνομα
2693 4704 2787 4759 τοῦ
2814 4702 3027 4756 Παύλου
3057 4701 3220 4786 πόσον
3250 4693 3318 4769 ῆν
3343 4699 3356 4750 !
3391 4693 3584 4751 Ἦσαν

1917 4785 1985 4856 δέ
2035 4817 2196 4866 τινες
2231 4797 2349 4853 υίοί
2381 4793 2578 4851 Σκευᾶ
2622 4791 2914 4850 Ἰουδαίου
2967 4785 3282 4857 ἀρχιερέως
3327 4785 3479 4838 ἑπτὰ
3527 4785 3582 4838 οι

1916 4890 2089 4945 τοῦτο
2126 4886 2458 4952 ποιοῦντες.
2500 4879 2846 4950 Ἀποκριθὲν
2890 4876 2958 4930 δὲ
2995 4876 3058 4929 τὸ
3097 4873 3331 4942 πνεῦμα
3366 4871 3434 4924 τὸ
3477 4887 3584 4924 ατο⁸

1916 4979 2120 5049 νηρὸν,
2145 4973 2312 5030 εἶπεν
2339 4973 2539 5038 αὐτοῖς
2559 4989 2575 5004 ο
2623 4969 2731 5024 Τὸν
2761 4965 2994 5033 Ἰησοῦν
3013 4961 3302 5032 γινώσκω,
3342 4959 3440 5014 καί
3477 4957 3583 5013 τόν

1918 5047 2162 5122 Παῦλον
2195 5065 2534 5130 ἐπίσταμαι,
2561 5057 2729 5125 ὑμεῖς
2757 5054 2824 5108 δὲ
2869 5053 3030 5116 τίνες
3056 5047 3195 5103 ἐστέ
3209 5065 3230 5114 ;
3264 5048 3371 5104 Καὶ
3398 5049 3583 5117 ἐφαλ-

1913 5158 2168 5224 λόμενος
2190 5153 2282 5205 ἐπ’
2305 5148 2527 5211 αὐτοὺς
2559 5147 2592 5198 ὀ
2621 5144 2950 5210 ἄνθρωπος,
2979 5140 3049 5193 ἐν
3072 5131 3120 5205 ᾧ
3145 5135 3224 5210 ἦν
3251 5137 3317 5190 τὸ
3349 5135 3583 5206 πνεῦμα

1913 5253 1981 5308 τό
2005 5251 2293 5319 πονηρόν,
2322 5246 2419 5302 καί
2444 5241 2923 5309 κατακυριεῦσαν
2955 5236 3173 5301 αὐτῶν,
3208 5238 3429 5306 ἴσχυσε
3455 5234 3584 5288 κατ’

1916 5339 2133 5404 αὐτῶν,
2163 5338 2319 5392 ὣστε
2343 5333 2611 5406 γυμνοὺς
2641 5330 2739 5384 καί
2769 5325 3387 5396 τετραυματισμένους
3404 5324 3582 5392 ἐκρυ-

1920 5435 2043 5505 γεῖν
2061 5435 2130 5486 ἐκ
2153 5431 2258 5484 τοῦ
2283 5429 2451 5483 οἷκου
2473 5425 2727 5478 ἐκείνου.
2765 5421 2946 5475 Τοῦτο
2973 5418 3040 5472 δὲ
3059 5416 3296 5486 ἐγένετο
3313 5411 3584 5484 γνωστὸν

1916 5530 2106 5585 πᾶσιν
2142 5525 2450 5588 Ἰουδαίοις
2492 5539 2553 5574 τε
2605 5519 2702 5574 καί
2737 5519 3000 5583 Ἕλλησι
3057 5514 3180 5579 τοῖς
3238 5507 3584 5564 κατοικοῦσι

1909 5629 2025 5694 τὴν
2044 5628 2328 5696 Ἔφεσον.
2355 5619 2561 5675 Οὐκοῦν
2581 5616 2945 5676 λανθανόντως
2975 5610 3208 5675 ἐποίουν,
3237 5604 3355 5661 εἶτα
3379 5607 3582 5675 ἐκπομ-

1909 5716 2133 5772 πεύεται
2165 5691 2344 5768 αῦτῶν
2377 5713 2412 5782 ἡ
2455 5708 2728 5764 ἀσθένεια.
2783 5708 2889 5758 Καὶ
2934 5699 3195 5754 ἐπέπεσε
3255 5696 3439 5765 φόϐος
3482 5693 3582 5748 ἐπὶ

1904 5804 2135 5869 πάντας
2188 5799 2430 5865 αὐτοὺς,
2496 5797 2595 5850 καὶ
2656 5791 3054 5863 ἐμεγαλύνετο
3108 5785 3175 5838 τὸ
3226 5783 3413 5850 ὄνομα
3475 5779 3584 5835 τοῦ

1905 5865 2126 5960 Κυρίου
2155 5889 2378 5957 Ἰησοῦ,
2412 5882 2629 5940 πολλοί
2683 5897 2742 5934 τε
2796 5877 2912 5931 τῶν
2956 5868 3440 5926 πεπιστευκότων
3466 5865 3572 5934 ἥρ-
