4100 6354
599 259 704 314 289

596 388 774 440 χοντο
796 370 1326 442 ἐξομολογούμενοι
1348 373 1444 425 καὶ
1477 370 1952 440 ἀναγγέλλοντες
1979 369 2086 437 τὰς
2113 367 2258 436 πρά-

596 459 718 523 ξεις
746 458 960 510 αὐτῶν.
1009 459 1224 529 Ἐπειδὴ
1255 459 1364 528 γάρ
1411 457 1678 528 τοσαύτην
1709 459 1866 527 ίσχὺν
1901 457 2077 528 ἔσχον,
2114 454 2254 508 ὥστε

593 544 679 596 διὰ
700 543 807 596 τῶν
852 543 1140 614 δαιμονίων
1165 545 1387 598 τοιαῦτα
1418 547 1613 605 ποιεῖν,
1654 544 1876 606 εἰκότως
1909 543 2080 596 ταῦτα
2110 542 2251 610 γίνε-

594 639 705 679 ται.
750 625 958 678 Ἰκανοί
987 643 1049 678 τε
1101 623 1216 678 τῶν
1246 627 1315 679 τὰ
1349 626 1627 694 περίεργα
1659 625 2012 694 πραξάντων
2038 640 2257 678 συνεν-

593 704 878 774 έγκαντες
902 708 1007 771 τὰς
1033 709 1305 773 βίϐλους,
1344 708 1658 762 κατέκαιον
1683 707 1940 761 ἐνώπιον
1991 706 2254 770 πάντων,

595 794 692 846 καί
724 795 1156 862 συνεψήφισαν
1187 795 1287 860 τὰς
1316 796 1486 863 τιμὰς
1509 794 1725 859 αὐτῶν,
1750 795 1846 847 καί
1871 790 2050 861 εὗρον
2081 793 2258 862 ἀργυ-

592 880 726 947 ρίου
742 881 1033 948 μυριάδας
1049 881 1248 937 πέντε.
1282 883 1445 935 Οὕτω
1471 881 1622 934 κατὰ
1649 879 1865 949 κράτος
1889 884 1921 934 ὀ
1948 881 2130 949 λόγος
2149 879 2256 932 τοῦ

595 967 817 1034 Κυρίου
844 968 1072 1033 ηὔξανε
1106 971 1202 1022 καὶ
1244 970 1477 1038 ίσχυεν.
1511 969 1752 1031 Ἰδόντες,
1787 969 1870 1021 ὄτι
1893 967 2046 1020 οὐδὲν
2077 965 2256 1020 αὐτῶν

594 1051 783 1121 ὄφελος
819 1053 1000 1108 λοιπὸν
1031 1050 1119 1126 ἦν,
1172 1057 1527 1109 κατακαίουσι
1577 1055 1676 1118 τὰς
1707 1055 1919 1125 βίϐλους
1937 1067 2004 1114 α,-
2045 1054 2132 1106 δτε
2163 1055 2258 1106 καὶ

595 1140 748 1192 αὐτοὶ
775 1143 822 1192 οί
851 1142 1101 1211 δαίμονες
1123 1143 1297 1198 ταῦτα
1331 1143 1593 1198 ποιοῦσιν.
1631 1144 1743 1197 Οὐκ
1770 1143 1878 1214 ἀρα
1902 1142 1964 1195 τὸ
2004 1141 2175 1212 ὄνομά
2202 1159 2256 1194 τι

594 1229 757 1290 ποιεῖ,
789 1227 855 1280 ἂν
884 1229 958 1298 μὴ
991 1230 1126 1298 μετὰ
1156 1231 1390 1293 πίστεως
1417 1231 1660 1300 λέγηται.
1689 1228 1884 1291 Καλῶς
1913 1230 2022 1298 ἀρα
2049 1228 2254 1296 ἔλεγεν,

604 1311 667 1366 '0
692 1317 992 1368 πιστεύων
1015 1319 1102 1382 είς
1148 1317 1272 1386 ἐμὲ,
1301 1318 1539 1386 μείζονα
1569 1316 1826 1382 ποιήσει,
1857 1316 2014 1370 τοῦτο
2043 1316 2105 1368 τὸ
2147 1315 2256 1369 τῶν

594 1401 763 1454 σκιῶν
787 1404 1172 1473 αἰνιττόμενος.
1205 1404 1346 1475 Ὅρα
1380 1404 1498 1468 πῶς
1526 1407 1640 1468 τοῖς
1671 1405 1856 1466 ὅπλοις
1895 1404 2018 1456 καθ’
2048 1402 2256 1456 ἑαυτῶν

593 1486 911 1558 ἐχρήσαντο.
960 1490 1067 1544 Kal
1103 1489 1421 1559 διελέγετο,
1453 1493 1638 1562 φησὶν,
1691 1492 1760 1544 ἐν
1787 1489 1859 1558 τῇ
1893 1489 2093 1558 σχολῇ
2149 1493 2249 1544 Τυ-

584 1574 816 1642 ράννου
842 1577 1002 1643 τινὸς
1034 1579 1132 1631 ἐπὶ
1183 1580 1286 1646 ἐτη
1329 1579 1457 1634 δύο.
1511 1579 1678 1632 Ἔνθα
1730 1578 1911 1631 πιστοὶ
1955 1574 2115 1648 ἦσαν,
2162 1577 2255 1630 καὶ

596 1661 800 1731 σφόδρα
829 1663 1027 1716 πιστοί.
1061 1663 1246 1728 Οὕτως
1269 1665 1418 1718 οὐδὲν
1461 1665 1599 1735 μέγα
1629 1664 1874 1735 ἐνόμιζον
1903 1664 1994 1717 τὸν
2023 1663 2249 1733 Ἰησοῦν,

594 1747 675 1799 ὅτι
705 1749 908 1804 καὶτὸν
935 1751 1142 1806 Παῦλον
1172 1753 1578 1822 προσετίθεσαν,
1611 1753 1685 1816 ώς
1717 1753 1878 1805 αὑτὸν
1911 1751 2082 1824 ταύτῃ
2113 1751 2253 1820 μέγα

591 1850 644 1886 τι
676 1835 984 1905 νομίζοντες
1016 1834 1174 1893 εἶναι.
1209 1840 1388 1903 ’Δξιον
1436 1839 1669 1892 ἐνταῦθα
1708 1839 2005 1907 Θαυμάσαι,
2068 1839 2182 1899 πῶς
2225 1840 2253 1892 ὁ

592 1919 798 1991 δαίμων
819 1925 878 1975 ού
911 1925 1241 1996 συνέπραξεν
1264 1929 1468 1988 ἐκεῖνος
1493 1929 1556 1997 τῇ
1580 1926 1686 1978 τῶν
1712 1925 2036 1994 ἐξορκιστῶν
2056 1925 2249 1995 πλάνῃ,

592 2007 729 2060 ἀλλά
760 2009 1036 2081 διήλεγξεν
1068 2013 1284 2076 αὐτοὺς,
1307 2014 1401 2065 καὶ
1434 2015 1531 2082 τὴν
1571 2014 1773 2083 σκηνὴν
1812 2013 1990 2066 αὐτῶν
2019 2012 2254 2082 φανεράν

593 2095 866 2166 ἐποίησεν.
911 2097 1063 2167 Ἐμοὶ
1115 2099 1263 2152 δοκεῖ
1318 2100 1523 2170 σφόδρα
1568 2100 1858 2170 θυμωθεὶς,
1889 2100 2074 2170 ὥσπερ
2107 2101 2172 2152 ἂν
2204 2101 2257 2153 εί

591 2199 676 2244 τις
697 2185 822 2255 περὶ
844 2185 952 2237 τῶν
983 2186 1222 2255 ἐσχάτων
1240 2187 1580 2250 κινδυνεύων,
1604 2188 1707 2240 ὑπό
1733 2204 1876 2247 τινος
1909 2186 2124 2256 οἰκτροῦ
2159 2187 2254 2240 καὶ

591 2269 935 2342 ταλαιπώρου
965 2272 1312 2343 διελέγχοιτο.
1346 2279 1439 2327 καὶ
1487 2275 1661 2328 πάντα
1692 2277 1770 2339 εἰς
1799 2275 2000 2326 ἐκεῖνον
2039 2275 2252 2342 ἀφεῖναι

593 2355 841 2424 βούλεται
881 2357 971 2410 τὸν
1000 2358 1190 2430 θυμόν.
1242 2361 1358 2414 Ἵνα
1395 2361 1503 2432 γὰρ
1540 2363 1614 2432 μὴ
1647 2361 1771 2431 δόξῃ
1800 2359 2252 2432 καταφρονεῖσθαι

589 2443 652 2496 τὸ
671 2443 838 2514 ὄνομα
858 2445 950 2498 τοῦ
983 2447 1179 2517 Ἰησοῦ,
1206 2448 1466 2520 πρότερον
1495 2449 1857 2518 ὁμολογήσας,
1887 2447 2044 2500 τοῦτο
2066 2447 2253 2500 ἐλαϐεν

591 2530 856 2596 ἐξουσίαν.
899 2537 1018 2588 Ὂτι
1053 2536 1160 2606 γὰρ
1197 2538 1258 2590 οὐ
1293 2537 1384 2590 τοῦ
1419 2525 1678 2606 ὀνόματος
1705 2533 1772 2606 ἦν
1798 2535 2075 2595 ἀσθένεια,
2117 2535 2254 2588 ἀλλά

590 2622 690 2691 τῆς
717 2622 940 2676 ἐκείνων
965 2625 1178 2693 ἀπάτης
1199 2626 1258 2678 τὸ
1284 2627 1410 2688 πᾶν,
1436 2626 1528 2677 ἐπὶ
1552 2625 1765 2677 Παύλου
1789 2624 1875 2678 διὰ
1900 2624 1952 2678 τί
1986 2625 2058 2695 μὴ
2083 2624 2254 2678 ταῦτα

593 2709 919 2779 γεγένηται;
971 2711 1080 2764 Καὶ
1119 2712 1546 2780 ἐφαλλόμενος,
1593 2713 1776 2783 φησὶν,
1853 2716 1886 2765 ὁ
1946 2713 2253 2779 ἄνθρωπος

590 2794 954 2862 έπάὐτούς.
989 2799 1147 2860 ’Ἰσως
1195 2799 1480 2870 διέρρηξεν
1536 2800 1712 2852 αὐτῶν
1766 2799 1833 2853 τὰ
1893 2801 2102 2862 ἱμάτια,
2161 2801 2252 2853 καὶ

603 2881 946 2952 προσήραξεν
973 2884 1147 2937 αὐτῶν
1168 2886 1266 2948 τάς
1287 2885 1525 2954 κεφαλάς
1547 2902 1559 2914 ·
1597 2885 1752 2938 τοῦτο
1778 2887 1883 2956 γὰρ
1912 2887 2142 2956 ἐδήλωσε
2177 2886 2252 2955 τῷ

595 2969 788 3032 εἰπεῖν,
825 2969 1290 3038 Ἐ’φαλλόμενος·
1345 2972 1593 3025 τουτέστι
1646 2973 1782 3041 μετά
1840 2972 2020 3043 ῥύμης
2051 2975 2252 3044 ἐπιπη-

594 3053 782 3124 δήσας,
827 3056 966 3109 ὥστε
1027 3059 1209 3111 ἱκανὸν
1256 3054 1324 3128 ἦν
1360 3060 1516 3113 τοῦτο
1569 3060 1923 3131 ἐργάσασθαι.
1969 3060 2032 3112 Τί
2071 3061 2250 3125 ἐστιν,

608 3144 892 3210 Ἀποστὰς
916 3146 1016 3199 ἀπ’
1043 3145 1240 3199 αὐτῶν
1264 3147 1522 3216 ἀφώρισε
1546 3147 1684 3211 τοὺς
1709 3147 2008 3216 μαθητάς;
2044 3149 2254 3200 Ἐνέκο-

593 3229 693 3299 ψεν
735 3233 932 3297 αὐτῶν,
969 3235 1121 3304 φησὶ,
1183 3236 1280 3304 τὴν
1313 3235 1651 3303 κακολογίαν.
1700 3234 1868 3287 Τοῦτο
1900 3235 1955 3287 δὲ
1990 3239 2131 3287 ποιεῖ
2163 3235 2254 3289 καὶ

595 3318 910 3387 ἀφίσταται,
939 3322 1057 3372 ἐπεὶ
1086 3323 1184 3374 ούκ
1208 3321 1463 3390 ἠϐούλετο
1489 3320 1752 3374 ἐκκαῦσαι
1785 3321 1962 3374 αὐτῶν
2007 3321 2096 3373 τὸν
2123 3322 2254 3389 φθό-

597 3422 705 3471 νον,
735 3407 854 3459 οὑδέ
883 3410 960 3470 είς
984 3407 1098 3478 ἐριν
1117 3409 1373 3478 ἐμϐαλεῖν
1397 3407 1636 3461 πλείονα.
1667 3408 1740 3459 Τὸ
1771 3407 1846 3471 δέ,
1866 3407 2256 3475 Ὲπαρῤησιά-

599 3492 747 3560 ζετο,
773 3495 943 3563 λέγει,
1001 3496 1175 3565 δηλῶν
1208 3497 1288 3549 ότι
1323 3499 1416 3548 καὶ
1443 3495 1578 3567 πρὸς
1623 3494 1895 3558 κινδύνους
1920 3490 1986 3564 ἦν
2021 3511 2256 3562 παρατε-

596 3582 886 3652 ταγμένος,
921 3583 1010 3635 καὶ
1047 3582 1419 3653 φανερώτερον
1469 3582 1770 3649 διελέγετο,
1829 3582 1887 3634 οὐ
1953 3580 2256 3644 συσκιάζων

598 3669 668 3722 τά
698 3669 958 3738 δόγματα.
999 3669 1268 3722 Ἐντεῦθεν
1325 3670 1684 3739 μανθάνομεν,
1748 3668 1820 3738 μὴ
1870 3668 2034 3738 ὁμόσε
2083 3668 2110 3708 ι)
2157 3687 2258 3738 χω-

601 3759 714 3827 ρεῖν
733 3758 842 3818 τοῖς
854 3756 1146 3822 κακολογοῦ
1157 3773 1258 3817 σιν,
1277 3757 1390 3809 ἀλλ’
1407 3757 1738 3825 ἀφίστασθαι
1757 3755 1906 3828 [510]
1923 3756 2118 3811 αὐτῶν.
2143 3758 2256 3810 Οὐκ

600 3843 962 3913 ἐκακολόγησε
1022 3845 1206 3908 κακῶς
1259 3844 1469 3897 ἀκούων
1521 3845 1614 3898 καὶ
1663 3845 1842 3907 αὐτὸς,
1911 3843 2046 3897 ἀλλά
2118 3845 2256 3914 μᾶλ-

597 3931 687 3985 λον
743 3932 1008 4000 διελέγετο
1062 3932 1184 3985 καθ’
1227 3932 1473 4003 ἡμέραν,
1519 3931 1614 3985 καὶ
1662 3931 1832 4002 ταύτῃ
1895 3931 2124 4001 μάλιστα
2166 3933 2256 3984 ol-

599 4018 910 4089 κειούμενος
953 4021 1080 4083 τοὺς
1135 4019 1361 4084 πολλοὺς
1409 4019 1486 4089 τῷ
1541 4019 1721 4082 κακῶς
1759 4020 1934 4072 καίτοι
1959 4018 2194 4082 ἀκούσας
2229 4031 2251 4059 ο

603 4106 678 4176 μὴ
722 4102 1067 4177 ἀποπηδῆσαι
1119 4108 1254 4178 μηδέ
1301 4107 1650 4177 χωρισθῆναι.
1703 4108 1812 4160 Καὶ
1863 4107 2074 4169 σκόπει,
2111 4109 2256 4160 ἐπει-

600 4192 664 4260 δὴ
707 4194 736 4245 ό
766 4192 872 4246 τῶν
918 4193 1022 4257 ἔξω
1052 4194 1355 4264 πειρασμὸς
1379 4193 1675 4258 ἐπαύσατο,
1702 4194 1808 4246 ἀπὸ
1843 4193 1950 4246 τῶν
1986 4193 2255 4264 δαιμόνων

603 4279 822 4348 ἤρξατο.

685 4367 846 4436 Ὁρᾷς
884 4365 1139 4438 πώρωσιν
1176 4367 1497 4438 Ἰουδαῖκὴν;
1524 4368 1604 4421 Τὰ
1635 4367 1822 4438 ἱμάτια
1851 4368 2012 4422 αὑτοῦ
2048 4368 2249 4432 ἰδόντες

605 4452 948 4523 ἐνεργοῦντα,
980 4455 1041 4508 οὐ
1071 4459 1374 4526 προσεῖχον.
1406 4457 1471 4509 Τί
1496 4456 1688 4509 τούτου
1720 4457 1902 4526 μεῖζον
1925 4457 1991 4509 ἂν
2018 4458 2253 4524 γένοιτος

608 4542 734 4604 Τοῖς
763 4541 820 4593 δέ
849 4541 1049 4612 μᾶλλον
1083 4543 1165 4604 είς
1193 4543 1502 4596 τούναντίον
1533 4545 1811 4615 περιέστη.
1857 4546 1921 4598 Et
1955 4563 2038 4608 τις
2079 4544 2256 4616 Ἐλλή-

604 4645 712 4682 νων
733 4630 970 4690 ἀπιστεῖ,
1017 4629 1114 4701 τὴν
1153 4629 1308 4682 σκιὰν
1356 4631 1496 4700 ὁρῶν
1549 4631 1722 4684 ταῦτα
1771 4633 2143 4704 ἐργαζομένην
2169 4650 2258 4685 πι-

607 4715 858 4768 στευέτω.
889 4715 1044 4769 Οῦτω
1065 4716 1140 4786 τῷ
1177 4717 1236 4780 ἐξ
1270 4716 1444 4770 αὐτῶν
1471 4719 1770 4787 ἀποστῆναι
1809 4721 1858 4771 οἱ
1903 4719 2000 4788 μὲν
2033 4718 2259 4772 κακολο-

605 4801 825 4869 γοῦντες
857 4803 951 4856 καὶ
975 4804 1349 4867 διαϐάλλοντες
1375 4805 1435 4857 τὸ
1462 4805 1635 4875 δόγμα
1661 4805 1928 4876 ἡττῶνται
1956 4807 2132 4875 (τοῦτο
2151 4805 2256 4876 γάρ

607 4889 864 4943 ἐκάλεσεν
913 4891 1086 4962 ὁδόν)’
1121 4891 1283 4954 αὐτὸς
1334 4892 1391 4944 δὲ
1451 4893 1765 4961 ἀφίσταται,
1820 4895 1895 4956 ὡς
1947 4895 2081 4964 μήτε
2137 4895 2260 4957 τοὺς

611 4976 855 5046 μαθητάς
886 4977 1250 5048 ἀναχωρῆσαι,
1290 4980 1427 5048 μήτε
1457 4979 1694 5042 ἐκείνους
1721 4982 1799 5044 εἰς
1829 4980 1997 5050 θυμὸν
2029 4982 2257 5050 ἐγεῖραι,

606 5063 819 5126 δεικνὺς
880 5066 1150 5134 πανταχοῦ
1205 5066 1596 5135 διωθουμένους
1649 5068 1749 5138 τὴν
1805 5069 2097 5139 σωτηρίαν.
2149 5069 2260 5122 Καὶ

609 5147 788 5200 λοιπὸν
821 5149 1050 5202 ἐνταῦθα
1080 5151 1197 5202 ούδέ
1242 5153 1591 5220 ἀπολογεῖται
1622 5154 1820 5215 αὐτοῖς,
1861 5155 1955 5208 an
1988 5153 2260 5224 πανταχοῦ

609 5235 718 5286 τῶν
745 5235 911 5288 ἐθνῶν
960 5240 1382 5292 πιστευσάντων.
1431 5242 1539 5293 Καὶ
1581 5240 1904 5308 διαλέγεται.
1938 5241 2034 5310 οὐχ
2076 5242 2262 5305 ἁπλῶς

609 5320 701 5372 τὸν
725 5322 886 5373 τόπον
911 5321 1166 5392 ζητήσας,
1199 5325 1312 5376 ἀλλ’
1333 5326 1461 5380 ἔνθα
1490 5326 1652 5397 σχολὴ
1679 5322 1768 5396 ἦν,
1793 5326 1867 5390 ὡς
1907 5326 2265 5398 ἐπιτηδειότε-

614 5424 706 5478 ρον
734 5408 820 5461 διά
845 5408 904 5462 τό
926 5412 1040 5461 ἐκεῖ
1070 5412 1392 5480 συνάγεσθαι
1421 5425 1466 5468 ο.

2073 5693 2102 5734 ι)
2133 5693 2264 5741 Unum

1599 5758 1620 5785 ε
1660 5757 1743 5804 Sic
1775 5769 1901 5802 unus
1941 5763 1994 5803 et
2026 5756 2260 5805 Commel.

643 5814 1322 5878 alimusi_merp;cs,Suvil.'eL
1341 5817 1506 5867 Montf.
1521 5830 1628 5866 cum
1652 5817 1824 5877 tribus,
1847 5820 2005 5872 κακῶς
2046 5818 2261 5878 πάσχειν,

626 5875 705 5921 καὶ
724 5873 961 5930 ἀκούσας(
975 5876 1060 5924 Em
1071 5893 1110 5924 r.

677 5687 1050 5766 'AKaraxaiougt
1071 5693 1152 5766 τὰς
1168 5694 1367 5766 βίϐλους
1404 5693 1548 5764 deest
1585 5693 1632 5766 ip
1660 5692 1977 5766 lgnibusdam.

687 5753 906 5815 νθάνομεν
951 5755 1029 5800 καὶ
1074 5753 1209 5814 ἡμεῖς
1247 5758 1307 5815 μὴ
1347 5757 1508 5811 ὁμόσε.

1403 256 1460 312 S.
1499 257 1781 313 JOANNIS
1819 251 2309 314 CHRYSOSTOMI
2345 253 2660 311 ARCIIIEP.
2703 250 3241 311 CONSTANTINOP.

3903 251 4024 306 290

2434 368 2500 437 β’.
2522 368 2690 422 Βαϐαί
2715 370 2728 422 !
2758 368 2898 438 πόση
2925 366 3033 421 τῶν
3061 363 3463 419 πιστευσάντων
3490 363 3524 432 ἡ
3543 361 3791 431 δύναμις,
3809 364 3894 416 δτι
3918 359 4026 416 καὶ

2360 454 2565 526 ἑτέροις
2586 455 2678 508 τοῦ
2704 455 2773 507 τὰ
2808 454 2947 508 αὐτά
2988 455 3161 506 ποιεῖν
3197 451 3404 519 γίνεται
3429 451 3453 502 ί·
3489 449 3630 518 πόση
3656 450 3716 502 δέ
3755 447 4030 516 πώρωσις

2357 542 2464 594 τῶν
2502 542 2594 594 καὶ
2626 541 2762 612 μετὰ
2789 542 2886 613 τὴν
2913 541 3180 604 ἀπόδειξιν
3205 539 3306 610 τῆς
3325 539 3602 608 δυνάμεως
3632 537 3711 590 ἐτι
3743 538 4028 607 μενόντων

2355 632 2420 700 τῇ
2446 630 2706 696 ἀπιστίαι
2738 631 2948 700 Ὠσπερ
2967 627 3060 682 οὖν
3083 630 3262 698 Σίμων
3301 627 3568 698 ἐμπορίας
3602 625 3789 680 ἐνεκεν
3829 627 4024 696 ἐζήτει

2355 716 2447 769 τοῦ
2479 716 2794 787 Πνεύματος
2835 717 2936 787 τὴν
2968 717 3156 788 χάριν,
3196 714 3336 769 οὕτω
3389 716 3485 768 καὶ
3529 707 3672 768 οὗτοι
3717 714 3812 768 τοῦ
3844 712 4026 766 αὐτοῦ

2353 803 2544 858 τούτου
2594 805 2778 858 ἐνεκεν
2821 804 2976 858 τοῦτο
3021 803 3254 858 ἐποίουν.
3287 804 3436 874 Πόση
3484 804 3770 874 πώρωσιςί
3818 801 3932 854 Καὶ
3963 800 4027 852 τί

2355 890 2552 961 δήποτε
2572 893 2601 944 ό
2623 890 2832 956 Παῦλος
2855 891 2955 945 οὐκ
2982 892 3241 962 ἐπιτιμᾷ;
3271 891 3393 944 Ὀτι
3416 889 3592 955 ἔδοξεν
3620 890 3686 943 ἂν
3714 887 4030 959 βασκανίας

2357 973 2572 1032 εἶναιτὸ
2594 981 2824 1050 πρᾶγμα
2853 996 2868 1012 ο
2907 979 2994 1032 διά
3035 978 3192 1032 τοῦτο
3239 979 3601 1049 οἰκονομεῖται
3644 977 3810 1032 οὕτω.
3843 976 4032 1028 Τοῦτο

2356 1065 2452 1117 καὶ
2475 1066 2566 1118 ἐπὶ
2588 1065 2682 1119 τοῦ
2710 1065 2944 1138 Χριστοῦ
2966 1065 3212 1134 γέγονεν’
3237 1065 3373 1119 ἀλλά
3398 1066 3519 1118 τότε
3543 1065 3638 1134 μὲν
3659 1065 3720 1117 οὐ
3742 1062 4029 1116 κωλύεται

2358 1151 2532 1223 (ἀρχὴ
2582 1152 2690 1223 γὰρ
2747 1153 2854 1206 τῶν
2903 1153 3240 1224 πραγμάτων
3296 1147 3400 1223 ἦν)
3426 1168 3438 1180 ·
3486 1152 3607 1205 ἐπεὶ
3652 1152 3746 1204 καὶ
3812 1151 4030 1214 Ἰούδας

2357 1239 2604 1292 κλέπτων
2631 1240 2729 1292 οὐκ
2749 1237 3084 1294 ἐκωλύετοά·
3131 1240 3376 1303 Ἀνανίας
3405 1239 3461 1292 δὲ
3485 1239 3579 1292 καὶ
3607 1239 3896 1307 Σάπφειρα
3923 1239 4032 1291 καὶ

2357 1325 2700 1397 ἀνῃρέθησαν
2723 1343 2739 1357 ’
2776 1325 2868 1380 καὶ
2902 1325 3084 1379 πολλοὶ⁵
3120 1325 3360 1379 Ἰουδαῖοι
3387 1325 3486 1394 μέν
3513 1325 3606 1378 καὶ
3628 1325 4029 1394 ἀνθιστάμενοι

2356 1415 2506 1468 οὐδὲν
2546 1415 2799 1487 ἔπασχον,
2837 1415 3074 1486 Ἐλύμας
3101 1415 3158 1468 δέ
3195 1415 3501 1486 ἐτυφλώθη.
3537 1418 3617 1470 Οὐ
3651 1417 3761 1484 γὰρ
3797 1411 4026 1485 ἦλθον,

2355 1503 2540 1572 φησὶν,
2594 1503 2693 1556 ἵνα
2742 1506 2922 1572 κρίνω
2972 1502 3079 1556 τὸν
3129 1505 3380 1571 κόσμον,
3431 1503 3580 1557 ἀλλ’
3627 1504 3726 1556 ἵνα
3774 1502 3954 1570 σωθῇ
3994 1508 4032 1558 ό

2355 1593 2601 1661 κόσμος.
2639 1593 2780 1663 Ὅρα
2812 1592 3064 1662 μιαρίανί
3113 1591 3350 1645 Ἰουδαῖοι
3375 1591 3625 1662 μένοντες
3651 1591 3754 1655 ἔτι,
3791 1592 3904 1644 ἀπὸ
3924 1592 4031 1644 τοῦ

2355 1677 2618 1748 ὀνόματος
2655 1678 3014 1751 χρηματίζειν
3047 1675 3234 1750 ἤθελον
3256 1693 3268 1706 ·
3302 1677 3441 1731 ὥστε
3482 1679 3656 1732 πάντα
3689 1665 3830 1749 πρὸς
3858 1678 4031 1743 δόξαν

2354 1765 2570 1818 ἐποίουν
2597 1765 2690 1819 καὶ
2743 1766 3028 1836 πορισμόν,
3077 1764 3186 1817 Θέα
3236 1764 3510 1834 πανταχοῦ
3560 1767 3657 1835 οὐχ
3711 1765 3860 1818 οῦτω
3892 1767 4029 1828 τοὺς

2354 1850 2670 1920 ἀνθρώπους
2702 1852 3194 1923 ἐπιστρεφομένους
3216 1852 3323 1906 ἀπὸ
3349 1851 3458 1904 τῶν
3484 1851 3759 1923 χρηστῶν,
3798 1853 3877 1916 ὡς
3912 1854 4029 1906 ἀπὸ

2353 1938 2460 1992 τῶν
2491 1938 2751 2010 φοϐερῶν.
2796 1939 2919 1992 Ἐπὶ
2947 1939 3258 2008 Σαπφείρας
3302 1938 3463 2008 φόϐος
3495 1939 3762 1992 ἐπέπεσεν
3793 1940 3890 1992 ἐπὶ
3925 1941 4029 2011 τὴν

2366 2026 2709 2096 Ἐκκλησίαν,
2732 2027 2826 2079 καὶ
2851 2026 2950 2079 οὐκ
2972 2025 3210 2096 ἐτόλμων
3233 2025 3522 2079 κολλᾶσθαι
3540 2027 3746 2089 αὐτοῖς·
3780 2027 4028 2080 ἐνταῦθα

2357 2112 2612 2184 σουδάρια
2638 2114 2730 2165 καὶ
2758 2111 3063 2182 σιμικίνθια
3097 2112 3399 2182 ἐλάμϐανον
3424 2113 3517 2166 καὶ
3542 2112 3720 2177 ἰῶντο,
3751 2114 3857 2166 καὶ
3881 2117 4028 2183 μετὰ.

2353 2200 2510 2253 τοῦτο
2538 2200 2657 2253 τότε
2690 2197 2852 2271 ἦλθον
2880 2200 3355 2271 ἐξομολογούμενοι
3389 2201 3488 2263 τὰς
3517 2201 3791 2271 ἁμαρτίας
3813 2202 4026 2259 αὐτῶν.

2367 2289 2498 2343 Ἀπὸ
2523 2289 2618 2343 τοῦ
2643 2290 2963 2359 ἐφάλλεσθαι
2990 2290 3263 2344 δείκνυται
3296 2289 3404 2343 τῶν
3434 2291 3703 2360 δαιμόνων
3729 2291 3762 2361 ὴ
3787 2290 4029 2362 δύναμις

2357 2376 2566 2446 μεγάλη
2590 2394 2673 2440 τις
2707 2373 2860 2443 οὖσα,
2897 2379 3024 2434 ὅταν
3066 2377 3202 2450 πρὸς
3233 2377 3493 2440 ἀπίστους
3538 2377 3658 2450 ἔχῃ.
3695 2378 3811 2430 Καὶ
3835 2378 3930 2432 διὰ
3977 2379 4029 2432 τί

2357 2464 2431 2534 μὴ
2460 2459 2705 2527 εἶπε,τίς
2742 2465 2891 2518 ἐστιν
2942 2468 2971 2519 ό
3011 2463 3235 2534 Ἰησοῦς,
3283 2464 3343 2517 τὸ
3396 2463 3612 2535 πνεῦμα
3644 2464 3708 2517 τὸ
3742 2465 4022 2536 πονηρὸν,

2351 2550 2466 2603 ἀλλ’
2496 2545 2616 2603 εἷπε
2646 2550 2842 2622 μᾶλλον
2873 2550 2944 2605 τὰ
2996 2552 3232 2623 ἀνόνητα
3283 2553 3539 2623 ρήματας
3589 2550 3895 2621 Ἐφοϐεῖτο,
3951 2555 4026 2624 μὴ

2351 2638 2447 2690 καὶ
2471 2638 2631 2700 αὐτὸς
2662 2637 2818 2709 δίκην
2863 2637 2970 2709 δῷο
3006 2639 3122 2711 ᾔδει
3179 2639 3307 2710 γὰρ,
3365 2642 3446 2694 ὅτι
3485 2638 3547 2692 τὸ
3589 2643 4024 2712 συγχωρηθῆναι

2353 2727 2502 2798 αὐτῷ
2527 2728 2768 2791 ἐκείνους
2821 2727 3129 2798 ἀμύνασθαι
3187 2729 3314 2792 τοὺς
3369 2727 3809 2792 καταπαίζοντας
3853 2730 4024 2782 αὐτοῦ

2353 2814 2509 2868 τοῦτο
2540 2815 2602 2867 τὸ
2630 2815 2799 2884 ὅνομα
2832 2815 3120 2886 πεποίηκε.
3145 2815 3245 2870 Διά
3268 2815 3400 2869 τίδὲ
3425 2817 3520 2870 καὶ
3546 2819 3594 2868 οί
3621 2815 3799 2869 ἄθλιοι
3833 2817 3914 2887 μὴ
3949 2813 4026 2870 εί-

2356 2919 2455 2968 πον
2488 2903 2659 2972 αὐτῷ,
2713 2904 3077 2975 Πιστεύομενς
3135 2905 3504 2958 Ἐδεδοίκεσαν
3556 2903 3801 2958 Παῦλον·
3838 2906 4024 2958 καίτοι

2356 2992 2508 3062 πόσῳ
2537 2991 2735 3061 μᾶλλον
2774 2991 3140 3064 λαμπρότεροι
3197 2992 3262 3046 ἂν
3310 2988 3449 3064 ἦσαν
3477 2992 3633 3046 τοῦτο
3661 2991 3938 3056 εἰπόντες,
3973 2992 4027 3045 εῑ

2353 3095 2418 3148 γε
2449 3077 2792 3149 ᾠκειώσαντο
2836 3079 3001 3132 αὑτοῦ
3047 3078 3144 3150 τὴν
3193 3079 3535 3143 δεσποτείανς
3572 3079 3781 3142 Ἀλλως
3825 3097 3884 3132 τε
3925 3081 4022 3134 καὶ

2352 3167 2414 3220 τὸ
2459 3168 2515 3219 ἐν
2565 3167 2850 3231 Φιλίπποις
2897 3167 3190 3240 γενόμενον
3240 3169 3335 3222 καὶ
3386 3168 3608 3233 τούτους
3651 3171 4018 3241 ἐσωφρόνισε.

2354 3255 2426 3309 Σὺ
2458 3255 2514 3308 δέ
2545 3273 2634 3326 μοι
2677 3257 2866 3310 σκόπει
2915 3257 3011 3310 τοῦ
3070 3257 3423 3328 συγγραφέως
3467 3258 3701 3312 ἐνταῦθα
3726 3259 3790 3312 τὸ
3840 3262 4023 3313 ἀνεπ-

2354 3343 2535 3412 αχθὲς,
2568 3344 2662 3396 καὶ
2687 3343 2802 3406 πῶς
2829 3344 3066 3416 ἱστορίαν
3095 3345 3250 3414 μόνον
3277 3345 3496 3414 γράφει,
3518 3345 3612 3399 καὶ
3627 3346 3687 3398 οὐ
3711 3346 4020 3400 διαϐάλλει.

2355 3430 2504 3503 [3H]
2533 3431 2702 3484 Τοῦτο
2721 3433 2845 3494 τοὺς
2887 3432 3214 3494 ἀποστόλους
3236 3431 3408 3484 ἐποίει
3439 3431 3804 3500 θαυμαστούς.
3852 3434 4023 3488 Ἀλλά

2353 3517 2498 3581 τίνος
2516 3513 2657 3588 ἦσαν
2690 3519 2816 3582 υίοί,
2845 3517 2904 3571 τὸ
2929 3519 3101 3589 ὄνομα
3148 3517 3293 3586 λέγει
3345 3519 3441 3571 καὶ
3489 3518 3580 3571 τὸν
3611 3519 3843 3590 ἀριθμόν
3870 3537 3886 3550 ο
3954 3523 4023 3577 δι-

2353 3604 2478 3668 δοὺς
2504 3608 2618 3669 τοῖς
2649 3607 2768 3660 τότε
2813 3607 3111 3680 τεκμήριον
3148 3604 3455 3671 ἀξιόπιστον
3487 3599 3560 3659 ὧν
3599 3605 3826 3677 ἔγραφε.
3856 3609 4024 3673 Τίνος

2354 3689 2411 3742 δέ
2441 3691 2624 3745 ἕνεκεν
2671 3692 2766 3746 καὶ
2803 3693 3194 3764 περιήρχοντος
3238 3691 3535 3762 Ἐμπορίας
3572 3693 3727 3765 χάριν
3751 3710 3764 3724 ·
3813 3697 3872 3746 ού
3910 3698 4019 3766 γὰρ

2355 3776 2419 3848 δὴ
2469 3778 2559 3831 τὸν
2608 3778 2764 3847 λόγον
2814 3780 3306 3848 καταγγέλλοντες·
3365 3779 3482 3842 πῶς
3525 3779 3660 3850 γάρ;
3710 3780 3912 3844 Καλῶς
3962 3784 4021 3836 δὲ

2355 3864 2574 3936 ἔτρεχον
2623 3865 2826 3930 λοιπὸν,
2871 3866 3229 3937 κηρύττοντες
3269 3866 3348 3920 δι’
3391 3859 3466 3922 ῶν
3528 3867 3784 3936 ἔπασχον.
3848 3869 4019 3922 Ὅθεν

2353 3952 2512 4004 τοῦτο
2538 3952 2730 4023 δηλῶν,
2749 3952 2857 4007 Kal
2879 3953 3132 4023 ἐγένετο,
3165 3953 3316 4024 φησὶ,
3342 3953 3608 4023 γνωστὸν
3628 3952 3818 4008 πᾶσιν
3853 3955 4021 4011 Ἰου-

2355 4039 2546 4106 δαίοις
2572 4058 2634 4094 τε
2660 4041 2757 4094 καὶ
2789 4041 3052 4109 Ἕλλησι
3076 4040 3199 4108 τοῖς
3223 4041 3560 4095 κατοικοῦσι
3585 4041 3693 4105 τὴν
3711 4041 4013 4108 Ἔφεσον.

2356 4129 2526 4182 Τοῦτο
2548 4129 2666 4199 οὐχὶ
2694 4129 2788 4182 καὶ
2831 4131 2957 4194 τοὺς
2992 4129 3456 4200 σκληρυνομένους
3487 4128 3799 4198 ἐπιστρέψαι
3837 4129 4015 4199 ῶφει-

2355 4220 2467 4282 λεν,
2493 4219 2615 4272 εἰπέ
2669 4235 2794 4290 μοι;
2851 4218 2989 4271 Ἀλλ’
3025 4219 3126 4272 οὐκ
3171 4218 3492 4289 ἐπέστρεψε.
3543 4219 3651 4270 Καὶ
3693 4218 3765 4288 μὴ
3795 4218 4016 4288 θαυμά-

2359 4322 2457 4379 σῃς
2487 4322 2500 4335 °
2541 4307 2640 4374 τὴν
2666 4305 2774 4376 γὰρ
2806 4305 3005 4358 κακίαν
3037 4304 3188 4358 οὐδὲν
3233 4304 3425 4360 πείθει.
3481 4305 3616 4374 Φέρε
3651 4304 3706 4356 δέ
3760 4307 3854 4357 καὶ
3878 4308 4016 4360 αὐτὸ

2357 4396 2416 4448 τὸ
2449 4394 2554 4448 τῶν
2586 4393 2910 4464 ἐξορκιστῶν
2951 4393 3146 4462 ίδωμεν
3197 4393 3328 4463 ὅσης
3370 4392 3485 4444 ἐστὶ
3521 4392 3733 4455 κακίας.
3775 4393 3939 4455 Τίνος
3961 4395 4016 4447 δὲ

2360 4483 2545 4534 ἕνεκεν
2607 4482 2697 4533 ἐπὶ
2753 4481 2848 4533 τοῦ
2898 4479 3133 4551 Χριστοῦ
3190 4480 3346 4533 τοῦτο
3400 4481 3473 4550 μὴ
3520 4481 3757 4548 γέγονεν,
3812 4482 4007 4550 ἐτέρου

2359 4569 2572 4641 καιροῦ,
2602 4570 2694 4621 καὶ
2727 4570 2787 4622 οὐ
2815 4569 2908 4621 τοῦ
2950 4569 3214 4639 παρόντος
3246 4567 3506 4638 ζητῆσαιο
3545 4567 3680 4636 πλὴν
3711 4568 3794 4619 ὃτι
3833 4568 4016 4629 καλῶς

2359 4657 2516 4709 τοῦτο
2560 4655 2789 4709 ἐνταῦθα
2847 4656 3035 4723 γέγονε
3091 4655 3185 4706 καὶ
3221 4653 3526 4724 χρησίμως.
3579 4653 3731 4721 Ἐμοὶ
3785 4653 3843 4704 δέ
3869 4653 4016 4704 δοκεί

2361 4745 2719 4816 χλευάζοντας
2763 4743 2960 4806 αὐτοὺς
3001 4742 3160 4795 τοῦτο
3208 4743 3412 4794 ποιεῖν’
3452 4741 3574 4794 ὃθεν
3620 4741 4011 4810 τιμωροῦνται,

2361 4834 2498 4886 ὥστε
2529 4833 2621 4886 καὶ
2646 4832 2752 4886 ἀπὸ
2783 4831 2968 4884 τούτου
3003 4830 3204 4899 μηδένα
3255 4829 3458 4899 τολμᾷν
3493 4827 3627 4898 μηδέ
3665 4828 3740 4889 ὡς
3765 4828 3927 4897 ἔτυχε
3955 4830 4014 4880 τὸ

2361 4923 2531 4992 ὄνομα
2553 4920 2835 4990 ὀνομάζειν
2863 4919 3064 4971 λοιπόν.
3094 4917 3262 4970 Τοῦτο
3287 4917 3511 4980 πολλοὺς
3542 4915 3649 4968 τῶν
3683 4918 4012 4970 πιστευσάνο

2361 5027 2468 5062 των
2511 5011 2589 5071 είς
2635 5006 3018 5077 ἐξομολόγησιν
3065 5006 3271 5075 ἦγαγε’
3307 5003 3464 5056 τοῦτο
3503 5004 3597 5055 καὶ
3637 5002 3798 5070 φόϐον
3831 5005 4012 5064 αὐτοῖς

2362 5097 2598 5158 ἐνέϐαλε,
2628 5096 2720 5149 καὶ
2749 5093 2839 5148 τοῦ
2863 5093 3036 5145 πάντα
3064 5093 3260 5145 εἰδέναι
3289 5092 3377 5144 τὸν
3409 5091 3540 5144 Θεὸν
3578 5091 3833 5161 μέγιστον
3861 5091 4013 5142 τοῦτο

2362 5187 2657 5256 τεκμήριον
2676 5184 2890 5253 γέγονε.
2921 5181 3105 5253 Πρὶνῆ
3129 5180 3230 5232 ὑπὸ
3249 5180 3356 5233 τῶν
3377 5179 3642 5249 δαιμόνων
3667 5178 4010 5248 ἐλεγχθῆναι,

2365 5273 2572 5326 ἑαυτῶν
2601 5271 2960 5342 κατηγόρουν,
2997 5267 3315 5338 φοϐούμενοι
3345 5265 3418 5337 μὴ
3447 5265 3519 5318 τά
3548 5264 3685 5318 αὒτά
3721 5265 3968 5318 πάθωσιν
3996 5280 4010 5295 ·

2365 5361 2606 5423 εἰκότως.
2645 5360 2812 5411 Ὅταν
2852 5358 2958 5429 γάρ
2991 5357 3042 5409 οί
3079 5353 3393 5426 βοηθοῦντες
3435 5353 3682 5423 δαίμονες
3723 5356 4012 5422 κατήγοροι

2366 5447 2546 5502 αὐτῶν
2575 5442 2704 5511 ῶσι,
2735 5447 2827 5501 καὶ
2851 5447 2909 5498 οὐ
2944 5445 3243 5514 σύμμαχοι,
3278 5442 3407 5495 ποία
3447 5442 3631 5495 λοιπὸν
3661 5440 3839 5503 ἐλπὶς,
3872 5441 3906 5511 ἥ
3935 5441 4010 5490 διὰ

2363 5537 2472 5589 τῶν
2526 5535 2700 5606 ἔργων
2761 5532 3178 5602 ἐξομολόγησις;
3211 5531 3350 5597 Ὅρα
3405 5528 3461 5580 δέ
3514 5522 3601 5580 οἷα
3655 5529 3796 5596 μετά
3829 5528 4011 5597 μικρὸν

2368 5625 2576 5694 γίνεται
2613 5623 2756 5676 κακὰ
2779 5661 2794 5687 ,
2831 5619 3090 5674 τοιούτων
3135 5617 3373 5690 σημείων
3419 5616 3747 5686 γενομένων.
3785 5614 4010 5682 Τοιαύτη

2435 5872 2460 5913 ἀ
2489 5873 2623 5924 Unus
2647 5872 2700 5920 οὐ
2722 5870 2974 5919 κωλύεται.
