3948 6486
174 397 252 454 m
1075 385 1138 442 1N
1176 385 1355 445 ACTA
1395 383 1916 443 APOSTOLORUM.
1956 383 2187 441 HOMIL.
2218 358 2359 442 xui.

168 520 311 568 contra
331 519 427 567 eos,
463 501 527 557 ita
552 508 614 556 ut
637 499 764 556 nudi
790 508 844 556 et
863 500 1029 556 saucii
1072 500 1365 571 effugerent
1408 501 1475 556 de
1501 500 1661 555 domo

168 607 252 662 illa.
276 602 345 657 l7.
373 598 469 653 lloc
493 605 666 649 autem
698 604 882 649 notum
912 594 1111 649 factum
1155 604 1240 651 est
1263 594 1462 650 Iudaeis
1491 604 1656 664 atque

163 693 407 769 gentilibus,
444 688 526 759 qui
577 687 887 743 habitabant
930 686 1150 757 Ephesi.
1183 707 1203 739 ι
1238 687 1400 757 igitur
1425 686 1561 741 clam
1585 685 1659 739 fa-

164 786 345 846 ciebant,
369 780 546 838 deinde
588 779 854 850 divulgata
904 787 986 835 est
1027 779 1238 833 illorum
1266 778 1565 833 infirmitas.
1592 776 1660 830 Et

159 878 299 933 cecidit
323 876 453 929 timor
475 887 625 940 super
652 885 824 925 omnes
870 871 1008 936 illos,
1052 881 1097 926 et
1120 870 1543 941 magniﬁcabatur
1562 886 1657 923 no-

161 986 243 1024 men
263 964 441 1020 Domini
463 960 603 1017 Iesu.
632 962 719 1017 18.
765 961 1015 1032 Multique
1040 963 1349 1016 credentium
1379 960 1654 1026 veniebant,

157 1061 393 1129 conﬁtentes
415 1064 457 1109 et
503 1056 860 1109 annuntiantes
908 1064 1051 1108 actus
1105 1071 1242 1108 suos.
1297 1053 1431 1121 Quia
1460 1061 1659 1107 tantam

158 1156 416 1222 potestatem
465 1144 749 1209 habebant,
782 1154 841 1199 ut
886 1160 983 1215 per
1034 1144 1296 1199 daemonia
1351 1144 1471 1198 talia
1514 1144 1657 1198 face-

154 1253 259 1306 rent,
288 1240 458 1294 merito
478 1237 590 1292 haec
619 1237 770 1291 fiunt.
798 1237 883 1293 l9.
919 1256 937 1289 ι
974 1236 1122 1290 Multi
1148 1244 1325 1291 autem
1357 1251 1424 1290 ex
1454 1234 1539 1301 iis,
1567 1234 1656 1305 qui

154 1330 529 1393 luerantcuriosa
575 1330 801 1395 sectati,
853 1329 1197 1383 contulerunt
1227 1328 1410 1390 libros,
1434 1334 1487 1381 et
1513 1340 1659 1381 com-

151 1430 377 1482 busserunt
410 1436 585 1475 coram
611 1421 859 1475 omnibus
887 1437 900 1472 :
930 1429 983 1474 et
1010 1419 1333 1490 computatis
1385 1418 1572 1488 pretiis
1594 1416 1658 1471 il-

150 1520 298 1580 lorum,
341 1516 656 1569 invenerunt
685 1512 965 1581 pecuniam
1009 1510 1353 1565 denariorum
1392 1509 1655 1578 quinqua-

146 1611 255 1678 ginta
283 1603 506 1658 millium.
533 1601 624 1655 20.
656 1600 729 1655 ita
759 1602 966 1655 fortiter
981 1599 1262 1654 crescebat
1288 1598 1509 1653 verbum
1538 1597 1652 1661 Dei,

146 1695 586 1756 etconfirmabatur.
621 1713 641 1746 ι
684 1693 933 1748 Videntes
972 1702 1147 1746 autem
1195 1707 1260 1747 ex
1290 1690 1374 1745 his
1400 1691 1655 1759 deinceps

146 1793 241 1846 nihil
267 1790 351 1843 sibi
378 1788 618 1843 utilitatis
670 1786 805 1855 fore,
850 1794 1166 1841 exusserunt
1208 1785 1411 1841 libros:
1443 1784 1655 1854 quando

144 1887 213 1953 ipsi
239 1883 478 1937 dminones
504 1880 605 1935 hoc
627 1879 846 1934 faciunt.
871 1879 983 1934 Non
1010 1894 1137 1949 ergo
1155 1893 1346 1933 nomen
1375 1877 1649 1948 quidpiam

144 1976 248 2033 facit.
280 1974 363 2029 nisi
393 1988 507 2025 cum
554 1972 655 2026 fide
685 1972 910 2025 dicatur.
964 1972 1105 2026 Bene
1135 1986 1262 2041 ergo
1282 1970 1491 2025 dicebat
1510 2011 1525 2036 ,
1555 1969 1654 2033 Qui

138 2065 258 2116 credit
283 2065 328 2115 in
344 2066 447 2128 'me,
487 2064 684 2133 majora
725 2064 871 2133 faciet
907 2062 1102 2134 (Joan.
1134 2063 1218 2117 14.
1250 2062 1383 2133 12.),
1418 2061 1513 2115 has
1535 2079 1652 2115 lllll-

142 2155 232 2206 bras
257 2155 525 2207 insinuans.
563 2153 695 2208 Vide
723 2154 988 2222 quomodo
1026 2154 1188 2209 armis
1209 2162 1393 2208 contra
1448 2155 1652 2223 scipsos

137 2246 337 2298 usisunt.
390 2244 453 2297 Et
497 2244 807 2313 disputabat,
862 2245 1049 2314 iuquit,
1107 2246 1161 2298 in
1205 2246 1377 2301 schola
1426 2245 1652 2315 Tyranni

136 2340 346 2407 cujusdam
370 2353 453 2407 per
480 2354 647 2392 annos
675 2339 825 2392 duos.
854 2338 955 2394 Ubi
1010 2338 1196 2394 ﬁdeles
1218 2346 1373 2395 erant
1394 2380 1409 2405 ,
1462 2340 1651 2395 admo-

134 2431 228 2483 dum
262 2440 398 2485 erant
439 2430 649 2485 fideles.
698 2432 771 2485 lta
802 2432 931 2485 nihil
963 2448 1208 2501 magnum
1248 2433 1504 2502 putabant
1530 2448 1651 2489 esse

134 2522 269 2575 testim
292 2565 305 2587 ,
334 2524 762 2594 quandoquidem
806 2534 859 2578 et
899 2524 1117 2578 Paulum
1160 2525 1443 2587 addidere,
1476 2527 1648 2596 ipsum

132 2612 221 2665 hinc
264 2628 493 2683 magnum
550 2615 826 2684 quidpiam
877 2630 998 2669 esse
1044 2625 1229 2684 putare
1284 2616 1646 2672 ostendentes.

134 2704 200 2755 llic
217 2705 368 2758 mirari
393 2705 558 2770 subit,
593 2706 861 2774 quomodo
898 2706 1108 2760 daemon
1143 2707 1233 2761 ille
1260 2709 1650 2764 exorcistarum

129 2799 257 2848 etrori
280 2813 372 2852 non
413 2808 741 2868 cooperatus
794 2811 895 2864 εει,
939 2799 1031 2854 sed
1084 2799 1352 2870 redarguit
1391 2801 1564 2868 illum,
1595 2811 1651 2857 et

130 2900 293 2940 scenam
320 2904 498 2943 eorum
535 2890 807 2959 patefecit.
840 2891 965 2944 Mihi
998 2891 1207 2945 videtur
1230 2891 1384 2946 valde
1426 2908 1649 2948 succen-

130 2979 270 3045 suisse,
294 2996 350 3036 ac
374 2982 417 3035 si
448 2984 573 3050 quis
595 2983 665 3038 de
695 2984 950 3039 extremis
990 2985 1315 3053 periclitans,
1371 3001 1399 3039 a
1450 2988 1648 3042 misero

138 3072 304 3135 quodam
329 3083 379 3128 et
406 3090 724 3130 :erumnoso
750 3075 1028 3139 refutetur,
1060 3084 1115 3129 et
1140 3079 1370 3132 furorem
1392 3093 1544 3132 suum
1567 3088 1649 3134 to—

139 3169 215 3215 tum
234 3164 271 3218 in
286 3168 422 3220 illum
451 3184 757 3223 exonerare
786 3169 937 3223 velit.
970 3169 1046 3223 Ne
1069 3171 1342 3225 videretur
1367 3172 1509 3225 enim
1540 3188 1641 3227 no-

138 3270 221 3308 men
240 3257 333 3312 lesu
381 3261 692 3330 despicere,
744 3262 918 3330 primo
968 3260 1142 3328 ipsum
1173 3261 1482 3328 confessus,
1520 3270 1646 3318 tunc

127 3359 372 3414 potestatem
402 3353 645 3422 accepit.
681 3352 749 3409 Ut
791 3364 968 3406 autem
1000 3352 1261 3423 probetur
1302 3368 1409 3406 non
1456 3368 1521 3407 ex
1546 3352 1645 3408 de-

119 3438 269 3496 bilitate
296 3446 562 3509 nominis,
593 3444 685 3498 sed
713 3459 777 3498 ex
820 3443 1030 3497 illorum
1078 3443 1262 3498 fraude
1307 3452 1473 3498 totum
1504 3446 1645 3499 acci-

114 3532 233 3600 disse,
257 3552 341 3590 cur
366 3554 470 3590 non
520 3536 700 3591 Paulo
733 3537 838 3590 tale
872 3535 1143 3604 quidpiam
1172 3536 1439 3605 contigit?
1468 3535 1534 3589 Et
1564 3541 1643 3592 in-

109 3625 267 3690 siliens,
309 3628 500 3698 inquit,
559 3628 709 3681 homo
739 3627 790 3680 in
821 3627 957 3680 illos.
1002 3625 1161 3681 Forte
1189 3626 1402 3680 discidit
1434 3627 1642 3683 illorum

111 3726 261 3781 restes,
307 3731 359 3774 et
392 3723 571 3789 capita
606 3719 926 3774 dilaniavit:
960 3717 1062 3773 hoc
1100 3718 1243 3771 enim
1286 3717 1538 3772 indicavit
1563 3720 1645 3774 di-

105 3822 219 3872 cens,
246 3809 477 3866 [miliens
493 3828 514 3875 ;
565 3811 619 3865 id
663 3819 766 3873 est,
813 3825 936 3864 cum
982 3810 1180 3879 impetu
1229 3811 1461 3875 irruens,
1489 3812 1556 3865 ita
1587 3823 1644 3868 ut

106 3889 194 3945 lucc
216 3891 372 3949 facere
398 3906 606 3964 posset.
639 3895 773 3963 Quid
819 3895 921 3949 sibi
972 3896 1103 3959 vult,
1146 3894 1421 3949 Discedens
1440 3898 1502 3949 ab
1528 3897 1599 3950 eis
1620 3938 1635 3964 ,

99 3988 325 4054 segregavit
360 3987 695 4057 discipulos?
732 3986 972 4052 Illorum,
997 3986 1185 4055 inquit,
1215 3986 1638 4040 maledicentiam

99 4076 303 4130 succidit.
336 4077 451 4133 Hoc
495 4087 688 4133 autem
717 4076 843 4131 facit
884 4087 936 4131 et
965 4076 1222 4141 abscedit,
1275 4078 1395 4147 quia
1426 4078 1643 4133 nolebat

93 4163 270 4219 illorum
306 4168 569 4223 invidiam
619 4167 965 4233 succendere,
998 4184 1172 4237 neque
1198 4168 1252 4222 in
1280 4169 1539 4237 majorem
1568 4170 1641 4223 ri-

92 4270 193 4309 xam
220 4258 445 4316 incitare.
474 4261 618 4316 Illud
648 4272 844 4325 autem,
898 4260 1233 4315 Fiducialiter
1261 4263 1461 4334 agebat,
1485 4262 1637 4329 dicit,

85 4347 349 4415 significans
392 4352 578 4422 ipsum
625 4352 691 4405 ad
735 4351 969 4420 pericula
1014 4362 1278 4422 paratum,
1324 4353 1517 4407 clarius
1541 4368 1641 4407 nec

87 4437 123 4489 dx
142 4454 295 4507 gmnta
311 4444 733 4498 obumbrantem
752 4444 1071 4511 diSputasse.
1095 4443 1228 4498 llinc
1250 4444 1505 4499 discimus
1532 4460 1637 4499 non

83 4544 161 4582 nos
187 4532 482 4588 immiscere
510 4549 639 4588 cum
670 4533 943 4587 maledicis
968 4574 984 4600 ,
1014 4533 1106 4587 sed
1138 4534 1207 4587 ab
1238 4534 1345 4588 illis
1372 4535 1633 4589 abscede-

84 4634 146 4673 re.
170 4621 273 4676 Non
302 4626 596 4680 maledixit
620 4627 734 4693 ipse
752 4665 767 4691 ,
794 4639 915 4679 cum
972 4624 1113 4680 male
1140 4624 1384 4689 audiret,
1416 4626 1521 4679 imo
1537 4642 1637 4696 po-

80 4714 163 4767 tius
184 4719 415 4787 quotidie
440 4718 775 4787 disputabat,
808 4727 862 4772 et
890 4717 989 4772 hac
1014 4718 1243 4772 maxime
1271 4719 1476 4773 ratione
1502 4720 1641 4772 mul-

78 4814 143 4859 tos
168 4808 259 4861 sibi
278 4810 613 4875 concilians,
642 4808 784 4879 quod
825 4810 1067 4879 quamvis
1096 4810 1235 4863 mala
1268 4810 1495 4877 audiret,
1532 4828 1637 4865 non

73 4895 344 4956 discederet
369 4916 564 4971 neque
590 4910 947 4970 separaretur.
980 4900 1048 4955 Et
1077 4901 1324 4966 observa,
1357 4912 1637 4971 postquam

73 4995 265 5048 tentatio
295 4996 366 5049 ab
390 4996 648 5050 externis
664 4996 913 5059 cessavit,
942 5010 972 5048 a
1002 4995 1336 5049 daemonibus
1364 4996 1582 5064 incepit.

125 5084 419 5141 Judtrorum
468 5090 693 5142 caecitas.
741 5118 811 5127 -—
851 5086 1037 5142 Viden’
1094 5087 1386 5141 carcitatem
1454 5086 1639 5142 Jndai-

69 5178 198 5229 cani?
226 5178 359 5232 Cum
400 5180 662 5232 viderent
694 5190 874 5233 vestes
915 5180 1031 5247 ejus
1067 5188 1373 5247 operantcs,
1412 5195 1515 5233 non
1540 5180 1637 5233 nd-

73 5269 344 5326 vertebant.
377 5270 534 5340 Quid
577 5270 676 5325 hoc
711 5271 883 5340 majus
917 5285 1037 5326 esse
1088 5271 1293 5340 possit?
1338 5273 1408 5325 At
1442 5272 1546 5325 illis
1588 5274 1638 5326 in

69 5364 370 5417 contrarium
424 5379 525 5418 res
586 5378 737 5417 versa
793 5371 894 5417 est.
944 5363 1001 5417 Si
1047 5364 1168 5432 quis
1220 5364 1499 5433 gentilium
1532 5381 1638 5418 non

68 5450 246 5518 credat,
275 5453 480 5507 videns
529 5453 774 5506 umbram
818 5452 930 5507 hinc
953 5463 1287 5523 operantem,
1313 5455 1517 5508 credat.
1551 5455 1642 5511 Sic

67 5556 117 5592 ex
135 5558 211 5607 eo,
244 5546 389 5615 quod
428 5547 506 5600 ab
536 5546 645 5599 illis
671 5545 1006 5611 discederet,
1032 5547 1274 5602 maledici
1319 5555 1374 5601 et
1426 5548 1515 5617 qui
1545 5548 1641 5602 do-

65 5646 163 5696 gina
206 5636 724 5703 calumniabanlur,
777 5649 1098 5709 superantur
1138 5641 1265 5710 (hoc
1310 5642 1453 5695 enim
1498 5643 1636 5695 viam

64 5729 267 5797 \Ocavit)
293 5747 307 5781 :
340 5730 436 5784 ille
464 5744 609 5783 vero
634 5729 877 5795 discedit,
904 5742 962 5785 ut
1004 5746 1181 5801 neque
1208 5731 1455 5801 discipuli
1481 5747 1633 5787 sece-

65 5816 235 5876 dereut
264 5841 448 5895 neque
482 5826 615 5880 illos
633 5825 697 5880 ad
747 5826 879 5880 iram
903 5826 1227 5896 concitaret,
1258 5827 1545 5883 ostendens
1570 5827 1640 5881 il-

3245 393 3348 447 2%

1772 497 1853 553 los
1874 498 2071 569 ubique
2099 499 2325 557 salutem
2374 500 2657 570 repellere.
2700 502 2765 557 Et
2801 503 2912 573 jam
2956 504 3062 561 illis
3090 521 3194 560 non
3229 523 3346 563 sese

1768 598 1980 661 purgat,
2007 605 2074 647 eo
2097 591 2239 661 quod
2269 601 2460 663 gentes
2503 594 2701 664 ubiqoe
2744 596 3044 652 crederent.
3076 598 3142 653 Et
3169 599 3322 668 dispu

1767 688 1865 747 tat,
1907 695 2011 736 non
2059 684 2304 752 quemvis
2339 684 2513 738 locum
2561 701 2842 755 quaerens,
2898 689 2993 744 sed
3017 690 3104 744 ubi
3162 691 3345 745 schola

1767 781 1902 839 erat,
1926 773 2075 843 quasi
2102 776 2545 843 commodiorem,
2584 794 2649 833 eo
2688 780 2829 849 quod
2858 781 2927 835 ibi
2955 798 3345 853 congregaren-

1770 869 1875 916 tur.

1834 955 1887 1010 2.
1923 956 2100 1027 Papae,
2132 968 2329 1030 quanta
2353 960 2685 1017 credentium
2722 965 2893 1019 virtus
2918 1007 2934 1033 ,
2960 983 3120 1036 quum
3151 975 3203 1021 et
3226 968 3345 1022 aliis

1764 1061 1974 1118 quoque
2003 1051 2187 1105 eadem
2220 1052 2333 1121 ipsa
2388 1052 2567 1109 facere
2600 1056 2958 1112 concedatur!
2987 1068 3181 1127 quanta
3216 1076 3343 1114 vero

1763 1142 1977 1195 caecitas
2006 1157 2216 1207 eorum,
2250 1144 2339 1214 qui
2360 1146 2663 1200 etiamdum
2695 1148 2861 1203 virtus
2896 1150 2979 1204 illa
3011 1151 3347 1205 demonstra—

1762 1242 1944 1299 retur,
1974 1233 2027 1287 in
2072 1233 2443 1290 incredulitate
2484 1238 2791 1292 manebant.
2838 1239 2904 1294 Ut
2949 1241 3108 1311 igitur
3155 1243 3340 1297 Simon

1761 1322 1894 1378 lucri
1920 1340 2077 1379 causa
2103 1327 2330 1396 gratiam
2365 1327 2597 1397 Spiritus
2627 1331 2938 1399 quaerebat,
2970 1333 3048 1387 sic
3077 1344 3129 1388 et
3162 1334 3213 1387 hi
3245 1350 3340 1388 ea-

1761 1413 1883 1469 dem
1919 1416 1985 1470 de
2010 1430 2172 1471 causa
2216 1417 2446 1487 idipsum
2492 1419 2777 1475 faciebant.
2828 1422 3035 1490 Quanta
3081 1425 3338 1480 czecitas?

1763 1503 1830 1558 Et
1868 1520 2035 1574 quare
2085 1506 2287 1562 Paulus
2327 1524 2433 1562 non
2480 1508 2758 1580 increpat?
2786 1510 2918 1578 Quia
2956 1515 3128 1568 visum
3158 1516 3341 1571 fuisset

1761 1595 1864 1652 hoc
1885 1612 1951 1652 ex
1974 1598 2172 1653 invidia
2221 1599 2371 1667 fieri;
2413 1600 2537 1656 ideo
2556 1618 2644 1657 res
2684 1604 2753 1656 ita
2787 1604 3149 1675 dispensatur.
3179 1608 3266 1663 Sic
3286 1619 3342 1663 et

1758 1688 1972 1744 Christo
2007 1691 2229 1757 accidit;
2268 1693 2361 1747 sed
2415 1701 2537 1750 tunc
2586 1710 2691 1749 non
2733 1697 3119 1766 impediebatur
3168 1702 3334 1772 (nam

1761 1789 1884 1837 tunc
1906 1783 2113 1838 initium
2140 1800 2317 1840 rerum
2342 1795 2457 1841 erat
2480 1785 2527 1859 ),
2551 1788 2810 1857 siquidem
2840 1798 2894 1845 et
2921 1789 3086 1847 Judas
3116 1793 3197 1845 fur
3227 1809 3332 1849 non

1759 1874 2146 1941 cohibebatur;
2196 1878 2433 1933 Ananias
2488 1894 2619 1934 vero
2670 1890 2724 1935 et
2763 1881 3026 1951 Sappliira
3075 1884 3336 1940 interfecti

1758 1975 1879 2018 sunt
1910 1982 1925 2025 :
1960 1967 2220 2037 multique
2237 1968 2405 2023 Judaei
2454 1969 2801 2038 obsistentes,
2834 1973 2965 2028 nihil
2989 1977 3132 2046 passi
3166 1986 3329 2045 sunt;

1757 2056 1971 2126 Elymus
1995 2073 2120 2112 vero
2151 2070 2450 2115 excmcatus
2490 2071 2591 2116 est.
2632 2062 2751 2117 Non
2782 2067 2938 2133 enim,
2973 2067 3163 2137 inquit,
3196 2072 3328 2138 ueni,

1756 2156 1810 2198 ut
1831 2148 2055 2216 judicem
2079 2151 2344 2217 mundum,
2380 2153 2469 2206 sed
2495 2163 2548 2207 ut
2571 2154 2791 2209 salvetur
2832 2158 3053 2212 mundus
3079 2159 3257 2229 (Joaa.
3282 2163 3334 2217 5.

1756 2238 1869 2309 17).
1907 2239 2038 2295 Vide
2064 2256 2178 2296 rem
2208 2244 2587 2299 exsecrandam
2610 2264 2623 2299 :
2645 2245 2814 2301 Judaei
2844 2247 3016 2303 adhuc
3033 2264 3331 2319 manentes,

1755 2342 1823 2383 ex
1852 2330 1967 2399 ipso
1996 2332 2216 2386 nomine
2266 2333 2460 2388 lucrari
2507 2336 2790 2391 volebant:
2821 2338 3000 2408 itaque
3038 2344 3216 2397 omnia
3265 2347 3330 2399 ad

1754 2418 1978 2490 gloriam
2001 2429 2055 2475 et
2080 2422 2286 2477 lucrum
2331 2422 2615 2479 faciebant.
2664 2425 2909 2496 Undique
2935 2428 3057 2484 vide
3082 2431 3328 2490 homines

1754 2524 1861 2564 non
1894 2510 1962 2564 ita
2010 2527 2107 2581 per
2162 2514 2334 2579 utilia,
2393 2523 2450 2569 ut
2504 2531 2598 2585 per
2650 2518 2903 2573 terribilia
2954 2525 3215 2577 converti.
3253 2526 3334 2580 Ex

1753 2599 2029 2671 Sapphirte
2080 2606 2329 2675 exemplo
2368 2614 2546 2661 terror
2592 2607 2781 2663 incidit
2828 2610 2880 2664 in
2932 2612 3248 2681 Ecclesium,
3281 2628 3336 2672 et

1753 2691 1840 2746 alii
1875 2708 1982 2748 non
2009 2695 2276 2750 audebant
2304 2711 2364 2752 se
2394 2697 2720 2767 conjungere
2760 2700 2866 2754 illis
2890 2701 2908 2772 (
2934 2701 3047 2755 Act.
3073 2705 3127 2759 5.
3154 2707 3266 2779 15)
3308 2725 3324 2762 :

1752 2782 1841 2838 hic
1865 2784 2075 2840 sudaria
2099 2794 2151 2840 et
2178 2787 2507 2843 semicinctia
2530 2789 2866 2858 accipiebant
2889 2800 2943 2846 et
2965 2796 3327 2867 sanabuntur;

1753 2885 1807 2931 et
1849 2884 2033 2943 postea
2078 2878 2369 2933 veniebant
2412 2889 2469 2934 ut
2513 2882 2902 2937 confiterentur
2943 2896 3159 2954 peccata
3214 2905 3329 2947 sua.

1754 2967 1834 3023 Ex
1864 2983 1948 3035 eo,
1980 2969 2119 3039 quod
2160 2969 2418 3038 insiliret,
2450 2972 2751 3027 ostenditur
2793 2974 3095 3033 daamonum
3142 2996 3331 3052 magna

1751 3060 1992 3128 quaedam
2021 3061 2121 3124 vis,
2150 3076 2270 3115 cum
2298 3074 2483 3118 contra
2518 3063 2758 3120 infideles
2787 3078 2968 3137 agunt.
3002 3070 3070 3123 Et
3097 3087 3193 3125 cur
3220 3090 3326 3129 non

1750 3149 1886 3203 dixit
1936 3150 2157 3220 spiritus
2201 3153 2408 3207 malus:
2439 3153 2568 3221 Quis
2611 3163 2696 3209 est
2744 3155 2941 3210 Jesus?
2982 3161 3075 3214 sed
3122 3162 3329 3219 inutilia

1749 3243 1915 3297 verba
1971 3244 2232 3312 protulit?
2282 3245 2547 3313 Timehat,
2606 3262 2675 3303 ne
2725 3248 2840 3319 ipse
2898 3266 3083 3319 ptenas
3128 3255 3327 3312 daret:

1750 3333 1956 3388 sciebat
1992 3335 2133 3387 enim
2173 3333 2331 3403 hujus
2360 3337 2592 3392 nominis
2644 3337 2840 3394 virtute
2876 3355 3192 3397 concessum
3223 3347 3324 3401 sibi

1748 3423 1930 3488 fuisse,
1968 3434 2024 3479 ut
2050 3426 2300 3482 illusores
2326 3427 2445 3483 illos
2466 3428 2838 3485 ulcisceretur.
2870 3432 2979 3487 Cur
3005 3447 3185 3490 autem
3216 3441 3321 3493 ini-

1746 3517 1853 3571 seri
1884 3518 1958 3571 illi
1988 3533 2093 3572 non
2122 3519 2373 3574 dixerunt
2401 3521 2472 3584 ei,
2498 3520 2781 3575 Credimus
2807 3523 2830 3576 ?
2873 3524 3154 3582 Tiniehant
3184 3530 3325 3585 Pau-

1750 3605 1856 3660 lum
1884 3623 2243 3677 :quamquam
2274 3610 2442 3663 multo
2487 3611 2745 3666 clariores
2778 3612 2937 3667 futuri
2968 3629 3140 3685 erant,
3168 3620 3211 3673 si
3240 3621 3328 3675 Ju-

1746 3712 1865 3751 sum
1916 3699 2198 3754 Dominum
2252 3701 2616 3771 agnovissent.
2667 3703 2735 3756 Et
2781 3704 3015 3775 alioquin
3072 3710 3143 3772 id,
3182 3715 3326 3780 quod

1749 3791 2008 3861 Philippis
2063 3793 2468 3863 contigit,illos
2518 3794 2841 3849 emendavit.
2898 3797 2973 3851 'l‘u
3018 3815 3146 3855 vero
3196 3806 3323 3860 mihi

1746 3883 2050 3947 considera,
2076 3898 2234 3952 quam
2284 3884 2556 3938 modestus
2606 3886 2706 3941 hoc
2748 3888 2867 3942 loco
2892 3891 2959 3944 sit
2989 3894 3239 3963 scriptor,
3270 3909 3324 3952 et

1745 3976 2016 4046 quomodo
2056 3975 2333 4030 historiam
2383 3976 2555 4031 solum
2596 3978 2828 4045 wribat,
2882 3997 2979 4035 nec
3019 3989 3322 4055 quempiam

1747 4076 1979 4123 accuset.
2012 4067 2125 4123 lloc
2150 4069 2418 4136 apostolos
2464 4069 2735 4125 mirabiles
2761 4073 3038 4129 reddebat.
3072 4076 3140 4131 Et
3172 4085 3324 4149 cuius

1745 4168 1927 4214 essent
1952 4158 2043 4212 filii
2069 4158 2215 4224 dicit,
2244 4167 2297 4213 et
2326 4173 2519 4213 nomen
2543 4169 2592 4214 et
2622 4177 2924 4227 numerum,
2958 4165 3090 4220 dans
3117 4169 3200 4236 iis,
3234 4175 3321 4239 qui

1745 4261 1872 4306 tunc
1896 4260 2066 4316 erant,
2125 4261 2331 4306 certum
2378 4253 2701 4308 narrationis
2741 4270 2851 4309 suae
2900 4257 3173 4314 indicium.
3213 4264 3324 4320 Cur

1746 4355 1923 4400 autem
1961 4345 2254 4399 circuibant
2276 4344 2398 4398 illi?
2429 4344 2586 4400 Lucri
2613 4360 2806 4413 causa,
2855 4362 2960 4402 non
3003 4361 3056 4405 ut
3100 4355 3317 4411 verbum

1745 4438 2125 4491 annuntiarent
2153 4454 2166 4491 :
2198 4436 2468 4506 quomodo
2514 4420 2703 4492 enim?
2745 4437 2890 4495 Bene
2916 4451 3094 4497 autem
3134 4462 3317 4503 curre-

1744 4529 1872 4584 bant
1896 4539 2075 4598 postea
2100 4569 2115 4593 ,
2159 4529 2510 4598 praedicantes
2552 4546 2647 4598 per
2689 4545 2751 4585 ea
2802 4548 2921 4602 qute
2964 4539 3319 4605 patiebantur.

1744 4622 1921 4689 Quare
1951 4621 2053 4676 hoc
2077 4620 2360 4675 declarans
2385 4623 2458 4674 ait
2485 4640 2497 4675 :
2530 4620 2596 4673 Et
2621 4632 2795 4676 notum
2828 4628 3027 4692 factum
3052 4638 3123 4681 est
3149 4635 3313 4685 omni-

1746 4716 1837 4769 bus
1892 4725 1995 4767 tam
2062 4712 2262 4768 Iudaeis
2312 4730 2466 4784 quam
2523 4716 2825 4784 gentilibus,
2873 4719 2958 4785 qui
3032 4722 3322 4781 habitabant

1746 4807 1954 4877 Ephesi.
1987 4806 2194 4873 Nonne,
2216 4820 2421 4876 quaeso,
2441 4806 2601 4860 etiam
2622 4822 2733 4873 eos,
2764 4808 2852 4876 qui
2881 4808 3124 4866 duriores
3145 4827 3316 4882 erant,

1753 4908 2070 4953 convertere
2092 4897 2307 4953 debuit?
2326 4894 2431 4952 Sed
2462 4914 2567 4951 non
2598 4900 2886 4964 convertit;
2921 4916 3020 4955 nec
3052 4904 3264 4960 mireris
3296 4925 3311 4961 :

1761 4991 1977 5045 malitiae
2004 4990 2146 5045 enim
2177 4989 2309 5044 nihil
2337 4999 2419 5044 est
2456 4990 2596 5058 quod
2645 4990 2981 5058 persuadeat.
3028 4995 3140 5064 Age
3168 5013 3317 5067 vero,

1757 5086 1857 5140 hoc
1888 5086 2269 5140 exorcistarum
2317 5098 2449 5153 Opus
2481 5084 2753 5137 videamus
2782 5097 2991 5155 quantae
3030 5089 3097 5143 sit
3128 5094 3319 5161 nequi-

1749 5180 1857 5233 tia).
1903 5176 2012 5232 Cur
2045 5186 2223 5231 autem
2270 5174 2369 5228 hoc
2410 5174 2510 5228 sub
2552 5174 2767 5229 Christo
2832 5192 2935 5231 non
3000 5183 3320 5251 contigerit,

1749 5273 1991 5337 alterius,
2016 5285 2124 5324 non
2153 5268 2431 5338 przesentis
2473 5269 2728 5337 temporis
2758 5279 2840 5325 est
2867 5271 3195 5343 disquirere;
3229 5294 3321 5331 ve-

1758 5380 1874 5418 rum
1914 5363 2054 5432 quod
2099 5362 2207 5431 jam
2261 5360 2479 5429 pulchre
2519 5371 2573 5415 et
2604 5362 2803 5418 utiliter
2830 5365 3039 5420 accidit.
3101 5368 3329 5426 Videtur

1748 5456 1889 5508 enim
1919 5454 2037 5506 illos
2068 5451 2319 5505 irridendi
2351 5466 2510 5506 causa
2558 5453 2660 5508 hoc
2682 5452 2913 5519 fecisse;
2950 5456 3171 5526 ideoque
3214 5462 3326 5528 ple-

1748 5555 1993 5601 ctuntur:
2018 5544 2087 5597 ita
2113 5552 2172 5597 ut
2193 5542 2413 5612 posthac
2444 5559 2601 5598 nemo
2619 5544 2838 5599 auderet
2868 5555 3070 5601 temere
3096 5548 3196 5601 hoc
3226 5566 3323 5603 uo-

1750 5654 1871 5691 men
1900 5636 2159 5706 proferre.
2186 5636 2297 5689 Hoc
2322 5635 2559 5691 fidelium
2606 5639 2800 5692 multos
2839 5638 2904 5692 ad
2931 5639 3322 5697 confessionem

1749 5729 1993 5794 deduxit,
2016 5728 2119 5782 hoc
2145 5737 2199 5782 et
2222 5729 2464 5783 timorem
2491 5730 2617 5800 ipsis
2645 5730 2902 5797 incussit,
2931 5731 3325 5802 maximumque

1754 5824 1855 5880 hoc
1878 5831 2248 5895 argumentum
2279 5822 2375 5877 fuit
2404 5824 2570 5879 Deum
2593 5827 2767 5898 omnia
2802 5839 2982 5878 nosse.
3004 5823 3321 5897 Priusquam
