3948 6460
576 336 675 392 291

574 464 603 504 a
648 446 982 505 danuonibus
1031 446 1501 518 redarguerentur,
1546 442 1753 512 seipsos
1775 441 2133 505 accusabant,

575 543 826 596 timentes
877 555 944 595 ne
994 538 1178 594 eadem
1236 546 1580 608 paterentur;
1629 544 1684 589 et
1740 534 1862 604 jure
1911 533 2148 603 quidem.

573 633 799 699 Quando
819 632 963 687 enim
1004 630 1278 699 adjutores
1314 627 1623 692 dinmones,
1654 636 1996 679 accusatores
2033 624 2150 678 illo-

576 742 690 780 rum
722 734 898 789 erant,
931 739 1034 777 non
1065 721 1445 783 auxiliatores,
1480 720 1653 789 qualis
1679 734 1805 788 spes
1847 727 2147 787 supererat,

574 818 675 872 nisi
699 816 968 871 confessio
1005 830 1099 885 per
1136 812 1349 883 opera?
1386 812 1522 866 Vide
1560 820 1757 882 quanta
1790 810 1936 865 brevi
1965 820 2150 873 postea

574 910 711 964 tuala
731 907 977 963 eveniant
1013 914 1131 975 post
1160 914 1237 959 tot
1282 906 1414 959 facta
1440 904 1609 973 signa.
1668 901 1814 956 Talis
1843 905 2041 971 quippe
2066 910 2152 956 est

573 1004 800 1057 humana
822 1011 1004 1054 natura
1037 1017 1049 1054 :
1082 996 1657 1052 statimbencficiorum
1687 993 2039 1050 obliviscitur.

639 1094 811 1147 Terra:
827 1101 987 1145 motus
1008 1089 1465 1158 Constantinopoli.
1490 1117 1562 1127 ——
1583 1090 1772 1141 Annon
1795 1086 2136 1153 meministis,

570 1186 796 1256 idipsum
857 1184 1016 1238 etiam
1068 1182 1264 1235 nostris
1319 1177 1649 1249 temporibus
1714 1177 2011 1232 accidisse?
2060 1177 2151 1231 llic

568 1281 710 1334 enim
740 1278 865 1331 mihi
894 1295 906 1330 :
941 1290 1117 1329 nonne
1142 1288 1283 1328 anno
1304 1272 1581 1341 superiore
1608 1269 1880 1326 concussit
1909 1270 2050 1324 Deus
2074 1268 2152 1323 ci-

569 1375 787 1425 vitatem
846 1378 1008 1423 totam
1050 1368 1167 1437 (a)?
1221 1365 1359 1435 Quid
1410 1364 1582 1419 vero?
1635 1380 1814 1419 nonne
1852 1378 2037 1418 omnes
2081 1362 2149 1417 ad

570 1464 887 1534 baptismum
909 1459 1274 1515 accedebant?
1298 1473 1475 1513 nonne
1500 1466 1842 1521 scortatores,
1877 1455 2067 1509 molles
2096 1463 2151 1510 et

568 1560 801 1629 corrupti
857 1557 1119 1616 homines,
1172 1554 1372 1608 relictis
1420 1551 1667 1605 domibus
1716 1559 1770 1604 ct
1812 1548 2148 1613 habitaculis,

567 1650 811 1705 conversi
858 1657 911 1703 et
952 1647 1023 1717 pii
1076 1645 1250 1701 ell‘eeti
1304 1647 1466 1698 sunt?
1515 1642 1615 1698 Ubi
1669 1652 1846 1696 autem
1885 1649 1992 1695 tres
2035 1640 2150 1694 dies

571 1744 918 1803 transierunt,
949 1753 1132 1793 rursus
1173 1736 1239 1790 ad
1271 1735 1544 1804 pristinam
1587 1733 1788 1787 reversi
1813 1740 1937 1787 sunt
1960 1730 2148 1800 nequi-

568 1834 713 1887 tiam.
743 1832 891 1887 Unde
923 1831 1023 1883 hoc
1050 1826 1352 1896 contingit?
1376 1824 1452 1877 Ex
1484 1822 1689 1893 ignavia
1723 1822 1909 1875 multa.
1946 1818 2148 1890 Ecquid

568 1925 779 1987 mirum,
800 1923 841 1975 si
867 1921 950 1973 ubi
972 1935 1057 1974 res
1080 1920 1427 1982 transierunt,
1453 1915 1666 1985 quando
1698 1913 2013 1982 imaginibus
2038 1926 2151 1980 per-

572 2028 729 2085 petuo
760 2012 1097 2067 manentibus
1126 2010 1226 2063 hoc
1264 2010 1436 2077 ipsum
1478 2006 1694 2061 evenit?
1732 2005 1861 2071 Quie
1891 2004 1942 2057 in
1976 2002 2149 2058 Sodo-

568 2108 690 2167 mis,
721 2106 805 2158 dic
829 2103 978 2168 mihi,
1022 2117 1202 2155 nonne
1246 2108 1502 2168 perpetuo
1532 2096 1787 2150 manent?
1821 2093 1957 2160 Quid
1986 2093 2150 2161 ergo?

565 2215 631 2253 an
660 2199 812 2252 vicini
845 2204 1122 2264 propterea
1153 2192 1400 2246 meliores
1420 2190 1541 2244 facti
1566 2188 1723 2244 sunt?
1744 2187 1979 2242 Minime.
2012 2185 2149 2253 Quid

567 2305 622 2349 et
652 2294 786 2345 lilius
819 2291 966 2344 Noe?
1012 2303 1191 2343 nonne
1237 2286 1356 2339 talis
1404 2284 1564 2338 erat?
1606 2298 1785 2338 nonne
1825 2291 2023 2336 tantam
2052 2280 2151 2336 sub

564 2385 734 2438 oculis
787 2382 990 2436 habens
1034 2378 1398 2437 solitudinem,
1446 2375 1617 2429 malus
1652 2384 1827 2428 tamen
1870 2371 2027 2427 erat?
2073 2369 2152 2425 Ne

567 2478 824 2531 miremur
866 2489 1018 2543 ergo,
1071 2472 1115 2526 si
1160 2470 1243 2525 his
1291 2470 1363 2524 ita
1415 2467 1580 2538 gestis
1632 2480 1739 2520 non
1782 2463 2145 2528 crediderunt,

563 2570 775 2641 quando
806 2569 919 2637 ipsa
951 2565 1082 2620 fides
1114 2565 1220 2617 illis
1258 2577 1404 2631 smpe
1433 2562 1483 2613 itt
1526 2557 1854 2614 contrarium
1885 2564 1941 2610 et
1968 2555 2019 2609 in
2051 2569 2147 2609 ne-

565 2663 787 2731 quitiam
819 2659 1041 2714 vertitur
1064 2673 1079 2721 ;
1113 2666 1171 2708 ut
1198 2652 1414 2724 quando
1439 2650 1829 2705 dzrmoniacum
1853 2662 1975 2703 esse
1999 2647 2149 2701 dice-

564 2757 691 2810 bant
724 2754 814 2808 Dei
846 2752 1059 2806 Filium.
1081 2752 1267 2803 Annon
1301 2746 1492 2800 videtis
1519 2744 1621 2797 hoc
1655 2757 1798 2796 nunc
1820 2740 1979 2794 etiam
2001 2738 2148 2802 fieri,

563 2864 614 2904 et
647 2848 840 2900 multos
865 2846 1111 2899 homines
1140 2839 1478 2910 serpentibus
1504 2836 1731 2900 similes,
1766 2833 2070 2888 incredulos
2096 2840 2152 2887 et

570 2943 805 3010 ingratos
829 2938 915 3006 qui
938 2937 1104 2990 instar
1125 2934 1422 3001 viperarum
1445 2944 1565 2983 cum
1586 2926 1840 2982 beneﬁcia
1859 2923 2147 2994 accipiunt,

566 3031 823 3088 beneﬁcis
851 3026 1027 3082 infesti
1075 3024 1240 3078 sunt?
1272 3021 1395 3075 llaec
1416 3036 1443 3073 a
1468 3019 1621 3073 nobis
1648 3018 1790 3072 dicta
1817 3024 1960 3079 sunt,
1995 3025 2052 3068 ut
2081 3028 2151 3067 ne

565 3125 684 3195 quis
713 3121 931 3175 miretur
954 3159 968 3184 ,
996 3116 1139 3189 quod
1168 3124 1245 3169 tot
1271 3112 1432 3169 editis
1462 3110 1630 3181 signis
1658 3124 1764 3163 non
1791 3120 1979 3162 omnes
2020 3119 2153 3160 con-

567 3214 704 3269 versi
726 3213 853 3265 sint.

637 3308 690 3360 5.
735 3302 942 3359 Nostris
966 3300 1163 3371 quippe
1207 3295 1537 3367 temporibus
1564 3292 1876 3348 acciderunt
1910 3305 1995 3356 ea,
2026 3305 2148 3358 quae

566 3397 780 3453 beatum
820 3393 1069 3464 Babylam
1098 3398 1346 3461 spectant
1367 3388 1441 3460 (b)
1471 3428 1484 3451 ,
1517 3402 1637 3457 qua:
1664 3382 2015 3455 Jerosolymis
2051 3396 2146 3452 ge-

566 3504 646 3547 sta
675 3497 818 3549 sunt.
850 3503 968 3557 qn:e
997 3486 1048 3540 in
1076 3482 1442 3539 destructione
1482 3478 1826 3548 templorum,
1860 3489 2031 3544 neque
2071 3482 2151 3527 ta-

569 3597 689 3635 men
721 3593 907 3631 omnes
936 3575 1181 3630 conversi
1232 3582 1375 3625 sunt.
1407 3569 1545 3638 Quid
1583 3584 1718 3638 opus
1744 3575 1827 3621 est
1852 3575 2031 3619 vetera
2058 3579 2146 3619 re-

567 3686 788 3728 censere
809 3672 832 3721 ‘t
857 3668 970 3723 Dixi
998 3666 1169 3729 vobis,
1199 3664 1323 3733 quid
1351 3678 1491 3717 anno
1514 3661 1757 3730 proximo
1786 3656 2061 3721 acciderit,
2094 3663 2150 3710 et

568 3778 725 3818 nemo
766 3759 1030 3823 attendit;
1062 3756 1156 3812 sed
1204 3769 1387 3810 rursus
1434 3752 1686 3823 paulatim
1716 3748 2053 3805 deﬂuxerunt
2094 3756 2150 3801 et

568 3854 791 3922 collapsi
823 3860 967 3906 sunt.
1007 3849 1126 3903 Stat
1144 3861 1360 3916 semper
1384 3844 1574 3899 caelum
1600 3842 1840 3897 clamans
1868 3855 1928 3895 se
1957 3837 2147 3893 Domi-

566 3963 693 4002 num
716 3945 933 4007 habere,
962 3950 1017 3997 et
1046 3941 1145 3994 hoc
1175 3940 1479 3993 universum
1502 3950 1621 3990 esse
1641 3932 1917 4004 cujusdam
1943 3930 2149 4000 opificis

569 4041 658 4111 (de
702 4036 902 4092 mundo
944 4034 1193 4104 loquor);
1225 4042 1279 4086 et
1303 4030 1491 4085 dicunt
1517 4028 1735 4097 quidam
1769 4042 1875 4080 non
1906 4028 1976 4079 ita
1992 4038 2141 4080 esse.

566 4132 693 4199 Qua:
730 4130 870 4183 eirea
916 4124 1259 4180 Theodorum
1308 4135 1449 4174 anno
1490 4118 1737 4189 proximo
1782 4126 1932 4184 gesta
1981 4123 2144 4181 sunt,

566 4236 723 4291 quem
755 4234 860 4273 non
911 4211 1414 4284 obstupefecerunt?
1443 4211 1508 4265 Et
1547 4219 1726 4264 tamen
1756 4207 1890 4263 nihil
1920 4205 2148 4275 amplius

568 4312 762 4366 factum
780 4316 884 4373 est,
910 4306 1002 4362 sed
1020 4306 1087 4360 ad
1112 4314 1318 4371 tempus
1347 4304 1420 4372 pii
1447 4301 1646 4365 effecti,
1677 4314 1742 4354 eo
1773 4299 1969 4353 reversi
2000 4305 2145 4361 sunt,

567 4403 708 4458 unde
731 4401 978 4471 pietatem
1004 4398 1253 4452 inierant.
1286 4394 1395 4448 lloc
1412 4394 1573 4448 etiam
1602 4390 1838 4445 llebrieis
1867 4400 1994 4443 tunc
2019 4402 2150 4442 con-

570 4496 686 4567 tigit
716 4513 730 4550 :
754 4494 874 4549 ideo
900 4491 1109 4547 dicebat
1137 4488 1431 4560 propheta:
1456 4485 1583 4541 Cum
1602 4485 1847 4539 occideret
1871 4501 1975 4550 eos,
2005 4499 2146 4554 qua:-

570 4588 748 4642 rebant
784 4601 919 4648 eum,
955 4592 1005 4637 et
1042 4581 1414 4635 revertebantur
1453 4586 1498 4630 et
1528 4576 1755 4630 diluculo
1784 4574 2045 4630 veniebant
2079 4574 2147 4629 ad

570 4679 729 4734 Deum
759 4680 779 4746 (
805 4675 951 4730 Psal.
993 4674 1081 4729 77.
1113 4670 1239 4742 51).
1275 4668 1481 4738 Ecquid
1509 4675 1720 4737 oportet
1760 4666 2031 4737 generalia
2060 4665 2147 4719 illa

569 4768 844 4840 proferre?
873 4776 1003 4836 quot
1032 4765 1084 4818 in
1127 4764 1344 4816 morbos
1381 4758 1716 4814 inciderunt?
1744 4766 1876 4828 quot
1921 4772 2145 4827 surgcno

565 4871 645 4917 tes
685 4858 899 4930 polliciti
954 4866 1078 4911 sunt
1105 4872 1165 4910 sc
1196 4869 1372 4908 mores
1404 4853 1455 4906 in
1502 4853 1691 4907 melius
1733 4860 2051 4918 mutaturos,
2095 4859 2151 4907 et

568 4966 745 5010 tamen
787 4953 946 5009 iidem
980 4952 1079 5021 ipsi
1112 4948 1460 5003 manserunt?
1506 4947 1615 5002 lloc
1654 4948 1884 5001 maxime
1914 4947 2150 5002 ostendit

568 5048 725 5101 nobis
752 5045 1046 5101 naturalem
1078 5052 1313 5097 nostram
1357 5041 1564 5095 arbitrii
1599 5041 1919 5103 libertatem,
1952 5056 2146 5109 repen-

567 5141 675 5193 tina
706 5154 895 5206 nempe
922 5136 1167 5190 mutatio.
1215 5134 1345 5189 Nam
1390 5135 1434 5187 si
1474 5132 1731 5187 naturalia
1765 5133 1905 5186 mala
1942 5142 2145 5197 essent,

565 5231 782 5285 libertas
826 5245 930 5283 nou
965 5237 1108 5281 esset
1147 5244 1158 5275 :
1192 5241 1309 5294 qua:
1339 5227 1483 5279 enim
1512 5241 1578 5279 ex
1611 5234 1798 5277 natura
1828 5234 1881 5277 et
1908 5225 2147 5279 necessi-

567 5333 677 5379 tate
706 5323 870 5386 fiunt,
901 5330 1107 5374 mutare
1147 5335 1250 5371 non
1296 5333 1596 5387 possumus.
1650 5317 1807 5385 Atqui
1842 5325 2146 5382 mutantur,

564 5414 795 5487 inquies.
828 5414 1019 5466 Annon
1052 5409 1292 5464 videmus
1321 5409 1584 5463 interdum
1616 5423 1711 5462 eos
1736 5449 1751 5474 ,
1780 5409 1869 5478 qui
1899 5424 1928 5460 a
1962 5418 2147 5462 natura

629 5547 702 5608 (a)
722 5554 854 5595 Hunc
893 5549 1043 5593 terra:
1068 5550 1249 5591 motum
1267 5581 1279 5600 ,
1304 5543 1387 5608 qui
1411 5556 1537 5608 anno
1560 5544 1784 5608 proximo
1801 5578 1815 5598 .
1842 5556 2021 5608 nempe
2058 5543 2171 5599 399,

564 5604 831 5664 acciderat,
856 5619 991 5668 stepe
1034 5614 1287 5655 memorat.
1328 5605 1395 5653 Ea
1438 5606 1503 5653 de
1547 5604 1603 5653 re
1628 5606 1675 5653 iu
1695 5604 1803 5654 Vita
1827 5607 2150 5668 Chrysostotni

566 5676 969 5847 ἷξεῖὲὶίιῗξτιιδθ
995 5735 1280 5781 enarrantur
1306 5730 1351 5778 in
1374 5727 1553 5779 Iiomil.
1570 5728 1633 5779 de
1656 5735 1701 5778 S.
1727 5728 1917 5792 Babyla,
1944 5737 2075 5780 Tom.
2094 5730 2145 5792 2,

802 5808 831 5845 c
876 5807 983 5847 seq.

755 5795 774 5846 1
802 5803 856 5845 et
876 5807 983 5856 seq.

1314 329 1368 388 S.
1410 327 1686 386 JOANNIS
1729 324 2199 383 CIIRYSOSTOMI
2238 326 2556 383 ABCIIIEP.
2594 324 3119 384 CONSTANTINOP.

3728 325 3823 381 292

2261 440 2461 496 habent
2502 449 2560 495 ut
2601 440 2852 508 videant,
2881 458 2992 513 pra:
3032 451 3182 499 metu
3207 444 3547 500 excmcatos‘l
3571 442 3821 510 Quoniam

2258 534 2387 587 illud
2428 542 2630 587 natura:
2658 543 2774 600 est,
2819 542 2875 588 nt
2902 535 3254 604 reprimatnr,
3297 552 3417 591 cum
3447 545 3637 591 natura
3669 536 3823 590 altera

2254 625 2472 680 advenit
2517 642 2531 679 :
2580 624 2651 678 ita
2706 625 2998 680 secundum
3040 636 3284 682 naturam
3333 638 3574 683 nostram
3628 636 3731 689 est.
3779 639 3827 679 ιιι

2255 720 2522 789 perterriti
2574 735 2679 773 non
2721 720 3013 774 videamus.
3069 719 3371 776 Secundum
3416 731 3664 775 naturam
3712 722 3827 774 item

2255 821 2359 877 est,
2388 823 2444 867 ut
2469 811 2672 881 majore
2700 811 3015 867 adveniente
3035 820 3200 878 metu,
3231 813 3366 869 alter
3398 822 3572 869 metus
3597 812 3829 867 recedat.

2255 899 2391 972 Quid
2420 903 2599 973 igitur,
2632 904 2837 974 inquies
2859 945 2875 971 ,
2903 903 2947 958 si
2973 906 3319 974 temperantia
3350 905 3644 959 secundum
3677 913 3831 957 natu-

2256 1010 2369 1049 rain
2410 996 2500 1061 sit,
2555 1004 2611 1050 et
2654 1005 2828 1051 metus
2868 994 3203 1050 invalescens
3242 996 3385 1050 illam
3432 995 3653 1064 ejiciat?
3700 994 3832 1061 Quid

2255 1088 2448 1158 igitur,
2490 1089 2533 1143 si
2561 1088 2849 1144 ostendero
2873 1130 2887 1153 ,
2918 1104 2985 1144 ne
3021 1089 3233 1159 quidem
3278 1097 3402 1144 tunc
3430 1090 3692 1159 quosdam
3719 1103 3836 1144 esse

2256 1190 2635 1250 temperantes,
2666 1180 2758 1236 sed
2790 1181 2840 1235 in
2860 1190 3003 1235 metu
3033 1182 3195 1236 etiam
3225 1181 3528 1250 petulantes
3554 1180 3715 1235 esse?
3739 1180 3835 1234 hoc

2255 1274 2496 1329 naturale
2524 1289 2629 1328 non
2678 1282 2779 1328 est.
2812 1274 2897 1328 An
2939 1282 3119 1328 vetem
3160 1273 3373 1328 dicam?
3397 1290 3465 1329 an
3493 1274 3675 1329 nova?
3698 1273 3837 1340 Quot

2255 1366 2310 1421 in
2338 1366 2453 1435 ipso
2481 1366 2671 1420 timore
2688 1374 3001 1420 manserunt
3028 1365 3289 1431 ridentes,
3314 1374 3370 1421 et
3400 1366 3533 1421 nihil
3557 1366 3669 1420 tale
3690 1366 3828 1435 passi

2254 1458 2418 1514 sunt?
2446 1458 2557 1522 Dic,
2576 1472 2778 1527 quzeso,
2810 1457 3017 1513 Pharao
3045 1472 3221 1513 nonne
3250 1458 3429 1512 statim
3454 1466 3691 1511 mutatus
3724 1466 3832 1523 est,

2254 1560 2310 1607 et
2336 1550 2402 1605 ad
2432 1550 2703 1620 pristinam
2745 1551 2972 1604 recurrit
2999 1549 3289 1619 nequitiam
3312 1548 3336 1600 ?
3364 1548 3474 1603 Hoc
3501 1559 3685 1602 autem
3712 1548 3827 1601 loco

2254 1641 2626 1707 dtemoniacis,
2677 1640 2918 1709 quamvis
2958 1641 3057 1710 ipsi
3086 1655 3193 1695 non
3225 1639 3554 1709 ignorarent,
3584 1639 3833 1693 dixerunt

2256 1734 2567 1804 simpliciter
2594 1752 2607 1787 :
2648 1732 2745 1787 Per
2770 1731 2948 1787 Jesum
2976 1733 3273 1804 adjuramus
3297 1749 3381 1786 vos
3402 1771 3417 1797 ,
3453 1748 3603 1803 quem
3644 1731 3832 1801 pradi-

2256 1841 2334 1884 cat
2358 1830 2551 1883 Paulus
2578 1845 2596 1884 :
2619 1844 2713 1898 per
2727 1844 2788 1883 ea
2814 1828 2979 1893 enim,
2999 1843 3118 1898 quae
3143 1827 3489 1895 respondent,
3520 1828 3666 1895 ipsos
3690 1826 3828 1880 scire

2255 1922 2529 1994 probatur.
2574 1920 2757 1977 Jesum
2799 1935 2927 1975 vero
2972 1919 3157 1974 dicunt
3197 1919 3273 1973 illi
3319 1916 3657 1987 simpliciter,
3708 1932 3830 1969 cum

2256 2015 2576 2085 Oportuisset
2631 2013 2836 2080 dicere,
2890 2012 3229 2068 Servatorem
3268 2010 3472 2076 mundi,
3508 2010 3602 2080 qui
3656 2024 3843 2064 resuro

2255 2108 2400 2163 rexit
2440 2124 2454 2160 :
2495 2105 2589 2161 sed
2632 2106 2921 2161 noluerunt
2966 2104 3207 2160 conﬁteri
3250 2103 3473 2174 gloriam
3523 2103 3664 2173 ejus.
3717 2102 3845 2157 Ideo

2255 2202 2526 2273 redarguit
2572 2201 2692 2255 illos
2729 2200 2965 2265 daemon,
2994 2199 3236 2254 insiliens
3276 2197 3329 2253 in
3366 2212 3462 2252 eos
3490 2198 3789 2266 dicensqne
3823 2214 3840 2249 :

2254 2293 2431 2349 Jesum
2458 2292 2591 2358 novi,
2634 2301 2681 2346 et
2724 2290 2942 2344 Paulum
2969 2291 3112 2355 scio;
3153 2304 3218 2345 ac
3257 2290 3302 2344 si
3327 2289 3553 2353 diceret,
3592 2288 3709 2343 Vos
3734 2306 3841 2341 non

2255 2383 2493 2450 creditis,
2520 2382 2613 2438 sed
2646 2381 2735 2435 illo
2767 2381 3044 2436 abutentes
3072 2380 3287 2434 nomine
3325 2381 3425 2433 hoc
3446 2379 3648 2433 dicitis.
3681 2378 3843 2448 Igitur

2254 2479 2523 2531 desertum
2557 2473 2810 2543 templum
2835 2481 2955 2537 est,
2983 2482 3286 2540 expugnato
3314 2470 3484 2525 facilia
3513 2484 3670 2525 arma
3702 2487 3716 2523 :
3752 2471 3844 2523 ita-

2255 2582 2361 2637 que
2402 2582 2510 2621 non
2551 2566 2682 2620 estis
2713 2578 2987 2635 praecones
3017 2605 3033 2629 ,
3064 2563 3253 2632 inquit,
3284 2562 3378 2618 sed
3411 2562 3514 2617 mei
3540 2561 3704 2616 estis.
3732 2560 3841 2614 Ila-

2253 2672 2392 2730 gnus
2422 2656 2570 2712 furor
2589 2656 2867 2711 daemonis.
2896 2655 3202 2711 Potuissent
3222 2652 3337 2707 haec
3363 2653 3593 2723 apostoli
3619 2651 3842 2717 facere,

2256 2752 2352 2809 sed
2411 2752 2623 2807 interim
2675 2766 2781 2806 non
2831 2749 3115 2805 faciebant.
3173 2746 3306 2803 Nam
3358 2747 3447 2816 qui
3500 2746 3843 2815 imperabant

2256 2844 2362 2900 illis
2400 2884 2415 2907 ,
2471 2844 2560 2913 qui
2616 2842 2737 2898 talia
2782 2842 2835 2896 in
2882 2841 3026 2911 ipsos
3056 2840 3436 2910 operabantur,
3466 2838 3643 2892 multo
3668 2837 3841 2907 magis

2256 2937 2386 3007 ipsis
2442 2938 2812 3006 imperassent.
2883 2933 3016 2988 Vide
3089 2924 3359 3003 quomodo
3404 2931 3621 2985 illorum
3688 2945 3842 2985 man-

2253 3027 2483 3085 suetudo
2550 3036 2876 3083 monsuratur
2905 3067 2923 3095 ,
2968 3026 3111 3098 quod
3160 3024 3284 3091 illi,
3340 3025 3429 3095 qui
3476 3023 3840 3094 pellebantur,

2255 3120 2377 3175 talia
2410 3120 2700 3185 faciebant;
2732 3119 3004 3174 daemones
3043 3133 3172 3174 vero
3199 3159 3215 3183 ,
3256 3118 3449 3189 quibus
3493 3116 3840 3179 serviebant.

2254 3212 2544 3268 contraria.
2587 3210 2801 3278 Iesum,
2866 3209 3074 3280 inquit,
3132 3211 3269 3265 novi.
3330 3210 3475 3281 Ergo
3535 3209 3843 3265 erubescite

2254 3320 2372 3370 vos,
2394 3306 2481 3375 qui
2506 3305 2653 3359 illum
2674 3303 2946 3374 ignoratis.
2980 3303 3041 3357 Et
3061 3302 3282 3357 Paulum
3300 3304 3425 3357 scio.
3449 3303 3515 3357 Et
3541 3302 3649 3359 hoc
3677 3302 3840 3366 bene;

2254 3410 2475 3455 noverat
2519 3400 2662 3455 enim
2695 3400 2784 3453 Dei
2837 3414 2956 3453 esse
3003 3412 3324 3467 pra‘conem.
3358 3396 3564 3452 Deinde
3593 3397 3770 3451 insilit
3795 3397 3844 3449 in

2252 3506 2367 3557 eos,
2392 3500 2447 3546 et
2475 3502 2653 3546 vestes
2681 3490 2976 3554 dilacerat;
3004 3504 3067 3543 ac
3091 3489 3136 3543 si
3164 3504 3260 3559 per
3278 3502 3442 3558 opera
3467 3488 3681 3543 diceret
3709 3488 3842 3542 illis:

2254 3581 2330 3638 Ne
2358 3582 2555 3652 putetis
2581 3597 2667 3637 me
2697 3581 2817 3635 ideo
2846 3580 2896 3635 id
2926 3579 3121 3645 facere,
3149 3578 3291 3650 quod
3323 3578 3445 3633 illos
3470 3589 3843 3633 Contemnam.

2253 3674 2475 3744 Magnus
2506 3674 2667 3727 timor
2702 3672 2981 3727 ιιωιιιοιιίε.
3016 3671 3084 3726 Et
3106 3686 3204 3726 cur
3228 3686 3334 3725 non
3366 3671 3484 3725 siue
3508 3670 3701 3725 verbis
3731 3670 3844 3724 istis

2253 3776 2428 3823 vestes
2452 3780 2635 3820 eorum
2666 3764 2918 3818 discidit?
2947 3764 3017 3817 ita
3047 3764 3190 3817 enim
3216 3772 3270 3817 et
3300 3762 3537 3817 furorem
3569 3762 3845 3830 implevis-

2252 3868 2355 3924 set,
2378 3868 2432 3914 et
2454 3873 2697 3913 errorem
2719 3859 3009 3912 statuisset.
3040 3857 3305 3923 Timebat,
3340 3867 3396 3910 ut
3421 3856 3559 3922 dixi,
3594 3858 3839 3910 inacces-

2252 3966 2366 4007 sam
2411 3959 2729 4021 potestatem
2756 3958 2845 4004 :et
2864 3964 2969 4003 non
2995 3958 3198 4002 tantum
3227 3948 3504 4017 potuisset,
3539 3947 3585 4000 si
3613 3947 3718 4000 hoc
3739 3960 3839 3999 nou

2252 4043 2493 4098 dixisset.
2527 4040 2658 4097 Vide
2688 4041 2883 4111 ubique
2908 4041 3179 4096 daemones
3206 4042 3470 4109 gratiores
3495 4080 3511 4103 ,
3543 4055 3711 4109 quam
3744 4037 3834 4092 Je-

2251 4132 2398 4188 dzeos
2416 4172 2431 4196 ,
2459 4147 2558 4188 nec
2583 4131 2843 4187 audentes
2873 4130 3240 4186 contradicere
3259 4169 3274 4193 ,
3303 4129 3383 4182 vel
3415 4144 3684 4183 accusare
3713 4142 3829 4197 apo-

2253 4224 2420 4279 stolos
2440 4265 2456 4290 ,
2486 4239 2660 4293 neque
2684 4222 2979 4279 Christum.
3014 4222 3125 4276 Illic
3162 4221 3347 4276 dicunt
3375 4239 3387 4274 :
3416 4220 3627 4276 Scimus
3659 4232 3706 4275 te
3732 4222 3836 4291 quis

2254 4316 2363 4379 sis;
2393 4326 2483 4378 et,
2530 4313 2632 4368 Cur
2682 4315 2857 4368 venisti
2907 4314 3003 4366 huc
3046 4322 3164 4366 ante
3217 4322 3414 4379 tempus
3464 4321 3704 4381 torquere
3754 4327 3839 4363 nos

2256 4406 2467 4477 (Matth.
2498 4406 2552 4461 8.
2597 4406 2744 4477 29);
2781 4415 2836 4461 et
2872 4420 3106 4471 rursum,
3155 4404 3275 4459 Scio
3318 4415 3368 4458 te
3402 4406 3516 4472 quis
3545 4406 3635 4465 sis,
3675 4404 3724 4457 F
3725 4406 3847 4457 ilius

2254 4496 2351 4551 Dei
2380 4496 2569 4566 (Marc.
2600 4498 2652 4551 1.
2692 4496 2784 4567 24)
2817 4514 2829 4549 :
2862 4496 2950 4551 hic
2976 4513 3103 4551 vero
3128 4538 3144 4561 ,
3196 4495 3268 4549 Hi
3309 4497 3538 4550 homines
3583 4499 3716 4550 servi
3753 4498 3847 4549 Dei

2253 4587 2440 4642 excelsi
2464 4597 2582 4643 sunt
2614 4589 2750 4660 (Act.
2783 4589 2870 4643 16.
2898 4589 2962 4643 17
2982 4586 3038 4660 );
3065 4597 3120 4643 et
3148 4602 3382 4653 rursum,
3412 4586 3593 4642 Iesum
3628 4590 3775 4648 novi.
3804 4599 3852 4640 et

2255 4679 2477 4733 Paulum
2504 4680 2627 4733 scio.
2654 4679 2873 4733 Multum
2904 4680 3045 4734 enim
3074 4679 3429 4734 formidabant
3456 4689 3510 4734 et
3543 4680 3852 4735 trememe

2254 4781 2471 4827 sanctos
2497 4771 2637 4827 illos.
2668 4771 2829 4827 Forte
2852 4773 2972 4843 quis
2996 4782 3233 4827 vestrum
3255 4773 3503 4837 audiens,
3532 4775 3681 4843 cupit
3708 4774 3856 4827 hanc

2255 4863 2452 4919 habere
2490 4872 2829 4935 potestatem,
2878 4874 2935 4918 ut
2978 4880 3046 4919 ne
3087 4865 3264 4919 ausint
3307 4865 3524 4935 quidem
3569 4865 3858 4919 daemones

2253 4958 2509 5012 adversus
2562 4955 2708 5010 illum
2768 4957 3057 5025 respicere,
3109 4967 3163 5012 et
3215 4968 3432 5011 sanctos
3483 4957 3605 5011 illos
3663 4973 3734 5011 ea
3788 4958 3861 5011 de

2254 5065 2412 5106 causa
2446 5050 2628 5104 beatos
2653 5049 2931 5119 praedicat,
2963 5051 3083 5120 quia
3115 5060 3313 5104 tantam
3336 5050 3574 5106 habuere
3603 5060 3861 5120 potesta-

2256 5153 2384 5197 tem.
2424 5141 2527 5196 Sed
2558 5143 2739 5196 audiat
2769 5141 3037 5197 Christum
3073 5142 3373 5198 dicentem:
3401 5141 3579 5198 Nolite
3596 5145 3861 5214 gaudere,

2254 5237 2373 5305 quia
2416 5234 2667 5287 daemonia
2694 5234 2831 5288 vobis
2860 5234 3193 5304 subjiciuntur
3240 5232 3391 5302 (Luc.
3428 5233 3516 5289 10.
3544 5234 3635 5303 20)
3667 5251 3687 5299 ;
3729 5236 3861 5303 quia

2258 5326 2463 5381 sciebat
2486 5340 2677 5380 omnes
2705 5324 2948 5379 homines
2976 5326 3044 5379 ob
3087 5342 3280 5379 vanam
3319 5327 3545 5395 gloriam
3576 5342 3638 5379 ea
3692 5327 3774 5380 de
3807 5344 3869 5382 re

2257 5420 2489 5474 maxime
2536 5419 2816 5488 gavisuros
2853 5434 2994 5473 esse.
3040 5418 3171 5472 Nam
3212 5420 3258 5473 si
3308 5420 3382 5482 id,
3414 5419 3556 5489 quod
3585 5421 3869 5488 placitum

2258 5512 2368 5566 Deo
2390 5519 2472 5566 est
2494 5551 2511 5578 ,
2537 5510 2734 5581 quaeris
2757 5554 2772 5577 ,
2801 5522 2855 5566 et
2884 5511 3023 5580 quod
3056 5514 3107 5566 in
3152 5517 3422 5566 communi
3454 5514 3679 5581 prodest
3704 5556 3723 5577 ,
3755 5514 3871 5567 alia

2258 5604 2427 5673 major
2464 5613 2545 5656 est
2574 5605 2679 5657 via.
2722 5604 2837 5657 Non
2868 5604 2935 5659 ita
2965 5620 3212 5673 maguum
3243 5614 3324 5659 est
3369 5620 3400 5657 a
3433 5606 3686 5659 dmmone
3719 5608 3873 5659 libe-

2259 5700 2399 5761 rari,
2432 5704 2487 5748 ut
2532 5712 2561 5748 a
2595 5704 2835 5763 peccato.
2872 5696 3089 5749 Diullltln
3124 5712 3228 5749 non
3276 5696 3521 5765 impedit,
3552 5698 3873 5764 quominus

2262 5804 2483 5859 regnum
2514 5790 2766 5845 caelorum
2799 5805 3223 5861 consequamur;
3253 5791 3361 5844 imo
3386 5800 3753 5859 cooperator,
3790 5794 3873 5846 in-
