4098 6354
150 350 260 408 21H

155 468 273 537 γὰρ
325 466 361 535 ἠ
426 460 737 535 ἀνθρωπίνη
790 459 988 530 φύσιςο

155 562 561 633 εὐεργετεῖται.

235 656 309 709 Ἥ
332 656 397 707 οὐ
422 650 727 725 μέμνησθε,
756 651 839 705 ὃτι
867 648 962 702 καὶ
1009 647 1102 702 ἐπὶ
1137 646 1245 701 τῶν
1269 644 1392 699 καθ⁹
1426 646 1576 716 ἡμᾶς
1611 643 1836 714 γενομέ-

159 767 271 802 νων
301 748 364 802 τὸ
392 747 527 802 αὐτὸ
554 746 711 800 τοῦτο
757 745 1011 814 γέγονεν;
1063 741 1201 796 Εἰπὲ
1232 741 1340 811 γάρ
1370 758 1495 810 μοι,
1516 741 1578 793 οὐ
1610 739 1839 810 πέρυσιν

161 845 416 911 ἐτίναξεν
444 844 475 895 6
503 843 636 904 Θεὸς
655 842 754 912 τὴν
792 840 948 893 πόλιν
979 839 1188 900 πᾶσαν;
1221 836 1285 888 Τί
1325 836 1445 899 δαίς
1479 835 1598 904 οὐχὶ
1640 836 1838 898 πάντες

163 942 256 994 ἐπὶ
286 940 349 992 τὸ
375 938 636 1009 φώτισμα
673 936 938 1007 ἔδραμον;
977 934 1097 1003 οὐχ)⁵
1125 932 1312 1003 πόρνοι
1341 930 1437 983 καὶ
1475 929 1707 1000 μαλακοὶ
1746 928 1840 980 καὶ

162 1032 581 1105 διεφθαρμένοι,
605 1032 879 1100 οἰκήματα
910 1027 1140 1097 ἀφέντες
1168 1026 1261 1079 καὶ
1293 1026 1417 1088 τούς
1434 1024 1627 1085 τόπους
1665 1022 1721 1073 ἐν
1758 1016 1837 1085 οἷς

163 1128 476 1200 διέτριϐον,
552 1124 953 1197 μετετέθησαν,
1024 1121 1119 1175 καὶ
1185 1119 1473 1188 γεγόνασιν
1547 1116 1835 1179 εὐλαϐεῖςς

176 1224 404 1295 Ἐπειδὴ
458 1222 519 1276 δὲ
566 1224 716 1292 τρεῖς
766 1220 969 1291 ἡμέραι
1034 1215 1341 1286 παρῆλθον,
1393 1211 1556 1265 πάλιν
1604 1211 1694 1263 ἐπὶ
1740 1211 1839 1280 τὴν

163 1318 373 1371 οἰκείαν
434 1314 738 1385 ἐπανῆλθον
785 1313 1003 1367 κακίαν.
1061 1310 1229 1363 Πόθεν
1284 1309 1341 1361 δὲ
1394 1308 1549 1360 τοῦτο
1594 1308 1837 1375 γίνεται;

175 1411 310 1464 ’Δπὺ
347 1411 454 1481 τῆς
481 1409 683 1479 πολλῆς
737 1406 987 1469 νωθείας.
1034 1404 1137 1457 Καὶ
1184 1403 1237 1456 τί
1283 1401 1614 1471 θαυμαστὸν,
1649 1404 1698 1453 εί
1727 1400 1836 1454 τῶν

1037 456 1247 528 ταχέως
1301 454 1714 510 ἐπιλανθάνεται
1760 448 1835 507 ὧν

165 1503 523 1573 πραγμάτων
556 1499 966 1573 παρελθόντων,
1006 1499 1139 1551 ὅπου
1170 1514 1234 1565 γε
1260 1496 1367 1549 τῶν
1397 1496 1618 1549 εἰκόνων
1657 1495 1839 1566 διηνε-

164 1600 277 1663 κῶς
307 1598 598 1670 μενουσῶν
625 1597 685 1650 τὸ
718 1596 851 1651 αὐτὸ
894 1596 1135 1665 γίνεται;
1193 1593 1273 1647 Τά
1314 1594 1372 1647 ἐν
1421 1594 1692 1663 Σοδόμοις,
1717 1591 1839 1647 είπέ

168 1715 280 1769 μοι,
308 1696 439 1767 οὐχ).
468 1694 699 1766 διηνεκῆ
742 1692 1029 1762 τυγχάνεις
1065 1690 1130 1743 Τί
1151 1685 1279 1754 οῦν;
1329 1689 1379 1742 οί
1427 1687 1842 1760 προσοικοῦντες

165 1792 273 1845 ἀπὸ
295 1790 513 1844 τούτων
541 1789 798 1858 γεγόνασι
839 1785 1116 1857 βελτίους;
1151 1782 1435 1853 Οὐδαμῶς.
1475 1782 1538 1834 Τί
1572 1781 1661 1834 δαὶ
1692 1782 1720 1834 6
1748 1779 1841 1834 τοῦ

168 1884 289 1936 Νῶε
349 1884 507 1950 υἱός;
565 1881 689 1952 οὐχὶ
748 1879 984 1941 τοιοῦτος
1034 1873 1136 1949 ἦνς
1201 1876 1321 1947 οὐχὶ
1360 1877 1416 1928 ἐν
1450 1875 1604 1945 ὂψεσι
1635 1874 1844 1945 βλέπων

171 1979 409 2051 ἐρημίαν
430 1976 706 2046 τοσαύτην
747 1973 918 2037 κακὸς
960 1968 1062 2042 ἦν;
1098 1970 1190 2041 Μὴ
1215 1970 1279 2041 δὴ
1322 1968 1687 2040 θαυμάζωμεν
1725 1968 1844 2033 πῶς

171 2074 267 2125 οὐκ
308 2070 650 2123 ἐπίστευσαν
704 2066 911 2120 τούτων
963 2065 1290 2135 γενομένων,
1348 2065 1482 2117 ὃπου
1537 2078 1600 2130 γε
1640 2062 1777 2134 αὐτὴ
1807 2065 1842 2133 ἡ

176 2168 360 2227 πίστις
391 2163 659 2226 πολλάκις
687 2163 767 2225 είς
786 2161 1094 2214 τούναντίον
1117 2158 1300 2221 αὐτοῖς
1324 2156 1734 2228 περιτρέπεται,
1766 2160 1846 2222 είς

184 2263 378 2317 κακίαν
397 2278 411 2291 δ
445 2256 563 2313 οἷον
593 2258 669 2323 ὡς
689 2259 818 2311 ὅταν
860 2253 1197 2327 δαιμονῶντα
1238 2250 1438 2319 λέγωσι
1466 2251 1557 2304 τὸν
1585 2252 1712 2304 Υίὸν
1748 2252 1844 2305 τοῦ

185 2356 338 2411 Θεοῦ.
389 2355 456 2407 Ἦ
496 2354 601 2423 οὐχ
653 2352 817 2422 ὁρᾶτε
865 2350 960 2403 καὶ
1015 2349 1110 2403 νῦν
1179 2346 1354 2400 ταῦτα
1409 2345 1699 2415 γινόμενα,
1754 2346 1846 2399 καὶ

181 2453 425 2524 ὀφιώδεις
461 2447 790 2520 ἀνθρώπους
838 2447 999 2510 ὄντας
1039 2445 1289 2509 πολλοὺς,
1339 2445 1601 2507 ἀπίστους
1646 2459 1706 2495 τε
1752 2442 1846 2496 καὶ

176 2547 526 2619 ἀγνώμονας,
571 2544 623 2597 οἳ
649 2544 745 2597 καὶ⁵
772 2544 915 2597 κατὰ
946 2541 1045 2605 τὰς
1090 2541 1253 2611 ἔχεις,
1303 2542 1431 2595 ὅταν
1467 2538 1847 2594 ἀπολαύσωσιν

173 2646 541 2718 εὐεργεσίας,
584 2642 682 2696 καὶ
738 2637 1047 2709 θαλφθῶσιν
1082 2639 1183 2691 ὑπό
1217 2655 1397 2703 τινων,
1456 2637 1575 2690 τότε
1618 2634 1845 2687 λυποῦσι

171 2745 295 2805 τοὺς
327 2739 671 2811 εὐεργέτας;
706 2735 891 2789 Ταῦτα
920 2736 1054 2806 ἡμῖν
1096 2734 1329 2807 εἴρηται,
1370 2733 1457 2787 ἵνα
1496 2731 1568 2803 μή
1593 2748 1677 2795 τις
1714 2731 1849 2783 θαυ-

172 2837 327 2910 μάζῃ
390 2833 515 2896 πῶς
562 2831 821 2885 τοιούτων
879 2828 1123 2900 σημείων
1179 2829 1482 2900 γενομένων
1546 2828 1606 2883 οὐ
1645 2828 1847 2891 πάντες

172 2929 552 3001 ἐπέστρεψαν.

234 3125 311 3192 γ’.
347 3118 484 3174 Ἰδοὺ
504 3116 613 3188 γὰρ
628 3114 846 3169 ἐπὶτῶν
864 3115 1071 3186 καιρῶν
1088 3113 1196 3168 τῶν
1217 3111 1495 3186 ἡμετέρων
1511 3111 1579 3167 τὰ
1602 3110 1743 3165 κατά
1757 3112 1849 3166 τὸν

181 3215 460 3287 μακάρων
483 3212 735 3266 Βαϐύλαν
754 3211 963 3281 γέγονε,
980 3210 1130 3283 [512]
1149 3211 1216 3264 τά
1236 3210 1375 3264 κατὰ
1399 3210 1466 3264 τὰ
1484 3210 1849 3282 Ἱεροσόλυμα,
1878 3258 1879 3261 η

178 3312 243 3363 τά
276 3310 431 3365 κατά
462 3312 568 3379 τὴν
597 3307 917 3378 καθαίρεσιν
954 3306 1062 3361 τῶν
1088 3305 1270 3377 ιερῶν,
1301 3307 1395 3359 καὶ
1434 3306 1492 3359 οὐ
1536 3306 1734 3369 πάντες
1763 3306 1855 3357 ἐπ·

180 3405 550 3477 έστρεψαν.Τί
564 3404 644 3457 δεῖ
664 3405 732 3455 τά
744 3403 1127 3472 παλαιάλέγειν
1145 3418 1159 3467 ;
1180 3402 1408 3473 Πέρυσιν
1428 3398 1578 3455 εἷπον
1594 3404 1722 3472 ὐμῖν
1742 3396 1853 3455 οἷον

178 3502 402 3571 γέγονε,
435 3500 535 3553 καὶ
556 3499 733 3562 οὐδεὶς
762 3498 1086 3569 προσέσχεν,
1133 3497 1266 3551 ἀλλά
1287 3497 1451 3550 πάλιν
1477 3496 1617 3549 κατά
1659 3496 1852 3567 μικρὸν

181 3600 543 3672 ὐπερῤύησαν
572 3598 667 3651 καὶ
708 3597 1026 3651 κατέπεσον.
1065 3594 1305 3666 Ἔστηκε
1337 3594 1597 3665 διηνεκῶς
1626 3597 1653 3647 ὁ
1691 3595 1853 3665 οὐρα-

180 3700 266 3762 νὸς
297 3697 468 3769 βοιῖιν,
502 3696 585 3748 ὃτι
635 3692 899 3763 δεσπότην
963 3690 1097 3760 ἔχει,
1132 3690 1225 3743 καὶ
1273 3689 1513 3761 τεχνίτου
1565 3688 1706 3753 τινός
1739 3691 1854 3743 ἐστι

180 3795 295 3847 τόδε
328 3792 392 3846 τὸ
416 3792 528 3845 πᾶν
561 3788 686 3860 (τὸν
723 3788 927 3859 κόσμον
952 3786 1151 3856 λέγω),
1197 3786 1291 3839 καὶ
1322 3784 1533 3853 λέγουσί
1582 3802 1747 3849 τινες,
1772 3786 1854 3839 ὃτι

181 3890 320 3960 οὐχί.
361 3887 449 3941 Τά
495 3886 637 3939 κατά
683 3885 957 3954 Θεόδωρον
1006 3884 1212 3936 ἐκεῖνον
1260 3880 1598 3952 γεγενημένα
1636 3881 1853 3952 πέρυσι,

182 3987 300 4039 τίνα
328 3985 434 4038 οὐκ
456 3981 720 4051 ἐξέπληξε
745 3998 759 4046 ;
793 3980 908 4033 Καὶ
925 3979 1074 4050 ὅμως
1102 3978 1251 4031 οὐδὲν
1274 3976 1434 4030 πλέον
1461 3978 1703 4045 γέγονεν,
1724 3977 1857 4032 ἀλλά

183 4082 318 4155 πρὸς
344 4080 544 4152 καιρὸν
573 4079 855 4149 γενόμενοι
896 4076 1167 4139 εὐλαϐεῖς,
1210 4074 1374 4128 πάλιν
1410 4075 1711 4144 ἐπανῆλθον
1735 4075 1856 4127 ὅθεν

183 4178 478 4245 γεγόνασιν
504 4174 773 4237 εὐλαϐεῖς.
798 4173 969 4227 Τοῦτο
999 4173 1095 4226 καὶ
1141 4172 1236 4226 ἐπὶ
1282 4172 1389 4225 τῶν
1427 4170 1693 4241 Ἑϐραίων
1738 4170 1856 4224 τότε

186 4272 391 4343 συνέϐη
408 4288 423 4302 ’
451 4270 534 4324 διὸ
558 4271 654 4324 καὶ
682 4269 867 4338 ἐλεγεν
894 4270 923 4321 6
951 4269 1237 4340 προφήτης
1260 4282 1275 4297 ο
1296 4267 1480 4320 Ὅταν
1507 4267 1857 4321 ἀπέκτεινεν

186 4367 435 4433 αὐτοὺς,
470 4367 608 4421 τότε
632 4364 955 4435 ἐξεζήτουν
980 4364 1189 4432 αὐτὸν,
1218 4362 1319 4417 καί
1355 4362 1729 4433 ἐπέστρεφον
1758 4364 1857 4418 καί

184 4462 471 4534 ὤρθριζον
513 4462 665 4531 πρὸς
693 4461 801 4515 τὸν
831 4461 998 4514 Θεόν.
1046 4460 1159 4513 Καὶ
1195 4458 1250 4512 τί
1290 4459 1369 4512 δεῖ
1418 4459 1596 4528 λέγειν
1631 4460 1701 4513 τὰ
1724 4462 1856 4515 καθ-

185 4562 384 4623 ολικά;
420 4556 581 4611 πόσοι
622 4556 793 4619 νόσοις
837 4556 1197 4628 περιέπεσον;
1253 4554 1410 4608 πόσοι
1469 4556 1859 4626 ἐπηγγείλαντο

186 4656 528 4717 ἀναστάντες
558 4653 757 4724 πολλὴν
778 4652 877 4725 τὴν
912 4650 1214 4722 μεταϐολὴν
1238 4652 1608 4727 ἐργάσασθαι,
1637 4653 1729 4706 καὶ
1752 4654 1855 4706 πά⁴

187 4753 270 4805 λιν
296 4753 349 4805 οί
400 4749 559 4803 αὐτοὶ
610 4747 895 4819 γεγόνασι;
927 4747 1098 4801 Τοῦτο
1142 4744 1377 4817 μάλιστα
1411 4744 1682 4799 δείκνυσιν
1728 4746 1858 4817 ἡμῖν

187 4846 286 4919 τὴν
347 4844 715 4917 προαίρεσιν,
770 4842 866 4894 καὶ
912 4841 1011 4912 τὴν
1068 4839 1379 4911 ἐλευθερίαν
1439 4839 1540 4909 τῆς
1587 4840 1857 4911 ἡμετέρας

190 4944 433 5011 φύσεως,
464 4941 500 5011 ὴ
526 4939 698 5010 ἀθρόα
729 4937 1020 5009 μεταϐολή.
1039 4936 1103 4990 Εἰ
1130 4937 1240 5008 γάρ
1277 4934 1483 5005 φυσικά
1508 4931 1579 5006 ἦν
1603 4935 1671 4989 τὰ
1690 4937 1855 5000 κακὰ,

188 5041 296 5093 οὐδ’
325 5041 397 5094 ἂν
424 5037 566 5108 αὕτη
593 5036 785 5105 γέγονε
804 5052 817 5065 ⁸
846 5034 955 5088 τῶν
982 5033 1091 5105 γὰρ
1119 5034 1263 5088 κατὰ
1288 5033 1446 5102 φύσιν
1474 5035 1569 5087 καὶ
1614 5033 1856 5104 ἀνάγκην

186 5138 249 5191 οὐ
271 5133 561 5205 δυνάμεθα
599 5129 985 5202 μεθίστασθαι.
1014 5129 1127 5184 Καὶ
1155 5129 1262 5201 μὴν
1284 5127 1677 5199 μεθιστάμεθα,
1702 5129 1852 5199 φησί,

189 5238 264 5290 Οὐ
289 5235 569 5307 βλέπομεν
588 5232 697 5305 γάρ
724 5248 878 5295 τινας
909 5229 1068 5301 φύσει
1097 5230 1195 5301 μέν
1228 5228 1448 5300 ἔχοντας
1485 5228 1728 5300 βλέπειν,
1753 5232 1856 5287 ὐπὸ

186 5331 285 5386 τοῦ
326 5330 498 5400 φόϐου
522 5328 582 5382 δέ
606 5326 1047 5397 τυφλουμένουςς
1081 5325 1304 5395 Ἐπειδὴ
1330 5326 1425 5379 καὶ
1462 5324 1617 5380 τοῦτο
1648 5327 1857 5394 φύσεώς

188 5432 309 5482 ἐστι
345 5422 751 5485 συστέλλεσθαι,
804 5424 930 5477 ὅταν
968 5422 1127 5492 φύσις
1169 5422 1328 5495 ἐτέρα
1378 5424 1687 5497 προσέλθῃο
1721 5424 1856 5481 ὥστε

188 5526 337 5580 κατά
358 5525 521 5596 φύσιν
552 5525 684 5594 ἡμῖν
713 5523 829 5575 ἐστι
855 5521 916 5574 τὸ
948 5521 1345 5591 πεφοϐημένοις
1369 5521 1443 5593 μὴ
1468 5521 1701 5592 βλέπειν,
1721 5525 1854 5579 κατά

188 5621 356 5693 φύσιν
382 5621 439 5675 δὲ
473 5620 569 5673 καὶ
618 5618 701 5680 τὸ,
768 5618 1008 5688 μείζονος
1056 5618 1500 5689 παραγενομένου
1547 5619 1745 5687 φόϐου,
1770 5622 1858 5675 τὸν

186 5721 381 5791 ἓτερον
432 5713 852 5782 ὑπεξίστασθαι.
913 5713 979 5767 Τί
1026 5731 1141 5782 ουν,
1189 5712 1255 5767 ἀν
1301 5714 1462 5785 καὶὴ
1512 5716 1851 5789 σωφροσύνη,

188 5818 351 5889 φησὶ,
377 5812 524 5870 κατὰ
557 5812 660 5883 μὲν
688 5810 849 5882 φύσιν
885 5804 958 5885 ᾗ,
990 5811 1019 5865 6
1046 5810 1103 5865 δὲ
1140 5809 1303 5881 φόϐος
1354 5812 1628 5884 κρατήσας
1657 5812 1853 5883 ταύτην

256 5973 276 5997 ⁸
302 5972 451 6025 Alius
472 5970 540 6035 μὴ
575 5967 795 6031 φυσικόν.

1220 341 1287 396 ΙΝ
1326 340 1508 396 ACTA
1547 335 2081 393 APOSTOLORUM.
2119 337 2351 393 HOMIL.
2383 338 2518 394 XLI.

3484 340 3591 396 292

1940 452 2177 525 ἐκϐάλῃς
2220 454 2284 506 Τί
2311 450 2425 520 οῦν,
2474 454 2539 509 ἂν
2586 455 2742 521 δείξω
2772 456 2922 521 τινὰς
2954 456 3087 526 μηδὲ
3114 455 3235 509 τότε
3261 453 3589 525 σωφρονιζο-

1940 547 2161 618 μένους,
2184 548 2318 602 άλλά
2348 550 2440 603 καὶ
2467 552 2524 603 ἐν
2548 551 2755 616 τούτοις
2783 556 2894 616 τοῖς
2925 554 3106 623 φόϐοις
3138 554 3297 617 ὄντας
3334 553 3589 623 ἰταμούς,

1935 645 1996 698 οὐ
2021 647 2247 715 φυσικὸν
2285 659 2311 688 ο
2339 647 2495 701 τοῦτό
2547 650 2713 705 ἐστιν.
2770 652 2921 704 Εἴπω
2966 652 3032 704 τά
3078 651 3314 716 παλαιά;
3345 650 3481 704 ἀλλά
3521 652 3592 705 τὰ

1934 742 2063 809 νέας
2106 743 2267 796 Πόσοι
2298 745 2361 814 δὴ
2405 746 2463 797 ἐν
2500 743 2681 809 αὐτοῖς
2737 747 2963 810 ἐκείνοις
3019 748 3133 810 τοῖς
3190 746 3376 815 φόϐοις
3428 746 3594 799 ἐναπ-

1934 834 2151 905 έμειναν
2187 836 2468 903 γελῶντες,
2503 838 2875 907 χλευάζοντες,
2906 840 2998 893 καὶ
3019 840 3168 893 οὐδὲν
3203 840 3399 895 ἔπαθον
3418 840 3594 894 τοιοῦ-

1933 945 2058 995 τον;
2089 930 2221 981 Εἰπέ
2251 947 2361 1000 μοι,
2393 930 2634 1002 όΦαραὼ
2660 932 2760 985 οὐκ
2795 932 2997 996 εὐθέως
3039 932 3347 1003 μεθίστατο,
3379 933 3474 987 καὶ
3499 933 3592 985 ἐπὶ

1931 1024 2028 1095 τὴν
2058 1026 2328 1097 προτέραν
2375 1028 2571 1079 κακίαν
2622 1028 2911 1098 ἀνέτρεχε;
2958 1028 3222 1082 Ἐνταῦθα
3263 1028 3340 1094 δὲ,
3367 1029 3460 1084 ἐπὶ
3483 1028 3592 1081 τῶν

1932 1121 2001 1174 τά
2047 1121 2297 1190 δαιμόνια
2349 1123 2613 1192 ἐχόντων,
2660 1126 2834 1178 καίτοι
2866 1126 2967 1179 οὐκ
3013 1124 3349 1193 ἀγνοούντων
3386 1126 3588 1193 αὐτῶν,

1934 1215 2321 1285 προσετίθεσαν
2351 1217 2539 1281 ἁπλῶς
2566 1220 2615 1271 οί
2648 1219 2915 1285 λέγοντες.
2962 1219 3071 1272 Τὸν
3112 1218 3345 1285 Ἰησοῦν
3367 1218 3592 1288 ὁρκίζο-

1928 1327 2043 1378 μεν
2068 1311 2237 1380 ὑμᾶς,
2286 1314 2358 1368 ὂν
2388 1314 2631 1381 Παῦλος
2672 1316 2995 1384 κηρύσσει·
3048 1314 3117 1367 δι’
3155 1308 3229 1368 ὧν
3257 1316 3367 1385 γάρ
3398 1316 3595 1369 ἀπολο-

1933 1405 2175 1473 γοῦνται,
2216 1409 2508 1475 δείκνυται,
2556 1412 2639 1463 ὃτι
2675 1409 2842 1463 ἴσασι.
2874 1410 2977 1462 Τὸν
3009 1408 3217 1479 Ἰησοῦν
3247 1409 3303 1461 δὲ
3345 1409 3595 1478 λέγουσιν

1935 1504 2130 1557 ἐκεῖνοι
2164 1504 2372 1568 ἁπλῶς,
2412 1505 2527 1558 δέον
2552 1506 2726 1558 εἰπεῖν
2752 1504 2846 1558 τὸν
2869 1505 2968 1575 τῆς
2990 1503 3313 1572 οἰκουμένης
3343 1504 3595 1572 Σωτῆρα.

1936 1597 2026 1650 τὸν
2048 1598 2355 1651 ἀναστάντα
2377 1613 2390 1627 ⁸
2432 1598 2558 1650 ἀλλ’
2586 1598 2685 1650 οὐκ
2716 1597 2905 1668 ἤθελον
2941 1596 3274 1666 ὁμολογῆσαι
3304 1594 3402 1665 τὴν
3438 1595 3597 1660 δόξαν

1938 1692 2125 1747 αὐτοῦ.
2159 1692 2249 1745 Διὸ
2277 1694 2369 1745 καὶ
2422 1693 2630 1763 ἐλέγχει
2687 1692 2884 1754 αὐτοὺς
2940 1694 2969 1745 6
3015 1691 3224 1759 δαίμων
3254 1689 3600 1760 ἐπιπηδήσας

1939 1788 2143 1851 αὐτοῖς,
2188 1788 2284 1840 καὶ
2332 1787 2533 1841 εἰπών’
2602 1788 2713 1843 Τὸν
2750 1789 2992 1855 Ἰησοῦν
3035 1787 3324 1857 γινώσκω,
3365 1786 3462 1840 καί
3495 1786 3600 1839 τὸν

1938 1881 2185 1935 Παῦλον
2200 1882 2544 1952 ἐπίσταμαι.
2582 1886 2727 1938 Ὠσεὶ
2748 1885 2931 1954 ἔλεγεν
2952 1901 2964 1915 ο
2997 1884 3185 1955 ’Υμεῖς
3214 1884 3275 1937 οὐ
3292 1882 3597 1948 πιστεύετε,

1940 1978 2069 2033 ἀλλ’
2103 1980 2545 2052 ἀποκεχρημένοι
2592 1981 2670 2053 τῷ
2720 1983 2944 2054 ὀνόματι
2976 1982 3151 2037 ταῦτά
3191 2000 3348 2051 φατε.
3383 1979 3599 2034 Οὐκοῦν

1940 2072 2144 2146 ἔρημος
2183 2078 2211 2129 6
2248 2077 2394 2142 ναὸς,
2442 2076 2913 2144 εὐκαταγώνιστον
2966 2080 3027 2133 τὸ
3075 2079 3298 2141 σκεῦος⁶
3332 2077 3473 2131 ὥστε
3496 2076 3601 2129 οὐκ

1940 2171 2063 2225 ἐστέ
2092 2174 2354 2244 κήρυκες,
2402 2174 2531 2228 ἀλλ’
2576 2174 2724 2246 ἐμοὶ,
2761 2176 2946 2244 φησὶν,
2992 2174 3137 2228 ἐστέ.
3173 2173 3347 2235 Πολὺς
3377 2173 3407 2225 6
3432 2172 3602 2243 θυμὸς

1938 2268 2031 2321 τοῦ
2062 2268 2332 2337 δαίμονος.
2383 2268 2673 2323 ’Πδύναντο
2712 2270 2884 2323 ταῦτα
2932 2270 3131 2332 αὐτοὺς
3190 2268 3525 2338 ἐργάσασθαι
3550 2268 3601 2321 οἱ

1940 2363 2245 2429 ἀπόστολοι,
2275 2364 2401 2418 ἀλλ’
2420 2365 2519 2418 οὐκ
2561 2367 2777 2419 ἐποίουν
2818 2366 2974 2429 τέως.
3006 2368 3068 2419 Οἱ
3098 2367 3209 2436 γάρ
3238 2365 3346 2418 τῶν
3374 2366 3603 2435 ἐργαζο-

1943 2462 2122 2531 μένων
2147 2462 2345 2536 αὐτούς
2374 2461 2546 2516 ταῦτα
2580 2463 2928 2533 κρατοῦντες,
2960 2462 3141 2531 πολλῷ
3173 2461 3370 2530 μᾶλλον
3398 2458 3599 2516 αὐτῶν.

1942 2558 2085 2629 Ὅρα
2140 2557 2257 2621 πῶς
2296 2557 2567 2611 δείκνυται
2630 2557 2812 2611 αὐτῶν
2876 2560 2909 2628 ἡ
2965 2558 3254 2620 ἐπιείκεια,
3305 2557 3386 2609 ὃτι
3420 2556 3470 2609 οί
3504 2554 3603 2626 μὲν

1942 2654 2290 2723 ἐλαυνόμενοι
2309 2653 2535 2708 τοιαῦτα
2562 2653 2827 2719 ποιοῦσιν,
2860 2654 2910 2706 οί
2934 2654 2991 2706 δὲ
3024 2652 3449 2723 θεραπευόμενοι
3488 2648 3605 2703 δαί-

1945 2766 2103 2819 μονες
2123 2748 2405 2802 τάναντία.
2436 2749 2547 2802 Τὸν
2586 2749 2850 2817 Ἰησοῦν,
2884 2754 3038 2818 φησὶ,
3073 2749 3364 2819 γινώσκω.
3390 2746 3601 2801 Οὐκοῦν

1944 2841 2268 2914 αἰσχύνθητε
2301 2845 2349 2896 οί
2370 2843 2522 2916 [515]
2550 2844 2865 2912 ἀγνοοῦντες
2890 2846 3065 2916 ὑμεῖς.
3097 2845 3205 2897 Καὶ
3234 2844 3338 2897 τὸν
3360 2841 3606 2897 Παῦλον

1941 2936 2283 3013 ἐπίσταμαι.
2330 2938 2525 3003 Καλῶς
2581 2938 2677 2992 καὶ
2732 2938 2924 2993 τοῦτο·
2973 2940 3089 3011 ᾔδει
3137 2941 3245 3011 γὰρ
3295 2938 3429 2992 Θεοῦ
3474 2939 3605 2993 ὄντα

1944 3033 2177 3104 κήρυκα.
2203 3029 2336 3087 Εἶτα
2362 3034 2649 3102 ἐφάλλεται
2667 3034 2737 3086 ἐπ
2754 3036 2767 3055 ‘
2789 3036 3006 3101 αὐτοὺς,
3039 3036 3132 3090 καὶ
3148 3038 3508 3109 διαρῤήγνυσι
3536 3034 3607 3089 τὰ

1946 3128 2168 3197 ίμάτια’
2201 3128 2281 3181 δι’
2319 3122 2393 3182 ὧν
2430 3128 2603 3182 ἐποίει
2633 3130 2839 3194 αὐτοῖς,
2879 3130 3039 3183 τοῦτο
3077 3133 3357 3202 μονονουχὶ
3391 3132 3563 3196 λέγων
3588 3144 3602 3159 ³

1944 3224 2037 3295 Μὴ
2089 3226 2365 3298 νομίσητε,
2418 3227 2499 3280 ὅτι
2544 3225 2897 3297 καταφρονῶν
2943 3226 3165 3280 ἐκείνων
3215 3226 3389 3281 ταῦτα
3445 3225 3605 3281 ποιῶ.

1948 3322 2122 3386 Πολὺς
2161 3324 2189 3376 6
2243 3321 2407 3391 φόϐος
2454 3322 2548 3375 τοῦ
2598 3321 2871 3391 δαίμονος.
2926 3321 3036 3375 Καὶ
3076 3321 3165 3375 διὰ
3218 3322 3270 3374 τί
3311 3321 3480 3393 χωρὶς
3497 3322 3608 3376 τῶν

1950 3419 2209 3490 ῥημάτων
2237 3417 2439 3471 τούτων
2485 3417 2546 3470 οὐ
2575 3415 2856 3487 διέρρηξεν
2890 3415 3067 3470 αὐτῶν
3092 3416 3161 3469 τά
3207 3417 3431 3487 ίμάτια;
3466 3418 3609 3473 οῦτω

1946 3514 2055 3584 γὰρ
2082 3512 2148 3566 ἂν
2171 3512 2266 3564 καὶ
2294 3510 2385 3563 τὸν
2411 3508 2581 3578 θυμὸν
2605 3508 2912 3580 ἐπλήρωσε,
2950 3508 3044 3562 καὶ
3076 3510 3174 3579 τὴν
3216 3510 3421 3581 πλάνην
3448 3511 3611 3584 ἐστη-

1949 3625 2061 3661 σεν.
2101 3606 2397 3676 Ἐφοϐεῖτο,
2418 3606 2556 3676 ὅπερ
2584 3605 2740 3674 ἐφην,
2758 3604 2857 3675 τὴν
2880 3605 3171 3676 ἀπρόσιτον
3194 3607 3221 3646 b
3243 3606 3493 3679 δύναμιν,
3516 3608 3612 3662 καὶ

1947 3705 2047 3757 οὐκ
2073 3703 2139 3757 ἂν
2168 3702 2420 3756 τοσοῦτον
2482 3703 2722 3771 ἴσχυσεν,
2780 3703 2828 3755 εί
2882 3701 2955 3772 μὴ
3002 3702 3158 3755 τοῦτο
3181 3698 3353 3758 εἶπεν.
3388 3704 3527 3776 Ὅρα
3553 3705 3611 3760 δὲ

1949 3797 2224 3868 πανταχοῦ
2266 3799 2392 3861 τούς
2442 3796 2700 3866 δαίμονας
2754 3796 3291 3867 εὐγνωμονεστέρους
3331 3798 3438 3849 τῶν
3480 3798 3611 3849 Ἰουκ

1948 3893 2130 3958 δαίων,
2166 3892 2261 3944 καί
2287 3891 2346 3943 οὐ
2380 3890 2693 3961 τολμῶντας
2730 3892 3027 3955 ἀντειπεῖν,
3074 3893 3192 3944 οὐδέ
3232 3892 3611 3964 κατηγορῆσαι

1955 3990 2064 4042 τῶν
2119 3987 2455 4052 ἀποστόλων,
2496 3987 2616 4039 οὐδέ
2678 3986 2773 4040 τοῦ
2836 3988 3091 4057 Χριστοῦ.
3158 3988 3301 4041 Ἐκεῖ
3342 3988 3609 4056 λέγουσιν,

1955 4083 2212 4153 Οῖδαμέν
2261 4099 2335 4136 σε
2369 4082 2459 4148 τίς
2487 4078 2578 4135 εἷ’
2607 4082 2720 4147 καὶ,
2771 4081 2834 4135 Τί
2872 4078 3055 4151 ἦλθες
3082 4074 3199 4136 ὦδε
3250 4082 3364 4152 πρὸ
3396 4083 3607 4151 καιροῦ

1946 4178 2286 4244 βασανίσαι
2320 4176 2509 4246 ὴμᾱςς
2539 4177 2634 4230 καὶ
2672 4176 2853 4240 πάλιν,
2892 4174 3036 4231 Οἶδά
3074 4196 3148 4233 σε
3177 4181 3269 4246 τίς
3290 4176 3363 4247 εἴ,
3398 4182 3431 4234 ὸ
3471 4180 3604 4246 Υἱὸς

1951 4272 2055 4326 τοῦ
2085 4270 2234 4325 Θεοῦ
2262 4287 2276 4301 ’
2304 4270 2536 4325 ἐνταῦθα
2587 4271 2667 4337 δὲ,
2719 4268 2895 4329 Οὗτοι
2952 4276 3009 4327 οἱ
3062 4273 3359 4343 ἂνθρωποι
3400 4274 3613 4331 δοῦλοι

1951 4366 2054 4420 τοῦ
2089 4366 2234 4420 Θεοῦ
2284 4365 2394 4420 τοῦ
2446 4366 2717 4435 ὑψίστου
2760 4367 2881 4422 εὶσί
2928 4383 2942 4397 ·
2994 4369 3087 4421 καὶ
3143 4369 3326 4433 πάλιν,
3366 4369 3481 4424 Τὸν
3498 4371 3614 4440 μὲν

1961 4461 2203 4530 Ἰησοῦν
2225 4460 2515 4531 γινώσκω,
2556 4461 2784 4516 καὶτὸν
2810 4462 3061 4517 Παῦλον
3090 4464 3434 4534 ἐπίσταμαι.
3464 4466 3612 4519 Πάνυ

1950 4559 2056 4629 γὰρ
2076 4557 2409 4611 ἐδεδοίκεσαν
2439 4559 2533 4612 καί⁵
2553 4558 2779 4630 ἔτρεμον
2808 4561 2936 4622 τούς
2966 4561 3153 4628 ἁγίους
3176 4561 3437 4625 ἐκείνους.
3461 4564 3613 4633 Τάχα

1949 4672 2033 4718 τις
2060 4655 2214 4725 ὑμῶν
2241 4655 2455 4710 ἀκούων
2476 4695 2491 4720 ,
2522 4656 2677 4709 ποθεί
2700 4656 2794 4710 ἐπὶ
2828 4657 3031 4727 ταύτης
3062 4657 3316 4725 γενέσθαι
3334 4658 3435 4727 τῆς
3461 4658 3612 4722 ἐξου-

1952 4752 2091 4817 σίας,
2140 4750 2281 4805 ὦστε
2334 4753 2407 4823 μὴ
2455 4751 2715 4806 δύνασθαι
2752 4752 3014 4823 δαίμονας
3060 4754 3401 4807 ἀντιϐλέπειν
3442 4754 3609 4824 αὐτῷ,

1950 4849 2041 4901 καὶ
2066 4848 2355 4919 μακαρίζει
2392 4849 2519 4911 τούς
2557 4848 2746 4917 ἀγίους
2786 4849 3026 4912 ἐκείνους
3058 4849 3144 4901 διά
3164 4848 3352 4914 τοῦτο,
3380 4850 3461 4901 ὅτι
3486 4866 3613 4902 τοσ-

1950 4944 2118 5014 αύτην
2168 4940 2311 5013 εῐχον
2367 4942 2539 5014 ίσχύν.
2576 4942 2717 4995 Ἀλλ’
2742 4942 2985 4996 ἀκουέτω
3029 4943 3122 4995 τοῦ
3161 4943 3397 5015 Χριστοῦ
3424 4945 3614 5015 λέγον-

1950 5057 2037 5103 τος
2069 5053 2083 5068 ⁸
2114 5037 2210 5107 Μὴ
2233 5038 2493 5107 χαίρετε,
2519 5037 2607 5091 ὅτι
2630 5038 2701 5091 τὰ
2723 5037 2995 5105 δαιμόνια
3016 5037 3159 5106 ὑμῖν
3177 5037 3609 5095 ὑποτάσσεται·

1951 5135 2137 5206 ἐπειδὴ
2168 5135 2282 5205 ᾔδει
2313 5134 2523 5196 πάντας
2568 5131 2885 5203 ἀνθρώπους
2927 5132 3160 5202 μάλιστα
3205 5133 3378 5206 τούτῳ
3404 5136 3613 5207 χαίρον-

1949 5248 2045 5294 τας
2076 5231 2166 5285 διά
2184 5228 2509 5294 κενοδοξίαν.
2547 5226 2610 5280 Et
2635 5226 2743 5295 γάρ
2775 5226 2836 5279 τὸ
2867 5225 2941 5298 τῷ
2978 5226 3098 5298 Θεῷ
3124 5238 3147 5267 α
3191 5227 3379 5283 δοκοῦν
3431 5230 3613 5302 ζητεῖς

1952 5329 2044 5381 καὶ
2079 5327 2140 5381 τὸ
2177 5328 2329 5397 κοινῇ
2380 5323 2677 5396 συμφέρον,
2728 5322 2887 5394 ἑτέρα
2915 5324 3115 5394 μείζων
3154 5327 3300 5380 ἐστὶν
3328 5327 3464 5392 όδός.
3496 5327 3612 5384 Οὐκ

1952 5424 2093 5478 ἐστιν
2148 5422 2291 5477 οὕτω
2340 5422 2482 5493 μέγα
2534 5420 2785 5491 δαίμονος
2838 5420 3164 5486 ἀπαλλάξαι,
3221 5424 3296 5487 ὼς
3339 5425 3611 5495 ἁμαρτίας

1953 5520 2249 5588 ἐξελέσθαι.
2277 5518 2501 5588 Δαίμων
2521 5518 2582 5570 οὐ
2610 5517 2807 5571 κωλύει
2837 5518 3112 5588 βασιλείας
3149 5519 3392 5588 οὐρανῶν
3428 5521 3608 5573 ἐπιτυ-

1950 5621 2084 5690 χεῖν,
2114 5615 2249 5670 άλλά
2278 5614 2371 5668 καὶ
2403 5614 2743 5686 συμπράττει
2764 5653 2778 5679 ,
2809 5617 2957 5670 ἀκων
2992 5615 3114 5691 μὲν,
3165 5615 3505 5686 συμπράττει
3531 5615 3588 5669 δέ

1953 5712 2387 5784 σωφρονέστερον
2422 5710 2512 5764 τὸν
2557 5710 2750 5782 ἔχοντα
2793 5710 2961 5765 ποιῶν
2988 5726 3003 5741 ο
3042 5709 3285 5781 ἁμαρτία
3327 5709 3382 5763 δὲ
3411 5710 3583 5769 ἐκϐάλ

1952 5810 2050 5864 λει.

2005 5985 2033 6026 ι,
2058 5966 2190 6016 Idem
2220 5968 2303 6024 τήν
2344 5967 2622 6030 ἀπόρῥητον.
2691 5966 2712 5995 c
2736 5962 2871 6014 Unus
2892 5964 2980 6026 γὰρ
2998 5964 3065 6024 τῷ
3086 5963 3211 6026 Θεῷ,
