4098 6354
372 282 481 339 (ὶθῦ

445 392 506 445 δ’.
546 389 685 443 Ἀλλ’
718 388 975 459 ἴσωςέρεῖ
996 402 1098 449 τις·
1127 384 1218 455 Μὴ
1234 384 1442 452 γένοιτό
1471 400 1559 454 μοι
1591 382 1829 436 τοιούτου
1858 382 2041 449 τυχεῖν

376 477 781 549 σωφρονισμοῦ.
808 476 941 528 οὐδέ
976 472 1085 542 ἐγὼ
1119 472 1399 542 βούλομαι,
1430 471 1545 523 ἀλλ’
1576 470 1789 540 ἐτέρου,
1818 467 1926 521 ἀπὸ
1947 465 2040 519 τοῦ

380 566 547 621 πόθου
576 566 670 618 τοῦ
699 562 934 635 Χριστοῦ
960 561 1138 613 πάντα
1184 562 1377 611 ποιεῖν.
1410 559 1470 610 Ei
1500 558 1577 618 δὲ,
1619 557 1647 609 ὂ
1691 556 1765 625 μὴ
1812 555 2039 622 γένοιτο,

381 654 624 724 συμϐαίη
685 654 778 705 καὶ
812 651 951 720 ὑπὲρ
979 648 1168 700 τούτου
1202 646 1559 717 παρακαλεῖν.
1595 646 1656 697 Εἰ
1688 644 1864 696 τοίνυν
1897 638 2050 704 οὗτος

388 744 484 811 μὲν
512 741 611 794 οὐκ
637 739 909 802 ἐκϐάλλει,
934 736 1115 804 ἐκείνη
1157 735 1211 787 δέ
1240 733 1508 795 ἐκϐάλλει,
1558 733 1618 785 τὸ
1640 732 1854 801 ἐκείνης
1877 729 2051 782 ἀπαλ-

383 827 545 892 λάξαι
574 826 815 897 μείζονος
840 822 1175 894 εὐεργεσίας.
1194 821 1402 874 Οὐκοῦν
1432 820 1633 887 ταύτης
1661 817 2053 887 σπουδάζωμεν

384 915 744 968 ἀπαλλάττειν
768 914 892 974 τοὺς
914 909 1141 979 πλησίον
1177 908 1270 961 καὶ
1295 907 1401 978 πρὸ
1416 906 1524 960 τῶν
1552 905 1824 974 πλησίονὴ
1835 905 1939 974 μᾶς
1956 902 2055 956 αὐ-

382 1003 528 1066 τούς.
559 1002 801 1070 ”Ιδωμεν,
846 998 920 1069 μὴ
943 998 1172 1067 δαίμονα
1203 996 1435 1066 ἔχωμεν·
1459 993 1803 1062 ἐξετάσωμεν
1829 990 2055 1052 ἑαυτοὺς

385 1088 627 1159 ἀκριϐῶς
641 1128 653 1140 .
672 1088 932 1157 Δαίμονος
949 1083 1225 1155 χαλεπώτε
1237 1100 1327 1153 ρον
1341 1082 1579 1152 ἁμαρτία
1591 1097 1604 1111 ·
1619 1081 1823 1142 ἐκεῖνος
1839 1078 2054 1147 μὲνγὰρ

385 1176 672 1237 ταπεινοὺς
714 1177 876 1227 ποιεῖ.
914 1175 985 1225 ’Ἡ
1009 1172 1106 1242 οὐχ
1134 1173 1297 1243 όράτε
1350 1170 1475 1231 τούς
1502 1167 1894 1238 δαιμονῶντας,
1929 1165 2055 1217 ὅταν

388 1263 750 1330 ἀνενέγκωσιν
779 1260 888 1313 ἀπὸ
940 1261 1041 1330 τῆς
1075 1259 1254 1323 νόσου,
1291 1256 1409 1319 πῶς
1445 1258 1551 1307 είσι
1602 1254 1886 1323 κατηφεῖς,
1938 1251 2058 1314 πῶς

392 1353 746 1424 σκυθρωποί;
780 1352 897 1411 πῶς
930 1348 1193 1418 αἰσχύνης
1223 1348 1291 1399 τὰ
1334 1347 1600 1417 πρόσωπα
1647 1346 1828 1399 αὐτῶν
1856 1345 2053 1415 γέμει;

392 1442 508 1505 πῶς
558 1442 679 1494 οὐδέ
737 1438 1060 1505 ἀντιϐλέψαι
1112 1434 1417 1504 τολμῶσιν;
1477 1435 1617 1504 Ὅρα
1670 1432 1765 1504 τὴν
1806 1434 2055 1487 ἀτοπίαν·

393 1530 591 1581 ἐκεῖνοι
624 1529 721 1597 μὲν
750 1528 890 1596 ὺπέρ
922 1520 995 1579 ὧν
1049 1524 1349 1592 πάσχουσιν
1398 1521 1762 1590 αἰσχύνονται,
1795 1522 1953 1591 ἡμεῖς
2003 1520 2061 1573 δὲ

395 1615 534 1686 ὺπέρ
566 1607 640 1667 ὧν
664 1614 974 1684 πράττομεν
993 1611 1091 1663 οὐκ
1124 1608 1511 1679 αἰσχυνόμεθα·
1544 1611 1740 1661 ἐκεῖνοι
1768 1606 2060 1675 ἀδικούμε-

395 1721 475 1756 νοι
510 1701 807 1765 αἰδοῦνται,
840 1702 999 1769 ἡμεῖς
1049 1697 1361 1758 ἀδικοῦντες
1398 1696 1497 1747 οὐκ
1526 1695 1839 1763 αἰδούμεθα·
1887 1694 2063 1747 καίτοι

396 1792 466 1844 τὰ
493 1790 714 1842 ἐκείνων
769 1788 869 1839 οὐκ
923 1784 1185 1855 αἰσχύνης
1218 1784 1362 1847 ἄξια,
1397 1782 1513 1836 ἀλλ’
1547 1782 1697 1834 ἐλέου
1734 1782 1825 1833 καὶ
1876 1782 2063 1850 φιλαν-

400 1878 645 1949 θρωπίας
681 1876 773 1928 καὶ
802 1873 1150 1942 συγγνώμης,
1188 1872 1280 1924 καί
1302 1870 1493 1922 πολλοῦ
1522 1869 1615 1921 τοῦ
1648 1867 1922 1939 θαύματος
1950 1870 2067 1921 ικαὶ

405 1965 612 2034 μυρίων
645 1964 751 2016 τῶν
797 1961 1053 2023 ἐπαίνων,
1092 1961 1219 2012 ὅταν
1277 1958 1372 2011 καὶ
1399 1956 1622 2026 τοιούτῳ
1668 1956 2067 2022 προσπαλαίον-

401 2070 491 2115 τες
537 2051 771 2121 δαίμονι,
827 2050 1005 2101 πάντα
1049 2046 1388 2116 εὐχαρίστως
1439 2045 1667 2115 φέρωσι·
1727 2044 1793 2098 τὰ
1841 2045 1898 2098 δὲ
1932 2044 2069 2115 ὴμέ-

401 2156 535 2210 τερα
563 2140 795 2208 γέλωτος
844 2137 1033 2200 ὅντως,
1068 2134 1349 2205 αἰσχύνης,
1381 2134 1735 2204 κατηγορίας,
1777 2133 2070 2196 κολάσεως,

403 2226 693 2297 τιμωρίας,
726 2224 834 2278 τῶν
874 2224 1118 2293 ἐσχάτων
1156 2222 1342 2275 κακῶν
1369 2222 1463 2274 καὶ
1506 2220 1750 2291 γεέννης,
1781 2220 1895 2273 ἀλλ’
1926 2220 2075 2273 οὐδε-

410 2316 537 2385 μιᾶς
579 2312 728 2385 [514]
779 2312 906 2376 ἄξια
962 2308 1311 2379 συγγνώμης.
1352 2309 1536 2379 Ὁρᾷς,
1573 2309 1653 2360 ὅτι
1698 2307 2076 2378 χαλεπώτερον

407 2403 659 2472 δαίμονος
694 2401 971 2471 ἁμαρτία;
1031 2399 1140 2451 Καὶ
1191 2400 1390 2450 ἐκεῖνοι
1442 2398 1537 2468 μὲν
1589 2396 1648 2460 ἐξ
1678 2392 1751 2450 ὧν
1810 2397 2077 2466 πάσχουσι

410 2490 597 2545 κακῶς
627 2502 674 2554 ⁸,
709 2489 1054 2558 κερδαίνουσι
1082 2486 1272 2558 κέρδος
1299 2484 1539 2538 διπὶοῦν·
1573 2485 1630 2537 ἓν
1656 2486 1752 2555 μὲν
1781 2484 1841 2536 τὸ
1864 2501 2078 2554 σωφρο-

409 2578 649 2642 νίζεσθαι
693 2578 785 2631 καὶ
823 2574 1247 2645 φιλοσοφώτεροι
1302 2569 1464 2637 εἶναι,
1509 2574 1759 2645 δεύτερον
1804 2573 1859 2626 δὲ
1886 2572 1945 2625 τὸ
1981 2572 2081 2642 τὴν

412 2666 632 2719 κόλασιν
687 2663 924 2718 ἐνταῦθα
974 2665 1080 2716 τῶν
1140 2662 1354 2714 οἰκείων
1413 2662 1820 2731 ἁμαρτημάτων
1878 2660 2081 2723 δόντες,

413 2753 643 2822 καθαροὶ
698 2752 833 2821 πρὸς
865 2750 956 2803 τὸν
1007 2749 1285 2819 Δεσπότην
1316 2749 1591 2803 ἀπελθεῖν.
1646 2749 1758 2803 Καὶ
1788 2748 1895 2820 γὰρ
1943 2749 2082 2818 ὑπὲρ

416 2840 608 2894 τούτου
664 2839 1019 2910 διελέχθημεν
1085 2838 1367 2902 πολλάκις,
1424 2837 1516 2890 καὶ
1565 2837 1847 2907 ἐδείξαμεν
1898 2837 1947 2902 b,
2003 2837 2084 2890 ὅτι

417 2931 540 2992 τοὺς
589 2929 821 2983 ἐνταῦθα
859 2929 1274 2999 κολαζομένους,
1333 2927 1398 2980 ἂν
1448 2927 1803 2996 εὐγνωμόνως
1856 2924 2082 2997 φέρωσι,

420 3018 589 3071 πολλά
638 3018 746 3071 τῶν
782 3017 1201 3089 ἁμαρτημάτων
1243 3013 1594 3067 ἀποτίθεσθαι
1644 3015 1809 3077 εἰκός.
1849 3014 1980 3066 Ἀπὸ
2030 3014 2087 3067 δέ

419 3106 529 3161 τῶν
574 3107 987 3178 ἁμαρτημάτων
1032 3105 1196 3157 διπλᾶ
1246 3102 1314 3156 τά
1354 3102 1522 3165 δεινά,
1569 3100 1625 3155 ἓν
1661 3102 1757 3173 μὲν
1784 3103 1865 3155 δτι
1917 3119 2087 3173 προσ-

422 3196 714 3266 κρούομεν,
754 3196 939 3265 ἕτερον
994 3194 1050 3246 δὲ
1087 3194 1166 3245 ὅτι
1210 3192 1424 3263 χείρους
1461 3190 1744 3261 γινόμεθα.
1788 3191 2089 3263 Προσέχετε

422 3278 466 3351 ᾧ
508 3285 671 3353 λέγω.
726 3285 799 3336 Οὐ
836 3283 991 3335 τοῦτο
1050 3282 1207 3351 μόνον
1252 3278 1583 3349 ἁδικούμεθα
1615 3278 1723 3332 ἀπὸ
1764 3278 1863 3348 τῆς
1913 3280 2092 3350 ἁμαρ-

424 3372 566 3436 τίας,
601 3373 682 3424 ὅτι
728 3370 1140 3440 ἁμαρτάνομεν,
1177 3368 1313 3420 ἀλλὰ
1340 3368 1437 3420 καὶ
1484 3367 1695 3438 ἓτερον,
1738 3368 1819 3419 ὃτι
1864 3365 1976 3429 ’έξιν
2004 3366 2092 3419 δέ·

426 3462 639 3531 χεταιὴ
674 3458 840 3528 ψυχὴ,
872 3453 983 3511 οἷον
1031 3457 1106 3519 ὡς
1146 3457 1237 3507 ἐπὶ
1281 3455 1551 3525 σώματος·
1605 3454 1937 3525 σαφέστερον
1986 3455 2097 3526 γὰρ

429 3548 582 3601 ἔσται
628 3548 719 3599 ἐπὶ
772 3546 1170 3615 ὐποδείγματος
1216 3543 1529 3611 λεγόμενον.
1580 3540 1849 3611 Καθάπερ
1909 3541 2017 3613 γὰρ
2070 3544 2099 3595 ὀ

430 3634 669 3708 πυρέξας
695 3634 756 3687 οὐ
800 3634 959 3685 τοῦτο
1008 3632 1167 3702 μόνον
1202 3629 1479 3699 ἠδίκηται,
1516 3629 1599 3682 ὅτι
1652 3632 1817 3693 νοσεῖ,
1854 3629 1967 3681 ἀλλ’
2016 3631 2099 3683 ὅτι

435 3722 578 3792 μετά
596 3721 693 3792 τὴν
742 3721 896 3773 νόσον
936 3718 1323 3785 ἀσθενέστερος
1372 3715 1582 3783 γίνεται
1626 3714 1829 3780 λοιπὸν,
1868 3715 1972 3769 κᾶν
2021 3718 2102 3777 εἰς

435 3811 627 3878 ὑγείαν
674 3807 957 3862 ἐπανέλθοι
990 3806 1095 3859 ἀπὸ
1123 3806 1278 3857 νῦσου
1316 3804 1553 3874 μακρᾶς·
1587 3802 1729 3855 οῦτω
1760 3802 1823 3874 δὴ
1874 3803 1968 3856 καὶ
2012 3803 2103 3855 ἐπὶ

436 3900 533 3967 τῆς
584 3896 882 3967 ἁμαρτίας,
928 3894 1031 3947 κᾶν
1082 3892 1438 3961 ὐγιαίνωμεν,
1489 3890 1569 3943 ἔτι
1624 3889 1827 3959 πολλῆς
1875 3890 2104 3958 δεόμεθα

435 3988 537 4056 τῆς
573 3985 775 4056 ἰσχύος.
826 3984 934 4037 Ἴδε
973 3983 1081 4054 γάρ
1117 3998 1211 4052 μοι
1242 3980 1539 4051 ὐϐρίσαντά
1569 3996 1712 4043 τινα,
1760 3979 1855 4031 καὶ
1896 3979 1971 4049 μὴ
2022 3997 2108 4033 τι·-

443 4075 787 4145 μωρηθέντα·
849 4073 908 4125 οὐ
948 4072 1037 4124 διά
1074 4071 1232 4124 τοῦτο
1286 4070 1443 4137 μόνον
1476 4068 1757 4138 δακρύειν,
1791 4068 1871 4120 ὅτι
1918 4069 1978 4121 οὐ
2009 4069 2106 4138 τῆς

444 4162 654 4232 ὐϐρεως
686 4160 843 4228 δίκην
904 4159 1161 4222 δίδωσιν,
1207 4156 1343 4209 ἀλλά
1394 4156 1487 4209 καὶ
1534 4155 1598 4207 δι’
1660 4155 1845 4225 ἕτερον
1893 4155 2107 4208 πενθεῖν

442 4249 612 4313 ἄξιον.
672 4250 829 4300 Ποῖον
879 4245 944 4315 δὴ
991 4244 1181 4307 τοῦτο;
1233 4244 1356 4297 Ὅτι
1410 4242 1869 4312 ἀναισχυντοτέρα
1917 4241 2106 4310 γέγονε

443 4336 630 4388 λοιπὸν
659 4337 691 4404 ἡ
726 4334 896 4404 ψυχή.
940 4331 1205 4383 Ἐκάστου
1236 4330 1342 4399 γάρ
1387 4329 1493 4382 τῶν
1527 4330 1961 4400 ἁμαρτημάτων,
2018 4332 2110 4382 καὶ

446 4426 547 4495 τῆς
599 4426 874 4495 ἁμαρτίας
913 4420 1272 4492 ἐργασθείσης
1319 4419 1414 4471 καὶ
1442 4418 1819 4489 παυσαμένης,
1866 4418 2115 4472 ἐναποτί-

448 4513 600 4567 θεταί
648 4530 731 4576 τις
768 4512 924 4583 ἡμῶν
983 4513 1059 4573 ἰὸς
1106 4511 1175 4580 τῇ
1200 4507 1366 4577 ψυχῇ.
1421 4506 1535 4559 Οὐκ
1581 4506 1797 4569 ἀκούεις
1849 4505 2114 4575 λεγόντων

448 4604 631 4664 τινῶν,
682 4604 808 4655 ὅταν
861 4605 926 4655 ἐκ
979 4601 1136 4654 νόσου
1181 4598 1494 4668 ὐγιάνωσιν,
1546 4596 1625 4649 ὃτι
1660 4598 1773 4649 Οὐκ
1819 4595 1899 4649 ἔτι
1934 4596 2115 4667 τολμῶ

452 4692 596 4762 ὓδωρ
629 4693 804 4756 πιεῖν;
838 4689 1017 4743 καίτοι
1066 4704 1131 4755 γε
1182 4688 1421 4755 ὐγίανεν·
1471 4683 1584 4738 ἀλλ’
1617 4686 1649 4754 ἡ
1692 4687 1844 4746 νόσος
1876 4684 1969 4736 καὶ
1993 4683 2116 4736 τοῦ·

450 4799 511 4834 το
566 4781 809 4850 ἠδίκησε.
864 4779 1121 4830 Κάκεῖνοι
1184 4777 1283 4846 μὲν
1334 4774 1519 4837 κακῶς
1572 4774 1895 4843 πάσχοντες,
1954 4773 2117 4843 εὐχα-

456 4869 747 4937 ριστοῦσιν·
789 4870 950 4936 ἡμεῖς
998 4867 1053 4919 δὲ
1087 4862 1146 4918 εὖ
1178 4865 1531 4934 πράττοντες,
1565 4862 1988 4933 βλασφημοῦμεν
2027 4862 2119 4915 τὸν

454 4958 607 5019 Θεὸν,
638 4957 729 5009 καὶ
763 4955 1265 5025 ἀποδυσπετοῦμεν·
1310 4953 1559 5013 πλείονας
1591 4951 1700 5020 γὰρ
1746 4950 1925 5021 εὕροις
1957 4950 2022 5003 ἂν
2062 4953 2118 5003 ἐν

458 5045 612 5115 ὑγεία
672 5044 764 5096 καὶ
817 5043 1029 5112 πλούτῳ
1071 5044 1228 5096 τοῦτο
1277 5040 1584 5103 ποιοῦντας,
1649 5039 1681 5110 ἦ
1727 5040 1783 5091 ἐν
1835 5038 1994 5109 πενίᾳ
2028 5040 2119 5091 καὶ

457 5131 756 5203 ἁρρωστία.
823 5129 1120 5200 Ἐφέστηκε
1150 5131 1255 5201 γάρ
1287 5132 1314 5182 ό
1362 5129 1565 5198 δαίμων
1613 5127 1689 5191 ώς
1716 5128 1904 5198 δήμιος
1954 5127 2120 5190 ὅντως

462 5218 689 5287 σφοδρὸς
739 5217 977 5271 ἀπειλῶν
1032 5217 1218 5281 πολλά,
1269 5218 1516 5286 καθάπερ
1566 5227 1589 5254 α
1644 5233 1727 5277 τις
1782 5215 2124 5282 παιδαγωγὸς

459 5312 549 5364 τὸν
609 5311 808 5380 ἱμάντα
863 5308 1155 5361 ἀνατείνων
1190 5346 1203 5371 ,
1274 5309 1366 5360 καὶ
1436 5304 1733 5376 οὐδαμόθεν
1794 5304 2123 5374 ἁναχυθῆναι

460 5400 658 5467 ἀφιείς.
698 5399 758 5449 Εἰ
798 5396 851 5448 δέ
878 5412 1020 5459 τινες
1052 5395 1171 5465 μηδ’
1209 5393 1350 5447 οὐτω
1384 5395 1623 5464 νήφοιεν,
1677 5392 1790 5445 ἀλλ’
1842 5388 1934 5445 οὖν
1993 5392 2125 5444 ἐκεῖ·

461 5505 540 5539 νοι
566 5486 768 5539 διδόασι
794 5485 821 5523 ά
861 5484 1036 5553 δίκην.
1074 5485 1147 5535 U0
1196 5483 1389 5553 μικρὸν
1420 5482 1475 5534 δέ
1508 5482 1601 5534 καὶ
1648 5480 1822 5534 τοῦτο·
1876 5480 2127 5550 καθάπερ

462 5576 572 5645 γὰρ
628 5574 677 5626 οί
718 5572 914 5644 μωροὶ,
977 5570 1227 5641 καθάπερ
1284 5570 1333 5621 οί
1392 5569 1731 5639 μαινόμενοι,
1794 5568 2047 5637 καθάπερ
2080 5569 2127 5620 οί

524 5724 540 5746 ⁸
570 5724 820 5785 Ιῐάσχουσι
842 5723 1004 5785 κακῶς
1026 5720 1171 5768 dPest
1191 5722 1256 5785 ﬁn
1303 5732 1401 5785 uno
1426 5718 1628 5785 podice.
1719 5739 1746 5778 ι,
1767 5719 1859 5785 Καὶ
1889 5717 2126 5785 ἐδείξαμεν

464 5778 814 5837 ἀρεειιιίὶιηο.
903 5788 923 5813 ε
951 5784 1047 5845 Alii
1091 5782 1292 5845 σφοδρὸς
1329 5783 1482 5829 πολλὰ
1526 5783 1675 5840 λέγων
1712 5781 1939 5845 καθάπερ.
2007 5778 2033 5815 d
2059 5780 2123 5845 ll}!

468 5851 698 5896 (lnmnml.
727 5854 778 5895 el
800 5858 925 5893 unus
956 5844 1064 5891 cod.
1090 5856 1103 5901 ;
1135 5840 1344 5901 ’Μόιιιίη
1372 5852 1480 5905 post
1502 5845 1674 5902 Sa\'il.,
1706 5844 1757 5890 Εἰ
1781 5844 1830 5890 δέ
1850 5857 1969 5895 τινες
2017 5840 2125 5901 μηδ’

468 5911 591 5959 οὔτω
611 5911 739 5971 νήφ.,
768 5909 877 5956 οὐδὲ
902 5910 971 5956 ἐκ.
998 5907 1226 5954 δώσουσι.
1258 5906 1393 5956 Eon.

1152 274 1213 329 S.
1255 270 1541 329 JOANNIS
1581 263 2071 327 CIIRYSOSTOMI
2111 261 2436 321 ARCIIIEP.
2482 262 3030 322 CONSTANTINOP.

3698 256 3809 318 290

2147 377 2332 441 παῖδες
2363 378 2463 432 οὐκ
2512 378 2867 432 ἀπαιτοῦνται
2926 376 3185 439 εὐθύνας,
3239 374 3410 437 οὕτως
3456 373 3576 428 οὐδὲ
3633 368 3804 428 οὖτοι·

2145 464 2254 517 τῶν
2287 465 2394 535 γάρ
2450 466 2549 519 οὐκ
2607 468 2666 519 ἐν
2720 464 2919 533 γνώσει
2971 462 3359 532 πραττομένων
3405 462 3582 524 οὐδεὶς
3635 460 3812 521 οὕτως

2148 552 2319 623 ώμδς,
2359 552 2499 606 ὥστε
2552 555 2850 623 ἀπαιτῆσαι
2894 552 3049 621 δίκην
3095 551 3246 607 ποτέ.
3280 552 3423 619 Ἀρα
3475 548 3657 618 πολλῷ
3704 548 3815 598 τῶν

2151 641 2531 711 δαιμονώντων
2553 645 2734 713 χεῖρον
2763 640 3081 710 διακείμεθα
3107 641 3156 692 οἰ
3180 639 3622 709 ’ἁμαρτάνοντες.
3672 634 3815 689 Ἀλλ’

2152 728 2233 782 ὅτι
2254 730 2352 782 οὐκ
2382 730 2704 799 ἀφρίζομεν,
2732 729 2853 781 οὐδέ
2895 728 3286 797 διαστρέφομεν
3330 727 3428 790 τὰς
3480 726 3669 796 κόρας,
3694 724 3819 777 οὐδὲ

2152 815 2251 880 τάς
2276 818 2495 887 χεῖρας;
2528 816 2651 870 Εἴθε
2681 818 2738 869 ἐν
2762 816 2840 887 τῷ
2877 815 3087 885 σώματι
3141 813 3297 866 τοῦτο
3328 814 3694 884 ἐπράττομεν,
3724 813 3821 864 καὶ

2158 907 2234 976 μὴ
2258 908 2314 957 ἐν
2342 909 2407 977 τῇ
2437 906 2601 976 ψυχῇ.
2622 905 2809 958 Βούλει
2836 922 2916 957 σοι
2941 904 3097 968 δείξω
3122 904 3298 973 ψυχὴν
3324 902 3658 973 ἀφρίζουσαν
3681 900 3822 954 ἀκά-

2156 994 2372 1064 θαρτον,
2413 994 2506 1047 καὶ
2536 993 2864 1064 διαστροφὴν
2898 993 3159 1062 ὀμμάτων
3202 992 3480 1055 διανοίαςς
3535 990 3822 1059 Ἐννόησον

2154 1082 2279 1143 τοὺς
2298 1080 2680 1152 ὀργιζομένους
2716 1082 2809 1133 καὶ
2850 1078 3146 1149 μεθύοντας
3176 1077 3281 1129 ὑπὸ
3301 1076 3395 1128 τοῦ
3430 1075 3622 1146 θυμοῦ,
3650 1078 3825 1128 πόσου

2157 1171 2333 1241 ἀφροῦ
2380 1172 2480 1222 οὐκ
2516 1170 2927 1239 ἀκαθαρτότερα
2965 1168 3284 1220 ἐκϐάλλουσι
3328 1168 3575 1235 ρήματα;
3613 1168 3825 1226 Ὄντως

2158 1257 2346 1328 ὥσπερ
2378 1257 2583 1326 δυσώδη
2618 1257 2789 1309 σίελον
2810 1255 3190 1319 ἀποϐλύζουσι.
3216 1254 3325 1307 Kal
3350 1252 3600 1322 καθάπερ
3622 1254 3829 1304 ἐκεῖνοι

2160 1345 2351 1397 οὐδένα
2386 1346 2531 1398 ἴσασι
2554 1344 2660 1397 τῶν
2694 1344 2996 1413 παρόντων,
3040 1342 3211 1403 οὔτως
3240 1341 3362 1392 οὐδέ
3414 1334 3581 1393 οῦτοι.
3634 1340 3829 1391 Σκοτι-

2166 1432 2386 1503 σθείσης
2414 1434 2521 1504 γὰρ
2546 1434 2727 1494 αὐτοῖς
2756 1432 2856 1503 τῆς
2877 1431 3113 1492 διανοίας
3140 1430 3234 1481 καὶ
3251 1428 3692 1499 διαστραφέντων
3715 1428 3830 1480 τῶν

2163 1520 2474 1592 ὀφθαλμῶν,
2499 1522 2559 1574 οὐ
2592 1520 2764 1588 φίλον.
2814 1519 2913 1571 οὐκ
2967 1517 3177 1588 ἐχθρὸν,
3230 1518 3329 1570 οὐκ
3376 1516 3675 1585 αἰδέσιμον,
3723 1516 3831 1567 οὐκ

2166 1609 2655 1681 εὐκαταφρόνητον,
2688 1607 2821 1661 ἀλλά
2858 1608 3065 1669 πάντας
3089 1606 3275 1668 ἁπλῶς
3306 1604 3523 1675 ὁρῶσιν.
3561 1604 3674 1673 Οὐχ
3693 1604 3831 1673 ὁρᾷς

2166 1699 2360 1759 αὐτοὺς
2393 1699 2484 1749 καὶ
2513 1696 2808 1768 τρέμοντας
2860 1692 3013 1766 [515]
3062 1693 3313 1763 καθάπερ
3341 1692 3614 1755 ἐκείνουςς
3684 1689 3832 1743 Ἀλλ’

2166 1787 2227 1838 οὐ
2260 1786 2513 1837 πίπτουσι
2544 1783 2753 1855 χαμαί;
2800 1783 2957 1836 Ἀλλά
2989 1784 3021 1851 ἡ
3050 1782 3195 1852 ψυχὴ
3248 1780 3424 1834 αὐτῶν
3456 1779 3629 1850 χαμαὶ
3651 1781 3836 1831 κεῖται

2167 1874 2261 1925 καὶ
2292 1872 2478 1925 πίπτει
2519 1871 2842 1942 σπαίρουσα·
2878 1872 2926 1923 εἰ
2970 1868 3079 1939 γὰρ
3118 1868 3254 1939 ὀρθὴ
3303 1869 3566 1938 εἱστήκει,
3610 1868 3711 1919 οὐκ
3762 1867 3837 1920 ἂν

2170 1960 2372 2013 ἔπαθεν
2402 1962 2581 2013 ἐκεῖνα
2610 1958 2751 2030 ἅπερ
2778 1958 2997 2012 ἔπαθεν.
3034 1957 3104 2009 Ἦ
3134 1957 3193 2009 οὐ
3224 1956 3367 2009 δοκεῖ
3393 1973 3473 2009 σοι
3494 1954 3839 2025 καταϐεϐλη-

2175 2049 2343 2119 μένης
2402 2044 2536 2101 εἶναι
2580 2047 2779 2117 ψυχῆς,
2828 2048 2921 2099 καὶ
2967 2045 3065 2116 τὴν
3102 2044 3305 2097 οἰκείαν
3346 2044 3505 2113 νῆψιν
3551 2043 3839 2097 ἀπολωλε-

2174 2137 2331 2200 κυίας
2357 2147 2402 2200 θ,
2435 2138 2529 2189 καὶ
2564 2134 2600 2189 ἀ
2632 2134 2840 2187 ποιοῦσι
2865 2135 2958 2187 καὶ
2989 2133 3202 2201 λέγουσι
3227 2131 3513 2202 μεθύοντες
3538 2132 3615 2201 τῷ
3635 2131 3839 2202 θυμῷς

2178 2225 2336 2275 Ἔστι
2364 2240 2415 2275 τι
2443 2224 2534 2275 καὶ
2562 2222 2745 2293 ἕτερον
2780 2220 2975 2291 μανίας
3025 2216 3161 2282 εἶδος
3195 2219 3381 2271 τούτου
3430 2218 3836 2289 χαλεπώτερον.

2177 2313 2335 2364 Ποῖον
2366 2310 2430 2382 δὴ
2447 2310 2642 2375 τοῦτο;
2674 2310 2842 2361 Ὅταν
2875 2308 3008 2378 μηδέ
3038 2309 3256 2376 ἀφεῖναι
3282 2308 3379 2377 τὴν
3406 2306 3572 2378 ὀργὴν
3606 2307 3843 2375 ἀνέχων-

2178 2418 2288 2463 ται,
2320 2400 2453 2454 ἀλλά
2472 2399 2711 2470 τρέφωσι
2738 2399 2865 2468 παρ’
2898 2398 3109 2458 ἑαυτοῖς
3140 2395 3411 2448 οἰκειακὸν
3446 2394 3695 2465 καθάπερ
3717 2393 3846 2446 τινά

2178 2489 2369 2560 δήμιον
2399 2489 2498 2558 τὴν
2525 2486 2907 2559 μνησικακίαν.
2934 2484 3139 2547 Αὐτοὺς
3165 2484 3273 2553 γὰρ
3302 2481 3549 2554 πρώτους
3576 2481 3847 2535 ἀπόλλυσι

2180 2579 2239 2629 τὸ
2270 2577 2625 2647 μνησικακεῖν
2646 2573 2893 2627 ἐντεῦθεν
2940 2574 3064 2645 ήδη,
3100 2572 3187 2625 ἵνα
3236 2572 3305 2625 τά
3343 2570 3601 2641 μέλλοντα
3652 2570 3841 2640 παρῶ.

2182 2666 2360 2735 Πόσην
2390 2665 2498 2735 γὰρ
2524 2663 2625 2716 οἴει
2680 2662 2910 2733 βάσανον
2957 2658 3093 2717 εἶναι
3151 2659 3422 2732 ἀνθρώπῳ
3470 2658 3848 2729 πεπληγμένῳ

2182 2755 2279 2824 τὴν
2307 2754 2503 2825 ψυχὴν,
2535 2752 2658 2806 καθ’
2698 2751 2933 2820 ἑκάστην
2967 2750 3178 2821 ἡμέραν
3218 2748 3505 2802 σκοποῦντι
3528 2748 3675 2809 ὅπως
3696 2748 3847 2817 ἀμύ-

2183 2858 2341 2912 νηται
2372 2842 2463 2895 τὸν
2491 2840 2713 2911 ἐχθρόν;
2748 2840 3017 2911 Πρότερον
3045 2839 3234 2891 ἐαυτὸν
3258 2836 3475 2900 κολάζει
3521 2835 3551 2887 ὀ
3577 2834 3847 2900 τοιοῦτος,

2185 2932 2280 2985 καὶ
2309 2935 2631 3002 τιμωρεῖται
2657 2931 2923 2996 οίδαίνων,
2951 2929 3083 3000 πρὸς
3106 2928 3293 2982 ἑαυτὸν
3325 2928 3647 2998 μαχόμενος,
3673 2927 3851 2997 ἐμπυ-

2189 3018 2487 3092 ριζόμενος.
2533 3018 2772 3087 Ἀνάγκη
2804 3016 2913 3088 γὰρ
2944 3017 3235 3079 διαπαντὸς
3279 3016 3526 3069 καίεσθαι
3582 3014 3735 3086 παρὰ
3764 3016 3852 3067 σοὶ

2186 3105 2248 3159 τὸ
2282 3104 2412 3177 πῦρ·
2445 3103 2539 3157 καί¹
2589 3102 2680 3155 τὸν
2712 3102 2945 3174 πυρετὸν
2996 3103 3089 3156 ἐπὶ
3117 3101 3369 3155 τοσοῦτον
3418 3100 3702 3167 ἐκτείνων,
3746 3101 3853 3154 οὐκ

2189 3194 2353 3264 ἀφίης
2388 3192 2769 3265 παρακμάσαι,
2806 3191 2902 3245 καὶ
2929 3190 3165 3261 νομίζεις
3225 3189 3415 3258 ἐκείνῳ
3440 3189 3639 3243 διδόναι
3665 3206 3719 3241 τι
3746 3206 3854 3242 κα-

2190 3283 2303 3349 κὸν,
2336 3282 2496 3345 αὐτὸς
2528 3282 2584 3335 δὲ
2641 3280 2866 3333 σεαυτὸν
2922 3280 3133 3349 τήκεις,
3178 3278 3473 3340 διαπαντὸς
3519 3278 3618 3347 τὴν
3674 3277 3859 3345 φλόγα

2191 3372 2545 3442 ἀκμάζουσαν
2577 3371 2778 3441 φέρων,
2808 3370 2901 3423 καὶ
2929 3367 3395 3421 διαναπαύσασθαι
3424 3366 3524 3438 τὴν
3548 3366 3726 3437 ψυχὴν
3752 3368 3859 3420 οὐκ

2195 3461 2318 3522 ἐῶν,
2354 3460 2466 3513 ἀλλ’
2496 3459 2917 3530 ἐκθηριούμενος
2942 3458 3047 3523 ἀεὶ,
3082 3456 3176 3511 καὶ
3198 3459 3255 3510 ἐν
3280 3458 3488 3526 ταραχῇ
3522 3454 3615 3508 καί⁸
3661 3458 3721 3509 ἐν
3744 3473 3860 3525 χει-

2200 3548 2336 3617 μῶνι
2354 3548 2443 3599 τὸν
2470 3547 2726 3616 λογισμὸν
2764 3546 2919 3615 ἔχων.

2267 3642 2325 3688 ε’.
2358 3636 2421 3688 Τί
2445 3634 2646 3706 ταύτης
2674 3634 3051 3704 χαλεπώτερον
3083 3634 3181 3705 τῆς
3213 3632 3424 3704 μανίας,
3449 3630 3739 3694 διαπαντὸς
3766 3629 3863 3681 λυ-

2200 3724 2415 3777 πεῖσθαι
2446 3723 2537 3776 καὶ
2568 3723 2725 3777 οἰδεῖν
2755 3722 2850 3774 κα)⁵
2896 3722 3285 3791 φλεγμαίνειν;
3336 3719 3591 3772 Τοιαῦται
3640 3719 3750 3787 γάρ
3802 3720 3861 3770 αἱ

2199 3813 2306 3865 τῶν
2346 3810 2697 3881 μνησικάκων
2726 3810 2916 3880 ψυχαί·
2970 3809 3097 3863 ἑνθα
3134 3808 3199 3862 ἂν
3252 3808 3435 3860 ἴδωσιν
3461 3808 3517 3859 ὃν
3575 3806 3860 3875 βούλονται

2200 3900 2527 3972 ἀμύνασθαι,
2581 3898 2782 3963 εὐθέως
2833 3900 3169 3969 ἐπλήγησαν·
3209 3899 3274 3952 ἂν
3327 3898 3510 3967 φωνῆς
3558 3894 3854 3960 ἀκούσωσι,

2203 3988 2520 4048 κατέπεσον,
2552 3988 2863 4058 τρέμουσιν·
2892 3985 2958 4040 ἂν
2987 3988 3081 4039 ἐπ)⁸
3111 3986 3299 4055 κλίνης
3349 3979 3471 4049 ὦσι,
3510 3983 3697 4055 μυρίας
3723 3982 3858 4034 ἐαυ-

2204 4079 2311 4139 τοῖς
2343 4076 2718 4146 ὐπογράφουσι
2745 4074 3036 4145 τιμωρίας,
3064 4074 3422 4143 ἀναρτῶντες,
3482 4071 3861 4141 βασανίζοντες

2165 4187 2172 4199 ι
2208 4165 2528 4218 ἐκεῖνοντὸν
2580 4163 2793 4233 ἐχθρόν·
2836 4164 2971 4234 πρὸς
3003 4163 3061 4216 δέ
3117 4163 3347 4226 τούτοις,
3408 4161 3473 4215 ἂν
3519 4161 3614 4215 καὶ
3657 4159 3868 4212 εὐδοκι-

2211 4252 2412 4324 μοῦντα
2467 4252 2639 4316 ἴδωσι,
2677 4250 2838 4319 βαϐαὶ
2887 4252 2986 4320 τῆς
3038 4250 3338 4321 τιμωρίαςί
3376 4250 3545 4315 Ἀφες
3602 4248 3750 4316 αὐτῴ
3804 4248 3871 4300 τὸ

2209 4342 2528 4412 ἁμάρτημα,
2558 4340 2650 4391 καὶ
2675 4339 2981 4405 ἀπάλλαξον
3012 4338 3203 4390 σαυτὸν
3261 4337 3361 4406 τῆς
3394 4336 3647 4405 βασάνου.
3671 4334 3735 4386 Τί
3770 4335 3873 4405 μέ-

2210 4447 2315 4491 νεις
2336 4427 2622 4490 διαπαντὸς
2665 4426 3041 4496 κολαζόμενος,
3073 4426 3157 4479 ἵνα
3192 4426 3398 4478 ἐκεῖνον
3431 4423 3577 4489 ἀπαξ
3634 4423 3875 4495 κολάσης

2212 4521 2307 4571 καὶ
2333 4518 2661 4588 τιμωρήσης
2696 4514 2746 4568 τί
2789 4514 3215 4578 κατασκευάζεις
3247 4512 3460 4566 ἐκτικδν
3490 4510 3671 4580 σαυτῷ
3708 4511 3878 4580 νόση-

2218 4621 2293 4675 μα
2330 4602 2349 4641 τ
2380 4619 2394 4667 ;
2438 4604 2488 4654 τί
2525 4602 2843 4672 βουλόμενον
2863 4599 3243 4669 ἀπαλλαγῆναί
3284 4616 3376 4651 σου
3403 4598 3491 4651 τὸν
3521 4597 3689 4667 θυμὸν
3735 4614 3876 4649 κατ-

2217 4693 2387 4762 ἐχεις;
2430 4690 2579 4759 Μηδὲ
2617 4690 2805 4759 μέχρις
2835 4689 3071 4758 ἑσπέρας
3097 4688 3327 4758 μενέτω,
3355 4686 3517 4756 φησὶν
3559 4688 3587 4739 ὁ
3640 4685 3872 4747 Παῦλος.

2218 4781 2480 4850 Καθάπερ
2525 4778 2632 4848 γάρ
2678 4776 2917 4848 τηκεδών
2950 4794 3034 4839 τις
3078 4776 3172 4828 καὶ
3202 4775 3319 4845 σὴς,
3378 4774 3521 4827 οὕτω
3571 4774 3669 4844 τὴν
3717 4772 3878 4842 ῥίζαν

2216 4870 2316 4939 τῆς
2346 4867 2613 4937 ἡμετέρας
2662 4864 2951 4936 διατρώγει
3010 4863 3265 4925 διανοίας.
3320 4862 3386 4914 Τί
3435 4861 3620 4932 θηρίον
3677 4864 3879 4913 ἐναπο-

2219 4958 2415 5019 κλείεις
2440 4957 2518 5018 εἰς
2547 4956 2615 5008 τά
2642 4954 2925 5023 σπλάγχνα
2950 4952 3015 5006 τά
3048 4953 3150 5019 σά;
3186 4952 3399 5003 Βέλτιον
3431 4952 3553 5018 δφιν
3586 4950 3616 5019 ἢ
3642 4950 3756 5019 ἔχιν
3782 4952 3879 5016 ἐγ-

2222 5046 2428 5099 κεῖσθαι
2457 5047 2522 5113 τῇ
2549 5042 2766 5113 καρδίᾳ,
2815 5041 2848 5111 ἢ
2906 5040 3075 5111 θυμὸν
3112 5042 3205 5093 καὶ
3254 5039 3636 5109 μνησικακίαν·
3696 5040 3883 5091 ἐκεῖνα

2226 5136 2319 5204 μέν
2348 5132 2453 5202 γὰρ
2481 5129 2679 5192 εὐθέως
2704 5130 2767 5181 ἂν
2794 5129 2942 5198 ἡμᾶς
2970 5128 3297 5198 ἀπήλλαξεν,
3326 5121 3480 5190 οὗτος
3502 5126 3559 5179 δὲ
3593 5126 3741 5195 μένει
3768 5126 3887 5178 διαο

2226 5222 2442 5284 παντὸς,
2482 5219 2603 5281 τοὺς
2626 5217 2843 5278 ὀδόντας
2874 5217 3190 5286 ιέμπηγνὺς,
3243 5217 3332 5269 τὸν
3371 5216 3445 5269 ἰὸν
3484 5215 3727 5276 ἐντιθεὶς,
3755 5215 3885 5277 τοὺς

2223 5312 2484 5383 χαλεποὺς
2510 5304 2914 5377 ἐπιστρατεύων
2945 5315 2969 5353 ε
2998 5305 3309 5376 λογισμούς.
3349 5305 3509 5357 Ἀλλά
3533 5303 3703 5358 ταῦτα
3724 5302 3885 5365 ποιῶ,

2226 5402 2402 5470 φησὶν,
2425 5399 2510 5450 ἵνα
2546 5395 2618 5467 μὴ
2646 5393 3012 5463 καταγελάσῃ,
3046 5394 3130 5446 ἴνα
3163 5395 3235 5465 μὴ
3261 5394 3667 5463 καταφρονήσῃ.
3701 5389 3888 5443 Ἀθλιε

2226 5489 2471 5557 ἄνθρωπε
2502 5486 2594 5538 καὶ
2621 5484 2957 5556 ταλαίπωρε,
2984 5485 3045 5536 οὐ
3072 5482 3250 5553 βούλει
3284 5482 3753 5550 καταγελασθῆναι
3782 5494 3888 5529 πα-

2231 5578 2295 5649 ρά
2328 5575 2416 5628 τοῦ
2448 5571 2754 5637 συνδούλου,
2794 5572 2929 5626 ἀλλὰ
2966 5571 3265 5643 μισηθῆναι
3330 5570 3477 5641 παρά
3509 5568 3601 5623 τοῦ
3659 5566 3752 5619 σοῦ
3786 5569 3886 5618 Δε-

2312 5720 2331 5745 ε
2358 5704 2476 5763 Alii,
2499 5702 2817 5758 ἀπολωλυίας,
2841 5703 2991 5750 male.
3062 5701 3081 5739 ί
3109 5702 3314 5761 Quidam
3362 5701 3563 5763 ἐκτῆκον
3598 5698 3782 5763 σαυτὸν.
3816 5698 3891 5757 τῷ

2228 5758 2473 5828 νοσῆματι,
2496 5779 2616 5828 (ιιιεεξ⁸
2640 5766 2795 5828 Ξιθοινὶο
2829 5777 2928 5828 ηοιι
2972 5758 3267 5823 spernénda,
3295 5769 3337 5811 te
3359 5761 3541 5828 ‘morbo
3579 5758 3887 5828 lqbej'agiens.

2232 5837 2253 5873 ε
2280 5820 2376 5885 Sidi,
2399 5820 2692 5881 cum-mdd”
2718 5827 2953 5876 Commel.
2997 5835 3051 5875 et
3077 5820 3263 5886 δεγίιά
3276 5826 3575 5885 scripsimus.
3607 5820 3889 5881 chvbalur

2235 5890 2568 5953 ἐκστρατεύων.
2620 5887 2754 5938 lion.
