3948 6482
86 348 179 403 895

83 463 209 515 ritus
237 460 473 531 quidem,
505 459 602 515 sed
630 468 806 515 tamen
831 469 1151 530 cooperatur
1170 502 1187 530 ,
1212 460 1341 517 dum
1372 463 1651 519 continen-

82 552 258 605 tiorem
292 551 469 607 reddit
503 566 627 608 eum
652 566 812 621 quem
841 559 1066 622 occupat
1093 568 1109 606 :
1156 563 1432 624 peccatum
1459 568 1591 610 vero
1619 569 1652 610 e

80 657 231 711 regno
255 641 421 711 ejicit.

138 755 193 808 4.
222 753 428 807 Habere
453 762 717 825 peccatum
744 770 893 823 quam
918 753 1098 808 habere
1140 754 1417 809 daemonem
1445 756 1653 827 gravius

83 857 167 902 est.
192 877 263 887 —
287 848 360 903 At
392 848 529 902 forte
557 848 701 902 dicet
740 847 1001 917 quispiam
1046 865 1059 901 :
1093 847 1244 901 Absit
1269 889 1284 914 ,
1314 858 1372 902 ut
1397 849 1476 903 sic
1501 863 1650 904 asse-

82 955 204 1010 quar
232 940 641 994 continentiam.
674 938 854 1009 Neque
883 954 982 1008 ego
1009 938 1189 1005 velim,
1233 939 1327 994 sed
1356 940 1463 994 alio
1494 940 1652 995 modo

82 1040 127 1083 ut
154 1030 340 1084 omnia
374 1030 537 1084 facias
565 1044 630 1084 cx
655 1044 840 1085 amore
865 1029 1085 1084 Christi.
1114 1030 1168 1084 Si
1198 1045 1327 1085 vero
1358 1035 1479 1096 hoc,
1508 1031 1650 1101 quod

77 1122 222 1187 absit,
255 1123 533 1192 contingat
565 1162 579 1185 ,
608 1136 706 1190 pro
732 1121 831 1176 hoc
860 1130 942 1175 est
966 1121 1246 1177 orandum.
1273 1121 1329 1177 Si
1357 1123 1515 1193 igitur
1540 1122 1651 1178 da:-

77 1226 186 1264 mon
221 1227 331 1265 non
364 1212 525 1280 ejicit,
553 1220 827 1281 peccatum
855 1226 982 1264 vero
1007 1212 1174 1279 ejicit,
1201 1211 1268 1264 ab
1298 1211 1397 1267 hoc
1428 1213 1649 1268 liberari

78 1303 235 1371 majus
280 1312 369 1356 est
398 1303 736 1356 beneficium.
770 1303 907 1371 Ergo
952 1302 1019 1355 ab
1046 1302 1147 1356 hoc
1176 1303 1472 1372 proximum
1514 1304 1650 1359 libe—

77 1396 165 1447 rari
192 1410 472 1459 curemus,
496 1402 548 1447 et
575 1403 695 1447 ante
717 1394 1042 1462 proximum,
1063 1408 1159 1447 nos
1192 1392 1650 1463 ipsos.Videamus

76 1502 127 1540 ne
160 1486 473 1540 daemonem
527 1486 813 1539 habeamus
834 1528 847 1549 ,
880 1486 1158 1554 diligenter
1204 1501 1303 1539 nos
1341 1488 1483 1555 ipsos
1511 1501 1646 1540 exa-

76 1578 358 1630 ntittemus.
393 1579 641 1631 Dazmoue
670 1580 889 1646 gravius
918 1588 999 1631 est
1028 1587 1302 1647 peccatum
1329 1592 1345 1643 ;
1381 1578 1470 1633 ille
1499 1594 1650 1632 nam-

71 1685 158 1738 que
217 1668 458 1724 humiles
510 1669 712 1723 reddit.
771 1672 961 1724 Annon
1016 1670 1208 1723 videtis
1247 1670 1646 1735 daemoniacos,

71 1763 274 1833 quando
298 1779 331 1816 a
359 1763 544 1816 morbo
562 1772 891 1821 recreantur.
916 1778 1073 1832 quam
1097 1763 1202 1817 sint
1222 1763 1464 1831 demissi,
1488 1779 1647 1835 quam

71 1854 285 1907 mtesti?
315 1854 589 1923 quomodo
624 1854 801 1907 vultus
847 1854 1049 1923 pudore
1102 1854 1458 1920 suffundatur,
1514 1870 1650 1925 quo-

70 1948 215 2001 modo
247 1963 357 2001 non
388 1948 562 2000 ausint
592 1947 839 2002 obtueri?
866 1946 997 2002 Vide
1024 1947 1402 2002 absurditatem
1436 1964 1450 1999 :
1483 1947 1559 2002 illi
1582 1947 1650 2002 de

68 2042 119 2095 iis
144 2056 273 2109 qua:
318 2041 598 2108 patiuntur
644 2040 1011 2103 erubescunt,
1043 2055 1142 2093 nos
1185 2039 1252 2094 de
1282 2040 1414 2093 actis
1450 2037 1649 2094 nostris

67 2148 156 2184 non
184 2132 571 2185 erubescimus
616 2147 631 2183 :
660 2130 735 2184 illi
782 2130 976 2199 injuria
1007 2129 1183 2185 affecti
1225 2139 1480 2185 verentur
1504 2172 1520 2197 ,
1550 2145 1648 2185 nos

65 2223 252 2290 injuria
279 2222 581 2275 allicientes
610 2235 716 2275 non
740 2236 1009 2276 veremur.
1039 2221 1199 2290 Atqui
1228 2221 1440 2275 illorum
1471 2232 1645 2278 status

67 2330 155 2365 non
183 2314 410 2382 pudore
439 2313 651 2380 dignus,
683 2311 778 2366 sed
805 2311 1170 2366 misericordia
1198 2320 1252 2366 et
1288 2311 1644 2379 humanitate,

68 2406 199 2460 venia
230 2447 251 2471 ,
308 2404 666 2459 admiratione
715 2419 941 2474 magna,
996 2405 1288 2460 innumeris
1356 2405 1643 2473 laudibus,

64 2497 274 2566 quando
304 2512 432 2551 cum
478 2496 567 2550 tali
609 2495 855 2551 daemone
880 2505 1251 2552 concertantes
1273 2536 1289 2564 ,
1320 2497 1496 2552 omnia
1525 2513 1645 2552 cum

62 2592 354 2659 gratiarum
389 2588 598 2642 actione
625 2587 893 2656 patiuntur
922 2604 935 2641 :
967 2594 1148 2641 nostra
1187 2601 1317 2641 vero
1342 2586 1497 2656 digna
1521 2594 1647 2641 sunt

66 2684 178 2743 risu,
210 2681 451 2750 pudore,
482 2680 842 2744 accusatione,
860 2678 1156 2749 supplicio,
1185 2693 1362 2747 ptena,
1392 2678 1647 2733 extremis

66 2775 230 2838 malis,
289 2775 569 2841 gehenna,
625 2772 873 2841 nullaque
915 2770 1091 2825 venia.
1143 2769 1326 2825 Viden‘
1369 2779 1646 2841 peccatum

63 2866 296 2919 da-tnonc
343 2865 587 2918 deterius
632 2864 789 2918 esse?
838 2864 904 2917 Et
942 2863 1018 2916 illi
1050 2862 1265 2932 quidem
1295 2877 1363 2918 ex
1393 2863 1457 2917 iis
1481 2904 1498 2929 ,
1526 2879 1646 2934 quae

68 2960 285 3024 graviter
324 2958 607 3026 patiuntur
638 2996 652 3018 ,
686 2955 880 3024 duplex
909 2955 1114 3009 lucrum
1142 2963 1454 3024 reportant:
1482 2970 1644 3009 unum

68 3049 199 3116 quod
228 3049 644 3114 temperatiores
669 3047 775 3100 sint
800 3056 852 3099 et
875 3045 1040 3115 magis
1068 3044 1387 3116 philosophi,
1419 3045 1643 3100 alterum

77 3142 232 3208 quod.
257 3156 373 3192 cum
422 3140 511 3192 hic
543 3150 882 3207 peccatorum
928 3152 1111 3207 ptenas
1138 3138 1400 3199 dederint,
1430 3138 1549 3209 puri
1577 3138 1644 3193 ad

80 3230 339 3283 Dmninum
368 3231 625 3299 migrent.
656 3228 785 3283 Nam
820 3229 919 3282 hac
946 3228 1013 3283 de
1040 3244 1098 3283 re
1128 3243 1269 3298 saepe
1298 3228 1646 3284 disseruimus

78 3326 498 3387 etosteodimus,
525 3338 618 3376 eos
638 3322 727 3391 qui
757 3322 842 3375 hic
871 3321 1161 3391 puniuntur
1187 3361 1201 3386 ,
1231 3321 1274 3376 si
1304 3320 1533 3391 benigne
1561 3322 1644 3376 fe-

66 3427 212 3479 rant,
270 3432 528 3486 magnam
580 3424 915 3483 peccatorum
970 3414 1232 3471 sarcinam
1288 3414 1647 3469 verisitniliter

58 3507 349 3574 deponere.
388 3509 435 3560 A
467 3508 699 3574 peccatis
724 3516 899 3559 autem
926 3504 1153 3574 duplicia
1187 3507 1321 3558 mala
1350 3507 1603 3560 eveniunt
1629 3524 1643 3562 :

54 3616 215 3652 unum
274 3598 430 3668 quod
481 3598 833 3661 offendamus,
885 3598 1109 3650 alterum
1159 3596 1300 3666 quod
1352 3597 1646 3652 deteriores

52 3694 379 3744 evadamus.
422 3689 691 3742 Attendite
730 3688 905 3741 dictis.
950 3686 1065 3740 Non
1092 3686 1144 3740 in
1191 3686 1291 3740 hoc
1322 3696 1525 3741 tantum
1556 3688 1646 3742 lte-

47 3786 225 3835 dtmur
271 3799 302 3834 a
359 3789 607 3849 peccato,
657 3778 797 3847 quod
844 3792 1160 3847 peccemus;
1210 3775 1300 3830 sed
1331 3788 1384 3830 et
1427 3778 1478 3830 in
1517 3774 1675 3842 alio,‘

45 3878 182 3939 quod
213 3876 413 3927 anima
448 3873 682 3927 habitum
730 3871 1008 3931 admittat;
1038 3871 1174 3923 sicut
1216 3880 1271 3923 et
1296 3870 1346 3922 in
1373 3884 1599 3939 corpore
1628 3886 1641 3921 :

40 3969 240 4020 rlarius
275 3967 436 4020 enim
481 3964 582 4018 erit
629 3962 750 4016 inde
779 3971 1046 4030 sumptum
1092 3963 1414 4031 exemplum.
1445 3962 1643 4027 Quem-

33 4059 344 4111 admodum
396 4058 539 4109 enim
580 4054 884 4107 febricitans
927 4068 1032 4105 non
1079 4054 1130 4105 in
1160 4053 1261 4105 hoc
1294 4053 1466 4105 solum
1499 4052 1645 4105 laedi-

34 4161 139 4207 tur,
187 4150 350 4217 quod
395 4147 711 4207 infirmetttr,
741 4144 835 4198 scd
869 4145 1028 4198 etiam
1057 4144 1196 4213 quod
1245 4152 1361 4211 post
1403 4145 1645 4197 morbum

28 4252 95 4291 sit
132 4241 455 4303 infirmior,
482 4236 694 4292 etiamsi
735 4251 799 4289 ex
836 4236 1088 4289 diuturno
1132 4237 1318 4289 morbo
1360 4238 1410 4290 in
1450 4237 1646 4291 bonam

28 4332 430 4384 valetudinem
472 4327 694 4381 redeat:
727 4332 805 4380 sic
832 4334 887 4380 et
908 4326 976 4380 de
1007 4335 1224 4394 peccato
1248 4326 1551 4391 dicendum,
1585 4326 1650 4379 li-

21 4436 107 4477 cet
137 4437 453 4483 sanentur,
485 4421 660 4473 adhuc
688 4430 865 4473 tamen
888 4434 1106 4488 egemus
1153 4420 1481 4474 fortitudine.
1514 4419 1648 4476 Vide

24 4531 274 4583 namque
308 4512 455 4567 mihi
496 4510 839 4580 quempiam,
869 4511 958 4578 qui
1000 4511 1322 4564 contumelia
1364 4511 1639 4576 affecerit,

18 4622 121 4659 nec
159 4619 381 4673 poenas
410 4602 622 4657 dederit
657 4620 670 4655 :
700 4617 805 4655 non
833 4601 955 4656 ideo
979 4603 1149 4655 solum
1175 4602 1456 4673 lacrymari
1481 4602 1645 4673 opOr-

18 4709 117 4763 tet,
152 4697 322 4766 quod
357 4695 707 4749 contumelia:
740 4708 923 4763 pmnas
948 4709 1055 4747 non
1081 4693 1329 4748 dederit?
1358 4695 1463 4749 Sed
1488 4696 1647 4749 etiam

16 4790 120 4841 alia
162 4792 242 4842 de
304 4800 489 4841 causa
523 4784 831 4854 lugendum.
881 4785 1096 4850 Quare?
1126 4785 1256 4852 Quia
1293 4786 1649 4853 impndentior

12 4880 263 4932 effectus
312 4884 418 4931 est
454 4875 683 4928 animus.
728 4875 1065 4945 Singulorum
1095 4878 1236 4929 enim
1268 4887 1604 4945 peccatorum
1629 4918 1645 4944 ,

8 4984 333 5043 postquam
383 4968 644 5022 delictum
693 4978 1078 5037 peractum‘est
1116 4982 1169 5023 et
1210 4970 1474 5036 cessavit,
1507 4971 1649 5026 virus

8 5063 315 5128 quoddam
361 5059 427 5113 in
459 5058 633 5112 anima
662 5058 933 5113 inseritur.
964 5057 1078 5112 Non
1107 5059 1256 5112 audis
1288 5060 1546 5129 quosdam
1570 5059 1650 5114 di-

3 5167 233 5219 centes,
276 5159 594 5221 postquam
635 5163 663 5201 a
697 5149 886 5203 ntorbo
917 5151 1141 5203 recreati
1171 5160 1296 5203 sunt
1323 5169 1336 5204 :
1368 5149 1482 5204 Non
1514 5151 1650 5205 ultra

5 5248 183 5297 ausim
222 5256 463 5310 aquam
495 5240 720 5306 bibere;
752 5240 873 5293 licet
899 5241 1013 5293 Sani
1044 5240 1186 5294 sint?
1214 5240 1305 5295 sed
1347 5243 1562 5295 morbus
1596 5243 1649 5297 in

4 5338 107 5389 huc
149 5338 356 5390 etiam
415 5331 575 5383 laesit.
606 5329 672 5384 Et
722 5330 796 5384 illi
825 5329 1037 5399 quidem
1082 5330 1220 5384 mala
1267 5333 1427 5400 passi,
1454 5334 1651 5402 gratias

2 5438 214 5495 agunt;
276 5437 416 5479 nos
455 5431 635 5477 autem
668 5421 794 5475 dum
840 5421 976 5476 bene
1007 5422 1284 5488 habemus,
1333 5424 1497 5477 Deum
1538 5424 1652 5477 bla-

2 5521 443 5589 sphemamus,
472 5523 525 5568 et
568 5528 710 5583 aegre
739 5512 957 5567 ferimus
992 5530 1005 5567 :
1034 5513 1212 5581 plures
1239 5514 1380 5568 enim
1413 5516 1653 5570 invenias

0 5616 52 5663 in
90 5612 377 5666 sanitate
424 5620 487 5659 ac
514 5605 720 5659 divitiis
748 5603 849 5659 hoc
877 5614 1129 5675 agentes,
1159 5620 1316 5674 quam
1347 5606 1396 5659 in
1426 5621 1653 5675 pauper-

0 5712 115 5759 tate
138 5711 204 5758 et
236 5697 614 5755 inﬁmitate.
636 5695 804 5750 Instat
832 5698 971 5749 enim
999 5697 1205 5751 daemon
1241 5698 1387 5768 quasi
1409 5700 1648 5754 carnifex

0 5800 201 5853 iniens
252 5790 473 5846 minas
501 5788 796 5854 intentans,
828 5788 963 5842 sicut
988 5788 1200 5857 quidam
1233 5788 1547 5861 paedagogus
1575 5792 1653 5848 lo.

1055 346 1123 402 lN
1159 346 1334 404 ACTA
1366 348 1878 408 APOSTOLORUM.
1923 352 2150 409 HOMIL.
2191 353 2324 410 XLI.

3238 366 3340 424 294

1761 481 1879 520 rum
1916 469 2145 538 erigens,
2191 478 2244 523 et
2266 483 2529 541 nusquam
2556 470 2846 530 deflectere
2873 475 3077 532 sinens.
3105 476 3257 545 Quod
3297 482 3343 537 si

1760 557 1851 627 qui
1873 574 1940 614 ne
1963 560 2033 615 ita
2064 560 2277 631 quidem
2316 564 2546 633 sapiant,
2590 581 2698 620 non
2725 566 2852 622 dant
2884 570 2959 623 illi
2988 586 3193 640 poenas.
3224 572 3340 630 Non

1765 664 1952 718 parum
1983 661 2161 706 autem
2192 653 2294 708 hoc
2333 663 2435 709 est.
2471 655 2536 711 Ut
2561 658 2702 711 enim
2731 660 2899 726 stulti,
2930 671 2985 715 ut
3026 663 3237 731 furiosi,
3281 676 3341 721 ut

1761 742 1915 809 pueri
1966 757 2070 796 non
2117 743 2247 797 dant
2294 760 2477 813 poenas
2498 787 2512 809 ,
2544 748 2621 802 sic
2652 765 2827 819 neque
2856 751 2907 804 hi
2942 769 2955 805 :
2985 768 3168 808 eorum
3196 757 3339 810 enim

1760 846 1879 900 quae
1907 832 2197 888 inscienter
2236 844 2352 889 acta
2382 847 2545 904 sunt,
2578 854 2737 893 nemo
2769 850 2872 894 tam
2906 843 3138 898 crudelis
3168 856 3250 899 est
3280 856 3339 900 ut

1760 935 1945 991 punias
1973 933 2198 992 repetat.
2228 926 2367 994 Ergo
2396 939 2679 995 peccantes
2707 932 2873 987 multo
2899 933 3133 989 deterius
3163 935 3337 991 affecti

1759 1028 1942 1068 sumus
1987 1030 2147 1084 quam
2189 1016 2527 1075 daemoniaci.
2576 1021 2680 1076 Sed
2713 1040 2817 1079 non
2863 1042 3206 1096 spumamus,
3240 1048 3339 1086 nec

1759 1104 1986 1173 pupillas
2008 1105 2405 1176 distorqttemus
2424 1110 2504 1163 vel
2533 1114 2765 1167 manus?
2793 1115 2999 1171 Utinam
3024 1118 3126 1174 hoc
3152 1121 3203 1175 in
3221 1136 3335 1177 cor-

1757 1209 1888 1264 pore
1933 1206 2271 1265 pateremur,
2307 1214 2410 1254 non
2453 1200 2504 1255 in
2554 1204 2727 1257 anima
2758 1205 2882 1260 lVis
2929 1210 3022 1263 tibi
3054 1213 3332 1267 ostendam

1755 1285 1984 1338 animam
2032 1298 2388 1356 spumantem,
2438 1291 2723 1361 impuram,
2750 1306 2803 1350 et
2850 1298 3107 1355 distortos
3152 1305 3338 1359 oculos

1755 1376 1986 1430 mentis?
2026 1377 2209 1447 Cogita
2237 1380 2400 1434 iratos
2441 1392 2494 1436 et
2540 1386 2719 1440 furore
2761 1388 2961 1452 ebrios,
2997 1408 3099 1460 qua
3149 1409 3335 1464 spuma

1756 1484 1860 1521 non
1914 1470 2263 1525 immundiora
2313 1474 2584 1542 proferunt
2628 1479 2825 1532 verba?
2882 1483 3127 1539 Profecto
3177 1490 3328 1555 quasi

1756 1557 1998 1613 ftetidum
2043 1572 2254 1631 sputum
2292 1566 2560 1620 emittunt.
2604 1568 2669 1622 Et
2717 1570 2853 1624 sicut
2904 1572 2974 1627 illi
3019 1577 3222 1630 nullum
3270 1594 3336 1632 ex

1756 1656 2109 1722 praesentibus
2136 1669 2355 1727 norunt,
2389 1662 2465 1717 sic
2496 1678 2668 1733 neque
2696 1666 2769 1720 hi.
2800 1668 3158 1726 Obtenebrata
3185 1675 3328 1729 enim

1756 1744 1969 1798 illorum
2004 1757 2183 1803 mente
2209 1758 2262 1803 et
2289 1750 2526 1807 distortis
2553 1756 2724 1810 oculis
2748 1800 2763 1824 ,
2792 1776 2895 1814 non
2928 1765 3154 1818 amicum
3181 1808 3194 1830 ,
3228 1783 3334 1821 non

1755 1834 2050 1903 inimicum,
2084 1854 2191 1893 non
2222 1844 2581 1899 venerabilem
2613 1890 2627 1913 ,
2661 1864 2761 1902 non
2791 1851 3210 1925 despiciendum,
3241 1860 3333 1912 sed

1755 1941 1942 1981 omnes
1972 1944 2077 1981 uno
2122 1930 2316 1986 intuitu
2343 1945 2588 1990 cernunt.
2617 1938 2730 1993 Non
2763 1942 2913 1996 vides
2955 1945 3052 1999 hos
3101 1956 3333 2004 tremere

1753 2018 1890 2072 sicut
1919 2020 2042 2075 illos
2065 2020 2208 2077 ‘ISed
2233 2039 2337 2079 non
2367 2028 2562 2082 cadunt
2581 2030 2631 2083 in
2663 2041 2857 2087 terram
2881 2035 2903 2088 ?
2934 2035 3127 2091 Verunt
3154 2040 3332 2097 anima

1754 2126 1941 2165 eorum
1991 2112 2135 2167 humi
2170 2115 2314 2184 jacet
2341 2127 2395 2172 et
2419 2121 2560 2174 cadit
2590 2123 2854 2191 palpitans
2889 2148 2901 2182 :
2932 2130 2974 2182 si
3016 2132 3156 2185 enim
3190 2143 3333 2189 recta

1752 2209 1937 2264 staret,
1969 2218 2072 2256 non
2103 2216 2374 2274 pateretur
2395 2210 2481 2264 illa
2509 2228 2625 2280 quae
2656 2216 2872 2281 patitur.
2910 2224 3101 2275 Annon
3140 2224 3327 2279 viden-

1754 2299 1839 2346 tur
1889 2293 1979 2347 tibi
2012 2295 2232 2364 abjectze
2263 2313 2384 2353 esse
2424 2302 2614 2356 animae
2637 2346 2652 2370 ,
2681 2320 2797 2374 qua:
2827 2308 3149 2378 vigilantiam
3182 2330 3331 2370 suam

1752 2383 2060 2452 perdiderit,
2089 2402 2151 2441 ea
2179 2402 2296 2457 qua:
2325 2390 2399 2444 illi
2425 2391 2608 2447 dicunt
2638 2405 2690 2448 et
2720 2395 2921 2451 faciunt
2947 2402 3127 2456 animo
3154 2404 3332 2459 ebrii?

1751 2475 1847 2529 Est
1895 2485 1949 2531 et
1996 2477 2139 2532 aliud
2180 2479 2372 2535 furoris
2419 2498 2587 2553 genus
2639 2484 2741 2541 hoc
2774 2490 3005 2557 gravius.
3054 2494 3330 2559 Quodnam

1752 2566 1881 2621 illud
1902 2568 1925 2621 ?
1946 2568 2168 2636 Quando
2186 2586 2359 2641 neque
2381 2575 2513 2628 iram
2536 2578 2731 2632 remitti
2762 2582 3046 2649 sustinent,
3072 2586 3162 2639 sed
3191 2588 3329 2655 apud

1751 2672 1811 2712 se
1836 2658 2021 2727 alunt,
2049 2663 2197 2731 quasi
2230 2663 2589 2721 domesticum
2617 2670 2921 2726 carnificem
2957 2674 3246 2731 ulciscendi
3272 2693 3332 2733 se

1752 2752 2113 2820 cupiditatem.
2169 2756 2295 2811 lllos
2338 2759 2479 2813 enim
2531 2763 2731 2829 primos
2784 2765 2897 2819 haec
2943 2767 3206 2836 cupiditas
3244 2770 3330 2826 hic

1751 2846 1945 2916 perdit,
2027 2858 2085 2903 ut
2125 2850 2298 2905 futura
2344 2865 2679 2922 praeteream.
2710 2856 2840 2910 Nam
2871 2873 3124 2926 quantum
3174 2872 3327 2931 putas

1750 2956 1872 2997 esse
1927 2953 2245 3000 tormentum
2294 2946 2524 3002 hominis
2574 2953 2751 3004 animo
2806 2954 3057 3020 perculsi,
3107 2956 3329 3027 singulis

1750 3032 1940 3088 diebus
1967 3035 2278 3091 meditantis
2304 3080 2319 3106 ,
2348 3054 2457 3108 quo
2487 3049 2642 3108 pacto
2672 3042 2946 3097 inimicum
2996 3045 3327 3105 ulciscatur?

1751 3122 1933 3179 Primo
1992 3126 2228 3195 seipsum
2274 3130 2445 3197 pttttit,
2502 3140 2557 3185 et
2605 3131 2843 3186 inflatum
2890 3134 3089 3204 plectit,
3146 3149 3330 3196 contra

1750 3216 1983 3287 seipsum
2009 3233 2243 3288 pugnans
2264 3228 2318 3273 et
2341 3221 2607 3277 incensus.
2633 3223 2860 3279 Necesse
2881 3229 3021 3282 enim
3043 3238 3127 3284 est
3152 3232 3326 3301 ignem

1750 3323 1963 3379 semper
2008 3311 2059 3363 in
2110 3321 2160 3365 te
2185 3312 2374 3367 ardere
2408 3330 2421 3367 :
2456 3323 2511 3368 et
2540 3314 2727 3369 febrim
2761 3326 2962 3372 tantum
3012 3321 3325 3387 intendens,

1750 3412 1856 3451 non
1887 3399 2019 3453 sinis
2040 3400 2371 3469 decrescere,
2395 3413 2656 3475 putasque
2686 3416 2737 3461 te
2766 3408 2837 3461 illi
2868 3410 3063 3465 malum
3092 3413 3325 3481 inferre;

1751 3488 1865 3558 ipse
1894 3506 2020 3544 vero
2052 3492 2279 3561 teipsum
2309 3493 2578 3561 tabefacis,
2610 3496 2876 3553 flammam
2903 3516 3117 3572 semper
3146 3506 3328 3575 vigen-

1751 3589 1857 3634 tem
1881 3591 2114 3652 gestans,
2139 3599 2239 3640 nec
2265 3585 2449 3641 sitiens
2484 3589 2713 3644 animam
2743 3594 3039 3661 quiescere,
3077 3598 3169 3652 sed
3197 3598 3328 3654 effc-

1751 3683 1899 3728 ratus
1924 3668 2155 3743 semper,
2179 3683 2233 3730 et
2257 3676 2309 3730 in
2335 3679 2737 3746 perturbatione
2756 3690 2813 3738 et
2832 3694 3147 3757 tempestate
3176 3704 3329 3745 mett-

1752 3773 1857 3819 tem
1898 3765 2157 3823 retinens.

1821 3856 1875 3911 5.
1908 3858 2044 3924 Quid
2084 3858 2183 3914 hoc
2210 3860 2387 3917 furore
2415 3861 2669 3931 deterius,
2693 3880 2903 3936 semper
2924 3869 2989 3923 ita
3012 3871 3215 3937 dolere,
3246 3873 3327 3927 in-

1751 3946 1888 4015 ﬂari,
1912 3950 2137 4006 ardere?
2161 3952 2315 4007 Tales
2339 3955 2480 4009 enim
2505 3968 2623 4011 sunt
2646 3959 2927 4014 vindictam
2956 3964 3321 4021 meditantium

1751 4042 1942 4096 anima:
1970 4060 1983 4096 :
2015 4044 2103 4098 ubi
2132 4044 2359 4100 viderint
2383 4063 2526 4113 eum,
2560 4066 2718 4118 quem
2746 4053 2924 4107 ulcisci
2952 4056 3191 4125 cupiunt,
3219 4070 3328 4113 sta-

1753 4134 1848 4187 tim
1877 4137 2244 4203 concitantur;
2287 4139 2331 4194 si
2361 4156 2545 4195 vocem
2574 4143 2859 4211 audierint,
2893 4147 3163 4215 decidunt,
3213 4160 3322 4206 tre-

1751 4234 1940 4291 munt;
1981 4228 2026 4281 si
2071 4228 2123 4281 in
2155 4229 2293 4284 lecto
2316 4230 2652 4299 decumbant,
2695 4236 2841 4291 mille
2886 4239 2984 4292 sibi
3032 4241 3325 4313 depingunt

1753 4318 1971 4373 ultionis
1998 4335 2213 4389 genera,
2244 4325 2653 4393 suspendentes,
2696 4337 3005 4399 torquentes
3049 4335 3321 4393 inimicmn

1753 4407 1900 4463 illum
1930 4426 1943 4461 :
1974 4411 2040 4464 ad
2072 4410 2206 4476 hzec,
2236 4414 2281 4468 si
2313 4415 2458 4469 illum
2490 4416 2691 4472 clarum
2719 4430 2772 4475 et
2800 4424 3143 4487 conspicuum
3173 4430 3325 4485 vide-

1754 4501 1881 4566 rint,
1916 4518 2086 4572 papm,
2115 4514 2370 4575 quantum
2398 4510 2712 4577 supplicium
2742 4513 2755 4565 Ξ
2793 4513 3007 4571 Dimitte
3034 4517 3106 4570 illi
3141 4536 3329 4587 pecca-

1755 4600 1889 4659 tum,
1921 4602 2078 4663 teque
2104 4611 2133 4647 a
2166 4605 2429 4651 tormento
2465 4600 2658 4656 exime.
2690 4600 2797 4656 Cur
2824 4620 3038 4675 semper
3064 4611 3327 4666 cruciatus

1755 4700 2082 4754 perseveras,
2115 4698 2171 4742 ut
2196 4689 2341 4744 illum
2370 4694 2533 4748 semel
2565 4696 2834 4751 ulciscaris
2856 4708 2910 4753 et
2950 4704 3169 4769 punias?
3199 4708 3323 4774 quid

1757 4793 1911 4847 paras
1936 4779 2028 4834 tibi
2056 4780 2318 4837 hecticum
2348 4786 2632 4840 morbum?
2657 4803 2752 4841 cur
2771 4790 3003 4845 animum
3032 4801 3176 4847 tuum
3199 4797 3328 4852 libe-

1755 4870 1862 4924 rari
1900 4872 2167 4928 volentem
2196 4874 2448 4931 detines?
2496 4878 2574 4933 Ne
2612 4895 2777 4949 usque
2807 4883 2870 4935 ad
2901 4899 3177 4953 vesperam
3218 4906 3330 4942 ma-

1757 4970 1901 5025 neat,
1935 4963 2105 5033 inquit
2146 4966 2337 5020 Paulus
2369 4967 2576 5037 (Ep/tes.
2610 4970 2663 5023 4.
2693 4970 2803 5041 26).
2838 4971 2983 5027 Sicut
3010 4977 3151 5030 enim
3184 4980 3330 5035 tabes

1755 5054 1998 5123 quaedam
2028 5064 2083 5110 et
2122 5057 2282 5122 tinea,
2329 5060 2405 5113 sic
2436 5061 2628 5115 mentis
2658 5072 2853 5115 nostra:
2894 5065 3126 5121 radicem
3170 5071 3326 5125 rodit.

1757 5146 1865 5201 Cur
1894 5147 2058 5202 feram
2097 5148 2325 5204 includis
2371 5151 2421 5204 itt
2468 5152 2762 5206 visceribus
2794 5156 2943 5209 tuis?
2973 5158 3158 5213 Melius
3186 5176 3330 5218 esset

1756 5250 2057 5309 serpentem
2105 5250 2157 5295 et
2188 5242 2422 5308 viperam
2469 5243 2518 5295 in
2562 5244 2722 5297 corde
2758 5260 2896 5311 esse,
2926 5265 3085 5317 quam
3117 5253 3248 5308 iram
3276 5265 3329 5310 et

1758 5332 2043 5385 ulciscendi
2075 5332 2415 5401 cupiditatem
2447 5351 2458 5384 :
2490 5348 2608 5386 nam
2634 5335 2717 5388 illa
2746 5338 2949 5404 reptilia
2973 5343 3148 5396 statim
3179 5360 3207 5399 a
3233 5363 3326 5399 no-

1758 5424 1840 5477 bis
1864 5423 2243 5487 abscederent;
2273 5423 2387 5477 haec
2413 5432 2588 5477 autem
2630 5440 2842 5495 semper
2876 5441 3073 5495 manet,
3117 5449 3331 5501 senqer

1760 5516 2009 5571 dentibus
2040 5517 2221 5580 laniat,
2264 5517 2408 5571 virus
2458 5517 2711 5583 immittit,
2744 5522 3084 5577 molestarnm
3124 5528 3328 5595 cogita-

1759 5611 1960 5663 tionnm
1990 5610 2279 5664 exercitum
2308 5609 2569 5679 producit.
2598 5613 2668 5666 At
2692 5614 2804 5668 lucc
2824 5612 2980 5682 facio,
3012 5618 3235 5685 inquies,
3265 5636 3330 5675 nc

1760 5718 1846 5755 tne
1871 5701 2062 5765 rideat,
2094 5716 2160 5755 ne
2204 5712 2530 5756 contemnat.
2559 5702 2719 5759 Miser
2746 5706 2902 5758 homo
2931 5719 2984 5762 et
3004 5726 3324 5771 :ernmuuse,

1760 5810 1863 5848 non
1891 5809 1965 5845 vts
1988 5808 2017 5846 a
2045 5806 2301 5847 conservo
2328 5793 2558 5864 irrideri,
2582 5794 2675 5852 scd
2697 5796 2818 5851 odio
2843 5797 3025 5853 haberi
3050 5819 3073 5851 ιι
3107 5802 3144 5854 υ
3186 5807 3327 5858 mino
