3948 6504
617 374 727 430 295

621 498 711 541 tuo
740 484 798 538 ⁸1
828 496 930 536 non
962 480 1042 536 vis
1067 479 1267 548 despici
1293 494 1324 531 a
1353 493 1637 536 conservo,
1670 476 1761 529 sed
1794 475 2075 528 Dominum
2097 472 2192 528 de-

617 573 1038 647 spicishlespici
1079 570 1147 624 ab
1191 570 1282 623 illo
1319 584 1422 621 non
1463 567 1682 636 pateris,
1727 567 1997 632 Deumque
2040 574 2193 633 putas

619 683 728 723 non
773 665 1056 733 indignari,
1093 661 1238 730 quod
1291 659 1464 728 ipsum
1509 657 1776 724 derideas,
1825 656 1965 726 quod
2020 656 2191 724 ipsum

617 773 860 828 spernas,
889 755 1014 808 dum
1044 767 1147 806 non
1182 751 1259 804 vis
1290 749 1387 819 ipsi
1407 747 1813 816 obtemperare?
1841 745 1992 813 Quod
2016 753 2192 798 autem

619 851 707 905 ille
734 864 838 903 non
869 857 921 901 te
950 844 1226 906 deridebit,
1262 842 1386 895 hinc
1414 838 1755 895 manifestum
1789 848 1890 893 est.
1939 837 1993 891 Si
2023 844 2077 891 te
2110 834 2193 889 ul-

618 940 855 1000 ciscaris,
879 938 1003 989 hinc
1020 948 1243 1002 magnus
1264 932 1422 995 risus,
1446 945 1665 999 magnus
1682 936 2015 996 contemptus
2034 943 2049 987 ;
2071 942 2193 981 nam

619 1027 1066 1101 pusillanitnitatis
1094 1034 1176 1080 est
1205 1038 1339 1091 opus
1369 1039 1382 1074 :
1413 1024 1456 1075 si
1484 1036 1612 1075 vero
1633 1020 1921 1079 dimiseris.
1946 1031 2193 1085 magnum

618 1123 969 1181 miraculum;
1006 1114 1454 1186 magnanimitatis
1483 1113 1625 1166 enim
1668 1110 1771 1164 hoc
1816 1123 1950 1178 opus
1977 1118 2079 1163 est.
2127 1110 2197 1161 At

618 1215 731 1277 ille,
762 1210 988 1278 inquies.
1024 1207 1075 1261 id
1105 1208 1332 1274 ignorat.
1364 1203 1508 1259 Sciat
1539 1202 1697 1263 Deus,
1723 1210 1780 1253 ut
1812 1198 2067 1267 majorem
2098 1196 2195 1250 ha-

619 1303 747 1357 beas
772 1298 1094 1354 mercedem.
1121 1297 1175 1351 lu
1210 1297 1382 1350 lienus
1422 1293 1563 1357 date,
1597 1291 1784 1359 inquit,
1817 1290 1903 1353 iis,
1946 1304 1976 1343 a
2006 1289 2197 1356 quibus

620 1394 751 1448 nihil
792 1395 1035 1463 accipere
1077 1389 1304 1460 speratis
1334 1386 1482 1461 (Luc.
1516 1385 1743 1454 14.14).
1803 1383 1893 1437 Sic
1939 1381 2196 1436 beneﬁcia

622 1495 935 1556 prmstemus
978 1483 1062 1547 iis,
1094 1480 1183 1551 qui
1231 1494 1337 1534 non
1379 1478 1616 1532 sentiunt
1645 1490 1703 1529 se
1731 1472 2006 1528 beneficiis
2032 1470 2194 1537 afﬁci,

622 1588 680 1632 ut
708 1594 774 1632 ue
802 1579 883 1631 vel
912 1574 1120 1630 laudem
1148 1572 1229 1626 vel
1251 1570 1449 1641 aliquid
1471 1569 1613 1622 aliud
1642 1567 1795 1622 nobis
1816 1565 2194 1636 rependentes,

622 1668 921 1724 mercedem
950 1666 1101 1719 nobis
1132 1664 1389 1717 minuant.
1424 1658 1558 1715 Cum
1588 1659 1728 1712 enim
1761 1657 1890 1711 nihil
1917 1656 1984 1709 ab
2021 1654 2197 1709 homi-

625 1761 781 1815 nibus
802 1758 1113 1827 accipimus,
1137 1765 1266 1809 tunc
1282 1752 1483 1822 majora
1509 1767 1538 1803 a
1565 1751 1674 1805 Deo
1696 1749 2036 1817 accipiemus.
2060 1744 2198 1813 Quid

623 1863 800 1907 autem
830 1852 936 1904 risu
968 1849 1198 1916 dignius,
1226 1844 1352 1915 qttid
1382 1843 1620 1913 frigidius
1644 1841 1819 1895 anima
1843 1855 1963 1909 quae
1986 1852 2200 1907 semper

624 1942 870 1996 irascitur
898 1949 951 1994 et
981 1954 1039 1992 se
1069 1937 1179 1990 vult
1208 1935 1393 1989 ulcisci
1417 1934 1439 1987 ?
1467 1932 1719 1987 Muliebre
1757 1946 1821 1985 ac
1849 1930 2052 1999 puerile
2078 1942 2200 1997 pro-

625 2033 852 2101 positum
876 2037 975 2084 est.
1004 2027 1133 2081 Nam
1159 2035 1215 2079 ut
1240 2025 1327 2078 illa
1354 2032 1538 2079 contra
1573 2022 1854 2076 inauimata
1901 2021 2059 2074 etiam
2094 2018 2201 2072 ira-

624 2122 810 2185 scitur,
844 2119 965 2174 etsi
1004 2117 1359 2186 pavimentum
1392 2130 1493 2167 non
1529 2113 1808 2181 percutiat,
1843 2126 1948 2164 non
1981 2110 2202 2164 remittit

624 2212 757 2266 iram
788 2227 800 2262 :
836 2210 904 2263 ita
934 2218 988 2263 et
1016 2208 1066 2260 hi
1095 2221 1206 2269 eos,
1235 2206 1322 2274 qtti
1348 2219 1404 2258 se
1430 2203 1750 2265 afﬂixerunt,
1777 2201 1959 2255 ulcisci
1989 2199 2196 2254 volunt.

622 2299 765 2369 Ergo
802 2309 856 2352 et
895 2297 993 2366 ipsi
1040 2298 1151 2349 risu
1178 2295 1321 2364 digni
1354 2312 1367 2348 :
1410 2310 1529 2347 nam
1580 2294 1671 2347 ira:
1718 2292 2016 2360 subjectum
2056 2305 2198 2356 esse,

625 2390 844 2460 puerilis
871 2399 953 2443 cst
995 2389 1189 2451 animi;
1233 2388 1325 2441 ira:
1370 2386 1653 2455 imperare,
1702 2384 1905 2438 strenui
1951 2384 2049 2437 viri
2095 2394 2198 2437 est.

625 2482 768 2552 Ergo
797 2497 900 2535 non
947 2496 1044 2534 nos
1074 2478 1384 2546 irridemur,
1431 2479 1475 2531 si
1526 2476 1826 2546 philosOphi
1875 2475 2062 2538 simus,
2106 2475 2201 2529 sed

628 2575 725 2629 illi.
752 2572 867 2629 Non
898 2582 981 2626 est
1011 2570 1139 2625 illud
1178 2568 1655 2637 contemptibilium
1685 2566 1982 2629 hominum,
2013 2580 2043 2619 a
2084 2580 2201 2634 pas-

624 2670 780 2720 sione
808 2679 915 2718 non
943 2662 1080 2716 vinci
1112 2678 1125 2714 :
1156 2658 1631 2729 contemptibilium
1662 2656 1932 2712 hominum
1956 2664 2037 2711 est
2053 2664 2206 2710 exte-

623 2772 805 2811 rerum
855 2756 1018 2810 risqu
1074 2755 1283 2816 timere,
1326 2754 1396 2805 ita
1427 2761 1483 2806 ut
1521 2750 1642 2805 ideo
1689 2749 1984 2814 extollaris,
2040 2749 2201 2802 animi

624 2848 813 2904 morbo
868 2846 1186 2916 subiiciaris,
1236 2845 1403 2899 Deum
1432 2844 1693 2906 oilendas,
1740 2852 1794 2897 et
1830 2852 1881 2897 te
1908 2841 2199 2896 ulciscaris.

624 2941 751 2997 llaec
775 2955 900 2996 vere
938 2948 1062 2993 sunt
1090 2942 1196 2993 risu
1224 2937 1402 3007 digna.
1435 2936 1560 2990 llaec
1584 2950 1712 3004 ergo
1739 2934 2020 3003 fugiamus.
2054 2933 2205 2987 Dicat

624 3046 705 3098 se,
735 3032 823 3102 qui
855 3046 954 3085 nos
980 3030 1247 3084 sexcentis
1294 3028 1556 3097 impetivit
1598 3027 1770 3092 malis,
1815 3026 1945 3079 nihil
1990 3040 2202 3094 passum

623 3138 745 3178 esse
772 3122 896 3176 mali
927 3140 940 3176 :
970 3122 1113 3177 dicat
1149 3135 1231 3187 se,
1276 3121 1319 3175 si
1351 3121 1401 3173 in
1452 3134 1550 3173 nos
1595 3119 1785 3174 iterum
1825 3117 2201 3180 debacchetur,

623 3216 757 3272 nihil
783 3231 904 3271 esse
932 3230 1231 3285 passurum.
1275 3212 1388 3268 Non
1429 3213 1585 3267 aliter
1626 3220 1861 3266 nostram
1894 3209 2207 3280 prwdicaret

622 3306 894 3371 virtutem,
944 3321 1053 3360 non
1083 3305 1185 3358 alia
1230 3313 1496 3374 quaereret
1537 3302 1714 3367 verba,
1763 3302 1808 3355 si
1856 3316 1956 3355 nos
1989 3301 2206 3355 laudare

622 3398 808 3460 vellet,
842 3413 1000 3467 quam
1031 3397 1168 3461 haec,
1198 3412 1317 3466 qua:
1346 3407 1403 3450 ut
1445 3410 1542 3450 nos
1572 3395 1811 3449 mordeat
1836 3391 2055 3463 profert.
2086 3392 2204 3447 Uti-

625 3506 747 3545 nam
772 3504 963 3545 omues
989 3489 1105 3544 hare
1139 3489 1209 3543 de
1242 3504 1328 3544 me
1355 3489 1597 3542 dicerent
1635 3504 1649 3541 :
1694 3487 1938 3555 Frigidus
1968 3486 2129 3540 homo
2152 3495 2207 3541 et

627 3584 791 3638 miser
814 3592 895 3637 est
929 3601 943 3638 :
974 3596 1163 3636 omnes
1194 3582 1291 3651 ipsi
1324 3581 1697 3635 contumeliam
1726 3580 1978 3643 inferunt,
2011 3589 2063 3633 et
2095 3581 2207 3648 ipse

626 3672 762 3739 fert;
781 3687 967 3727 omnes
994 3672 1252 3735 insiliunt,
1281 3681 1334 3726 et
1355 3673 1442 3726 ille
1469 3686 1572 3726 non
1596 3686 1653 3726 se
1679 3670 1970 3726 ulciscitur.
1996 3669 2205 3725 Utinam

626 3763 885 3818 adderent
911 3779 925 3817 :
958 3761 1141 3831 Neque
1170 3765 1213 3816 si
1244 3764 1387 3825 velit,
1420 3770 1634 3829 potest;
1670 3771 1725 3814 ut
1755 3760 1882 3813 mihi
1919 3759 2034 3813 laus
2064 3770 2208 3813 esset

625 3868 655 3907 α
683 3854 810 3911 Deo.
835 3863 888 3907 et
920 3869 1022 3907 non
1051 3854 1118 3907 ab
1158 3852 1482 3907 hominibus.
1525 3852 1689 3913 Dicat,
1725 3850 1865 3920 quod
1911 3850 1980 3904 ob
2006 3850 2209 3903 timidi-

630 3953 791 3998 tatem
844 3960 947 3998 nou
993 3960 1091 3999 nos
1124 3944 1451 3998 ulciscimur.
1497 3943 1636 3997 Nihil
1685 3946 1786 3997 hoc
1830 3942 1983 3995 nobis
2030 3949 2207 4004 nocet,

628 4036 843 4106 quando
871 4037 1012 4092 Deus
1037 4037 1172 4102 scit;
1204 4036 1299 4091 sed
1336 4036 1643 4091 thesaurum
1674 4045 1911 4090 nostrum
1940 4034 1992 4088 in
2024 4033 2211 4102 Ittajuri

632 4190 1064 4316 dc;legunt,
1102 4189 1189 4240 sed
1211 4189 1322 4241 odio
1345 4188 1512 4240 haberi
1546 4200 1577 4238 α
1602 4188 1801 4239 υοηιὶηο
1833 4194 1942 4246 tuo,
1966 4192 2011 4237 et
2034 4186 2092 4237 ab
2111 4186 2215 4251 ipso

1422 366 1480 423 S.
1509 362 1781 419 JOANNIS
1816 358 2286 417 CHRYSOSTOMI
2324 357 2636 415 ARCIIIEP.
2677 358 3203 417 CONSTANTINOP.
3696 382 3765 440 grta

2297 473 2447 542 ponit
2472 472 2731 527 custodia.
2764 473 2821 528 Si
2852 473 2974 529 illos
2997 486 3321 543 Specti-mus,
3356 476 3423 531 ab
3450 483 3653 541 omnibus
3670 500 3766 548 eici-

2295 562 2507 618 dcmus.
2533 564 2612 619 Ne
2641 564 2919 620 videamus
2959 566 3083 635 quid
3125 567 3323 633 dicant,
3364 569 3457 623 sed
3491 575 3595 641 quid
3618 595 3689 636 nos
3705 586 3766 639 de.

2296 665 2433 709 ceat.
2463 657 2531 708 At
2577 656 2672 719 illi,
2702 656 2780 710 Ne
2811 674 2892 708 tne
2918 658 3039 727 quis
3066 659 3306 725 irrideat,
3351 660 3591 732 inquiunt,
3616 686 3670 727 ne
3689 680 3768 745 qui.

2296 746 2418 799 dant
2448 746 2761 816 glorientur.
2794 746 2837 802 Ο
2876 748 3151 803 stultitiam
3179 750 3191 803 !
3220 750 3389 805 Nemo
3414 753 3500 821 qui
3532 772 3604 813 me
3639 762 3770 824 Inserit

2296 851 2384 891 me
2422 836 2607 902 irrisit,
2654 837 2934 908 inquiunt;
2968 840 3019 894 id
3058 850 3161 905 est,
3198 842 3343 897 ultus
3368 860 3483 898 sum
3509 846 3647 907 illum.
3667 858 3771 927 Atqui

2303 928 2403 983 hac
2431 929 2498 983 de
2545 945 2705 985 causa
2762 930 3063 987 irridendus
3106 948 3196 1000 es,
3237 935 3358 1003 quia
3411 936 3566 1004 ipsum
3602 945 3707 999 ultus
3724 966 3773 1004 es.

2302 1019 2577 1074 Undenam
2623 1021 2736 1075 haec
2766 1022 2926 1076 verba
2959 1023 3170 1077 inducta
3211 1036 3356 1089 sunt,
3400 1029 3557 1095 turpia
3588 1044 3631 1085 et
3657 1042 3774 1102 ρει-ηί.

2298 1110 2463 1175 ciosa,
2492 1126 2612 1182 qua:
2640 1112 2801 1166 vitam
2850 1124 3087 1167 nostram
3135 1124 3190 1169 et
3233 1118 3592 1185 rempublicam
3625 1128 3779 1183 subici.

2300 1200 2453 1255 tunt?
2484 1216 2681 1267 nonne,
2713 1204 2835 1272 quia
2867 1205 2975 1258 Deo
3004 1205 3340 1260 adversantia
3385 1208 3775 1285 loqtiimur2Quod

2299 1292 2441 1347 enim
2483 1292 2589 1347 Deo
2617 1294 2794 1348 reddit
2817 1297 3096 1364 :equalem,
3128 1313 3318 1366 nempe
3359 1314 3462 1353 non
3489 1315 3542 1356 se
3565 1306 3719 1368 ulcisci.
3748 1314 3781 1367 id

2299 1393 2355 1438 tu
2382 1384 2544 1439 risum
2570 1394 2785 1454 reputas
2809 1401 2947 1441 esse.
2976 1386 3161 1442 Nonne
3194 1390 3312 1444 ideo
3351 1391 3458 1445 risu
3487 1394 3613 1465 digni
3640 1417 3779 1470 sumus,

2299 1487 2354 1531 et
2376 1477 2515 1547 apud
2542 1492 2640 1531 nos
2666 1478 2811 1548 ipsos
2852 1489 2905 1534 et
2931 1479 3069 1549 apud
3098 1482 3347 1551 gentiles,
3390 1485 3525 1553 quod
3568 1490 3629 1543 ita
3659 1508 3785 1549 contu

2300 1566 2465 1621 Deum
2498 1567 2821 1636 loquamur?

2378 1657 2606 1713 Historia
2641 1660 2827 1729 reperti
2873 1660 3115 1716 thesauri.
3142 1692 3213 1703 --
3242 1663 3377 1719 Volo
3414 1668 3657 1738 quidpiam
3687 1691 3791 1730 ensi.

2301 1765 2421 1806 rare
2447 1751 2586 1821 apud
2613 1760 2821 1806 veteres
2857 1763 3085 1821 gestum,
3115 1770 3221 1809 non
3250 1757 3392 1811 circa
3436 1758 3578 1827 iram,
3603 1766 3677 1818 sed
3698 1770 3788 1821 circa

2303 1843 2603 1909 pecuniam.
2642 1842 2772 1897 Erat
2800 1843 3011 1898 cuidam
3040 1846 3318 1915 praedium,
3348 1851 3604 1905 occultum
3636 1858 3793 1913 thesau-

2302 1950 2418 1987 rum
2448 1934 2670 2000 habens,
2713 1935 2881 1990 inscio
2912 1938 3148 2001 domino,
3178 1941 3316 2009 quod
3348 1943 3437 1996 ille
3465 1947 3671 2001 vendidit
3692 1970 3702 2002 :
3722 1968 3795 2003 eni-

2304 2037 2426 2094 ptor
2452 2041 2582 2080 vero
2610 2042 2728 2080 cum
2758 2027 2982 2093 foderet,
3007 2039 3063 2082 ut
3087 2030 3348 2098 plantaret
3372 2042 3428 2086 et
3454 2048 3663 2102 curaret,
3686 2044 3799 2108 depo-

2303 2120 2461 2173 situm
2489 2118 2794 2174 thesaurum
2835 2121 3057 2176 invenit.
3084 2122 3234 2189 Quod
3262 2140 3383 2179 cum
3415 2125 3666 2185 didicisset
3688 2133 3721 2185 is
3740 2136 3799 2203 qui

2303 2210 2632 2274 vendiderat,
2667 2212 2885 2267 veniens
2911 2222 3208 2281 emptorem
3237 2216 3461 2285 cogebat
3490 2228 3542 2272 ut
3568 2219 3803 2278 thesaurum

2303 2300 2572 2367 redderet,
2603 2300 2784 2357 dicens
2813 2317 2871 2357 se
2892 2302 3149 2372 pradium
3174 2306 3497 2372 vendidisse,
3528 2326 3623 2362 ttun
3647 2311 3801 2365 thesau-

2304 2412 2444 2450 rum.
2473 2395 2567 2450 llle
2594 2405 2779 2450 contra
2818 2396 3103 2466 repellebat
3146 2412 3267 2451 eum
3298 2399 3502 2465 dicens,
3533 2416 3587 2456 se
3615 2407 3802 2471 prndium

2304 2505 2425 2543 cum
2455 2488 2704 2543 thesauro
2728 2489 2944 2555 emisse,
2971 2498 3026 2544 et
3065 2505 3124 2544 se
3152 2491 3250 2545 hoc
3280 2492 3411 2545 nihil
3440 2508 3637 2548 Curare.
3665 2496 3745 2549 lies
3774 2498 3805 2550 in

2306 2580 2449 2634 litem
2477 2581 2618 2634 inter
2657 2580 2846 2634 ambos
2875 2594 3027 2636 versa
3059 2591 3162 2647 est,
3212 2582 3306 2635 illo
3330 2582 3484 2638 reddi
3524 2585 3615 2640 sibi
3639 2588 3805 2649 volente,

2303 2673 2580 2741 alteroque
2630 2681 2877 2740 negante.
2929 2671 3226 2729 incidentes
3282 2684 3469 2729 autem
3520 2678 3570 2731 in
3610 2680 3809 2733 hominem

2305 2764 2605 2835 quempiam
2638 2762 2946 2831 litigabant;
2973 2763 3272 2835 deindeque
3293 2765 3672 2836 interrogarunt
3691 2770 3809 2834 illum,

2305 2857 2389 2911 cui
2417 2856 2641 2911 deberet
2686 2856 2967 2911 thesaurus
3013 2857 3326 2926 adiudicari.
3358 2859 3456 2916 Ille
3486 2878 3608 2917 vero
3627 2879 3713 2916 non
3736 2879 3815 2916 scn-

2306 2953 2525 3005 tentiam
2556 2950 2695 3015 tulit,
2723 2950 2960 3020 dixitque
2987 2965 3047 3005 se
3076 2952 3222 3006 litem
3245 2953 3549 3008 soluturum
3576 2970 3698 3016 esse,
3719 2956 3812 3023 quod

2308 3044 2421 3113 ipse
2449 3042 2693 3096 dominus
2719 3051 2880 3097 esset.
2912 3042 2979 3096 Et
3002 3042 3109 3096 illis
3138 3046 3504 3099 annitentibus
3533 3056 3726 3115 accepto
3743 3050 3818 3098 uie-

2307 3151 2488 3200 sauro,
2518 3139 2795 3192 innumera
2826 3138 3019 3195 deinde
3054 3139 3188 3192 mala
3217 3154 3411 3208 passus
3449 3150 3555 3206 est,
3586 3151 3635 3195 et
3656 3156 3704 3194 re
3723 3139 3814 3191 didi-

2306 3231 2400 3295 cit,
2427 3230 2548 3300 jure
2578 3231 2697 3286 illos
2724 3231 2792 3286 ab
2832 3230 2934 3286 hoc
2969 3232 3307 3286 abstinuisse.
3344 3233 3465 3287 Hoc
3508 3243 3562 3288 et
3587 3234 3711 3287 circa
3734 3234 3820 3284 iram

2310 3322 2421 3376 ﬂeri
2467 3330 2700 3391 oportet,
2732 3330 2790 3376 ut
2826 3331 2880 3377 et
2910 3337 3008 3377 nos
3054 3323 3473 3393 contendamus,
3507 3340 3609 3378 non
3641 3338 3737 3376 esse
3764 3337 3819 3373 sn-

2307 3415 2554 3471 mendam
2578 3415 2851 3479 ultionem,
2871 3423 2926 3468 et
2944 3414 3032 3483 qui
3065 3414 3320 3468 laeserunt
3346 3415 3690 3479 contendant,
3715 3428 3825 3480 optir-

2310 3517 2422 3563 tcre
2448 3522 2507 3563 se
2529 3522 2712 3577 poenas
2739 3507 2887 3561 dare.
2919 3508 3022 3562 Sed
3052 3506 3231 3562 forsan
3259 3508 3381 3564 haec
3422 3510 3640 3563 ridicula
3669 3508 3826 3559 videan-

2312 3610 2417 3655 tur.
2446 3599 2668 3668 Quando
2689 3599 2830 3654 enim
2858 3600 2972 3654 hzcc
2998 3600 3201 3654 insania
3220 3599 3527 3655 admodum
3547 3610 3756 3668 occupat,
3772 3597 3832 3663 qui

2312 3692 2552 3746 modeste
2580 3700 2742 3760 agunt
2767 3690 3072 3756 irridentur,
3096 3700 3150 3744 ct
3171 3690 3307 3745 inter
3324 3691 3656 3745 insanientes
3676 3689 3828 3745 inultos,

2312 3783 2402 3853 qui
2430 3798 2535 3836 non
2564 3783 2760 3836 insanit
2804 3781 3009 3835 videtur
3049 3781 3303 3835 insanire.
3343 3781 3702 3849 Quamobrem
3724 3778 3832 3831 obse-

2314 3890 2425 3938 cro,
2453 3876 2704 3937 feramus,
2733 3888 2936 3942 nosque
2976 3874 3373 3939 contineamus,
3405 3883 3465 3927 ut
3507 3874 3743 3942 possimus
3769 3869 3833 3919 hoc

2318 3964 2616 4035 pernicioso
2657 3964 2846 4018 morbo
2891 3964 3063 4029 liberi,
3109 3979 3332 4033 regnum
3384 3966 3643 4017 caelorum
3668 3957 3833 4025 assium.

2315 4058 2480 4127 gratia
2511 4065 2565 4110 et
2594 4055 3025 4109 miserationibus
3052 4054 3308 4123 unigeniti
3342 4055 3498 4119 Filii,
3528 4056 3717 4122 quicum
3741 4046 3832 4102 Patri

2318 4159 2370 4202 ει
2401 4146 2620 4215 Spiritui
2658 4153 2842 4198 sancto
2884 4145 3075 4214 gloria,
3111 4146 3430 4214 imperium,
3478 4142 3831 4210 bonor,nenccl

2318 4252 2549 4306 semper,
2577 4246 2630 4291 et
2660 4236 2710 4290 in
2741 4235 2933 4290 sarcula
2962 4235 3302 4289 saaculorum.
3332 4238 3547 4291 Amen.

637 4355 3829 4387 _,_________________________________________________—

1970 4445 2315 4506 HOMILIA
2356 4444 2552 4506 XLII.

632 4596 764 4653 Car.
800 4594 883 4650 19.
916 4609 968 4648 v.
998 4594 1091 4649 21.
1139 4592 1239 4647 llis
1280 4602 1449 4648 autent
1485 4593 1715 4663 expletis,
1760 4591 2020 4663 praposuit
2067 4588 2216 4643 Pau-

707 4691 788 4744 lus
812 4690 865 4742 in
894 4687 1111 4758 Spiritu,
1144 4687 1357 4739 transita
1403 4684 1705 4738 Macedonia
1741 4694 1788 4738 et
1816 4683 2005 4737 Achaia
2030 4682 2105 4735 ire
2124 4680 2218 4735 Je-

705 4778 1036 4851 rosolgmam,
1066 4779 1238 4831 dicens
1260 4792 1280 4831 .'
1322 4775 1595 4846 Postquam
1624 4776 1767 4844 fuero
1791 4776 1878 4841 ibi,
1914 4784 2109 4844 oportet
2137 4789 2216 4827 me

706 4882 755 4928 et
785 4871 1001 4927 Romam
1030 4869 1217 4923 videre.
1242 4867 1333 4921 22.
1362 4867 1573 4920 Mittens
1598 4878 1764 4920 autem
1788 4866 1842 4919 in
1867 4865 2216 4920 Macedoniam

709 4964 837 5018 duos
865 4978 929 5017 ea:
954 4959 1351 5015 ministrantibus
1389 4959 1484 5013 sibi
1512 4958 1830 5013 Timotheum
1865 4968 1913 5013 et
1953 4958 2213 5021 Erastum,

708 5057 818 5124 ipse
836 5054 1074 5109 remansit
1099 5053 1165 5106 ad
1186 5062 1381 5121 tempus
1400 5058 1453 5105 tn
1483 5051 1624 5104 Asia.
1646 5051 1734 5105 25.
1768 5049 1928 5104 Facta
1953 5059 2025 5104 est
2050 5059 2216 5102 autent

710 5146 801 5200 illo
826 5155 1046 5215 tempore
1068 5144 1289 5197 turbatio
1316 5159 1413 5196 non
1443 5143 1650 5195 minima
1677 5143 1741 5194 de
1759 5142 1859 5195 uia.

713 5237 765 5290 1.
810 5234 949 5289 satis
979 5245 1215 5288 moratus
1248 5234 1299 5287 in
1332 5234 1419 5288 illa
1461 5234 1697 5299 civitate,
1734 5234 1848 5286 vult
1878 5231 2067 5286 iterum
2111 5231 2216 5286 alio

642 5325 912 5395 migrare:
939 5324 1060 5379 ideo
1091 5326 1250 5378 mittit
1286 5324 1625 5380 Timotheum
1655 5334 1709 5379 et
1737 5325 1981 5379 Erastum
2016 5325 2066 5377 in
2108 5324 2217 5378 Ma-

639 5418 942 5481 cedoniam,
972 5418 1087 5487 ipse
1115 5432 1244 5473 vero
1266 5426 1448 5473 manet
1469 5418 1689 5489 Ephesi.
1719 5418 1997 5486 Quomodo
2016 5428 2214 5478 autem,

640 5510 795 5565 initio
822 5509 1010 5564 volens
1031 5508 1082 5563 in
1108 5509 1319 5579 Syriam
1350 5510 1520 5576 abire,
1569 5512 1621 5565 in
1650 5510 2010 5565 Macedoniam
2040 5525 2219 5564 rever-

643 5601 808 5657 titur?
837 5600 905 5656 Ut
938 5600 1185 5655 ostendat
1212 5615 1271 5654 se
1312 5618 1419 5654 non
1458 5602 1636 5655 omnia
1683 5617 1749 5656 ex
1778 5602 1987 5670 propria
2021 5601 2237 5665 virtute,

643 5691 840 5747 facere.
863 5689 982 5745 .Iam
1013 5689 1293 5759 prophetat
1323 5689 1507 5743 dicens
1538 5708 1551 5744 :
1587 5689 1793 5759 Oportet
1821 5708 1899 5744 me
1926 5700 1970 5743 et
2002 5689 2215 5743 Romam

644 5782 831 5839 videre.
863 5780 979 5838 Hoc
1002 5796 1131 5838 vero
1175 5779 1402 5837 fortasse
1436 5781 1582 5849 dicit,
1607 5792 1663 5837 ut
1691 5782 1995 5839 consoletur
2020 5797 2135 5850 eos,
2160 5795 2220 5837 ut

2320 4589 2410 4658 qui
2449 4605 2552 4642 non
2600 4597 2811 4641 maneat
2839 4589 3074 4658 quidem,
3106 4590 3198 4643 sed
3249 4606 3457 4647 rursus
3491 4593 3690 4645 vicinus
3720 4596 3850 4635 eorum

2323 4680 2529 4733 futurus
2553 4681 2643 4739 sit.
2672 4689 2724 4733 et
2756 4679 3030 4748 prophetia
3051 4681 3452 4749 discipulorum
3479 4686 3677 4735 animos
3693 4677 3851 4731 estita!-

2325 4772 2457 4826 llinc
2487 4770 2614 4824 mihi
2645 4770 2854 4825 videtur
2894 4771 3086 4840 Ephesi
3120 4772 3434 4827 Corinthiis
3481 4773 3702 4828 scribere
3734 4783 3781 4819 ac
3800 4766 3855 4815 di-

2321 4879 2442 4919 cere
2476 4882 2489 4919 :
2526 4863 2662 4917 Nolo
2705 4880 2790 4917 vos
2826 4865 3061 4935 ignorare
3099 4865 3162 4919 de
3205 4867 3556 4921 tribulatione
3592 4874 3755 4921 nostra,
3783 4869 3855 4925 qm!

2323 4961 2458 5027 facta
2484 4967 2556 5011 est
2584 4959 2637 5010 in
2666 4958 2786 5010 Asia
2814 4957 2890 5027 (2.
2924 4956 3041 5012 Cor.
3066 4960 3117 5013 1.
3146 4958 3223 5028 8).
3252 4961 3403 5026 Quia
3437 4963 3588 5016 enim
3613 4956 3859 5029 promiserat

2322 5065 2380 5103 se
2409 5049 2723 5104 Corinthum
2764 5065 2885 5105 csse
2913 5059 3217 5116 venturum,
3264 5053 3430 5121 quod
3489 5067 3662 5107 moras
3700 5043 3859 5100 tmen!

2323 5158 2445 5196 sese
2474 5152 2680 5212 pttrgat,
2726 5153 2781 5197 et
2809 5145 3154 5197 tentationem
3200 5155 3524 5210 memorat,
3575 5160 3687 5213 qua:
3723 5141 3861 5193 Dente-

2327 5235 2483 5288 trium
2513 5243 2755 5303 spectant
2787 5250 3065 5289 enarratis.
3102 5235 3251 5289 llunc
3279 5238 3448 5290 enim
3483 5236 3862 5291 subindicatrvm

2323 5324 2450 5377 dicit
2471 5324 2827 5379 turbationem
2856 5340 2962 5378 non
3008 5326 3279 5378 minimam
3319 5326 3399 5382 de
3430 5328 3544 5382 via.
3570 5326 3751 5381 Rursus
3772 5318 3863 5389 piri

2322 5418 2522 5482 culum,
2552 5431 2736 5471 rursus
2768 5418 3020 5470 turbatio.
3049 5417 3235 5472 Viden’
3261 5434 3449 5487 quam
3478 5421 3551 5473 sit
3572 5410 3866 5481 conspicth

2324 5509 2483 5562 Facta
2522 5520 2644 5562 sunt
2676 5509 2825 5576 signa
2854 5508 3083 5578 duplicia
3117 5528 3131 5564 :
3165 5510 3236 5563 illi
3276 5526 3426 5565 vero
3475 5506 3864 5566 contradiceme

2323 5600 2411 5655 Sic
2444 5617 2535 5666 per
2561 5602 2739 5655 omnia
2781 5617 2869 5655 res
2908 5610 3285 5658 contexuntur.
3325 5606 3429 5657 24.
3480 5604 3749 5657 Demetrias
3783 5612 3863 5647 σηει

2322 5691 2528 5758 quidam
2575 5691 2794 5755 nomine,
2840 5694 3188 5761 argentarius,
3234 5693 3453 5759 faciens
3505 5694 3639 5749 a'des
3675 5700 3866 5759 argutus

2323 5782 2526 5850 Dianw,
2561 5786 2831 5853 prwstabat
2867 5785 3145 5852 artiﬁcibus
3191 5800 3297 5839 non
3352 5789 3621 5841 modicum
3662 5792 3867 5855 φησει*
