4098 6354
428 284 531 338 9.97

428 408 663 477 περὶτὰ
717 403 960 457 τοιαῦτα
990 400 1262 471 ἐργάτας,
1314 397 1500 453 εἶπεν
1554 400 1815 467 Ἄνδρες,
1854 400 2095 452 ἐπίστα-

431 499 560 558 σθε,
596 493 686 547 ὅτι
731 493 800 545 ἐκ
848 491 1064 557 ταύτης
1100 487 1208 555 τῆς
1236 489 1520 557 ἐργασίας
1564 489 1603 555 ἡ
1637 489 1885 557 εὐπορία
1928 487 2095 557 ἡμῶν

432 584 581 636 ἐστι’
612 580 709 633 καὶ
740 577 1004 646 θεωρεῖτε
1024 577 1121 630 καὶ
1155 576 1425 637 ἀκούετε,
1462 574 1551 627 ὅτι
1576 576 1647 628 οὐ
1696 577 1889 649 μόνον
1925 576 2093 643 Ἐμέ-

430 687 568 733 σου,
596 668 759 723 ἀλλὰ
780 666 881 720 καὶ
903 665 1131 735 σχεδόν
1150 663 1354 730 πάσης
1378 662 1487 731 τῆς
1526 664 1730 730 Ἀσίας
1781 668 1814 718 ό
1854 665 2096 730 Παῦλος

432 755 611 823 οὗτος
633 755 850 818 πείσας
878 752 1259 822 μετέστησεν
1290 750 1478 819 ὄχλον
1505 752 1737 815 ἱκανὸν,
1764 749 1977 820 λέγων,
2008 750 2096 802 ὅτι

435 849 557 901 Οὐκ
584 845 702 900 είσὶ
731 842 850 899 θεοὶ
878 844 933 895 οὶ
954 840 1052 893 διὰ
1080 838 1296 909 χειρῶν
1309 837 1641 907 ἀνθρώπων
1670 840 1984 909 γινόμενοι.
2015 839 2096 892 Οὐ

427 936 621 1005 μόνον
652 931 720 986 δὲ
740 930 917 985 τοῦτο
947 927 1281 982 κινδυνεύει
1308 925 1454 995 ἡμῖν
1477 927 1542 981 τὸ
1565 926 1746 995 μέρος
1770 928 1856 992 είς
1880 927 2096 980 ἀπελε-

434 1023 585 1093 γμὸν
623 1019 844 1082 ἐλθεῖν,
875 1015 1037 1071 ἀλλὰ
1084 1014 1184 1068 καὶ
1214 1016 1280 1067 τὸ
1317 1013 1426 1081 τῆς
1461 1013 1730 1084 μεγάλης
1774 1012 1910 1079 θεᾶς
1939 1014 2098 1083 ἱερὸν

447 1107 782 1178 Ἀρτέμιδος
828 1107 915 1172 είς
953 1102 1135 1159 οὐδὲν
1182 1100 1560 1171 λογισθῆναι,
1584 1101 1833 1169 μέλλειν
1881 1100 1948 1153 δὲ
1999 1102 2095 1154 καὶ

435 1190 846 1259 καθαιρεῖσθαι
907 1186 1024 1256 τὴν
1070 1186 1499 1255 μεγαλειότητα
1542 1182 1754 1251 αὐτῆς,
1784 1182 1865 1251 ἣν
1898 1184 2011 1252 ὅλη
2058 1186 2097 1253 ἠ

435 1279 608 1334 Ἀσία
641 1277 740 1331 καὶ
769 1276 807 1343 η
836 1273 1156 1344 οἰκουμένη
1201 1274 1457 1327 σέϐεται.
1489 1269 1701 1334 Ποιῶν,
1734 1272 1888 1341 φησὶ,
1916 1273 2099 1337 ναοὺς

435 1365 729 1435 ἀργυροῦς
790 1362 1150 1433 Ἀρτέμιδος.
1184 1362 1297 1415 Kal
1342 1361 1457 1421 πῶς
1511 1358 1589 1412 ενι
1623 1361 1783 1423 ναοὺς
1829 1358 2099 1432 ἀργυροῦς

433 1452 721 1521 γενέσθαι;
758 1451 918 1513 Ἴσως
950 1450 1025 1513 ὡς
1048 1448 1282 1520 κιϐώρια
1324 1447 1513 1519 μικρά·
1562 1446 1730 1519 πολλὴ
1762 1448 1872 1519 γὰρ
1899 1446 2100 1517 ταύτης

434 1537 502 1612 ἦν
524 1542 558 1611 η
586 1539 722 1610 τιμὴ
749 1540 807 1592 ἐν
841 1536 1074 1609 Ἐφέσῳ,
1115 1538 1248 1591 ὅπου
1272 1537 1366 1590 καὶ
1391 1536 1453 1589 τὸ
1497 1536 1640 1608 ἱερὸν
1663 1536 1841 1590 αὐτῶν
1888 1537 2102 1607 ἐμπρη-

438 1628 564 1682 σθὲν
594 1627 766 1690 οὕτως
794 1624 1063 1697 ἐλύπησεν
1096 1624 1314 1690 αὐτοὺς,
1341 1625 1417 1687 ὡς
1464 1623 1555 1676 τὸν
1588 1625 1948 1694 ἐμπρήσαντα
2006 1641 2100 1677 κε-

437 1715 614 1769 λεύειν
644 1713 779 1786 μηδὲ
803 1713 1027 1783 ὀνόματι
1049 1711 1326 1780 λέγεσθαι.
1359 1711 1501 1780 Ὅρα
1526 1711 1800 1781 πανταχοῦ
1821 1711 1920 1782 τὴν
1946 1711 2100 1764 εἰδω-

438 1802 751 1874 λολατρείαν
778 1801 887 1855 ἀπὸ
918 1799 1215 1871 χρημάτων
1245 1799 1553 1869 γινομένην.
1579 1799 1834 1853 Κάκεῖνοι
1855 1799 1943 1853 διὰ
1970 1800 2101 1870 χρή-

441 1890 728 1964 ματα,καὶ
781 1883 935 1954 οὗτος
966 1888 1054 1942 διὰ
1081 1889 1356 1960 χρήματα·
1391 1887 1490 1957 οὐχ
1541 1888 1616 1950 ὡς
1675 1888 1771 1957 τῆς
1824 1886 2101 1950 εὐσεϐείας

440 1977 853 2048 κινδυνευούσης
890 1977 1095 2040 αὐτοῖς,
1127 1974 1239 2029 ἀλλ’
1267 1974 1342 2037 ὡς
1362 1972 1455 2027 τοῦ
1497 1972 1767 2043 πορισμοῦ
1792 1972 1887 2045 τὴν
1916 1974 2103 2027 ὑπόθε-

443 2084 527 2121 σιν
557 2066 657 2119 οὐκ
690 2063 925 2135 ἔχοντος.
982 2063 1094 2116 Kal
1125 2061 1314 2114 σκόπει
1362 2059 1558 2113 κακίαν
1599 2060 1807 2131 ἀνδρός·
1859 2058 2101 2132 Εῦπορος

438 2152 510 2227 ἦν
552 2153 736 2217 αὐτὸς,
768 2152 861 2205 καὶ
889 2149 1037 2221 αὐτῷ
1082 2149 1181 2221 μὲν
1211 2149 1273 2202 οὐ
1312 2145 1547 2218 τοσαύτη
1590 2146 1780 2217 ἔμελλε
1819 2146 1988 2219 βλάϐη
2018 2164 2105 2217 γε·

442 2241 628 2296 νὲσθαι
673 2241 736 2293 ἐκ
769 2236 990 2292 τούτου·
1036 2235 1268 2299 ἐκείνοις
1299 2234 1356 2288 δέ
1406 2229 1474 2305 ἦν
1520 2234 1711 2305 πολλὴ,
1748 2234 1842 2288 ἆτε
1881 2235 2105 2305 πένησιν

440 2324 561 2383 οὖσι
617 2328 712 2382 καὶ
741 2326 850 2381 ἀπὸ
880 2324 981 2395 τῆς
1034 2322 1157 2377 καθ’
1185 2322 1397 2393 ἡμέραν
1439 2321 1698 2393 ἐργασίας
1733 2322 2102 2393 τρεφομένοις.

442 2417 553 2471 Καὶ
579 2416 727 2486 ὅμως
756 2408 900 2469 οὗτοι
923 2412 1017 2483 μὲν
1038 2411 1189 2464 οὐδὲν
1214 2410 1481 2478 λέγουσιν,
1504 2408 1664 2472 αὐτὸς
1684 2408 1740 2461 δέ
1758 2425 1772 2439 ·
1821 2412 2105 2474 κοινωνοὺς

440 2506 499 2560 δὲ
540 2503 699 2567 ὄντας
729 2502 927 2564 αὐτοὺς
962 2501 1061 2570 τῆς
1099 2497 1317 2568 τέχνης,
1370 2497 1657 2559 κοινωνοὺς
1711 2496 1972 2568 λαμϐάνει
2011 2498 2107 2551 καὶ

442 2592 537 2647 τοῦ
570 2590 820 2662 θορύϐου.
852 2584 988 2643 Εἶτα
1012 2586 1106 2640 καὶ
1129 2586 1219 2639 τὸν
1245 2584 1488 2638 κίνδυνον
1521 2584 1772 2654 ηὔξησεν,
1797 2586 2103 2655 ἐπαγαγὼν,

443 2681 525 2734 ὅτι
574 2676 920 2733 Κινδυνεύει
951 2672 1098 2742 ἡμῖν
1139 2670 1315 2726 τοῦτο
1358 2671 1424 2724 τὸ
1456 2670 1638 2739 μέρος
1660 2673 1746 2736 είς
1768 2672 2110 2741 ἀπελεγμὸν

443 2764 661 2820 ἐλθεῖνὶ
696 2762 867 2816 Τοῦτο
883 2761 992 2832 γὰρ
1016 2759 1201 2830 σχεδὸν
1226 2758 1312 2812 διὰ
1343 2757 1533 2810 τούτου
1559 2759 1731 2828 δηλοῖ,
1757 2758 1838 2811 ὅτι
1877 2759 1985 2813 ἀπὸ
2008 2761 2109 2830 τῆς

446 2854 639 2923 τέχνης
668 2849 871 2919 ταύτης
900 2846 1279 2916 κινδυνεύομεν
1307 2845 1385 2908 εἰς
1417 2844 1573 2915 λιμὸν
1608 2846 1884 2916 ἐμπεσεῖν.
1916 2847 2108 2899 Καίτοι

446 2940 517 2994 τὰ
542 2937 809 3010 εἰρημένα
838 2934 998 2989 ἱκανά
1030 2935 1110 2997 είς
1148 2931 1430 2987 εὐσέϐειαν
1460 2932 1655 2995 αὐτοὺς
1682 2934 1940 3001 ἀγαγεῖν·
1973 2934 2110 2989 ἀλλά

446 3025 780 3097 ταλαίπωροί
807 3040 949 3086 τινες
972 3022 1121 3085 ὄντες
1148 3021 1242 3074 καὶ
1266 3020 1487 3091 ψυχροὶ,
1513 3020 1951 3075 ἐπισυνίστανται
1976 3021 2111 3091 μᾶλ-

448 3116 560 3179 λον,
580 3116 676 3169 καὶ
698 3113 798 3167 οὐκ
818 3109 1109 3174 ἐννοοῦσιν,
1133 3109 1214 3163 ὅτι
1240 3110 1302 3162 Εἰ
1329 3111 1357 3161 ό
1384 3108 1664 3177 ἄνθρωπος
1694 3101 1847 3172 οὗτος
1875 3109 2111 3165 τοσαῦτα

453 3203 628 3275 ἰσχύει
660 3202 735 3265 ὡς
790 3199 1122 3272 μεταστῆσαι
1161 3197 1388 3260 πάντας,
1425 3198 1517 3250 καὶ
1571 3196 1864 3251 κινδυνεύει
1903 3198 1969 3252 τὰ
2001 3199 2111 3252 τῶν

451 3294 611 3357 θεῶν,
663 3292 847 3362 ἡλίκος
903 3293 931 3343 ὁ
981 3286 1170 3341 τούτου
1216 3286 1376 3351 Θεόςῑ
1429 3286 1523 3339 καὶ
1569 3286 1651 3339 ὅτι
1701 3285 1885 3358 Πολλῴ
1916 3287 2112 3357 μᾶλλον

452 3383 633 3435 ἐκεῖνα
665 3380 793 3450 ἡμῖν
840 3376 1023 3441 δώσει,
1059 3374 1200 3445 ὑπὲρ
1228 3367 1302 3426 ὧν
1337 3372 1670 3443 φοϐούμεθα.
1698 3374 1834 3444 Ἤδη
1870 3392 2102 3445 προκατ.

452 3468 642 3523 ἐλαϐεν
686 3464 864 3519 αὐτῶν
892 3462 990 3524 τὰς
1011 3462 1209 3533 ψυχὰς,
1234 3460 1429 3529 λέγων,
1453 3461 1535 3513 ὅτι
1577 3462 1698 3514 Οὐκ
1738 3461 1856 3514 εὶσὶ
1901 3462 2021 3516 θεοὶ
2058 3465 2112 3517 οί

452 3553 572 3610 ὑπὸ
626 3552 841 3623 χειρῶν
868 3548 1192 3618 ἀνθρώπων
1222 3549 1539 3618 γινόμενοι.
1582 3549 1725 3619 Ὅρα
1777 3548 1916 3621 ὑπὲρ
1972 3549 2113 3615 τίνος

453 3639 852 3709 ἀγανακτοῦσιν
889 3636 1143 3705 Ἕλληνες
1166 3651 1181 3666 ο
1217 3636 1406 3705 ἐπειδὴ
1440 3630 1612 3701 εἶπεν,
1647 3636 1731 3689 ὄτι
1768 3639 1831 3690 Ol
1860 3637 1976 3691 ὑπὸ
2010 3638 2115 3692 ἀν-

456 3731 701 3799 θρώπων
739 3726 1057 3797 γινόμενοι,
1097 3724 1208 3777 οὐκ
1235 3723 1352 3777 εἰσὶ
1381 3723 1522 3777 θεοί.
1556 3723 1835 3793 Πανταχοῦ
1887 3725 1966 3787 εἰς
2018 3723 2114 3796 τὴν

454 3818 648 3888 τέχνην
670 3815 799 3868 ὠθεῖ
829 3815 918 3866 τὸν
945 3812 1119 3879 λόγον.
1147 3806 1277 3863 Εἶτα
1300 3810 1361 3863 τὸ
1391 3808 1623 3881 μάλιστα
1651 3811 1846 3875 αὐτοὺς
1870 3811 2115 3883 λυπῆσαν

457 3907 680 3975 ὕστερον
707 3902 909 3974 τίθησι,
937 3900 1113 3967 λέγων
1133 3914 1147 3929 ’
1197 3900 1282 3952 Οὐ
1325 3899 1514 3968 μόνον
1532 3897 1600 3950 δὲ
1634 3898 1808 3953 τοῦτο
1843 3898 1910 3952 τὸ
1940 3899 2117 3969 μέρος

456 3990 817 4046 κινδυνεύειο
863 3988 1134 4050 τουτέστι,
1181 3983 1301 4038 Τῶν
1356 3984 1456 4055 μὲν
1499 3984 1675 4040 ἄλλων
1726 3987 1897 4052 οὐδεὶς
1935 3986 2112 4057 λόγος,

455 4080 568 4134 ἀλλ’
597 4080 679 4132 ὅτι
702 4078 797 4131 καὶ
817 4076 876 4128 τὸ
898 4075 996 4143 τῆς
1021 4074 1259 4144 μεγάλης
1287 4072 1413 4136 θεᾶς
1436 4074 1579 4144 ἱερὸν
1608 4074 1918 4145 Ἀρτέμιδος
1938 4076 2117 4129 κινδυ-

457 4166 601 4220 νεύει
660 4162 1059 4234 καθαιρεῖσθαι.
1120 4156 1254 4213 Εἷτα
1302 4161 1387 4213 ἵνα
1445 4161 1519 4231 μὴ
1567 4160 1691 4231 δόξῃ
1734 4162 2115 4234 χρηματισμοῦ

458 4256 641 4311 ’ἐνεκεν
668 4254 846 4321 λέγειν
880 4250 1073 4315 ταῦτα,
1106 4250 1205 4320 δρα
1227 4247 1281 4301 τί
1308 4247 1658 4321 προστίθησιν
1675 4264 1688 4277 ’
1728 4250 1838 4301 Ἢν
1861 4248 1899 4316 η
1923 4250 2118 4302 οἰκου-

456 4346 611 4415 μένη
645 4340 896 4395 σέϐεται.
938 4339 1099 4408 Ὀρᾷς
1130 4336 1245 4399 πῶς
1266 4336 1430 4400 ἔδειξε
1461 4335 1629 4406 μείζω
1658 4336 1756 4406 τὴν
1786 4335 1879 4387 τοῦ
1906 4336 2117 4390 Παύλου

460 4431 710 4501 δύναμιν,
741 4428 948 4489 πάντας
981 4424 1197 4486 ἀθλίους
1233 4424 1325 4475 καὶ
1356 4422 1734 4493 ταλαιπώρους
1759 4422 1953 4486 αὐτοὺς
1980 4423 2117 4476 ἀπο-

462 4521 684 4590 φαίνων,
703 4516 828 4586 εῖγε
840 4514 934 4570 ἀνθ
944 4531 1121 4586 ρωπος
1151 4513 1503 4583 ἐλαυνόμενος
1528 4513 1623 4565 καὶ
1655 4513 1973 4581 σκηνοποιὸς
1993 4530 2119 4567 τοσ-

462 4608 603 4663 αῦτα
648 4605 910 4667 δύναται;
954 4603 1096 4672 Ὅρα
1126 4602 1256 4672 παρ’
1297 4599 1507 4671 ἐχθρῶν
1543 4600 1641 4665 τὰς
1674 4600 1975 4671 μαρτυρίας
2007 4603 2119 4665 τοῖς

462 4694 778 4755 ἀποστόλοις
818 4690 1125 4761 γινομένας.
1170 4690 1314 4741 Ἐκεῖ
1353 4689 1449 4759 μὲν
1476 4687 1681 4755 ελεγον,
1715 4688 1861 4742 Ἰδοὺ
1891 4691 2119 4758 πεπλη-

455 4783 682 4851 ρώκατε
700 4781 815 4849 τὴν
828 4778 1214 4847 Ἰερουσαλὴμ
1235 4775 1344 4844 τῆς
1365 4775 1614 4845 διδαχῆς
1634 4775 1800 4846 ὑμῶν
1816 4793 1830 4807 ο
1864 4775 2117 4841 ἐνταῦθα,

461 4872 541 4922 ὅτι
570 4869 793 4922 Μέλλει
824 4865 1227 4935 καθαιρεῖσθαι
1255 4862 1363 4932 τῆς
1393 4863 1728 4933 Ἀρτέμιδος
1758 4864 1796 4931 ἡ
1809 4865 2120 4933 μεγαλειό-

461 4957 748 5021 τηςοτότε,
784 4957 847 5006 Οἱ
898 4953 1013 5023 τὴν
1034 4952 1391 5022 οἰκουμένην
1419 4950 1564 5023 [519]
1588 4952 2120 5018 ἀναστατώσαντες

463 5044 677 5113 ἢκουον,
707 5045 788 5094 ὃτι
824 5038 998 5097 Οὗτοι
1031 5041 1130 5095 καὶ
1167 5039 1380 5094 ἐνθάδε
1435 5037 1839 5107 πάρεισιονῦν,
1875 5040 1957 5091 ὅτι
1982 5043 2119 5092 Κιν-

464 5129 698 5182 δυνεύει
726 5127 870 5195 ἡμῖν
897 5128 1072 5181 τοῦτο
1098 5126 1165 5180 τὸ
1184 5127 1366 5196 μέρος
1409 5128 1495 5191 είς
1524 5125 1865 5194 ἀπελεγμὸν
1900 5126 2116 5182 ἐλθεῖν.

465 5215 619 5269 Οῦτω
659 5215 752 5267 καὶ⁹
799 5214 1037 5266 Ἰουδαῖοι
1089 5214 1181 5266 ἐπὶ
1210 5214 1304 5267 τοῦ
1354 5214 1591 5284 Χριστοῦ
1643 5214 1857 5283 ελεγονσ
1901 5213 2116 5283 Ὁρᾶτε,

464 5301 554 5355 ὅτι
592 5303 624 5354 ό
656 5298 882 5367 κόσμος
921 5298 1111 5351 ὀπίσω
1137 5299 1318 5354 αὐτοῦ
1365 5300 1598 5370 ὑπάγει,
1639 5300 1735 5355 καὶ
1767 5301 2117 5357 ἐλεύσονται

465 5392 516 5443 οί
546 5385 812 5457 Ῥωμαῖοι
840 5384 935 5438 καί
966 5385 1219 5452 ἀροῦσιν
1238 5386 1405 5455 ήμῶν
1428 5387 1542 5456 τὴν
1559 5388 1759 5444 πόλιν.
1802 5390 2121 5445 Ἀκούσαν-

466 5495 562 5543 τες
597 5477 665 5530 δὲ
693 5475 877 5529 ταῦτα
913 5474 1313 5544 ἐπλήσθησαν
1341 5478 1550 5546 θυμοῦ.
1602 5480 1736 5533 Πότε
1765 5482 1792 5531 ὁ
1826 5481 1990 5553 θυμὸς
2030 5482 2122 5551 γέ-

465 5581 652 5635 γονεν;
678 5564 806 5617 Ὅτε
839 5562 966 5633 περὶ
992 5563 1090 5633 τῆς
1118 5563 1431 5634 Ἀρτέμιδος
1468 5566 1726 5635 ἥκουσαν,
1759 5569 1845 5620 ὅτε
1872 5570 1999 5639 περὶ
2027 5568 2119 5622 τοῦ

465 5648 756 5721 πορισμοῦ.
789 5647 1026 5701 Τοιαῦτα
1053 5649 1160 5721 γὰρ
1188 5650 1257 5703 τά
1290 5651 1395 5703 τῶν
1422 5652 1693 5724 ἀγοραίων
1726 5656 1852 5726 ἢθη,
1886 5657 1992 5710 ἀπὸ
2025 5657 2118 5710 τοῦ

464 5740 717 5809 τυχόντος
771 5735 1207 5806 συναρπάζεσθαι
1265 5740 1356 5793 καὶ
1401 5740 1739 5796 ἐκκαίεσθαι.
1800 5742 1896 5796 Διά
1949 5743 2121 5798 ταῦτα

468 5827 583 5899 μετ’
626 5823 924 5889 ἐξετάσεως
972 5823 1054 5879 δεῖ
1096 5828 1273 5883 ποιεῖν
1315 5826 1545 5883 πάντα·.
1580 5828 1721 5900 Ὅρα
1766 5828 1821 5883 δὲ
1880 5830 1995 5895 πῶς
2028 5832 2123 5886 καὶ

526 5948 543 5971 ⁸
566 5946 730 5996 Πάντα
754 5944 901 5996 deest
922 5944 973 5994 in
994 5959 1106 5997 uno.

1211 287 1269 343 S.
1310 283 1596 342 JOANNIS
1630 281 2123 341 CHRYSOSTOMI
2158 280 2481 339 ARCHIEP.
2521 281 3071 342 CONS’I’ANTINOP.

3752 286 3863 341 298

2201 392 2344 469 ἦσαν
2370 400 2851 471 εὐκαταφρόνητοι,
2876 400 2952 463 ὠς
3001 400 3132 453 πᾶσι
3163 399 3499 469 προκεῖσθαι.
3542 398 3869 452 Ἀκούσαν-

2200 502 2297 550 τες
2333 485 2419 550 δὲ,
2468 486 2567 539 καὶ
2612 487 2917 557 γενόμενοι
2952 486 3208 555 πλήρεις
3229 485 3439 554 θυμσῦ,
3470 486 3658 554 φησὶν,
3688 485 3872 553 ἐκρα-

2206 571 2305 632 ξον
2333 574 2609 642 λέγοντες
2632 590 2646 603 ·
2695 573 2937 643 Μεγάλη
2979 575 3018 641 ἡ
3062 576 3327 642 Ἄρτεμις
3378 573 3671 641 Ἐφεσίων
3694 572 3715 624 .¹
3764 574 3873 626 Kal

2204 659 2482 728 ἐπλήσθη
2508 661 2545 727 ἠ
2579 660 2755 726 πόλις
2776 661 2888 729 ὅλη
2913 660 3024 727 τῆς
3060 663 3415 729 συγχύσεως
3435 677 3450 691 ·
3493 660 3781 730 ὥρμησάν
3814 680 3875 714 τε

2205 748 2584 817 ὁμοθυμαδὸν
2632 751 2718 814 είς
2786 748 2853 801 τὸ
2908 748 3173 815 θέατρον.
3243 748 3751 816 Συναρπὰσαντες
3808 749 3874 799 δὲ

2205 833 2389 889 Γάϊον
2423 836 2523 889 καὶ
2567 836 2965 904 ’Δρίσταρχον
3018 834 3388 899 Μακεδόνας,
3451 835 3877 903 συνεκδήμους

2205 923 2476 987 Παύλου,
2505 924 2804 977 εἵλκυσαν
2830 923 3071 987 αὐτούς.

2277 1010 2342 1081 β’.
2361 1010 2570 1073 Ἀπλῶς
2588 1011 2749 1063 πάλιν
2762 1010 2977 1063 ἐπίασιν
2990 1009 3064 1072 ὡς
3082 1008 3109 1049 ιι
3121 1008 3215 1061 ἐπὶ
3247 1008 3475 1073 Ἰάσονος
3499 1009 3763 1071 Ἰουδαῖοι,
3781 1011 3879 1061 καὶ

2206 1097 2478 1167 πανταχοῦ
2512 1098 2695 1161 αὐτοῖς
2717 1097 3033 1168 πρόκεινται
3056 1115 3069 1127 ·
3100 1095 3272 1161 οὕτως
3299 1098 3451 1151 οὐδὲν
3484 1094 3627 1167 εἶχον
3655 1101 3877 1168 κόμπου

2206 1185 2377 1255 γέμον
2422 1186 2544 1239 οὐδὲ
2579 1184 2756 1255 δόξης.
2816 1184 2925 1238 Τοῦ
2957 1183 3027 1236 δὲ
3056 1185 3299 1238 Παύλου
3330 1184 3717 1254 βουλομένου
3749 1190 3878 1237 εισι-

2205 1272 2405 1326 ελθεῖν
2430 1276 2516 1336 εἰς
2556 1273 2663 1326 τὸν
2708 1271 2927 1340 δῆμον,
2979 1273 3090 1324 οὐκ
3121 1271 3262 1325 ειων
3297 1270 3484 1325 αὑτὸν
3514 1274 3567 1324 οἱ
3591 1272 3877 1339 μαθηταί.

2213 1358 2377 1422 Τινὲς
2401 1358 2467 1410 δὲ
2492 1356 2611 1410 τῶν
2640 1357 2974 1425 Ἀσιαρχῶν
3001 1358 3170 1423 ὄντες
3196 1355 3357 1422 αὑτῷ
3385 1359 3568 1426 φίλοι,
3603 1356 3882 1425 πέμψαν-

2206 1462 2303 1512 τες
2329 1445 2479 1512 πρὸς
2506 1445 2693 1499 αὑτὸν
2739 1443 3123 1512 παρεκάλουν
3165 1444 3250 1513 μὴ
3279 1441 3491 1499 δοῦναι
3523 1444 3742 1497 ἑαυτὸν
3792 1447 3879 1507 εἰς

2206 1533 2273 1586 τὸ
2321 1532 2588 1600 θέατρον.
2650 1531 3086 1603 Παρακαλοῦσιν,
3119 1533 3199 1585 ὅτι
3246 1532 3475 1595 ἄτακτος
3525 1527 3664 1602 ἦσαν
3707 1531 3882 1601 δῆμος

2207 1619 2474 1689 ἀλογίστῳ
2509 1618 2659 1691 ῥύμη
2683 1620 2858 1673 πάντα
2885 1619 3211 1690 τολμῶντες.
3255 1622 3365 1673 Καὶ
3390 1620 3418 1672 ὁ
3455 1619 3661 1681 Παῦλος
3689 1620 3882 1671 πείθεο

2206 1725 2295 1760 ται
2321 1727 2333 1738 ·
2357 1708 2418 1760 οῦ
2457 1708 2565 1778 γὰρ
2592 1703 2660 1777 ἦν
2701 1708 2998 1774 κενόδοξος,
3052 1708 3171 1761 οῦδέ
3200 1706 3499 1778 φιλότιμος.
3537 1708 3737 1761 Ἄλλοι
3760 1708 3883 1776 μὲν

2208 1792 2323 1849 οὖν
2352 1794 2506 1848 ἄλλο
2528 1812 2581 1847 τι
2611 1793 2853 1863 ἔκραζον
2878 1813 2891 1827 ο
2934 1792 3014 1864 ἦν
3037 1800 3148 1864 γὰρ
3187 1796 3225 1863 η
3259 1796 3555 1862 ἐκκλησία
3585 1813 3882 1864 συγκεχυ-

2203 1882 2378 1951 μένη.
2413 1881 2665 1935 Τοιοῦτον
2693 1882 2802 1953 γὰρ
2830 1882 2891 1935 τὸ
2913 1883 3112 1952 πλῆθος
3134 1899 3147 1913 ⁸
3190 1883 3373 1946 ἀπλῶς
3400 1884 3589 1936 ἕπεται
3622 1884 3881 1954 καθάπερ

2211 1971 2323 2041 πῦρ
2356 1972 2435 2033 εἰς
2474 1969 2607 2041 ὕλην
2640 1971 2902 2041 ἐμπεσόν.
2934 1971 3043 2025 Kal
3079 1975 3131 2025 οί
3177 1973 3427 2038 πλείους
3454 1974 3563 2026 οὐκ
3596 1972 3881 2041 ᾔδεισαν,

2210 2058 2372 2123 τίνος
2408 2057 2613 2111 ἕνεκεν
2657 2059 3207 2125 συνεληλύθεισαν.
3254 2061 3355 2113 Ἐκ
3402 2059 3472 2113 δὲ
3523 2060 3629 2114 τοῦ
3682 2061 3881 2129 ὄχλου

2211 2146 2610 2214 προεϐίϐασαν
2632 2144 3040 2215 Ἀλέξανδρον,
3076 2146 3494 2213 προϐαλόντων
3532 2146 3717 2199 αὐτόν
3758 2145 3881 2198 τῶν

2224 2235 2536 2289 Ἰουδαίων.
2569 2234 2936 2305 Προεϐἀλοντο
2977 2234 3217 2287 Ἰουδαῖοι
3260 2235 3635 2305 οἰκονομικῶς,
3661 2236 3749 2287 ἵνα
3771 2252 3882 2304 μη-

2212 2324 2300 2378 δὲν
2328 2324 2524 2394 ἔχωσιν
2568 2323 2792 2394 ὕστερον
2822 2323 3145 2392 ἀντιλέγειν.
3176 2319 3340 2387 Οὗτος
3372 2325 3465 2378 καὶ
3489 2325 3877 2395 προϐάλλεται,

2213 2414 2306 2467 καὶ
2335 2413 2647 2484 φθέγγεται,
2681 2413 2775 2466 καὶ
2794 2413 2869 2476 τί,
2896 2412 3079 2467 ἄκουε·
3110 2414 3173 2467 '0
3193 2413 3261 2466 δὲ
3284 2414 3666 2482 Ἀλέξανδρος
3699 2431 3883 2467 κατα-

2213 2502 2428 2568 σείσας
2482 2499 2557 2569 τῇ
2624 2501 2793 2569 χειρί,
2818 2502 3036 2568 ἤθελεν
3090 2501 3517 2571 ἀπολογεῖσθαι
3559 2500 3639 2566 τῷ
3686 2501 3876 2569 δήμῳ.

2226 2589 2604 2658 Ἐπιγνόντες
2654 2588 2743 2653 δὲ,
2793 2588 2883 2641 ὅτι
2917 2587 3199 2653 Ἰουδαῖός
3235 2588 3386 2649 ἐστι,
3429 2588 3594 2657 φωνὴ
3640 2588 3882 2657 ἐγένετο

2210 2678 2320 2746 μία
2345 2676 2415 2730 ἐκ
2453 2675 2715 2740 πάντων,
2745 2677 2824 2742 ὠς
2846 2676 2945 2729 ἐπὶ
2972 2675 3127 2743 ὠρας
3160 2674 3269 2729 δύο
3292 2676 3648 2743 κραζόντων*
3684 2676 3882 2743 Μεγά-

2213 2766 2293 2831 λη
2331 2764 2370 2832 ἠ
2402 2764 2675 2830 Ἄρτεμις
2703 2763 3006 2831 Ἐφεσίων.
3059 2761 3288 2831 Παιδικὴ
3321 2761 3489 2825 ὅντως
3540 2764 3573 2832 η
3632 2762 3878 2815 διάνοιαε

2216 2849 2467 2920 καθάπερ
2512 2847 2855 2917 φοϐούμενοι,
2888 2848 2963 2919 μὴ
2997 2848 3194 2919 σϐεσθῇ
3222 2848 3281 2900 τὸ
3325 2847 3487 2911 σέϐας
3517 2848 3719 2912 αὐτῶν,
3750 2865 3881 2901 συν-

2216 2937 2355 3007 εχῶς
2384 2938 2571 2991 ἐϐόων.
2615 2937 2720 2989 Δύο
2747 2935 2841 3008 ἐτη
2877 2936 3128 2990 ἐκάθισεν
3158 2939 3295 3004 ἐκεῖ,
3325 2937 3420 2991 καὶ
3462 2937 3566 3008 δρα
3596 2936 3751 2989 πόσοι
3796 2937 3882 2990 ἔτι

2219 3025 2478 3096 ’Έλληνες
2509 3022 2674 3096 ἦσαν.
2707 3025 3118 3091 Καταστείλας
3163 3023 3231 3077 δὲ
3272 3027 3306 3078 ό
3352 3025 3725 3094 γραμματεὺς
3774 3025 3884 3077 τὸν

2218 3112 2422 3182 ὄχλον,
2459 3114 2682 3182 φησίν·
2724 3113 2973 3180 Ἀνδρες
3007 3110 3284 3181 Ἐφέσιοι,
3322 3113 3413 3177 τίς
3438 3111 3550 3181 γάρ
3576 3112 3749 3166 ἐστιν
3776 3111 3884 3166 ἄν·

2218 3204 2469 3269 θρωπος,
2529 3200 2597 3267 ὃς
2648 3201 2720 3255 οὐ
2757 3200 3036 3269 γινώσκει
3076 3199 3189 3267 τὴν
3213 3200 3504 3268 Ἐφεσίων
3531 3201 3712 3253 πόλιν
3747 3217 3887 3253 νεω-

2218 3294 2399 3359 κόρον
2431 3286 2626 3347 οὖσαν
2652 3289 2760 3359 τῆς
2782 3291 3053 3361 μεγάλης
3081 3289 3221 3356 θεᾶς
3254 3289 3578 3361 Ἀρτέμιδος
3631 3293 3885 3346 καὶςτοῦ

2218 3379 2570 3444 Διοπετοῦς;
2617 3378 2802 3448 Τούτῳ
2855 3376 3056 3448 πρώτῳ
3097 3378 3188 3430 τὸν
3237 3377 3403 3447 θυμὸν
3443 3378 3619 3431 αὐτῶν
3664 3378 3879 3431 ἔσϐεσε.

2219 3468 2328 3521 Kal
2358 3464 2465 3519 τοῦ
2494 3465 2827 3531 διοπετοῦς.
2893 3464 3064 3519 Τοῦτο
3106 3465 3274 3533 λέγει,
3307 3465 3381 3527 ὼς
3415 3466 3513 3518 οὐκ
3540 3466 3691 3529 ὄντος
3720 3466 3885 3535 δήλου

2222 3554 2313 3608 τοῦ
2346 3554 2690 3626 πράγματος.
2737 3553 2901 3622 Ἱερὸν
2930 3554 2986 3606 δὲ
3011 3552 3193 3624 ἕτερον
3230 3552 3369 3606 οὕτω
3415 3553 3661 3605 ἐκαλεῖτο
3696 3557 3886 3605 Διοπε-

2218 3642 2345 3704 τές’
2404 3641 2606 3712 ἧτοιτὸ
2640 3640 2853 3694 εἴδωλον
2896 3640 3070 3694 τοίνυν
3124 3639 3225 3709 τῆς
3269 3639 3579 3711 Ἀρτέμιδος
3624 3642 3885 3705 Διοπετὲς

2221 3727 2425 3796 ἔλεγον,
2467 3728 2541 3788 ὡς
2584 3727 2650 3781 ἐκ
2692 3727 2784 3781 τοῦ
2818 3727 2938 3790 Διὸς
2982 3728 3043 3780 τὸ
3074 3726 3337 3799 ὄστρακον
3371 3730 3543 3780 ἐκεῖνο
3572 3730 3882 3792 πεπτωκὸς,

2223 3817 2317 3869 καὶ
2361 3816 2459 3885 οὐχ
2505 3815 2609 3868 ὑπὸ
2656 3814 2942 3886 ἀνθρώπου
2987 3815 3311 3886 γενόμενον⁸
3358 3816 3608 3887 ἢέτερον
3655 3817 3883 3887 ἄγαλμα

2224 3903 2356 3974 παρ’
2396 3905 2579 3967 αὐτοῖς
2618 3903 2793 3967 οὕτως
2834 3904 3068 3972 ἐλέγετο.
3103 3903 3566 3972 Ἀναντιρρήτων
3618 3899 3729 3957 οὖν
3786 3907 3883 3956 ὀνο

2224 4009 2341 4047 των
2360 3992 2606 4057 τούτων,
2635 3991 2775 4045 δέον
2821 3991 2993 4045 ἐστὶν
3032 3991 3189 4061 ὑμᾶς
3215 3991 3723 4062 κατεσταλμένους
3770 3995 3877 4045 ὐπ-

2224 4081 2449 4150 άρχειν,
2499 4080 2597 4133 καί
2654 4077 2847 4149 μηδὲν
2903 4080 3196 4147 προπετὲς
3249 4082 3567 4148 πράσσειν.
3632 4080 3879 4148 Ἠγάγε-

2226 4185 2287 4221 τε
2344 4167 2452 4238 γὰρ
2520 4164 2661 4233 τοὺς
2713 4165 2934 4234 ἄνδρας
2972 4167 3255 4231 τούτους,
3300 4167 3435 4219 οὔτε
3489 4167 3879 4234 ἱεροσύλους,

2224 4255 2362 4309 οὔτε
2410 4250 2935 4322 ,βλασφημοῦντας
2992 4253 3102 4305 τὸν
3154 4251 3292 4304 θεὸν
3343 4249 3526 4321 ὑμῶν.
3598 4252 3739 4323 Ἀρα
3821 4253 3884 4305 τὸ

2225 4344 2333 4398 πᾶν
2379 4341 2608 4413 ψεῦδος·
2665 4339 2835 4393 ταῦτα
2880 4340 2936 4393 δὲ
2985 4340 3122 4413 πρὸς
3167 4341 3256 4395 τὸν
3307 4341 3502 4413 δῆμον,
3570 4340 3711 4395 ὥστε
3783 4346 3883 4396 κά-

2225 4432 2436 4494 κείνους
2506 4429 2941 4500 ἐπιεικεστέρους
3007 4430 3306 4498 γενέσθαι,
3375 4431 3555 4501 φησίν.
3636 4435 3705 4486 El
3767 4433 3887 4501 μὲν

2226 4516 2340 4577 οὖν
2362 4518 2688 4589 Δημήτριος
2708 4520 2806 4573 καὶ
2830 4523 2884 4574 οί
2906 4520 3027 4574 σὺν
3049 4520 3207 4586 αὐτῷ
3225 4521 3480 4590 τεχνῖται
3501 4522 3712 4590 ἔχουσι
3735 4526 3887 4592 πρός

2226 4624 2359 4664 τινα
2387 4610 2591 4676 λόγον,
2622 4607 2886 4677 ἀγοραῖοι
2911 4608 3177 4678 ἄγονται,
3209 4610 3305 4663 καὶ
3338 4611 3665 4665 ἀνθύπατοί
3688 4615 3848 4666 εἰσιν
3866 4631 3882 4645 ο

2229 4694 2377 4768 [520]
2401 4695 2845 4764 ἐγκαλείτωσαν
2879 4697 3197 4765 ἀλλήλοις.
3227 4701 3294 4752 El
3320 4699 3387 4754 δέ
3420 4717 3473 4752 τι
3505 4700 3635 4768 περὶ
3669 4701 3888 4769 ἐτέρων

2226 4780 2578 4850 ἐπιζητεῖτε,
2607 4782 2676 4836 ἐν
2712 4782 2789 4851 τῇ
2829 4784 3058 4853 ἐννόμῳ
3096 4786 3395 4853 ἐκκλησίᾳ
3435 4788 3883 4854 ἐπιλυθήσεται.

2226 4870 2335 4925 Kal
2381 4869 2493 4938 γὰρ
2528 4868 2960 4939 κινδυνεύομεν
3004 4871 3381 4940 ἐγκαλεῖσθαι
3438 4872 3707 4940 στάσεως
3752 4878 3886 4944 περὶ

2228 4956 2336 5026 τῆς
2368 4956 2655 5026 σήμερον,
2689 4957 2950 5026 μηδενός
2977 4959 3167 5013 αἰτίου
3192 4959 3570 5030 ὑπάρχοντος
3590 5002 3607 5025 ,
3648 4964 3784 5031 περὶ
3811 4960 3886 5018 οὗ

2230 5044 2324 5116 [οὐ
2345 5043 2396 5116 ο]
2432 5044 2815 5114 δυνησόμεθα
2838 5045 3167 5101 ἀποδοῦναι
3188 5047 3373 5115 λόγον
3402 5048 3512 5115 τῆς
3531 5050 3889 5119 συστροφῆς

2228 5132 2471 5199 ταύτης.
2512 5131 2624 5187 Kal
2644 5131 3064 5199 ταῦταείπὼν,
3087 5133 3359 5189 ἀπέλυσε
3378 5137 3494 5203 τὴν
3524 5137 3881 5205 ἐκκλησίαν.

2231 5218 2494 5289 Ἔννομον
2531 5218 2847 5289 ἐκκλησίαν,
2892 5220 3059 5290 φησὶ,
3090 5220 3222 5274 διότι
3266 5225 3414 5293 τρεῖς
3445 5224 3730 5293 ἐκκλησίαι
3770 5226 3891 5293 ἐγί-

2227 5326 2379 5363 νοντο
2407 5308 2547 5362 κατὰ
2581 5309 2745 5380 νόμον
2772 5310 2894 5363 καθ’
2918 5311 3149 5364 ἕκαστον
3184 5311 3328 5384 μῆνα
3346 5330 3360 5346 ’
3385 5313 3522 5380 αὔτη
3544 5314 3599 5365 δὲ
3624 5309 3691 5384 ἦν
3708 5317 3889 5385 παρά-

2226 5413 2411 5468 νομος.
2432 5393 2566 5450 Εἶτα
2599 5398 2692 5449 καὶ
2718 5397 2984 5467 ἐφόϐησεν
3006 5400 3203 5462 αὐτοὺς
3227 5399 3417 5455 εἰπών’
3443 5403 3889 5470 Κινδυνεύομεν

2226 5484 2604 5553 ἐγκαλεῖσθαι
2649 5484 2943 5552 στάσεως.
2978 5485 3118 5539 Ἀλλ’
3151 5487 3346 5558 ἴδωμεν
3387 5489 3590 5542 ἄνωθεν
3615 5490 3685 5542 τά
3732 5493 3889 5561 είρη-

2232 5572 2386 5642 μένα.
2422 5572 2518 5637 Ὠς
2538 5570 2606 5623 δὲ
2624 5571 2935 5640 ἐπληρώθη
2963 5574 3167 5641 ταῦτα,
3192 5577 3374 5646 φησιν,
3403 5578 3566 5633 ἐθετο
3589 5580 3621 5631 ό
3643 5578 3887 5645 Παῦλος

2228 5654 2298 5709 ἐν
2353 5653 2434 5721 τῷ
2488 5656 2821 5725 Πνεύματι,
2883 5657 3135 5713 διελθὼν
3192 5659 3307 5729 τὴν
3355 5658 3725 5715 Μακεδονίαν
3780 5660 3887 5715 καὶ

2292 5887 2321 5927 ιι
2356 5887 2570 5957 Ἐπίασιν
2591 5891 2655 5960 ᾡς
2674 5889 2898 5960 (ᾖξε-ευρ
2912 5891 3106 5960 εοᾴειη.
3122 5955 3153 5960 _
3173 5894 3196 5922 ε
3224 5892 3357 5945 Editi
3381 5898 3433 5946 cl
3453 5907 3565 5945 mss.
3591 5899 3693 5960 mp"
3716 5894 3772 5947 οὗ
3791 5896 3879 5959 οὐ,

2229 5952 2448 6014 quamvis
2471 5954 2668 6015 negatio
2687 5952 2736 6001 in
2760 5952 2927 6002 Bibliis
2949 5954 3091 6005 absit.
3120 5955 3252 6006 Eun.
