3948 6476
158 332 248 387 £97

152 447 229 502 35.
265 446 404 511 Quos
430 456 730 506 cotwocuns,
756 446 800 491 et
830 452 911 491 eos
956 436 1042 505 qui
1084 430 1373 505 hujnsmodi
1398 438 1536 483 erant
1561 426 1713 497 api/i-

149 558 244 602 κε.
296 539 424 593 dixit
449 552 468 591 :
508 536 633 601 Viri,
679 532 817 587 scitis
853 530 972 601 quia
1002 545 1064 582 ea:
1093 529 1186 580 hoc
1214 523 1429 602 artiﬁcio
1467 530 1537 576 est
1574 518 1717 573 nobis

147 598 361 697 quaestus
398 644 419 683 :
452 628 541 681 26.
590 598 633 679 et
674 598 935 677 videtis-et
987 619 1211 678 auditis,
1257 598 1381 684 quid
1418 629 1517 666 non
1558 610 1719 664 solum

146 723 353 790 Ephesi,
377 721 467 774 sed
492 720 639 771 etiam
668 721 769 787 {ere
796 714 947 767 totius
985 712 1138 771 Αεὶω,
1175 708 1370 761 Paulus
1395 706 1475 758 hic
1504 705 1721 758 suadens

145 816 314 866 avertit
348 814 544 866 turbam
574 811 793 871 multam,
828 806 995 858 dicens
1023 819 1040 856 :
1076 802 1194 856 Non
1230 810 1344 853 sunt
1363 798 1454 860 dii,
1485 805 1572 866 qui
1609 812 1719 847 nta-

144 906 283 956 nibus
311 904 546 955 humanis
586 902 729 968 ﬁunt.
770 899 857 951 27.
905 895 1023 949 Non
1064 896 1225 947 solum
1255 902 1417 943 autem
1446 890 1552 942 haec
1587 887 1717 957 peri-

144 995 398 1047 clitabitur
426 994 565 1046 nobis
590 1009 727 1061 pars,
760 1006 821 1042 ne
844 990 897 1041 in
927 986 1323 1058 confutationem
1352 983 1537 1043 veniat,
1569 980 1656 1033 sed
1676 987 1722 1031 et

144 1102 202 1139 ne
234 1100 436 1154 magna
470 1085 579 1136 deat
621 1082 797 1133 Diana:
836 1079 1074 1149 templum
1115 1092 1205 1144 pro
1247 1073 1404 1126 nihilo
1444 1079 1718 1139 reputetur,

144 1178 521 1244 destructurque
557 1174 793 1241 majestas
818 1172 947 1239 ejus,
971 1185 1120 1235 quant
1146 1177 1249 1219 tota
1278 1166 1398 1218 Asia
1423 1174 1466 1219 et
1489 1163 1620 1216 orbis
1646 1178 1724 1214 co-

143 1268 216 1320 lit.
247 1265 487 1327 Faciem,
510 1265 696 1333 inquit,
718 1261 850 1315 aedes
870 1270 1130 1328 argenteas
1156 1259 1354 1311 [)ianw.
1376 1257 1439 1310 Et
1455 1255 1722 1325 quomodo

143 1366 370 1428 possunt
424 1357 567 1411 aedes
610 1362 877 1423 argenteae
927 1350 1085 1405 ﬁeri?
1129 1349 1292 1427 Forte
1332 1348 1481 1416 quasi
1520 1346 1720 1400 ciboria

142 1463 304 1520 parva
330 1466 344 1502 :
376 1463 599 1518 magnus
626 1447 767 1501 enim
804 1445 901 1514 ipsi
934 1444 1107 1497 honor
1135 1450 1253 1496 erat
1281 1438 1498 1508 Ephesi,
1530 1438 1615 1492 ubi
1660 1437 1724 1490 il-

141 1542 317 1596 lorum
343 1540 563 1595 incenso
592 1538 790 1607 templo
815 1537 885 1591 ita
918 1535 1160 1597 doluere,
1189 1543 1244 1587 ut
1271 1548 1338 1587 ne
1367 1546 1559 1585 nomen
1600 1529 1720 1599 qui-

142 1631 262 1685 dem
288 1630 435 1700 ejus,
478 1630 569 1700 qui
611 1627 983 1692 succenderat,
1028 1624 1252 1695 proferri
1284 1623 1555 1693 juberent.
1592 1620 1723 1674 Vide

142 1722 343 1791 ubique
367 1720 723 1776 idololatriam
753 1734 783 1772 a
815 1717 1057 1788 pecuniis
1085 1725 1354 1771 constare.
1388 1715 1452 1767 Et
1497 1712 1571 1765 illi
1601 1727 1724 1780 pro-

141 1824 262 1884 pter
306 1814 581 1885 pecunias,
635 1820 690 1867 et
725 1811 812 1866 hic
850 1821 1071 1881 propter
1114 1807 1407 1878 pecunias:
1438 1820 1542 1860 non
1571 1804 1723 1873 quasi

142 1906 403 1974 religione
451 1903 817 1974 periclitante,
865 1901 960 1956 sed
1004 1900 1154 1970 quasi
1194 1906 1400 1969 quaestu
1446 1895 1721 1950 materiam

141 2014 248 2051 non
278 1997 532 2051 habente.
578 1997 644 2050 Et
693 1993 961 2066 perpende
1003 1992 1103 2047 viri
1147 1991 1550 2061 malignitatem.
1581 1987 1725 2057 Opll-

141 2091 321 2145 lentus
365 2090 458 2144 ille
485 2097 621 2155 erat,
653 2098 707 2144 et
734 2087 861 2143 hinc
888 2087 962 2142 illi
997 2101 1100 2141 non
1133 2094 1333 2139 tantum
1363 2083 1612 2137 damnum
1645 2081 1726 2134 fu-

142 2191 323 2235 turum
353 2190 505 2244 erat;
550 2180 652 2234 illis
693 2194 844 2243 vero,
891 2187 1077 2247 utpote
1122 2175 1445 2246 pauperibus
1472 2173 1721 2237 multum,

142 2274 232 2344 qui
260 2273 460 2329 diurno
499 2280 703 2342 qumstu
742 2271 939 2325 victum
976 2276 1247 2339 pararent.
1278 2268 1526 2321 Attamen
1562 2264 1615 2317 hi
1646 2264 1725 2317 ni-

144 2366 220 2420 hil
271 2365 480 2430 dicunt,
533 2364 632 2419 sed
678 2363 770 2418 ille
812 2370 1012 2417 tantum
1048 2377 1061 2413 :
1095 2361 1229 2414 artis
1260 2373 1386 2414 vero
1430 2356 1563 2412 socii
1604 2371 1725 2410 cum

144 2464 370 2521 essent,
420 2455 673 2509 tumultus
718 2462 995 2507 consortes
1034 2450 1279 2506 assumit.
1329 2448 1529 2503 Deinde
1566 2446 1726 2501 etiam

146 2546 445 2617 periculum
475 2545 833 2615 exaggeravit,
863 2543 1082 2598 dicens:
1109 2539 1236 2595 ch
1256 2539 1567 2609 periclitatur
1589 2536 1729 2590 nobis

146 2656 288 2709 pars,
334 2654 396 2692 ne
424 2638 477 2690 in
514 2636 909 2707 confutationem
949 2633 1160 2687 incidat.
1205 2632 1316 2685 Hoc
1342 2630 1483 2695 enim
1515 2627 1627 2683 fere
1651 2626 1728 2682 si-

149 2727 404 2798 gniﬁcat:
433 2727 515 2781 Ah
543 2726 641 2781 hac
680 2733 797 2780 arte
824 2723 877 2779 in
918 2723 1109 2777 famem
1141 2720 1314 2776 delabi
1348 2717 1727 2789 periclitamur.

151 2819 309 2888 Atqui
344 2826 593 2887 poterant
639 2816 779 2872 dicta
810 2815 899 2870 illa
927 2815 1072 2884 ipsos
1116 2812 1183 2868 ad
1228 2812 1369 2882 piam
1418 2810 1731 2880 religionem

154 2911 420 2965 adducere
445 2925 463 2975 ;
494 2908 589 2964 sed
620 2908 802 2964 miseri
829 2922 893 2961 ac
918 2907 1050 2961 viles
1075 2920 1197 2960 cum
1223 2912 1423 2968 essent,
1454 2906 1732 2972 insurgunt

159 3006 343 3075 magis,
378 3018 480 3057 nec
506 3002 758 3073 cogitant,
787 3001 832 3055 si
862 2999 949 3055 hic
977 2998 1138 3053 homo
1165 2998 1287 3052 talia
1324 2997 1510 3067 possit,
1540 3005 1597 3050 ut
1620 3010 1735 3049 om-

165 3110 251 3149 nes
276 3101 566 3149 convertat
590 3101 643 3146 et
682 3092 755 3146 dii
791 3091 1179 3162 periclitentur,
1208 3097 1442 3157 quantus
1481 3086 1551 3141 sit
1593 3086 1735 3141 illius

174 3188 301 3242 Deus
328 3203 344 3240 :
374 3196 433 3241 et
461 3184 602 3255 quod
632 3184 797 3240 multo
824 3184 990 3255 magis
1018 3184 1134 3253 ipse
1159 3181 1315 3238 nobis
1336 3181 1425 3236 illa
1453 3180 1616 3244 dabit,
1641 3194 1736 3249 pro

174 3280 349 3349 quibus
389 3280 663 3335 timemus.
711 3278 829 3332 Jam
868 3284 1340 3348 prmoccupaverat
1374 3274 1584 3328 illorum
1622 3272 1737 3327 ani-

165 3387 272 3426 mos
297 3411 314 3438 ,
362 3371 594 3425 dicens:
643 3367 766 3424 Non
819 3379 935 3422 sunt
981 3368 1089 3434 dii,
1119 3368 1205 3439 qui
1234 3367 1462 3421 manibus
1503 3365 1737 3419 humanis

161 3462 307 3529 ﬁunt.
346 3460 481 3515 Vide
529 3476 627 3530 pro
665 3476 767 3530 qua
804 3475 863 3515 re
910 3460 1250 3531 indignentur
1298 3459 1524 3529 gentiles
1562 3475 1577 3512 :
1614 3459 1737 3527 quia

164 3554 419 3608 dixerat:
447 3551 547 3618 Qui
576 3552 637 3606 ab
665 3551 949 3605 hominibus
994 3550 1115 3621 facti
1163 3559 1301 3616 sunt,
1347 3566 1449 3602 non
1480 3556 1598 3602 sunt
1642 3547 1735 3603 dii.

160 3643 374 3713 Ubique
401 3643 453 3696 in
484 3657 653 3697 artem
695 3657 997 3697 sermonem
1027 3642 1313 3696 convertit.
1358 3639 1558 3694 Deinde
1598 3637 1739 3708 quod

158 3738 395 3791 maxime
425 3736 479 3789 in
509 3750 762 3805 angorem
792 3735 1057 3804 conjicere
1086 3741 1312 3803 poterat,
1339 3733 1486 3797 dicit,
1520 3731 1641 3785 Non
1658 3747 1740 3785 so-

156 3827 262 3880 lum
289 3827 404 3880 hac
424 3844 543 3897 pars
574 3826 924 3895 periclitatur;
953 3826 1003 3879 id
1034 3834 1137 3890 est,
1167 3824 1573 3887 alioruminobis
1597 3822 1741 3876 nulla

154 3936 284 3974 cura
309 3929 417 3985 est,
450 3919 543 3973 sed
570 3918 711 3989 quod
756 3934 958 3988 magna:
983 3918 1099 3973 dea:
1141 3918 1319 3971 Diana:
1352 3918 1605 3985 templum
1642 3916 1741 3971 de-

152 4014 293 4067 strui
328 4011 683 4082 periclitetur.
715 4010 917 4065 Deinde
939 4026 1006 4065 ne
1028 4009 1271 4065 videatur
1293 4009 1422 4064 lucri
1447 4023 1605 4063 causa
1629 4008 1744 4062 haec

156 4104 367 4169 dicere,
396 4102 519 4158 vide
539 4102 664 4172 quid
685 4102 843 4156 addat
868 4102 1065 4169 :‘Quam
1091 4102 1223 4155 orbis
1244 4102 1382 4155 colit.
1407 4100 1594 4154 Viden’
1614 4114 1745 4168 quo-

159 4195 328 4248 modo
355 4194 609 4263 majorem
627 4192 873 4248 ostendat
892 4193 1039 4246 Pauli
1059 4193 1327 4256 virtutem,
1346 4206 1532 4245 omnes
1551 4206 1746 4243 uarum-

158 4303 328 4340 nosos
356 4296 412 4341 et
463 4287 687 4340 miseros
712 4286 831 4339 illos
873 4284 1179 4349 ostendens,
1226 4286 1269 4338 si
1298 4283 1458 4336 homo
1488 4283 1669 4352 pulsus
1693 4290 1747 4336 et

154 4380 525 4432 tentoriorum
552 4378 742 4431 artifex
772 4377 891 4430 talia
925 4377 1137 4445 potest?
1178 4374 1310 4429 \‘ide
1340 4374 1643 4429 testimonia
1678 4372 1746 4427 de

153 4471 429 4541 apostolis
454 4471 522 4523 ab
550 4470 679 4539 ipsis
709 4470 938 4523 inimicis
968 4469 1193 4523 reddita.
1229 4468 1339 4523 Illic
1365 4467 1576 4538 quidem
1598 4466 1745 4520 dice-

150 4565 288 4619 bant
316 4583 332 4616 :
367 4562 500 4616 Ecce
522 4563 737 4632 impletis
761 4560 1043 4616 Jerusalem
1069 4560 1299 4613 doctrina
1325 4570 1485 4612 vestra
1507 4558 1644 4626 (Act.
1685 4557 1742 4612 5.

152 4656 284 4725 c28);
315 4655 428 4717 hic,
459 4653 712 4706 Futurum
741 4662 831 4717 est,
861 4662 913 4704 ut
940 4651 1229 4704 destruatur
1255 4650 1437 4704 Diana:
1464 4652 1700 4719 majestas
1730 4663 1749 4702 .'

153 4758 287 4802 tunc
318 4745 634 4807 audiebant,
668 4745 767 4810 Qui
796 4743 1139 4798 subuerterant
1168 4742 1336 4796 orbem
1365 4752 1632 4804 terrarum,
1668 4739 1749 4792 hic

149 4843 357 4896 adsunt
394 4839 551 4902 (Ibid.
587 4840 672 4892 17.
726 4840 824 4904 6);
878 4852 1038 4900 mmo,
1088 4836 1409 4890 Periclitatur
1455 4836 1595 4888 nobis
1645 4833 1751 4886 hwc

151 4951 284 5002 pars
306 4935 375 4985 in
399 4932 790 5001 confutationem
817 4930 1001 4984 venire.
1033 4929 1122 4984 Sic
1147 4928 1314 4983 ,ιιιόωί
1346 4929 1411 4982 de
1437 4928 1647 4981 Christo
1667 4926 1752 4978 di-

152 5026 415 5078 cebant:
456 5022 629 5077 Videte
671 5022 803 5090 quod
853 5022 1072 5075 mundus
1122 5030 1231 5089 post
1273 5021 1439 5091 ipsum
1462 5017 1645 5083 vadat;
1673 5025 1749 5081 et,

164 5115 396 5170 Venient
420 5114 656 5173 Romani,
677 5124 723 5167 et
742 5114 916 5168 tollent
936 5123 1157 5168 nostram
1185 5114 1428 5165 civitatem
1458 5109 1636 5179 (Joan.
1666 5111 1749 5164 Ii.

155 5211 250 5264 19.
276 5220 335 5262 et
376 5209 459 5261 Il.
490 5207 606 5277 48).
642 5206 739 5261 IIis
765 5219 929 5261 autem
957 5208 1165 5271 auditis,
1210 5205 1387 5274 repleti
1414 5213 1529 5257 sunt
1562 5208 1749 5274 furore.

154 5300 325 5356 Unde
357 5299 506 5352 furor
533 5298 662 5352 ille?
689 5298 909 5363 Quando
934 5297 999 5351 de
1029 5297 1189 5350 Diana
1208 5295 1508 5359 audierunt,
1542 5295 1755 5363 quando

152 5393 227 5445 de
261 5391 409 5445 lucri
432 5390 663 5458 jactura.
693 5389 836 5443 Talis
865 5385 1005 5441 enim
1048 5386 1339 5440 forensium
1377 5401 1492 5440 mos
1521 5396 1624 5451 est,
1651 5384 1754 5438 levi

153 5483 225 5537 de
253 5496 431 5536 causa
459 5481 633 5550 abripi
660 5490 712 5534 et
741 5478 980 5533 accendi.
1009 5477 1209 5532 Idcirco
1228 5491 1347 5532 cum
1369 5478 1615 5532 examine
1642 5491 1757 5530 om-

156 5578 250 5630 nia
302 5586 443 5630 sunt
488 5573 713 5643 agenda.
745 5572 879 5628 Vide
920 5581 1099 5628 autem
1125 5587 1281 5640 quam
1310 5570 1634 5640 despiciendi
1663 5585 1752 5624 es-

155 5678 315 5730 sent,
344 5666 437 5736 qui
464 5667 532 5720 ab
549 5666 795 5720 omnibus
819 5674 1303 5722 commoverentur.
1329 5665 1419 5720 28.
1450 5663 1548 5720 His
1571 5665 1757 5717 auditis

157 5758 361 5830 repleti
387 5768 503 5812 sunt
530 5758 625 5823 ira,
652 5768 697 5810 et
719 5757 1141 5827 exclamaverunt,
1172 5757 1363 5829 Magna
1386 5755 1555 5812 Diana
1585 5755 1755 5828 Ephe-

1135 316 1201 373 lN
1240 312 1418 371 ACTA
1459 303 1980 366 APOSTOLORUM.
2022 300 2247 358 llO.\llL.
2288 298 2444 355 XLII.

3295 303 3398 359 298

1820 419 2148 478 siorum!29.
2176 419 2241 473 Et
2268 420 2474 489 impleta
2497 428 2567 471 est
2604 418 2777 473 civitas
2804 419 3104 490 confusione
3125 437 3145 475 :
3170 432 3215 475 et
3241 438 3400 493 tmpe-

1822 526 1926 569 tum
1954 518 2175 585 fecerunt
2202 531 2302 566 uno
2329 512 2497 564 animo
2520 511 2569 563 in
2592 510 2862 566 theatrum.
2887 510 3054 582 Ilapto
3081 522 3250 567 autem
3274 513 3401 567 Gaio

1822 619 1867 659 et
1889 606 2178 659 Aristarcho
2211 603 2591 666 Macedonibus,
2641 601 2799 656 Pauli
2826 603 3109 670 comitibus,
3139 614 3402 659 traxerunt

1822 698 1958 751 illos.

1892 790 1944 841 '2.
1966 788 2092 843 Sine
2120 803 2277 843 causa
2298 804 2481 843 rursus
2508 789 2763 843 invadunt
2783 789 2917 843 sicut
2934 789 3181 844 .lasonem
3203 789 3398 853 Judmi,

1823 889 1877 933 et
1905 880 2094 948 ubique
2112 889 2233 934 sunt
2260 882 2425 950 parati
2454 897 2468 934 :
2499 884 2565 934 ita
2591 883 2786 934 nul‘lam
2814 882 2895 934 vel
2927 881 3114 950 gloria:
3143 882 3225 935 vel
3250 880 3404 935 fama:

1825 972 2086 1025 rationem
2120 971 2404 1025 habebant.
2440 972 2528 1027 50.
2580 972 2745 1026 Paulo
2779 986 2944 1026 autem
2994 972 3186 1026 volente
3215 974 3406 1026 intrare

1824 1064 1876 1116 in
1916 1067 2179 1131 populum,
2232 1081 2331 1117 non
2378 1066 2705 1132 permiserunt
2754 1066 3010 1135 discipuli.
3050 1068 3137 1121 51.
3184 1067 3403 1134 Quidam

1825 1167 1990 1210 autem
2021 1157 2084 1210 de
2106 1158 2237 1210 Asia:
2260 1158 2591 1227 principibus,
2622 1159 2708 1227 qui
2734 1170 2872 1211 erant
2902 1161 3008 1229 ejus
3035 1160 3202 1223 amici,
3248 1161 3401 1215 mise-

1824 1258 1941 1301 runt
1971 1247 2037 1300 ad
2067 1266 2179 1301 eum
2206 1261 2458 1319 rogantes,
2492 1266 2553 1302 ne
2576 1266 2628 1303 se
2647 1252 2788 1303 daret
2816 1251 2869 1304 in
2897 1253 3166 1308 theatrum.
3196 1254 3406 1325 Rogant

1825 1340 1948 1409 quia
1998 1340 2263 1394 incondita
2309 1340 2461 1394 turba
2499 1350 2635 1410 erat,
2659 1358 2776 1412 quae
2801 1358 2945 1398 caeco
2988 1346 3185 1416 impetu
3225 1350 3402 1402 omnia

1825 1433 2076 1488 audebat.
2120 1434 2185 1488 Et
2226 1434 2421 1489 Paulus
2464 1433 2801 1505 obtemperat
2845 1452 3062 1507 :ncque
3107 1441 3248 1494 enim
3290 1452 3407 1494 erat

1827 1540 1977 1578 vana:
2000 1524 2183 1592 gloria:
2230 1526 2455 1594 cupidus
2496 1526 2581 1581 vel
2627 1527 2959 1581 ambitiosus.
2988 1529 3076 1583 52.
3104 1531 3208 1583 Alii
3242 1532 3407 1601 itaque

1825 1616 1970 1669 aliud
1999 1617 2280 1669 clamabant
2309 1634 2328 1670 :
2353 1628 2458 1670 erat
2479 1619 2664 1688 quippe
2679 1619 3037 1689 incompositus
3068 1633 3242 1676 cattus.
3265 1623 3408 1678 Talis

1825 1715 1911 1762 est
1932 1707 2083 1760 turba
2104 1708 2313 1776 populi:
2345 1717 2544 1763 temere
2566 1712 2821 1780 sequitur,
2842 1712 2979 1766 sicut
3006 1713 3140 1784 ignis
3167 1714 3220 1769 in
3249 1715 3410 1785 stipu-

1828 1797 1932 1851 lam
1959 1798 2216 1853 incidens.
2245 1798 2486 1870 Plerique
2517 1811 2681 1855 autem
2712 1802 2996 1857 nesciebant
3024 1822 3113 1859 cur
3145 1811 3408 1863 convenis-

1825 1889 2057 1942 sent.55.
2081 1888 2156 1940 De
2172 1889 2317 1942 turba
2331 1898 2496 1944 autem
2524 1891 2848 1947 detraxerunt
2891 1894 3254 1966 Alexandrum,
3289 1917 3411 1970 pro-

1829 1980 2127 2049 pellentibus
2161 1998 2274 2035 eum
2297 1981 2514 2035 Judwis.
2548 1984 2920 2055 Propellebant
2946 1988 3112 2044 Judaei
3139 2007 3203 2047 ex
3231 1993 3407 2048 divina

1829 2071 2248 2140 dispensatione,
2300 2082 2356 2127 ut
2407 2073 2539 2128 nihil
2581 2085 2799 2145 possent
2838 2078 2973 2133 ultra
3019 2082 3406 2139 contradicere.

1831 2163 1929 2217 llic
1961 2165 2294 2233 propellitur,
2325 2166 2574 2237 loquitur,
2608 2180 2661 2224 et
2682 2172 2807 2241 quid
2835 2172 2975 2228 dicat
3000 2177 3145 2232 audi.
3180 2178 3407 2234 Alexan-

1830 2256 1922 2310 der
1947 2267 2109 2309 autem
2139 2275 2292 2311 manu
2316 2261 2512 2313 silentio
2560 2262 2833 2331 postulato,
2856 2265 3049 2320 volebat
3091 2270 3301 2324 reddere
3325 2291 3410 2326 ra-

1831 2346 2016 2399 tionem
2041 2347 2251 2417 populo.
2276 2349 2366 2403 54.
2399 2349 2555 2416 Quem
2580 2361 2633 2404 ut
2660 2368 2995 2424 cognoverunt
3020 2357 3259 2415 Judazum
3278 2379 3406 2430 esse,

1830 2452 1930 2489 v0.1:
1967 2438 2101 2508 facta
2141 2448 2214 2491 est
2258 2456 2360 2492 una
2400 2442 2645 2509 omnium,
2674 2446 2820 2514 quasi
2846 2447 2915 2499 ad
2941 2448 3067 2503 duas
3115 2452 3267 2506 horas
3306 2455 3411 2508 clu-

1831 2531 2075 2583 mantium
2108 2549 2127 2585 :
2171 2531 2359 2603 Magna
2397 2532 2567 2588 Diana
2609 2534 2945 2606 Ephesiorum
2962 2542 2983 2595 .’
3012 2542 3236 2599 Puerilis
3287 2562 3411 2601 vere

1832 2638 1987 2677 tuens
2018 2638 2033 2676 :
2061 2624 2211 2692 quasi
2260 2625 2529 2691 timentes,
2568 2642 2635 2682 ne
2680 2630 3103 2700 exstingueretur
3123 2636 3299 2690 cultus
3320 2654 3412 2692 eo-

1834 2728 1978 2781 rum,
2002 2715 2306 2784 l’requenter
2322 2716 2643 2772 clamabant.
2671 2719 2750 2773 Ad
2777 2720 2910 2775 duos
2939 2738 3110 2778 annos
3129 2726 3232 2780 illic
3251 2728 3410 2794 sedit,

1834 2817 1890 2862 et
1918 2807 2039 2862 vide
2082 2818 2209 2878 quot
2238 2809 2411 2863 adhuc
2445 2811 2691 2880 gentiles.
2722 2813 2812 2867 55.
2840 2813 2966 2867 Cum
3000 2827 3168 2871 autent
3193 2821 3414 2875 sedasset

1834 2899 2001 2953 scriba
2048 2900 2239 2966 turbas,
2276 2900 2402 2954 dixit
2433 2917 2452 2956 :
2485 2900 2590 2955 Viri
2634 2902 2864 2973 Ephesii,
2906 2909 3019 2976 quis
3042 2920 3113 2962 est
3157 2911 3416 2968 hominum

1834 2990 1921 3061 qui
1933 2991 2138 3056 nesciat,
2149 2989 2477 3059 Ephesiorum
2496 2993 2744 3047 civitatem
2766 3012 2961 3066 magnte
2979 2997 3161 3054 Diana:
3175 3018 3281 3057 esse
3298 3020 3418 3058 neo-

1837 3098 2009 3136 coram
2045 3092 2093 3135 et
2115 3082 2340 3152 Diopetis
2365 3085 2390 3139 Σ)
2414 3084 2525 3140 lloc
2551 3088 2777 3156 primum
2810 3089 3043 3147 furorem
3074 3094 3286 3152 illorum
3314 3114 3413 3154 ex-

1838 3174 2045 3228 stinxit.
2074 3171 2144 3227 Et
2167 3173 2413 3245 Diopetis.
2445 3177 2560 3234 Hoc
2585 3180 2753 3248 dicit,
2781 3197 2903 3237 cum
2934 3201 3039 3240 non
3082 3188 3152 3242 sit
3191 3205 3275 3244 res
3303 3207 3418 3247 ma-

1838 3265 2052 3323 nifesm.
2104 3271 2263 3325 Aliud
2303 3286 2514 3328 sacrum
2563 3274 2634 3330 ita
2676 3278 2968 3333 vocabatur
3008 3281 3257 3353 Diopetes
3289 3303 3303 3340 :
3330 3289 3417 3343 vel

1841 3360 2039 3417 idolum
2069 3362 2249 3419 Diana;
2280 3364 2529 3435 Di0petes
2556 3369 2838 3438 vocabant,
2868 3373 3012 3442 quod
3036 3389 3101 3429 ex
3126 3375 3258 3433 Jove
3287 3388 3418 3433 testa

1841 3452 1933 3507 illa
1980 3452 2195 3523 delapsa
2238 3466 2401 3521 esset,
2431 3473 2531 3513 nec
2554 3459 2623 3514 ab
2650 3460 2863 3517 homine
2910 3465 3043 3519 facta
3068 3466 3256 3523 luisset
3289 3487 3302 3524 :
3333 3472 3420 3525 vel

1842 3544 1985 3599 aliud
2013 3546 2213 3601 idolum
2241 3549 2382 3618 apud
2424 3550 2542 3605 illos
2569 3553 2649 3607 sic
2670 3556 2981 3611 vocabatur.
3010 3559 3101 3614 56.
3133 3560 3258 3614 Cum
3303 3580 3421 3635 ergo

1842 3635 1921 3691 his
1948 3637 2225 3691 contradici
2260 3656 2362 3693 non
2412 3643 2586 3709 possit,
2619 3654 2812 3713 oportet
2840 3662 2927 3700 vos
2968 3649 3169 3705 sedatos
3215 3668 3344 3718 esse,
3377 3665 3423 3708 et

1844 3729 1973 3782 nihil
1994 3739 2172 3783 temere
2193 3747 2357 3802 agere.
2392 3732 2482 3787 57.
2505 3735 2803 3790 Adduaistis
2824 3738 2955 3791 cnim
2983 3741 3114 3795 viros
3156 3743 3247 3797 hos
3268 3762 3424 3813 neque

1844 3822 2135 3892 sacrilegos,
2169 3841 2325 3893 neque
2369 3824 2768 3894 blasphemantes
2812 3830 2957 3885 deam
2997 3843 3228 3890 vestram.
3258 3837 3421 3909 Atqui

1847 3923 2012 3967 tomm
2040 3915 2370 3970 mendacium
2389 3925 2472 3972 est
2493 3935 2506 3970 :
2532 3919 2632 3972 ista
2650 3928 2826 3974 autem
2854 3921 2920 3976 ad
2940 3925 3192 3994 populum
3209 3942 3425 4000 compe-

1846 4007 2098 4060 SCendum
2125 4007 2274 4063 dixit.
2293 4009 2381 4063 5S.
2428 4010 2575 4077 Quod
2600 4012 2643 4065 si
2668 4011 2954 4069 Demetrius
2974 4058 2989 4080 ,
3017 4028 3064 4071 et
3095 4020 3182 4088 qui
3214 4037 3330 4075 cum
3363 4040 3422 4077 eo

1846 4108 1961 4150 sunt
1986 4100 2223 4167 artiﬁces,
2248 4101 2430 4155 habent
2458 4103 2695 4158 adversus
2713 4106 2932 4175 aliquem
2956 4126 3183 4177 causam,
3209 4130 3423 4169 conven-

1848 4199 1926 4242 tus
1950 4190 2170 4258 forenses
2186 4200 2421 4261 aguntur,
2436 4202 2482 4246 et
2507 4198 2830 4263 proconsules
2853 4210 2973 4253 sunt
3004 4217 3023 4254 .'
3047 4213 3280 4259 accusent
3298 4206 3419 4260 invi-

1850 4296 1974 4333 cem.
1990 4280 2076 4333 59.
2098 4282 2160 4335 Si
2177 4283 2301 4352 quid
2315 4295 2481 4338 autem
2507 4285 2569 4339 de
2587 4288 2702 4340 aliis
2719 4288 2863 4344 rebus
2877 4294 3119 4362 quteritis,
3135 4296 3186 4349 in
3203 4297 3425 4369 legitimo

1850 4374 2336 4429 conventnsolvetur.
2354 4378 2441 4431 40.
2464 4377 2601 4431 Nam
2619 4392 2663 4433 et
2690 4384 3033 4449 periclitamur
3053 4390 3199 4459 argui
3221 4393 3428 4447 seditio-

1851 4469 1927 4519 nis
1948 4468 2222 4533 hodiernar,
2241 4486 2355 4523 cum
2375 4472 2516 4525 nulla
2530 4473 2593 4526 sit
2609 4491 2780 4539 causa,
2804 4478 2936 4531 unde
2954 4481 3203 4547 possimus
3223 4484 3431 4539 reddere

1851 4561 2094 4613 rationem
2138 4562 2288 4631 hujus
2330 4564 2589 4619 tumultus.
2632 4565 2698 4620 Et
2742 4570 2819 4623 his
2845 4572 2991 4625 dictis
3034 4585 3213 4628 castum
3260 4579 3426 4632 solt-it.

1853 4650 2167 4720 Legitimum
2192 4667 2515 4710 conventum
2552 4658 2699 4713 dicit.
2741 4660 2873 4715 Nam
2923 4666 3214 4720 secundum
3256 4668 3423 4736 legem

1857 4754 1965 4800 tres
2020 4759 2313 4802 conventus
2359 4749 2557 4805 ﬁebant
2596 4753 2816 4821 singulis
2843 4757 3115 4811 mensibus
3144 4776 3160 4813 :
3189 4759 3275 4813 hic
3302 4777 3430 4815 \ero

1855 4850 2151 4895 conventus
2200 4842 2508 4909 illegitimus
2548 4856 2681 4898 erat.
2717 4847 2923 4902 Deinde
2966 4850 3150 4905 terruit
3194 4850 3315 4907 illos
3347 4853 3428 4908 di-

1856 4946 1983 4983 cens
2014 4949 2027 4983 :
2063 4930 2355 4985 Periculum
2400 4945 2502 4997 est,
2552 4951 2613 4987 ne
2661 4952 2955 4990 accusantur
2991 4939 3272 4995 seditionis.
3319 4940 3425 4997 Sed

1858 5023 2101 5090 superius
2127 5023 2267 5078 dicta
2296 5034 2616 5093 repetamus.
2657 5025 2753 5081 llis
2779 5029 3058 5098 completis,
3083 5030 3271 5100 inquit,
3305 5050 3429 5102 pro-

1860 5116 2022 5182 posuit
2049 5115 2247 5169 Paulus
2269 5117 2318 5169 in
2342 5117 2560 5184 Spiritu,
2586 5119 2795 5171 transitu
2827 5120 3126 5175 Macedonia
3148 5134 3193 5175 et
3215 5124 3430 5189 Achaia,

1858 5208 1931 5260 ire
1956 5206 2346 5277 Jerosolymam.
2375 5207 2486 5261 Non
2521 5208 2629 5275 jam
2664 5208 2894 5265 humana
2931 5215 3138 5269 ratione
3180 5217 3307 5284 agit.
3335 5220 3433 5271 sed

1860 5298 2191 5367 Spiritu,quo
2224 5299 2448 5353 transire
2468 5299 2708 5354 decrevit
2740 5323 2752 5354 :
2782 5302 2832 5356 id
2856 5303 2996 5357 enim
3022 5305 3120 5361 sibi
3144 5307 3254 5359 vult
3278 5308 3427 5372 illud,

1862 5388 2158 5459 Proposuit,
2187 5398 2241 5444 et
2280 5390 2368 5445 hic
2412 5400 2495 5446 est
2535 5392 2797 5448 dictorum
2842 5409 3051 5452 sensus.
3104 5397 3213 5453 Cur
3256 5409 3432 5455 autem

1862 5481 2037 5534 mittat
2082 5481 2417 5535 Timotheum
2449 5492 2504 5537 et
2544 5484 2813 5551 Erastum,
2863 5502 2969 5541 non
3013 5488 3186 5543 dicit:
3218 5491 3431 5545 videtur

1862 5582 2038 5627 autem
2084 5572 2211 5627 mihi
2256 5574 2414 5627 etiam
2459 5576 2525 5630 de
2574 5577 2675 5631 hoc
2713 5579 2838 5643 dici,
2868 5579 2936 5633 In
2960 5580 3180 5649 Spiritu.
3214 5581 3435 5653 Propter

1861 5664 1995 5732 quod
2035 5682 2136 5719 non
2177 5668 2471 5723 sustinentes
2510 5672 2748 5739 amplius,
2774 5674 2965 5743 placuit
3003 5675 3144 5729 nobis
3180 5692 3435 5732 remanere

1865 5757 2094 5829 Athenis,
2124 5762 2243 5815 solis
2268 5762 2346 5832 (l.
2385 5760 2559 5817 Thess.
2593 5764 2645 5819 5.
2683 5766 2758 5835 1).
2792 5764 2860 5820 Et
2904 5765 3044 5832 vide,
3073 5767 3209 5824 duos
3235 5784 3304 5826 ex
3333 5772 3426 5827 mia
