3948 6500
570 363 676 420 299

574 475 760 531 nistris
789 475 901 529 suis
930 472 1097 539 misit,
1116 481 1171 526 ut
1199 480 1253 526 et
1280 472 1565 526 adventum
1593 486 1745 525 suum
1776 471 2154 524 annuntiarent

572 578 628 623 ct
648 569 1003 639 promptiores
1019 568 1137 621 illos
1168 566 1484 620 redderent.
1508 565 1733 617 Maxime
1754 565 1803 616 in
1829 564 1950 617 Asia
1971 579 2151 616 versa—

576 670 662 714 tur
683 677 697 717 :
718 670 773 714 et
800 659 991 714 merito
1019 677 1030 708 :
1063 659 1169 712 illic
1187 658 1325 711 enim
1346 669 1694 724 eratmagnus
1718 654 2151 724 philosorilmrnm

571 762 767 809 enatus.
799 753 860 805 Et
885 752 1136 817 veniens,
1172 766 1355 804 rursus
1382 751 1502 804 illos
1523 750 1891 820 alloquebatur
1922 768 1934 803 :
1965 764 2150 818 magna

574 847 770 917 quippe
796 845 903 898 illic
928 854 1041 898 erat
1064 844 1391 913 superstitio.
1436 842 1722 897 Demetrius
1751 845 1885 897 enim
1922 845 2148 912 quidam,

573 937 766 1007 inquit,
797 935 1112 1004 argentarius
1137 934 1356 987 collectis
1384 934 1529 987 istius
1551 935 1673 986 artis
1695 933 1959 1000 opiﬁcibus
1989 935 2153 986 dixit:

583 1028 713 1094 Viri,
741 1029 883 1082 scitis
914 1036 956 1079 et
981 1026 1157 1079 videtis
1183 1035 1232 1079 et
1261 1024 1483 1088 auditis;
1522 1024 1590 1077 ita
1631 1024 1968 1077 manifestum
2021 1022 2149 1075 illud

573 1129 688 1173 erat
720 1134 733 1170 :
765 1116 899 1186 quod
927 1117 1008 1168 hic
1042 1114 1235 1168 Paulus
1270 1115 1486 1168 suadens
1528 1114 1759 1167 subvertit
1807 1115 2018 1167 ntultam
2047 1122 2152 1165 tur-

573 1212 705 1263 bam.
733 1208 912 1276 Itaque
933 1222 1037 1261 non
1063 1206 1345 1269 violenter,
1372 1207 1412 1258 si
1439 1207 1603 1259 suasit
1634 1223 1647 1259 :
1682 1206 1752 1258 ita
1785 1204 2150 1274 persuadenda

573 1300 761 1353 civitas
787 1308 887 1352 est.
918 1297 1119 1352 Deinde
1150 1296 1363 1350 adducit
1404 1296 1475 1358 id,
1507 1296 1645 1363 quod
1692 1297 1806 1349 illos
1837 1294 2147 1349 mordebat:

576 1389 725 1457 Quod
748 1406 847 1441 non
876 1397 991 1442 sunt
1012 1389 1104 1452 dii,
1128 1389 1211 1457 qui
1234 1388 1461 1440 manibus
1483 1389 1713 1440 Immanis
1742 1389 1887 1456 ﬁunt.
1912 1388 2047 1453 Quid
2071 1397 2151 1441 est

576 1480 711 1534 hoc?
737 1479 1028 1543 Subvertit,
1058 1478 1248 1547 inquit,
1274 1487 1439 1531 artem
1472 1486 1731 1530 nostram.
1755 1478 1831 1531 Ne
1852 1493 1979 1531 vero
2005 1478 2149 1547 cogi-

573 1583 749 1629 tarent
775 1583 828 1628 et
856 1572 1114 1635 dicerent,
1150 1571 1286 1640 quod
1336 1571 1486 1624 solus
1514 1570 1673 1623 homo
1722 1570 1841 1623 talia
1875 1570 2067 1639 possit;
2097 1580 2148 1623 et

573 1665 735 1737 quod,
767 1666 811 1720 si
838 1674 1043 1719 tantum
1070 1666 1255 1734 possit,
1282 1664 1355 1718 illi
1385 1664 1602 1732 obsequi
1622 1671 1865 1732 oporteat
1885 1681 1898 1717 :
1920 1662 2143 1717 addidit:

577 1758 742 1823 Quam
785 1767 887 1811 tota
915 1758 1035 1809 Asia
1075 1766 1119 1808 et
1158 1754 1289 1808 orbis
1316 1755 1451 1807 colit.
1486 1754 1681 1808 Vocem
1715 1770 1861 1806 suam
1892 1755 2147 1823 putabant

570 1852 749 1906 divino
792 1850 1010 1920 Spiritui
1039 1849 1360 1912 obfuturum,
1400 1863 1520 1901 cum
1554 1846 1725 1902 Grrcci
1767 1848 1914 1917 pueri
1942 1857 2141 1902 essent.

569 1946 645 1999 Ex
678 1944 798 2010 hoc,
831 1944 1018 2014 inquit,
1061 1942 1273 2013 opilicio
1312 1942 1599 1996 lucramur.
1633 1941 1697 1995 Et
1727 1941 1769 1993 si
1800 1956 1864 1994 ex
1892 1939 1995 1995 hoc
2026 1940 2142 2009 opi-

569 2036 691 2090 licio
718 2034 869 2089 vobis
914 2034 1116 2088 lucrum
1144 2036 1234 2098 sit,
1267 2032 1535 2102 quomodo
1583 2032 1743 2085 homo
1766 2031 1886 2083 vilis
1914 2031 2143 2087 suadere

568 2127 773 2197 potuit?
800 2126 1065 2196 quomodo
1092 2134 1250 2179 tantae
1274 2124 1646 2179 consuetudini
1675 2123 1950 2191 prmvaluit
1972 2124 1994 2175 ?
2015 2123 2141 2192 quid

568 2219 711 2284 fecit,
743 2218 866 2287 quid
897 2216 1064 2270 dixit?
1090 2215 1203 2269 Non
1232 2225 1311 2269 est
1342 2214 1512 2277 Pauli,
1556 2230 1659 2267 non
1691 2223 1770 2267 est
1796 2213 1914 2267 viri.
1948 2213 2015 2268 Et
2044 2217 2143 2270 hoc

566 2309 763 2366 sufficit
787 2308 1006 2371 dixisse,
1041 2305 1162 2360 Non
1193 2316 1308 2359 sunt
1328 2306 1414 2357 dii.
1452 2306 1505 2360 Si
1534 2321 1659 2374 ergo
1682 2306 1749 2359 ita
1776 2304 1928 2359 facile
1952 2304 2141 2375 depre-

567 2400 820 2457 henditur
849 2398 1006 2468 impia
1035 2396 1243 2467 religio,
1270 2396 1379 2465 jam
1421 2395 1550 2449 olim
1579 2397 1882 2448 damnatam
1926 2404 2139 2464 oporte-

561 2495 681 2558 bat;
710 2493 755 2547 si
779 2506 906 2546 vero
927 2490 1097 2545 solida
1129 2490 1217 2553 sit,
1254 2503 1357 2543 non
1390 2497 1496 2541 tam
1523 2490 1630 2542 cito
1660 2486 1773 2540 tolli
1800 2496 1994 2556 potest.
2018 2485 2140 2540 Non

560 2585 711 2639 modo
741 2592 928 2647 autem,
963 2580 1153 2651 inquit,
1180 2582 1273 2633 hoc
1294 2579 1608 2649 periclitatur
1632 2578 1794 2631 nobis.
1823 2578 1984 2645 Quasi
2015 2578 2139 2648 quid

562 2677 733 2747 majus
759 2676 967 2738 dicens,
997 2673 1100 2727 hoc
1125 2671 1381 2726 subdidit.
1420 2670 1514 2724 His
1542 2671 1731 2723 auditis
1758 2670 1937 2740 repleti
1967 2672 2142 2740 furore

561 2767 846 2821 clamabant
886 2780 906 2819 :
948 2763 1138 2832 Magna
1181 2762 1351 2815 Diana
1408 2758 1777 2831 Ephesiorum!
1819 2759 1876 2813 ln
1918 2759 2139 2829 singulis

562 2858 703 2911 enim
733 2854 1037 2909 civitatibus
1059 2852 1129 2906 dii
1152 2850 1353 2920 proprii
1377 2858 1548 2904 erant.
1570 2851 1648 2904 Ac
1670 2851 1746 2905 sic
1766 2848 1938 2904 allecti
1963 2858 2136 2914 erant,

561 2948 707 3017 quasi
736 2960 867 3000 voce
897 2959 989 2998 sua
1021 2943 1218 2997 cultum
1251 2942 1364 3011 ejus
1393 2942 1750 3007 restituerent,
1780 2949 1835 2996 et
1861 2955 1979 3010 qua:
2000 2939 2138 2995 facta

561 3051 713 3097 erant
738 3038 1110 3094 dissolverent.

631 3135 684 3187 '5.
718 3131 845 3185 Vide
879 3129 1201 3184 inconditam
1241 3126 1468 3180 turbam.
1504 3125 1671 3181 Paulo
1698 3136 1901 3191 autem,
1936 3128 2133 3198 inquit,

561 3225 753 3277 volente
782 3224 970 3275 intrare
998 3221 1049 3272 in
1080 3220 1321 3289 papulum
1344 3259 1358 3283 ,
1392 3235 1491 3270 non
1521 3218 1850 3287 permiserunt
1880 3220 2132 3289 discipuli.

560 3315 758 3371 “Paulus
780 3313 938 3383 igitur
962 3311 1161 3379 ingredi
1182 3310 1394 3363 volebat
1419 3309 1765 3363 concionandi
1795 3324 1951 3364 causa
1980 3330 1992 3364 :
2018 3325 2135 3380 pcr—

560 3406 903 3474 seqnutiones
934 3405 1073 3456 enim
1114 3401 1177 3453 ad
1208 3400 1502 3455 doctrinam
1532 3401 1805 3469 captabat;
1849 3402 1939 3455 sed
1971 3402 2132 3457 disci-

554 3498 669 3568 puli
703 3512 804 3549 non
841 3492 1235 3562 permittebant.
1274 3492 1548 3561 Perpende
1581 3501 1775 3561 quanta
1806 3508 1926 3561 erga
1961 3493 2130 3562 ipsum

560 3602 772 3658 semper
793 3584 1122 3657 providentia
1142 3592 1374 3637 utantur.
1398 3584 1461 3636 Et
1481 3583 1547 3637 ab
1568 3583 1716 3636 initio
1742 3584 1912 3652 ipsum
1936 3584 2132 3639 eduxe-

559 3690 713 3745 runt,
756 3692 821 3733 ne
856 3677 1070 3732 letalem
1114 3676 1381 3744 acciperet
1408 3676 1610 3745 plagam
1644 3689 2004 3746 :quamquam
2038 3692 2132 3732 au-

559 3772 783 3832 dierant,
800 3768 936 3838 quod
957 3776 1226 3837 oporteret
1243 3768 1410 3836 ipsum
1428 3767 1646 3821 Romam
1667 3768 1877 3835 videre;
1896 3778 2129 3825 attamen

556 3861 859 3933 prohibent.
888 3858 1002 3913 Non
1030 3857 1145 3913 sine
1174 3858 1501 3927 providentia
1527 3869 1701 3913 autem
1732 3862 2123 3929 przenuntiavlt,

557 3971 624 4011 ne
650 3954 716 4009 de
738 3969 795 4009 re
820 3960 965 4024 gesta
993 3952 1352 4005 turbarentur.
1388 3948 1459 4003 Ita
1486 3952 1733 4006 nolebant
1762 3953 1907 4007 illum
1931 3955 2128 4024 aliquid

554 4047 681 4117 pati.
716 4045 781 4099 Et
811 4044 1015 4112 quidam
1052 4044 1335 4112 principum
1362 4044 1523 4109 Asiae,
1558 4045 1760 4113 inquit,
1789 4046 2030 4116 rogabant
2058 4050 2126 4103 ξι-

558 4138 684 4202 lum,
710 4154 772 4192 ne
796 4138 1003 4190 intraret
1024 4137 1075 4189 in
1109 4138 1376 4189 theatrum.
1411 4138 1718 4207 Promptum
1751 4141 1866 4208 ejus
1891 4142 2125 4197 animum

551 4229 794 4284 videntes
817 4228 1165 4282 obsecrabant
1195 4246 1208 4282 :
1233 4228 1366 4281 adeo
1389 4229 1531 4282 illum
1560 4229 1744 4285 ﬁdeles
1771 4247 1957 4286 omnes
1983 4249 2129 4288 ama-

560 4320 709 4374 bant.
759 4320 828 4374 Et
865 4333 990 4385 cur,
1038 4319 1273 4388 inquies,
1316 4319 1616 4375 Alexander
1655 4322 1820 4376 voluit
1865 4326 2123 4381 rationem

552 4411 816 4467 reddere?
842 4426 969 4464 num
992 4421 1045 4464 et
1067 4411 1181 4478 ipse
1207 4412 1584 4465 accusabatur?
1610 4414 1673 4468 Ut
1699 4416 1906 4469 inventa
1933 4434 2126 4487 oppor-

552 4502 779 4557 tunitate
809 4511 975 4555 totum
1002 4501 1355 4569 subverteret,
1382 4513 1433 4556 et
1461 4505 1635 4573 populi
1670 4504 1900 4561 furorem
1923 4512 2124 4564 exstin-

542 4604 761 4665 gueret.
812 4592 1058 4647 Vidistin’
1107 4592 1337 4647 furorem
1393 4596 1817 4651 tumultuosum?
1877 4600 2017 4655 Bene
2070 4612 2124 4656 et

553 4684 874 4754 increpantis
904 4697 1051 4738 more
1080 4683 1249 4737 seriba
1280 4702 1293 4736 :
1321 4684 1445 4750 Quis
1477 4696 1568 4748 est,
1602 4686 1790 4755 inquit,
1821 4690 1908 4758 qui
1938 4693 2123 4745 nesciat

551 4775 890 4845 Ephesiorum
914 4775 1201 4828 civitatem?
1226 4774 1315 4829 Sic
1337 4776 1482 4840 dicit,
1512 4776 1579 4831 de
1607 4793 1711 4847 quo
1743 4780 2029 4848 timebant;
2062 4798 2123 4838 ac

548 4867 596 4922 si
622 4867 844 4931 diceret,
871 4864 1059 4920 Nonne
1087 4865 1261 4919 colitis
1289 4866 1470 4919 illam?
1498 4866 1679 4936 Neque
1703 4867 1853 4935 dixit,
1886 4870 2015 4937 Quis
2041 4884 2121 4928 est

548 4959 637 5030 qui
674 4974 778 5014 non
822 4959 1031 5013 noverit
1079 4958 1342 5012 Dianam?
1379 4958 1502 5023 sed,
1544 4959 1804 5014 Civitatem
1848 4973 2118 5029 nostram,

548 5052 667 5106 illos
692 5064 1066 5120 compescens.
1096 5048 1222 5105 Cum
1250 5066 1367 5120 ergo
1397 5050 1474 5103 his
1502 5053 1777 5105 contradici
1802 5070 1903 5107 non
1932 5056 2117 5124 possit,

548 5153 741 5213 Oportet
779 5159 865 5195 vos
893 5143 1089 5194 sedatos
1116 5158 1238 5195 esse.
1271 5141 1344 5195 De
1373 5141 1456 5195 his
1486 5143 1785 5212 redarguit,
1812 5160 1873 5199 ac
1902 5146 1946 5200 si
1974 5146 2121 5201 dice-

549 5241 638 5289 ret
659 5248 674 5285 :
696 5236 835 5299 Quid
866 5248 992 5300 ergo
1022 5233 1258 5300 quaeritis
1279 5274 1293 5298 ,
1335 5234 1483 5302 quasi
1522 5233 1635 5288 hrrc
1668 5236 1865 5290 incerta
1905 5240 2120 5293 essent?

548 5324 726 5394 palam
758 5331 870 5389 est,
897 5324 1273 5377 contumeliam
1302 5326 1353 5378 in
1381 5325 1533 5380 deam
1566 5327 1708 5381 illam
1736 5329 1981 5384 transire.
2018 5331 2115 5385 Re-

549 5416 759 5485 ligionis
779 5414 997 5469 obtentu
1017 5414 1217 5468 lucrum
1235 5431 1385 5469 suum
1406 5416 1618 5473 firmare
1635 5420 1897 5475 volebant.
1920 5423 2119 5478 Deinde

547 5506 740 5561 leniter
762 5505 1066 5575 perstringit
1090 5520 1215 5569 eos;
1250 5507 1536 5563 ostendens
1558 5510 1676 5565 illos
1696 5511 1895 5582 absque
1916 5514 2121 5571 ratione

545 5594 883 5653 convenisse.
913 5592 982 5648 Et
1008 5596 1155 5659 nihil,
1188 5596 1379 5666 inquit,
1417 5606 1597 5655 temere
1624 5617 1790 5672 agere.
1819 5603 2118 5662 Ostendens

548 5704 644 5746 eos
665 5689 960 5760 petulanter
987 5688 1180 5759 egisse,
1213 5688 1315 5743 hoc
1342 5689 1492 5748 dixit.
1523 5692 1670 5759 Quod
1690 5696 1732 5748 si
1761 5694 2046 5751 Demetrius
2072 5707 2118 5750 et

546 5780 633 5853 qui
660 5797 775 5835 cum
789 5796 849 5835 eo
869 5792 1012 5849 sunt,
1038 5782 1220 5837 habent
1245 5783 1481 5839 adversus
1508 5787 1725 5859 aliquem
1744 5803 1971 5857 causam,
1998 5804 2117 5860 pro-

1289 357 1343 414 S.
1380 348 1655 413 JOANNIS
1704 308 2176 411 CII‘RYSOSTOMI
2227 355 2543 411 ARCIIlEP.
2582 354 3109 414 CONSTANTINOP.

2158 5394 2192 5410 ο*

3688 368 3759 429 300

2259 471 2488 524 consules
2522 481 2657 524 sunt.
2690 471 2799 525 llac
2842 471 2910 525 de
2961 489 3022 527 re
3068 472 3280 542 culpat,
3312 482 3367 527 et
3394 473 3652 532 ostendens
3682 498 3761 540 non

2258 572 2507 630 Oportcre
2530 563 2857 633 privatorum
2879 566 3161 620 criminum
3181 580 3339 619 causa
3361 580 3664 625 communem
3682 576 3763 635 fieri

2258 662 2597 708 conventum.
2631 652 2770 705 Nam
2796 655 3075 722 periculum
3101 666 3192 720 est,
3225 656 3413 725 inquit,
3435 674 3496 710 ne
3518 674 3763 721 accusantur.

2259 743 2369 797 [lac
2397 760 2453 798 re
2484 746 2601 797 illos
2626 745 2674 797 in
2702 747 2971 815 angustias
2995 748 3231 815 conjicit.
3258 747 3381 801 Cum
3402 749 3539 802 nulla
3562 753 3615 805 sit
3634 770 3765 819 causa,

2259 837 2459 905 inquit,
2503 838 2567 891 de
2600 854 2699 907 qua
2726 840 2974 907 possimus
3004 841 3156 909 hujus
3184 842 3422 895 tumultus
3448 842 3664 898 rationem
3684 853 3765 902 red-

2257 930 2393 981 dere.
2435 930 2567 983 Vide
2614 946 2768 999 quam
2822 932 3111 999 prudenter
3155 933 3237 986 vel
3286 931 3524 987 inﬁdeles
3566 938 3768 994 rationem

2260 1020 2501 1079 reddant.
2547 1030 2601 1074 et
2641 1037 2797 1091 quam
2830 1024 3118 1089 sapienter.
3166 1025 3253 1077 Sic
3294 1025 3525 1079 furorem
3551 1031 3766 1085 exstinxit.

2260 1108 2325 1163 lit
2346 1118 2485 1164 enim
2514 1112 2665 1166 facile
2688 1114 3014 1179 accenditur,
3041 1115 3257 1183 perinde
3279 1115 3432 1170 facile
3455 1118 3768 1188 exstinguitur.

2258 1198 2325 1251 Et
2369 1201 2446 1253 his
2487 1203 2634 1255 dictis
2676 1214 2853 1256 caelum
2884 1205 3048 1258 solvit.
3092 1205 3277 1258 Viden’
3310 1207 3473 1260 Deum
3514 1213 3771 1267 tentatioaes

2260 1292 2590 1358 permittere,
2622 1309 2683 1349 ac
2713 1310 2804 1362 per
2834 1295 2948 1348 illas
2985 1294 3277 1364 discipulos
3304 1297 3535 1350 excitare
3559 1308 3607 1351 et
3632 1302 3775 1371 vigiles

2256 1384 2478 1440 reddere
2498 1429 2512 1451 ,
2556 1403 2617 1441 ac
2664 1389 3010 1443 ferventiores
3054 1390 3299 1443 efficere?
3328 1390 3403 1444 Ne
3424 1406 3553 1459 ergo
3578 1397 3775 1449 concida-

2254 1489 2371 1529 mus
2400 1476 2451 1529 in
2485 1479 2869 1533 tentationibus
2895 1497 2907 1533 :
2935 1481 3047 1549 ipse
3085 1496 3311 1550 namque
3341 1482 3537 1535 exitum
3562 1483 3714 1549 dabit,
3737 1498 3778 1541 ut

2254 1568 2516 1634 possimus
2545 1571 2828 1625 sustinere.

2322 1657 2579 1713 xErumna
2604 1664 2791 1717 anticos
2820 1663 3049 1717 devincit.
3075 1665 3397 1734 Comparatio
3420 1667 3599 1721 domus
3618 1672 3781 1740 nuptia-

2249 1764 2363 1801 rum
2396 1767 2510 1803 cum
2557 1753 2706 1807 domo
2758 1755 3191 1810 luctus.—Nihil
3236 1757 3304 1810 ita
3348 1759 3548 1812 amicos
3591 1760 3778 1815 devincit

2249 1849 2304 1895 et
2346 1844 2619 1915 conjungit
2655 1855 2713 1899 ut
2751 1862 3016 1910 mrumna;
3054 1849 3183 1903 nihil
3226 1849 3299 1903 ita
3339 1849 3574 1905 ﬁdelium
3614 1854 3782 1909 animos

2248 1938 2559 2005 constringit
2588 1948 2643 1992 et
2672 1941 2911 2012 colligat;
2956 1943 3087 1998 nihil
3122 1944 3274 2000 nobis
3303 1946 3603 2001 doctoribus
3624 1964 3782 2017 oppor-

2248 2025 2447 2090 tunius,
2481 2038 2537 2081 ut
2566 2029 2702 2084 dicta
2734 2044 2915 2086 nostra
2936 2035 3236 2088 audiantur.
3262 2036 3490 2089 Auditor
3511 2038 3648 2091 enim
3671 2047 3783 2092 trau-

2252 2117 2416 2185 qnille
2443 2135 2606 2189 agens
2649 2124 2822 2178 mollis
2848 2135 3013 2180 estet
3051 2128 3299 2195 ignavus,
3340 2138 3393 2183 et
3432 2130 3649 2185 moleste
3674 2130 3784 2187 ferre

2247 2209 2452 2263 videtur
2477 2223 2774 2279 oratorem;
2810 2216 2859 2269 in
2887 2220 3144 2272 mrumnis
3166 2235 3295 2273 vero
3319 2229 3374 2274 et
3394 2220 3648 2289 angustiis
3668 2223 3786 2291 posi-

2247 2307 2347 2362 tus,
2381 2301 2430 2353 in
2456 2304 2677 2357 multum
2703 2306 2951 2361 audiendi
2974 2307 3295 2363 desiderium
3319 2309 3523 2365 incidit.
3546 2310 3667 2365 Nam
3689 2328 3787 2366 cum

2244 2391 2455 2460 angitur
2487 2397 2717 2462 animus,
2751 2397 2983 2467 undique
3011 2400 3430 2455 consolationem
3460 2404 3676 2467 qumrit;
3702 2418 3789 2458 nou

2247 2484 2520 2538 minimam
2569 2498 2745 2542 autem
2800 2505 2977 2544 sermo
3028 2491 3182 2546 alii-rt
3230 2492 3665 2549 consolationem.
3707 2496 3792 2550 Cur

2243 2587 2391 2640 ergo,
2426 2574 2652 2643 inquies,
2685 2576 2855 2631 Judmi
2883 2594 3000 2632 cum
3028 2581 3408 2651 affligerentur,
3454 2598 3522 2638 ex
3556 2583 3789 2653 pusillani-

2242 2663 2429 2719 niitate
2472 2682 2574 2720 non
2622 2669 2946 2723 audiebant?
2988 2672 3119 2739 Quia
3158 2673 3325 2728 Judaei
3366 2676 3583 2740 erant,
3614 2692 3792 2745 semper

2243 2754 2535 2812 imbecilles
2556 2770 2609 2812 et
2632 2761 2810 2814 miseri
2838 2781 2850 2814 :
2874 2762 3106 2832 alioquin
3130 2780 3255 2819 vero
3277 2780 3471 2835 magna
3494 2766 3564 2820 ibi
3587 2771 3790 2837 angustia

2242 2856 2387 2914 erat;
2420 2849 2575 2903 nobis
2594 2862 2768 2905 autem
2789 2852 2855 2907 de
2880 2854 3129 2909 mediocri
3153 2865 3234 2910 est
3254 2872 3454 2912 sermo.
3477 2858 3611 2915 Vide
3626 2876 3793 2929 porro:

2242 2940 2627 3006 exspectabant
2670 2941 2744 2995 illi
2787 2942 2998 2997 liberari
3027 2961 3055 2998 a
3086 2947 3238 3000 malis
3265 2950 3654 3016 praesentibus,
3683 2960 3728 3003 et
3751 2951 3791 3003 in

2240 3028 2484 3096 graviora
2512 3031 2788 3086 innumera
2818 3034 3121 3089 incidebant
3143 3055 3155 3089 :
3180 3038 3280 3091 hoc
3308 3048 3493 3094 autem
3516 3056 3619 3094 non
3641 3041 3798 3096 leviter

2239 3121 2472 3174 animum
2516 3124 2566 3176 in
2606 3139 2893 3180 mterorem
2925 3128 3102 3181 trahit.
3134 3128 3413 3185 Erumna:
3446 3148 3551 3188 nos
3575 3134 3641 3190 ab
3666 3136 3795 3203 hujus

2240 3213 2422 3266 mundi
2450 3210 2639 3268 affectu
2671 3217 2985 3272 abstrahunt
3013 3221 3224 3274 :statim
3256 3238 3385 3276 vero
3427 3235 3657 3279 mortem
3684 3227 3797 3293 peti-

2240 3315 2357 3355 unus
2376 3344 2389 3366 ,
2427 3318 2524 3357 nec
2564 3321 2747 3360 sumus
2775 3310 3016 3377 corporis
3042 3320 3333 3377 amatores;
3363 3316 3513 3383 quod
3548 3327 3628 3371 est
3656 3317 3796 3387 philo-

2238 3393 2443 3460 sophia:
2472 3410 2592 3461 pars
2620 3399 2872 3465 maxima,
2900 3416 3003 3453 non
3031 3401 3266 3457 deditum
3290 3421 3392 3460 nec
3413 3407 3683 3463 addictum
3703 3424 3799 3465 esse

2237 3488 2485 3555 przusenti
2517 3491 2659 3542 vitaz.
2693 3491 2898 3545 Afﬂicta
2927 3494 3102 3547 anima
3127 3512 3229 3548 non
3253 3498 3366 3551 vult
3390 3502 3581 3554 multis
3603 3502 3796 3565 hzerere,

2237 3579 2331 3632 sed
2363 3585 2748 3635 recreationem
2774 3594 2974 3639 tantum
3002 3589 3283 3657 quamdam
3310 3599 3365 3645 et
3386 3593 3631 3660 quietem
3653 3606 3798 3651 amat:

2234 3680 2381 3738 optat
2411 3687 2437 3721 a
2470 3675 2820 3739 prmsentibus
2850 3678 3018 3746 eripi,
3054 3679 3260 3734 etiamsi
3288 3682 3431 3737 nihil
3463 3685 3612 3739 aliud
3642 3688 3719 3740 sit.
3743 3684 3797 3742 Ut

2234 3776 2425 3830 corpus
2454 3764 2797 3835 defatigatum
2846 3780 2899 3821 et
2946 3770 2995 3822 in
3039 3772 3252 3826 miseria
3280 3788 3548 3841 Versans,
3585 3792 3684 3833 non
3712 3778 3801 3831 vult

2233 3867 2413 3907 amare
2443 3870 2540 3908 nec
2573 3859 2742 3910 ventri
2771 3859 2991 3922 servire,
3025 3862 3117 3915 sed
3149 3865 3431 3932 quiescere
3461 3877 3521 3921 et
3552 3867 3798 3938 tranquille

2229 3958 2391 4013 agere
2425 3964 2435 3997 :
2467 3947 2543 4001 sic
2584 3960 2636 4001 et
2674 3950 2846 4003 anima
2893 3952 3183 4007 innumeris
3226 3968 3505 4012 macerata
3552 3960 3797 4021 malisnd

2232 4036 2461 4103 quietem
2485 4048 2537 4091 ct
2566 4042 3002 4108 tranquillitatem
3031 4042 3264 4099 festinat.
3287 4045 3410 4114 illa,
3434 4066 3562 4118 qum
3580 4052 3633 4104 in
3654 4050 3795 4120 quiete

2230 4129 2357 4196 agit,
2391 4130 2599 4198 stupida
2625 4141 2722 4195 est,
2756 4134 3021 4201 turbatur,
3045 4138 3287 4193 sublimis
3315 4141 3532 4209 fertur;
3565 4143 3678 4200 hac
3697 4154 3793 4198 mo

2231 4221 2362 4275 nihil
2408 4222 2472 4275 ad
2526 4224 2667 4293 quod
2718 4224 2924 4291 inhiet,
2977 4229 3107 4283 nihil
3153 4229 3353 4285 ﬂuxum
3414 4234 3671 4303 habens,
3711 4241 3792 4288 tota

2229 4315 2640 4384 constringitur,
2682 4333 2781 4372 nec
2807 4320 3035 4376 sublime
3060 4324 3235 4392 sapit:
3260 4333 3313 4377 et
3343 4325 3444 4379 illa
3475 4327 3684 4395 fortior,
3708 4326 3795 4378 hac

2229 4406 2482 4472 puerilior
2520 4416 2632 4470 est;
2681 4409 2765 4461 illa
2805 4412 3049 4479 gravior,
3102 4414 3214 4469 hinc
3259 4415 3465 4471 levior.
3513 4418 3587 4474 Et
3619 4416 3796 4473 sicutsi

2218 4498 2353 4566 quid
2380 4499 2439 4552 in
2467 4499 2777 4567 profundam
2801 4518 2989 4569 aquam
3014 4504 3233 4574 incidat,
3259 4511 3299 4562 si
3326 4510 3460 4565 leve
3482 4512 3559 4567 sit
3579 4510 3795 4565 ﬂuetuat:

2229 4589 2306 4643 sic
2336 4599 2389 4644 et
2417 4592 2591 4645 anima
2635 4596 2685 4646 in
2715 4595 2963 4663 gaudium
3004 4601 3227 4653 multum
3270 4603 3557 4661 incidens.
3605 4603 3804 4660 Maxima

2228 4694 2356 4734 vero
2380 4692 2592 4751 peccata
2619 4700 2648 4737 a
2674 4686 2839 4740 multa
2866 4689 3135 4757 voluptate
3163 4694 3313 4748 nobis
3338 4698 3486 4750 oriri
3513 4697 3695 4753 videre
3714 4708 3797 4753 δι.

2229 4771 2323 4837 Ει,
2372 4774 2417 4827 si
2468 4775 2673 4843 placet,
2721 4778 2909 4833 domos
2957 4781 3091 4836 duas
3134 4784 3568 4855 describamus;
3608 4790 3800 4844 alteram

2226 4863 2571 4932 nuptiarum,
2618 4867 2841 4922 alteram
2875 4870 3084 4926 luctus:
3111 4875 3161 4927 in
3194 4884 3499 4948 utramque
3530 4888 3705 4935 mente
3736 4880 3801 4932 in-

2224 4952 2529 5020 grediamur
2553 4973 2567 5009 :
2588 4957 2864 5014 videamus
2891 4972 3006 5016 utra
3052 4964 3122 5018 sit
3149 4966 3361 5022 melior.
3399 4968 3614 5027 Luctus
3636 4971 3801 5025 domus

2226 5042 2528 5099 invenietur
2552 5046 2888 5118 philosophia
2915 5053 3088 5121 plena,
3118 5055 3309 5111 domus
3336 5074 3487 5114 vero
3521 5065 3800 5133 nuptiarum

2226 5135 2574 5205 turpitudine.
2612 5139 2742 5196 Vide
2784 5150 3241 5218 namque:turpia
3286 5152 3406 5207 illic
3460 5159 3629 5211 verba
3672 5166 3803 5216 sunt.

2223 5225 2365 5279 risus
2409 5226 2734 5297 inconditus,
2773 5247 2987 5301 gressus
3028 5237 3398 5308 incompositi,
3449 5247 3621 5299 vestis
3657 5256 3706 5299 et
3738 5246 3803 5295 in-

2223 5329 2407 5371 cessus
2440 5319 2765 5387 turpitudine
2794 5323 3009 5391 plenus,
3039 5339 3220 5397 gestus
3251 5330 3478 5388 insania
3516 5346 3574 5389 et
3602 5333 3804 5390 stultitia

2224 5411 2388 5465 multa
2414 5430 2427 5464 :
2452 5413 2503 5465 in
2546 5429 2750 5468 summa
2783 5416 2915 5471 nihil
2959 5418 3052 5481 ibi,
3103 5436 3260 5490 quam
3299 5424 3463 5479 risus
3512 5438 3570 5481 et
3607 5427 3803 5481 derisio.

2222 5497 2338 5552 Non
2390 5500 2456 5556 de
2495 5503 2625 5572 ipsis
2663 5507 2861 5575 nuptiis
2901 5509 3054 5573 dico,
3098 5512 3264 5578 absit;
3303 5515 3414 5569 sed
3458 5518 3532 5572 de
3575 5518 3670 5583 iis,
3708 5532 3807 5586 qua:

2224 5593 2435 5661 nuptias
2474 5599 2813 5653 comitantur.
2865 5601 3015 5656 Tunc
3054 5615 3239 5657 natura
3278 5605 3806 5677 debacchatur:qni

2226 5682 2419 5738 adsunt
2448 5700 2513 5739 ex
2544 5688 2847 5744 hominibus
2882 5692 3033 5747 bruta
3070 5693 3240 5761 ﬁunt,
3283 5697 3387 5752 alii
3437 5711 3503 5753 ut
3541 5702 3665 5770 equi
3702 5699 3808 5753 hin—

2227 5772 2400 5843 niunt,
2419 5778 2509 5835 alii
2529 5789 2585 5834 ut
2604 5780 2738 5836 asini
2757 5783 3033 5840 calcitrant
3050 5801 3066 5842 :
3084 5801 3269 5858 magna
3288 5787 3618 5859 dissolutio,
3641 5804 3809 5861 magna
