4098 6354
168 256 288 313 9.99

185 372 468 439 Ἀχαΐαν,
511 372 871 440 πορεύεσθαι
909 374 997 439 εἰς
1050 373 1459 444 Ἰεροσόλυμα.
1492 374 1606 426 Οὐκ
1648 372 1729 426 ἔτι
1760 374 1859 427 ἁν-

169 460 476 530 θρωπίνως
510 462 743 516 ἐνταῦθα
767 466 929 524 ποιεῖ,
958 464 1093 516 ἀλλά
1126 464 1405 533 ΙΙνεύματι
1432 504 1447 526 ,
1476 458 1520 532 ᾧ
1547 464 1641 517 καὶ
1673 463 1859 535 προεί-

165 548 302 600 λετο
327 549 587 603 διελθεῖν.
618 550 788 603 Τοῦτο
822 550 933 621 γάρ
956 552 1070 603 ἐστι
1095 551 1183 614 τὸ,
1218 551 1448 615 Ἐθετο,
1480 552 1576 605 καὶ
1604 551 1856 623 τοιαύτην

165 636 200 687 ὁ
230 636 395 703 λόγος
425 636 637 690 ἔννοιαν
662 637 797 708 ἔχει.
827 638 985 701 Τίνος
1024 639 1081 691 δέ
1117 639 1302 693 ἕνεκεν
1343 639 1664 692 ἀποστέλλει
1692 639 1858 708 Τιμό-

168 721 298 775 θεον
335 725 436 777 καὶ
459 726 758 794 Ἔραστον,
803 726 865 778 οὐ
913 726 1092 795 λέγει·
1130 728 1253 797 ἐμοὶ
1301 727 1361 781 δὲ
1399 727 1546 780 δοκεῖ
1589 728 1681 780 καὶ
1730 728 1859 797 περὶ

167 810 373 864 τούτου
404 814 580 865 εἰπεῖν
605 813 687 876 τὸ,
741 814 843 867 Ἐν
879 815 1198 883 Πνεύματι.
1246 815 1346 869 Διὸ
1368 815 1580 884 μηκέτι
1609 812 1856 884 στέγον-

168 915 299 964 τες,
329 900 758 968 εὐδοκήσαμεν
776 902 1245 970 καταλειφθῆναι
1267 903 1338 956 ὲν
1366 902 1641 968 Ἀθήναις
1660 904 1855 971 μόνοι.

169 987 288 1039 Καὶ
313 988 444 1054 ὅρα,
474 986 569 1040 δύο
592 988 702 1041 τῶν
730 988 1124 1043 διακονούντων
1157 990 1307 1060 αὐτῷ
1331 990 1640 1052 ἀπέστειλε,
1672 992 1770 1060 τήν
1797 1007 1858 1042 τε

170 1075 492 1143 παρουσίαν
565 1076 898 1143 ἀπαγγεῖλαι
968 1078 1062 1129 καὶ
1120 1077 1557 1148 προθυμοτέρους
1607 1079 1854 1148 ποιῆσαι.

173 1164 436 1218 Μάλιστα
478 1166 697 1218 πάντων
735 1169 801 1236 τῇ
838 1165 992 1235 ’Λσία
1018 1166 1373 1237 ἐνδιατρίϐει⁸
1429 1168 1689 1229 εἰκότωςο
1743 1169 1860 1221 ἐκεῖ

173 1253 285 1320 7&9
333 1247 409 1321 ἦν
456 1255 490 1322 ἡ
534 1252 704 1322 πολλὴ
739 1253 940 1322 φατρία
982 1254 1092 1306 τῶν
1142 1254 1464 1322 φιλοσόφων.
1520 1256 1629 1307 Καὶ
1663 1254 1854 1322 ἐλθὼν,

173 1342 340 1393 πάλιν
380 1343 571 1404 αὐτοῖς
611 1342 878 1410 διελέγετο
898 1360 912 1373 ⁸
956 1345 1051 1397 καὶ
1080 1344 1189 1415 7&9
1215 1345 1382 1416 πολλὴ
1404 1342 1472 1416 ἦν
1505 1347 1623 1398 ἐκεῖ
1649 1348 1680 1417 ἡ
1704 1346 1859 1399 δεισιο

172 1428 452 1498 δαιμονία.
512 1430 840 1498 Δημήτριος
898 1432 1009 1501 γάρ
1059 1450 1167 1497 τις,
1199 1434 1384 1503 φησὶν,
1423 1436 1855 1504 ἀργυροκόπος,

173 1518 600 1584 συναθροίσας
628 1519 770 1584 τοὺς
793 1520 927 1587 περὶ
963 1522 1033 1574 τὰ
1066 1522 1310 1575 τοιαῦτα
1352 1523 1629 1591 ἐργάτας,
1653 1524 1853 1577 εἶπεν·

178 1603 456 1671 Ἄνδρες,
482 1604 816 1661 ἐπίστασθε
836 1608 935 1660 καὶ
979 1609 1243 1676 θεωρεῖτε
1282 1612 1381 1663 καὶ
1402 1612 1653 1665 ἀκούετε
1670 1627 1686 1643 ⁸
1714 1609 1857 1664 οὕτω

174 1693 485 1762 κατάδηλον
531 1690 600 1764 ἦν
656 1694 718 1747 τὸ
774 1696 1087 1765 γινόμενον
1142 1698 1273 1753 ’Ότι
1326 1695 1529 1764 οὗτος,
1581 1700 1770 1768 φησὶν,
1819 1702 1853 1752 ὀ

175 1780 425 1844 Παῦλος
458 1782 686 1848 πείσας
709 1784 1092 1852 μετέστησεν
1112 1786 1322 1838 ἰκανὸν
1356 1786 1564 1854 ὄχλον.
1598 1786 1762 1839 Ὥστε
1795 1787 1855 1839 οὐ

178 1869 390 1937 βιαίως,
416 1872 467 1922 εί
500 1871 740 1922 ἐπεισεν⁸
765 1871 907 1923 οὕτω
938 1872 1019 1924 δεῖ
1041 1872 1247 1924 πείθειν
1279 1873 1454 1925 πόλιν.
1487 1868 1621 1926 Εἶτα
1654 1874 1852 1942 ἐπάγει

174 1958 311 2024 ὅπερ
331 1958 519 2009 αὐτῶν
554 1958 887 2027 καθήπτετο,
910 1960 991 2011 ὅτι
1016 1960 1136 2011 Οὐκ
1162 1960 1279 2012 εἰσί
1303 1960 1423 2012 θεοὶ
1445 1962 1498 2012 οἱ
1519 1959 1617 2013 διὰ
1643 1959 1857 2028 χειρῶν

178 2046 503 2111 γινόμενοι.
529 2045 596 2095 Τί
622 2046 738 2095 ἐστι
768 2045 955 2108 τοῦτο;
996 2046 1335 2115 ’Δνατρέπει,
1369 2047 1521 2115 φησί,
1545 2046 1641 2117 τὴν
1663 2047 1857 2116 τέχνην

182 2131 278 2199 τὴν
312 2132 614 2200 ἡμετέραν.
666 2131 777 2182 Καὶ
822 2132 907 2183 ἵνα
941 2133 1014 2202 μὴ
1039 2128 1352 2202 ἐννοήσωσι,
1384 2134 1477 2187 καὶ
1501 2132 1747 2197 εἴπωσιν,
1776 2134 1857 2186 ὃτι

192 2218 348 2284 μόνος
374 2217 657 2285 ἅνθρωπος
684 2217 907 2270 τοιαῦτα
954 2219 1147 2287 ἰσχύει,
1182 2220 1276 2272 καὶ
1306 2222 1355 2272 εί
1383 2219 1632 2273 τοσοῦτον
1663 2220 1855 2290 ἰσχύει,

190 2302 336 2371 αὐτῴ
360 2304 436 2356 δεῖ
462 2304 768 2367 πείθεσθαι,
788 2306 1095 2375 ἐπήγαγεν
1124 2309 1231 2361 Ἢν
1266 2307 1378 2374 ὅλη
1413 2310 1451 2376 ἡ
1482 2309 1653 2362 Ἀσία
1686 2308 1785 2362 καὶ
1820 2310 1857 2378 ἡ

184 2392 500 2460 οἰκουμένη
552 2392 810 2445 σέϐεται.
848 2392 959 2463 Τὴν
984 2395 1165 2466 φωνὴν
1193 2394 1371 2448 αὐτῶν
1400 2395 1565 2465 ᾤοντο
1599 2397 1861 2466 ἐπιτειχί-

180 2480 292 2541 ζειν
435 2479 718 2549 Πνεύματι
747 2480 823 2551 τῷ
863 2480 1013 2551 θείῳ,
1049 2480 1199 2545 ὄντες
1232 2483 1419 2545 παῖδες
1438 2483 1719 2553 Ἕλληνες.
1765 2484 1859 2536 Ἐκ

176 2566 380 2635 ταύτης
436 2568 539 2636 τῆς
588 2568 871 2637 ἐργασίας,
926 2569 1113 2638 φησὶν,
1168 2569 1463 2639 ἡεύπορία
1514 2572 1672 2641 ἡμῶν
1724 2573 1859 2624 ἐστι.

175 2654 288 2705 Καὶ
333 2655 385 2705 εἰ
436 2654 546 2705 ἀπὸ
576 2655 779 2724 ταύτης
807 2655 907 2723 τῆς
938 2656 1200 2727 ἐργασίας
1223 2657 1453 2728 εὐπορία
1484 2657 1612 2727 ύμῖν
1646 2658 1863 2728 περιγί-

173 2757 354 2801 νεται,
396 2740 520 2803 πῶς
549 2740 768 2794 ἔπεισεν
802 2741 1087 2811 ἄνθρωπος
1130 2744 1387 2815 εὐτελὴς;
1442 2744 1558 2808 πῶς
1594 2748 1861 2816 τοσαύτης

174 2829 457 2898 ἐκράτησε
506 2829 825 2900 συνηθείαςς
870 2830 920 2882 τί
964 2831 1133 2885 ποιῶν
1184 2832 1297 2900 ἢτί
1333 2833 1542 2901 λέγων;
1597 2834 1710 2887 Οὐκ
1745 2833 1860 2887 ἐστι

175 2916 422 2979 Παύλου,
459 2916 561 2969 οὐκ
594 2918 742 2970 ἐστιν
790 2918 1000 2989 ἀνδρός.
1057 2920 1165 2973 Καὶ⁵
1207 2920 1365 2974 τοῦτο
1393 2922 1551 2992 άρκεῖ
1576 2922 1636 2974 τὸ
1664 2923 1859 2986 εἰπεῖν,

172 3006 257 3057 ὅτι
290 3007 419 3057 Οὐκ
465 3004 586 3057 είσί
617 3006 760 3059 θεοί.
789 3007 850 3059 Εἰ
881 3007 980 3077 μὲν
1009 3002 1102 3061 οὖν
1131 3008 1305 3071 οὕτως
1336 3009 1650 3079 εὐφώρατον
1671 3010 1734 3063 τὸ
1764 3012 1863 3080 τῆς

172 3088 440 3151 ἀσεϐείας
458 3090 685 3151 ’,πάλαι
719 3091 1310 3161 καταγνωσθῆναιέδειο
1340 3094 1387 3143 εἰ
1411 3091 1468 3143 δὲ
1500 3093 1738 3163 ἰσχυρὸν,
1765 3096 1863 3164 οὐχ

174 3178 361 3243 οὕτως
391 3178 755 3248 ἀναιρεθῆναι
784 3180 1013 3249 ταχέως.
1052 3182 1133 3234 Οὐ
1158 3182 1351 3249 μόνον
1380 3180 1468 3242 δὲ,
1508 3183 1659 3249 φησι,
1688 3182 1864 3235 τοῦτο

172 3266 525 3320 κινδυνεύει
562 3267 708 3336 ἡμῖν
750 3268 817 3321 τὸ
854 3270 1058 3337 μέρος.
1098 3270 1184 3332 Ὠς
1209 3269 1274 3339 δή
1317 3269 1369 3321 τί
1409 3287 1538 3322 ποτε
1572 3273 1753 3341 μεῖζον
1780 3271 1864 3323 λέ-

171 3370 311 3421 γων,
348 3354 512 3407 τοῦτο
540 3355 840 3424 ἐπήγαγεν.
872 3356 1272 3423 Ἀκούσαντες
1302 3356 1373 3409 δὲ
1429 3356 1527 3410 καὶ
1558 3360 1863 3428 γενόμενοι

172 3439 439 3508 πλήρεις
462 3443 653 3511 θυμοῦ
680 3444 959 3512 ἔκραζον
1007 3445 1250 3514 Μεγάλη
1308 3446 1347 3513 ἠ
1398 3446 1665 3515 Ἄρτεμις
1696 3448 1864 3516 Ἐφεο

173 3530 354 3581 σίων.
394 3530 558 3582 Κατά
592 3530 749 3583 πόλιν
796 3532 904 3602 γὰρ
934 3533 1116 3595 αὐτοῖς
1140 3528 1281 3603 ἦσαν
1310 3533 1438 3587 θεοί.
1484 3535 1594 3588 Καὶ
1613 3534 1756 3588 οῦτω
1786 3536 1863 3589 δι-

174 3618 416 3681 έκειντο,
448 3619 523 3681 ῶς
548 3619 638 3673 διὰ
663 3620 758 3689 τῆς
788 3621 969 3690 φωνῆς
994 3620 1369 3691 ἀνακτώμενοι
1395 3622 1456 3675 τὸ
1487 3622 1650 3687 σέϐας
1670 3624 1859 3694 αὐτῆς,

174 3708 272 3759 καὶ
297 3706 371 3758 τά
396 3707 743 3776 γεγενημένα
774 3708 1117 3771 ἀναλύοντες.

246 3792 477 3863 τ.“υρα
507 3794 739 3847 ἄτακτον
776 3794 995 3863 πλῆθος.
1024 3795 1136 3849 Τοῦ
1158 3795 1225 3849 δὲ
1244 3796 1512 3859 Παύλου,
1544 3796 1698 3867 φησὶ,
1718 3798 1862 3861 βου-

174 3880 447 3948 ,λομὲνου
471 3881 770 3934 εἰσελθεῖν
796 3885 884 3947 εἰς
916 3883 1021 3934 τὸν
1050 3881 1263 3950 δῆμον,
1290 3885 1402 3938 οὐκ
1422 3884 1561 3936 εἴων
1588 3885 1775 3939 αὑτὸν
1804 3889 1859 3940 οἱ

169 3968 464 4037 μαθηταί.
495 3968 555 4020 Ὀ
580 3969 678 4039 μὲν
703 3965 796 4022 οῦν
824 3968 1037 4033 Παῦλος
1062 3970 1313 4023 ἐϐούλετο
1340 3971 1601 4024 εἰσελθεῖν
1627 3972 1861 4043 δημηγο-

180 4056 351 4125 ρῆσαι
373 4073 385 4085 ⁸
407 4054 560 4126 [321]
584 4056 711 4119 τοὺς
736 4058 843 4126 7&9
874 4056 1147 4126 διωγμοὺς
1172 4058 1479 4128 ἐλάμϐανεν
1504 4060 1583 4122 εἰς
1604 4059 1859 4115 διδασκα-

177 4144 301 4197 λίαν
322 4160 335 4172 ⁸
359 4143 480 4195 ἀλλ’
506 4144 555 4194 οἰ
583 4142 822 4213 μαθηταὶ
844 4144 942 4197 οὐκ
967 4146 1092 4197 εἴων
1110 4144 1291 4198 αὐτόν.
1320 4145 1540 4209 Σκόπει,
1565 4146 1706 4220 πόσῃ
1732 4150 1860 4219 περὶ

176 4232 344 4285 αὐτὸν
362 4232 591 4301 προνοίᾳ
621 4232 912 4301 κέχρηνται
946 4234 1241 4304 πανταχοῦ.
1266 4234 1376 4287 Καὶ
1402 4235 1459 4300 ἐξ
1482 4236 1659 4305 ἀρχῆς
1693 4237 1857 4291 αὐτὸν

176 4320 475 4389 ἐξήγαγον,
508 4318 648 4371 ὣστε
681 4320 755 4390 μὴ
780 4322 908 4389 περὶ
936 4321 1005 4373 τὰ
1026 4323 1217 4393 καίρια
1269 4322 1455 4375 λαϐεῖν
1482 4324 1579 4391 τὴν
1607 4324 1852 4395 πληγήν⁸

178 4408 355 4460 καίτοι
392 4423 457 4475 γε
510 4408 769 4476 ἤκουσαν,
822 4410 907 4461 ὅτι
955 4409 1036 4461 δεῖ
1092 4411 1187 4461 καὶ
1231 4408 1447 4479 Ῥώμην
1499 4409 1656 4463 ἰδεῖν⁸
1708 4411 1858 4482 ὅμως

177 4496 505 4547 κωλύουσιν.
567 4496 940 4565 Οἰκονομικῶς
994 4496 1048 4549 δὲ
1094 4496 1476 4566 προαγορεύει,
1537 4496 1622 4549 ἵνα
1655 4498 1728 4567 μὴ
1781 4497 1856 4568 τῷ

176 4584 462 4652 γενομένῳ
493 4582 886 4650 θορυϐηθῶσιν.
915 4582 1102 4646 Οὕτως
1134 4582 1255 4635 οὐδέ
1301 4582 1530 4653 πάσχειν
1584 4602 1635 4637 τι
1695 4585 1856 4638 αὐτὸν

176 4670 466 4723 ἐϐούλοντο
498 4671 548 4722 ιδ.
575 4670 685 4723 Kal
722 4668 841 4722 τῶν
871 4669 1177 4738 ἀσιαρχῶν
1205 4669 1272 4724 δέ
1293 4687 1453 4735 τινες
1475 4670 1857 4738 παρεκάλουν

174 4760 388 4822 αὐτὸν,
422 4759 578 4827 φησὶ,
625 4758 711 4826 μὴ
768 4758 1063 4811 εἰσελθεῖν
1104 4761 1189 4822 εἰς
1235 4758 1301 4812 τὸ
1332 4759 1596 4827 θέατρον.
1642 4760 1855 4824 Είδότες

176 4846 345 4898 αὐτοῦ
378 4846 483 4916 τὴν
510 4845 842 4914 προθυμίαν,
872 4845 1215 4914 παρεκάλουν
1234 4862 1249 4876 ⁸
1298 4846 1440 4900 οὕτω
1468 4849 1667 4913 πάντες
1692 4848 1854 4902 αὐτὸν

174 4934 398 4997 ἐφίλουν
441 4934 492 4985 οἰ
534 4932 736 4985 πιστοί.
771 4933 879 4985 Καὶ
927 4934 1072 4997 τίνος
1099 4934 1305 4998 ἕνεκεν,
1336 4937 1523 5004 φησὶν,
1543 4935 1572 4987 ό
1602 4936 1852 5001 Ἀλέξαν-

173 5021 302 5089 δρος
348 5020 604 5073 ἐϐούλετο
634 5020 1056 5089 ἀπολογεῖσθαι;
1098 5022 1170 5093 μὴ
1202 5022 1310 5093 7&9
1354 5023 1515 5086 αὐτὸς
1548 5022 1850 5095 ἐνεκλήθη;

177 5110 342 5160 Ὥστε
389 5108 583 5178 καιρὸν
632 5108 829 5179 εὑρεῖν,
862 5110 956 5161 καὶ
985 5109 1047 5161 τὸ
1080 5112 1185 5163 πᾶν
1215 5110 1587 5181 καταστρέψαι
1636 5112 1730 5163 καὶ
1762 5114 1855 5166 ἐκ·-

173 5196 380 5248 καῦσαι
412 5195 507 5248 τοῦ
558 5196 732 5266 δήμου
782 5196 872 5249 τὸν
917 5196 1109 5266 θυμόν.
1168 5194 1319 5260 Εἶδες
1365 5197 1534 5267 θυμὸν
1588 5198 1851 5267 άτακτον;

174 5283 377 5344 Καλῶς
404 5284 500 5336 καὶ
524 5284 919 5350 ἐπιτιμητικῶς
953 5286 981 5337 ὁ
1018 5288 1400 5355 γραμματεὺς,
1431 5287 1527 5351 Τίς
1559 5286 1711 5349 ἔστι,
1744 5306 1851 5359 φη-

177 5372 285 5433 σιν,
336 5370 408 5434 ὃς
461 5372 535 5423 οὐ
594 5370 873 5439 γινώσκει
922 5371 1035 5439 τὴν
1084 5372 1375 5440 Ἐφεσίων
1410 5375 1626 5437 πόλιν;
1666 5374 1853 5439 Οὕτως

176 5455 347 5510 εἰπὼν
396 5458 526 5527 περὶ
563 5449 624 5510 οὗ
656 5456 975 5524 ἐφοϐοῦντο⁸
1009 5458 1141 5512 ὡσεὶ
1190 5459 1391 5527 ἐλεγεν⁸
1426 5462 1501 5515 Οὐ
1526 5462 1852 5533 θεραπεύετε

174 5546 381 5608 αὐτήνς
428 5546 539 5598 Καὶ
576 5546 675 5598 οὐκ
705 5543 846 5611 εἶπε,
890 5547 986 5611 Τίς
1024 5548 1132 5619 γάρ
1185 5549 1353 5611 ἐστιν,
1388 5548 1446 5612 ὃς
1477 5550 1535 5601 οὐ
1595 5549 1853 5619 γινώσκει

172 5633 275 5701 τὴν
314 5632 612 5702 Ἀρτεμιν;
655 5633 813 5697 ἀλλὰ,
845 5634 962 5703 Τὴν
985 5636 1167 5689 πόλιν
1212 5635 1310 5705 τὴν
1350 5638 1651 5709 ἡμετέραν·
1695 5638 1852 5710 θερα-

174 5719 361 5773 πεύων
418 5720 636 5783 αὐτούς.
688 5722 1157 5798 Ἀναντιρῤητων
1194 5719 1307 5777 οὖν
1368 5725 1591 5778 τούτων
1640 5727 1850 5791 ὄντων,

239 5854 268 5919 Ρ
291 5852 429 5901 Unus
449 5853 613 5919 τὸτῆς
636 5853 893 5919 εὐσεϐείας.
960 5858 987 5898 ιι
1020 5855 1151 5907 Idem
1199 5856 1533 5919 θορυϐηθῶσιν·
1559 5856 1661 5906 ἀλλ’
1699 5858 1849 5916 οὕτως

177 5916 382 5978 πάσχειν
402 5932 448 5963 τι
471 5916 613 5964 αὐτον
636 5917 872 5968 ἐϐούλετο.

1278 258 1347 312 ΙΝ
1386 255 1571 313 ACTA
1607 250 2147 314 APOSTOLORUII.
2182 247 2415 306 HOMIL.
2455 248 2616 305 XLII.

3534 251 3644 310 σου

1960 368 2102 423 δέον
2138 367 2310 422 ἐστίν
2358 364 2515 435 ὑμᾶς
2547 366 3071 435 κατεσταλμένους
3111 366 3426 437 ὑπάρχειν.
3455 366 3640 422 Ταῦτα

1959 457 2116 528 δῆθεν
2139 455 2379 524 ἐγκαλεῖ,
2418 455 2697 526 μονονουχὶ
2734 454 2908 523 λέγων
2928 472 2943 487 ⁸
2998 454 3064 508 Τί
3091 455 3267 509 τοίνυν
3300 457 3513 526 ζητεῖτε
3564 455 3642 521 ὼς

1962 544 2174 613 ἀδήλων
2204 542 2411 608 δντων;
2465 543 2721 613 φανερὸν,
2752 542 2828 606 ὡς
2871 545 2904 613 ή
2934 542 3092 615 ὕϐρις
3122 544 3201 607 εἰς
3227 543 3327 615 τὴν
3358 544 3477 597 θεὸν
3522 543 3639 598 δια-

1963 632 2161 685 ϐαίνει.
2218 631 2523 701 Πρόσχημα
2572 631 2669 701 τὴν
2705 632 2984 685 εὐσέϐειαν
3016 631 3296 685 ἐϐούλοντο
3328 634 3501 685 ποιεῖν
3546 630 3640 684 τοῦ

1959 719 2368 790 χρηματισμοῦ.
2401 715 2534 772 Εἶτα
2576 719 2761 788 ἡρέμα
2794 719 3131 773 καθάπτεται
3156 719 3356 785 αὐτῶν,
3403 720 3639 783 δεικνὺς,

1958 809 2041 861 δτι
2071 806 2374 874 ἀλογίστως
2419 806 2701 876 συνῆλθον.
2742 807 2851 860 Καὶ
2903 807 3119 877 μηδὲν,
3154 808 3309 879 φησὶ,
3347 807 3641 876 προπετὲς

1958 893 2261 962 ¹πράττειν’.
2313 894 2561 956 Δεικνὺς,
2594 895 2673 947 ὅτι
2710 896 2997 967 προπετῶς
3052 895 3311 968 ἔπραξαν,
3360 895 3520 949 τοῦτο
3555 892 3638 950 εῖ-

1960 998 2081 1034 πεν.
2112 983 2179 1035 El
2204 982 2323 1051 μὲν
2350 979 2465 1037 οὖν
2499 982 2826 1050 Δημήτριος
2853 984 2953 1036 καὶ
3000 987 3053 1037 οὶ
3078 984 3202 1037 σὺν
3226 982 3386 1049 αὐτῷ
3425 985 3642 1053 ἔχουσι

1958 1070 2109 1137 πρός
2155 1087 2289 1124 τινα
2320 1074 2529 1141 λόγον,
2584 1073 2917 1125 ἀνθύπατοί
2959 1074 3100 1125 εισι.
3136 1072 3247 1125 Καὶ
3302 1071 3461 1125 τοῦτο
3494 1072 3639 1139 λέγει

1960 1158 2229 1225 ἐγκαλῶν,
2255 1160 2349 1213 καὶ
2365 1160 2578 1221 δεικνὺς
2599 1161 2682 1212 ὅτι
2708 1162 2809 1213 οὐκ
2831 1161 2937 1213 ἔδει
2963 1160 3246 1213 ἰδιωτικῶν
3272 1160 3639 1231 ἐγκλημάτων

1959 1248 2145 1301 ἐνεκεν
2184 1247 2366 1318 κοινὴν
2401 1247 2699 1316 ἐκκλησίαν
2732 1248 3027 1303 ποιεῖσθαι.
3066 1249 3177 1301 Kal
3204 1249 3313 1318 γὰρ
3333 1248 3642 1303 κινδυνεύ-

1958 1353 2122 1403 ομεν,
2165 1335 2349 1405 φησὶν,
2386 1333 2788 1404 ἐγκαλεῖσθαι.
2824 1335 3009 1406 Τούτῳ
3059 1335 3265 1406 σφόδρα
3313 1336 3510 1399 αὐτοὺς
3563 1336 3640 1390 δι-

1957 1422 2259 1494 ηπόρησεν.
2311 1422 2572 1487 Οὐδενὸς
2602 1424 2816 1487 αἰτίου,
2846 1424 3032 1493 φησὶν,
3073 1422 3473 1492 ὑπάρχοντος,
3504 1423 3639 1492 περί

1958 1505 2031 1563 οὗ
2065 1509 2449 1579 δυνησόμεθα
2479 1512 2668 1580 λόγον
2718 1510 2929 1565 δοῦναι
2968 1510 3077 1579 τῆς
3117 1510 3473 1580 συστροφῆς
3501 1511 3640 1564 ταύ-

1956 1614 2084 1663 της.
2123 1599 2264 1668 Ὅρα
2314 1598 2431 1661 πῶς
2480 1600 2529 1653 οἱ
2571 1598 2789 1653 ἄπιστοι
2836 1600 3118 1670 φρονίμως
3165 1597 3559 1668 ἀπολογοῦνται
3586 1609 3636 1664 ο,

1959 1687 2074 1749 πῶς
2121 1689 2377 1751 συνετῶς.
2412 1688 2599 1754 υύτως
2647 1688 2837 1743 ἔσϐεσε
2882 1690 2974 1743 τὸν
3036 1688 3227 1761 θυμόν.
3280 1690 3495 1762 Ὥσπερ
3521 1689 3631 1761 γὰρ

1959 1774 2157 1845 ῥᾳδίως
2218 1776 2535 1842 ἐξάπτεται,
2592 1776 2734 1831 οὕτω
2785 1776 2877 1831 καὶ
2911 1778 3110 1849 ῥᾳδίως
3155 1776 3459 1831 σϐέννυται.
3526 1776 3639 1831 Kal

1958 1862 2143 1916 ταῦτα
2174 1863 2379 1928 εἰπὼν,
2409 1866 2684 1919 ἀπέλυσε
2709 1866 2824 1935 τὴν
2855 1866 3215 1933 ἐκκλησίαν,
3248 1865 3431 1938 φησιν.
3474 1865 3637 1936 Ὁρᾷς

1956 1950 2047 2003 τὸν
2090 1952 2220 2005 Θεὸν
2278 1953 2666 2024 συγχωροῦντα
2717 1956 2843 2018 τοὺς
2899 1954 3263 2025 πειρασμοὺς,
3300 1954 3395 2007 καὶ⁸
3441 1952 3639 2020 διεγείε

1959 2054 2122 2108 ροντα
2149 2040 2242 2093 καί
2262 2041 2634 2108 ἀφυπνίζοντα
2653 2044 2778 2105 τοὺς
2805 2042 3049 2113 μαθητὰς
3071 2041 3279 2105 τούτοις
3299 2041 3394 2094 καὶ
3416 2041 3639 2111 σφοδρο-

1957 2127 2150 2197 τέρους
2180 2127 2578 2199 ἐργαζόμενον;
2639 2129 2731 2201 Μὴ
2759 2130 2823 2199 δὴ
2852 2131 3285 2199 καταπίπτωμεν
3311 2132 3423 2191 τοῖς
3445 2143 3638 2198 πειρα-

1960 2217 2117 2283 σμοῖς
2138 2231 2151 2245 ·
2192 2216 2355 2279 αὐτὸς
2382 2216 2489 2287 7&9
2526 2218 2736 2288 ποιήσει
2763 2218 2854 2271 καὶ
2879 2217 2975 2287 τὴν
3002 2216 3223 2269 ἑκϐασιν
3255 2215 3349 2269 τοῦ
3379 2216 3637 2269 δύνασθαι

1960 2303 2303 2370 ὑπενεγκεῖν.

2030 2390 2194 2442 Οὐδὲν
2224 2389 2365 2444 οὓτω
2408 2391 2597 2460 φίλους
2637 2395 2782 2445 ποιεῖ
2816 2394 2909 2446 καὶ
2944 2394 3265 2464 συγκροτεῖ,
3307 2391 3382 2456 ὡς
3406 2390 3583 2458 θλῖψις
3617 2405 3633 2421 ⁸

1960 2476 2109 2528 οὐδὲν
2130 2475 2273 2529 οῦτω
2298 2479 2477 2531 συνδεῖ
2506 2479 2597 2531 καὶ
2618 2480 3056 2549 ἐπισφίγγειτῶν
3076 2480 3284 2532 πιστῶν
3303 2480 3403 2542 τὰς
3418 2478 3595 2549 ψυχάς
3614 2492 3632 2510 ⁸

1960 2563 2111 2615 οὐδὲν
2138 2566 2269 2635 ἡμῖν
2288 2569 2399 2629 τοῖς
2429 2566 2767 2630 διδασκάλοις
2792 2568 2962 2631 οὕτως
2995 2568 3298 2638 ἐπιτήδειον
3330 2566 3465 2637 πρὸς
3491 2566 3638 2619 τὸτὰ

1961 2654 2090 2722 παρ’
2113 2654 2267 2723 ημῶν
2290 2653 2563 2725 λεγόμενα
2584 2656 2896 2711 ἀκούεσθαι.
2935 2658 3021 2711 Ἐν
3046 2657 3145 2727 μὲν
3165 2656 3274 2727 γὰρ
3298 2657 3478 2709 ἀνέσει
3503 2672 3634 2723 τυγ-

1961 2742 2139 2808 χάνων
2186 2742 2481 2813 ἀκροατὴς,
2548 2744 2745 2815 χαῦνός
2795 2746 2854 2798 τέ
2920 2747 3036 2798 ἐστι
3091 2743 3184 2797 καί
3230 2743 3497 2814 ῥᾴθυμος,
3542 2742 3636 2795 καὶ

1961 2828 2294 2896 ἐνοχλεῖσθαι
2327 2830 2476 2883 δοκεῖ
2514 2833 2669 2902 παρὰ
2703 2831 2798 2884 τοῦ
2826 2833 3071 2901 λέγοντος
3106 2848 3122 2861 ⁸
3158 2834 3214 2887 ἐν
3244 2832 3299 2884 δέ
3332 2831 3509 2900 θλίψει
3542 2830 3636 2883 καὶ

1965 2918 2299 2989 στενοχωρίᾳ
2330 2921 2410 2982 εἰς
2435 2919 2635 2990 πολλὴν
2670 2920 2963 2991 ἐπιθυμίαν
2998 2920 3315 2992 ἀκροάσεως
3349 2919 3634 2989 ἐμπίπτει.

1964 3003 2478 3075 Στενοχωρούμενος
2527 3006 2635 3075 7&9
2675 3007 2772 3076 τὴν
2822 3006 3039 3077 ψυχὴν,
3088 3004 3427 3076 πανταχόθεν
3484 3006 3637 3075 ζητεῖ

1964 3091 2319 3160 παραμυθίαν
2365 3093 2464 3162 τῆς
2503 3092 2732 3162 θλίψεως
2771 3094 2948 3165 εὐρεῖν
2982 3111 2994 3122 ·
3020 3094 3080 3146 οὐ
3130 3094 3329 3164 μικρὰν
3379 3091 3436 3144 δέ
3479 3093 3636 3163 φέρει

1973 3175 2131 3244 λόγος
2171 3179 2547 3249 παραμυθίαν.
2606 3181 2669 3233 Τί
2719 3178 2831 3244 οῦν,
2886 3182 3071 3251 φησιν,
3124 3182 3171 3232 οί
3218 3179 3488 3246 Ἰουδαῖοι;
3517 3178 3637 3243 πῶς

1964 3263 2269 3335 θλιϐόμενοι
2306 3267 2414 3319 ἀπὸ
2437 3268 2535 3338 τῆς
2565 3267 2915 3339 ὀλιγοψυχίας
2941 3268 3041 3321 οὐκ
3072 3269 3303 3339 ἧκουονς
3348 3268 3469 3320 ’Ότι
3504 3268 3636 3320 Ἰου-

1962 3352 2099 3404 δαῖοι
2138 3348 2300 3423 ἦσαν,
2330 3356 2380 3407 οί
2413 3356 2501 3407 ἀεὶ
2534 3356 2782 3420 ἀσθενεῖς
2822 3356 2915 3410 καὶ
2951 3356 3288 3427 ταλαίπωροι
3318 3372 3333 3388 ⁸
3366 3355 3543 3419 ἄλλως
3574 3372 3633 3410 τε

1962 3441 2055 3492 καὶ
2074 3442 2155 3493 ὅτι
2178 3441 2271 3493 καὶ
2287 3444 2403 3495 ἐκεῖ
2415 3442 2815 3515 πολλὴήθλῖψις
2842 3432 2932 3516 ἦν,
2955 3446 3085 3515 ἡμῖν
3108 3445 3163 3497 δὲ
3184 3442 3332 3517 [322]
3358 3444 3486 3516 περὶ
3508 3462 3634 3517 συμι

1963 3530 2163 3600 μέτρου
2191 3531 2220 3582 ό
2242 3530 2566 3603 λόγος.Ὂρα
2600 3533 2729 3605 γάρ’
2760 3533 3168 3603 προσεδόκησαν
3199 3530 3635 3588 ἀπαλλάττεσθαι

1960 3618 2070 3670 τῶν
2094 3621 2433 3691 κατεχόντων
2466 3623 2661 3687 αὐτοὺς
2691 3622 2877 3676 κακῶν
2904 3624 3124 3687 ἐκεῖνοι,
3160 3625 3253 3675 καὶ
3291 3622 3505 3694 μυρίοις
3531 3639 3632 3674 πε-

1964 3708 2211 3778 ριέπεσον
2247 3710 2447 3781 μᾶλλον
2481 3711 2672 3773 δεινοῖς
2702 3727 2716 3741 ⁸
2750 3709 2910 3765 τοῦτο
2947 3712 3003 3765 δὲ
3042 3712 3140 3781 οὐχ
3179 3712 3253 3774 ὡς
3280 3712 3468 3781 ἔτυχεν
3497 3711 3633 3763 ἀπο-

1965 3797 2046 3863 ρεῖ
2066 3794 2263 3866 ψυχήν.
2290 3798 2357 3849 Al
2384 3796 2591 3865 θλίψεις
2638 3798 3026 3868 ἀποσχίζουσιν
3079 3800 3227 3869 ἡμᾶς
3285 3799 3382 3868 τῆς
3416 3814 3630 3867 συμπα-

1961 3881 2110 3943 θείας
2134 3882 2230 3951 τῆς
2268 3881 2406 3952 πρὸς
2438 3884 2532 3935 τὸν
2573 3884 2818 3952 παρόντα
2846 3884 3050 3953 κόσμον
3081 3900 3094 3913 ⁸
3132 3883 3330 3947 εὐθέως
3383 3883 3515 3951 γοῦν
3539 3884 3629 3936 τὸν

1960 3967 2188 4022 θάνατον
2229 3969 2526 4040 αἰτοῦμεν,
2562 3972 2661 4023 καὶ
2695 3972 2795 4024 οὐκ
2832 3971 2999 4041 ἐσμὲν
3042 3970 3409 4042 φιλοσώματοι
3446 3988 3459 4002 ⁸
3491 3972 3628 4041 ὅπερ

1962 4055 2221 4126 μέγιστον
2265 4056 2586 4126 φιλοσοφίας
2651 4059 2820 4130 μέρος
2856 4059 2994 4125 ἐστὶ,
3048 4058 3124 4131 μὴ
3173 4059 3460 4128 κεχηνέναι
3494 4059 3630 4131 μηδὲ

1960 4143 2345 4214 προσδεδέσθαι
2376 4148 2444 4217 τῇ
2484 4146 2734 4218 παρούσῃ
2773 4147 2907 4219 ζωῇ.
2948 4146 3014 4199 Ἠ
3055 4146 3345 4216 θλιϐομένη
3382 4146 3529 4219 ψυχὴ
3566 4147 3627 4201 οὐ

1973 4230 2222 4301 βούλεται
2283 4234 2414 4302 περὶ
2470 4233 2640 4287 πολλὰ
2688 4230 2848 4297 εἶναι,
2914 4233 3027 4286 ἀλλ’
3085 4234 3441 4297 ἀναπαύσεώς
3485 4253 3628 4300 τινος

1962 4320 2123 4389 μόνον
2148 4322 2242 4374 καὶ
2266 4321 2493 4391 ἡσυχίας
2524 4322 2627 4392 ἐρᾷ
2651 4336 2665 4351 ⁸
2693 4323 2979 4392 ἀγαπητὸν
3014 4322 3151 4394 αὐτῇ
3194 4323 3303 4375 τῶν
3347 4324 3628 4393 παρόντων

1959 4407 2361 4478 ἀπαλλαγῆναι,
2419 4408 2523 4462 κᾶν
2587 4408 2754 4479 μηδὲν
2815 4410 2999 4478 ἕτερον
3154 4410 3422 4481 Καθάπερ
3471 4410 3629 4479 σῶμα

1958 4496 2265 4566 πεπονηκὸς
2324 4496 2421 4550 κα)⁸
2474 4496 2889 4567 ταλαιπωρηθὲν
2953 4497 3053 4549 οὐκ
3095 4498 3225 4567 ἐρᾷν
3270 4495 3535 4566 βούλεται,
3564 4498 3624 4550 οὐ

1958 4582 2362 4653 γαστρίζεσθαι,
2396 4583 2511 4636 ἀλλ’
2556 4584 2936 4638 ἀναπαύεσθαι
2992 4586 3087 4637 καὶ
3132 4585 3307 4654 ἡσυχῇ
3356 4584 3570 4638 κεῖσθαι
3606 4599 3622 4615 ⁸

1957 4668 2100 4723 οῦτω
2130 4672 2223 4723 καὶ
2269 4670 2412 4741 ψυχὴ
2462 4672 2678 4743 μυρίοις
2736 4671 3121 4743 ταριχευθεῖσα
3161 4669 3185 4707 ἀ
3221 4673 3431 4733 κακοῖς,
3489 4670 3623 4740 πρὸς

1957 4758 2264 4811 ἀνάπαυσιν
2298 4761 2392 4812 καὶ
2420 4759 2648 4829 ἡσυχίαν
2696 4759 2977 4826 ἐπείγεται
3032 4754 3191 4810 εἶναι.
3226 4760 3286 4811 'II
3347 4759 3403 4809 ἐν
3442 4758 3623 4811 ἀνέσει

1956 4839 2090 4897 οὐσα
2121 4847 2401 4916 ἐπτόηται,
2439 4844 2816 4917 τεθορύϐηται,
2854 4844 3126 4915 μετέωρός
3175 4846 3323 4897 ἐστιν
3348 4861 3359 4872 ·
3390 4845 3530 4916 αῦτη
3565 4846 3623 4899 δὲ

1957 4932 2108 4985 οὐδὲν
2131 4935 2357 5003 κεχηνὸς
2381 4934 2577 5002 ἐχουσα
2622 4933 2742 4985 οὐδὲ
2783 4932 3055 5004 διαρρέον,
3112 4932 3207 5002 ὅλη
3232 4933 3622 5002 συνέσφιγκται

1957 5020 2051 5073 καὶ
2077 5019 2229 5088 μένει
2263 5020 2663 5091 ἀμετεώριστος
2708 5036 2722 5050 ⁸
2761 5021 2847 5073 καί
2883 5022 2914 5090 ἡ
2967 5020 3063 5089 μὲν
3102 5021 3470 5094 ἀνδρειοτέρα,
3502 5026 3535 5095 ἡ
3566 5024 3621 5079 δέ

1957 5107 2323 5179 παιδικωτέρα
2351 5109 2464 5159 ἐστί
2501 5125 2513 5138 ·
2551 5109 2643 5159 καὶ
2665 5108 2698 5176 ἡ
2724 5107 2820 5175 μὲν
2849 5106 3140 5178 βαρυτέρα,
3165 5110 3201 5180 ἡ
3219 5110 3275 5161 δὲ
3301 5114 3618 5182 κουφοτέρα.

1958 5194 2066 5247 Καὶ
2097 5195 2347 5264 καθάπερ
2395 5198 2451 5246 ἐν
2492 5193 2670 5263 πολλῴ
2709 5193 2860 5247 ῦδατι
2912 5198 3151 5266 ἐμπεσόν
3194 5216 3246 5252 τι
3291 5199 3489 5270 κοῦφον
3522 5216 3619 5252 σα-

1954 5278 2171 5332 λεύεται
2199 5296 2214 5311 ⁸
2248 5280 2389 5333 οὕτω
2417 5281 2514 5333 καὶ
2553 5282 2633 5343 εἰς
2656 5280 2853 5352 πολλὴν
2896 5284 3068 5354 χαρὰν
3101 5286 3419 5356 ἐμπεσοῦσα
3451 5287 3615 5357 ψυχή.

1956 5369 2152 5421 Καὶτά
2178 5368 2410 5438 μέγιστα
2445 5369 2501 5423 δὲ
2531 5372 2659 5440 ἡμῖν
2701 5372 3072 5444 ἁμαρτήματα
3121 5376 3229 5428 ἀπὸ
3275 5374 3475 5443 πολλῆς
3500 5374 3618 5444 ἡδο-

1956 5456 2054 5524 νῆς
2086 5455 2425 5526 γεγενημένα
2481 5458 2576 5511 ίδοι
2610 5476 2693 5522 τις
2738 5460 2826 5514 ἄν.
2875 5463 2987 5514 Καὶ
3035 5463 3083 5515 εί
3131 5461 3407 5532 βούλεσθε,
3442 5461 3620 5525 οἰκίας

1957 5544 2365 5614 ὐπογράψωμεν
2384 5545 2497 5612 δύο,
2528 5547 2626 5615 τὴν
2654 5550 2750 5620 μὲν
2781 5549 3123 5620 γαμούντων,
3152 5554 3249 5620 τὴν
3280 5549 3335 5601 δέ
3367 5549 3619 5602 πενθούν-

1955 5647 2062 5683 των
2092 5644 2105 5656 ⁸
2142 5631 2470 5703 εἰσέλθωμεν
2516 5634 2595 5706 τῷ
2628 5636 2772 5707 λόγῳ
2794 5634 2931 5709 πρὸς
2964 5638 3260 5710 ἑκατέρους
3281 5635 3512 5709 ’ἴδωμεν
3536 5636 3619 5701 τίς

1954 5717 2098 5783 τίνος
2131 5717 2367 5789 βελτίων.
2399 5721 2771 5795 Εὐρεθήσεται
2804 5726 2911 5797 7&9
2939 5728 2971 5797 ἡ
2997 5728 3089 5780 τοῦ
3130 5724 3451 5789 πενθοῦντος
3477 5725 3620 5793 φιλο-

1960 5811 2148 5879 σοφίας
2188 5813 2469 5883 ,γέμουσα,
2522 5816 2557 5888 ἡ
2611 5816 2669 5870 δέ
2724 5816 2817 5871 τοῦ
2866 5818 3167 5889 γαμοῦντος
3211 5815 3613 5888 ἀσχημοσύνης

2023 5918 2048 5949 ο
2084 5917 2447 5982 Ἀπολογοῦνται
2470 5921 2614 5974 deest
2633 5922 2682 5972 in
2705 5922 3012 5985 quibusdam.
3105 5923 3132 5964 ἀ
3153 5922 3295 5977 Alius
3311 5921 3605 5986 ταραχθεῖσα
