4098 6354
509 319 610 379 301

514 437 654 510 Ὅρα
710 437 816 507 γάρ
848 451 861 464 °
896 437 1093 507 αἰσχρά
1161 438 1275 490 ἐκεῖ
1307 449 1332 477 ιι
1386 439 1626 508 ρἧατα,
1677 438 1850 506 γέλως
1910 439 2165 503 ἄτακτος,

513 527 732 598 βήματα
754 527 1109 595 ἀτακτότερα,
1155 525 1319 596 στολὴ
1376 527 1471 579 καὶ
1528 525 1736 595 βάδισις
1785 527 2170 598 ἀσχημοσύνης

509 616 773 685 γέμουσα,
832 616 1086 686 σχήματα
1140 613 1338 684 πολλῆς
1391 614 1573 677 ἀνοίας
1623 616 1718 668 καὶ
1760 617 1969 686 μωρίας
2016 633 2029 647 ·
2074 619 2166 669 καὶ

1278 321 1337 376 S.
1377 320 1660 378 JOANNIS
1695 319 2183 381 CHRYSOSTOMI
2223 323 2544 382 ARCHIEP.
2583 326 3127 387 (ιοΝδιΑΝΊ-ωοιι.

3833 334 3946 388 ειη

2273 441 2498 507 τοῦντας
2519 443 2662 514 δρῶν
2691 446 2748 497 ἐν
2780 451 3107 517 συμφοραῖς,
3141 446 3309 502 πολλά
3338 448 3431 502 καὶ
3465 449 3676 518 μεγάλα
3700 449 3935 522 δυναμέ-

2273 545 2394 591 νους
2420 531 2513 583 καὶ
2541 531 2854 603 δεδεμένους
2875 537 2997 587 ’ἐκεῖ
3022 552 3036 564 ·
3063 535 3164 587 κᾶν
3185 536 3382 600 ἀδίκως
3399 555 3452 589 τι
3482 539 3649 609 πάθῃ,
3678 541 3775 591 καὶ
3799 539 3932 609 πρὸς

2274 613 2430 666 τοῦτο
2479 618 2807 687 καρτερήσει
2852 635 2865 648 ο
2909 621 3001 672 καὶ
3037 622 3146 691 γὰρ
3189 622 3278 674 καὶ
3311 623 3502 674 τούτου
3535 625 3704 676 πολλὰ
3726 627 3844 676 ἐκεῖ
3866 626 3931 678 τά

509 704 646 766 ὅλως
669 703 819 756 οὐδὲν
839 704 1026 773 ἓτερον
1072 702 1105 772 ἦ
1159 703 1336 754 πάντα
1390 702 1561 769 γέλως
1603 703 1697 755 καὶ
1749 703 2064 771 κατάγελως
2098 703 2166 755 τά
2197 693 2234 732 ί
2274 702 2640 773 ὑποδείγματα
2669 722 2682 735 ο
2718 708 2797 770 είς
2822 706 3027 760 ἔννοιαν
3061 709 3336 762 ἐλεύσεται
3367 713 3466 780 τῆς
3496 711 3798 780 μελλούσης
3823 713 3930 781 κρί-

509 794 645 846 ἐκεῖ.
675 793 786 861 Οὐχ
815 795 842 846 ό
891 793 1092 862 γάμος,
1147 790 1307 859 λέγω,
1355 794 1426 862 μὴ
1475 793 1684 861 γένοιτο
1715 809 1729 822 ·
1766 792 1903 847 ἀλλά
1952 795 2020 845 τά
2044 793 2172 865 περὶ

503 879 597 931 ’τὸν
635 879 829 948 γάμον.
877 879 1301 947 Ἐκϐακχεύεται
1348 879 1469 932 τότε
1509 881 1541 948 ἡ
1588 880 1780 948 φύσις,
1833 881 2004 947 ἄλογα
2050 881 2171 934 ἀντὶ

509 966 812 1036 ἀνθρώπων
843 967 891 1018 οἱ
917 966 1182 1036 παρόντες
1213 967 1471 1034 γίνονται,
1521 969 1570 1019 oi
1619 969 1716 1037 μὲν
1751 967 1824 1028 ὡς
1861 968 2016 1020 ἵπποι
2041 985 2168 1037 χρε-

510 1055 836 1126 μετίζουσιν,
858 1055 906 1106 οί
930 1054 985 1106 δὲ
1018 1055 1093 1115 ὼς
1121 1055 1230 1107 ὄνοι
1251 1054 1559 1118 λακτίζουσι
1580 1072 1594 1086 ·
1617 1055 1785 1126 πολλὴ
1807 1057 1837 1126 ἡ
1857 1055 2098 1124 διάχυσις
2117 1056 2164 1118 ιι,

508 1143 676 1213 πολλὴ
711 1143 745 1213 ἡ
780 1142 1042 1205 διάλυσις,
1101 1143 1252 1194 οὐδὲν
1319 1143 1625 1205 σπουδαῖον,
1688 1143 1841 1196 οὐδὲν
1871 1146 2116 1213 γενναῖον
2150 1161 2163 1174 ·

505 1231 673 1302 πολλὴ
697 1233 816 1284 ἐκεῖ
841 1230 933 1283 τού
967 1230 1211 1284 διαϐόλου
1239 1232 1272 1301 ἡ
1303 1231 1519 1302 πομπὴ,
1555 1231 1830 1302 κύμϐαλα,
1866 1231 2041 1295 αὐλοὶ,
2073 1234 2164 1286 καὶ

503 1319 721 1391 ᾄσματα
750 1319 1008 1389 πορνείας
1033 1319 1266 1388 γέμοντα
1291 1321 1383 1371 καὶ
1413 1319 1674 1389 μοιχείας.
1714 1320 1861 1373 Ἀλλ’
1889 1321 1986 1374 ούκ
2019 1321 2162 1387 ἐκεῖ,

503 1407 631 1460 ἔνθα
652 1408 711 1461 τὸ
730 1407 944 1471 πένθος,
967 1407 1103 1460 ἀλλά
1129 1407 1304 1460 πάντα
1331 1407 1570 1461 εύτακτα
1589 1426 1602 1438 ·
1636 1407 1800 1478 πολλὴ
1825 1410 1933 1478 γάρ
1955 1411 1987 1480 ἠ
2013 1409 2160 1480 σιγὴ,

509 1495 673 1566 πολλὴ
712 1498 745 1566 ἠ
775 1496 995 1566 ἡσυχία,
1040 1495 1206 1564 πολλὴ
1255 1496 1287 1566 ἡ
1339 1496 1662 1567 καταστολὴ,
1708 1497 1858 1549 οὐδὲν
1907 1498 2160 1561 ἄτακτον,

501 1583 655 1636 οὐδὲν
684 1583 960 1654 ἄρρυθμον
985 1599 998 1612 ·
1024 1582 1076 1633 εί
1103 1582 1183 1645 τίς
1207 1600 1259 1634 τι
1305 1584 1396 1634 καὶ
1437 1581 1753 1649 ἐφθέγξατο,
1800 1583 1979 1636 πάντα
2021 1583 2165 1652 φιλο-

505 1669 695 1738 σοφίας
725 1670 962 1738 γέμοντα
1003 1670 1222 1739 ῥήματα
1254 1668 1556 1737 ἐφθέγξατο
1587 1683 1601 1698 ·
1633 1671 1727 1723 καὶ
1758 1670 1818 1722 τὸ
1845 1670 1908 1740 δὴ
1951 1669 2163 1741 θαυμα-

505 1759 649 1818 στὸν,
677 1758 758 1809 ὅτι
795 1757 934 1826 παρ’
961 1758 1166 1809 ἐκεῖνον
1212 1758 1302 1809 τὸν
1347 1757 1536 1827 καιρὸν
1584 1757 1684 1810 οὐκ
1737 1758 1926 1827 ἄνδρες
1977 1758 2158 1827 μόνον,

501 1845 636 1898 ἀλλὰ
660 1845 754 1898 καὶ
775 1846 963 1896 οίκεῖοι
988 1845 1079 1905 καλ⁸
1105 1847 1359 1913 γυναῖκες
1399 1845 1767 1913 φιλοσοφοῦσι.
1798 1846 2032 1914 Τοιαύτη
2051 1847 2160 1916 γάρ

497 1935 531 2004 ὴ
554 1933 646 1986 τοῦ
675 1933 902 1994 πένθους
937 1933 1115 2000 φύσις.
1153 1933 1262 1985 Καὶ
1304 1933 1518 1986 δοκοῦσι
1567 1934 1665 2003 μὲν
1711 1934 2044 2004 παρακαλεῖν
2067 1934 2158 1986 τὸν

499 2017 818 2080 πενθοῦντα,
859 2021 1025 2090 μυρία
1074 2021 1130 2072 δὲ
1189 2019 1514 2088 φθέγγονται
1553 2019 1796 2088 δόγματα
1842 2019 2158 2088 φιλοσοφίας

501 2108 676 2178 μεστά
705 2124 719 2137 ·
750 2108 905 2176 εύχαὶ
946 2106 1147 2169 εὐθέως
1189 2105 1330 2158 ὥστε
1370 2105 1531 2176 μέχρι
1565 2106 1752 2158 τούτου
1790 2106 2006 2175 στῆναι,
2063 2108 2158 2160 καὶ

501 2197 677 2251 ἱκανοὶ
707 2196 756 2250 οἱ
790 2197 881 2249 τὸν
925 2197 1270 2266 πεπονηκότα
1334 2196 1836 2266 παραμυθούμενοι,
1895 2196 1988 2248 καλ⁸
2051 2197 2157 2249 ἀπ-

498 2285 624 2356 αριθ
634 2286 706 2356 μή
716 2302 829 2349 σεις
854 2284 961 2337 τῶν
976 2284 1198 2337 τοιαῦτα
1221 2283 1558 2338 πενθούντων
1579 2283 1788 2354 μυρίαι.
1805 2283 1869 2335 Τί
1886 2284 1994 2354 γάρ
2010 2286 2158 2338 ἐστιν

495 2375 814 2446 ἄνθρωπος;
849 2373 960 2443 Τῆς
988 2372 1201 2440 φύσεως
1234 2371 1477 2436 ἐξέτασις
1499 2372 1597 2441 τῆς
1615 2371 1908 2442 ἡμετέρας.

564 2465 626 2517 δ’.
641 2463 705 2515 Τί
720 2463 896 2516 τοίνυν
912 2461 1058 2514 ἐστὶν
1074 2460 1377 2531 άνθρωπος;
1395 2459 1499 2514 Τοῦ
1519 2459 1630 2529 βίου
1649 2460 1847 2528 καὶτῆς
1863 2458 2158 2522 εὐτελείας·

497 2550 650 2624 [525]
689 2550 852 2604 αὐτοῦ
883 2548 1206 2620 κατηγορία,
1241 2547 1545 2618 ἀνάμνησις
1583 2546 1692 2599 τῶν
1723 2549 1779 2599 ἐν
1801 2546 1878 2616 τῷ
1909 2545 2154 2616 μέλλοντι

499 2638 859 2710 πραγμάτων,
908 2637 1007 2705 τῆς
1045 2635 1298 2703 κρίσεως.
1325 2635 1594 2696 Ἕκαστος
1647 2632 1828 2686 οἴκαδε
1862 2635 2152 2704 ἀναχωρεῖ,

503 2726 608 2779 ἀπὸ
641 2726 738 2795 μὲν
768 2725 944 2794 γάμου
978 2723 1334 2793 λυπούμενος,
1392 2722 1472 2775 ὅτι
1522 2721 1587 2793 δὴ
1642 2720 1804 2783 αὐτὸς
1858 2721 1933 2791 μὴ
1964 2721 2021 2771 ἐν
2060 2721 2153 2772 εύ-

495 2812 708 2886 πραγίᾳ
751 2813 896 2865 ἐστίν
934 2827 949 2843 ·
1000 2811 1109 2864 ἀπὸ
1143 2811 1201 2863 δὲ
1243 2809 1472 2871 πένθους
1505 2807 1806 2878 ἀνειμένος,
1863 2807 1944 2859 ὅτι
1975 2806 2039 2877 δὴ
2079 2806 2155 2879 μὴ

494 2902 717 2954 τοιαῦτα
773 2899 964 2964 ἔπαθε,
1023 2899 1115 2952 καί⁵
1156 2897 1255 2968 τὴν
1308 2895 1617 2966 φλεγμονὴν
1669 2893 1868 2955 σϐέσας
1939 2894 2154 2948 ἃπασαν

495 2987 757 3061 ἀπῆλθεν.
805 2987 967 3041 Ἀλλά
1022 2987 1111 3052 τίς
1165 2985 1340 3048 θέλεις
1387 2983 1457 3036 τά
1505 2982 1887 3052 δεσμωτήρια,
1938 2983 2033 3035 καὶ
2085 2981 2154 3035 τὰ

495 3076 696 3147 θέατρα
745 3073 1222 3143 ἀντεξετάσωμενς
1271 3071 1328 3124 '0
1383 3071 1480 3140 μὲν
1543 3068 1652 3140 γάρ
1711 3067 1958 3137 θλίψεως,
2023 3070 2052 3121 ό
2097 3069 2155 3121 δὲ

492 3165 686 3235 ἡδονῆς
712 3164 894 3225 τόπος.
928 3161 1060 3232 Φέρε
1119 3155 1245 3224 οὖν,
1296 3159 1493 3226 ἴδοιμεν
1522 3155 1590 3208 τά
1629 3155 1686 3221 ἐξ
1711 3155 1984 3226 ἑκατέρων
2017 3171 2154 3225 συμ-

493 3256 767 3311 ϐαίνοντα.
815 3255 966 3309 Ἐκεῖ
1011 3251 1294 3322 φιλοσοφία
1344 3248 1510 3319 πολλή
1545 3266 1558 3278 ·
1601 3248 1728 3300 ἔνθα
1773 3247 1882 3318 γὰρ
1924 3247 2150 3317 ἀθυμία,

491 3344 588 3398 καὶ
617 3343 902 3413 φιλοσοφία
928 3342 1165 3400 πάντως.
1182 3338 1240 3390 ὐ
1269 3337 1374 3406 πρὸ
1395 3335 1585 3388 τούτου
1607 3335 1870 3400 πλουτῶν,
1891 3337 1919 3388 ὁ
1943 3336 2152 3406 μεγάλα

494 3431 700 3500 φυσῶν,
727 3431 823 3483 καὶ
862 3428 956 3480 τοῦ
1013 3427 1268 3496 τυχόντος
1314 3423 1564 3486 ἀνέξεται
1608 3423 1990 3492 διαλεγομένου
2017 3423 2152 3494 πρὸς

492 3519 675 3582 αὑτὸν,
702 3517 795 3570 τοῦ
827 3517 991 3585 φόϐου
1023 3513 1116 3566 καὶ
1143 3512 1242 3582 τῆς
1271 3511 1507 3581 ἀθυμίας
1533 3510 1779 3580 καθάπερ
1806 3509 1950 3573 τινὸς
1981 3510 2152 3582 πυρὸς

494 3604 847 3676 σφοδροτέρου
883 3599 1233 3663 ἐπιπεσόντος
1279 3597 1445 3653 αὑτοῦ
1486 3600 1553 3670 τῇ
1596 3599 1778 3669 ψυχῇ,
1818 3598 1914 3652 καὶ
1949 3599 2145 3669 μαλάτο

491 3710 672 3756 τοντος
701 3692 761 3745 τὸ
790 3689 1020 3761 σκληρόν
1050 3704 1064 3718 ο
1099 3688 1221 3741 τότε
1253 3685 1505 3748 ταπεινὸς
1527 3687 1751 3753 γίνεται,
1770 3688 1888 3738 τότε
1916 3686 2155 3757 σκυθρω-

494 3783 592 3844 πὸς
621 3781 812 3843 ε,τότε
862 3780 960 3850 τῆς
1019 3775 1322 3848 μεταϐολῆς
1390 3774 1703 3828 αἰσθάνεται
1745 3775 1842 3846 τῆς
1870 3774 2147 3847 βιωτικῆς,

491 3872 609 3924 τότε
650 3869 908 3940 καρτερεῖ
949 3865 1086 3938 πρὸς
1145 3864 1341 3918 πάντα.
1385 3863 1475 3917 Ἐν
1522 3862 1578 3916 δὲ
1630 3863 1840 3934 θεάτρῳ
1873 3865 2050 3917 πάντα
2081 3867 2150 3918 τά

490 3958 728 4020 ἐναντία,
760 3956 952 4024 γέλως,
981 3953 1294 4023 αἰσχρότης,
1327 3950 1521 4022 πομπὴ
1545 3951 1840 4022 διαϐολικὴ,
1879 3952 2147 4020 διάχυσις,

470 4046 750 4116 ,ἀνάλωμα
778 4044 992 4114 χρόνου,
1035 4043 1128 4095 καί⁹
1154 4042 1367 4111 δαπάνη
1403 4041 1626 4112 ἡμερῶν
1659 4040 1910 4111 περιττὴ,
1963 4041 2150 4094 ἐπιθυ-

494 4135 621 4206 μίας
648 4133 848 4188 ἀτόπου
877 4131 1212 4200 κατασκευὴ,
1241 4130 1484 4200 μοιχείας
1510 4128 1729 4199 μελέτη,
1770 4129 2021 4200 πορνείας
2050 4144 2151 4197 γυ-

493 4226 735 4296 μνάσιον,
755 4221 1044 4283 ἀκολασίας
1069 4219 1454 4282 διδασκαλεῖον,
1478 4218 1758 4289 προτροπὴ
1775 4218 2146 4288 αίσχρότητος,

489 4315 724 4382 γέλωτος
769 4309 1044 4375 ὑπόθεσις,
1093 4308 1477 4379 ἀσχημοσύνης
1529 4306 1969 4377 παραδείγματα.
2008 4305 2148 4359 Ἀλλ’

489 4401 550 4452 ού
574 4399 635 4452 τὸ
665 4398 1035 4467 δεσμωτήριον
1060 4394 1298 4447 τοιοῦτον
1325 4407 1338 4422 ⁸
1362 4393 1478 4446 ἀλλ’
1513 4393 1629 4446 ἐκεῖ
1653 4391 2144 4464 ταπεινοφροσύνη,

489 4489 856 4560 παράκλησις,
881 4483 1195 4555 φιλοσοφίας
1234 4481 1538 4554 προτροπὴ,
1583 4481 1853 4551 ὑπεροψία
1878 4482 1987 4536 τῶν
2028 4483 2149 4552 βιω.

488 4577 657 4631 τικῶν
708 4593 721 4608 ·
776 4575 952 4630 πάντα
981 4572 1290 4641 πεπάτηται
1344 4571 1439 4624 καὶ
1497 4571 1998 4642 καταπεφρόνηται,
2054 4573 2148 4626 καὶ

489 4665 741 4734 καθάπερ
791 4661 987 4730 παιδίῳ
1028 4657 1376 4725 παιδαγωγὸς
1418 4659 1447 4710 ό
1482 4656 1648 4725 φόϐος
1685 4658 1973 4727 ἐφέστηκε,
2010 4659 2146 4728 πρὸς

490 4755 664 4807 πάντα
682 4751 750 4804 τά
779 4749 966 4802 δέοντα
995 4746 1275 4817 ῥυθμίζων
1297 4744 1478 4797 αὐτόν.
1520 4744 1657 4797 Ἀλλ’
1681 4747 1727 4797 εί
1756 4745 1954 4814 βούλει,
1985 4747 2146 4799 πάλιν

489 4843 690 4912 ἑτέρως
742 4837 1087 4906 ἐξετάσωμεν
1110 4835 1236 4896 τοὺς
1291 4833 1486 4894 αὐτοὺς
1543 4832 1758 4894 τόπους.
1820 4833 2148 4906 Ἐϐουλόμην

491 4929 766 4997 συντυχεῖν
815 4921 1087 4994 ἀνθρώπῳ
1139 4920 1245 4972 ἀπὸ
1298 4919 1524 4989 θεάτρου
1577 4919 1836 4980 κατιόντι,
1888 4923 1980 4974 καὶ
2006 4922 2149 4994 ἄλλῳ

489 5012 594 5066 ἀπὸ
630 5008 1002 5078 δεσμωτηρίου
1053 5003 1271 5068 ἐξιόντι,
1317 5003 1414 5054 καὶ
1469 4997 1608 5064 εἶδες
1657 5001 1724 5055 ἂν
1779 5001 1873 5054 τοῦ
1924 5004 2022 5074 μὲν
2044 5005 2142 5078 τὴν

454 5096 456 5099 ’
487 5098 664 5170 ψυχὴν
701 5095 1065 5165 ἐπτοημένην,
1121 5089 1585 5162 τεθορυϐημένην,
1635 5089 1928 5162 δεδεμένην
1955 5093 2143 5160 ὅντως,

489 5186 582 5240 τού
611 5186 667 5238 δὲ
690 5183 1002 5252 ἀνειμένην,
1019 5180 1314 5248 λελυμένην
1331 5219 1345 5242 ,
1371 5178 1778 5249 ἐπτερωμένην.
1821 5181 1878 5234 '0
1903 5183 2000 5251 μὲν
2041 5185 2149 5255 γάρ

493 5273 601 5329 ἀπὸ
622 5271 716 5325 τοῦ
748 5267 976 5340 θεάτρου
1003 5267 1294 5336 ἀναχωρεῖ,
1329 5269 1450 5329 ταῖς
1479 5266 1633 5335 ὂψεσι
1663 5267 1771 5318 τῶν
1811 5268 1930 5320 ἐκεῖ
1951 5287 2146 5338 γυναι-

493 5362 606 5417 κῶν
656 5356 989 5431 προσδεθεὶς,
1039 5355 1241 5418 παντὸς
1295 5356 1516 5426 σιδήρου
1568 5355 1921 5427 χαλεπώτερα
1967 5360 2149 5430 φέρων

491 5450 685 5520 δεσμὰ,
719 5450 845 5510 τοὺς
864 5445 1059 5507 τόπους
1086 5444 1212 5506 τοὺς
1236 5444 1455 5510 ἐκεῖ,τά
1474 5445 1714 5516 ῥήματα,
1747 5444 1816 5498 τὰ
1851 5447 2108 5518 σχήματα
2133 5471 2146 5485 ο

493 5543 522 5594 ό
558 5539 614 5593 δὲ
639 5537 746 5593 ἀπὸ
772 5533 1168 5605 δεσμωτηρίου,
1201 5533 1417 5586 πάντων
1462 5533 1690 5597 ἀνεθεὶς,
1717 5534 1816 5586 οὐκ
1848 5533 1927 5588 ἔτι
1952 5538 2149 5610 ἡγήσε..

491 5645 582 5683 ται
607 5627 834 5698 πάσχειν
861 5639 912 5675 τι
935 5619 1126 5684 δεινὸν,
1157 5623 1268 5683 τοῖς
1297 5621 1405 5673 τῶν
1442 5619 1644 5688 ἐτέρων
1679 5621 1748 5672 τά
1777 5621 1940 5675 αὐτοῦ
1975 5642 2151 5698 παρα-

493 5715 722 5769 ϐάλλων.
758 5714 879 5766 Ὅτι
907 5711 969 5764 ού
994 5708 1226 5772 δέδεται,
1270 5711 1432 5779 χάριν
1487 5707 1692 5760 εἴσεται
1743 5708 1950 5774 λοιπὸν,
1978 5731 2148 5769 κατα-

495 5804 751 5874 φρονήσει
783 5799 890 5854 τῶν
935 5797 1290 5870 ἀνθρωπίνων
1331 5797 1691 5866 πραγμάτων,
1725 5796 1955 5862 πολλοὺς
1993 5802 2153 5858 πλού-

558 5902 585 5929 ι
611 5890 742 5937 Ἐκεῖ
784 5889 926 5937 deest
967 5891 1017 5936 in
1075 5900 1190 5952 uno.
1289 5887 1316 5925 ιν
1362 5888 1413 5936 In
1441 5887 1614 5936 eodem
1644 5888 1794 5945 πολλή
1847 5887 1878 5942 ἡ
1937 5888 2151 5952 διάχυσις

498 5955 657 6004 deest.
723 5955 745 5983 ⁸
759 5952 900 6002 Alius
918 5951 1317 6012 σκυθρωπότερος.

2272 805 2429 852 σεως,
2467 792 2560 844 καὶ
2596 793 2774 862 φρίξει
2806 797 2933 858 τοὺς
2955 796 3154 858 τόπους
3189 796 3421 850 ἐνταῦθα
3463 797 3620 868 ὁρῶν.
3661 800 3931 869 Καθάπερ

2268 875 2376 945 γάρ
2405 878 2636 932 ἐνταῦθα
2668 883 2725 934 έν
2753 881 3110 953 δεσμωτηρίῳ
3143 884 3650 955 συγκεκλεισμένος,
3681 887 3929 956 ἐπιεικὴς

2267 965 2404 1034 πρὸς
2437 967 2644 1030 πάντας
2683 969 2831 1021 ἐστίν
2875 986 2890 999 ·
2935 970 3077 1023 οὕτω
3109 972 3347 1024 κάκεῖνοι
3377 972 3483 1042 πρὸ
3524 972 3626 1043 τῆς
3666 974 3926 1044 κρίσεως,

2268 1053 2377 1122 πρὸ
2401 1054 2500 1124 τῆς
2534 1055 2832 1126 μελλούσης
2861 1059 3092 1128 ἡμέρας,
3113 1059 3249 1131 πρὸς
3274 1065 3526 1128 γυναῖκα,
3548 1063 3685 1132 πρὸς
3717 1063 3926 1125 παιδία,

2268 1140 2402 1209 πρὸς
2435 1143 2560 1205 τοὺς
2591 1144 2810 1207 οἰκέτας
2835 1144 3045 1198 ἔσονται
3074 1148 3488 1218 ἐπιεικέστεροι.
3522 1148 3676 1201 Ἀλλ’
3701 1151 3813 1202 ἀπὸ
3835 1151 3928 1203 τοῦ

2268 1225 2496 1298 θεάτρου
2517 1229 2615 1298 ούχ
2635 1229 2830 1293 οὕτως,
2853 1232 2970 1285 ἀλλ’
2993 1233 3317 1305 ἀηδέστερον
3338 1234 3527 1304 ὄψεται
3546 1239 3645 1305 τὴν
3668 1242 3926 1305 γυναῖκα,

2266 1314 2359 1367 καὶ
2381 1314 2645 1386 δυσχερὴς
2669 1319 2805 1389 πρὸς
2836 1319 2961 1382 τοὺς
2995 1321 3224 1383 οίκείους
3252 1321 3426 1384 ἔσται,
3454 1322 3927 1394 παροξυνθήσεται

2265 1402 2403 1474 πρὸς
2434 1402 2503 1456 τά
2543 1405 2752 1471 παιδία,
2782 1408 3246 1479 ἐκθηριωθήσεται
3269 1411 3404 1480 πρὸς
3434 1412 3663 1476 πάντας.
3695 1415 3926 1482 Μεγάλα

2264 1492 2407 1544 κακά
2453 1492 2522 1545 τά
2586 1493 2789 1565 θέατρα
2837 1498 3244 1566 παρασκευάζει
3281 1501 3401 1562 ταῖς
3441 1499 3650 1563 πόλεσι,
3684 1502 3922 1570 μεγάλα.

2263 1580 2358 1632 καὶ
2383 1580 2503 1633 οὐδὲ
2527 1580 2684 1634 τοῦτο
2713 1583 2868 1652 ἴσμεν
2905 1584 2986 1636 ὅτι
3018 1585 3247 1654 μεγάλα.
3283 1585 3346 1638 Εἰ
3367 1586 3423 1638 δὲ
3455 1587 3554 1640 οὐκ
3580 1589 3922 1657 ἀπεκάμετε,

2261 1665 2601 1738 ἐξετάσωμεν
2626 1668 2773 1740 [524]
2800 1671 3037 1734 καὶτοὺς
3065 1671 3158 1724 τοῦ
3179 1672 3410 1740 γέλωτος
3438 1674 3652 1737 τόπους,
3680 1675 3754 1727 τά
3790 1693 3924 1745 συμ-

2262 1754 2428 1807 πόσια
2464 1754 2624 1822 λέγω,
2668 1756 2796 1810 ἔνθα
2834 1758 3124 1828 παράσιτοι
3170 1761 3264 1813 καὶ
3291 1760 3520 1821 κόλακες
3548 1763 3642 1814 καὶ
3679 1762 3856 1832 πολλὴ
3890 1766 3925 1833 ἡ

2259 1842 2460 1912 τρυφὴ,
2495 1844 2590 1896 καὶ
2616 1844 2810 1908 τόπους
2839 1847 3074 1918 ἐτέρους,
3107 1846 3234 1899 ἔνθα
3274 1849 3436 1917 χωλοὶ
3481 1851 3577 1902 καὶ
3625 1849 3920 1920 ἀνάπηροι.

2261 1929 2427 1983 Πάλιν
2447 1933 2564 1983 ἐκεῖ
2583 1931 2682 2001 μὲν
2715 1932 2854 2002 μέθη
2874 1934 2969 1986 καὶ
2995 1934 3172 2004 τρυφὴ
3199 1937 3293 1987 καί¹
3315 1935 3580 2005 διάχυσις,
3610 1936 3850 1989 ἐνταῦθα
3865 1938 3923 1990 δὲ

2258 2018 2588 2075 τούναντίον.
2613 2019 2754 2089 Ὅρα
2779 2021 2872 2073 καὶ
2893 2021 2984 2072 ἐπὶ
3012 2021 3105 2072 τοῦ
3136 2022 3404 2091 σώματος,
3429 2022 3556 2075 ὅταν
3587 2022 3923 2095 φλεγμαίνῃ,

2259 2103 2386 2157 ὅταν
2407 2104 2638 2176 εύπαθῇ,
2669 2107 2927 2178 ταχίστην
2978 2108 3089 2178 ἔχει
3143 2109 3276 2178 πρὸς
3317 2113 3469 2163 νόσον
3524 2112 3876 2181 μετάπτωσιν
3905 2130 3919 2142 ·

2259 2194 2386 2250 ὅταν
2411 2196 2468 2248 δέ
2494 2198 2926 2267 κατεσταλμένον
3002 2239 3014 2259 ,
3051 2199 3149 2268 οὐχ
3188 2198 3378 2262 οὕτως.
3407 2200 3527 2253 Ἵνα
3558 2200 3614 2252 δὲ
3650 2202 3922 2269 σαφέστε-

2262 2301 2352 2356 ρον
2377 2286 2504 2356 ὑμῖν
2528 2285 2556 2339 ὃ
2575 2286 2718 2354 λέγω
2748 2287 2957 2356 ποιήσω
2984 2286 3010 2325 (1
3038 2324 3052 2347 ,
3081 2289 3221 2338 έστω
3251 2286 3411 2356 σῶμα
3459 2287 3579 2356 ἔχον
3611 2287 3747 2340 πολὺ
3779 2285 3921 2358 αἷμα

2259 2374 2352 2426 καὶ
2379 2373 2586 2444 σάρκας
2635 2373 2834 2436 πολλάς
2873 2374 2968 2426 καὶ
3024 2373 3268 2443 σφριγῶν
3297 2389 3310 2402 ·
3344 2373 3500 2428 τοῦτο
3547 2375 3642 2428 καὶ
3673 2377 3784 2428 ἀπὸ
3816 2377 3921 2447 τῆς

2259 2460 2524 2530 τυχούσης
2569 2460 2778 2530 τροφῆς
2811 2461 3046 2532 πυρετὸν
3091 2461 3379 2530 δυνήσεται
3406 2463 3604 2527 τεκεῖν,
3641 2463 3707 2515 ἂν
3735 2463 3921 2526 ἁπλῶς

2256 2548 2490 2619 ἀργήσῃ.
2539 2549 2721 2602 Ἔστω
2760 2549 2816 2602 δὲ
2865 2550 3050 2619 ἕτερον
3097 2547 3239 2619 λιμῷ
3294 2549 3492 2619 μᾶλλον
3553 2549 3778 2602 παλαῖον
3824 2551 3923 2603 καὶ

2255 2721 2586 2792 ἀρρωστίαν.
2609 2719 2756 2792 Αἷμα
2785 2724 2888 2776 κᾶν
2921 2723 3076 2792 ὑγιὲς
3179 2723 3236 2774 ἐν
3265 2723 3398 2793 ἡμῖν
3423 2762 3438 2788 ,
3461 2722 3538 2790 τῷ
3567 2723 3762 2792 πλήθει
3786 2725 3918 2775 πολ.

2254 2807 2408 2872 λάκις
2427 2809 2577 2863 νόσον
2633 2810 2817 2863 ἔτεκεν
2856 2825 2870 2840 ⁸
2909 2811 2975 2864 ἂν
3033 2811 3092 2864 δὲ
3145 2810 3325 2878 ὀλίγον
3374 2807 3444 2884 ᾗ,
3502 2811 3603 2863 κᾶν
3637 2812 3710 2881 μὴ
3741 2811 3916 2878 ὑγιὲς,

2253 2898 2485 2961 εὐκόλως
2511 2898 2944 2970 κατεργασθῆναι
2961 2897 3200 2952 δύναται.
3229 2898 3384 2951 Οὕτω
3403 2900 3466 2968 δὴ
3486 2899 3578 2951 καὶ
3594 2901 3685 2951 ἐπὶ
3711 2899 3914 2968 ψυχῆς,

2253 2993 2287 3060 ὴ
2310 2990 2406 3060 μὲν
2433 2990 2491 3041 ἐν
2523 2989 2702 3041 ἀνέσει
2727 2989 2820 3041 καὶ
2844 2991 3026 3059 τρυφῇ
3051 2987 3385 3058 ὀξυρρόπους
3415 2989 3527 3057 ἕχει
3552 2987 3686 3057 πρὸς
3737 2989 3918 3059 ἁμαρ-

2251 3079 2370 3129 τίαν
2385 3077 2483 3138 τάς
2510 3077 2683 3146 ὁρμάς
2702 3091 2716 3106 ’
2740 3075 2955 3145 καὶγὰρ
2978 3076 3228 3136 ἀπονοίας
3245 3075 3407 3142 ἐγγὺς
3424 3077 3456 3144 ἡ
3475 3075 3694 3145 τοιαύτη
3715 3075 3915 3144 ἕστηκε

2252 3164 2346 3217 καὶ
2393 3163 2584 3233 ἡδονῆς
2625 3163 2718 3216 καὶ
2752 3162 3056 3227 κενοδοξίας
3097 3162 3192 3215 καὶ
3239 3162 3434 3230 φθόνου
3484 3163 3577 3215 καὶ
3611 3161 3916 3215 ἐπιϐουλῶν

2253 3251 2347 3304 καί⁸
2379 3248 2748 3318 συκοφαντιῶν
2778 3265 2790 3279 ·
2821 3249 2936 3302 ἀλλ’
2968 3251 3066 3320 οὐχ
3111 3251 3144 3320 ἡ
3182 3250 3238 3302 ἐν
3267 3250 3441 3320 θλίψει
3468 3250 3560 3302 καλ⁵
3589 3250 3913 3320 αὐταρκείᾳ,

2250 3338 2387 3393 ἀλλά
2435 3339 2651 3391 πάντων
2695 3337 2898 3392 τούτων
2955 3339 3317 3407 ἀπήλλακται.
3364 3338 3493 3392 Ἰδοὺ
3556 3337 3720 3409 ἡλίκη
3762 3337 3915 3401 πόλις

2252 3429 2391 3498 ἡμῖν
2419 3429 2567 3480 ἐστιν
2590 3429 2626 3497 ἡ
2654 3426 2863 3496 μεγάλη
2885 3425 3043 3496 αὕτη.
3068 3427 3237 3479 Πόθεν
3261 3423 3355 3479 οὖν
3376 3426 3618 3479 τίκτεται
3643 3426 3717 3478 τά
3736 3427 3913 3492 κακά;

2250 3517 2351 3569 οὐκ
2399 3514 2507 3568 ἀπὸ
2547 3515 2654 3568 τῶν
2701 3513 3102 3579 πλουτούντων;
3142 3515 3240 3566 οὐκ
3283 3513 3390 3566 ἀπὸ
3421 3513 3530 3566 τῶν
3572 3515 3912 3584 χαιρόντων;

2251 3603 2409 3664 Τίνες
2431 3603 2510 3664 είς
2531 3600 2852 3672 δικαστήρια
2905 3599 3158 3666 timum;
3206 3599 3349 3664 τίνες
3383 3600 3569 3663 οὐσίας
3605 3601 3916 3653 summa.

2253 3705 2370 3753 σιν;
2405 3690 2455 3741 οί
2513 3687 2845 3758 ταλαίπωροι
2891 3687 2986 3741 καὶ
3035 3687 3459 3758 ἀπερριμμένοι,
3517 3687 3552 3757 ἢ
3606 3688 3657 3740 οἱ
3699 3688 3914 3757 μεγάλα

2253 3776 2532 3847 φυσῶντες
2558 3777 2651 3830 καὶ
2683 3775 2997 3848 χαίροντες;
3025 3775 3140 3828 Οὐκ
3162 3775 3308 3828 ἔστιν
3340 3775 3447 3828 ἀπὸ
3476 3775 3653 3844 ψυχῆς
3686 3776 3913 3845 τεθλιμ-

2254 3866 2422 3936 μένης
2481 3865 2735 3932 γενέσθαι
2795 3880 2848 3916 τι
2900 3863 3090 3918 κακόν.
3157 3860 3309 3917 Οἶδεν
3359 3863 3532 3932 αὐτῆς
3561 3863 3624 3914 τὸ
3664 3863 3914 3932 κέρδοςό

2252 3951 2461 4014 Παῦλος
2493 3967 2505 3980 ’
2537 3951 2626 4003 διὰ
2654 3950 2811 4003 τοῦτό
2849 3965 3032 4020 φησιν’
3076 3948 3146 4003 'H
3190 3949 3391 4018 θλῖψις
3418 3947 3723 4018 ὑπομονὴν
3761 3967 3914 4003 κατ-

2249 4039 2562 4108 εργάζεται,
2615 4037 2653 4105 ἡ
2692 4037 2760 4090 δὲ
2816 4040 3087 4106 ὑπομονὴ
3142 4037 3421 4105 δοκιμὴν,
3473 4040 3510 4105 ἠ
3556 4034 3622 4088 δὲ
3681 4034 3903 4104 δοκιμὴ

2248 4125 2486 4189 ἐλπίδα,
2508 4127 2546 4192 ἡ
2569 4124 2636 4177 δὲ
2667 4124 2843 4188 ἐλπὶς
2870 4126 2941 4176 οὺ
2989 4127 3396 4192 καταισχίνει.
3433 4125 3528 4194 Μὴ
3568 4123 3632 4192 δὴ
3669 4124 3906 4175 καταπί-

2249 4231 2472 4283 πτωμεν
2499 4215 2556 4265 ἐν
2585 4215 2702 4275 ταῖς
2730 4211 2988 4280 θλίψεσιν,
3019 4212 3131 4265 ἀλλ’
3165 4215 3223 4265 ἐν
3248 4213 3448 4266 ἅπασιν
3473 4212 3906 4283 εὐχαριστῶμεν,

2251 4301 2336 4353 ἵνα
2363 4318 2415 4354 τι
2444 4300 2792 4370 κερδάνωμεν
2835 4301 2999 4368 μέγα,
3045 4300 3130 4352 ἵνα
3164 4298 3610 4369 εὐδοκιμήσωμεν
3644 4302 3797 4370 παρά
3827 4301 3909 4371 τῷ

2249 4389 2367 4460 Θεῷ
2394 4388 2470 4458 τῷ
2501 4389 2597 4450 τάς
2621 4387 2825 4456 θλίψεις
2860 4387 3247 4457 συγχωροῦντι.
3274 4388 3433 4455 Μέγα
3462 4387 3636 4456 θλίψις
3661 4389 3867 4456 ἀγαθόν
3893 4411 3907 4422 ·

2249 4477 2524 4532 καὶτοῦτο
2550 4475 2658 4529 ἀπὸ
2683 4475 2790 4527 τῶν
2828 4475 3030 4527 παιδων
3069 4474 3176 4526 τῶν
3210 4476 3488 4544 ἡμετέρων
3518 4477 3865 4547 μανθάνομεν
3893 4495 3905 4506 ·

2248 4567 2415 4636 χωρὶς
2447 4564 2554 4634 γάρ
2584 4563 2813 4631 θλίψεως
2835 4561 2986 4614 οὐδὲν
3016 4562 3081 4613 ἂν
3108 4560 3265 4631 μάθοι
3300 4563 3584 4632 χρήσιμον.
3639 4564 3829 4634 Ἡμεῖς
3853 4566 3908 4619 δὲ

2252 4655 2451 4722 μᾶλλον
2509 4652 2686 4705 αὐτῶν
2733 4650 2967 4721 δεόμεθα
3018 4649 3266 4718 θλίψεως.
3331 4652 3394 4703 El
3448 4653 3556 4723 γάρ
3592 4655 3778 4706 ἐκεῖνα
3800 4655 3908 4706 τῶν

2250 4743 2439 4795 παθῶν
2482 4739 2830 4811 ἠρεμούντων
2893 4739 3080 4802 αὐτοῖς
3113 4737 3293 4790 θάλλει
3347 4750 3404 4801 θ,
3458 4740 3638 4810 πολλῴ
3705 4743 3908 4811 μᾶλλον

2251 4832 2432 4900 ἡμεῖς,
2469 4827 2562 4880 καὶ
2585 4827 2818 4897 μάλιστα,
2840 4825 3114 4887 τοσούτοις
3172 4827 3537 4897 συνεχόμενοι.
3582 4829 3721 4880 Ἀλλ’
3759 4833 3908 4899 ἡμεῖς

2254 4919 2452 4991 μᾶλλον
2488 4915 2866 4983 παιδαγωγοὺς
2903 4914 3044 4984 ἔχειν
3081 4916 3249 4986 ἐχρῆν
3286 4933 3298 4946 ·
3343 4918 3492 4987 παρά
3532 4919 3630 4987 μὲν
3658 4918 3766 4990 γάρ
3797 4923 3910 4973 τῶν

2253 5009 2456 5061 παίδων
2484 5005 2550 5058 τά
2578 5003 2946 5074 ἁμαρτήματα
2986 5005 3086 5056 οὐκ
3123 5005 3191 5056 ἂν
3224 5005 3433 5073 μεγάλα
3472 5005 3702 5072 γένοιτο;
3758 5011 3910 5076 παρά

2251 5097 2308 5151 δὲ
2331 5099 2363 5168 ἡ
2374 5095 2486 5165 μῶν
2516 5093 2715 5163 σφόδρα
2744 5091 2970 5160 μεγάλα.
3009 5092 3357 5160 Παιδαγωγός
3376 5093 3430 5144 δὲ
3457 5094 3612 5162 ἡμῶν
3646 5098 3677 5163 ἡ
3707 5095 3907 5164 θλῖψις.

2250 5186 2405 5256 Μὴτε
2438 5179 2528 5235 οὖν
2558 5177 2915 5245 ἐπισπώμεθα
2951 5178 3140 5249 αὐτὴν,
3181 5180 3274 5232 καὶ
3324 5179 3602 5249 παροῦσαν
3644 5185 3911 5250 γενναίως

2253 5274 2526 5344 φέρωμεν,
2573 5269 2659 5322 ἀεὶ
2700 5267 2906 5338 μυρίων
2955 5263 3122 5319 οὖσαν
3172 5267 3392 5335 ἀγαθῶν
3447 5269 3646 5333 αἰτίαν,
3685 5271 3771 5324 ῖνα
3813 5275 3910 5324 καὶ

2251 5363 2348 5429 τῆς
2375 5358 2524 5429 παρὰ
2551 5355 2644 5409 τοῦ
2683 5354 2818 5407 Θεοῦ
2851 5355 3023 5426 ῥοπῆς
3052 5354 3471 5423 ἀπολαύσωμεν,
3506 5357 3598 5409 καὶ
3635 5357 3744 5410 τῶν
3774 5361 3911 5412 ἀπο-

2252 5449 2518 5519 κειμένων
2570 5443 2786 5513 ἀγαθῶν
2838 5447 2948 5506 τοῖς
3001 5445 3284 5512 ἀγαπῶσιν
3335 5444 3511 5506 αὑτὸν,
3584 5447 3640 5496 ἐν
3688 5447 3911 5515 Χριστῷ

2263 5534 2438 5604 Ἰησοῦ
2453 5533 2531 5602 τῷ
2561 5530 2749 5601 Κυρίῳ
2770 5531 2946 5601 ἡμῶν,
2983 5532 3082 5602 μεθ
3100 5531 3113 5549 ⁹
3138 5528 3198 5584 οὗ
3220 5531 3299 5600 τῷ
3321 5532 3491 5600 Πατρὶ
3521 5532 3635 5600 ἅμα
3661 5533 3736 5602 τῷ
3767 5534 3912 5602 ἁγίῳ

2253 5623 2527 5692 Πνεύματι
2553 5619 2698 5682 δόξα,
2727 5621 2948 5690 κράτος,
2988 5621 3140 5689 τιμὴ,
3170 5618 3264 5672 νῦν
3304 5620 3398 5671 καὶ
3421 5620 3527 5682 ἀεὶ,
3553 5619 3650 5672 καὶ
3674 5622 3754 5683 εἰς
3776 5626 3908 5684 τοὺς

2254 5712 2453 5774 αἰῶνας
2481 5708 2588 5761 τῶν
2609 5706 2842 5762 αἰώνων.
2887 5708 3076 5778 Ἀμήν.

2315 5895 2344 5935 d
2377 5895 2528 5952 Unus,
2553 5894 3060 5957 οὕτωςηΣαφὲστερον
3100 5893 3182 5942 οὖν
3233 5894 3342 5955 ὑμῖν
3383 5891 3572 5947 ποιήσω
3626 5889 3707 5936 τὸν
3743 5888 3889 5949 λόγον

2262 5973 2284 6000 ο
2309 5959 2445 6010 Idem
2469 5957 2638 6011 αὐτοὺς
2660 5955 2870 6018 σφάλλει.
