3948 6512
235 340 313 400 θοι

231 446 617 513 confusio:nihil
661 453 968 510 strenuum,
1013 443 1147 497 nihil
1193 436 1736 512 generosumzmulta

230 546 359 605 isthic
375 539 552 598 diaboli
576 553 785 607 pompa,
808 535 1069 609 cymbala,
1094 534 1256 601 tibiae,
1279 531 1483 588 cantica
1511 527 1741 588 fornica-

227 637 357 693 tionis
378 644 425 688 et
451 629 685 685 adulterii
707 629 883 698 plena.
906 630 975 682 At
1004 627 1089 681 ubi
1117 627 1291 681 luctus
1310 633 1411 687 est,
1445 637 1551 676 non
1581 621 1740 684 item;

223 727 299 783 sed
322 725 477 779 omnia
504 722 637 777 bene
665 720 905 774 ordinata
932 736 945 772 :
970 734 1215 788 magnum
1237 717 1529 779 silentium,
1551 726 1738 782 magna

221 819 373 889 quies,
416 828 591 881 magna
630 802 918 875 demissio;
957 809 1085 864 nihil
1126 808 1572 878 incompositum,
1609 802 1740 857 nihil

223 909 530 963 inordinatum
561 922 573 957 :
602 904 646 957 si
690 904 809 973 quis
853 904 1136 972 loquatur,
1181 901 1341 955 verba
1387 895 1739 969 philosophiae

219 1002 344 1072 plena
380 996 565 1061 fundit;
595 995 839 1066 quodque
878 996 1066 1048 mirum
1096 1002 1206 1057 est,
1240 990 1330 1046 illo
1361 1002 1599 1059 tempore
1629 1001 1741 1041 non

218 1092 294 1144 viri
322 1090 497 1151 solum,
530 1086 621 1141 sed
650 1086 807 1141 etiam
836 1085 1111 1140 domestici
1141 1093 1195 1139 et
1223 1081 1475 1136 mulieres
1504 1079 1737 1149 philoso-

217 1184 428 1253 phantur.
469 1177 611 1231 Talis
648 1176 789 1231 enim
825 1188 906 1231 est
936 1176 1111 1230 luctus
1136 1184 1343 1228 natura.
1390 1172 1455 1224 Et
1488 1170 1735 1225 videntur

210 1273 389 1343 quidem
418 1272 674 1339 lugentem
709 1269 969 1324 consolari
993 1310 1007 1333 ,
1039 1268 1262 1337 plurima
1286 1273 1461 1320 autem
1488 1264 1731 1333 dogmata

212 1362 446 1433 proferunt
481 1359 825 1428 phiIOSOphitn
865 1360 1039 1428 plena.
1079 1358 1270 1412 Preces
1309 1357 1518 1417 statim,
1554 1362 1617 1409 ut
1644 1353 1732 1407 hic

209 1457 333 1509 sistat
354 1452 578 1515 afﬂictio,
611 1452 866 1521 multique
890 1460 1015 1506 sunt
1043 1450 1130 1518 qui
1157 1448 1413 1502 afﬂictum
1445 1445 1729 1501 consolan-

209 1559 291 1611 tur,
317 1554 359 1599 et
385 1544 803 1599 enumerationes
831 1543 978 1596 mille
1001 1541 1133 1595 ﬁunt
1151 1556 1359 1605 eorum,
1381 1538 1470 1607 qui
1492 1536 1731 1591 similiter

206 1640 370 1707 lugent.
414 1634 546 1702 Quid
588 1646 669 1690 est
705 1635 847 1690 enim
888 1634 1085 1687 homo?
1128 1632 1338 1688 Natura:
1378 1639 1574 1684 nostrae
1608 1642 1727 1697 per-

203 1728 398 1798 quisitio.

254 1823 298 1877 4.
328 1819 481 1873 Homo
500 1819 624 1890 quid
642 1820 724 1873 sit.
752 1817 1083 1874 Theatrorum
1110 1816 1463 1888 turpitudo.—-
1477 1812 1614 1882 Quid
1642 1820 1726 1868 est

201 1928 304 1983 ergo
323 1910 506 1965 homo?
529 1910 663 1964 Vita:
689 1921 739 1965 et
767 1910 988 1965 vilitatis
1015 1910 1130 1978 ejus
1157 1908 1452 1973 accusatio,
1483 1920 1724 1960 comme-

199 2002 385 2057 moratio
430 2001 725 2056 futurarum
770 2017 947 2057 rerum
992 2009 1047 2055 et
1097 1999 1303 2069 judicii.
1353 1996 1723 2065 Unusquisque

198 2107 338 2150 autem
362 2094 559 2149 recedit
578 2095 794 2149 domum
823 2112 836 2148 :
867 2093 953 2164 qui
982 2108 1011 2147 a
1042 2092 1241 2162 nuptiis
1263 2133 1278 2158 ,
1308 2099 1550 2155 mmstus,
1578 2087 1721 2158 quod

198 2208 281 2246 non
307 2207 383 2245 res
407 2205 660 2259 prospera
688 2190 790 2252 sit;
817 2188 907 2257 qui
934 2203 965 2242 a
994 2187 1168 2252 luctu,
1195 2186 1449 2241 remissus
1477 2194 1530 2238 et
1565 2183 1719 2252 quic~

196 2294 287 2345 tus,
312 2282 419 2351 quia
448 2298 553 2335 non
597 2281 786 2335 similia
831 2293 1016 2350 passus
1042 2288 1157 2344 est,
1200 2286 1256 2333 et
1280 2277 1424 2332 omni
1456 2276 1719 2330 exstincto

193 2374 349 2427 ardore
371 2372 633 2426 discessit.
684 2371 789 2427 Sed
833 2370 997 2440 quid?
1039 2369 1121 2424 vis
1149 2383 1393 2425 carceres
1428 2377 1483 2423 et
1513 2366 1715 2422 theatra

193 2465 522 2519 conferamus?
572 2463 668 2519 Ille
711 2479 936 2533 namque
980 2478 1267 2526 aerumna),
1300 2461 1389 2515 hic
1433 2460 1715 2530 voluptatis

193 2567 254 2612 est
278 2556 424 2611 locus.
456 2558 569 2621 Age
600 2554 1028 2624 ergo,videamus
1084 2569 1201 2623 qua:
1232 2568 1297 2607 ex
1324 2551 1560 2622 utrisque
1586 2564 1715 2605 con-

192 2650 371 2718 tingant.
411 2646 517 2703 Illic
551 2646 887 2716 philosophia
925 2645 1088 2700 multa
1117 2662 1130 2699 :
1163 2644 1249 2699 ubi
1288 2645 1428 2700 enim
1473 2658 1709 2709 mceror,

192 2739 244 2792 ibi
268 2739 461 2793 omnino
490 2737 854 2807 philosophia.
903 2736 1004 2803 Qui
1048 2745 1203 2790 antea
1247 2734 1397 2790 dives
1425 2746 1574 2800 erat,
1621 2734 1708 2803 qui

189 2828 421 2883 admodum
446 2827 667 2883 inﬂatus
690 2872 706 2895 ,
742 2827 853 2899 jam
879 2842 910 2884 e
949 2828 1105 2899 vulgo
1144 2826 1381 2897 quemvis
1411 2840 1469 2880 se
1516 2825 1709 2895 alloqui

192 2921 444 2989 permittet,
498 2929 647 2976 metu
696 2935 1033 2989 mmroreque
1081 2920 1201 2990 igne
1243 2919 1615 2974 vehementius
1654 2917 1706 2970 in

192 3016 368 3070 animam
393 3016 507 3086 ejus
532 3015 807 3082 incidente
830 3025 883 3070 et
913 3014 1160 3069 duritiem
1206 3013 1510 3068 emolliente
1539 3031 1552 3068 :
1584 3022 1707 3066 tunc

197 3105 391 3174 humilis,
418 3117 544 3162 tunc
576 3114 799 3163 maestus
828 3106 1052 3172 evadet,
1086 3114 1209 3160 tunc
1250 3104 1556 3159 saecularem
1587 3118 1707 3156 mn-

202 3198 394 3251 tationem
418 3198 648 3262 sentiet,
684 3207 808 3253 tunc
833 3196 985 3251 fortis
1009 3196 1111 3251 erit
1136 3194 1200 3249 ad
1227 3194 1425 3249 omnia.
1454 3191 1511 3247 In
1549 3193 1704 3247 thea-

198 3295 252 3340 tro
284 3298 440 3343 autem
472 3289 654 3343 omnia
687 3289 949 3344 contraria
996 3296 1149 3353 sunt,
1193 3288 1358 3352 risus,
1391 3284 1662 3356 turpitudo
1685 3325 1700 3351 ,

189 3393 330 3449 pompa
372 3381 636 3437 diabolica
656 3423 673 3447 ,
707 3380 930 3448 eﬂ'usio,
958 3379 1248 3449 insumptio
1279 3378 1532 3448 temporis
1552 3419 1568 3445 ,
1601 3377 1702 3432 im-

187 3483 307 3537 pensa
368 3471 576 3528 dierum
645 3472 878 3537 inutilis,
935 3478 1219 3541 apparatus
1284 3468 1351 3524 ad
1416 3469 1699 3524 absurdam

180 3564 621 3631 concupiscentiam
647 3603 663 3630 ,
712 3562 956 3619 adulterii
998 3563 1271 3618 meditatio
1297 3605 1313 3628 ,
1365 3563 1703 3618 scortationis

179 3655 492 3722 gymnasium,
542 3656 972 3725 intemperantia:
1014 3654 1234 3721 schola,
1282 3654 1586 3710 adhortatio
1632 3652 1700 3708 ad

179 3748 545 3816 turpitudinem,
596 3752 735 3804 risus
777 3750 1023 3816 occasio,
1074 3748 1329 3805 foeditatis
1372 3747 1697 3817 exemplum.

178 3838 229 3889 At
249 3854 337 3893 non
366 3842 478 3895 talis
505 3851 595 3897 est
623 3856 838 3907 carcer;
870 3841 965 3897 sed
1010 3841 1117 3896 illic
1159 3839 1458 3904 humilitas,
1504 3838 1700 3895 exhor-

176 3931 308 3998 latio,
335 3933 580 3989 stimulus
610 3935 676 3989 ad
726 3934 1111 4005 philosophiam
1133 3975 1148 4001 ,
1184 3932 1515 3989 saecularium
1562 3947 1697 3987 con-

179 4030 362 4090 temptus
386 4044 398 4079 :
437 4026 623 4081 omnia
651 4026 1046 4092 conculcantur,
1069 4025 1247 4080 omnia
1279 4032 1622 4095 spernuntur,
1642 4031 1697 4078 et

178 4124 312 4170 metus
357 4119 502 4186 quasi
552 4133 722 4188 puero
773 4119 1090 4189 paedagogus
1139 4118 1326 4184 adest,
1376 4118 1442 4172 ad
1500 4116 1693 4173 decora

177 4208 311 4261 ninnia
333 4209 471 4265 illum
500 4211 808 4266 instituens.
841 4211 946 4266 Sed
974 4211 1018 4265 si
1043 4210 1120 4265 vis
1150 4210 1339 4264 iterum
1365 4208 1551 4264 eadem
1577 4208 1692 4263 loca

173 4294 249 4350 alia
273 4300 460 4356 ratione
490 4301 854 4372 exploremus.
900 4301 1102 4357 Vellem
1130 4316 1441 4355 occurreres
1477 4302 1592 4355 viro
1616 4316 1686 4355 ex

171 4386 338 4445 theatro
371 4394 639 4462 venienti,
666 4404 721 4449 et
742 4395 831 4449 alii
864 4395 1091 4464 cuipiam
1123 4410 1154 4449 e
1188 4409 1403 4449 carcere
1429 4395 1641 4449 exeunti
1674 4410 1687 4446 :

170 4478 439 4554 videresque
486 4485 631 4539 illius
678 4486 907 4539 animam
950 4484 1340 4550 fastidientem,
1382 4485 1645 4539 turbatam
1671 4525 1686 4550 ,

165 4583 262 4626 tere
281 4576 532 4641 vinctam;
558 4575 716 4642 hujus
736 4591 863 4631 vero
883 4576 1133 4645 quietam,
1162 4575 1386 4630 solutam
1408 4616 1422 4640 ,
1446 4575 1686 4629 liberam.

164 4659 235 4715 ille
260 4678 471 4735 namque
502 4682 571 4722 ex
616 4666 823 4721 theatro
848 4667 1081 4731 recedit,
1111 4667 1277 4720 oculis
1303 4676 1487 4734 captus
1533 4666 1685 4720 thea-

164 4755 334 4809 tralium
372 4773 555 4815 amore
593 4758 911 4825 mulierum,
960 4758 1103 4813 ferro
1131 4758 1431 4812 durioribus
1458 4757 1684 4810 vinculis

160 4848 439 4904 constrictus
461 4891 478 4916 ,
511 4850 564 4905 id
615 4860 729 4917 est,
774 4851 906 4906 locis
948 4851 1111 4921 ipsis,
1152 4851 1366 4916 verbis,
1402 4850 1637 4920 gestibus
1668 4866 1682 4902 :

158 4935 227 5002 qui
252 4947 411 4993 autem
438 4955 471 4996 e
490 4955 707 4996 carcere
736 4941 879 5006 exit,
907 4940 1153 4996 omnibus
1179 4940 1383 4995 solutus
1403 4954 1551 5021 {non
1573 4939 1681 5007 jam

159 5041 201 5079 te
226 5041 356 5097 putat
380 5033 650 5104 quidpiam
682 5035 786 5104 pati
807 5075 821 5100 ,
853 5050 946 5090 sua
982 5048 1100 5089 cum
1126 5034 1316 5089 alienis
1344 5048 1678 5102 comparans.

154 5116 279 5187 Quod
314 5140 411 5179 non
452 5128 661 5183 vinctus
705 5129 807 5193 sit,
854 5128 906 5181 id
951 5143 1048 5198 pro
1088 5128 1256 5198 gratia
1304 5126 1552 5192 habebit,
1597 5142 1682 5182 res

158 5208 377 5271 humanas
400 5218 692 5288 despiciet,
724 5220 918 5274 divites
942 5220 1137 5274 multos
1166 5220 1352 5275 videns
1378 5219 1432 5274 in
1461 5218 1682 5274 calami-

156 5306 354 5376 tatibus,
383 5313 472 5382 qui
516 5327 633 5368 cum
682 5313 847 5367 multa
891 5328 1185 5384 magnaque
1233 5313 1471 5384 possint,
1524 5312 1678 5367 isthic

155 5394 382 5466 ligantur:
408 5405 613 5461 etiarnsi
641 5406 766 5479 quid
796 5406 989 5478 injuste
1014 5406 1276 5477 patiatur,
1306 5405 1357 5462 id
1387 5407 1631 5462 tolerabit
1659 5423 1674 5461 :

1125 325 1191 381 IN
1227 323 1405 380 ACTA
1442 317 1961 378 APOSTOLORUM.
2003 321 2231 380 HOMIL.
2272 325 2432 384 XLII.

3323 340 3429 398 309.

1846 434 2065 506 hujusce
2090 454 2316 510 namque
2345 442 2420 496 rei
2451 443 2614 498 multa
2643 444 2802 501 habet
2834 448 3075 518 exempla
3103 469 3117 506 :
3149 458 3407 511 memoria

1850 538 2058 598 repetet
2082 532 2313 588 futurum
2336 533 2596 603 judicium
2617 577 2633 602 ,
2669 546 2723 592 et
2760 538 3141 608 exhorrescet,
3169 543 3293 598 dum
3330 546 3415 600 illa

1849 618 1963 673 loca
2007 622 2273 690 respiciet.
2317 623 2466 679 Sicut
2497 626 2639 681 enim
2672 626 2760 682 hic
2800 628 2854 683 in
2890 644 3105 687 carcere
3146 633 3417 699 inclusus,

1846 709 1993 763 mitis
2018 725 2142 781 erga
2170 727 2358 768 omnes
2381 722 2500 769 est:
2528 716 2608 771 sic
2635 725 2690 771 et
2714 717 2788 773 illi
2818 731 2943 774 ante
2968 720 3223 788 judicium
3247 764 3264 791 ,
3294 737 3416 780 ante

1846 798 2075 855 futuram
2128 804 2273 857 illam
2303 805 2443 860 diem
2465 846 2480 869 ,
2508 823 2631 877 erga
2660 824 2913 875 uxorem,
2942 828 3065 883 erga
3091 813 3256 880 ﬁlios,
3290 832 3411 887 erga

1844 890 2165 947 domesticos
2195 904 2353 948 erunt
2396 899 2805 954 mansuetiores.
2834 901 2945 957 Sed
2978 918 3017 957 a.
3055 904 3264 960 theatro
3304 886 3410 962 non

1844 981 1920 1036 sic
1949 993 2326 1051 revertuntur;
2355 986 2446 1041 sed
2471 989 2551 1042 vir
2578 989 3137 1059 injucundiusvidebit
3162 1013 3407 1064 uxonem,

1842 1072 2004 1128 durus
2030 1076 2135 1131 erit
2154 1093 2276 1148 erga
2298 1079 2622 1137 domesticos
2641 1124 2656 1148 ,
2682 1100 2805 1155 erga
2831 1086 2967 1142 ﬁlios
2998 1104 3155 1160 asper
3173 1131 3189 1157 ,
3221 1090 3409 1147 eﬂ‘ena-

1840 1165 1985 1221 bitur
2008 1168 2264 1227 adversus
2304 1188 2511 1229 omnes.
2544 1175 2732 1246 Magna
2763 1180 2900 1234 mala
2924 1182 3224 1238 civitatibus
3255 1186 3405 1240 thea-

1841 1265 1920 1311 tra
1948 1262 2192 1327 pariunt;
2242 1278 2428 1334 magna
2450 1306 2466 1328 ,
2500 1281 2600 1321 nec
2651 1268 2849 1325 scimus
2878 1282 3096 1341 quanta.
3147 1276 3200 1331 Si
3227 1288 3400 1332 autem

1838 1362 1944 1402 non
1976 1348 2269 1419 fatigamini
2291 1393 2308 1419 ,
2335 1355 2701 1411 examinemus
2749 1358 2836 1412 illa
2866 1362 3007 1417 risus
3034 1364 3149 1418 loca
3172 1406 3189 1429 ,
3218 1369 3397 1421 convi-

1835 1440 1921 1495 via
1950 1441 2070 1497 dico
2093 1485 2113 1510 ,
2141 1445 2226 1499 ubi
2254 1448 2469 1513 parasiti
2505 1457 2559 1502 et
2588 1450 2899 1507 adulatores.
2924 1463 2979 1508 et
3014 1471 3221 1526 magna:
3264 1459 3404 1515 deli.

1834 1531 1930 1586 ciae
1952 1543 2044 1598 ;et
2070 1535 2183 1589 loca
2212 1536 2314 1590 alia
2334 1577 2351 1604 ,
2376 1538 2463 1593 ubi
2496 1540 2668 1595 claudi
2696 1552 2750 1597 et
2774 1545 2964 1599 mutili.
2997 1547 3108 1602 [llic
3135 1549 3363 1608 ebrietas
3381 1596 3395 1617 ,

1832 1622 2038 1679 delicia:
2058 1666 2072 1684 .
2117 1626 2341 1693 eﬂ‘usio;
2374 1628 2460 1684 hic
2484 1646 2611 1687 vero
2638 1636 2926 1688 contraria.
2960 1635 3093 1693 Vide
3123 1647 3176 1692 et
3204 1641 3254 1694 in
3284 1657 3401 1696 cor-

1832 1727 1962 1783 pore
1982 1754 1997 1780 ,
2026 1717 2239 1785 quando
2288 1720 2479 1790 pingue
2515 1734 2570 1777 et
2598 1734 2841 1794 vegetum
2872 1736 2949 1781 est
2978 1769 2993 1795 ,
3026 1740 3149 1785 tunc
3176 1734 3399 1787 celerius

1829 1804 1884 1859 in
1926 1806 2165 1861 morbum
2208 1810 2380 1875 cadit;
2428 1826 2547 1865 cum
2594 1829 2722 1870 vero
2764 1818 3075 1887 castigatum
3120 1831 3236 1885 est,
3292 1840 3395 1877 non

1830 1894 1974 1949 item.
2005 1895 2074 1952 Ut
2101 1908 2275 1953 autem
2306 1901 2356 1955 id
2382 1904 2529 1957 vobis
2558 1904 2751 1960 clarius
2777 1909 3036 1977 explicem
3064 1952 3091 1977 ,7
3111 1912 3180 1966 sit
3204 1928 3396 1985 corpus

1827 1988 2085 2057 sanguine
2133 1998 2188 2045 et
2229 1992 2478 2048 carnibus
2522 1993 2657 2051 bene
2701 1996 3015 2053 instructum
3060 2017 3122 2055 ae
3164 2005 3391 2073 vigens:

1827 2079 1927 2134 hoc
1954 2081 2037 2135 vel
2079 2097 2145 2137 ex
2172 2082 2277 2137 levi
2322 2085 2441 2139 cibo
2471 2086 2668 2155 poterit
2712 2088 2762 2141 in
2806 2089 2995 2144 febrim
3042 2091 3315 2161 incidere,
3346 2097 3395 2151 si

1822 2171 2035 2242 quidem
2060 2173 2113 2227 in
2138 2174 2246 2229 otio
2267 2175 2355 2229 sit.
2389 2175 2470 2231 Sit
2490 2185 2544 2230 et
2570 2176 2710 2232 aliud
2735 2221 2748 2245 ,
2777 2179 2921 2250 quod
2946 2196 3064 2236 cum
3094 2182 3234 2239 fame
3261 2201 3386 2240 con-

1821 2272 1991 2317 certet
2033 2273 2089 2318 et
2133 2266 2423 2321 arumnis:
2471 2267 2599 2321 illud
2648 2268 2717 2322 ab
2760 2271 3074 2339 (egritudine
3120 2274 3390 2333 difﬁcilius

1819 2356 2028 2425 capitur
2053 2365 2108 2412 et
2135 2366 2438 2428 superatur.
2464 2357 2688 2429 Sanguis
2714 2361 2837 2416 licet
2861 2376 3024 2418 sanus
3049 2364 3117 2418 sit
3137 2365 3188 2419 in
3211 2368 3384 2431 nobis,

1817 2461 1883 2501 ex
1913 2448 2262 2503 redundantia
2310 2464 2452 2521 saepe
2493 2453 2710 2506 morbos
2742 2454 2977 2522 peperit;
3018 2456 3062 2508 si
3107 2466 3281 2511 autem
3318 2460 3386 2513 sit

1817 2539 2058 2595 modicus
2078 2583 2093 2607 ,
2125 2556 2224 2596 nec
2253 2550 2429 2596 tamen
2460 2556 2647 2607 sanus,
2676 2543 2828 2599 facile
2857 2545 3032 2599 curari
3064 2557 3259 2615 potest.
3298 2550 3384 2603 Sic

1816 2639 1872 2686 et
1913 2631 1980 2686 de
2024 2632 2198 2686 anima
2229 2632 2547 2688 dicendum:
2581 2648 2699 2703 qua:
2743 2635 2795 2689 in
2841 2636 2951 2690 otio
2998 2646 3050 2691 et
3098 2638 3148 2690 in
3180 2637 3393 2694 deliciis

1814 2732 1928 2787 est,
1974 2722 2041 2777 ad
2086 2732 2300 2792 peccata
2348 2724 2599 2794 proclivis
2644 2725 2855 2780 fertur:
2900 2743 3022 2781 nam
3067 2731 3388 2800 arrogantia:

1813 2815 1986 2871 vicina
2040 2825 2165 2884 est,
2202 2818 2495 2888 voluptati,
2542 2834 2691 2875 vana:
2744 2821 2926 2892 gloria:
2949 2823 3207 2888 ,.inv.idi:e
3231 2864 3260 2890 ,.
3296 2825 3379 2878 in-

1812 2907 1962 2963 sidiis
1982 2949 1998 2974 ,
2030 2908 2391 2980 schphantiis
2422 2928 2436 2964 :
2468 2920 2524 2965 at
2549 2926 2654 2965 non
2681 2927 2742 2967 ea
2763 2954 2777 2977 ,
2811 2928 2930 2982 qua:
2955 2914 3008 2968 in
3050 2917 3303 2970 aerumnis
3327 2927 3380 2972 et

1811 3000 2111 3073 frugalitate
2135 3002 2312 3073 degit;
2336 3003 2450 3059 haec
2474 3003 2621 3059 enim
2644 3004 2711 3059 ah
2735 3005 2798 3061 iis
2826 3006 3075 3062 omnibus
3100 3004 3377 3064 liberatur.

1810 3092 1890 3147 En
1933 3108 2091 3163 quam
2135 3094 2309 3165 ampla
2338 3103 2422 3150 est
2448 3104 2627 3150 nostra
2667 3095 2872 3151 civitas.
2904 3096 3055 3154 Unde
3098 3098 3254 3170 igitur
3281 3114 3378 3153 na-

1809 3193 2031 3239 scuntur
2059 3186 2241 3239 mala?
2288 3201 2466 3242 nonne
2493 3201 2523 3239 a
2550 3186 2841 3243 divitibus?
2866 3203 3044 3244 annon
3074 3204 3102 3242 a
3133 3189 3372 3259 gauden-

1808 3278 1988 3334 tibus?
2018 3279 2243 3347 Quiuam
2274 3278 2340 3334 ad
2363 3279 2645 3334 tribunalia
2676 3279 2892 3336 trahunt
2913 3321 2928 3347 ,
2963 3280 3176 3351 quinam
3202 3279 3370 3336 facul~

1809 3378 1943 3425 tates
1986 3369 2323 3440 dilapidant?
2372 3385 2440 3425 an
2480 3371 2660 3426 miseri
2689 3380 2744 3427 et
2786 3370 3015 3441 abjecti,
3063 3388 3131 3426 an
3162 3372 3235 3426 illi
3281 3373 3372 3441 qui

1805 3462 2029 3517 multum
2058 3462 2309 3517 inﬂantur
2337 3471 2392 3518 et
2414 3462 2681 3534 gaudent?
2718 3462 2801 3518 Ab
2829 3464 3004 3517 anima
3035 3464 3086 3517 in
3117 3466 3369 3518 mrumnis

1805 3562 2053 3609 versante
2079 3568 2183 3609 non
2211 3562 2387 3624 potest
2409 3553 2605 3624 aliquid
2636 3554 2757 3608 mali
2786 3553 2938 3608 oriri.
2988 3553 3136 3609 illius
3162 3553 3366 3608 lucrum

1803 3645 1953 3699 novit
2004 3644 2234 3711 Paulus;
2280 3643 2506 3716 ideoque
2535 3644 2702 3699 dicit:
2744 3643 3025 3698 Tribulatio
3078 3645 3376 3714 patientiam

1803 3749 2070 3810 operatur,
2102 3738 2343 3808 patientia
2374 3738 2757 3808 probationem,
2792 3737 3018 3806 probatio
3046 3753 3162 3790 vero
3189 3753 3328 3804 spem
3350 3777 3377 3802 ,.

1800 3846 1913 3901 spes
1939 3838 2107 3883 autem
2133 3846 2231 3883 non
2259 3828 2521 3899 confundit
2566 3829 2583 3898 (
2616 3826 2765 3882 Rom.
2797 3828 2849 3882 5.
2877 3829 2953 3881 3-
2972 3828 3005 3881 5
3036 3826 3078 3897 ).
3120 3826 3198 3882 Ne
3243 3841 3369 3895 ergo

1799 3920 2143 3975 Concidamus
2189 3920 2243 3974 in
2289 3921 2570 3985 aerumnis,
2619 3918 2713 3973 sed
2757 3920 2825 3972 in.
2855 3917 3101 3972 omnibus
3169 3918 3365 3986 gratias

1798 4028 2052 4082 agamus,
2101 4020 2158 4066 ut
2211 4011 2434 4067 multutn
2485 4011 2791 4075 lucremur;
2848 4020 2904 4064 ut
2947 4008 3163 4080 probati.
3200 4009 3367 4062 simus

1797 4102 1935 4172 apud
1964 4102 2130 4157 Deum
2149 4142 2165 4166 ,
2185 4102 2273 4171 qui
2300 4115 2565 4157 aerumnas
2596 4099 2872 4170 permittit.
2896 4099 3139 4169 Magnum
3175 4106 3258 4153 est
3277 4097 3359 4151 af-

1796 4192 1960 4249 ﬂictio
1983 4194 2180 4250 bonum
2206 4211 2220 4247 :
2248 4193 2428 4249 ethoc
2451 4208 2480 4246 a
2508 4192 2686 4262 pueris
2707 4191 2903 4247 nostris
2930 4189 3219 4255 discimus;
3246 4204 3371 4243 nam

1796 4284 1915 4339 sine
1949 4284 2292 4354 castigatione
2322 4283 2450 4337 nihil
2478 4283 2607 4338 utile
2634 4297 2765 4351 puer
2787 4281 3051 4336 didicerit.
3097 4279 3204 4335 Nos
3233 4294 3363 4333 vero

1794 4375 1965 4446 magis
1985 4390 2140 4444 quam
2168 4375 2244 4429 illi
2271 4373 2558 4429 afﬂictione
2580 4388 2714 4443 opus
2734 4372 3010 4427 habemus.
3038 4370 3169 4426 Nam
3192 4371 3236 4425 si
3266 4370 3359 4437 illi,

1793 4480 1913 4519 cum
1945 4465 2106 4519 animi
2145 4473 2321 4519 motus
2347 4462 2514 4518 sedati
2545 4469 2701 4527 sunt,
2732 4461 2964 4527 ﬂorent;
2997 4461 3166 4515 multo
3191 4461 3359 4528 magis

1793 4572 1893 4612 nos
1920 4573 2087 4624 ,-cum
2130 4556 2360 4611 maxime
2411 4564 2486 4609 tot
2536 4554 2798 4623 tantisque
2842 4552 3197 4607 detineamur.
3258 4549 3366 4605 Sed

1791 4664 1891 4703 nos
1917 4649 2082 4718 magis
2130 4647 2428 4718 ptedagogis
2453 4660 2670 4715 egemus
2696 4662 2711 4699 :
2736 4659 3020 4713 puerorum
3050 4643 3188 4697 enim
3232 4657 3350 4710 pec-

1790 4749 1908 4794 cata
1952 4755 2058 4794 non
2104 4748 2245 4793 tanta
2286 4745 2440 4803 sunt,
2472 4746 2652 4791 nostra
2692 4750 2821 4788 vero
2852 4744 3065 4804 peccata
3103 4733 3369 4785 maxima-

1790 4829 2113 4899 Paedagogus
2143 4837 2322 4883 noster
2361 4839 2441 4883 est
2488 4825 2721 4881 afﬂictio.
2756 4824 2835 4878 Ne
2862 4824 3038 4892 itaque
3080 4823 3222 4876 illam
3270 4831 3353 4874 at“-

1788 4919 2061 4974 trahamus
2082 4960 2097 4983 ,
2122 4929 2176 4973 et
2205 4927 2519 4988 praesentem
2546 4916 2748 4970 fortiter
2773 4913 3006 4967 feramus
3027 4952 3049 4979 ,,
3067 4928 3184 4981 qua:
3208 4927 3351 4965 sem-

1787 5027 1883 5081 per
1924 5021 2006 5065 est
2043 5011 2437 5065 innumerorum
2489 5021 2647 5061 causa
2699 5006 3000 5067 honorum;
3048 5011 3110 5056 ut
3154 5011 3210 5056 et
3260 5001 3356 5056 Dei

1784 5101 1955 5169 gratia
1986 5100 2222 5153 fruamur
2242 5139 2257 5166 ,
2284 5108 2338 5152 et
2381 5097 2533 5149 bouis
2563 5110 2681 5165 qua:
2708 5093 2939 5161 reposita
2979 5102 3103 5146 sunt
3132 5091 3228 5158 iis,
3261 5091 3361 5161 qui,

1785 5192 2010 5263 diligunt
2038 5192 2186 5245 illum
2211 5231 2225 5254 ,
2254 5190 2304 5244 in
2332 5189 2547 5243 Christo
2574 5187 2698 5242 Jesu
2727 5186 2954 5241 Domino
2981 5193 3164 5239 nostro
3186 5227 3201 5251 ,
3231 5187 3353 5253 qui-

1784 5297 1909 5336 cum
1964 5282 2109 5335 Patri
2160 5290 2213 5335 et
2259 5278 2480 5349 Spiritui
2531 5289 2752 5343 sancto,
2794 5276 3001 5347 gloria,
3031 5277 3353 5346 imperium,

1787 5373 1957 5427 honor
1983 5415 1999 5433 ,
2032 5388 2172 5427 nunc
2204 5380 2259 5430 et
2296 5386 2539 5442 semper,
2582 5379 2637 5425 et
2681 5370 2732 5424 in
2774 5368 2968 5424 saecula
3010 5369 3357 5423 saecularem.

1782 5464 1982 5522 Amen-
