3948 6514
1022 433 1294 452 μ

1207 300 1264 353 ε.
1302 296 1578 354 JOANNIS
1611 294 2083 352 ClﬂlYSOSTOMI
2119 294 2435 354 ARCHIEP.
2475 297 2999 356 CONSTANTINOP.

1308 428 3702 456 ...η-...Μ

1809 501 2158 562 HOMILIA
2200 502 2426 566 XLllI.

479 647 604 704 CAP.
629 643 721 702 90.
751 660 804 700 v.
835 643 888 699 1.
929 640 1203 708 Postquam
1231 643 1393 687 autem
1425 631 1634 684 cessavit
1663 629 1931 691 tumultus,
1960 641 2049 679 vo-

547 738 673 795 catis
703 736 900 790 Paulus
928 727 1194 799 discipulis
1233 727 1391 794 iisque
1418 723 1666 786 salutatis,
1702 720 1956 791 profectus
1983 727 2054 772 est

547 842 604 885 ut
633 831 723 884 iret
743 829 794 880 in
828 821 1203 879 Macedoniam.

551 918 603 977 1.
643 921 800 975 Multa
844 929 977 985 opus
1016 920 1129 967 erat
1164 907 1529 963 consolatione
1569 913 1687 973 post
1727 912 1927 956 tantum
1971 911 2055 955 tu-

482 1015 724 1069 multum.
767 1010 876 1063 lloc
907 1005 995 1060 ille
1023 1013 1205 1066 curat,
1238 1010 1290 1055 et
1321 1007 1376 1053 ut
1404 998 1695 1066 discipulos
1728 996 2053 1058 consoletur,

483 1108 672 1176 migrat
700 1104 752 1156 iu
780 1095 1141 1155 Macedoniam
1165 1134 1182 1162 ,
1214 1089 1408 1148 deinde
1436 1094 1489 1144 in
1515 1088 1792 1144 Graeciam.
1824 1087 1891 1140 Et
1915 1083 2056 1156 quod

481 1199 702 1253 multum
743 1193 860 1247 illos
898 1188 1200 1246 consolatus
1224 1185 1316 1251 sit,
1339 1181 1482 1238 audi.
1509 1181 1565 1236 2.
1599 1179 1724 1234 Cum
1747 1187 1912 1232 autem
1939 1193 2057 1247 per-

481 1289 786 1344 ambulasset
810 1292 978 1355 partes
1003 1280 1140 1346 illas,
1170 1287 1217 1332 et
1247 1277 1540 1331 exhortatus
1569 1273 1743 1343 fuisset
1777 1286 1860 1324 eos
1899 1270 2059 1322 multo

480 1395 727 1442 sermone,
754 1377 889 1431 venit
923 1375 977 1428 in
1005 1372 1275 1427 Graciam.
1308 1369 1361 1423 5.
1389 1367 1457 1421 Et
1481 1383 1596 1420 cum
1621 1366 1688 1419 ibi
1718 1364 1894 1435 fuisset
1920 1377 2061 1415 men-

480 1473 617 1528 sibus
647 1469 834 1531 tribus,
876 1483 988 1521 cum
1029 1473 1190 1519 essent
1218 1462 1299 1515 illi
1332 1469 1534 1513 structte
1575 1457 1775 1511 insidia:
1799 1471 1830 1508 a
1862 1453 2060 1508 ludatis

485 1566 778 1633 navigatura
817 1561 867 1613 in
903 1557 1142 1627 Syriam,
1173 1551 1444 1607 consilium
1484 1549 1624 1614 iniit,
1655 1557 1708 1601 ut
1738 1554 2062 1601 reverteretur

487 1673 573 1724 per
601 1652 976 1706 Macedoniam.
1005 1648 1058 1701 4.
1087 1645 1363 1700 Comitatus
1393 1652 1465 1696 est
1495 1649 1662 1694 autem
1691 1656 1804 1692 eum
1829 1653 1982 1706 usque
2007 1635 2062 1689 in

483 1749 655 1802 Asiam
683 1745 904 1812 Sopater
929 1739 1225 1801 Beraeensis,
1257 1735 1784 1791 Thessalonicensium
1808 1748 1922 1786 vero
1939 1730 2062 1784 Ari-

484 1839 712 1893 starchus
753 1845 797 1889 et
837 1833 1104 1889 Secundus
1139 1840 1184 1883 et
1215 1827 1376 1898 Cujus
1405 1827 1644 1880 Derbazus
1669 1834 1718 1880 et
1745 1821 2059 1888 Timotheus,

485 1930 662 1986 Asiani
691 1945 804 1982 vero
837 1923 1088 1996 Tychicus
1114 1931 1159 1976 et
1184 1919 1515 1988 Trophimus.
1543 1919 1596 1972 5.
1623 1914 1696 1970 Hi
1719 1931 1830 1969 cum
1853 1929 2065 1983 praeces-

486 2025 682 2085 sissent,
708 2036 799 2073 nos
840 2023 1190 2086 exspectaram
1219 2011 1271 2066 in
1297 2009 1512 2065 Troade.
1542 2009 1745 2063 Rursus
1769 2019 2064 2077 persequu-

487 2115 684 2169 tionem
731 2113 928 2182 patitur
969 2125 998 2162 a
1044 2105 1280 2172 Judmis,
1312 2113 1361 2158 et
1406 2102 1554 2157 venit
1582 2102 1635 2156 in
1676 2097 2062 2154 Macedoniam.

486 2205 765 2274 Quomodo
803 2214 980 2256 autem
1017 2197 1360 2254 Timotheum
1404 2193 1936 2250 Thessalonicensem
1979 2188 2064 2243 di-

487 2299 601 2352 cit?
632 2296 748 2350 Non
779 2294 884 2348 hoc
906 2291 1036 2347 dicit
1067 2306 1082 2356 ;
1115 2288 1232 2354 sed,
1259 2287 1345 2352 Hi,
1374 2285 1565 2356 inquit,
1597 2291 1987 2355 praecesserunt
2012 2280 2064 2334 in

491 2386 752 2442 Troadem
775 2427 790 2451 ,
851 2383 989 2438 viam
1019 2382 1095 2436 illi
1119 2387 1390 2450 parantes.
1426 2377 1480 2432 6.
1520 2374 1632 2430 Nos
1662 2390 1777 2428 vero
1803 2373 2065 2444 navigavi-

490 2497 602 2534 mus
638 2489 748 2550 post
789 2477 898 2531 dies
937 2475 1244 2545 Azymorum
1279 2488 1312 2524 a
1342 2469 1632 2540 Philippis,
1674 2477 1720 2522 et
1748 2468 1972 2521 venimus
2001 2465 2068 2518 ad

489 2592 570 2628 eos
611 2571 862 2626 Troadem
905 2570 960 2623 in
997 2567 1170 2622 diebus
1202 2567 1453 2637 quinque,
1495 2560 1579 2616 ubi
1615 2561 1860 2615 demorati
1895 2575 2068 2614 smnus

489 2664 660 2718 diebus
705 2673 914 2730 septem.
961 2659 1092 2713 Nam
1138 2657 1348 2712 videtur
1386 2655 1515 2709 mihi
1556 2653 1705 2708 illum
1746 2652 1862 2707 dies
1904 2649 2070 2706 festos

492 2754 786 2823 transigere
813 2751 1082 2804 curavisse
1123 2749 1176 2802 in
1209 2745 1416 2817 magnis
1451 2743 1692 2799 urbibus.
1737 2743 1779 2796 A
1809 2740 2070 2811 Philippis

491 2848 723 2917 navigat,
747 2845 835 2900 ubi
857 2859 943 2898 res
968 2842 1052 2896 illa
1084 2843 1226 2896 circa
1245 2853 1516 2895 carcerem
1540 2836 1859 2905 contigerat.
1889 2833 2069 2889 Tertia

494 2948 672 2991 autem
698 2936 816 2989 vice
849 2937 898 2988 in
930 2932 1291 2987 Macedoniam
1339 2929 1514 2994 venit,
1547 2937 1598 2983 et
1627 2926 1851 2981 multum
1881 2923 2072 2980 testifi-

493 3039 645 3081 catur
684 3027 751 3082 de
795 3023 1268 3093 Philippensibus;
1317 3019 1543 3088 ideoque
1590 3016 1698 3072 tllic
1741 3017 2070 3071 demoratur.

495 3121 547 3175 7.
581 3119 698 3175 Una
724 3130 890 3173 autem
915 3119 1256 3179 sabbatorum,
1280 3129 1395 3168 cum
1417 3112 1819 3166 convenissemus
1843 3109 1911 3162 ad
1932 3111 2075 3180 fran-

495 3213 712 3282 gendum
748 3227 949 3282 panem,
983 3207 1177 3261 Paulus
1220 3205 1510 3274 disputabat
1567 3220 1681 3257 cum
1715 3205 1784 3256 eis
1813 3207 2071 3273 profectu-

495 3323 580 3360 rus
609 3323 626 3370 ;
655 3305 1002 3375 protraxitque
1033 3315 1311 3355 sermonem
1336 3313 1493 3368 usque
1527 3297 1580 3349 in
1608 3296 1824 3349 mediam
1856 3306 2071 3348 noctem.

501 3395 632 3450 Vide
671 3393 939 3464 quomodo
976 3392 1153 3446 omnia
1200 3387 1648 3460 poSIhaberentur
1677 3384 2066 3455 pradicationi.

503 3486 814 3541 Pentecoste
849 3494 975 3538 tunc
1021 3493 1170 3549 erat,
1203 3491 1257 3536 et
1303 3480 1418 3534 dies
1470 3479 1787 3541 Dominica;
1833 3475 1921 3531 ille
1948 3491 2076 3531 vero

499 3593 667 3647 usque
692 3576 758 3631 ad
780 3577 950 3630 noctis
969 3573 1246 3629 dimidium
1275 3585 1576 3626 sermonem
1607 3569 1869 3640 protraxit
1893 3586 1906 3634 ;
1942 3569 2077 3624 adeo

502 3669 882 3738 discipulorum
918 3667 1146 3722 salutem
1176 3664 1450 3734 cupiebat,
1487 3674 1542 3716 ut
1579 3678 1644 3717 ne
1675 3673 1834 3716 noctu
1862 3661 2077 3732 quidem

505 3771 741 3822 taceret;
773 3759 880 3815 into
912 3769 1034 3814 tunc
1069 3744 1236 3826 magis
1264 3758 1575 3820 dissereret,
1609 3755 1749 3824 quod
1775 3755 1926 3826 quies
1953 3749 2080 3810 tunc

502 3863 665 3909 esset.
689 3853 818 3908 Vide
835 3868 989 3923 quant
1015 3852 1234 3905 multum
1256 3850 1564 3914 dissereret,
1586 3849 1744 3903 etiam
1767 3858 1887 3918 post
1909 3849 2079 3919 ipsum

504 3961 671 4001 ciente
699 3956 924 4014 tempus.
954 3943 1057 3999 Sed
1090 3944 1281 3998 festum
1323 3942 1555 3996 turbavit
1580 3940 1841 4006 diabolus,
1870 3956 1967 3994 nec
1997 3951 2079 3994 ta-

505 4054 625 4112 men
657 4037 954 4107 praevaluit,
987 4050 1106 4089 cum
1139 4033 1433 4087 auditorem
1466 4033 1518 4085 iu
1551 4045 1796 4085 somnum
1823 4031 2082 4085 demersit

505 4141 560 4186 et
584 4130 778 4198 deiecit
812 4148 824 4183 :
858 4128 997 4198 quod
1022 4139 1078 4181 ut
1103 4127 1404 4196 contigerit,
1428 4126 1504 4180 sic
1530 4135 1743 4180 enarrat
1771 4125 2040 4195 pergendo
2065 4141 2079 4178 :

507 4223 559 4278 8.
596 4221 758 4276 Erant
783 4230 947 4274 autem
965 4219 1224 4289 lampades
1243 4219 1460 4286 capiosa:
1481 4219 1531 4270 in
1555 4215 1829 4281 ctenaeulo,
1864 4215 1947 4270 ubi
1972 4231 2084 4270 era-

510 4330 619 4367 mus
645 4314 951 4383 congregati.
977 4311 1030 4365 9.
1057 4309 1247 4364 Sedens
1268 4318 1437 4362 autem
1456 4309 1660 4379 quidam
1680 4309 1968 4361 adolescens
1995 4323 2084 4360 no-

511 4407 643 4460 mine
668 4404 930 4474 Eutychus
957 4420 1107 4474 super
1132 4403 1421 4472 fenestram,
1445 4417 1557 4453 cum
1587 4408 1888 4470 mergeretur
1911 4413 2085 4453 somno

510 4500 685 4570 gravi,
718 4497 1003 4568 disputante
1037 4495 1126 4548 diu
1158 4494 1352 4559 Pan-lo,
1394 4493 1573 4546 ductus
1610 4508 1782 4546 somno
1824 4492 1999 4545 cecidit
2027 4493 2088 4544 de

514 4591 658 4646 tertio
688 4588 945 4643 cwnaculo
975 4587 1204 4640 deorsum
1224 4627 1240 4652 ,
1271 4595 1316 4638 et
1345 4584 1569 4638 sublatus
1613 4592 1685 4638 est
1719 4595 1961 4636 mortuus.
1997 4582 2083 4636 10.

513 4684 640 4738 Cum
670 4681 1000 4736 descendisset
1031 4678 1247 4741 Paulus,
1277 4678 1500 4731 incubuit
1528 4694 1677 4746 super
1707 4694 1816 4730 eum
1838 4718 1851 4740 ,
1880 4687 1926 4729 et
1953 4693 2090 4729 com-
2117 4686 2119 4688 ·

513 4777 689 4847 plexus
719 4773 846 4827 dixit
876 4790 894 4827 :
933 4769 1106 4824 Nolite
1133 4769 1362 4832 turbari;
1391 4770 1560 4822 anima
1589 4769 1720 4820 enim
1751 4769 1861 4838 ejus
1898 4768 1950 4820 in
1979 4767 2090 4835 ipso

511 4876 605 4921 est.
624 4865 711 4920 11.
736 4863 1019 4918 Ascendens
1041 4870 1225 4928 autem,
1250 4865 1580 4931 frangensque
1600 4876 1778 4928 panem
1797 4870 1840 4911 et
1857 4869 2087 4928 gustans,

513 4961 731 5029 satisque
767 4957 1053 5026 alloquutus
1086 4972 1242 5025 usque
1283 4956 1335 5007 in
1375 4954 1562 5015 lucem,
1608 4954 1680 5006 sic
1715 4955 1967 5023 profectus
1996 4963 2089 5008 est.

523 5051 605 5105 l2.
635 5049 970 5104 Adduxerunt
1004 5058 1171 5102 autem
1203 5064 1414 5117 puerum
1448 5047 1725 5110 viventem,
1757 5056 1802 5098 et
1846 5045 2092 5098 consolati

518 5151 632 5196 sunt
657 5159 757 5195 non
779 5139 1389 5210 minime.Vide,quzcso,
1412 5137 1696 5202 theatrum,
1727 5145 1782 5190 ut
1808 5146 1957 5190 erant
1989 5151 2092 5190 una

519 5231 687 5286 coacti
704 5230 1076 5301 :Congrcgatis
1101 5230 1240 5284 enim
1267 5228 1557 5299 discipulis,
1603 5229 1802 5298 inquit;
1827 5229 2094 5297 etiamque

524 5326 733 5394 signum
781 5322 936 5393 quale
973 5321 1130 5376 fuerit
1167 5322 1546 5392 perpendezin
1597 5323 1823 5375 fenestra
1867 5337 2094 5390 namque

525 5415 781 5480 sedebat,
814 5413 1015 5483 inquit,
1047 5421 1102 5467 et
1143 5413 1457 5483 intempesta
1498 5425 1672 5470 nocte.
1707 5413 1934 5469 Tantum
1980 5425 2097 5469 erat

527 5506 824 5561 auditorum
860 5503 1205 5559 desiderium.
1239 5504 1623 5560 Erubescatnus
1652 5520 1780 5570 nos,
1810 5505 1895 5574 qui
1924 5520 2096 5573 neque

528 5599 580 5652 in
607 5597 696 5653 die
722 5596 824 5650 hoc
853 5593 1097 5650 facimus.
1129 5592 1234 5647 Sed
1263 5593 1476 5658 Paulus,
1509 5596 1732 5664 inquies,
1768 5608 1893 5649 tunc
1923 5595 2096 5650 disse-

527 5691 696 5744 rebat.
723 5688 860 5757 Quid
887 5685 1220 5742 dicis?Nuuc
1247 5701 1458 5754 quoque
1484 5686 1674 5741 Paulus
1703 5687 1918 5741 disserit
1942 5704 1956 5749 ;
1991 5687 2097 5739 imo

526 5797 654 5838 vero
674 5797 847 5853 neque
877 5791 1002 5836 tunc
1023 5793 1194 5849 neque
1228 5795 1375 5835 nunc
1400 5778 1611 5845 Paulus,
1638 5779 1732 5834 sed
1752 5779 2014 5846 Christus,
2047 5786 2100 5834 et

2160 643 2316 682 nemo
2350 630 2513 684 audit.
2548 630 2664 686 Non
2693 632 2928 690 fenestra
2959 652 3099 692 nunc
3124 648 3227 705 est,
3261 655 3365 694 non
3406 641 3596 708 fames,
3627 657 3729 698 non

2155 734 2373 774 somnus
2414 722 2773 791 interturbat;
2819 738 2870 782 et
2919 737 3096 784 tamen
3138 747 3242 802 non
3287 733 3581 790 audimus:
3625 751 3730 791 non

2155 821 2239 867 est
2265 816 2502 884 angustia
2533 816 2662 883 loci,
2697 833 2802 874 non
2831 820 2974 875 aliud
3004 822 3272 894 quidpiam
3299 826 3497 882 simile.
3541 826 3720 895 Quod-

2155 919 2260 973 que
2285 907 2474 960 tuirum
2505 918 2587 962 est
2616 909 2830 964 etiamsi
2857 911 3168 969 adolescens
3191 927 3355 982 esset,
3380 932 3485 972 non
3514 927 3634 973 erat
3659 920 3735 989 pi-

2157 1010 2270 1065 ger,
2287 1008 2341 1051 et
2357 1014 2542 1054 somno
2565 1012 2812 1071 gravatus
2837 1019 2942 1058 non
2969 1005 3234 1073 discessit,
3250 1025 3422 1079 neque
3444 1012 3734 1080 periculum

2160 1089 2483 1159 formidavit,
2503 1109 2570 1149 ne
2592 1095 2880 1151 laberetur.
2904 1097 3056 1166 Quod
3073 1101 3118 1154 si
3138 1101 3435 1157 dormitans
3455 1104 3735 1169 deciderit,

2161 1199 2228 1238 ne
2258 1184 2509 1253 mireris;
2551 1201 2722 1257 neque
2748 1190 2892 1245 enim
2923 1207 2988 1246 ex
3030 1193 3234 1263 ignavia
3263 1194 3616 1263 domitabat,
3647 1197 3739 1252 sed

2160 1292 2224 1331 ex
2249 1287 2450 1331 natura:
2478 1279 2816 1337 necessitate.
2839 1283 2918 1337 Tu
2943 1300 3072 1340 vero
3099 1286 3426 1354 consideres,
3459 1288 3644 1350 velim.
3674 1289 3740 1342 il-

2161 1366 2242 1423 los
2272 1378 2418 1423 tanto
2445 1371 2623 1425 studio
2650 1381 2824 1428 motos
2855 1373 3018 1430 fuisse
3039 1417 3055 1443 ,
3088 1386 3141 1430 ut
3170 1377 3328 1432 etiam
3360 1379 3410 1432 in
3452 1379 3610 1433 tertio
3633 1392 3743 1435 cm-

2161 1463 2354 1517 naculo
2390 1474 2608 1533 essent;
2649 1466 2882 1524 nondum
2934 1470 3075 1524 enim
3116 1481 3232 1525 erat
3269 1472 3516 1527 ecclesia.
3565 1471 3745 1528 Nolite

2162 1557 2374 1620 turbari,
2399 1558 2567 1628 inquit
2593 1576 2607 1625 ;
2636 1561 2806 1614 anima
2827 1563 2958 1616 enim
2985 1561 3094 1628 eius
3117 1564 3167 1617 in
3191 1565 3303 1634 ipso
3325 1577 3419 1618 est.
3445 1565 3559 1620 Non
3582 1566 3741 1630 dixit,

2162 1643 2453 1717 Resurget,
2502 1650 2770 1706 suscitabo
2809 1653 2952 1707 enim
3003 1655 3190 1722 illum;
3224 1657 3316 1710 sed
3347 1657 3471 1727 quid
3499 1657 3524 1709 ‘l
3565 1655 3748 1712 Nolite

2163 1740 2372 1793 turbari.
2401 1741 2536 1797 Vide
2572 1759 2730 1812 quam
2761 1745 2828 1800 sit
2854 1762 2882 1800 a
2910 1745 3047 1803 fastu
3077 1749 3305 1817 alienus,
3337 1767 3492 1820 quam
3516 1750 3580 1806 ad
3609 1765 3746 1806 con-

2163 1832 2441 1888 solandum
2472 1851 2690 1905 pronus.
2719 1837 3025 1906 Ascendens,
3063 1841 3250 1911 inquit,
3284 1853 3330 1897 et
3371 1847 3613 1916 frangens
3654 1862 3751 1912 pa-

2164 1941 2274 1976 nem
2297 1935 2342 1978 et
2363 1936 2587 1995 gustans.
2613 1928 2723 1983 lloc
2737 1944 3038 1985 sermonem
3061 1933 3432 2002 interpellavit,
3458 1951 3557 1992 nec
3584 1937 3746 1992 laesit.

2165 2013 2352 2071 Viden’
2376 2033 2543 2073 creua:
2573 2019 2974 2092 frugalitatem?
3000 2023 3068 2078 Et
3087 2035 3294 2097 gustans
3314 2068 3328 2093 ,
3358 2027 3564 2098 inquit,
3595 2031 3752 2084 satis-

2166 2125 2260 2177 que
2281 2110 2569 2182 alloquutus
2600 2130 2753 2184 usque
2774 2117 2840 2169 ad
2859 2116 3040 2183 lucem,
3066 2119 3138 2173 sic
3164 2122 3415 2192 profectus
3435 2133 3526 2178 est.
3553 2123 3752 2179 Viden'

2166 2201 2436 2269 quomodo
2461 2214 2840 2274 pernoctarent
2862 2208 2885 2262 τ
2907 2207 3063 2264 Tales
3083 2221 3234 2266 erant
3255 2227 3474 2277 mensae,
3495 2223 3552 2268 ut
3579 2215 3755 2270 sobrii

2167 2293 2408 2364 discipuli
2435 2297 2662 2361 abirent,
2689 2309 2739 2353 et
2766 2300 2830 2354 ad
2848 2300 3168 2356 audiendum
3200 2305 3450 2373 prompti.
3485 2306 3623 2374 Quid
3651 2323 3756 2363 nos

2168 2402 2194 2439 a
2225 2387 2443 2441 canibus
2471 2388 2811 2447 differimus?
2840 2392 3025 2449 Videte
3053 2405 3306 2464 quantutn
3335 2398 3404 2452 sit
3430 2397 3754 2457 discrimen.

2168 2477 2502 2533 Adduxerunt
2528 2491 2691 2535 autem
2717 2499 2928 2553 puerum
2952 2486 3194 2541 viventem
3219 2492 3260 2552 ³,
3292 2499 3339 2542 et
3359 2489 3610 2544 consolati
3630 2500 3760 2545 sunt

2168 2587 2270 2624 non
2306 2573 2526 2626 minime.
2569 2575 2810 2645 Magnam
2852 2577 3116 2646 accipiunt
3154 2581 3598 2647 consolationem,
3636 2593 3760 2639 tum

2169 2663 2287 2732 quia
2315 2664 2489 2719 vivum
2520 2676 2858 2736 acceperunt,
2887 2680 2994 2724 tum
3023 2672 3146 2740 quia
3172 2672 3381 2742 signum
3411 2671 3613 2728 factum
3645 2685 3758 2730 est.

2171 2756 2259 2810 15.
2283 2754 2392 2810 Nos
2409 2767 2570 2812 autem
2589 2761 2908 2816 ascendentes
2927 2765 3112 2827 navim,
3133 2766 3473 2835 navigavimus
3489 2769 3540 2820 in
3559 2767 3761 2836 Asson,

2169 2851 2288 2903 inde
2326 2854 2606 2919 suscepturi
2647 2852 2870 2908 Paulum
2911 2871 2930 2909 :
2958 2857 3030 2910 sic
3071 2859 3202 2910 enim
3247 2859 3563 2929 disposuerat
3609 2862 3764 2930 ipse,

2174 2959 2262 3010 per
2287 2951 2468 2995 terram
2497 2945 2589 2997 iter
2617 2949 2861 3016 facturus.
2891 2948 2976 3001 14.
3008 2947 3130 3002 Cum
3159 2959 3324 3002 autem
3351 2951 3768 3007 convenissemm

2171 3036 2226 3088 in
2254 3036 2432 3101 Asson,
2452 3047 2710 3106 assumpto
2735 3054 2793 3092 eo
2815 3041 3034 3094 venimus
3053 3040 3346 3112 Mitylenen.
3371 3042 3525 3113 Su'pe
3553 3044 3770 3099 Paulus

2173 3142 2201 3179 a
2233 3127 2507 3198 discipulis
2536 3141 2860 3202 segregatur.
2899 3133 3036 3188 Ecce
3065 3149 3294 3205 namque
3329 3136 3438 3206 jam
3467 3137 3556 3191 ilie
3587 3140 3772 3207 pedes

2176 3219 2279 3273 iter
2307 3218 2452 3287 facit,
2486 3221 2561 3275 illi
2593 3239 2720 3278 vero
2757 3224 2876 3278 navi
2903 3241 2915 3278 :
2949 3225 3089 3294 quod
3119 3226 3287 3281 levius
3317 3238 3432 3282 erat
3462 3228 3566 3284 illis
3586 3231 3765 3296 cedit,

2174 3312 2314 3380 quod
2346 3313 2620 3368 molestius
2638 3315 2750 3384 ipse
2766 3317 3007 3370 assumit.
3031 3318 3200 3372 Pedes
3221 3318 3350 3384 ibat,
3371 3329 3479 3374 tum
3505 3330 3563 3374 ut
3587 3320 3770 3376 multa

2175 3403 2526 3473 dispensaret,
2554 3415 2661 3459 tum
2691 3416 2747 3460 ut
2767 3407 2988 3463 doceret
3009 3411 3147 3476 illos,
3173 3427 3240 3465 ne
3264 3411 3331 3464 ab
3355 3426 3414 3465 se
3437 3427 3772 3480 separaren-

2178 3503 2282 3548 tur.
2317 3495 2402 3550 15.
2434 3495 2499 3549 Ει
2528 3497 2645 3550 inde
2671 3500 2980 3569 navigantes.
3010 3502 3234 3568 sequenti
3268 3503 3350 3556 die
3373 3503 3606 3557 venimus
3632 3521 3768 3558 eon-

2177 3594 2257 3640 tra
2281 3587 2460 3641 Chium
2490 3606 2507 3651 ;
2530 3591 2752 3655 sequenti
2772 3607 2886 3645 vero
2907 3594 3198 3661 appulimus
3218 3594 3452 3658 Samum,
3476 3605 3524 3649 et
3544 3614 3779 3650 manet:-

2181 3691 2251 3734 tes
2278 3680 2503 3751 Trogylii
2521 3723 2534 3747 ,
2561 3683 2786 3752 sequenti
2813 3683 2894 3737 die
2921 3686 3144 3738 venimus
3175 3685 3423 3740 Miletum.
3456 3686 3598 3742 Vide
3628 3704 3777 3759 quo-

2181 3773 2340 3826 modo
2382 3773 2664 3828 festinante
2696 3775 2862 3828 Paulo
2901 3786 3155 3846 pergunt.
3184 3793 3281 3832 nec
3312 3791 3488 3833 moras
3517 3780 3777 3848 trahunt,

2181 3863 2272 3918 sed
2312 3874 2634 3934 praetereunt
2665 3866 2882 3920 insulas.
2915 3869 3000 3923 16.
3032 3867 3374 3938 Proposuerat
3403 3872 3537 3925 enim
3565 3869 3780 3928 Paulus

2183 3957 2560 4026 transnavigare
2603 3955 2899 4027 Ephesum,
2945 3969 3001 4012 ut
3031 3976 3188 4030 neque
3231 3977 3373 4015 mora
3411 3961 3492 4015 illi
3537 3974 3681 4017 esset
3723 3965 3780 4018 in

2183 4049 2321 4102 Asia.
2355 4047 2645 4103 Festinabat
2685 4061 2851 4106 autem
2890 4052 2935 4105 si
2973 4053 3207 4121 possibile
3235 4053 3332 4108 sibi
3360 4065 3505 4122 esset,
3534 4065 3598 4109 ut
3640 4057 3777 4111 die.

2185 4137 2504 4195 Pentecostes
2526 4151 2692 4211 ageret
2715 4141 2748 4195 .1
2755 4144 3066 4214 erosolymis.

2253 4232 2306 4285 ἓ.
2350 4233 2477 4300 Qum
2509 4235 2622 4286 haec
2662 4234 2974 4288 festinatio?
3006 4235 3120 4290 Non
3161 4247 3376 4306 propter
3407 4235 3638 4305 festum,
3680 4238 3778 4296 sed

2187 4334 2401 4392 propter
2429 4324 2835 4381 multitudinem.
2867 4327 3034 4382 Simul
3062 4329 3275 4384 Judtcos
3291 4345 3354 4383 ex
3381 4345 3446 4384 eo
3471 4331 3778 4398 alliciebat,

2186 4417 2322 4484 quod
2371 4417 2681 4473 festivitates
2721 4419 2960 4484 coleret;
2994 4421 3152 4474 simul
3189 4432 3245 4475 et
3289 4421 3534 4477 inimicos
3581 4439 3784 4492 rapere

2187 4508 2285 4560 sihi
2309 4509 2549 4578 cupiens,
2575 4509 3091 4566 festinabatverbum
3109 4514 3446 4569 annuntiare.
3472 4513 3619 4569 Vide
3645 4531 3788 4586 ergo

2188 4613 2440 4670 quantum
2484 4602 2681 4656 factum
2721 4603 2792 4656 sit
2832 4605 3072 4669 lucrum,
3117 4605 3364 4660 omnibus
3391 4607 3784 4675 pratsentibus.

2191 4693 2335 4748 Alias
2359 4709 2501 4754 vero,
2525 4710 2590 4748 ne
2619 4694 2832 4761 Ephesii
2866 4697 3275 4764 ttegligerentur,
3305 4697 3410 4749 alio
3435 4697 3788 4767 dispensarit

2191 4787 2368 4840 tuodo.
2398 4786 2502 4840 Sed
2526 4789 2769 4856 superius
2796 4789 2932 4842 dicta
2954 4799 3279 4859 repetamus.
3308 4790 3372 4844 Et
3394 4792 3666 4856 salutatis,
3694 4793 3791 4846 in-

2191 4879 2323 4948 quit,
2349 4880 2640 4949 discipulis,
2666 4881 2920 4949 profectus
2947 4893 3054 4948 est,
3083 4895 3138 4935 ut
3161 4884 3256 4935 iret
3282 4884 3334 4935 in
3369 4882 3744 4937 ﬂacedoniam
3774 4927 3792 4948 ,

2193 4981 2237 5024 et
2266 4971 2562 5023 exhortatus
2591 4987 2673 5024 eos
2699 4989 2924 5025 sermone
2961 4974 3142 5036 multo,
3166 4975 3297 5026 venit
3321 4975 3373 5026 in
3401 4972 3690 5027 Graeciam.
3725 4977 3799 5031 Ει

2195 5061 2272 5115 sic
2302 5077 2513 5116 rursum
2545 5065 2837 5127 recreavit,
2884 5079 3128 5133 magnam
3160 5064 3293 5118 dans
3319 5065 3793 5121 consolationem.

2197 5151 2328 5208 Vide
2375 5154 2567 5224 ubique
2613 5155 2761 5207 illum
2820 5169 3065 5209 sermone
3123 5156 3298 5209 omnia
3359 5155 3794 5225 pcrficieutem,

2199 5263 2303 5301 non
2351 5263 2476 5301 vero
2516 5248 2700 5316 signis.
2737 5245 3128 5318 Navigaturum,
3161 5250 3254 5311 ait,
3286 5250 3335 5301 in
3372 5249 3610 5318 Syriam.
3641 5250 3798 5305 Con-

2201 5339 2348 5392 linuo
2376 5340 2526 5391 uoltis
2564 5341 2707 5392 illum
2739 5340 2972 5392 ostendit
2996 5339 3332 5394 festinantem
3365 5341 3416 5393 in
3447 5341 3691 5410 Syriam.
3739 5343 3802 5398 In

2199 5449 2352 5484 causa
2382 5444 2490 5486 erat
2516 5431 2749 5486 Ecclesia
2777 5443 2831 5486 et
2858 5432 3189 5504 Jerosolyma
3213 5450 3226 5496 ;
3257 5435 3333 5488 sic
3362 5434 3717 5489 desiderabat
3743 5448 3806 5493 et

2199 5539 2315 5590 qua:
2343 5523 2448 5576 illic
2469 5533 2621 5576 erant
2641 5522 2907 5577 ordinare.
2939 5523 3096 5593 Atqui
3128 5539 3231 5577 non
3254 5540 3445 5594 magna
3471 5524 3656 5580 Troas
3680 5540 3804 5592 est;

2263 5723 2443 5833 ξῦιίεειε,
2471 5721 2787 5773 Adduxcrunt
2811 5730 2968 5774 autem
3011 5735 3214 5788 puerum
3252 5721 3730 5784 virentem,th
3757 5732 3812 5778 in

2263 5800 2278 5832 η1
2320 5797 2503 5832 libitum.

2201 5797 2503 5848 quibusnam.
