3948 6512
195 382 297 445 503

191 520 286 559 cur
312 514 444 574 ergo
487 517 583 573 per
621 508 824 571 septem
866 496 980 555 dies
1011 497 1119 553 illic
1148 499 1403 553 manent?
1432 497 1613 568 Magna
1640 495 1750 550 for-

192 606 333 648 tasse
355 602 473 648 erat
506 590 795 647 secundant
823 589 1055 644 ﬁdelium
1082 604 1379 644 numerum.
1415 588 1620 642 Etcum
1648 586 1762 640 dies

189 696 397 756 septem
422 685 494 740 ibi
516 683 818 747 mansisset,
843 680 1085 751 sequenti
1110 690 1317 735 noctem
1346 680 1397 733 in
1424 678 1663 733 docendo
1686 678 1757 730 in-

192 777 460 845 sumpsit:
489 776 559 829 ita
588 790 728 843 :cgre
757 774 871 841 ipse
899 772 966 825 ab
1008 771 1109 825 illis
1131 811 1145 835 ,
1178 770 1255 825 illi
1292 770 1358 824 ab
1395 770 1509 837 ipso
1543 766 1762 821 divelle-

194 867 406 921 bantur.
439 863 565 920 Cum
607 864 998 918 convenissemus
1020 904 1034 927 ,
1083 862 1287 931 inquit,
1333 860 1400 912 ad
1429 856 1761 928 frangendum

193 975 396 1028 panem.
437 958 520 1012 Ab
546 956 663 1026 ipso
692 966 961 1024 tempore,
1002 970 1108 1024 quo
1131 954 1335 1009 esurire
1370 951 1764 1007 monstrabatur

197 1050 317 1121 (nec
346 1059 465 1103 erat
495 1048 622 1102 illud
650 1044 1129 1116 intempestivum),
1154 1060 1331 1098 sermo
1351 1055 1558 1111 cceptus
1580 1053 1762 1096 exten—

193 1158 281 1197 sus
311 1151 433 1197 est:
465 1143 536 1195 ita
579 1150 636 1194 ut
674 1155 791 1194 eum
833 1155 935 1193 non
975 1138 1238 1207 prtecipue
1278 1136 1653 1192 convenissent
1690 1134 1761 1189 ad

192 1233 511 1294 doctrinam,
541 1231 635 1287 sed
662 1230 727 1285 ad
760 1229 1104 1300 frangendum
1130 1243 1338 1299 panem,
1369 1228 1457 1281 ubi
1482 1228 1532 1280 in
1559 1239 1763 1281 sermo—

192 1340 314 1379 nem
366 1323 588 1389 incidit,
643 1322 937 1378 doctrinam
992 1320 1249 1375 extendit.
1309 1319 1441 1373 Vide
1494 1317 1763 1387 quomodo

194 1429 392 1469 mensae
418 1414 565 1469 Pauli
598 1428 784 1468 omnes
815 1412 1098 1482 participes
1125 1418 1323 1466 essent.
1355 1409 1576 1465 Videtur
1597 1408 1722 1463 mihi
1744 1449 1759 1473 ,

193 1505 364 1574 ipsum
395 1504 462 1559 ad
495 1519 734 1559 mensam
764 1503 1035 1558 sedentem
1063 1503 1393 1567 disseruisse,
1426 1517 1523 1555 nos
1561 1501 1761 1556 docen-

192 1605 296 1649 tem
341 1595 425 1649 his
454 1595 631 1649 omnia
676 1610 796 1649 esse
835 1593 1219 1663 postponenda.
1264 1593 1623 1663 lmaginamini
1661 1593 1760 1647 do-

190 1702 335 1740 mum
368 1687 548 1752 illam,
581 1686 634 1740 i‘n
661 1701 761 1755 qua
806 1684 1080 1753 lampades
1109 1694 1298 1747 erant,
1330 1684 1416 1738 ubi
1459 1684 1641 1747 turba,
1672 1684 1761 1738 ubi

191 1780 384 1834 Paulus
414 1779 619 1834 medius
647 1778 969 1843 disserebat,
1003 1778 1089 1832 ubi
1120 1777 1376 1832 fenestras
1412 1778 1562 1831 multi
1599 1793 1759 1831 occu-

194 1872 385 1940 pabant
405 1912 420 1937 ,
463 1882 521 1924 ut
545 1871 721 1923 tubam
752 1870 894 1924 illam
926 1869 1204 1934 audirent,
1244 1879 1297 1923 et
1324 1870 1611 1936 gratiosum
1642 1868 1761 1921 vul-

193 1972 301 2015 tum
329 1962 666 2030 inspicerent.
700 1961 894 2028 Quales
922 1960 1085 2015 fuisse
1115 1960 1402 2018 auditores,
1435 1970 1484 2013 et
1512 1970 1762 2029 quautam

192 2052 313 2106 hinc
359 2052 632 2121 accepisse
690 2052 1015 2120 voluptatem
1072 2052 1255 2120 putas?
1302 2048 1407 2104 Cur
1437 2061 1613 2104 autem
1666 2066 1762 2104 no-

192 2151 275 2198 ctu
312 2142 648 2198 disserebat?
687 2142 819 2208 Quia
858 2143 1178 2211 migraturus
1215 2152 1368 2207 erat,
1394 2152 1445 2195 et
1475 2157 1579 2195 non
1627 2141 1759 2195 ultra

192 2234 363 2302 ipsum
392 2233 560 2287 visuri
585 2241 742 2287 erant
769 2251 780 2284 :
816 2248 999 2286 verum
1032 2233 1133 2287 hoc
1161 2248 1265 2286 non
1298 2232 1401 2285 illis
1421 2273 1435 2297 ,
1470 2241 1654 2301 utpote
1684 2233 1763 2286 in-

192 2323 535 2389 firmioribus,
567 2323 714 2387 dicit,
744 2324 837 2377 sed
862 2324 980 2378 aliis
1006 2323 1237 2382 dicebat,
1264 2323 1398 2390 Quin
1419 2334 1472 2377 et
1498 2332 1760 2392 patratum

191 2416 502 2471 miraculum
541 2414 593 2469 id
639 2415 935 2480 efficiebat,
965 2423 1022 2469 ut
1046 2429 1258 2484 semper
1286 2416 1454 2469 noctis
1482 2414 1621 2469 illius
1647 2431 1760 2469 me-

191 2507 415 2559 moriam
445 2517 741 2560 servarent.
787 2505 973 2576 Magna
999 2506 1297 2560 auditorum
1327 2505 1568 2574 voluptas
1590 2547 1604 2569 ,
1642 2522 1761 2576 qua:

191 2597 347 2652 etiam
388 2596 739 2652 interturbata
782 2597 948 2666 magis
980 2596 1201 2650 adaucta
1243 2596 1368 2661 fuit;
1399 2606 1558 2666 atque
1588 2598 1659 2650 ita
1708 2598 1758 2651 iu

190 2688 426 2743 doctoris
443 2688 671 2758 gratiam
692 2702 846 2742 casus
868 2687 957 2742 ille
976 2688 1172 2742 evenit.
1198 2688 1445 2759 Alioquin
1470 2703 1596 2743 vero
1613 2689 1763 2759 igna-

192 2794 284 2833 vos
308 2794 499 2833 omnes
526 2778 617 2833 ille
641 2778 1012 2847 increpaturus
1038 2787 1173 2842 erat,
1204 2778 1293 2847 qui
1320 2787 1558 2832 mortuus
1582 2788 1684 2843 est,
1706 2788 1762 2833 ut

193 2869 414 2924 Paulum
443 2869 673 2923 audiret.
703 2869 769 2924 Et
791 2884 907 2928 cur.
934 2868 1139 2939 inquies
1158 2910 1172 2933 ,
1204 2868 1408 2939 singula
1438 2878 1682 2924 recenset
1707 2878 1762 2923 et

195 2962 327 3017 unde
353 2961 621 3025 venerint,
653 2970 706 3016 et
730 2976 837 3031 quo
866 2960 1163 3031 migrariut,
1195 2971 1249 3016 et
1272 2977 1437 3032 quare
1467 2962 1555 3017 ille
1578 2962 1761 3016 demo-

197 3063 331 3108 ratus
356 3054 465 3117 sit,
508 3068 571 3108 ac
607 3068 737 3122 quas
773 3054 932 3108 etiam
960 3062 1134 3125 partes
1175 3052 1664 3122 praaternavigarit?
1694 3052 1762 3108 Ut

204 3145 401 3198 interim
433 3143 781 3207 ostenderet,
828 3142 976 3196 illum
1007 3142 1232 3197 lentiore
1259 3156 1418 3197 cursu
1446 3143 1757 3212 navigasse,

207 3235 344 3305 idque
383 3235 619 3289 humana
644 3234 871 3300 ratione,
901 3243 1058 3303 atque
1080 3233 1240 3288 etiam
1270 3233 1756 3304 prateruavigasse.

201 3324 537 3395 Proposuerat
578 3325 712 3377 enim
762 3327 1183 3394 praternavigare
1236 3322 1527 3393 Ephesum,
1571 3334 1625 3378 ut
1672 3341 1762 3379 nec

194 3434 360 3479 mora,
404 3416 609 3485 inquit,
640 3415 717 3469 illi
744 3425 868 3469 esset
897 3415 951 3467 in
975 3414 1115 3467 Asia.
1146 3414 1328 3471 Bene:
1357 3430 1462 3469 non
1501 3414 1641 3469 enim
1667 3429 1763 3484 po-

195 3508 377 3562 tuisset
398 3548 415 3573 ,
444 3507 488 3560 si
519 3507 610 3560 illo
629 3506 883 3571 venisset,
912 3505 1375 3575 praeteruavigare,
1405 3506 1527 3574 quia
1556 3505 1759 3561 noluis-

191 3608 271 3652 set
290 3598 611 3653 contristare
638 3596 778 3662 illos,
801 3597 888 3666 qui
916 3598 1084 3666 ipsum
1113 3596 1375 3666 precaturi
1399 3607 1550 3651 erant
1574 3605 1630 3652 ut
1649 3613 1762 3652 ma-

191 3700 359 3744 neret.
395 3688 496 3744 Vel
530 3689 630 3742 hac
671 3688 739 3743 de
778 3703 938 3743 causa
965 3697 1145 3753 certe,
1175 3689 1257 3742 vel
1282 3689 1421 3755 quod
1465 3687 1757 3744 festinaret.

194 3780 487 3836 Festinabat
511 3782 665 3846 enim,
699 3780 895 3849 inquit,
927 3789 982 3833 ut
1004 3778 1435 3847 sipossibileesset
1463 3780 1594 3835 diem
1620 3779 1761 3834 Pen-

191 3883 399 3926 tecoste:
436 3880 604 3941 ageret
644 3870 995 3941 Jerosolymis.
1043 3870 1166 3925 Ideo
1208 3871 1363 3941 igitur
1400 3887 1617 3927 manere
1655 3888 1761 3927 non

190 3973 421 4034 poterat.
451 3963 585 4018 Vide
626 3962 771 4016 illum
813 3963 970 4017 etiam
1021 3961 1246 4015 humana
1276 3963 1478 4015 ratione
1518 3963 1759 4029 moveri,

189 4071 408 4125 cupere,
439 4054 715 4119 festinare,
738 4062 795 4107 et
815 4068 957 4122 saepe
982 4065 1220 4122 optatum
1252 4068 1356 4105 non
1382 4052 1613 4121 assequi.
1638 4053 1762 4108 ideo

191 4157 363 4199 autem
400 4145 514 4198 haac
545 4144 697 4207 fiunt,
724 4152 780 4197 ut
818 4158 886 4198 ne
912 4151 1159 4212 putemus
1187 4157 1247 4197 ea
1278 4141 1439 4196 fuisse
1466 4157 1625 4211 supra
1659 4142 1759 4197 lm-

194 4252 404 4291 manam
453 4246 719 4289 naturam.
764 4234 944 4288 Sancti
992 4234 1187 4303 quippe
1223 4241 1276 4287 et
1321 4233 1497 4301 magni
1545 4234 1619 4287 illi
1662 4234 1758 4287 viri

185 4330 432 4400 ejusdem
463 4336 648 4389 erant,
678 4328 829 4396 cujus
858 4340 988 4393 nos,
1033 4334 1269 4389 naturae;
1302 4325 1538 4395 ejusdem
1566 4326 1760 4381 volun-

185 4423 311 4477 tatis
347 4437 453 4475 non
497 4422 664 4475 item:
698 4420 922 4489 ideoque
964 4433 1106 4487 saepe
1146 4418 1367 4488 gratiam
1399 4418 1753 4473 attrahebant.

182 4515 321 4569 Vide
346 4529 500 4583 ergo,
531 4522 726 4582 quanta
756 4527 850 4581 per
872 4512 1076 4580 seipsos
1100 4512 1427 4580 provideant.
1460 4512 1584 4568 Ideo
1611 4513 1757 4568 dice-

180 4606 273 4659 bat
300 4622 313 4657 :
347 4603 437 4657 Ne
472 4603 647 4656 demus
675 4602 1001 4670 olfensionem
1030 4602 1303 4655 volentibus
1334 4603 1409 4671 (‘2.
1434 4603 1550 4658 Cor.
1572 4605 1625 4658 6,
1655 4605 1713 4673 5)
1738 4621 1752 4668 ς

180 4706 233 4750 et
259 4711 509 4759 rursum,
559 4695 627 4749 Ut
671 4710 770 4747 non
812 4694 1114 4763 vituperetur
1142 4694 1468 4747 ministerium
1510 4705 1755 4748 nostrum.

178 4786 325 4841 Ecce
350 4796 403 4840 et
434 4785 695 4852 inculpata
724 4783 853 4847 vita,
883 4796 937 4838 et
962 4785 1123 4837 multa
1155 4783 1496 4851 indulgentia.
1524 4785 1632 4839 lloc
1660 4800 1753 4854 ap-

179 4878 416 4945 pellatur
453 4876 787 4938 mconomia,
843 4875 893 4927 in
926 4873 1159 4927 culmine
1199 4884 1253 4927 et
1295 4874 1504 4944 fastigio
1547 4876 1756 4929 virtutis

176 4983 331 5031 esse,
364 4977 421 5023 et
446 4967 801 5021 humilitatem
834 4966 1109 5021 exhibere.
1143 4967 1209 5020 Et
1234 4966 1355 5020 audi
1384 4969 1650 5036 quomodo
1679 4968 1751 5035 is,

174 5060 264 5127 qui
300 5068 567 5128 praecepta
606 5057 803 5112 Christi
843 5059 1276 5122 transcenderet,
1310 5062 1546 5113 omnium
1577 5068 1754 5115 tamen

172 5150 516 5204 humillimus
542 5156 709 5203 esset.
742 5149 981 5203 Omnibus
1009 5150 1177 5202 omnia
1200 5152 1362 5219 factus
1389 5166 1531 5215 sum,
1562 5151 1750 5220 inquit,

170 5251 226 5293 ut
252 5257 433 5294 omnes
463 5240 781 5310 lucrifaciam
808 5240 885 5309 (l.
914 5238 1034 5294 Cor.
1071 5240 1122 5294 9.
1164 5241 1278 5311 ἓξ).
1315 5240 1455 5295 Idem
1500 5242 1659 5296 etiam
1699 5245 1752 5297 in

167 5332 414 5401 pericula
444 5346 505 5385 se
538 5331 793 5395 immisit,
835 5340 894 5384 ut
917 5331 1043 5385 alibi
1073 5333 1181 5385 ait:
1209 5331 1277 5385 In
1308 5333 1545 5401 patientia
1563 5335 1750 5396 multa,

173 5427 229 5479 in
248 5422 679 5484 tribulationibus,
706 5423 757 5475 in
783 5422 1172 5483 necessitatibus,
1200 5423 1253 5474 in
1275 5423 1539 5492 angustiis,
1568 5423 1620 5476 in
1642 5423 1752 5493 pla-

164 5514 266 5582 gis,
300 5514 356 5566 in
382 5513 669 5565 carceribus
694 5512 782 5582 (2.
808 5513 924 5567 Cor.
959 5513 1012 5566 ti.
1043 5513 1096 5567 4.
1130 5514 1209 5581 5).
1245 5513 1462 5583 Magnus
1488 5516 1611 5569 item
1637 5524 1751 5569 erat

167 5605 288 5672 ejus
310 5619 467 5657 amor
494 5619 618 5673 erga
640 5603 931 5658 Christum.
955 5604 1064 5658 Nisi
1086 5606 1225 5659 enim
1252 5608 1319 5659 ita
1344 5606 1547 5670 fuisset,
1571 5606 1749 5661 omnia

168 5694 447 5764 superflua
470 5692 646 5748 futura
672 5705 843 5759 erant,
867 5704 920 5749 et
942 5694 1382 5764 dispensationes,
1410 5706 1463 5751 et
1488 5696 1748 5766 inculpata

168 5788 279 5842 vita
299 5830 317 5858 ,
348 5797 406 5843 et
435 5787 688 5859 pericula.
724 5787 848 5855 Quis
875 5788 1177 5858 inﬁrmatur,
1209 5788 1413 5860 inquit,
1444 5799 1490 5844 et
1523 5806 1612 5861 ego
1646 5807 1747 5844 non

1142 382 1209 438 IN
1245 381 1422 438 ACTA
1462 380 1978 438 APOSTOLORUM.
2021 379 2249 436 HOMIL.
2288 377 2468 435 XLlll.

3330 378 3437 435 506

1864 495 2127 562 inﬁrmor?
2150 495 2264 566 quis
2290 493 2666 549 scandalizatur
2685 533 2699 559 ,
2741 502 2787 547 et
2826 510 2916 564 ego
2943 510 3041 548 non
3066 511 3185 548 uror
3214 494 3287 562 (2.
3313 494 3432 552 Cor.

1871 586 2106 655 11.29)?

1936 678 1985 731 5.
2016 679 2199 732 Omnia
2245 689 2449 749 propter
2496 682 2678 749 fratres
2735 679 3015 733 subeunda.
3054 677 3187 731 Dum
3230 679 3436 733 retribu-

1867 768 1936 821 tio
1974 766 2225 835 diﬂ‘ertur,
2257 781 2468 841 augetur
2488 770 2770 824 donum.—
2792 771 2914 825 lisse
2941 781 2994 826 et
3014 787 3111 825 nos
3131 813 3145 834 ,
3176 771 3433 833 obsecro,

1867 861 2027 915 verba
2056 871 2325 915 sectemur
2345 903 2360 927 ,
2407 870 2462 916 et
2507 872 2723 931 propter
2753 862 2942 916 fratres
2973 871 3182 915 nostros
3212 863 3263 915 iu
3297 862 3433 931 peri-

1866 951 1983 1003 cula
2012 966 2107 1003 nos
2132 951 2497 1018 conjiciamUs.
2543 950 2665 1005 Sive
2698 951 2831 1021 ignis
2856 994 2871 1015 ,
2901 952 3012 1006 sive
3040 952 3234 1005 ferrum
3260 952 3434 1013 adsit,

1869 1043 2092 1112 teipsum
2123 1042 2328 1111 conjiee
2348 1082 2364 1107 ,
2398 1043 2618 1102 dilecte.
2652 1054 2707 1097 ut
2736 1045 3030 1098 membrum
3063 1054 3207 1097 tuum
3235 1060 3388 1097 emas
3419 1061 3432 1096 :

1866 1135 2068 1203 conjiee
2113 1145 2203 1201 te,
2252 1151 2317 1189 ne
2363 1136 2568 1189 timeas.
2627 1136 2924 1206 Discipulus
2968 1151 3026 1191 es
3074 1137 3304 1200 Christi,
3346 1136 3434 1204 qui

1868 1234 2083 1294 propter
2128 1225 2324 1280 fratres
2354 1240 2479 1279 suos
2518 1225 2747 1279 animam
2798 1229 2972 1295 posuit
3001 1248 3015 1282 :
3046 1228 3437 1296 condiscipulus

1866 1331 1924 1370 es
1970 1317 2137 1381 Pauli,
2167 1317 2253 1386 qui
2300 1316 2458 1369 millia
2519 1317 2620 1386 pati
2669 1318 2839 1371 voluit
2880 1334 2976 1386 pro
3024 1318 3246 1373 inimicis
3288 1328 3341 1371 et
3379 1333 3436 1373 sc

1867 1404 2291 1473 impugnantihus
2311 1426 2325 1460 :
2347 1406 2461 1460 zelo
2484 1405 2737 1475 replearis
2757 1448 2771 1470 ,
2794 1407 3001 1461 imitare
3021 1407 3272 1477 Mnyscm.
3298 1408 3437 1461 Vidit

1867 1497 1955 1551 ille
1998 1496 2193 1566 injuste
2225 1497 2406 1550 laesum
2434 1506 2489 1551 et
2516 1497 2656 1551 ultus
2686 1506 2767 1551 est
2793 1514 2807 1550 :
2840 1497 3011 1567 regias
3041 1498 3259 1552 delicias
3302 1488 3435 1552 con-

1867 1590 2114 1657 tempsit,
2164 1596 2219 1643 et
2265 1600 2482 1657 propter
2528 1588 2755 1642 afﬂictos
2808 1588 3063 1658 profugus
3112 1590 3240 1651 fuit,
3276 1606 3433 1654 erro,

1864 1680 2101 1749 cognatis
2148 1677 2432 1734 destitutus
2462 1687 2516 1734 et
2554 1678 2714 1732 domo
2744 1697 2757 1733 :
2790 1681 2840 1732 in
2887 1680 3055 1733 aliena
3108 1690 3245 1733 terra
3290 1682 3436 1748 degit

1866 1779 2011 1826 tanto
2057 1780 2330 1841 tempore,
2391 1786 2488 1825 nec
2540 1773 2774 1840 seipsum
2832 1771 3206 1839 reprehendit,
3262 1789 3435 1841 neque

1862 1862 1994 1916 dixit
2025 1880 2038 1915 :
2069 1862 2205 1928 Quid
2234 1863 2333 1916 hoc
2353 1863 2472 1916 est?
2500 1862 2740 1932 Regnum
2768 1863 3014 1931 despexi;
3048 1871 3246 1917 tantum
3270 1863 3437 1918 hono-

1864 1946 1974 2009 rem
2020 1963 2074 2009 et
2117 1955 2335 2025 gloriam
2370 1973 2383 2008 :
2414 1955 2574 2008 malui
2625 1955 2782 2009 laesos
2827 1956 3044 2019 ulcisci,
3094 1957 3249 2026 idque
3298 1959 3435 2013 Deus

1864 2044 2137 2114 despexit,
2187 2061 2357 2115 neque
2407 2046 2565 2100 modo
2615 2062 2699 2101 me
2747 2048 2797 2100 in
2848 2049 3126 2115 pristinum
3178 2049 3431 2104 honorem
3494 2078 3497 2082 λ

1864 2152 1967 2189 non
2012 2137 2257 2201 reduxit,
2288 2136 2381 2190 sed
2411 2138 2570 2191 etiam
2616 2138 2961 2208 quadraginta
3001 2139 3154 2192 anuis
3184 2139 3234 2193 in
3265 2140 3433 2194 aliena

1865 2237 1998 2283 terra
2024 2228 2181 2297 dego.
2212 2229 2351 2283 Bene
2379 2230 2582 2283 scilicet
2610 2247 2622 2282 :
2652 2245 2756 2283 non
2785 2232 2925 2284 enim
2956 2232 3255 2286 mercedem
3283 2250 3436 2288 acce-

1863 2321 1935 2390 pi.
1968 2320 2071 2375 Sed
2118 2321 2248 2375 nihil
2296 2321 2482 2375 horum
2535 2322 2616 2375 vel
2644 2322 2807 2385 dixit,
2842 2324 2925 2377 vel
2956 2324 3223 2393 cogitavit.
3269 2326 3357 2380 Sic
3382 2336 3435 2379 et

1865 2422 1919 2465 tu
1956 2412 2111 2465 facito
2144 2429 2156 2464 :
2190 2411 2427 2477 etiamsi,
2457 2411 2582 2465 dum
2634 2413 2887 2467 beneficia
2936 2424 3187 2483 pra-stas,
3234 2415 3431 2486 aliquid

1865 2503 2079 2571 patiaris
2100 2545 2114 2568 ,
2148 2503 2351 2557 etiamsi
2384 2503 2449 2557 ad
2481 2505 2703 2558 multum
2753 2515 2992 2574 tempus,
3041 2523 3106 2560 ne
3148 2508 3433 2564 oll‘endaris

1865 2609 2034 2661 neque
2065 2593 2293 2648 turberis
2326 2612 2339 2647 :
2373 2595 2591 2647 omnino
2634 2596 2935 2651 mercedem
2980 2598 3070 2651 tibi
3105 2598 3244 2653 Deus
3272 2601 3431 2654 retri-

1864 2684 2008 2739 buet.
2038 2687 2245 2751 Quanto
2274 2686 2439 2755 magis
2478 2686 2757 2742 retributio
2784 2687 3026 2742 dill‘crtur
3045 2730 3060 2752 ,
3091 2699 3237 2745 tanto
3266 2692 3432 2760 magis

1863 2787 2121 2849 augentur
2150 2778 2372 2835 fmnora.
2406 2780 2704 2834 Habeamus
2742 2796 2870 2851 ergo
2894 2782 3124 2835 animam
3153 2785 3430 2838 commise-

1865 2869 2054 2923 rationi
2103 2868 2332 2924 deditam
2360 2911 2376 2935 ,
2421 2870 2708 2924 eondolere
2759 2873 3015 2927 scientem
3056 2891 3069 2927 :
3110 2874 3238 2928 nihil
3294 2876 3432 2943 apud

1865 2975 1962 3015 nos
1982 2961 2046 3014 sit
2070 2960 2410 3016 inhumanum
2434 2963 2515 3016 vel
2538 2963 2771 3018 crudele.
2795 2964 2849 3019 Si
2877 2965 3004 3019 nihil
3028 2968 3197 3035 possis
3219 2967 3429 3033 afferre,

1864 3050 2156 3122 lacrymare
2180 3092 2194 3115 ,
2243 3052 2557 3122 ingemisee,
2605 3056 2672 3108 de
2715 3054 2776 3107 iis
2806 3070 2921 3123 quae
2964 3055 3097 3109 fiunt
3122 3057 3242 3112 dole
3275 3076 3288 3113 :
3320 3057 3435 3113 haec

1870 3156 1976 3197 non
2006 3143 2097 3197 tibi
2129 3142 2323 3196 frustra
2351 3143 2560 3198 cedent.
2588 3144 2641 3199 Si
2670 3145 2734 3198 iis
2754 3187 2768 3210 ,
2793 3146 2881 3215 qui
2913 3161 2942 3199 a
2973 3147 3081 3200 Deo
3111 3148 3398 3216 puniuntur
3417 3189 3432 3213 ,

1864 3235 2151 3290 eondolere
2194 3244 2437 3305 Oportet,
2470 3236 2637 3290 multo
2676 3238 2842 3307 magis
2869 3238 2966 3305 iis,
2998 3239 3087 3308 qui
3112 3239 3179 3293 ab
3207 3239 3436 3294 hornini-

1865 3330 1963 3383 bus
2006 3329 2197 3397 injuste
2253 3330 2542 3397 patiuntur.
2592 3327 2715 3383 Non
2770 3331 3185 3399 egrediebantur,
3234 3332 3430 3402 inquit,

1865 3420 2044 3475 Αἰτιαη
2070 3422 2137 3473 ad
2178 3419 2481 3491 plorandum
2508 3421 2712 3475 domum
2742 3438 2886 3475 suam
2913 3424 3147 3477 vicinam.
3175 3425 3434 3495 Accipient

1865 3513 2090 3567 dolorem
2131 3530 2221 3578 pro
2264 3531 2353 3580 ea,
2404 3514 2540 3584 quod
2581 3515 2960 3583 wdiﬁcaverunt
2999 3517 3067 3569 ad
3114 3516 3431 3572 derisionem.

1865 3602 1975 3658 Hac
2002 3603 2069 3657 de
2098 3619 2155 3658 re
2179 3614 2393 3659 accusat
2421 3604 2708 3670 Ezechiel,
2734 3605 2875 3675 quod
2903 3621 3007 3660 non
3037 3606 3432 3662 eoudoluerint.

1864 3694 1999 3760 Quid
2030 3694 2196 3759 dicis,
2242 3694 2546 3765 propheta?
2594 3694 2733 3749 Deus
2762 3696 2941 3764 punit,
2981 3707 3031 3751 et
3058 3712 3155 3765 ego
3184 3698 3435 3754 condole-

1865 3802 1977 3842 rem
2024 3786 2121 3849 iis,
2166 3785 2254 3854 qui
2298 3786 2623 3854 puniuntur?
2653 3786 2826 3841 Etiam
2862 3805 2876 3840 :
2911 3788 3013 3843 hoc
3055 3789 3197 3843 enim
3241 3790 3351 3845 vult
3387 3792 3433 3844 is

1866 3878 1978 3947 ipse
2000 3878 2088 3947 qui
2120 3877 2267 3945 punit
2293 3895 2306 3932 :
2331 3893 2503 3947 neque
2526 3877 2668 3932 enim
2693 3879 2782 3932 ille
2810 3880 3077 3947 puniendo
3097 3881 3397 3936 oblectatur
3414 3923 3429 3942 .

1866 3969 1973 4023 imo
2004 3970 2175 4039 potius
2196 3969 2359 4023 dolet.
2394 3968 2525 4036 Quia
2557 3969 2716 4038 igitur
2744 3970 2832 4024 ille
2861 3974 2948 4039 qui
2977 3972 3127 4040 punit
3158 3987 3259 4026 non
3284 3974 3431 4027 lacta-

1868 4068 1984 4124 tur,
2016 4074 2187 4128 neque
2221 4069 2272 4112 tu
2317 4059 2533 4113 laeteris.
2562 4058 2668 4114 Sed
2699 4061 2742 4113 si
2784 4060 2955 4129 juste,
3001 4061 3241 4130 inquies,
3277 4066 3431 4131 puni-

1867 4162 2024 4206 untur
2043 4194 2058 4219 ,
2084 4167 2186 4205 non
2212 4152 2393 4206 dolere
2418 4161 2647 4220 oportet.
2680 4152 2849 4208 Etiam
2880 4164 3095 4222 propter
3120 4154 3220 4209 hoc
3246 4155 3433 4211 dolen-

1864 4245 2023 4307 dum,
2075 4242 2215 4312 quod
2265 4242 2410 4312 digni
2454 4243 2713 4312 supplicio
2757 4243 2853 4296 visi
2903 4243 3117 4297 fuerint.
3168 4246 3260 4299 Dic
3305 4261 3431 4301 vero

1866 4334 2025 4397 mihi,
2061 4349 2177 4387 cum
2205 4332 2401 4387 videris
2430 4332 2595 4386 liliutn
2628 4341 2774 4387 tuum
2804 4335 2883 4387 uri
2910 4336 2993 4388 vel
3022 4338 3189 4389 secari
3216 4378 3228 4399 ,
3255 4352 3431 4392 nonne

1864 4426 2050 4480 doles?
2076 4424 2231 4481 Certe
2256 4426 2405 4481 doles
2424 4465 2438 4487 ,
2470 4436 2523 4481 et
2547 4442 2651 4479 non
2683 4426 2816 4481 dicis
2842 4427 2932 4481 tibi
2962 4428 3058 4495 ipsi
3088 4444 3101 4479 :
3132 4429 3264 4495 Quid
3291 4429 3432 4485 hoc?

1862 4518 1928 4571 ad
1957 4518 2235 4573 sanitatem
2282 4518 2447 4572 sectio
2495 4526 2735 4586 spectat,
2782 4527 2835 4573 et
2864 4534 2962 4588 pro
3008 4518 3321 4575 liberatione
3349 4532 3432 4575 est

1863 4610 2002 4663 nstio
2031 4626 2043 4661 :
2071 4617 2303 4662 attamen
2351 4624 2470 4662 eum
2500 4609 2654 4662 audis
2694 4609 2983 4663 ululantem
3008 4650 3023 4675 ,
3076 4625 3174 4663 nec
3218 4610 3430 4665 dolores

1865 4699 2156 4764 ferentem,
2200 4699 2391 4763 doles;
2438 4714 2535 4754 nec
2578 4700 2773 4753 suflieit
2801 4700 2886 4753 illa
2915 4702 3155 4755 sanitatis
3201 4716 3321 4770 spes
3361 4702 3427 4755 ad

1864 4789 2148 4843 tollendam
2186 4798 2388 4842 natura:
2436 4789 2912 4860 perturbationem.
2964 4790 3037 4843 lta
3083 4799 3135 4844 et
3182 4790 3230 4842 in
3276 4790 3426 4852 istis,

1862 4880 2069 4935 etiamsi
2109 4880 2172 4933 ad
2210 4881 2491 4934 sanitatem
2536 4880 2850 4948 puniantur,
2880 4888 3110 4933 attamen
3140 4881 3280 4935 circa
3312 4882 3429 4936 illos

1863 4971 2151 5026 fraternum
2175 4971 2417 5025 affectum
2443 4970 2817 5037 exhibeamus,
2845 4979 3221 5040 paternumque
3241 4973 3429 5027 volun-

1861 5073 2043 5117 tatem.
2066 5062 2342 5117 Sectiones
2368 5072 2421 5117 et
2449 5061 2683 5115 ustiones
2709 5071 2830 5115 sunt
2855 5076 3024 5130 paeane
3046 5079 3073 5113 a
3101 5063 3206 5116 [)eo
3228 5063 3423 5128 illane;

1860 5153 1952 5207 sed
1984 5152 2103 5206 ideo
2144 5152 2272 5206 flere
2309 5151 2596 5212 debemus,
2645 5150 2785 5218 quod
2830 5153 3197 5220 :egrotaveriut
3224 5193 3239 5219 ,
3286 5155 3426 5223 quod

1859 5243 1948 5297 tali
1978 5258 2111 5311 opus
2155 5242 2434 5296 habuerint
2475 5240 2758 5295 medicina.
2804 5240 2860 5297 Si
2904 5242 3023 5310 quis
3075 5260 3170 5312 pro
3213 5247 3425 5298 coronis

1858 5337 1959 5390 hoc
1988 5335 2215 5405 patiatur
2237 5374 2252 5399 ,
2282 5343 2409 5387 tunc
2439 5348 2507 5388 ne
2547 5332 2762 5399 doleas,
2801 5345 2859 5388 ut
2887 5334 3084 5390 Paulus
3113 5346 3166 5390 et
3191 5337 3379 5392 Petrus
3411 5357 3424 5392 :

1855 5426 2065 5494 quando
2095 5434 2269 5478 autem
2296 5423 2417 5493 jure
2442 5423 2531 5477 dat
2560 5438 2766 5493 paruas,
2801 5435 2927 5479 tunc
2952 5426 3266 5496 lacrymare,
3299 5438 3426 5482 tunc

1856 5515 2161 5585 ingemisee.
2195 5515 2353 5569 Tales
2392 5522 2544 5569 erant
2589 5516 2880 5584 prephette.
2922 5515 3258 5585 Quapropter
3287 5533 3422 5571 unus

1856 5608 2067 5662 illorum
2105 5606 2238 5660 dixit
2266 5623 2278 5659 :
2309 5605 2409 5660 Hei
2437 5607 2561 5659 milii
2584 5648 2598 5670 ,
2628 5605 2863 5671 Domine,
2901 5607 3085 5661 delebis
3112 5618 3165 5659 tu
3191 5608 3425 5676 reliquias

1854 5697 2020 5752 Israel
2053 5699 2073 5770 (
2103 5697 2290 5753 Ezech.
2320 5698 2372 5753 9.
2402 5698 2517 5769 8)?
2559 5699 2858 5754 llomicidas
2896 5708 2951 5754 et
2987 5700 3240 5752 scelestos
3282 5713 3426 5768 smpti

1856 5791 2013 5861 plecti
2043 5789 2281 5847 videmus
2305 5831 2321 5858 ,
2352 5800 2406 5847 et
2445 5791 2745 5846 cruciamur
2779 5789 3143 5861 dolemusque.
3186 5788 3263 5845 Ne
3290 5787 3426 5855 ultra
