3948 6512
586 345 693 404 307

585 462 800 518 modum
826 453 1127 530 philoSOphi
1153 453 1325 511 simus
1342 457 1358 486 ι
1378 498 1393 524 ,
1417 457 1509 513 sed
1533 452 1934 514 misericordes,
1968 455 2028 502 ut
2050 444 2151 500 mi-

584 550 932 607 sericordiam
952 560 1337 617 consequamur
1360 561 1374 596 :
1399 542 1527 596 nihil
1557 541 1680 595 huic
1702 539 1844 593 bono
1868 554 1998 607 par:
2024 537 2157 591 nihil

584 644 657 698 ita
684 642 972 696 humanum
999 635 1229 693 ostendit
1252 636 1615 689 characterem
1634 672 1649 695 ,
1680 639 1736 684 ut
1762 628 2152 684 misericordia.

588 732 903 799 ldeorleges
950 727 1284 783 carniﬁcibus
1331 723 1507 777 omnia
1556 720 1898 791 permittunt,
1925 718 2154 788 judicem

586 833 839 895 cogentes
882 830 1081 876 tantum
1128 833 1295 887 usque
1333 815 1399 870 ad
1440 814 1753 869 sententiam
1784 811 2008 875 ulcisci;
2038 809 2158 863 illos

584 929 716 969 vero
758 913 823 968 ad
871 926 1004 981 opus
1050 908 1302 963 educunt.
1353 906 1428 959 lta
1473 905 1571 960 etsi
1614 905 1755 971 juste
1786 903 1912 968 ﬁat,
1943 915 2047 955 non
2075 908 2159 954 est

588 1008 750 1061 animi
797 1001 1099 1073 phiIOSOpbi
1136 1001 1347 1071 punire,
1394 998 1485 1054 sed
1537 998 1646 1052 alio
1691 1011 1828 1065 opus
1876 1003 1958 1050 est
1989 1010 2004 1047 :
2035 1007 2155 1048 nam

587 1111 760 1164 neque
808 1095 946 1148 Deus
990 1108 1083 1162 per
1124 1092 1355 1160 seipsnm
1402 1089 1585 1157 punit,
1644 1087 1736 1141 sed
1781 1100 1876 1155 per
1916 1084 2153 1155 angelos.

584 1185 872 1241 Carnilices
916 1197 1043 1252 ergo
1085 1190 1207 1234 sunt
1248 1179 1460 1249 angeli?
1506 1177 1683 1240 Absit,
1725 1192 1827 1229 non
1861 1174 1960 1227 hoc
1997 1174 2154 1237 dico;

586 1274 681 1329 sed
718 1273 933 1327 ultrices
972 1280 1263 1343 potestates
1304 1276 1444 1321 Sunt.
1476 1267 1609 1320 Cum
1639 1265 1870 1320 Sodoma
1902 1263 2153 1317 subversa

585 1374 701 1427 est,
746 1379 839 1433 per
888 1362 1003 1417 illos
1051 1360 1229 1414 omnia
1276 1357 1410 1411 facta
1456 1366 1616 1417 sunt;
1664 1353 1877 1423 quando
1937 1368 2053 1421 qua:
2102 1351 2153 1405 in

584 1456 814 1527 [Egypto
855 1453 1193 1514 acciderunt,
1242 1466 1337 1518 per
1379 1449 1499 1502 illos
1548 1448 1692 1499 item.
1744 1443 2151 1507 Immissionem,

588 1548 794 1616 inquit,
827 1561 915 1614 per
941 1545 1145 1613 angelos
1171 1542 1329 1594 malos
1356 1538 1373 1611 (
1396 1538 1537 1591 Psal.
1574 1539 1660 1590 77.
1687 1536 1813 1606 49).
1856 1536 1989 1588 Cum
2031 1550 2157 1603 ergo

587 1653 801 1693 servare
823 1646 1061 1705 oportet,
1093 1649 1188 1703 per
1208 1634 1438 1701 seipsum
1470 1630 1568 1683 hoc
1598 1630 1719 1681 facit
1745 1646 1756 1680 :
1788 1628 1855 1680 ita
1881 1638 1933 1681 et
1962 1625 2151 1680 Filium

589 1744 741 1781 suum
774 1729 915 1781 misit
954 1726 1018 1779 ad
1060 1726 1282 1780 salutem
1327 1722 1537 1795 generis
1569 1721 1757 1774 nostri.
1794 1720 1858 1773 Et
1897 1734 2106 1773 rursum
2140 1734 2154 1769 :

592 1818 764 1882 Tunc,
811 1819 1003 1886 inquit,
1052 1818 1214 1871 dicam
1258 1816 1450 1887 angelis
1478 1831 1496 1868 :
1524 1814 1832 1883 Congregate
1871 1811 1995 1864 mihi
2034 1828 2154 1875 eos,

589 1911 674 1979 qui
703 1909 893 1980 faciunt
916 1908 1251 1977 iniquitatem,
1282 1918 1326 1960 et
1351 1907 1527 1960 mittite
1559 1906 1609 1956 in
1640 1904 1890 1956 cuminum
1928 1902 2155 1972 (Matth.

592 2003 680 2055 15.
710 2002 797 2055 41.
826 2002 894 2054 49.
916 2004 953 2070 ).
989 2002 1063 2055 De
1088 2001 1244 2069 justis
1273 2015 1397 2051 vero
1428 2016 1531 2051 non
1561 1998 1637 2050 sic
1657 2039 1670 2062 ,
1705 1996 1797 2048 sed
1820 2039 1833 2061 ,
1867 1995 1966 2059 Qui
1986 1995 2158 2064 recipit

592 2110 712 2158 ros,
759 2110 835 2145 me
868 2093 1040 2161 recipit
1083 2091 1212 2161 (Id.
1266 2092 1352 2146 10.
1393 2091 1459 2145 40
1486 2093 1542 2160 );
1594 2100 1646 2144 ει
1684 2107 1925 2157 rursum,
1982 2089 2157 2160 Ligate

647 2226 663 2256 ¹
692 2225 763 2274 Ita
778 2226 915 2285 juxta
938 2224 1076 2273 Savil.
1097 2224 1358 2285 legendum
1384 2230 1477 2281 est,
1503 2232 1657 2272 recte.
1678 2222 1939 2272 lnMontef.
1961 2230 2012 2271 et
2028 2223 2161 2273 Com-

592 2285 1060 2346 mehn.legitur.....
1108 2285 1382 2335 cruciantur
1428 2285 1860 2347 dolemusque,nec
1906 2286 2111 2336 dicemus
2139 2298 2158 2335 .'

592 2355 657 2396 Ne
682 2346 805 2395 ultra
828 2351 1037 2395 modum.
1059 2382 1072 2396 .
1094 2377 1105 2390 .
1127 2379 1142 2393 .
1168 2382 1185 2396 .
1203 2384 1214 2394 .

1320 341 1381 395 S.
1408 336 1688 416 JOANNIS
1722 330 2194 390 CllBVSOSTOMl
2231 328 2544 386 ARCHIEP.
2584 327 3111 387 CONSTANTINOP.
3681 342 3759 405 ωε

2255 460 2437 499 manus
2473 445 2585 515 ejus
2621 452 2667 498 et
2709 444 2886 515 pedes,
2927 454 2973 499 et
3009 445 3185 500 mittite
3219 445 3272 499 in
3308 447 3526 504 tenebras
3550 454 3761 517 exteriores

2259 536 2485 608 (Matth.
2524 535 2613 591 22.
2648 537 2767 607 l3).
2794 535 2929 591 Vide
2968 536 3075 591 illic
3115 552 3330 604 servos,
3373 539 3463 609 qui
3500 542 3760 607 ministrant.

2257 627 2392 681 Cum
2416 636 2595 680 autem
2630 626 2887 682 beneﬁcia
2920 627 3215 696 prsestanda
3241 669 3255 696 ,
3287 628 3401 700 ipse
3429 643 3651 701 praestat,
3676 637 3763 708 ipse

2259 727 2413 773 vocat
2440 738 2452 772 :
2497 716 2937 784 Venite,beaedicti
2964 717 3137 773 Patris
3164 720 3260 773 mei
3277 760 3292 784 ,
3323 722 3555 793 percipite
3580 741 3763 795 paratam

2259 809 2397 864 vobis
2441 827 2652 880 regnum
2698 808 2835 880 (Id.
2880 808 2971 864 25.
3013 809 3144 882 51).
3213 812 3437 878 Quando
3500 815 3762 885 loquendum

2258 908 2344 956 est
2386 915 2509 956 cum
2554 901 2858 966 Abraham,
2906 900 3021 969 ipse
3062 901 3250 956 venit:
3289 902 3501 973 quando
3540 905 3768 967 Sodomam

2258 992 2406 1047 abire
2449 1001 2691 1061 oportet,
2742 1006 2929 1047 servos
2979 990 3142 1046 mittit
3182 992 3342 1064 (Gen.
3395 993 3481 1048 19.
3528 997 3630 1067 1),
3667 1001 3770 1057 sicut

2254 1082 2415 1153 iudex
2455 1082 2545 1152 qui
2588 1082 2875 1137 exsuscitat
2917 1083 3214 1153 punituros.
3247 1085 3315 1139 Et
3356 1102 3561 1141 rursum
3592 1108 3605 1143 :
3634 1090 3767 1164 Euge,

2260 1188 2396 1226 serve
2420 1172 2544 1226 bone
2582 1183 2627 1226 et
2659 1172 2855 1241 fidelis,
2883 1174 3000 1243 quia
3038 1192 3190 1242 super
3232 1192 3397 1246 pauca
3444 1177 3579 1247 fuisti
3618 1182 3769 1251 ﬁdelis,

2260 1281 2410 1334 super
2441 1263 2603 1316 multa
2632 1272 2678 1317 te
2702 1266 2999 1319 constituam
3025 1264 3236 1336 (Matth.
3268 1269 3362 1323 25.
3388 1267 3454 1322 21
3484 1270 3522 1337 ).
3548 1270 3663 1326 Huic
3686 1278 3775 1344 qui-

2261 1357 2381 1411 dem
2411 1357 2525 1426 ipse
2552 1357 2855 1421 benedicit;
2889 1358 3034 1412 illum
3063 1374 3187 1413 vero
3223 1359 3517 1429 improbum
3546 1378 3640 1417 non
3664 1365 3774 1435 ipse,

2261 1447 2353 1502 sed
2384 1447 2523 1501 servi
2566 1446 2748 1517 ligant.
2780 1446 2904 1502 llaec
2948 1463 3066 1501 cum
3098 1448 3328 1505 sciamus
3348 1493 3362 1518 ,
3396 1466 3463 1505 ne
3512 1454 3778 1519 gaudeamus

2262 1538 2329 1592 dc
2351 1539 2414 1592 iis
2437 1579 2451 1602 ,
2476 1538 2565 1608 qui
2595 1539 2882 1607 puniuntur
2901 1580 2915 1603 ,
2942 1539 3036 1593 sed
3061 1539 3334 1595 doleamus
3359 1559 3371 1595 :
3404 1542 3502 1595 hos
3523 1543 3776 1613 lugeamus,

2266 1632 2363 1685 hos
2391 1629 2613 1686 ﬂeamus
2636 1672 2651 1695 ,
2684 1641 2741 1683 ut
2766 1640 2819 1684 et
2847 1630 2968 1686 ideo
3000 1633 3298 1687 mercedem
3346 1632 3641 1689 habeamus.
3666 1637 3781 1696 Nunc

2262 1740 2392 1779 vero
2419 1724 2568 1778 multi
2610 1723 2769 1779 etiam
2798 1723 2865 1778 de
2905 1725 2969 1779 iis
2992 1766 3008 1793 ,
3039 1724 3128 1794 qui
3157 1725 3353 1794 injuste
3391 1726 3529 1780 mala
3564 1729 3781 1797 patiuntur

2262 1817 2510 1888 gaudent.
2554 1818 2658 1873 Sed
2688 1832 2793 1871 non
2825 1817 2894 1870 ita
2918 1832 3013 1871 nos
3037 1817 3309 1883 iaciamus,
3340 1833 3646 1889 omnemque
3668 1837 3783 1876 com-

2264 1911 2656 1964 miserationem
2680 1908 3050 1971 exhibeamus,
3080 1919 3137 1962 ut
3161 1918 3213 1964 et
3231 1909 3326 1980 ipsi
3357 1926 3385 1962 a
3405 1909 3516 1964 Deo
3533 1912 3781 1967 misericor-

2264 2003 2403 2056 diam
2437 2017 2862 2071 consequamur,
2909 2001 3074 2069 gratia
3114 2009 3168 2054 et
3209 2001 3535 2070 benignitate
3569 2002 3787 2071 Unigeniti

2264 2095 2397 2164 ejus,
2430 2093 2640 2163 quicum
2681 2093 2825 2147 Patri
2862 2100 2914 2146 et
2948 2092 3167 2161 Spiritui
3207 2102 3391 2146 sancto
3424 2093 3620 2161 gloria,
3654 2095 3786 2162 impc-

2265 2188 2419 2249 rium,
2450 2185 2625 2239 honor
2649 2222 2663 2249 ,
2696 2200 2834 2239 nunc
2859 2193 2913 2239 et
2950 2199 3162 2252 semper
3181 2224 3195 2250 ,
3223 2192 3279 2238 et
3315 2184 3368 2237 in
3398 2185 3589 2239 saecula
3609 2186 3787 2240 sccculo-

2263 2294 2402 2330 rum.
2435 2278 2624 2331 Amen.

1954 2542 2296 2603 HOMILIA
2338 2543 2559 2603 XLIV.

593 2688 717 2742 Car.
751 2688 840 2743 20.
866 2704 918 2741 v.
959 2690 1044 2741 17.
1069 2688 1110 2740 Α
1156 2688 1333 2742 Mileto
1359 2697 1524 2741 autem
1554 2690 1753 2743 mittens
1775 2688 2053 2759 Ephesum,
2082 2704 2171 2741 vo-

668 2783 798 2834 cavit
828 2781 1139 2852 presbyteros
1164 2780 1423 2835 Ecclesire.
1450 2783 1535 2836 18.
1573 2783 1673 2845 Qui
1702 2800 1812 2834 cum
1836 2784 2080 2835 venissent
2105 2780 2172 2834 ad

668 2890 802 2936 eum,
832 2874 958 2926 dixit
985 2874 1054 2925 eis
1080 2889 1098 2925 :
1134 2872 1232 2926 Vos
1257 2875 1393 2926 scitis
1418 2891 1448 2926 a
1479 2875 1643 2942 prima
1668 2875 1768 2932 die,
1793 2890 1891 2943 qua
1920 2874 2171 2943 ingressus

669 2981 781 3017 sum
824 2965 875 3016 in
922 2964 1112 3026 Asiam,
1142 2965 1357 3033 qualiter
1406 2966 1658 3017 vobiscum
1689 2982 1776 3034 per
1805 2982 1950 3018 omne
1978 2974 2170 3034 tempus

671 3057 871 3125 fuerim,
896 3054 982 3109 19.
1006 3057 1220 3108 serviens
1250 3054 1467 3107 Domino
1494 3055 1742 3108 vobiscum
1772 3072 1883 3107 cum
1910 3056 2046 3108 omni
2076 3055 2172 3108 ltu-

673 3147 881 3199 militate
908 3157 953 3199 et
984 3146 1154 3200 multis
1183 3147 1419 3215 lacrymis
1448 3156 1491 3198 et
1519 3145 1890 3210 tentationibus,
1913 3163 2026 3217 qua:
2049 3146 2171 3199 mihi

672 3236 961 3288 acciderunt
986 3253 1048 3290 ea,
1081 3237 1276 3291 insidiis
1303 3237 1623 3302 Judworum,
1652 3237 1740 3292 ‘20.
1769 3240 2015 3309 quomodo
2046 3239 2170 3292 nihil

671 3327 1000 3380 subtraxerim
1028 3328 1244 3391 utilium,
1273 3329 1393 3396 quin
1432 3329 1780 3381 annuntiarem
1807 3330 1963 3395 vobis,
2001 3339 2045 3383 et
2074 3330 2169 3382 do-

673 3434 833 3470 cerem
861 3434 945 3470 vos
975 3418 1169 3487 publice
1209 3427 1257 3471 et
1287 3435 1375 3486 per
1416 3419 1624 3480 domos;
1653 3421 1741 3472 2|.
1774 3421 2044 3485 testificans
2072 3419 2171 3473 Ju-

677 3509 800 3562 dwis
834 3519 979 3577 atque
1006 3507 1271 3579 gentilibus
1294 3508 1348 3561 in
1374 3506 1537 3560 Deum
1578 3509 1934 3577 ptenitentiam,
1951 3522 1995 3563 et
2020 3511 2171 3581 ﬁdem

677 3602 729 3652 in
755 3600 1021 3652 hominum
1049 3610 1272 3653 nostrum
1297 3600 1472 3654 Iesum
1499 3600 1770 3653 Christum.

678 3694 727 3746 1.
766 3692 917 3746 Pauli
944 3694 1202 3747 modestia.
1233 3724 1306 3733 --
1334 3694 1463 3747 Vide
1489 3710 1645 3763 quam
1687 3703 1872 3762 urgeat
1914 3695 1980 3749 ad
2031 3712 2171 3764 prte-

608 3783 1073 3853 ternavigandum,
1130 3799 1226 3837 nec
1271 3786 1521 3853 negligat,
1564 3785 1668 3837 imo
1698 3785 1943 3840 omnibus
1994 3788 2169 3856 provi-

607 3875 746 3939 deat,
781 3889 1058 3929 accerscns
1088 3875 1368 3945 principes,
1394 3887 1587 3930 etcum
1617 3876 1720 3931 illis
1748 3892 2048 3932 sermonem
2078 3879 2171 3932 ha-

605 3968 755 4021 bens.
787 3967 847 4020 Et
874 3966 1219 4019 admiratione
1244 3967 1457 4033 dignata
1486 3976 1587 4032 est,
1613 3969 1879 4036 quomodo
1904 3969 1953 4021 in
1983 3985 2168 4024 neces-

605 4061 758 4113 sitate
790 4059 988 4127 positus
1019 4073 1203 4127 magna
1231 4058 1472 4127 quaedam
1498 4058 1563 4113 de
1592 4073 1651 4112 se
1679 4059 1910 4125 dicendi,
1950 4072 2171 4116 conetur

607 4150 861 4203 modestia
889 4150 979 4202 uti.
1006 4149 1146 4204 Sicut
1177 4152 1316 4203 enim
1337 4150 1549 4204 Samuel
1575 4151 1862 4205 traditurus
1889 4153 2167 4221 imperium

606 4242 772 4306 Sauli,
800 4240 994 4294 Judaeis
1014 4241 1141 4294 dicit
1166 4259 1178 4293 :
1214 4240 1351 4294 Num
1372 4243 1631 4311 quidpiam
1652 4260 1683 4295 a
1710 4243 1844 4296 vobis
1868 4245 2055 4314 accepi,
2085 4260 2169 4297 vos

608 4344 750 4386 testes
775 4336 891 4386 estis
919 4342 963 4385 et
992 4333 1125 4387 Deus
1152 4334 1227 4403 (1.
1256 4334 1380 4403 Reg.
1403 4334 1488 4387 l9.
1514 4333 1598 4403 5);
1622 4345 1674 4387 et
1701 4334 1864 4387 David
1890 4348 2008 4387 cum
2036 4335 2169 4390 ﬁdes

607 4442 712 4479 non
739 4425 1019 4479 haberetur
1039 4427 1108 4488 ei,
1138 4426 1238 4479 ait:
1266 4426 1329 4478 In
1352 4428 1466 4479 ovili
1492 4443 1629 4479 eram
1652 4444 1859 4496 pascens
1884 4445 1994 4483 oves
2014 4430 2169 4498 patris

604 4521 739 4583 mei;
779 4530 824 4571 ct
855 4536 966 4571 cum
1017 4521 1145 4571 uenit
1196 4537 1376 4584 ursus,
1445 4521 1674 4573 manibus
1716 4522 1881 4589 ipsum
1929 4524 2170 4593 discerpsi

604 4610 689 4673 (1.
721 4610 843 4680 Meg.
876 4612 960 4663 17.
991 4611 1076 4665 54.
1116 4610 1243 4678 5ὔ);
1275 4619 1326 4663 et
1371 4612 1484 4678 ipse
1528 4612 1719 4666 Paulus
1746 4612 2035 4668 Corinthiis
2061 4616 2164 4667 ait:

610 4700 864 4771 lnsipiens
886 4703 960 4771 fui
982 4720 998 4754 :
1028 4718 1110 4753 vos
1149 4719 1225 4755 me
1259 4703 1487 4773 coegistis
1513 4702 1588 4773 (9..
1619 4702 1736 4757 Cor.
1771 4704 1856 4758 12.
1892 4705 2000 4773 10).
2031 4707 2169 4759 Deus

604 4808 815 4862 quoque
857 4794 1079 4861 idipsnm
1111 4793 1251 4851 facit.
1296 4809 1402 4847 non
1442 4794 1757 4861 simpliciter
1794 4795 1861 4849 de
1890 4795 2063 4864 seipso
2091 4796 2172 4850 di-

606 4902 733 4940 cens
762 4903 775 4937 :
807 4886 899 4939 sed
928 4885 1136 4955 quando
1163 4886 1210 4940 ei
1242 4901 1349 4938 non
1382 4885 1631 4948 creditur,
1664 4887 1918 4941 beneficia
1949 4889 2166 4956 profert.

603 4974 739 5030 Vide
764 4992 889 5044 ergo
929 4976 1051 5045 quid
1085 4975 1169 5028 hic
1202 4977 1356 5030 iaciat
1386 4993 1398 5028 :
1453 4978 1623 5043 primo
1672 4977 1882 5030 illorum
1930 4979 2168 5031 testimo—

602 5069 746 5120 nium
775 5067 948 5133 παρη,
974 5084 1038 5120 ne
1065 5078 1216 5135 putes
1248 5069 1359 5121 lucc
1408 5068 1472 5121 ad
1502 5067 1689 5121 fastum
1722 5069 1845 5133 dici,
1875 5078 1927 5123 et
1955 5070 2167 5123 audito-

606 5173 691 5211 res
715 5158 976 5211 dictorum
1003 5171 1165 5213 testes
1188 5160 1432 5225 advocat,
1454 5161 1591 5229 quod
1618 5161 1835 5213 minime
1867 5162 1993 5228 ipsis
2022 5177 2166 5214 men-

603 5251 781 5302 tiatur.
834 5249 956 5302 [hec
1005 5251 1237 5304 doctoris
1290 5253 1460 5304 virtus
1505 5260 1607 5316 est,
1651 5252 1864 5320 quando
1907 5253 2165 5306 bonorum

602 5356 821 5407 operum
849 5348 1013 5393 testes
1039 5342 1193 5395 habet
1219 5341 1525 5410 discipulos.
1554 5343 1811 5412 Quodque
1842 5344 2033 5396 mirum
2063 5354 2163 5406 est,

601 5445 706 5484 non
726 5446 881 5483 unam
900 5442 953 5485 et
974 5432 1195 5485 alteram
1213 5433 1348 5487 diem
1372 5436 1422 5486 in
1446 5434 1545 5487 hoc
1563 5436 1866 5504 insumpsit,
1885 5437 1976 5489 sed
1999 5451 2168 5489 annos

602 5523 880 5591 plurimos.
921 5521 1016 5575 Vos
1043 5524 1171 5576 enim
1218 5526 1376 5585 scitis.
1404 5526 1594 5594 inquit,
1624 5528 1872 5595 quomodo
1916 5528 2169 5580 vobiscum

604 5629 694 5680 per
721 5630 866 5666 omne
896 5625 1093 5683 tempus
1120 5614 1318 5683 fuerint.
1351 5614 1479 5670 Vult
1521 5618 1677 5685 igitur
1707 5618 1849 5685 ipsos
1881 5617 2082 5671 hortari
2114 5627 2170 5672 ut

602 5705 811 5760 fortiter
832 5706 1000 5760 lerant
1033 5708 1230 5771 omnia,
1248 5720 1300 5761 et
1315 5709 1703 5776 separationem
1726 5724 1872 5762 suam
1891 5721 1943 5762 et
1964 5710 2167 5764 luturas

612 5799 962 5866 tentationes;
994 5806 1049 5852 ut
1069 5798 1135 5854 de
1156 5798 1333 5870 Moyse
1353 5809 1403 5855 et
1425 5800 1489 5855 de
1515 5799 1639 5855 Jesu
1666 5800 1908 5869 legimus.
1931 5799 1995 5853 Et
2020 5799 2160 5855 vide.

2274 2688 2398 2759 quid
2447 2689 2605 2743 addat
2656 2705 2671 2743 :
2721 2689 2984 2756 Quomodo
3040 2689 3291 2744 vobiscum
3342 2707 3431 2760 per
3476 2707 3616 2744 omne
3648 2701 3795 2754 tempus

2280 2781 2481 2849 fuerim,
2510 2781 2728 2834 serviens
2770 2781 2987 2835 Domino
3033 2796 3147 2833 cum
3192 2781 3330 2835 omni
3360 2783 3653 2834 humilitate.
3678 2780 3796 2845 Vide,

2278 2870 2402 2939 quid
2433 2873 2662 2926 maxime
2708 2872 2974 2941 principes
3003 2871 3228 2925 doceat:
3261 2870 3519 2935 0dientes,
3548 2873 3715 2941 inquit,
3736 2890 3797 2924 ss-

2278 2962 2520 3029 perbiam.
2555 2960 2606 3015 ld
2654 2961 2793 3032 quod
2837 2963 3065 3017 maxime
3108 2962 3430 3031 principibus
3477 2962 3726 3031 competit,
3751 2978 3798 3016 eo

2276 3052 2419 3123 quod
2466 3053 2716 3107 facillime
2744 3054 2796 3107 in
2844 3054 3200 3123 arrogantiam
3228 3054 3503 3108 tollantur.
3534 3053 3647 3108 Hac
3670 3055 3797 3107 virtus

2277 3152 2359 3198 est
2389 3144 2649 3198 bonorum
2675 3144 3003 3215 hypothesis,
3026 3155 3081 3197 ut
3103 3153 3155 3197 et
3179 3143 3418 3198 Christus
3439 3144 3672 3199 dicebat:
3691 3144 3798 3199 Beati

2275 3253 2521 3306 pauperes
2565 3235 2750 3306 spiritu
2782 3235 2989 3307 (Matth.
3034 3236 3086 3290 5.
3120 3234 3198 3305 5).
3228 3234 3334 3289 Nec
3361 3236 3557 3298 solum,
3584 3234 3701 3289 Cum
3724 3236 3794 3287 hu-

2277 3329 2520 3392 militate,
2540 3329 2673 3382 dixit
2695 3345 2708 3393 ;
2739 3329 2854 3394 sed,
2875 3328 2998 3383 Cum
3018 3330 3155 3382 omni
3181 3328 3483 3383 humilitate.
3508 3330 3674 3384 Multa:
3690 3329 3795 3384 enim

2274 3428 2397 3473 sunt
2422 3420 2626 3488 species
2668 3418 3015 3472 humilitatis:
3047 3428 3130 3472 est
3157 3418 3432 3473 humilitas
3480 3421 3533 3473 in
3567 3420 3728 3482 verbo,
3760 3419 3796 3470 in

2276 3523 2458 3578 opere,
2488 3523 2613 3579 erga
2660 3509 2945 3578 principes,
2990 3523 3116 3577 erga
3162 3508 3420 3562 subditos.
3458 3508 3625 3563 Vultis
3666 3509 3795 3562 dicam

2273 3602 2427 3656 vobis
2456 3599 2769 3655 humilitatis
2794 3599 3019 3653 modos?
3050 3600 3185 3654 Sunt
3208 3601 3293 3668 qui
3321 3615 3448 3669 erga
3479 3601 3691 3655 humiles
3706 3607 3799 3652 sunt

2277 3693 2525 3758 humiles,
2558 3708 2681 3761 erga
2712 3692 2965 3746 sublimes
3012 3706 3141 3746 vero
3189 3690 3447 3745 sublimes
3478 3708 3493 3745 :
3525 3691 3623 3745 hoc
3661 3700 3796 3743 autem

2278 3798 2381 3838 non
2405 3792 2487 3839 est
2518 3783 2807 3837 humilitas.
2832 3781 2966 3837 Sunt
2991 3784 3151 3837 etiam
3174 3783 3262 3836 alii
3290 3798 3394 3837 non
3422 3782 3582 3849 tales,
3605 3782 3689 3837 sed
3707 3797 3796 3849 erga

2277 3886 2527 3945 utrosque
2552 3873 2901 3929 humilitatem
2929 3883 2982 3927 et
3007 3874 3385 3930 sublimitatem
3416 3884 3632 3931 servant
3658 3891 3669 3927 :
3691 3871 3796 3943 quod

2276 3969 2434 4021 etiam
2483 3968 2711 4022 maxime
2755 3966 3067 4021 humilitatis
3094 3977 3200 4022 est.
3251 3967 3518 4021 Doctus-us
3556 3981 3676 4036 ergo
3711 3964 3797 4019 illos

2278 4060 2425 4124 talia,
2462 4068 2519 4113 ut
2547 4075 2616 4113 ne
2660 4058 2933 4113 videretur
2970 4068 3279 4128 arroganter
3305 4058 3509 4124 efferri,
3546 4059 3682 4129 prius
3712 4055 3795 4109 lun-

2276 4153 2579 4206 damentum
2612 4152 2780 4220 ponit,
2813 4152 3175 4220 suspicionem
3214 4150 3428 4204 tollens.
3465 4149 3599 4204 Nam
3637 4149 3677 4203 si
3710 4160 3793 4201 eum

2274 4242 2418 4297 omni
2449 4242 2745 4296 humilitate
2789 4243 2879 4307 lui,
2908 4242 3099 4310 inquit,
3140 4257 3242 4294 non
3270 4256 3333 4295 ex
3382 4241 3676 4310 arrogantia
3716 4238 3793 4290 hac

2277 4333 2415 4387 dico.
2444 4333 2646 4387 Deinde
2677 4332 3137 4387 mansuetudinem
3166 4332 3421 4386 declarat.
3452 4331 3719 4395 Vobiscum,
3739 4328 3795 4382 in-

2277 4430 2410 4498 quit,
2441 4429 2865 4497 fuerim,serviens
2895 4427 3129 4488 Domino,
3160 4426 3280 4479 illos
3309 4426 3436 4480 boni
3466 4426 3642 4494 operis
3666 4422 3796 4475 socios

2276 4517 2586 4573 ostendens.
2617 4518 2705 4571 Sic
2751 4517 2947 4584 ubique
2973 4517 3203 4571 societas
3228 4517 3367 4570 bona
3403 4525 3511 4570 est.
3536 4511 3797 4569 Communia

2276 4625 2403 4680 ergo
2440 4609 2562 4662 facit
2589 4608 2729 4662 bona
2758 4622 2941 4676 opera,
2972 4615 3026 4661 et
3056 4606 3185 4660 nihil
3221 4606 3321 4660 sibi
3352 4606 3539 4660 tribuit
3567 4603 3794 4659 eximium.

2276 4701 2413 4768 Quid
2441 4702 2606 4765 enim,
2634 4699 2883 4768 inquies?
2926 4714 2992 4751 an
3022 4709 3207 4753 contra
3238 4698 3403 4752 Deum
3432 4711 3680 4767 arrogans
3708 4705 3799 4746 esse

2276 4795 2480 4863 potuit?
2512 4792 2667 4859 Atqui
2695 4791 2846 4845 multi
2895 4799 3038 4854 sunt,
3067 4791 3155 4858 qui
3182 4798 3365 4843 contra
3405 4789 3555 4841 illum
3596 4797 3799 4852 arrogan-

2278 4895 2356 4938 tcs
2384 4895 2505 4939 sunt
2529 4901 2541 4937 :
2590 4884 2675 4937 hic
2704 4898 2832 4935 vero
2860 4896 2927 4935 ne
2953 4889 3135 4935 contra
3161 4880 3447 4948 discipulos
3477 4894 3601 4933 suos
3626 4874 3797 4945 quidem

2276 4991 2530 5045 arrogans
2551 4983 2685 5028 erat.
2710 4974 2821 5028 Hoc
2848 4973 3041 5026 bonum
3064 4970 3299 5025 doctoris
3319 4980 3401 5024 est
3426 4986 3583 5038 opus,
3603 4984 3661 5022 ex
3682 4965 3799 5018 bonis

2274 5067 2524 5135 operibus
2551 5067 2660 5119 suis
2685 5064 2975 5133 discipulos
3015 5063 3297 5117 moderari.
3329 5063 3535 5117 Deinde
3575 5056 3797 5115 fortitudi-

2278 5174 2395 5211 nem
2445 5174 2595 5210 suam
2644 5156 2892 5218 ostendit,
2936 5169 3093 5223 quam
3134 5154 3356 5222 carptim
3412 5153 3665 5221 praeterit.
3704 5147 3801 5199 Cum

2275 5250 2444 5303 multis
2487 5249 2723 5317 lacrymis
2767 5258 2810 5301 et
2846 5246 3212 5309 tentationibus,
3248 5261 3361 5315 quea
3398 5244 3529 5297 mihi
3556 5241 3801 5295 acciderunt

2276 5358 2338 5394 ea:
2366 5341 2564 5392 insidiis
2593 5339 2909 5391 Judczorum.
2944 5337 3127 5390 Viden'
3154 5336 3418 5405 quomodo
3447 5337 3516 5387 de
3555 5334 3704 5404 gestis
3724 5330 3800 5382 do-

2276 5433 2418 5486 leat?
2468 5432 2562 5485 llic
2592 5446 2718 5485 vero
2745 5430 3258 5483 commiserationem
3286 5443 3432 5480 suam
3463 5427 3668 5481 videtur
3690 5419 3801 5474 indi-

2272 5539 2395 5575 care
2428 5540 2437 5572 :
2471 5523 2731 5575 mmrebat
2758 5522 2899 5574 enim
2932 5535 3026 5589 pro
3056 5519 3415 5589 pereuntibus,
3452 5533 3551 5586 pro
3580 5516 3803 5569 facinoro-

2272 5616 2344 5667 sis
2378 5630 2391 5664 :
2442 5629 2559 5665 nam
2600 5613 2666 5666 de
2711 5612 2810 5665 sibi
2857 5612 3013 5665 illatis
3045 5610 3196 5663 malis
3228 5610 3515 5679 gaudebat.
3545 5608 3664 5661 Erat
3686 5602 3801 5657 enim

2271 5722 2335 5760 ex
2381 5706 2586 5759 illorum
2622 5706 2808 5771 choro,
2834 5704 2923 5774 qui
2968 5704 3285 5773 gaudebant,
3317 5703 3436 5771 quia
3481 5700 3623 5770 digni
3667 5692 3804 5750 habiti

2270 5806 2421 5851 erant
2447 5811 2542 5865 pro
2565 5798 2776 5851 nomine
2792 5795 2917 5850 Jesu
2942 5794 3315 5850 contumeliam
3339 5798 3446 5863 pati
3477 5791 3607 5863 (Act.
3632 5790 3681 5844 5.
3703 5781 3801 5854 ﬂ).
