4098 6354
553 259 660 315 309

551 369 792 423 αἰώνιον
813 367 1007 435 βάρος
1025 367 1212 435 δόξης
1232 365 1638 437 κατεργάζεται
1661 365 1824 436 ἡμῖν.
1864 367 2025 420 Ἀλλά
2042 365 2214 420 ταῦτα

552 456 698 524 λέγει
756 455 1080 528 μετριάζων.
1151 455 1414 509 Ἐνταῦθα
1458 454 1515 508 δὲ
1575 454 1845 508 δείκνυσιν
1897 453 2060 508 αὐτοῦ
2114 453 2214 525 τὴν

551 544 824 615 ἀνδρείαν,
883 547 976 598 καὶ
1023 543 1086 596 ού
1148 543 1397 596 τοσοῦτον
1450 543 1549 613 τὴν
1605 543 1883 613 ἀνδρείαν,
1945 543 2066 594 ὅσον
2114 541 2214 613 τὴν

553 633 833 702 ὑπομονήν
859 649 872 663 ·
927 633 1058 684 ὡσεὶ
1110 631 1325 699 ἔλεγεν·
1364 631 1643 699 Ἔπασχον
1689 629 1797 698 ἐγὼ
1840 631 2042 694 κακῶς,
2079 630 2216 686 ἀλλά

555 721 673 790 μεθ’
705 719 858 789 ὑμῶν
884 736 897 750 ⁸
940 720 1032 772 καὶ
1059 719 1120 771 τὸ
1155 719 1347 780 δεινὸν,
1387 719 1468 771 ὃτι
1501 718 1606 770 ὑπὸ
1645 718 1930 772 Ἰουδαίων.
1971 718 2077 771 Θέα
2124 734 2214 788 μοι

552 807 786 861 ἐνταῦθα
839 806 1164 879 χαρακτῆρα
1220 806 1604 870 διδασκαλίας’
1665 806 1761 860 καὶ
1833 806 1933 877 τὴν
1992 806 2214 875 ἀγάπην

551 896 733 966 τίθησι
776 897 870 948 καὶ
912 897 1010 964 τὴν
1067 895 1338 966 ἀνδρείαν.
1385 895 1482 959 Ὠς
1521 895 1700 948 οὐδὲν
1742 894 2210 962 ὑπεστειλάμην,

553 985 704 1054 φησί.
738 983 810 1034 Τὸ
866 983 1099 1052 ἄφθονον
1153 983 1394 1036 δείκνυσι
1445 983 1532 1036 διὰ
1591 983 1795 1036 τούτων
1833 981 1988 1053 ὁμοῦ,
2024 982 2116 1034 καὶ
2153 981 2213 1033 τὸ

549 1072 760 1125 ἄοκνον.
792 1070 898 1123 Καὶ
923 1069 1042 1122 τῶν
1072 1071 1518 1139 συμφερόντων.
1551 1070 1743 1133 Καλῶς
1781 1069 1952 1131 οὕτως
1983 1065 2135 1121 εἶπεν
2159 1081 2207 1108 ι·

546 1149 615 1224 ἧν
638 1153 744 1225 γάρ
774 1154 809 1207 ἃ.
838 1155 935 1207 οὐκ
982 1154 1088 1206 ἔδει
1141 1153 1350 1224 μαθεῖν.
1389 1153 1597 1223 Ὥσπερ
1634 1153 1690 1205 δὲ
1729 1152 1788 1204 τὸ
1824 1152 1946 1204 τινὰ
1970 1151 2212 1223 ἀποκρύ-

550 1241 796 1304 πτεσθαι,
839 1241 1067 1310 φθόνουο
1109 1239 1249 1293 οὕτω
1295 1241 1356 1293 τὸ
1393 1240 1572 1292 πάντα
1617 1240 1814 1307 λέγειν,
1870 1240 2072 1300 ἀνοίας.
2111 1238 2210 1292 Διά

545 1329 704 1382 τοῦτο
738 1329 1067 1400 προσέθηκε,
1104 1329 1224 1382 Τῶν
1250 1330 1697 1397 συμφερόντων,
1737 1328 1934 1398 δηλῶν,
1973 1329 2055 1381 ὅτι
2095 1328 2208 1380 Ούκ

545 1411 701 1470 εἶπον
751 1417 930 1487 μόνον,
992 1417 1127 1469 ἀλλά
1170 1417 1262 1468 καὶ
1301 1416 1544 1482 ἐδίδαξα·
1594 1416 1692 1484 οὐχ
1737 1415 1811 1477 ὠς
1862 1415 1992 1469 αὐτὸ
2049 1415 2208 1468 τοῦτο

544 1505 964 1575 ἀφοσιούμενος,
1003 1505 1188 1574 φησίν.
1225 1505 1349 1557 ’Ὀτι
1395 1505 1450 1556 δὲ
1487 1503 1643 1556 τοῦτο
1693 1504 1862 1573 δηλοῖ,
1927 1503 2090 1556 ἄκουε
2146 1503 2206 1556 τὸ

546 1593 676 1662 ἐξῆς
698 1610 713 1625 ο
755 1594 1001 1663 ἐπήγαγε
1035 1592 1142 1661 γάρ
1164 1607 1179 1622 ο
1213 1590 1482 1658 Δημοσίᾳ
1529 1589 1627 1643 καὶ
1675 1593 1802 1642 κατ’
1839 1591 2044 1653 οἴκους
2067 1605 2082 1618 ⁸
2109 1589 2206 1660 τὴν

549 1679 767 1751 μακρὰν
811 1679 1224 1749 ταλαιπωρίαν,
1283 1678 1377 1730 καὶ
1434 1678 1532 1749 τὴν
1583 1677 1782 1749 πολλὴν
1827 1678 2062 1747 σπουδὴν
2115 1679 2209 1730 καὶ

546 1767 642 1838 τὴν
680 1766 974 1838 καρτερίαν
1003 1765 1464 1835 ἐπιδεικνύμενος.
1493 1765 2033 1834 Διιιμαρτυρόμενος
2071 1765 2206 1817 Ἰου-

544 1853 736 1920 δαίοις
782 1871 846 1907 τε
894 1855 991 1907 καί
1024 1855 1334 1919 Ἕλλησιν.
1369 1855 1500 1923 Οὐχὶ
1549 1855 1684 1924 πρὸς
1717 1853 1881 1922 ὑμᾶς,
1913 1854 2066 1923 φησὶ.
2108 1854 2204 1922 μό-

543 1959 656 2003 νον,
693 1942 825 1995 ἀλλά
877 1941 971 1994 καὶ
1011 1941 1146 2012 πρὸς
1182 1941 1469 2011 Ἕλληνας.
1512 1940 1773 1994 Ἐνταῦθα
1816 1943 1848 2011 ἡ
1884 1942 2164 2011 παρρησία
2187 1959 2200 1972 ·

544 2027 696 2103 [552]
723 2032 817 2083 καὶ
846 2032 948 2092 ὅτι,
974 2029 1090 2082 Κάν
1118 2029 1282 2100 μηδὲν
1314 2028 1632 2098 ὡφελῶμεν,
1669 2029 1728 2081 λέ
1745 2046 1847 2097 τειν
1874 2029 1981 2081 δεῖ’
2011 2029 2070 2081 τὸ
2099 2030 2205 2100 γάρ

541 2115 1014 2187 διαμαρτύρασθαι
1043 2116 1198 2168 τοῦτό
1231 2118 1396 2180 ἐστιν,
1431 2117 1559 2168 ὅταν
1594 2115 1729 2186 πρὸς
1776 2116 1900 2178 τοὺς
1930 2117 2002 2186 μὴ
2041 2133 2200 2184 προσ-

542 2203 762 2273 έχοντας
796 2203 1062 2273 λέγωμεν·
1108 2202 1170 2255 τὸ
1211 2201 1317 2274 γὰρ
1355 2201 1846 2273 διαμαρτύρασθαι,
1896 2203 1970 2265 ὼς
2012 2203 2104 2255 ἐπὶ
2144 2202 2205 2254 τὸ

543 2288 677 2344 πολὺ
719 2289 877 2343 τοῦτό
936 2291 1073 2345 ἐστι.
1142 2289 1629 2359 Διαμαρτύρομαι,
1689 2291 1852 2360 φησὶν
1877 2292 1905 2342 ό
1942 2291 2201 2358 Μωῡσῆς,

539 2377 650 2432 τὸν
674 2377 934 2444 οὐρανὸν
961 2376 1058 2430 καὶ
1084 2375 1198 2444 τὴν
1232 2376 1382 2446 γῆν·
1417 2377 1510 2429 καὶ
1540 2375 1634 2429 νῦν
1671 2376 1852 2440 αὐτὸς,
1885 2379 2205 2446 Διαμαρτυ-

529 2464 787 2533 ρόμενος
818 2462 1123 2528 Ἰουδαίοις
1150 2479 1213 2516 τε
1243 2462 1340 2516 καί
1362 2463 1616 2530 Ἕλλησι
1647 2461 1762 2530 τὴν
1789 2464 1877 2529 είς
1915 2463 2022 2516 τὸν
2055 2464 2206 2517 Θεὸν

531 2549 879 2620 μετάνοιαν.

609 2638 757 2709 β¹.Τί
781 2637 1146 2709 διαμαρτύρῃς
1171 2637 1331 2690 Ὥστε
1363 2635 1478 2707 βίου
1492 2636 1916 2707 ἐπιμεληθῆναι.⁸
1938 2636 2076 2690 ὥστε
2105 2653 2201 2707 μει-

533 2725 794 2794 τανοῆσαι
843 2728 937 2777 καὶ
987 2724 1305 2795 προσελθεῖν
1349 2724 1428 2794 τῷ
1465 2725 1603 2796 Θεῷ.
1638 2726 1770 2778 Οὐδὲ
1819 2725 1927 2797 γὰρ
1963 2725 2202 2779 Ἰουδαῖοι

535 2812 734 2884 ᾔδεσαν
763 2811 946 2874 αὑτὸν,
985 2811 1073 2863 διά
1099 2829 1159 2863 τε
1204 2812 1296 2865 τὸν
1341 2811 1468 2864 Υίὸν
1500 2813 1731 2880 ἀγνοεῖν,
1765 2811 1853 2867 διά
1877 2831 1937 2866 τε
1966 2813 2036 2866 τὰ
2066 2813 2202 2884 ἔργα

535 2902 630 2955 καὶ
649 2901 830 2954 πίστιν
855 2900 928 2970 μὴ
956 2900 1098 2970 ἐχειν
1121 2902 1220 2973 τὴν
1241 2903 1321 2965 είς
1349 2902 1439 2954 τὸν
1460 2901 1663 2972 Κύριον
1678 2901 1904 2971 Ἰησοῦν.
1932 2902 2087 2965 Τίνος
2110 2898 2202 2955 οῦν

534 2989 720 3042 ἕνεκεν
741 2987 912 3042 ταῦτα
928 2988 1138 3056 λέγεις;
1166 2989 1310 3053 τίνος
1335 2990 1519 3042 ἕνεκεν
1538 2989 1708 3042 ταῦτα
1733 2990 2200 3060 ὑπομιμνήσκεις;

533 3076 588 3128 τί
621 3075 843 3144 γέγονες
888 3077 962 3147 μή
994 3093 1044 3129 τι
1071 3076 1214 3147 ἔχεις
1251 3076 1532 3144 ἐγκαλεῖν;
1567 3076 1839 3149 Πρότερον
1871 3077 2202 3140 κατασείσας

534 3161 712 3215 αὐτῶν
740 3163 838 3233 τὴν
867 3163 1123 3226 διάνοιαν,
1158 3164 1279 3216 τότε
1326 3164 1553 3231 ἐπάγειο
1606 3164 1716 3218 Καὶ
1756 3164 1874 3218 νῦν
1917 3163 2046 3218 ίδοὺ
2088 3163 2202 3233 ἐγὼ

533 3249 848 3319 δεδεμένος
879 3247 958 3316 τῷ
991 3253 1288 3320 Πνεύματι
1315 3253 1634 3320 πορεύομαι
1662 3253 1750 3317 είς
1783 3251 2196 3323 Ἰερουσαλὴμ,

534 3336 609 3390 τὰ
638 3337 707 3390 ἐν
732 3336 886 3406 αὐτῇ
913 3338 1383 3405 συναντήσοντὰ
1406 3356 1510 3408 μοι
1552 3337 1638 3408 μὴ
1679 3339 1850 3406 εὶδὼς
1869 3356 1883 3371 ·
1914 3340 2082 3409 πλὴν
2109 3341 2200 3396 ὅτι

533 3424 599 3478 τὸ
630 3424 871 3494 Πνεῦμὰ
907 3442 1008 3495 μοι
1037 3424 1102 3479 τὸ
1127 3425 1298 3496 ἅγιον
1329 3419 1479 3479 κατὰ
1517 3427 1698 3480 πόλιν
1725 3426 2196 3495 διαμαρτύρεται,

531 3512 734 3581 λόγον,
761 3514 847 3567 ὅτι
874 3513 1067 3582 δεσμὰ
1087 3532 1164 3582 με
1186 3515 1282 3568 καὶ
1303 3514 1542 3582 θλίψεις
1555 3514 1871 3584 μένουσιν.
1889 3516 2042 3570 Ἀλλ’
2062 3518 2201 3571 οὐδ-

533 3600 674 3666 ενὸς
709 3601 894 3668 λόγον
934 3602 1244 3670 ποιοῦμαι·
1302 3601 1444 3656 οὐδὲ
1480 3603 1598 3671 ἔχω
1629 3602 1744 3670 τὴν
1766 3603 1978 3672 ψυχὴν
2004 3606 2202 3673 τιμίαν

534 3687 787 3756 ἐμαυτῷ,
819 3688 898 3754 ὠς
934 3689 1246 3742 τελειῶσαι
1281 3688 1388 3742 τὸν
1416 3689 1638 3758 δρόμον
1661 3707 1780 3760 μου
1803 3692 1954 3760 μετὰ
1988 3692 2196 3761 χαρᾶς,

535 3775 632 3827 καὶ
660 3775 773 3842 τὴν
800 3775 1130 3838 διακονίαν,
1160 3775 1242 3843 ἢν
1262 3777 1482 3830 ἔλαϐον
1502 3779 1662 3846 παρὰ
1695 3780 1799 3833 τοῦ
1837 3781 2056 3847 Κυρίου
2085 3781 2198 3848 Ἰηο

533 3861 671 3926 σοῦ,
698 3863 1198 3934 διαμαρτύρασθαι
1226 3864 1293 3917 τὸ
1313 3865 1681 3934 Εὑαγγέλιον
1704 3867 1812 3935 τῆς
1841 3866 2076 3938 χάριτος
2092 3867 2198 3921 τοῦ

537 3951 704 4006 Θεοῦ.
739 3952 836 4004 Διά
865 3951 1105 4006 τίταῦτα
1127 3953 1307 4021 λέγεις
1362 3954 1842 4025 Παρασκευάζωνδ
1876 3956 2072 4018 αὐτοὺς
2114 3955 2200 4009 ἀεὶ

535 4038 783 4109 ἑτοίμους
809 4035 945 4092 εἷναι
979 4041 1112 4111 πρὸς
1151 4042 1427 4105 κινδύνους
1460 4043 1553 4095 καὶ
1584 4043 1774 4112 δήλους
1827 4044 1921 4096 καὶ
1945 4042 2196 4114 ἀδήλους,

535 4126 632 4179 καὶ
665 4127 844 4179 πάντα
872 4127 948 4198 τῷ
977 4128 1252 4199 Πνεύματι
1283 4130 1584 4184 πείθεσθαι.
1611 4131 1859 4186 Δείκνυσι
1888 4133 1967 4197 δὲ,
1995 4135 2076 4188 ὅτι
2104 4135 2198 4189 ἐπὶ

538 4213 794 4283 μεγάλοις
820 4215 1106 4282 ἀπάγεται.
1161 4217 1335 4283 Πλὴν
1383 4217 1471 4271 ὅτι
1517 4219 1584 4270 τὸ
1623 4219 1862 4289 Πνεῦμα
1881 4240 2000 4289 μοι,
2043 4224 2195 4294 φησὶ,

535 4300 603 4353 τὸ
662 4300 832 4369 ἅγιον
876 4307 1025 4355 κατὰ
1072 4304 1255 4356 πόλιν
1296 4305 1765 4373 διαμαρτύρεται,
1815 4310 2014 4378 λέγον.
2077 4312 2197 4367 Ἵνα

534 4387 705 4458 δείξῃ,
735 4389 813 4440 ὅτι
846 4387 985 4440 ἑκὼν
1006 4390 1320 4460 ἀπέρχεται,
1354 4393 1445 4445 καὶ⁸
1473 4393 1556 4445 ἵνα
1582 4395 1656 4464 μὴ
1677 4395 1873 4465 δεσμὸν
1898 4398 2195 4470 ἢάνάγκην

535 4475 785 4544 νομίσῃς,
820 4476 879 4528 τὸ
916 4479 1073 4529 Κατὰ
1101 4477 1282 4529 πόλιν
1309 4473 1481 4532 εἶπεν.
1518 4478 1650 4533 Εἶτα
1701 4483 1914 4552 ἐπάγει,
1959 4486 2041 4539 ὅτι
2073 4489 2195 4541 Οὐκ

533 4564 651 4634 ἔχω
682 4565 877 4630 τιμίαν
909 4563 1022 4630 τὴν
1071 4565 1328 4632 ἐμαυτοῦ
1371 4568 1600 4635 ψυχὴν,
1637 4570 1716 4636 ὡς
1745 4573 2049 4626 τελειῶσαι
2090 4576 2196 4628 τὸν

532 4651 752 4719 δρόμον
777 4669 895 4719 μου
916 4653 1065 4719 μετὰ
1085 4653 1292 4720 χαρᾶς.
1322 4655 1419 4708 καὶ
1459 4655 1571 4723 τὴν
1594 4657 1921 4726 διακονίαν,
1958 4660 2036 4728 ἢν
2059 4663 2196 4716 ἕλα-

535 4742 641 4793 ϐον
670 4743 830 4807 παρὰ
861 4741 967 4794 τοῦ
1006 4743 1224 4811 Κυρίου
1243 4745 1466 4810 Ἰησοῦ.
1487 4747 1648 4818 Ὀρᾷς
1679 4750 1760 4800 ὅτι
1790 4751 1889 4802 οὐκ
1924 4752 2193 4822 ἀποδυρο-

534 4828 696 4897 μένου
730 4825 797 4900 ἦν
822 4830 891 4882 τὰ
938 4831 1178 4901 ῥήματα,
1215 4833 1349 4886 ἀλλά
1385 4835 1762 4904 μετριάζοντος
1790 4838 1884 4890 καὶ⁵
1913 4839 2194 4892 παιδεύον-

528 4933 620 4979 τος
668 4919 906 4981 ἐκείνους
945 4925 1038 4972 καὶ
1079 4923 1490 4991 συμπάσχοντος
1533 4926 1645 4982 τοῖς
1687 4927 2030 4995 γινομένοις;
2076 4927 2192 4982 Οὐκ

529 4999 703 5066 εἶπεν,
751 5006 834 5058 ὅτι
881 5006 1192 5076 Ἀλγῶμεν,
1233 5009 1444 5078 ἀνάγκη
1494 5011 1548 5063 δὲ
1607 5012 1822 5081 φέρειν·
1887 5015 2003 5068 ἀλλ’
2045 5018 2187 5077 οὐδὲ,

541 5088 833 5158 Ἦγοῦμαι.
855 5092 1026 5144 Τοῦτο
1043 5095 1202 5147 πάλιν
1220 5095 1388 5163 λέγει,
1410 5097 1508 5150 οὐκ
1535 5110 1554 5135 ε
1581 5099 1822 5172 ἐπαίρων
1845 5101 2054 5166 ἑαυτὸν,
2077 5105 2192 5157 ἀλλ’

530 5177 770 5238 ἐκείνους
801 5178 1086 5239 διδάσκων,
1127 5181 1214 5234 διὰ
1244 5184 1339 5252 μὲν
1367 5183 1476 5236 τῶν
1508 5189 1786 5257 προτέρων
1814 5189 1912 5259 τὴν
1950 5203 2191 5245 ταπεινο-

530 5263 824 5334 φροσύνην,
854 5264 942 5318 διὰ
981 5266 1036 5319 δὲ
1061 5267 1266 5322 τούτων
1287 5269 1383 5341 τὴν
1405 5273 1674 5342 ἀνδρείαν,
1716 5275 1810 5346 τὴν
1845 5279 2153 5349 παρρησίαν
2174 5297 2186 5310 ·

529 5349 662 5437 ὡσεί
683 5350 866 5418 ἔλεγεν
886 5368 898 5381 ο
933 5353 1005 5405 Οὐ
1035 5354 1172 5422 φιλῶ
1205 5357 1372 5428 αὐτὴν
1408 5360 1514 5430 πρὸ
1537 5361 1740 5430 ταύτης
1761 5381 1773 5393 ·
1801 5367 2190 5437 προτιμότερον

529 5436 768 5508 ἡγοῦμαι
787 5439 846 5492 τὸ
872 5439 1091 5495 τελέσαι
1116 5442 1207 5496 τὸν
1233 5444 1450 5514 δρόμον,
1473 5447 1533 5499 τὸ
1560 5449 2049 5522 διαμαρτύρασθαι.
2085 5436 2188 5507 Καὶ

525 5525 629 5579 οὐκ
657 5521 800 5591 εἷπε,
833 5527 1101 5599 Κηρῦξαι.
1132 5530 1378 5596 Διδάξαιο
1407 5532 1543 5588 ἀλλά
1567 5538 1648 5599 τί;
1682 5521 2186 5608 Διομιιρτύρασθαι

528 5615 597 5668 τὸ
617 5615 982 5685 Euhan-Utor
1006 5616 1114 5687 τῆς
1135 5618 1376 5688 χάριτος
1405 5623 1512 5677 τοῦ
1545 5626 1712 5679 Θεοῦ.
1746 5628 1944 5682 Μέλλει
1984 5647 2037 5683 τι
2067 5647 2190 5702 φορ-

591 5737 618 5767 ⁸
643 5736 776 5811 Ηαξε,
801 5743 959 5798 καλῶς
979 5745 1130 5811 οὕτως
1158 5748 1303 5807 εἶπεν,
1323 5748 1505 5799 desunt
1525 5753 1570 5797 in
1595 5765 1691 5799 uno
1714 5751 1828 5800 Cod.
1895 5755 1924 5794 ιι
1950 5754 2065 5811 Alii,
2111 5757 2189 5805 διὰ

529 5799 770 5876 τίτὶφησὶκ
793 5808 1181 5876 παρασκευάζων.
1251 5813 1274 5842 ε
1291 5799 1506 5873 Ὀυίόειιη
1534 5826 1669 5873 τινες,
1708 5813 1932 5876 ἡγοῦμαι.
1950 5799 2185 5868 tif-353;;

532 5863 674 5910 πάλιν
723 5865 810 5913 οὐκ
843 5863 1091 5929 ἐπαίρων.
1311 5863 1338 5873 ’
1659 5863 1669 5873 ’
1730 5863 1763 5876 ”
1832 5865 1842 5879 ³

1289 254 1348 311 S.
1390 253 1673 312 JOANNIS
1707 252 2197 312 CIIRYSOSTOMI
2232 249 2553 310 ARCIIIEP.
2593 250 3137 312 CONSTANTINOP.

3819 255 3905 318 310

2317 366 2610 438 τικώτερον
2639 368 2838 437 λέγειν,
2887 369 2969 422 ὅτι
3000 365 3264 436 Καθαρὸς
3291 365 3405 438 ἐγὼ
3443 367 3558 422 ἀπὸ
3581 368 3681 424 τοῦ
3705 371 3906 440 αἳματος

2317 455 2587 509 πάντων·
2644 456 2730 509 διὰ
2785 455 2942 509 τοῦτο
2982 456 3501 526 προκατασκευάζει,
3534 455 3624 509 καὶ
3665 455 3905 524 δείκνυσιν,

2315 544 2397 597 ὅτι
2426 543 2576 596 οὐδὲν
2603 542 2930 598 ἐλλείπεται.
2959 542 3112 595 Ἐπεὶ
3149 538 3241 595 οῦν
3263 542 3480 613 ἔμελλεν
3513 543 3682 608 αὐτοῖς
3710 546 3905 600 ἐπιτιθέ-

2312 649 2399 683 ναι
2429 631 2490 682 τὸ
2516 629 2679 701 βάρος
2697 631 2841 683 ἆπαν
2861 630 2955 682 καὶ
2973 629 3034 682 τὸ
3053 628 3288 700 φορτίον,
3312 629 3568 698 πρότερον
3594 631 3908 700 κατεμάλαξεν

2311 719 2490 772 αὐτῶν
2516 721 2612 788 τὴν
2644 718 2903 782 διάνοιαν,
2932 717 3131 785 λέγων·
3184 717 3294 771 Καὶ
3339 717 3456 770 νῦν
3486 717 3612 769 ίδοὺ
3645 717 3750 787 ἐγὼ
3786 715 3908 778 οῖδα,

2311 808 2526 860 ὅτιούκ
2547 807 2631 858 ἔτι
2661 807 2889 874 ὄψεσθε
2917 804 2985 857 τὸ
3015 805 3339 873 πρόσωπόν
3370 821 3509 872 μου.
3549 799 3675 856 Εἶτα
3703 804 3808 857 τότε
3831 807 3908 860 ἐπ-

2311 894 2486 965 ήγαγε
2521 894 2603 953 τὸ,
2644 892 2914 960 Καθαρὸς
2957 891 3072 960 ἐγὼ
3096 890 3211 945 ἀπὸ
3264 891 3369 944 τοῦ
3419 890 3657 958 αἵματος
3693 891 3905 948 πάντων.

2309 980 2478 1050 Διπλῆ
2509 982 2542 1049 ὴ
2573 979 2716 1050 λύπη
2739 993 2754 1008 ⁸
2806 979 2866 1030 τό
2889 995 2970 1038 τε,
3008 978 3082 1030 Τὸ
3107 977 3394 1048 πρόσωπον
3421 976 3580 1029 αὑτοῦ
3599 977 3691 1028 οὐκ
3718 976 3789 1028 ἔτι
3809 978 3909 1046 ὅψε-

2309 1068 2452 1132 σθαι,
2507 1068 2599 1120 καὶ
2655 1066 2736 1128 τὸ,
2797 1066 3004 1127 Αὐτοὺς
3049 1065 3275 1128 πάντας.
3314 1067 3436 1117 Οὐκ
3483 1064 3570 1118 ἔτι
3615 1063 3734 1134 γὰρ,
3760 1066 3909 1135 φησὶν,

2308 1153 2533 1220 ὄψεσθε
2567 1152 2634 1205 τὸ
2663 1153 2988 1219 πρόσωπόν
3018 1169 3136 1220 μου
3168 1151 3335 1220 ὑμεῖς
3379 1149 3617 1213 πάντες,
3646 1149 3710 1202 ἐν
3734 1145 3812 1215 οίς
3843 1150 3911 1202 δι-

2306 1239 2497 1308 ῆλθον
2523 1242 2849 1308 κηρύσσων
2885 1239 2998 1306 τὴν
3030 1239 3377 1303 ⁶βασιλείαν.
3410 1237 3570 1290 Ὥστε
3588 1236 3788 1300 εἰκότως
3819 1237 3910 1289 δια·
4017 1241 4020 1244 ’

2309 1328 2654 1400 μαρτύρομαι
2712 1327 2861 1398 ύμῖν,
2917 1327 3012 1380 ἆτε
3071 1326 3265 1395 μηκέτι
3330 1323 3766 1393 παραγινόμενος,
3815 1323 3912 1376 Ὀτι

2305 1415 2562 1482 καθαρός
2605 1414 2719 1482 ἐγὼ
2775 1413 2926 1485 1555]
2971 1413 3092 1467 ἀπὸ
3138 1411 3244 1465 τοῦ
3282 1412 3528 1480 αἵματος
3574 1410 3810 1464 πάντων.
3848 1412 3911 1464 οὐ

2305 1504 2414 1572 γὰρ
2445 1502 2891 1570 ὑπεστειλάμην
2937 1501 3042 1555 τοῦ
3082 1501 3167 1569 μὴ
3201 1497 3548 1568 ἀναγγεῖλαι
3577 1498 3710 1567 ὑμῖν
3746 1496 3912 1551 πᾶσαν

2302 1591 2418 1659 τὴν
2438 1591 2684 1657 ,βουλὴν
2706 1590 2812 1644 τοῦ
2859 1589 3026 1645 Θεοῦ.
3063 1590 3227 1659 Ὁρᾷς
3249 1587 3364 1648 πῶς
3394 1586 3569 1656 φοϐεῖ,
3604 1586 3689 1639 καὶ
3715 1601 3911 1654 πεπονηο

2307 1679 2471 1748 μένας
2517 1677 2696 1730 αὐτῶν
2746 1677 2844 1740 τὰς
2881 1675 3056 1746 ψυχὰς
3101 1677 3194 1729 καὶ
3253 1674 3614 1744 τεθλιμμένας
3659 1671 3912 1742 ὲπιτρίῦεις

2303 1765 2518 1828 Καλῶς,
2547 1766 2626 1818 ὅτι
2663 1765 2957 1832 ἀναγκαῖον
2993 1759 3080 1833 ἦν.
3117 1764 3198 1816 Ob
3243 1763 3356 1832 γὰρ
3383 1759 3807 1828 ὑπεστειλάμην
3830 1758 3914 1812 τοῦ

2297 1852 2383 1922 μὴ
2409 1852 2754 1921 ἀναγγεῖλαι
2798 1851 2961 1920 ὑμῖν,
2989 1851 3144 1920 φησὶ,
3175 1849 3386 1904 πᾶσαν
3429 1849 3543 1916 τὴν
3576 1847 3800 1915 ,ϐουλὴν
3831 1846 3913 1900 τοῦ

2305 1940 2473 1994 Θεοῦ.
2513 1941 2653 2011 Ἀρα
2688 1940 2717 1992 ό
2763 1939 2836 2010 μὴ
2862 1938 3056 2006 λέγων,
3101 1936 3404 2000 ὑπεύθυνός
3432 1937 3547 1988 ἐστι
3577 1936 3666 1989 τοῦ
3694 1935 3913 2005 αἵματος·

2300 2029 2565 2092 τουτέστι,
2596 2027 2694 2097 τῆς
2720 2025 2950 2095 σφαγῆς.
2992 2025 3157 2078 Οὐδὲν
3188 2023 3382 2077 τούτου
3425 2022 3794 2094 φοϐερώτερον.
3819 2020 3914 2074 Δεί-

2301 2132 2505 2178 κνυσιν,
2534 2117 2624 2168 ὅτι
2648 2115 2910 2174 κάκεῖνοι,
2930 2113 2994 2166 ἂν
3028 2113 3102 2182 μὴ
3133 2109 3386 2177 ποιῶσιν,
3428 2110 3710 2164 ὑπεύθυνοί
3729 2112 3820 2162 εἱσι
3841 2108 3912 2160 τοῦ

2301 2203 2548 2273 αἵματος.
2581 2202 2691 2255 Καὶ
2716 2202 2862 2253 δοκεῖ
2894 2200 2992 2270 μὲν
3015 2199 3423 2268 ἀπολογεῖσθαι,
3454 2199 3683 2262 ἐκείνους
3702 2199 3751 2251 δὲ
3773 2197 3911 2266 φοϐεῖ.

2298 2289 2630 2358 Προσέχετε
2639 2283 2749 2344 οὖν
2764 2287 2996 2352 ἑαυτοῖς
3010 2287 3102 2340 καί
3121 2286 3294 2341 παντὶ
3308 2287 3390 2353 τῷ
3403 2277 3781 2359 ποιμνίῳ,ἐνῷ
3792 2283 3916 2354 ὑμᾶς

2298 2379 2364 2430 τὸ
2385 2377 2626 2445 Πνεῦμα
2649 2377 2712 2430 τὸ
2733 2376 2903 2445 ἅγιον
2922 2373 3089 2429 ἔθετο
3110 2375 3486 2441 ἐπισκόπους
3507 2371 3913 2443 ποιμαίνειντὴν

2300 2466 2661 2532 Ἐκκλησίαν
2709 2464 2816 2518 τοῦ
2879 2463 3048 2525 Θεοῦ,
3086 2462 3167 2529 ἢν
3197 2462 3655 2531 περιεποιήσατο
3704 2459 3913 2516 διὰ.τοῦ

2301 2551 2452 2606 ίδίου
2481 2555 2744 2621 αἵματος.
2797 2551 2992 2623 Ὀρᾷς;
3047 2549 3141 2602 δύο
3181 2550 3535 2620 προσέταξεν.
3590 2549 3718 2603 Οῦτε
3751 2544 3830 2603 οὖν
3865 2545 3913 2600 τὸ

2300 2639 2518 2710 ἐτέρους
2547 2639 2844 2712 κατορθοῦν
2878 2639 3036 2709 μόνον
3061 2638 3172 2709 ἔχει
3199 2655 3253 2690 τι
3284 2639 3476 2710 κέρδος
3495 2638 3789 2711 (Φοϐοῦμαι
3808 2635 3910 2707 γὰρ,

2301 2726 2455 2796 φησὶ,
2476 2723 2560 2793 μή
2609 2742 2733 2790 πως
2757 2725 2968 2792 ἄλλοις
2996 2725 3262 2791 κηρύξας
3300 2727 3486 2792 αὐτὸς
3537 2726 3795 2794 ἀδόκιμος
3839 2720 3913 2792 τιέ-

2298 2811 2527 2882 νωμαι),
2571 2812 2692 2864 οῦτε
2734 2812 2798 2865 τὸ
2827 2811 3020 2865 ἐαυτοῦ
3070 2813 3230 2882 μόνον
3279 2812 3676 2883 ἐπιμελεῖσθαι.
3730 2811 3783 2864 '0
3827 2809 3912 2879 γὰρ

2298 2900 2536 2962 τοιοῦτος
2564 2899 2814 2968 φίλαυτος
2859 2901 2954 2953 καὶ
3002 2899 3065 2952 τὸ
3096 2899 3289 2953 ἑαυτοῦ
3331 2899 3488 2972 ζητεῖ
3516 2900 3690 2970 μόνον,
3717 2898 3802 2952 καὶ
3835 2894 3909 2949 τοῦ

2297 2988 2358 3040 τὸ
2385 2987 2644 3041 τάλαντον
2672 2985 3086 3058 καταχώσαντος
3123 2987 3235 3050 ἴσος
3264 2988 3407 3041 ἐστί.
3449 2987 3627 3042 Ταῦτα
3650 2986 3801 3054 λέγει,
3835 2982 3913 3036 οὐκ

2298 3075 2487 3146 ἐπειδὴ
2518 3075 2885 3145 προτιμοτέρα
2921 3076 2955 3145 ή
2983 3074 3228 3144 ἡμετέρα
3281 3076 3529 3147 σωτηρία
3555 3074 3641 3129 τοῦ
3683 3069 3909 3143 ποιμνίου,

2297 3163 2413 3216 ἀλλ’
2457 3162 2662 3233 ἐπειδὴ,
2710 3163 2838 3216 ὅταν
2889 3165 3098 3227 ἑαυτοῖς
3149 3164 3528 3236 προσέχωμεν,
3585 3164 3698 3217 τότε
3744 3160 3824 3214 καὶ
3864 3156 3911 3212 τὸ

2299 3251 2544 3322 ποίμνιον
2584 3251 2872 3322 κερδαίνει.
2916 3253 3019 3305 Ἐν
3040 3245 3088 3318 ᾧ
3119 3251 3274 3322 ὑμᾶς
3313 3253 3387 3307 τὸ
3425 3252 3657 3321 Πνεῦμα
3681 3249 3740 3303 τὸ
3775 3248 3911 3318 ἅγιον

2296 3340 2462 3394 ἔθετο
2507 3339 2879 3405 ἐπισκόπους
2917 3339 3251 3408 ποιμαίνειν
3291 3341 3415 3408 τὴν
3455 3339 3797 3405 Ἐκκλησίαν
3826 3332 3910 3387 τοῦ

2300 3427 2466 3482 Θεοῦ.
2495 3427 2633 3498 Ὅρα
2667 3428 2824 3481 πόσαι
2855 3427 3091 3495 ἀνάγκαι
3112 3427 3164 3482 δ.
3209 3429 3371 3500 Παρά
3406 3428 3498 3482 τοῦ
3532 3426 3816 3497 Πνεύματος
3831 3420 3910 3491 τὴν

2297 3515 2625 3586 χειροτονίαν
2663 3515 2836 3587 ἔχετε,
2871 3515 3035 3587 φησί·
3075 3515 3233 3568 τοῦτο
3277 3517 3392 3586 γάρ
3438 3516 3552 3568 ἐστι
3600 3514 3677 3580 τὸ,
3715 3512 3906 3565 Ἕθετο.

2297 3605 2409 3657 Μία
2439 3603 2576 3675 αῦτη
2605 3605 2816 3674 ἀνάγκη
2838 3619 2852 3633 ο
2909 3598 3046 3662 εἶτα,
3079 3603 3428 3673 Ποιμαίνειν
3458 3603 3570 3672 τὴν
3595 3597 3912 3665 Ἐκκλησίαν

2296 3691 2402 3744 τοῦ
2431 3691 2598 3745 Θεοῦ.
2646 3690 2772 3742 Ἰδοὺ
2809 3691 2901 3744 καὶ
2925 3690 3151 3760 δευτέρα
3170 3706 3183 3720 ·
3221 3692 3315 3744 καὶ
3344 3691 3525 3762 τρίτη,
3548 3691 3651 3744 Ἦν
3680 3700 3820 3758 φησιν
3842 3682 3909 3736 ὅτι

2298 3778 2758 3844 περιεποιήσατο
2789 3777 2886 3831 διὰ
2917 3779 3023 3831 τοῦ
3055 3778 3210 3832 ίδίου
3225 3779 3499 3846 αἵματος.
3549 3777 3678 3831 Πολῦ
3713 3773 3908 3827 δείκνυσι

2297 3864 2365 3917 δι’
2392 3859 2465 3917 ὧν
2493 3861 2611 3920 εἷπε
2640 3866 2817 3934 τίμιον
2856 3865 2918 3918 τὸ
2947 3866 3198 3936 πρᾶγμα,
3229 3867 3324 3919 καὶ
3349 3868 3432 3919 ὅτι
3457 3867 3553 3936 οὐχ
3581 3865 3706 3933 ὑπὲρ
3731 3855 3906 3930 μικρῶν

2296 3952 2324 4005 ό
2347 3952 2605 4015 κίνδυνος,
2635 3953 2688 4005 εί
2710 3969 2770 4020 γε
2791 3955 2816 4005 ό
2833 3953 3109 4023 Δεσπότης
3128 3952 3267 4023 ὑπὲρ
3294 3951 3716 4024 τῆςῈκκλησίας
3736 3957 3773 4011 ο,
3801 3941 3902 3996 οὑδὲ

2294 4039 2388 4093 τοῦ
2418 4041 2644 4111 αἵματος
2672 4041 2922 4108 ἐφείσατο
2941 4040 3034 4092 τοῦ
3065 4040 3278 4105 ἑαυτοῦ,
3309 4043 3473 4111 ἡμεῖς
3488 4042 3543 4094 δὲ
3561 4040 3653 4110 τῆς
3673 4035 3762 4089 τῶν
3776 4029 3902 4085 ἀδελ-

2297 4127 2411 4196 φῶν
2471 4128 2740 4200 σωτηρίας
2793 4127 3258 4198 καταφρονοῦμεν.
3317 4130 3431 4183 Καὶ
3464 4131 3660 4190 ἐκεῖνος
3707 4123 3788 4194 μὲν
3830 4117 3904 4170 ἵνα

2296 4215 2522 4287 ἐχθροὺς
2551 4216 2880 4288 καταλλάξῃ,
2923 4216 3016 4268 καὶ
3043 4214 3102 4268 τὸ
3136 4211 3276 4285 αἷμα
3297 4216 3513 4287 ἐξέχεεο
3545 4216 3606 4269 σὺ
3634 4213 3683 4265 δὲ
3706 4207 3808 4262 οὐδὲ
3836 4204 3907 4273 cp!-

2295 4302 2419 4367 λους
2480 4304 2804 4373 γενομένους
2867 4303 3068 4374 ίσχύεις
3127 4306 3444 4372 κατασχεῖν.
3492 4303 3636 4374 Ἐγὼ
3675 4299 3770 4370 γὰρ
3798 4289 3909 4348 οἶδα

2295 4391 2490 4454 τοῦτο,
2516 4390 2604 4443 ὅτι
2625 4393 3074 4444 εἰσελεύσονται
3099 4389 3249 4460 μετὰ
3273 4391 3388 4458 τὴν
3409 4391 3615 4461 ἄφιξίν
3633 4404 3739 4458 μου
3762 4383 3908 4438 λύκοι

2289 4477 2498 4546 βαρεῖς
2523 4481 2608 4543 εἰς
2644 4477 2816 4546 ὑμᾶς,
2836 4478 2922 4546 μὴ
2949 4477 3282 4546 φειδόμενοι
3306 4477 3414 4532 τοῦ
3437 4477 3720 4548 ποιμνίου.
3767 4467 3907 4523 Πάλιν

2294 4567 2511 4621 ἄλλοθεν
2547 4568 2745 4630 αὐτοὺς
2771 4569 3086 4638 ἐπιστρέφει
3125 4568 3232 4620 ἀπὸ
3275 4569 3386 4622 τῶν
3416 4567 3710 4639 ἐσομένων
3750 4559 3908 4624 ὥσπερ

2294 4656 2422 4708 ὅταν
2465 4655 2698 4725 ἀλλαχοῦ
2752 4655 2885 4728 λέγῃ
2909 4672 2923 4687 ·
2985 4657 3104 4710 Οὐκ
3136 4657 3306 4710 ἐστιν
3349 4656 3496 4727 ἡμῖν
3523 4657 3561 4725 ἡ
3611 4650 3758 4716 πάλη
3785 4643 3909 4713 πρὸς

2293 4739 2432 4812 αἷμα
2459 4743 2556 4796 καὶ
2585 4743 2799 4812 σάρκα.
2825 4745 2951 4797 Ὅτι
2977 4746 3448 4809 εἰσελεύσονται,
3484 4744 3633 4814 φησὶ,
3657 4736 3789 4809 μετά
3815 4731 3910 4798 τὴν

2293 4831 2499 4900 ἄφιξίν
2523 4850 2641 4899 μου
2670 4833 2840 4885 λύκοι
2863 4831 3073 4899 ,ϐαρεῖς
3098 4835 3184 4898 είς
3215 4830 3388 4902 ὑμᾶς.
3418 4830 3644 4885 Διπλοῦν
3667 4827 3722 4880 τὸ
3747 4820 3904 4880 κακὸν.

2291 4920 2372 4972 ὅτι
2423 4937 2483 4972 τε
2522 4920 2684 4982 αὐτὸς
2735 4921 2794 4972 ού
2828 4921 3081 4990 πάρεστι,
3115 4921 3210 4973 καὶ
3241 4921 3323 4973 ὅτι
3353 4920 3530 4989 ἕτεροι
3580 4916 3904 4984 ἐπιθήσονται.

2291 5008 2356 5060 Τί
2387 5003 2479 5062 οὖν
2507 5008 2742 5079 ἀπέρχῃ,
2774 5008 2822 5059 εί
2851 5007 3006 5060 τοῦτο
3033 5008 3317 5078 προοίδας;
3362 5009 3436 5061 Τὸ
3483 5003 3701 5075 Πνεῦμά
3743 5015 3802 5070 με
3833 4995 3909 5048 ελ·

2291 5114 2397 5159 κει,
2431 5095 2583 5165 φησί.

2361 5191 2430 5253 γ’.
2455 5185 2560 5236 Καὶ
2591 5185 2689 5253 δρα
2713 5199 2726 5212 ·
2749 5183 2844 5252 οὐχ
2863 5181 3045 5245 ἁπλῶς
3078 5178 3218 5247 εἷπε,
3243 5184 3448 5248 Λύκοι,
3466 5181 3597 5236 ἀλλά
3619 5174 3905 5249 προσέθηκε.

2292 5273 2522 5341 Βιιρεῖς,
2551 5273 2613 5324 τὸ
2637 5271 2862 5342 σφοδρὸν
2892 5270 3066 5323 αὐτῶν
3094 5271 3186 5324 καὶ
3217 5270 3410 5341 ἰταμὸν
3436 5269 3795 5338 αἰνιττόμενος·
3828 5257 3906 5312 καὶ

2291 5364 2350 5418 τὸ
2381 5365 2776 5434 χαλεπώτερον,
2815 5363 2895 5416 ὅτι
2935 5363 3131 5425 αὐτοὺς
3163 5363 3383 5425 τούτους
3415 5360 3475 5425 ἐξ
3500 5358 3671 5414 αὐτῶν
3703 5349 3906 5417 ἀναστή-

2292 5453 2479 5506 σεσθαι
2514 5452 2692 5522 λέγει·
2728 5453 2756 5504 ὃ
2781 5454 2872 5505 καὶ
2904 5451 3106 5521 σφόδρα
3143 5453 3258 5504 ἐστὶ.
3301 5451 3459 5523 βαρὺ,
3487 5451 3610 5503 ὅταν
3641 5445 3728 5501 καὶ
3758 5437 3907 5513 ἐμφύ·

2289 5542 2400 5604 λιος
2430 5543 2458 5593 ό
2482 5541 2715 5609 πόλεμος
2837 5541 2946 5592 Καὶ
2975 5539 3152 5604 καλῶς
3185 5535 3326 5605 εἷπε,
3354 5538 3697 5605 Προσέχετε,
3721 5527 3903 5586 δεικνὺς

2286 5629 2752 5702 περισπούδαστον
2801 5629 3005 5700 σφόδρα
3049 5630 3110 5682 τὸ
3163 5631 3390 5701 πρᾶγμα
3442 5623 3751 5699 (Ἐκκλησία
3811 5617 3902 5686 γάρ

2368 5815 2394 5857 d
2419 5818 2578 5866 Πόσαι
2600 5815 2800 5878 ἀνάγκαι
2834 5817 2977 5865 deest
3021 5818 3070 5865 in
3099 5829 3216 5866 uno.
3286 5821 3310 5850 °
3333 5815 3510 5875 Verba,
3533 5809 3760 5865 Δεσπότης
3798 5800 3896 5861 ὺπέρ

2287 5885 2371 5938 τῆς
2400 5880 2704 5936 Ἐκκλησίας.
2725 5880 2905 5930 desunt
2928 5882 2978 5930 in
2999 5892 3097 5928 uno
3122 5878 3241 5929 Cod.
