3948 6488
134 360 228 418 309

136 477 194 531 Et
239 489 425 530 rursus
467 473 591 527 alibi
634 472 802 529 dicit:
838 471 991 525 Nunc
1042 472 1234 541 gaudeo
1275 470 1329 522 in
1375 467 1687 537 positionibus

133 568 244 622 uicis
271 584 366 637 pro
394 566 530 619 vobis
553 564 685 627 (Col.
710 565 764 619 1.
783 563 907 634 24);
930 572 985 617 et
1009 578 1217 617 rursum
1244 578 1257 614 :
1292 559 1445 613 Nunc
1468 575 1691 611 momen-

131 670 268 712 tanea
290 657 472 712 levitas
497 655 829 711 tribulationis
849 671 1003 717 supra
1032 654 1235 706 modum
1256 663 1493 705 wternum
1514 650 1690 717 gloria:

124 752 319 817 pondus
345 760 583 821 cperatur
621 747 762 803 nobis
787 747 866 818 (2.
894 747 1011 801 Cor.
1036 747 1090 801 4.
1123 747 1231 815 17).
1258 744 1450 799 Verum
1480 745 1593 797 lucc
1622 757 1686 797 ex

128 840 380 896 modestia
404 842 551 896 dicit.
567 840 665 895 llic
684 848 858 893 autem
880 838 1111 893 ostendit
1132 837 1487 891 fortitudinem
1510 849 1683 900 suam,

126 944 350 990 nectam
374 934 755 998 fortitudinem,
780 947 936 1002 quam
961 931 1284 1002 patientiam,
1303 945 1363 984 ac
1388 930 1430 983 si
1452 929 1682 983 diceret:

126 1028 250 1082 Male
281 1025 542 1095 patiebar,
572 1024 663 1079 sed
703 1024 972 1078 vobiscum
1006 1040 1019 1077 :
1052 1022 1296 1091 quodque
1342 1020 1554 1090 gravius
1581 1027 1683 1083 est,

123 1134 151 1173 a
175 1117 396 1174 Judaais.
423 1117 519 1171 llic
549 1116 668 1170 vide
686 1114 1047 1169 characterem
1076 1113 1336 1167 doctrina:
1369 1129 1381 1165 :
1411 1120 1464 1165 et
1488 1110 1683 1164 carita-

125 1220 222 1265 tem
250 1210 406 1279 ponit
430 1219 485 1263 et
511 1207 894 1263 fortitudinem.
931 1206 1080 1273 Quod
1114 1205 1241 1258 nihil
1277 1202 1682 1272 subterfugerim,

123 1301 323 1370 inquit;
355 1300 562 1368 copiam
588 1298 743 1353 simul
768 1306 822 1352 et
849 1296 1181 1352 sedulitatem
1210 1292 1461 1350 ostendit.
1492 1292 1684 1345 Eorum

122 1407 227 1461 qua:
252 1391 405 1444 utilia
424 1398 604 1443 essent.
633 1388 777 1443 Bene
804 1397 952 1442 certe
990 1387 1124 1441 dixit
1154 1407 1166 1442 :
1208 1394 1360 1440 erant
1397 1383 1538 1439 enim
1566 1399 1684 1453 qua:

122 1482 324 1537 discere
368 1498 472 1535 non
502 1480 799 1551 oportebat.
832 1478 902 1534 Ut
939 1494 1067 1533 vero
1111 1476 1351 1546 quadam
1394 1476 1681 1538 occultare,

120 1574 335 1628 invidiae
365 1574 569 1637 fuisset,
597 1572 674 1627 sic
716 1572 892 1625 omnia
916 1569 1096 1625 dicere
1132 1568 1370 1623 stultitiae
1398 1584 1410 1621 :
1443 1566 1564 1621 ideo
1593 1565 1684 1619 ad-

120 1664 268 1730 didit,
319 1664 514 1718 Eorum
555 1678 670 1734 qua:
715 1662 862 1716 utilia
912 1659 1428 1716 essent:oslendens
1473 1670 1531 1711 se
1575 1670 1681 1710 non

118 1756 276 1811 modo
305 1754 525 1819 dixisse,
554 1752 649 1809 sed
672 1752 829 1807 etiam
857 1752 1132 1814 docuisse;
1162 1765 1260 1807 nec
1287 1748 1437 1820 quasi
1468 1747 1683 1818 perfun-

114 1849 300 1903 ctorie.
335 1846 487 1915 Quod
536 1852 711 1899 autem
756 1842 858 1898 hoc
900 1841 1180 1911 signiﬁcet,
1215 1840 1339 1894 audi
1381 1839 1677 1909 sequentia,

116 1938 326 1992 Publice
354 1946 401 1991 et
429 1952 518 2007 per
545 1936 720 1989 domos
741 1950 762 1999 ;
800 1944 856 1988 et
896 1949 1143 2003 magnum
1197 1932 1431 1985 laborem
1479 1938 1531 1984 et
1570 1938 1682 1983 stu-

114 2032 258 2085 dium
282 2029 839 2101 perseverantiamque
856 2026 1150 2080 declarans.
1170 2023 1463 2091 Teati/leam
1482 2020 1512 2073 J
1522 2021 1679 2075 udteis

112 2134 262 2194 atque
272 2121 556 2193 gentilibus.
572 2120 685 2174 Non
698 2118 849 2172 vobis
864 2117 1057 2181 solum,
1076 2117 1263 2185 inquit,
1280 2115 1370 2167 sed
1387 2114 1544 2167 etiam
1559 2126 1682 2182 gen-

114 2217 313 2270 tilibus.
326 2214 425 2269 Hic
441 2212 685 2283 loquendi
702 2212 917 2267 libertas
930 2209 1109 2263 adest:
1130 2207 1344 2262 Etiamsi
1364 2207 1494 2260 nihil
1514 2206 1674 2275 proli-

114 2312 337 2371 ciamus,
352 2306 445 2363 ait.
462 2304 639 2359 dicere
659 2312 832 2358 tamen
848 2310 1091 2371 oportet:
1116 2299 1244 2352 illud
1262 2300 1402 2353 enim
1423 2308 1504 2352 est
1527 2298 1674 2352 testi-

112 2400 281 2462 ﬁcari,
297 2397 509 2467 quando
527 2411 629 2449 non
650 2394 1040 2449 attendentibus
1061 2391 1352 2462 loquimur:
1375 2405 1493 2442 nam
1519 2389 1672 2444 testi-

111 2493 253 2547 ﬁcari
275 2490 377 2545 hoc
392 2498 447 2543 ut
463 2488 746 2559 plurimum
761 2486 1036 2555 significat.
1049 2483 1240 2545 Testor,
1262 2483 1431 2551 inquit
1444 2480 1672 2552 Moyses,

110 2584 289 2638 celum
310 2591 357 2635 et
376 2592 561 2635 terram
587 2577 959 2652 (Dan.4.26);
987 2587 1035 2629 et
1063 2590 1202 2630 nunc
1224 2574 1447 2629 Paulus:
1476 2571 1678 2641 Testiﬁ-

113 2695 227 2732 cans
254 2676 457 2731 ludatis
485 2686 633 2744 atque
658 2672 921 2744 gentilibus
948 2672 999 2724 in
1026 2670 1189 2723 Deum
1238 2669 1600 2739 paenitentiam.

168 2767 227 2822 2.
269 2766 407 2833 Quid
451 2763 779 2820 testificaris?
806 2762 875 2818 Ut
898 2762 1018 2815 vine
1041 2760 1271 2814 studium
1305 2759 1589 2820 habeatur,
1614 2766 1673 2812 ut

112 2857 471 2930 penitentiam
495 2864 720 2926 agantet
739 2854 806 2908 ad
836 2854 999 2907 Deum
1025 2851 1296 2905 accedant.
1316 2850 1499 2921 Neque
1527 2850 1670 2907 enim

113 2954 266 3008 Judaei
313 2960 574 3006 noverant
616 2951 784 3014 illum,
834 2948 972 3019 quod
1007 2948 1195 3002 Filium
1242 2948 1562 3016 ignorarent,
1619 2953 1674 3001 et

115 3043 241 3113 quod
269 3058 370 3096 nec
397 3056 559 3111 opera
589 3040 845 3095 baberent
870 3054 970 3093 nec
1011 3038 1164 3092 fidem
1198 3039 1246 3093 in
1279 3040 1553 3093 Dominum
1578 3039 1671 3094 Je-

122 3150 241 3189 sum.
285 3133 399 3189 Cur
439 3148 567 3203 ergo
596 3131 711 3186 hinc
735 3131 905 3186 dicis?
948 3146 1043 3185 cur
1087 3130 1201 3184 lucc
1248 3131 1671 3184 commemoras?

128 3225 230 3294 quid
274 3225 475 3280 factum
526 3223 646 3277 est?
696 3237 763 3276 an
813 3222 936 3290 quid
991 3221 1349 3276 accusandum
1400 3222 1670 3290 suppetit?

122 3316 386 3386 Postquam
413 3316 629 3370 illorum
656 3324 889 3369 mentem
917 3313 1235 3383 exagitavit,
1280 3322 1404 3366 tunc
1441 3312 1620 3381 adjicit
1652 3329 1666 3365 :

117 3426 134 3458 ι
164 3408 246 3461 22.
282 3408 349 3462 Et
374 3423 515 3463 nunc
536 3422 661 3461 ecce
687 3407 926 3476 alligatus
947 3422 1045 3475 ego
1071 3405 1292 3474 Spiritu,
1325 3404 1458 3459 vado
1499 3406 1550 3460 in
1576 3405 1660 3460 Je-

107 3502 354 3565 rusalem,
387 3516 509 3569 qua:
539 3500 591 3552 in
619 3515 680 3553 ea
705 3509 926 3552 ventura
953 3509 1075 3552 sunt
1101 3499 1227 3553 mihi
1253 3500 1499 3568 ignorans
1533 3517 1546 3553 :
1575 3499 1666 3555 25.

105 3592 194 3647 nisi
218 3591 368 3663 quod
392 3592 623 3663 Spiritus
646 3601 858 3645 sanctus
881 3605 977 3660 per
1004 3592 1244 3646 civitates
1273 3590 1398 3645 mihi
1430 3593 1668 3646 testifica-

103 3694 199 3750 tur,
248 3684 460 3749 dicens,
508 3680 759 3752 quoniam
814 3681 1021 3735 vincula
1063 3692 1116 3736 et
1164 3683 1532 3738 tribulationes
1581 3698 1667 3739 tne

98 3783 333 3828 manent.
357 3773 449 3826 2t.
473 3773 543 3826 At
568 3772 695 3826 nihil
727 3771 912 3825 horum
930 3787 1134 3835 vereor,
1158 3788 1331 3842 neque
1357 3774 1423 3827 ita
1437 3774 1667 3827 animam

98 3880 263 3919 meam
291 3865 587 3936 pretiosam
614 3864 768 3931 facio,
795 3876 851 3919 ut
871 3879 1234 3920 consummare
1250 3881 1460 3919 cursum
1488 3882 1662 3922 memn

96 3972 209 4010 cum
230 3957 454 4027 gaudio,
484 3965 539 4011 et
584 3956 954 4023 ministerium,
997 3957 1134 4025 quod
1175 3959 1355 4027 accepi
1382 3974 1411 4012 a
1441 3960 1664 4015 Domino

92 4046 238 4111 Jesu,
270 4058 330 4102 ut
355 4046 610 4103 testificer
633 4049 964 4116 evangelium
991 4048 1174 4117 gratia:
1206 4050 1320 4104 Dei.
1362 4067 1382 4103 ι
1417 4050 1529 4105 Cur
1554 4051 1668 4106 lucc

92 4138 258 4193 dicit?
294 4139 361 4195 Ut
390 4140 510 4194 illos
539 4154 753 4209 semper
794 4150 1008 4209 paratos
1040 4140 1223 4195 reddat
1247 4141 1314 4196 ad
1355 4143 1584 4212 pericula
1613 4151 1669 4197 et

89 4230 297 4284 occulta
347 4239 410 4284 et
452 4229 765 4291 manifesta;
824 4231 892 4284 ita
953 4242 1007 4284 ut
1052 4232 1104 4285 in
1151 4234 1397 4287 omnibus
1448 4234 1666 4303 Spiritui

87 4320 488 4391 obtemperent.
517 4321 761 4376 Ostendit
806 4332 982 4378 autem
1022 4341 1080 4378 se
1126 4326 1190 4378 ad
1239 4342 1424 4396 magna
1452 4326 1662 4381 adduci.

87 4410 205 4465 Nisi
238 4412 385 4481 quod
425 4413 653 4481 Spiritus
689 4424 906 4475 sanctus,
938 4416 1125 4483 inquit,
1157 4433 1246 4485 per
1286 4419 1504 4471 civitates
1545 4419 1667 4471 milii

84 4505 415 4572 testiﬁcatur,
447 4506 637 4558 dicens.
675 4504 740 4560 Ut
761 4505 1002 4560 ostendat
1036 4521 1093 4560 se
1120 4507 1386 4562 lubentem
1416 4508 1581 4574 abire,
1613 4518 1668 4564 et

84 4612 147 4649 ne
162 4598 448 4650 vinculum
469 4607 561 4648 aut
584 4597 948 4650 necessitatem
972 4612 1089 4652 esse
1114 4608 1283 4666 putes,
1306 4598 1408 4653 Per
1423 4600 1662 4666 civitates,

82 4688 226 4741 dicit.
260 4690 477 4744 Deinde
515 4688 724 4758 subjicit
756 4708 769 4743 :
805 4688 923 4743 Non
963 4693 1033 4743 ita
1075 4693 1341 4759 pretiosam
1389 4693 1519 4757 facio
1548 4694 1664 4746 ani-

79 4799 212 4833 mam
240 4798 421 4834 meam
460 4790 514 4833 ut
544 4797 888 4835 consunnnare
908 4798 1107 4834 cursum
1133 4800 1293 4835 meum
1316 4800 1426 4835 cum
1457 4786 1660 4853 gaudio,

77 4883 119 4922 et
144 4872 497 4925 ministerium
517 4872 669 4935 verbi,
688 4872 823 4941 quod
841 4874 1010 4941 accepi
1027 4890 1058 4924 a
1089 4872 1301 4927 Domino
1321 4875 1352 4926 J
1360 4891 1460 4927 esu.
1490 4876 1667 4929 \‘iden’

78 4979 183 5015 non
214 4963 575 5015 lamentantis
605 4976 724 5015 esse
751 4963 930 5023 verba,
966 4963 1056 5016 sed
1094 4964 1332 5018 modeste
1352 4967 1575 5034 agentis,
1604 4982 1667 5021 ac

72 5054 330 5109 docentis
356 5054 503 5120 illos,
532 5062 585 5107 et
608 5055 973 5122 compatientis
992 5054 1040 5107 in
1071 5056 1132 5109 iis
1158 5072 1275 5121 qua:
1302 5054 1528 5110 fiebant?
1554 5058 1665 5111 Non

73 5149 229 5213 dixit,
264 5148 559 5213 Angimur,
610 5145 702 5199 sed
747 5147 883 5200 ferre
925 5162 1143 5201 necesse
1163 5157 1281 5211 est;
1332 5148 1427 5202 sed
1474 5164 1663 5218 neque,

73 5242 312 5295 Censeo.
348 5238 464 5293 Hoc
491 5239 617 5292 item
642 5239 788 5304 dicit,
829 5222 1079 5295 nonisese
1102 5242 1365 5295 extollens
1387 5283 1402 5307 ,
1434 5242 1526 5295 sed
1549 5243 1666 5297 illos

72 5331 304 5393 docens,
367 5346 465 5399 per
511 5330 685 5399 priora
739 5330 950 5400 quidem
999 5331 1365 5398 humilitatem,
1418 5348 1511 5401 per
1554 5332 1667 5389 inec

74 5438 199 5477 vero
226 5420 616 5477 fortitudinem
637 5431 692 5476 et
717 5421 964 5491 loquendi
993 5422 1287 5477 libertatem
1321 5439 1335 5475 :
1363 5437 1425 5477 ac
1449 5423 1492 5477 si
1519 5422 1665 5477 dice-

76 5525 153 5571 ret
186 5536 201 5572 :
230 5515 370 5571 Non
418 5528 542 5568 amo
567 5514 710 5567 illam
738 5529 846 5583 pra:
866 5512 965 5567 hac
998 5530 1012 5568 :
1037 5514 1318 5584 pretiosius
1345 5514 1515 5568 habeo
1539 5529 1670 5569 con-

75 5622 370 5663 summare
392 5622 609 5661 cursum
638 5616 691 5661 et
718 5607 1006 5660 testificari.
1036 5606 1141 5662 Nec
1164 5607 1315 5672 dixit,
1344 5607 1663 5675 Praedicare,

76 5702 328 5767 Docere;
361 5699 463 5753 sed
490 5698 615 5768 quid
637 5699 659 5751 ?
683 5697 964 5766 Testi/icari
1005 5700 1310 5765 evangelium
1334 5704 1511 5769 gratia:
1546 5699 1663 5753 Dei.

74 5795 215 5863 Quid
238 5794 541 5851 molestius
568 5793 804 5848 dicturus
828 5801 910 5847 est
942 5809 955 5847 :
989 5790 1211 5845 Mundus
1238 5808 1326 5864 ego
1357 5810 1466 5847 sum
1483 5811 1513 5847 a
1542 5812 1663 5849 san-

1068 356 1133 411 IN
1171 355 1343 411 ACTA
1387 352 1903 409 APOSTOLORUM.
1947 353 2177 409 llOMlL.
2219 354 2403 411 XLIV.

3264 368 3372 422 3H}

1797 466 1949 536 guine
1975 468 2241 523 omnium:
2272 469 2392 524 ideo
2422 482 2689 543 prmparat
2723 482 2779 528 et
2806 475 3037 530 ostendit
3078 479 3207 534 nihil
3238 483 3367 539 reli-

1798 574 1959 627 quum
1987 574 2124 615 esse.
2158 560 2290 628 Quia
2320 563 2479 634 igitur
2498 566 2603 621 illis
2636 578 2799 621 totum
2829 584 2963 624 onus
3007 582 3059 626 et
3104 579 3365 632 sarcinam

1798 649 2143 740 impositurus
2183 665 2317 722 erat,
2362 657 2509 726 prius
2552 659 2761 716 illorum
2804 665 3037 721 animum
3084 671 3361 740 emollivit,

1799 738 1982 832 dicens
2013 760 2024 793 :
2052 743 2141 799 25.
2173 746 2327 800 Nunc
2350 765 2573 821 eet-cego
2593 753 2697 807 scio
2715 796 2729 819 ,
2757 757 2890 825 quod
2917 776 3018 813 non
3047 765 3263 832 amplius
3293 738 3367 820 vi-

1806 829 1981 884 debitis
2003 832 2182 900 facient
2205 853 2385 890 meam.
2416 840 2615 897 Deinde
2636 846 2869 901 subdidit
2901 866 2913 901 :
2943 829 3165 908 Mundus
3191 874 3301 909 sum
3327 876 3359 911 rt

1795 922 2041 990 sanguine
2086 926 2327 978 omnium.
2359 929 2559 998 Duplex
2602 943 2684 987 est
2710 934 2882 1001 dolor,
2911 949 2964 993 et
2989 944 3128 1009 quod
3173 944 3359 1001 faciem

1794 1011 1911 1079 ejus
1935 1028 2039 1067 non
2068 1027 2250 1072 essent
2273 1018 2459 1085 visuri,
2489 1033 2541 1075 et
2571 1026 2709 1093 quod
2742 1029 2815 1083 illi
2843 1045 3049 1087 omnes.
3097 1035 3215 1089 Non
3245 1056 3359 1092 am-

1796 1104 1948 1173 plius,
2007 1109 2195 1176 inquit,
2243 1113 2467 1168 videbitis
2510 1118 2689 1187 faciem
2736 1138 2897 1175 meam
2942 1141 3026 1179 vos
3055 1144 3242 1191 omnes,
3271 1150 3361 1201 per

1793 1210 1917 1265 quos
1941 1200 2144 1252 transivi
2172 1204 2454 1269 prredicans
2480 1224 2707 1276 regnum.
2737 1212 2825 1265 26.
2856 1215 3033 1286 Itaque
3052 1220 3173 1287 jure
3213 1200 3359 1277 testi-

1797 1288 1927 1342 licor
1953 1290 2122 1357 vobis,
2156 1303 2337 1364 utpote
2363 1312 2467 1352 non
2500 1299 2636 1354 ultra
2666 1303 2961 1371 adfuturus,
2986 1311 3117 1375 Quia
3142 1316 3358 1369 mundus

1796 1394 1907 1432 sum
1958 1397 1990 1433 a
2031 1388 2272 1453 sanguine
2315 1390 2558 1443 omnium.
2587 1391 2676 1449 27.
2714 1393 2833 1450 Non
2871 1401 3001 1452 enim
3055 1402 3353 1476 subterfugi,

1791 1473 2056 1538 quominus
2101 1480 2451 1533 annuntiarem
2493 1483 2627 1537 vobis
2676 1502 2871 1541 omnem
2899 1493 3197 1548 voluntatem
3226 1473 3354 1553 Dei.

1797 1564 1974 1633 Vides,
1995 1570 2262 1637 quomodo
2292 1580 2474 1637 terret,
2501 1586 2552 1629 et
2583 1577 2886 1635 laborantes
2916 1584 3123 1640 illorum
3152 1589 3355 1643 animas

1793 1655 2123 1728 afflictasque
2171 1664 2390 1718 atterit?
2438 1665 2601 1731 Bene,
2649 1671 2771 1740 quia
2825 1679 3178 1731 necessarium
3220 1689 3352 1734 erat.

1794 1746 1915 1801 Non
1940 1750 2069 1803 enim
2096 1752 2401 1825 subterfugi,
2453 1757 2650 1827 inquit,
2701 1765 2963 1828 quominus
3005 1773 3357 1826 annuutiarem

1789 1841 1924 1893 vobis
1952 1857 2145 1895 onmem
2172 1846 2477 1901 voluntatem
2502 1848 2614 1903 Dei.
2648 1850 2789 1922 Ergo
2810 1856 2899 1923 qui
2926 1872 3031 1912 non
3054 1858 3202 1926 dicit,
3232 1878 3355 1919 reus

1788 1942 1869 1986 est
1898 1936 2205 2004 sanguinis;
2260 1938 2311 1992 id
2341 1948 2441 2005 est,
2474 1944 2652 1998 credis.
2694 1946 2835 2001 Nihil
2888 1949 2989 2005 hoc
3042 1955 3350 2011 terribilius.

1789 2022 2029 2079 Ostendit
2049 2042 2161 2091 eos,
2195 2030 2237 2083 si
2270 2046 2377 2084 non
2408 2033 2458 2086 id
2489 2033 2732 2101 fecerint,
2760 2055 2883 2094 reos
2911 2057 3031 2099 esse
3060 2048 3350 2117 sanguinis.

1789 2113 1856 2168 Et
1884 2115 2089 2172 videtur
2133 2120 2347 2190 quidem
2393 2126 2650 2180 rationem
2696 2130 2956 2199 reddere,
3005 2136 3123 2190 illos
3161 2113 3349 2195 autem

1790 2214 1969 2261 terret.
2004 2208 2093 2264 28.
2124 2212 2379 2267 Attendite
2413 2217 2567 2287 igitur
2588 2220 2723 2274 vobis
2756 2233 2802 2275 et
2839 2226 3065 2281 universo
3101 2231 3270 2299 gregi,
3299 2233 3350 2284 in

1785 2316 1883 2389 quo
1912 2316 1997 2354 vos
2018 2302 2241 2371 Spiritus
2261 2317 2460 2362 sanctus
2489 2314 2654 2379 posuit
2680 2316 2956 2386 episcopos,
2994 2330 3049 2371 ut
3085 2326 3351 2389 pasceretis

1782 2387 2059 2443 Ecclesiam
2079 2391 2194 2454 Dei,
2213 2411 2362 2464 quam
2382 2401 2635 2468 acquisivit
2657 2420 2745 2470 per
2765 2409 3020 2474 proprium
3034 2387 3345 2482 sanguinem.

1786 2478 1996 2574 Vides?
2035 2483 2147 2574 Duo
2194 2489 2464 2557 praecepit.
2515 2491 2677 2560 Igitur
2720 2512 2889 2565 neque
2918 2500 3050 2553 alios
3080 2478 3347 2574 corrigere

1782 2570 1952 2624 solum
1985 2571 2143 2628 habet
2168 2577 2435 2646 quidpiam
2468 2580 2597 2636 lucri
2633 2584 2827 2652 (Timeo
2861 2591 3001 2644 enim
3023 2631 3038 2656 ,
3067 2570 3253 2663 inquit,
3286 2614 3349 2652 ne

1781 2661 1895 2715 aliis
1922 2664 2224 2757 prtcdicaus,
2256 2669 2362 2737 ipse
2386 2672 2623 2739 reprobus
2643 2675 2825 2744 e/jiciar
2851 2675 2924 2748 [l.
2952 2680 3066 2734 Cor.
3099 2661 3150 2736 9.
3184 2685 3274 2757 27]
3292 2688 3344 2756 );

1780 2767 1952 2823 neque
1991 2756 2070 2809 sui
2096 2758 2259 2812 solius
2303 2775 2482 2816 curam
2526 2763 2739 2821 habere.
2793 2768 2925 2823 Nam
2976 2772 3065 2841 qui
3113 2756 3343 2843 seipsnm

1779 2857 1941 2910 amat,
1971 2862 2088 2916 qua:
2116 2865 2208 2903 sua
2228 2862 2349 2906 sunt
2381 2864 2579 2910 tantum
2619 2860 2829 2926 qmrrit,
2861 2871 2914 2915 et
2947 2863 3135 2921 similis
3163 2876 3242 2922 est
3270 2870 3341 2934 ei,

1778 2937 1866 3005 qui
1897 2938 2148 2993 talentum
2177 2941 2396 2997 defodit.
2428 2945 2553 3000 H:cc
2581 2948 2726 3011 dicit,
2757 2966 2861 3005 non
2889 2955 3029 3022 quod
3061 2959 3345 3025 pretiosior

1777 3031 1844 3084 sit
1872 3041 2049 3086 nostra
2073 3034 2217 3088 salus
2246 3052 2401 3105 quam
2430 3040 2606 3109 gregis
2631 3058 2644 3105 ;
2677 3042 2769 3096 sed
2797 3045 2938 3112 quia,
2962 3047 3005 3100 si
3037 3049 3186 3102 nobis
3216 3050 3344 3120 ipsis

1777 3122 2136 3188 attendamus,
2170 3135 2295 3180 tunc
2323 3136 2377 3181 et
2405 3145 2533 3198 grex
2569 3130 2774 3185 lucrum
2809 3135 2984 3189 habet.
3025 3136 3091 3190 In
3117 3156 3216 3209 quo
3256 3157 3343 3196 vos

1778 3212 2001 3281 Spiritus
2021 3225 2224 3270 sanctus
2260 3221 2425 3287 posuit
2465 3222 2744 3290 episcopos,
2781 3236 2833 3277 ut
2865 3230 3128 3294 pasceretis
3167 3231 3343 3287 Eccle«

1774 3303 1902 3358 siam
1920 3305 2035 3359 Dei.
2060 3306 2193 3364 Vide
2216 3320 2423 3378 quanta:
2454 3314 2812 3370 necessitates.
2838 3320 2879 3371 A
2907 3319 3103 3388 Spiritu
3130 3324 3342 3377 ordina-

1777 3395 1976 3452 tionem
2007 3398 2231 3468 habetis,
2266 3403 2433 3472 inquit
2462 3420 2474 3457 :
2506 3405 2556 3458 id
2583 3408 2727 3461 enim
2756 3409 2855 3463 sibi
2901 3412 3010 3465 vult
3051 3413 3197 3475 illud,
3233 3415 3338 3469 Ρο-

1773 3490 1894 3541 suit.
1950 3489 2057 3544 Una
2100 3490 2213 3546 hac
2257 3504 2337 3547 est
2392 3496 2721 3551 necessitas:
2755 3499 2965 3564 deinde,
3016 3503 3082 3557 Ut
3121 3508 3339 3574 pascatis

1774 3579 2054 3637 Ecclesium
2102 3584 2211 3638 Dei.
2252 3586 2389 3641 Ecce
2436 3599 2489 3642 et
2536 3591 2766 3644 secunda
2800 3604 2891 3647 :et
2941 3597 3121 3658 tertia,
3174 3598 3337 3662 Quam

1773 3676 2032 3743 acquisivit
2052 3678 2297 3747 sanguine
2321 3696 2435 3744 suo,
2463 3681 2652 3749 inquit.
2682 3682 2904 3738 Multum
2925 3688 3176 3749 Ostendit,
3209 3689 3333 3744 dum

1774 3766 1902 3821 dicit
1931 3772 2215 3836 pretiosam
2248 3784 2395 3835 rem;
2429 3787 2526 3826 nec
2556 3774 2621 3827 de
2647 3777 2822 3844 parvis
2851 3778 3008 3831 rebus
3038 3794 3156 3835 esse
3188 3782 3331 3849 peri-

1773 3857 1973 3923 culum,
2006 3860 2267 3928 siquidem
2314 3862 2565 3916 Dominus
2607 3880 2703 3933 pro
2732 3866 2967 3921 Ecclesia
2999 3884 3169 3938 neque
3213 3886 3338 3924 san-

1772 3952 1915 4020 guini
1948 3966 2045 4004 suo
2072 3953 2329 4021 pepercit,
2360 3969 2458 4007 nos
2496 3964 2670 4010 autem
2698 3956 2918 4013 fratrum
2955 3964 3177 4016 salutem
3209 3979 3337 4018 con-

1772 4042 2079 4095 temnimns.
2104 4043 2169 4096 Et
2198 4043 2286 4097 ille
2311 4044 2544 4113 quidem,
2572 4056 2628 4100 ut
2656 4047 2897 4104 inimicos
2928 4054 3326 4121 reconciliaret,

1771 4137 2080 4205 sanguinem
2126 4136 2342 4203 effudit;
2388 4147 2440 4191 tu
2497 4153 2623 4194 vero
2660 4156 2832 4211 neque
2876 4145 3076 4200 amicos
3104 4148 3334 4204 retinere

1773 4239 1947 4318 potes.‘
1969 4229 2059 4283 29.
2089 4228 2197 4299 Ego
2241 4231 2371 4283 enim
2399 4232 2501 4286 scio
2530 4232 2655 4299 hoc,
2685 4234 2818 4302 quod
2852 4236 3191 4307 ingredientur
3225 4251 3335 4308 post

1771 4320 2121 4374 discessionem
2152 4337 2311 4372 nteant
2350 4322 2458 4391 lupi
2494 4339 2668 4392 graves
2712 4325 2764 4377 in
2792 4342 2897 4391 vos,
2945 4344 3043 4381 non
3079 4341 3337 4398 parcentes

1770 4413 1927 4482 gregi.
1972 4411 2173 4466 Rursus
2202 4412 2310 4464 alio
2359 4414 2517 4465 modo
2567 4414 2687 4469 illos
2731 4428 2939 4484 versat,
2968 4435 2995 4471 a
3029 4419 3247 4476 futuris:
3280 4432 3335 4478 ut

1771 4502 1982 4572 quando
2010 4503 2131 4555 alibi
2167 4502 2298 4557 dicit
2327 4520 2340 4555 :
2372 4501 2493 4555 Non
2520 4513 2591 4557 est
2618 4504 2757 4559 nobis
2793 4506 2927 4561 lucta
2950 4510 3187 4564 adversus
3215 4528 3336 4565 san-

1772 4595 1971 4663 guinem
1998 4604 2046 4647 et
2071 4610 2270 4647 carnem
2296 4595 2313 4664 (
2349 4593 2535 4664 (ip/tes.
2563 4596 2615 4649 6.
2649 4595 2714 4649 l2
2813 4597 2943 4662 Quia
2970 4600 3332 4670 ingredientur,

1773 4687 1963 4756 inquit,
1986 4697 2096 4757 post
2113 4687 2461 4741 discessionem
2488 4705 2648 4741 meam
2679 4689 2785 4759 lupi
2808 4708 2980 4759 graves
2999 4694 3051 4744 in
3088 4710 3189 4747 vos.
3223 4696 3330 4747 Du-

1772 4779 1890 4850 plex
1918 4779 2113 4831 malum
2144 4795 2157 4831 :
2186 4778 2326 4847 quod
2357 4779 2470 4847 ipse
2508 4795 2613 4832 non
2639 4779 2796 4844 adsit,
2826 4791 2879 4834 et
2921 4782 3062 4850 quod
3100 4783 3332 4839 futurum

1771 4871 1918 4923 situt
1941 4870 2028 4923 alii
2061 4869 2278 4923 instent.
2310 4869 2418 4923 Cur
2442 4885 2569 4939 ergo
2601 4870 2736 4934 abis,
2785 4872 2828 4924 si
2876 4872 2976 4926 hoc
3006 4874 3333 4941 przevidisli?

1773 4961 2001 5030 Spiritus
2022 4976 2106 5014 me
2137 4961 2316 5027 trahit,
2340 4960 2527 5031 inquit.
2668 4956 2671 4957 ν
2758 5012 2763 5017 ,

1843 5056 1893 5108 5.
1941 5053 2006 5107 Et
2039 5054 2180 5117 vide,
2216 5069 2317 5106 non
2362 5053 2674 5121 simpliciter
2702 5053 2854 5115 dixit,
2880 5053 3035 5124 Lupi,
3065 5057 3158 5111 sed
3188 5058 3336 5113 addi-

1772 5146 1867 5207 dit,
1896 5144 2099 5209 Graves,
2134 5145 2340 5199 illorum
2363 5143 2748 5197 vehementiam
2774 5153 2828 5197 et
2850 5146 3191 5213 petulantiam
3213 5152 3339 5203 sub-

1773 5238 2040 5302 indicans;
2069 5236 2313 5304 quodque
2348 5235 2561 5305 gravius
2583 5243 2686 5298 est,
2715 5234 2813 5289 bos
2839 5250 2904 5290 ex
2932 5236 3035 5292 illis
3061 5238 3187 5308 ipsis
3214 5255 3337 5297 sur-

1773 5339 2012 5384 rcctnros
2038 5343 2156 5383 esse
2173 5328 2300 5383 dicit
2325 5345 2338 5382 :
2368 5327 2507 5396 quod
2530 5337 2678 5381 certe
2702 5329 3070 5395 graviSsimum
3099 5341 3200 5397 est,
3220 5348 3338 5387 cmn

1773 5423 1930 5477 civile
1973 5422 2234 5475 excitatur
2284 5418 2502 5473 bellum.
2552 5419 2618 5473 Et
2657 5431 2803 5475 recte
2852 5421 3007 5488 dicit,
3056 5423 3337 5490 Attendite,

1772 5514 2058 5570 ostendens
2079 5528 2189 5566 rem
2215 5512 2442 5568 maxime
2458 5512 2743 5567 curandam
2770 5529 2891 5570 esse
2911 5514 3169 5586 (Ecclesia
3193 5532 3338 5569 nam-

1772 5622 1876 5677 quc
1905 5604 2035 5673 est),
2061 5613 2114 5657 et
2133 5617 2380 5673 magnum
2408 5603 2698 5673 periculum
2726 5603 3001 5673 (sanguine
3024 5604 3165 5658 enim
3193 5604 3334 5658 illam

1773 5696 2041 5769 redemit),
2080 5711 2143 5752 ac
2184 5695 2407 5750 multum
2445 5695 2744 5767 duplexque
2789 5697 3006 5751 bellum.
3047 5696 3171 5751 [hec
3207 5711 3336 5768 ergo

1773 5788 2108 5863 signiﬁcavit,
2148 5787 2364 5845 dicens:
2385 5787 2477 5846 50.
2506 5788 2571 5844 Et
2595 5805 2657 5845 ea:
2683 5771 2820 5844 vobis
2850 5788 2975 5859 ipsis
3012 5798 3216 5858 surgent
3245 5788 3337 5842 vir?
