3948 6516
550 366 647 422 511

548 490 803 557 loquentes
851 492 1107 551 inmersa,
1154 484 1208 527 ut
1254 468 1506 524 abducant
1555 459 1835 557 discipulos
1879 460 1991 522 post
2039 464 2112 503 se.

556 547 779 641 Deinde,
805 547 927 643 quia
953 566 1236 623 admodum
1270 563 1386 616 illos
1420 555 1628 617 terruit,
1657 547 1978 651 cunuL‘upos

553 685 637 725 ves
666 640 904 732 dixin—et
945 677 1009 715 ex
1043 658 1169 727 ipsis
1198 659 1535 708 surrecturus
1571 659 1688 699 esse
1718 640 1805 709 qui
1838 640 2123 737 loqueren-

558 775 644 817 tur
676 730 921 829 perversa
946 773 959 808 :
982 753 1130 821 quasi
1159 747 1382 816 quodam
1412 747 1700 803 uu:rrente,
1720 730 2125 832 QlltlllI-(Itltl'lgl-

555 822 688 907 tur?-
732 859 786 904 et
833 863 951 918 quze
995 841 1233 897 custodia
1286 834 1421 889 erit?
1466 831 1644 899 adjicit
1686 847 1699 880 :
1744 826 1831 880 δὲ.
1890 822 2124 918 Vigilate,

556 960 798 1000 memores
826 916 956 1007 quod
988 954 1074 1005 per
1105 931 1373 986 triennium
1408 943 1505 978 non
1532 921 1822 976 cessaverim
1856 926 1998 970 nocte
2024 916 2129 967 die-

555 1055 653 1106 que
672 1051 785 1089 cum
802 1030 1065 1101 lacrynn's'
1098 1040 1297 1079 monere
1323 1029 1720 1085 unumquemque
1742 1021 1975 1064 vestrum.
2000 1010 2129 1064 Vide

556 1104 717 1197 quam
762 1123 971 1177 insolita
1009 1121 1185 1173 dicat:
1217 1131 1336 1170 cum
1376 1111 1652 1179 lacrymis,
1700 1115 1852 1204 nocte
1897 1104 2127 1204 dieque,

559 1229 1010 1285 unumquemque.
1041 1211 1155 1264 Non
1188 1209 1328 1262 enim
1358 1206 1400 1257 si
1442 1203 1633 1255 multos
1667 1198 1907 1297 vidisset,
1938 1198 2015 1247 eis
2040 1207 2133 1294 pe-

566 1311 845 1381 percisset,
886 1305 981 1361 sed
1022 1302 1221 1356 sciebat
1258 1299 1417 1353 etiam
1456 1310 1551 1363 pro
1593 1306 1697 1343 una
1742 1299 2131 1381 anuna‘otnnta

562 1377 681 1459 esse
727 1398 986 1455 facienda.
1028 1396 1115 1449 Sic
1155 1407 1280 1461 ergo
1330 1392 1447 1443 illos
1486 1386 1644 1439 etiam
1690 1379 1982 1448 conjunxit.
2024 1377 2134 1429 [Ioc

562 1510 691 1550 vero
718 1492 977 1561 significat
1003 1504 1014 1541 :
1047 1486 1186 1540 Satis
1225 1492 1349 1535 sunt
1377 1495 1439 1532 ea
1459 1520 1471 1542 ,
1518 1474 1812 1572 quasAfe-ci;
1850 1486 1940 1539 per
1969 1469 2134 1572 trien-

564 1590 711 1644 nium
757 1584 963 1645 mansi;
1016 1576 1315 1634 eonlirmati
1360 1580 1503 1633 sunt,
1548 1566 1879 1622 sufficienter
1930 1561 2136 1662 radices

567 1683 816 1735 fixerunt.
846 1672 972 1728 Cum
1009 1669 1268 1739 lacrymis,
1303 1663 1488 1733 inquit.
1522 1658 1703 1714 Viden’
1727 1658 1990 1754 Iacrymas
2018 1651 2137 1754 ideo

566 1768 865 1826 fundendus
893 1764 1048 1819 esse?
1076 1763 1203 1815 Ilzec
1230 1767 1282 1812 et
1304 1771 1402 1810 nos
1426 1754 1699 1808 faciamus.
1730 1749 1842 1802 Non
1870 1746 2013 1800 dolet
2031 1746 2138 1845 im-

565 1863 764 1934 probus
789 1878 803 1913 :
827 1858 947 1913 dole
974 1866 1062 1917 tu;
1097 1851 1235 1906 forte
1275 1858 1328 1904 et
1352 1848 1467 1916 ipse
1492 1843 1711 1898 dolebit.
1741 1840 1966 1936 Utcum
1995 1833 2138 1936 videt

570 1928 709 2025 inger
741 1949 1006 2005 medicnm
1042 1944 1217 1998 cibum
1248 1948 1567 2000 sumcntem,
1612 1935 1770 1988 etiam
1812 1932 1923 1998 ipse
1952 1928 2142 2027 incita-

572 2018 698 2101 tuwr:
729 2042 799 2095 ita
837 2050 890 2095 et
920 2038 1006 2091 hic
1042 2036 1176 2098 erit;
1210 2033 1251 2086 si
1283 2041 1332 2084 te
1366 2028 1557 2083 viderit
1585 2027 1869 2092 lugentem,
1900 2018 2137 2121 emollie-

569 2146 694 2200 tur;
734 2133 906 2187 bonus
942 2128 1022 2183 vir
1067 2136 1123 2181 et
1165 2124 1308 2178 mitis
1343 2121 1466 2175 erit.
1502 2116 1764 2179 Nesciens,
1809 2114 1999 2180 inquit,
2030 2122 2142 2174 qua:

568 2228 695 2282 mihi
719 2233 955 2280 eventura
978 2222 1097 2274 sint.
1135 2217 1269 2283 Quid
1297 2212 1463 2283 ergo?
1501 2212 1688 2265 ideone
1718 2209 1865 2262 abis?
1891 2205 2102 2260 Minime
2125 2217 2141 2265 ;

572 2322 668 2377 sed
714 2319 881 2390 probe
917 2314 1064 2376 scio,
1115 2309 1257 2380 quod
1295 2305 1504 2361 vincula
1554 2314 1608 2358 et
1650 2301 2016 2357 tribulationes
2056 2311 2143 2350 me

572 2421 840 2469 maneant.
871 2406 1021 2476 Quod
1044 2404 1363 2460 tentatioues
1383 2415 1470 2455 me
1496 2395 1951 2468 exspectent,novi
1974 2410 1988 2459 ;
2008 2408 2143 2462 qua-

572 2505 652 2559 les
692 2514 837 2566 vero,
879 2498 1079 2563 nescio,
1121 2496 1171 2549 id
1218 2492 1359 2564 quod
1396 2492 1611 2559 gravius
1650 2499 1786 2542 erat.
1830 2486 1908 2541 Ne
1948 2486 2143 2555 putetis

573 2611 701 2665 ergo
723 2610 807 2648 me
830 2592 1191 2661 deplorantem
1217 2587 1329 2640 hzcc
1354 2585 1565 2647 dicere;
1590 2597 1695 2636 non
1724 2591 1827 2634 tam
1855 2579 2142 2649 pretiosam

576 2688 746 2742 habeo
787 2685 1018 2738 animam
1056 2695 1252 2735 meam.
1289 2677 1356 2733 Ut
1391 2677 1598 2729 illorum
1638 2675 1872 2727 animum
1912 2671 2142 2737 excitet,

577 2780 679 2834 hoc
710 2778 869 2839 dicit;
910 2784 1071 2844 utque
1095 2772 1316 2827 suadeat
1354 2771 1455 2824 illis
1486 2783 1590 2823 non
1618 2767 1778 2821 modo
1808 2782 1911 2819 non
1940 2764 2141 2834 fugere,

577 2871 672 2928 sed
704 2870 862 2925 etiam
902 2867 1114 2921 fortiter
1152 2866 1312 2920 ferre.
1346 2863 1469 2917 Ideo
1506 2876 1619 2915 rem
1660 2860 1799 2913 illam
1830 2865 1983 2911 vocat
2026 2872 2147 2911 cur-

576 2978 694 3017 sum
736 2971 789 3015 et
829 2959 1200 3020 ministerium,
1248 2966 1356 3009 tum
1408 2962 1468 3008 ut
1503 2969 1569 3007 ex
1607 2966 1762 3005 cursu
1809 2950 2145 3019 splendorem

574 3054 853 3118 ostendat,
896 3061 1004 3105 tum
1056 3058 1114 3103 ut
1154 3065 1219 3103 ex
1265 3046 1557 3100 ministerio
1607 3044 1863 3098 officium.
1912 3043 2149 3097 Minister

580 3162 719 3209 sum,
753 3143 950 3214 inquit;
985 3140 1115 3196 nihil
1142 3142 1258 3210 plus
1282 3138 1471 3193 habeo.
1503 3137 1624 3191 Illos
1644 3144 1819 3191 autem
1843 3135 2147 3202 consolans,

578 3254 648 3293 ne
676 3237 912 3299 doleant,
937 3233 1078 3303 quod
1098 3234 1210 3302 ipse
1234 3231 1373 3286 male
1400 3231 1647 3300 patiatur,
1679 3228 1764 3282 ubi
1796 3228 1926 3282 dixit
1952 3243 2010 3281 sc
2036 3228 2148 3282 lucc

577 3344 700 3384 cum
726 3326 917 3396 gaudio
942 3325 1225 3388 sustinere,
1256 3332 1309 3376 et
1334 3322 1558 3377 fructum
1582 3321 1834 3387 ostendit,
1868 3330 1990 3373 tunc
2010 3318 2149 3389 quod

581 3421 865 3473 molestum
893 3424 1030 3480 erat,
1062 3415 1283 3469 inducit.
1317 3413 1429 3467 lloc
1455 3423 1629 3467 autem
1656 3412 1806 3477 facit,
1850 3422 1906 3465 ut
1936 3427 2002 3465 ne
2032 3411 2150 3464 ani-

582 3525 724 3564 mam
754 3509 965 3561 illorum
996 3505 1206 3559 obruat.
1241 3504 1516 3570 Quodnam
1544 3513 1722 3558 autem
1770 3502 1897 3557 illud
1927 3505 2048 3556 est?
2090 3503 2153 3555 Et

581 3617 647 3653 ea;
680 3598 813 3652 vobis
850 3598 975 3667 ipsis
1010 3605 1274 3664 exsurgant
1317 3596 1410 3649 viri
1444 3596 1697 3664 loquentes
1728 3610 1976 3663 perversa.
2016 3595 2152 3660 Quid

583 3705 735 3760 ergo,
758 3691 952 3744 dixerit
976 3690 1261 3759 quispiam,
1297 3698 1567 3743 tantumne
1592 3697 1643 3742 te
1672 3688 1844 3757 ipsum
1885 3700 2056 3757 putas,
2097 3697 2156 3743 ut

586 3783 631 3835 si
663 3783 841 3844 ahcas,
872 3796 970 3834 nos
998 3780 1321 3834 moriamur?
1348 3779 1461 3834 Non
1486 3779 1585 3834 hoc
1611 3779 1750 3845 dico,
1793 3780 1982 3850 inquit,
2013 3781 2155 3851 quod

588 3874 826 3928 absentia
855 3889 971 3926 mea
1004 3873 1054 3927 id
1086 3872 1315 3939 efficiat;
1348 3874 1438 3928 sed
1469 3872 1929 3944 quid?Insurgunt
1953 3876 2157 3945 quidam

589 3982 652 4019 ea:
684 3965 839 4019 vobis.
888 3964 1002 4019 Non
1052 3964 1213 4028 dixit,
1258 3965 1480 4035 Propter
1525 3965 1904 4021 discessionem
1945 3983 2154 4034 meam;

592 4057 708 4121 sed,
741 4057 862 4111 Post
899 4057 1250 4111 discessionem
1285 4072 1485 4121 meam;
1512 4057 1564 4111 id
1604 4066 1704 4124 est,
1746 4057 2155 4127 profectionem.

590 4148 919 4217 Quamquam
955 4148 1063 4216 jam
1092 4148 1219 4202 illud
1266 4158 1550 4214 evenerat;
1593 4162 1636 4203 SI
1667 4158 1843 4205 autem
1886 4159 2156 4217 evenerat,

596 4238 763 4292 multo
791 4239 957 4308 magis
992 4248 1174 4308 postea
1216 4248 1531 4294 eventurum
1572 4249 1706 4295 erat.
1735 4241 1859 4295 Haec
1887 4256 2047 4296 causa
2076 4256 2163 4296 se-

594 4331 793 4401 quitur,
848 4330 916 4385 Ut
941 4331 1190 4384 abducant
1209 4332 1483 4401 discipulos
1502 4342 1612 4403 post
1640 4348 1712 4386 se.
1743 4332 1923 4403 Itaque
1948 4343 2164 4402 propter

552 4408 555 4411 ⁷
598 4420 730 4474 nihil
772 4420 916 4475 aliud
959 4421 1192 4477 hzereses
1237 4431 1379 4489 sunt,
1409 4439 1566 4493 quam
1614 4433 1831 4493 propter
1872 4424 1990 4479 hoc.
2039 4426 2166 4480 Post

600 4512 844 4581 sequitur
871 4512 1164 4568 consolatio
1190 4530 1203 4567 :
1233 4514 1396 4580 Quam
1415 4516 1696 4584 acquisivit,
1730 4517 1915 4587 inquit,
1941 4534 2028 4586 per
2053 4534 2165 4586 pro-

603 4604 769 4673 prium
794 4604 1107 4674 sanguinem.
1130 4604 1184 4659 Si
1208 4606 1421 4674 proprio
1443 4607 1700 4675 sanguine
1722 4609 2013 4677 acquisivit,
2042 4624 2169 4677 pra:-

601 4693 799 4749 valebit
819 4701 988 4749 certe.
1020 4692 1184 4747 Nocte
1204 4703 1250 4748 et
1279 4696 1360 4748 die
1379 4713 1480 4749 non
1504 4698 1710 4760 cessavi,
1741 4698 1929 4766 inquit,
1962 4715 2073 4751 cum
2101 4699 2170 4753 la-

600 4791 787 4858 crymis
822 4803 1048 4841 monens.
1074 4788 1201 4843 Haec
1230 4788 1383 4842 nobis
1409 4790 1529 4857 jure
1556 4790 1831 4855 dicantur;
1858 4791 2171 4860 videturque

601 4882 816 4951 proprie
838 4896 1018 4936 sermo
1047 4880 1292 4937 doctores
1322 4890 1583 4951 Spectare,
1616 4893 1698 4938 est
1725 4892 1900 4937 autem
1936 4894 1989 4937 et
2016 4884 2174 4937 disci-

604 4973 744 5043 pulis
768 4973 1087 5026 communis.
1132 4971 1211 5026 Ad
1238 4973 1361 5042 quid
1401 4974 1542 5026 enim
1585 4988 1683 5043 ego
1713 4974 1923 5043 loquor,
1954 4990 2169 5034 moneo,

606 5064 872 5134 lacrymor
896 5064 984 5119 dic
1010 5078 1074 5118 ac
1100 5073 1276 5129 nocte,
1301 5064 1342 5117 si
1360 5064 1652 5133 discipulus
1678 5081 1781 5118 non
1806 5065 2175 5134 obtemperat?

608 5153 685 5208 Ne
707 5163 852 5222 putet
879 5157 1020 5209 enim
1042 5155 1157 5224 quis
1178 5156 1228 5210 id
1250 5157 1378 5210 satis
1397 5172 1516 5211 esse
1543 5158 1607 5211 ad
1629 5157 2009 5225 defensionem,
2034 5159 2174 5228 quod

614 5242 1017 5311 sitdiseipulus,
1051 5246 1172 5300 licet
1197 5263 1305 5300 non
1345 5249 1530 5313 cedat;
1566 5250 1684 5303 ideo
1714 5259 1990 5320 postquam
2020 5251 2176 5317 dixit,

616 5328 901 5399 Testiﬁcar,
933 5333 1125 5402 pergit,
1155 5334 1273 5388 Non
1310 5339 1441 5389 enim
1487 5338 1761 5409 subterfugi
1788 5342 2051 5401 quominus
2086 5356 2179 5393 an-

619 5423 899 5476 nuntiarcm
937 5424 1090 5479 vobis.
1126 5425 1283 5496 Igitur
1315 5430 1415 5481 hoc
1458 5430 1628 5483 solum
1675 5432 1909 5486 damonis
1948 5442 2048 5498 est,
2089 5448 2183 5485 an-

619 5516 884 5582 nuntiare,
915 5517 1225 5585 praedicare,
1244 5519 1456 5584 docere,
1487 5537 1590 5575 non
1615 5522 1999 5594 subterfugere,
2028 5537 2182 5581 nocte

616 5617 673 5665 et
698 5609 786 5664 die
813 5611 1128 5667 annuntiare
1152 5627 1303 5667 :cum
1324 5623 1498 5667 autem
1529 5614 1610 5670 his
1639 5618 1888 5686 peractis,
1917 5619 2043 5673 nihil
2068 5621 2183 5690 plus

690 5742 707 5773 ⁸
742 5739 885 5805 Illud,
908 5755 1020 5793 cum
1042 5742 1285 5808 lacrumis,
1310 5747 1359 5795 in
1382 5760 1478 5796 uno
1493 5747 1653 5798 deest.

1275 349 1329 406 S.
1361 342 1634 403 JOANNIS
1668 324 2137 394 CIIllYSOSTOMI
2175 324 2493 380 ARCHIEP.
2529 324 3057 384 CONSTANTINOP.

3707 338 3799 395 312

2225 448 2418 514 agitur,
2448 453 2594 506 scitis
2622 455 2745 522 quid
2778 458 3036 526 reliquum
3080 459 3168 511 sit.
3198 458 3398 513 Deinde
3427 462 3530 515 alia
3568 468 3797 530 sequitur

2224 540 2468 596 defensio
2494 561 2506 596 :
2537 543 2707 599 Purus
2734 565 2847 600 sum
2886 566 2915 600 a
2943 551 3189 619 sanguine
3226 554 3469 607 omnium.
3504 555 3585 608 Ne
3615 559 3801 625 putetis

2229 648 2357 687 vero
2379 634 2491 689 hate
2508 637 2661 690 nobis
2685 648 2885 693 tantum
2915 642 3017 696 dici
3041 662 3054 710 ;
3083 660 3203 697 nam
3228 661 3321 699 vos
3339 649 3499 700 etiam
3526 648 3612 702 hic
3634 664 3802 703 sermo

2229 737 2452 795 spectat,
2474 731 2699 784 utdictis
2712 734 3017 797 attendatis,
3035 745 3091 789 ut
3113 753 3178 790 ne
3197 752 3224 789 a
3243 740 3499 794 concione
3517 743 3801 797 recedatis.

2303 818 2488 872 Contra
2509 822 2775 877 theatrales
2803 826 2949 880 ludos
2974 838 3021 880 et
3049 840 3226 883 contra
3238 834 3549 900 juramenta.
3579 865 3657 875 --
3678 836 3803 901 Quid

2234 909 2459 963 faciam?
2501 912 2637 967 Ecce
2665 918 2901 983 quotidie
2942 920 3224 975 clamando
3263 924 3541 994 dirumpor
3572 931 3804 983 :Ahsre.

2232 1001 2344 1056 dite
2370 1018 2398 1055 a
2432 1003 2687 1071 theatris;
2719 1019 2769 1062 et
2796 1012 2944 1064 multi
2974 1028 3069 1066 nos
3102 1015 3323 1069 irrident
3349 1036 3362 1070 :
3388 1018 3657 1074 abstinete
3683 1038 3711 1073 a
3732 1025 3808 1090 ju-

2236 1098 2512 1163 ramentis,
2553 1099 2621 1153 ab
2649 1103 2866 1156 avaritia
2894 1122 2905 1156 :
2932 1106 3206 1161 innumera
3240 1126 3537 1177 monemus,
3570 1124 3627 1167 et
3657 1132 3812 1170 nemo

2236 1187 2403 1241 audit.
2438 1193 2504 1243 At
2549 1202 2705 1245 noctu
2741 1198 2837 1248 hoc
2878 1212 2981 1249 non
3022 1200 3163 1266 ago?
3196 1200 3395 1255 Vellem
3443 1206 3602 1258 etiam
3652 1218 3811 1261 noctu

2239 1278 2340 1333 hoc
2364 1281 2555 1346 facere,
2599 1292 2653 1336 et
2676 1285 2742 1337 ad
2773 1302 2986 1341 mensas
3020 1301 3245 1357 vestras,
3284 1295 3325 1346 si
3355 1296 3564 1362 quidem
3596 1298 3808 1363 liceret,

2236 1371 2432 1425 etdum
2458 1388 2485 1425 a
2518 1375 2758 1441 plurimis
2787 1377 2995 1433 divisim
3029 1383 3270 1438 detinear
3298 1386 3507 1449 adesse,
3534 1399 3589 1443 et
3615 1407 3711 1443 vos
3741 1393 3817 1445 al-

2239 1459 2417 1531 loqui;
2456 1464 2550 1518 sed
2582 1466 2646 1531 si,
2679 1482 2798 1521 cum
2827 1470 2909 1524 vel
2937 1473 3103 1525 semel
3131 1474 3182 1527 in
3220 1474 3551 1531 bebdomada
3589 1496 3687 1534 vos
3716 1498 3819 1533 vo-

2236 1568 2443 1618 camus,
2474 1573 2665 1622 segnes
2705 1562 2854 1627 estis,
2901 1573 2954 1618 et
2981 1564 3071 1618 alii
3098 1567 3309 1634 quidem
3344 1585 3444 1623 non
3476 1575 3692 1639 venitis,
3727 1576 3817 1629 alii

2241 1664 2368 1702 vero
2395 1649 2521 1703 nihil
2545 1651 2673 1706 lucri
2698 1654 2990 1711 referentes
3025 1660 3181 1713 abitis
3208 1680 3219 1712 :
3248 1662 3371 1730 quid
3406 1680 3510 1716 non
3540 1666 3819 1731 faceretis,

2243 1740 2285 1792 si
2316 1740 2641 1810 frequentius
2669 1746 2769 1799 huc
2794 1752 3112 1815 ageremus?
3147 1752 3281 1818 Quid
3318 1752 3615 1811 faciemus?
3646 1760 3821 1825 Multi,

2245 1840 2301 1882 ut
2329 1832 2464 1886 bene
2506 1837 2647 1897 novi,
2691 1852 2787 1891 nos
2820 1840 3059 1906 irrident,
3092 1845 3232 1912 quod
3272 1846 3339 1900 de
3386 1848 3571 1904 iisdem
3607 1868 3826 1921 semper

2243 1938 2546 1979 sermonem
2586 1928 3007 1988 habeamus:ita
3056 1953 3240 2025 sqmus
3286 1941 3335 1993 in
3367 1942 3601 1999 fastidio.
3653 1946 3828 2015 Hujus

2244 2026 2419 2072 autem
2459 2021 2534 2072 rei
2583 2038 2685 2075 non
2725 2040 2820 2079 nos
2860 2027 2910 2081 in
2951 2021 3114 2083 causa
3135 2047 3340 2099 sumus,
3382 2038 3475 2091 sed
3522 2040 3826 2095 auditores.

2245 2108 2375 2163 Nam
2408 2112 2494 2179 qui
2526 2114 2657 2169 bene
2701 2118 2824 2185 agit,
2874 2134 3086 2189 semper
3128 2126 3321 2191 gaudet
3349 2126 3536 2181 eadem
3569 2129 3686 2198 ipsa
3731 2148 3829 2185 au-

2247 2202 2416 2263 diens,
2458 2221 2518 2258 ac
2562 2207 2603 2259 si
2634 2208 2815 2262 laudes
2854 2225 2977 2264 snas
3020 2215 3226 2268 audiret
3255 2219 3376 2287 :qni
3412 2235 3536 2273 vero
3578 2238 3689 2275 non
3720 2225 3835 2278 vult

2248 2303 2394 2349 recte
2420 2312 2597 2364 agere,
2632 2299 2871 2353 moleStia
2899 2318 2957 2357 se
2988 2303 3165 2371 impeti
3188 2316 3367 2374 putat.
3396 2320 3450 2363 et
3476 2312 3519 2363 si
3544 2311 3628 2365 bis
3652 2314 3831 2367 solum

2248 2384 2444 2447 audiat,
2478 2389 2670 2456 sacpius
2697 2391 2906 2446 audisse
2938 2393 3038 2446 sibi
3062 2395 3288 2450 videtur.
3320 2397 3545 2454 Mundus
3578 2419 3723 2468 sum,
3757 2406 3835 2458 in-

2248 2477 2381 2547 quit,
2409 2494 2440 2530 a
2468 2482 2710 2548 sanguine
2733 2485 2973 2539 omnium.

2318 2571 2373 2624 4.
2418 2571 2527 2625 Iloc
2575 2574 2752 2629 dicere
2796 2577 2959 2631 Paulo
2997 2583 3359 2649 competebat;
3410 2601 3508 2641 nos
3548 2597 3742 2644 autem
3790 2591 3837 2645 id

2250 2660 2492 2730 proferre
2514 2680 2614 2717 non
2647 2667 2923 2734 audemus,
2951 2673 3091 2739 quod
3128 2676 3409 2730 multorum
3438 2681 3597 2732 nobis
3627 2686 3838 2738 conscii

2252 2753 2435 2807 simus.
2486 2755 2575 2809 Ille
2602 2758 2795 2827 quippe
2834 2762 2921 2829 qui
2952 2776 3163 2831 semper
3191 2767 3435 2835 vigilabat
3464 2780 3520 2824 et
3553 2772 3837 2838 adstabat,

2253 2844 2341 2913 qui
2385 2847 2559 2900 omnia
2610 2864 2706 2917 pro
2759 2851 2927 2906 salute
2971 2853 3353 2924 discipulorum
3403 2863 3735 2923 sustinebat,
3796 2866 3839 2918 id

2253 2947 2608 3005 congruenter
2635 2940 2813 2996 dicere
2840 2954 3074 3012 poterat;
3107 2962 3203 3001 nos
3243 2959 3418 3005 autem
3451 2953 3582 3006 illud
3635 2956 3841 3025 Moysis

2254 3026 2490 3083 dicemus
2514 3048 2527 3083 ε
2558 3030 2727 3087 Iratus
2756 3045 2826 3087 est
2847 3037 2972 3089 milii
2998 3038 3248 3095 Dominus
3271 3058 3473 3111 propter
3500 3060 3615 3111 vos,
3642 3052 3773 3115 quia
3797 3054 3841 3103 in

2254 3121 2413 3177 multa
2436 3138 2639 3194 peccata
2666 3129 2915 3183 adducitis
2955 3133 3103 3185 etiam
3134 3152 3224 3188 nos
3252 3136 3427 3203 (Deut.
3466 3140 3518 3193 5.
3545 3141 3674 3207 26).
3706 3141 3842 3197 Cum

2255 3225 2431 3269 autem
2459 3219 2637 3271 animo
2672 3219 2950 3275 deficimus
2979 3225 3220 3280 videntes
3256 3244 3350 3281 vos
3378 3232 3505 3282 nihil
3542 3236 3840 3300 proficere.

2255 3322 2430 3362 annon
2463 3310 2631 3379 major
2665 3328 2785 3381 pars
2819 3316 3005 3368 virium
3038 3328 3339 3373 nostrarum
3386 3326 3673 3379 concidit?
3705 3328 3841 3394 Quid

2258 3402 2418 3464 enim,
2447 3418 2647 3472 qmeso,
2680 3404 2874 3460 factum
2906 3412 3025 3462 est?
3056 3413 3190 3467 Ecce
3224 3430 3317 3482 per
3347 3419 3575 3485 gratiam
3616 3421 3717 3475 Dei
3755 3440 3845 3476 nos

2256 3508 2465 3563 quoque
2504 3496 2784 3552 triennium
2834 3500 2940 3569 jam
2985 3502 3239 3559 habemus
3269 3507 3406 3579 (a),
3450 3527 3554 3564 non
3623 3516 3843 3581 quidem

2258 3598 2413 3642 nocte
2442 3599 2494 3643 et
2522 3592 2607 3644 die
2654 3592 2946 3661 hortantes,
2975 3599 3066 3650 sed
3096 3610 3214 3668 post
3244 3610 3347 3656 tres
3378 3620 3521 3673 sa‘pc
3556 3607 3713 3671 dies,
3757 3611 3843 3665 alb

2259 3683 2470 3751 quando
2498 3696 2616 3754 post
2662 3700 2862 3757 septem
2894 3691 2994 3746 hoc
3020 3693 3290 3749 facientes.
3325 3698 3461 3763 Quid
3492 3706 3743 3771 amplius
3776 3708 3846 3759 fac

2260 3783 2400 3828 ctum
2447 3778 2562 3830 est?
2592 3779 2977 3851 Objurgamus,
3027 3787 3398 3856 iucrepamus,
3447 3794 3843 3865 Iacrymamnr,

2261 3869 2522 3937 dolemus,
2553 3874 2651 3928 etsi
2682 3890 2785 3927 non
2812 3877 3005 3944 palam,
3033 3888 3088 3933 at
3118 3880 3168 3933 in
3196 3883 3373 3938 corde.
3413 3884 3520 3940 Illa:
3542 3898 3744 3942 autem
3776 3892 3845 3944 la-

2262 3974 2457 4031 cryma:
2480 3961 2560 4016 his
2586 3964 2752 4018 multo
2781 3966 3011 4023 leviores
3039 3980 3193 4027 sunt:
3216 3972 3318 4026 illa:
3350 3988 3583 4043 namqae
3612 3979 3843 4046 aliquam

2264 4050 2563 4107 dolentibus
2586 4055 2813 4111 afferunt
2844 4061 3292 4127 consolationem;
3327 4064 3407 4117 hee
3434 4081 3568 4120 vero
3600 4068 3837 4123 dolorem

2265 4155 2458 4215 augent
2501 4156 2553 4201 et
2585 4151 2972 4219 constringunt.
3000 4154 3088 4208 Sic
3115 4156 3324 4223 quando
3351 4158 3467 4225 quis
3508 4159 3562 4211 in
3616 4176 3839 4216 matram:

2267 4235 2429 4306 degit,
2464 4255 2559 4293 nec
2589 4251 2761 4308 potest
2784 4242 3023 4299 dolorem
3050 4246 3258 4309 efferre,
3287 4264 3353 4303 ne
3373 4249 3633 4304 videatur
3666 4270 3844 4306 vanam

2268 4327 2486 4396 gloriam
2516 4342 2784 4399 appetere,
2827 4338 3025 4401 majora
3061 4340 3277 4405 patitur,
3311 4357 3465 4409 quam
3498 4344 3539 4395 si
3582 4344 3743 4398 illum
3781 4346 3851 4399 ef-

2272 4418 2451 4474 ferret.
2484 4422 2589 4476 Nisi
2622 4426 2738 4493 quis
2784 4443 2868 4481 me
2896 4438 3098 4496 putaret
3143 4447 3323 4483 auram
3375 4434 3716 4501 soperfluam
3766 4454 3851 4490 ca-

2270 4521 2438 4580 ptare,
2472 4517 2706 4581 quotidie
2736 4534 2820 4571 me
2849 4520 3057 4574 videres
3100 4521 3273 4576 fontes
3302 4525 3669 4593 lacrymarum
3702 4530 3855 4582 emit-

2276 4610 2631 4662 terezharum
2668 4626 2794 4663 vero
2837 4613 3064 4667 enascine
3106 4628 3226 4668 sunt
3258 4614 3580 4670 domunciila
3632 4630 3690 4673 et
3733 4622 3858 4673 soli-

2276 4698 2421 4753 tudo.
2443 4698 2653 4753 Credite
2677 4717 2901 4771 namque
2929 4705 3075 4768 mihi,
3108 4707 3173 4760 de
3200 4709 3369 4761 salute
3398 4724 3512 4761 mea
3536 4709 3857 4779 desperavi.

2276 4800 2329 4843 et
2357 4790 2481 4843 dum
2512 4801 2685 4845 vestra
2714 4792 2889 4862 lugeo,
2924 4812 3025 4849 non
3058 4807 3211 4850 vacat
3239 4799 3373 4852 mala
3406 4815 3520 4853 mea
3551 4804 3860 4871 plangere:

2277 4882 2353 4934 sic
2380 4896 2471 4933 vos
2500 4882 2626 4934 mihi
2658 4884 2833 4936 omnia
2880 4886 3028 4939 estis.
3078 4887 3133 4940 Si
3172 4889 3395 4941 sentiam
3427 4906 3521 4942 vos
3573 4893 3629 4944 in
3660 4896 3864 4947 virtute

2279 4976 2479 5041 augeri,
2511 4989 2618 5042 pra:
2646 4976 2913 5044 voluptate
2944 4977 3077 5030 mala
3123 4995 3235 5032 mea
3268 4996 3370 5032 non
3403 4983 3615 5047 sentio;
3666 4986 3759 5039 sin
3791 4989 3869 5039 ui-

2283 5063 2355 5118 hil
2384 5067 2639 5133 proficere
2663 5067 2891 5130 videam,
2919 5087 3024 5136 pra:
3054 5087 3281 5126 mterore
3312 5090 3521 5127 rursum
3546 5092 3671 5130 mea
3704 5082 3868 5133 missa

2283 5154 2419 5209 facio
2444 5174 2455 5209 :
2478 5157 2627 5211 lactus
2657 5160 2867 5227 quidem
2892 5159 2957 5214 de
2980 5161 3132 5215 bonis
3154 5167 3363 5228 vestris,
3393 5166 3514 5219 licet
3535 5168 3690 5223 mille
3718 5172 3877 5223 malis

2284 5256 2538 5312 onustus;
2572 5260 2792 5303 moestus
2836 5250 2901 5305 de
2944 5254 3205 5321 tristibus,
3249 5272 3365 5325 qua:
3392 5258 3542 5311 vobis
3588 5265 3875 5324 accidunt.

2286 5338 2385 5391 etsi
2412 5339 2684 5393 innumera
2717 5352 2894 5396 essent
2920 5347 3171 5411 praeclare
3200 5358 3342 5417 gesta
3388 5349 3537 5402 mihi.
3571 5350 3714 5417 Qua:
3756 5370 3883 5423 apes

2288 5432 2428 5484 enim
2457 5431 2678 5496 doctori,
2706 5448 2865 5503 grege
2893 5440 3181 5505 corrupto?
3208 5441 3376 5508 qualis
3410 5443 3535 5507 vita,
3569 5446 3760 5515 qualis
3791 5465 3885 5501 ex-

2291 5524 2584 5591 spectatio?
2614 5541 2730 5579 cum
2762 5542 2861 5595 qua
2894 5527 3083 5583 fiducia
3128 5532 3288 5585 stabit
3333 5542 3456 5588 ante
3485 5536 3698 5591 Deum?
3753 5542 3885 5610 quid

2288 5616 2464 5671 dicet?
2494 5618 2755 5674 Ponamus
2784 5621 2925 5675 enim
2950 5622 3121 5692 ipsum
3167 5639 3271 5678 non
3315 5626 3663 5698 reprehendi,
3698 5649 3890 5705 neque

2361 5754 2432 5816 (ιι)
2459 5762 2545 5805 Per
2569 5757 2827 5809 triennium
2850 5760 3125 5822 praedicavit
3147 5762 3532 5828 Chrysostomus.
