4098 6354
478 237 586 295 515

549 350 659 406 Καὶ
690 351 841 406 ούδέν
870 353 1064 416 αὑτους
1088 352 1263 417 τοῦτο,
1288 353 1471 421 φησὶν,
1507 351 1710 421 ὠφελεῖ
1734 352 1853 405 οὑδέ
1884 353 2140 423 προΐστα-

477 457 585 504 ται,
618 441 700 493 ὅτι
756 442 911 495 αὑτοὶ
970 440 1335 510 ἀγρυπνοῦσιν
1364 440 1502 510 ὑπὲρ
1562 441 1671 493 τῶν
1725 438 1910 510 ψυχῶν
1949 439 2138 509 ήμῶν;

475 526 618 581 Ἀλλ’
652 528 1019 596 ἀγρυπνοῦσιν
1041 526 1114 588 ὡς
1137 528 1291 594 λόγον
1310 525 1708 590 ἀποδώσοντεςο
1744 528 1838 580 καὶ
1867 526 2013 579 δοκεῖ
2045 526 2143 595 μέν

476 630 588 667 τισι
627 615 783 667 τοῦτο
827 609 961 667 εἶναι
998 614 1245 684 φοϐερὸν,
1303 613 1424 682 ἐμοὶ
1475 612 1532 664 δὲ
1575 612 1749 675 οὐδεὶς
1770 611 1961 664 τούτου
1986 611 2144 679 λόγος

479 701 621 772 μετά
668 702 764 771 τὴν
792 702 1057 772 ὑμετέραν
1089 701 1384 755 ἀπώλειαν.
1430 701 1531 752 Ἀν
1562 717 1621 752 τε
1644 700 1747 771 γὰρ
1776 700 1850 752 δῶ
1874 699 2048 767 λόγον,
2077 698 2143 754 ἄν

476 806 536 842 τε
573 792 643 861 μὴ
669 790 763 856 δῶ,
804 791 953 843 οὐδέν
986 807 1075 861 μοι
1108 790 1167 843 τὸ
1205 789 1415 858 ὄφελος.
1459 789 1672 841 Γένοιτο
1701 786 1938 858 σωθῆναι
1974 787 2139 857 ὑμᾶς,

479 881 572 933 καὶ
603 880 781 932 δοῦναι
811 879 962 946 λόγον
992 878 1089 944 ἐμὲ
1122 877 1189 930 δι’
1220 877 1363 946 ὑμᾶς
1384 893 1398 908 ·
1433 876 1577 947 ὑμᾶς
1628 875 1886 944 σωθῆναι,
1914 874 2008 927 καὶ
2040 873 2141 943 ἐμὲ

479 965 821 1035 ἐγκαλεῖσθαι
853 965 927 1027 ὡς
976 964 1049 1034 μὴ
1096 963 1459 1034 πληρώσαντα
1495 962 1562 1016 τά
1617 961 1746 1031 παρ’
1772 959 2031 1031 ἐμαυτοῦ.
2065 960 2140 1013 Οὐ

478 1055 585 1124 γάρ
613 1051 704 1106 τοῦ
723 1052 787 1105 δι’
822 1049 956 1120 ἐμοῦ
993 1050 1231 1120 σωθῆναι
1263 1050 1407 1121 ὑμᾶς
1434 1049 1721 1119 φροντίζω,
1752 1048 1884 1101 ἀλλὰ
1912 1047 2004 1100 τοῦ
2038 1064 2142 1099 σω-

479 1141 635 1208 θῆναι
665 1140 824 1209 μόνον
851 1140 916 1191 δι’
946 1139 1292 1208 ὁτουδήποτε.
1324 1138 1438 1191 υὺκ
1461 1137 1575 1189 ίστε
1603 1136 1700 1207 τὴν
1719 1134 2008 1206 τυραννίδα
2034 1135 2142 1188 τῶν

478 1228 681 1282 ώδινῶν
696 1227 803 1279 τῶν
829 1227 1235 1297 πνευματικῶν,
1258 1225 1374 1289 πῶς
1398 1224 1651 1297 μυριάκις
1679 1224 1852 1276 ἐλοιτο
1882 1224 1948 1277 ἂν
1979 1240 2143 1276 κατα-

480 1316 712 1385 κοπῆναι
739 1318 768 1368 ὁ
794 1315 978 1368 τοῦτον
995 1314 1087 1367 τὸν
1112 1314 1269 1367 τόκον
1289 1312 1563 1383 ὠδίνων,ἢ
1590 1311 1697 1365 τῶν
1722 1311 2021 1381 τεχθέντων
2044 1310 2141 1364 ἕνα

478 1403 849 1473 ἀπολλύμενον
885 1403 1012 1455 ίδεῖν
1043 1402 1139 1455 καὶ
1166 1401 1591 1473 διεφθαρμένον;
1639 1399 1808 1454 Πόθεν
1837 1400 1982 1470 ὑμᾶς
2023 1399 2145 1452 πείο

482 1508 679 1560 σομενς
709 1491 971 1561 ἑτέρωθεν
998 1489 1096 1560 μὲν
1137 1490 1454 1559 οὐδαμόθεν,
1484 1487 1592 1541 ἀπὸ
1629 1488 1685 1541 δὲ
1709 1486 1816 1541 τῶν
1844 1487 2143 1558 γινομένων

479 1577 549 1631 τὰ
578 1578 697 1631 καθ’
721 1578 867 1647 ὑμᾶς
889 1577 1065 1630 πάντα
1091 1574 1493 1645 ἀπολυσόμεθα.
1524 1573 1811 1644 Δυνάμεθα
1862 1575 1956 1627 καὶ
1984 1575 2143 1645 ἡμεῖς

479 1664 681 1733 λέγειν,
705 1665 787 1718 ὅτι
834 1664 984 1717 οὐδὲν
1014 1662 1449 1732 ὑπεστειλάμεθα
1471 1678 1483 1691 ⁸
1517 1662 1631 1717 ἀλλ’
1653 1663 1803 1731 ὅμως
1837 1660 2143 1733 άλγοῦμενο

479 1754 575 1807 καὶ
603 1754 683 1807 ὃτι
715 1750 1008 1822 ἀλγοῦμεν,
1039 1751 1194 1821 δῆλον
1226 1749 1287 1815 ἐξ
1330 1742 1404 1805 ὧν
1442 1750 1609 1821 μυρία
1645 1750 2144 1818 κατασκευάζομεν,

480 1841 576 1894 καὶ
606 1838 993 1910 μηχανώμεθα.
1028 1837 1220 1891 Καίτοι
1258 1853 1323 1906 γε
1344 1836 1473 1907 ἐνῆν
1508 1837 1645 1907 πρὸς
1675 1837 1819 1907 ὑμᾶς
1849 1836 2045 1900 αὐτοὺς
2065 1836 2146 1888 εί-

478 1930 632 1981 πεῖν’
672 1926 738 1980 Τί
775 1944 865 1998 μοι
924 1925 1111 1998 μέλει;
1162 1923 1272 1993 ἐγὼ
1309 1924 1370 1977 τὸ
1423 1923 1659 1995 ἐμαυτοῦ
1693 1923 1997 1995 πεποίηκα,
2036 1921 2146 1991 ἐγὼ

479 2016 719 2087 καθαρός
751 2017 864 2085 είμι
891 2014 999 2068 ἀπὸ
1023 2012 1116 2068 τοῦ
1140 2014 1398 2084 αἵματος⁹
1429 2012 1545 2066 ἀλλ’
1564 2012 1664 2065 οὑκ
1695 2013 1854 2083 ἀρκεῖ
1876 2010 2033 2065 τοῦτο
2064 2011 2142 2075 είς

481 2104 854 2175 παραμυθίαν.
910 2102 977 2156 El
1028 2118 1093 2170 γε
1126 2102 1251 2173 ἐνῆν
1278 2101 1376 2173 τὴν
1405 2099 1629 2170 καρδίαν
1657 2098 1813 2169 ἡμῶν
1837 2096 2141 2171 ἀναρρῆξαι

481 2192 577 2245 καλ⁸
622 2190 885 2255 ἐπιδεῖξαι
912 2202 963 2257 ει,
1004 2189 1173 2243 εἴδετε
1200 2188 1265 2243 ἂν
1300 2186 1438 2258 μετά
1466 2186 1666 2259 πολλῆς
1686 2185 1832 2239 ἔνδον
1858 2186 2016 2249 ὄντας
2042 2185 2142 2255 τῆς

482 2278 820 2349 εὐρυχωρίας
858 2278 1063 2341 πάντας
1089 2278 1253 2345 ὑμᾶς,
1295 2276 1388 2330 καὶ
1420 2276 1681 2344 γυναῖκας
1703 2272 1796 2327 καὶ
1826 2273 2022 2336 παῖδας
2048 2272 2143 2326 καὶ

483 2366 700 2438 ἄνδραςο
727 2363 947 2435 τοιαύτη
969 2364 1077 2434 γὰρ
1104 2364 1253 2435 ήτῆς
1275 2362 1496 2433 ἀγάπης
1522 2362 1769 2432 δύναμις,
1794 2359 1888 2413 τοῦ
1914 2359 2142 2431 ούρανοῦ

482 2454 862 2525 εὑρυχωτέραν
896 2455 1042 2507 ποιεῖ
1068 2452 1164 2523 τὴν
1190 2451 1385 2523 ψυχήν.
1408 2451 1724 2519 Χωρήσατε
1751 2448 1928 2519 ἡμᾶς,
1958 2448 2142 2517 ἔλεγεν

483 2542 514 2596 ό
536 2541 743 2606 Παῦλος
760 2555 777 2574 ο
809 2540 1029 2595 οὐδένα
1054 2539 1444 2609 ἠδικήσαμεν,
1478 2541 1549 2592 οὑ
1574 2536 2036 2607 στενοχωρεῖσθε
2071 2537 2143 2591 ἐν

550 2629 576 2658 ⁸
599 2627 754 2688 Unus,
795 2627 1046 2692 ἀναρῤῆξαι
1077 2625 1254 2683 πάντας
1286 2629 1411 2689 ἡμᾶς
1428 2626 1510 2674 καὶ
1530 2625 1770 2681 ἐπιδεῖξαι.

1283 236 1343 293 S.
1384 234 1669 293 JOANNIS
1704 233 2194 293 CHRYSOSTOMI
2232 235 2551 293 ARCHIEP.
2590 235 3131 293 CONSTANTINOP.

3795 236 3909 295 3M

2242 351 2405 420 ἡμῖν.
2449 352 2618 407 Τοῦτο
2646 352 2875 423 λέγομεν
2901 351 2996 405 νῦν
3034 353 3127 405 καὶ
3173 352 3331 422 ἡμεῖς
3351 370 3367 387 ο
3403 351 3699 424 Χωρήσατε
3730 352 3907 423 ἡμᾶς.

2243 440 2428 493 Πᾶσαν
2458 438 2555 509 τὴν
2576 439 2837 508 Κόρινθον
2864 435 3008 508 εἶχεν
3036 441 3239 502 ἐκεῖνος
3274 441 3331 492 ἐν
3355 442 3422 510 τῇ
3449 440 3646 511 καρδίᾳ
3672 439 3901 506 ἑαυτοῦ,

2241 528 2337 580 καὶ
2387 528 2572 595 ἐλεγεο
2630 529 3012 593 Πλατύνθητε
3060 527 3157 580 καί
3208 528 3409 596 ὑμεῖς·
3464 529 3536 582 οὐ
3603 545 3909 598 στενοχω-

2233 615 2456 682 ρεῖσθε.
2498 615 2636 668 Ἀλλ’
2657 616 2815 679 αὐτὸς
2837 615 2933 667 οὑκ
2959 616 3023 669 ἂν
3044 616 3218 685 ἔχοιμι
3248 614 3406 669 τοῦτο
3439 616 3615 684 λέγειν
3633 632 3648 646 ο
3703 612 3765 669 εὖ
3799 617 3909 685 γὰρ

2241 699 2377 770 οἶδα,
2401 704 2482 757 ὅτι
2516 704 2609 757 καὶ
2635 704 2789 774 ὑμεῖς
2817 705 2849 773 ὴ
2860 704 2964 773 μᾶς
2986 704 3233 770 ἀγαπᾶτε
3268 703 3361 756 καὶ
3390 705 3632 774 χωρεῖτε.
3668 704 3831 757 Ἀλλά
3853 704 3907 755 τί

2240 792 2301 844 τὸ
2326 791 2516 861 κέρδος
2544 792 2577 861 ἢ
2606 792 2706 860 τῆς
2734 792 2874 861 ἐμῆς
2906 790 3124 860 ἀγάπης
3148 789 3180 859 ἢ
3208 790 3305 861 τῆς
3334 790 3506 860 ὑμῶν,
3534 791 3661 844 ὅταν
3683 791 3745 844 τὸ
3768 790 3911 843 κατά

2240 876 2373 929 Θεὸν
2421 879 2551 949 ἡμῖν
2598 876 2673 948 μὴ
2719 879 3019 949 προχωρῇ;
3070 877 3326 940 Μείζονος
3356 877 3592 946 ἀθυμίας
3626 877 3908 939 ὑπόθεσις,

2241 965 2485 1029 πλείονος
2538 964 2715 1035 λύμης
2768 966 3011 1036 ἀφορμή.
3078 964 3241 1017 Οὑδέν
3301 964 3406 1034 ἔχω
3454 964 3701 1032 ἐγκαλεῖν
3746 964 3906 1033 ὑμῖν·

2239 1052 2526 1121 Μαρτυρῶ
2554 1053 2663 1123 γὰρ
2692 1052 2853 1121 ὑμῖν,
2883 1051 2993 1116 ὅτι,
3014 1052 3066 1105 εὶ
3084 1050 3364 1111 δυνατὸν.
3391 1050 3534 1116 τοὺς
3561 1048 3911 1120 ὀφθαλμοὺς

2240 1139 2406 1210 ὑμῶν
2432 1139 2826 1207 ἐξορύξαντες
2856 1138 2934 1194 ἂν
2979 1137 3233 1192 ἐδώκατέ
3272 1156 3394 1207 μοι.
3444 1136 3794 1207 Ἱμειρόμεθα
3844 1136 3905 1188 οὐ

2245 1230 2402 1298 μόνον
2429 1228 2488 1281 τὸ
2506 1226 2856 1296 Εὑαγγέλιον,
2887 1226 3020 1280 ἀλλά
3048 1228 3141 1281 καὶ
3167 1225 3265 1290 τὰς
3296 1225 3500 1278 ἑαυτῶν
3527 1225 3701 1295 ψυχὰς
3720 1223 3911 1277 δοῦναι

2242 1316 2389 1385 ὑμῖν.
2420 1313 2722 1386 Φιλούμεθα
2771 1314 2865 1366 καὶ
2915 1312 3203 1383 φιλοῦμεν·
3255 1312 3368 1367 ἀλλ’
3408 1313 3468 1365 οὑ
3506 1311 3663 1365 τοῦτό
3689 1312 3811 1363 ἐστι
3843 1311 3905 1363 τὸ

2241 1401 2586 1473 ζητούμενον.
2654 1402 2968 1474 Φιλήσωμεν
3012 1397 3105 1455 οῦν
3142 1400 3233 1454 τὸν
3284 1398 3515 1469 Χριστὸν
3564 1397 3593 1438 δ
3649 1398 3904 1470 πρῶτον

2242 1490 2430 1564 πρώτη
2478 1492 2586 1564 γὰρ
2643 1492 2852 1562 ἐντολὴ,
2900 1490 3259 1562 Ἀγαπήσεις
3318 1490 3536 1558 Κύριον
3595 1490 3702 1543 τὸν
3758 1489 3911 1543 Θεόν

2244 1593 2360 1634 σου
2379 1595 2393 1611 °
2424 1578 2669 1648 δευτέρα
2701 1578 2769 1632 δὲ
2800 1580 2973 1648 όμοία
2997 1576 3203 1645 αὐτῆς,
3228 1577 3336 1631 Καὶ
3367 1577 3471 1631 τὸν
3494 1576 3762 1643 πλησίον
3789 1590 3910 1631 σου

2246 1667 2326 1732 ὡς
2370 1669 2646 1721 σεαυτόν.
2674 1666 2783 1738 Τὴν
2834 1666 3089 1737 δευτέραν
3123 1666 3339 1735 ἔχομεν,
3386 1665 3487 1736 τῆς
3513 1663 3737 1736 πρώτης
3773 1666 3911 1734 ἡμῖν

2245 1757 2354 1809 δεῖο
2405 1756 2503 1827 τῆς
2551 1755 2770 1827 πρώτης
2807 1754 2885 1808 δεῖ
2928 1753 3063 1825 μετά
3107 1753 3306 1824 πολλῆς
3346 1753 3445 1825 τῆς
3484 1752 3783 1823 ὑπερϐολῆς
3813 1752 3913 1806 καὶ

2247 1844 2371 1913 ἐμοὶ
2398 1844 2492 1898 καὶ
2523 1844 2670 1913 ὑμῖν.
2704 1841 2937 1913 Ἐχομεν
2962 1841 3153 1912 αὐτὴν,
3204 1841 3319 1895 ἀλλ’
3350 1842 3447 1911 οὑχ
3485 1840 3561 1904 ὼς
3586 1841 3718 1911 χρή.
3742 1839 3911 1909 Φιλή-

2250 1946 2433 2001 σωμεν
2458 1929 2618 1983 αὐτόν
2645 1944 2660 1960 ⁸
2709 1930 2822 1982 ῐστε
2855 1929 3015 1993 πόσος
3064 1929 3349 1982 ἀπόκειται
3392 1928 3580 1997 μισθὸς
3608 1929 3722 1990 τοῖς
3745 1926 3911 1998 φιλήο

2249 2033 2371 2069 σασι
2385 2016 2474 2069 τὸν
2490 2014 2739 2085 Χριστόν·
2756 2016 3067 2085 φιλήσωμεν
3088 2016 3250 2070 αὑτὸν
3267 2015 3557 2085 θερμότητι
3576 2014 3775 2084 ψυχῆς,
3794 2014 3908 2078 ἵνα,

2245 2102 2345 2171 τῆς
2374 2103 2499 2172 παρ’
2532 2101 2693 2155 αὑτοῦ
2719 2102 2929 2166 εὐνοίας
2957 2101 3337 2167 ἀπολαύοντες,
3375 2100 3725 2170 διαφύγωμεν
3758 2098 3910 2172 [537]

2245 2190 2337 2243 τὸν
2366 2189 2607 2243 κλύδωνα
2638 2190 2730 2243 τοῦ
2761 2190 3023 2260 παρόντος
3054 2190 3189 2260 βίου,
3212 2189 3305 2242 καὶ
3345 2189 3453 2242 τῶν
3482 2188 3913 2259 ἐπηγγελμένων

2244 2278 2465 2346 ἀγαθῶν
2501 2278 2612 2340 τοῖς
2636 2276 2919 2345 ἀγαπῶσιν
2965 2276 3126 2332 αὑτὸν
3159 2278 3431 2347 ἐπιτυχεῖν
3462 2275 3909 2345 καταξιωθῶμεν,

2245 2365 2427 2436 χάριτι
2454 2364 2549 2419 καὶ
2585 2362 2959 2435 φιλανθρωπίᾳ
2986 2364 3078 2417 τοῦ
3110 2363 3426 2434 μονογενοῦς
3468 2364 3632 2417 αὑτοῦ
3691 2363 3910 2425 Παιδὸς,

2249 2450 2368 2520 μεθ’
2391 2445 2452 2505 οὗ
2481 2449 2560 2521 τῷ
2586 2450 2759 2521 Πατρὶ
2783 2450 2899 2520 ἅμα
2924 2448 2999 2521 τῷ
3031 2452 3170 2521 ἁγίῳ
3198 2450 3473 2522 Πνεύματι
3507 2450 3653 2516 δόξα,
3685 2452 3909 2521 κράτος,

2243 2536 2398 2608 τιμὴ,
2416 2536 2510 2590 νῦν
2534 2538 2626 2590 καὶ
2640 2537 2745 2598 ἀεὶ,
2778 2538 2870 2590 καὶ
2884 2539 2959 2600 είς
2975 2539 3098 2599 τοὺς
3127 2538 3327 2602 αἰῶνας
3344 2538 3451 2592 τῶν
3466 2538 3690 2594 αἰώνων.
3712 2539 3910 2610 Ἀμήν.

2307 2624 2336 2663 b
2361 2623 2479 2685 Alii,
2503 2623 2803 2686 ζητούμενον.
2842 2624 2991 2675 Ἀλλὰ
3022 2626 3104 2674 τὸν
3147 2626 3351 2690 Χριστὸν
3372 2627 3663 2689 φιλήσωμεν.

1988 2826 2231 2880 ΟΜΙΛΙΑ
2270 2828 2403 2883 ME'.

491 2925 601 2984 Καὶ
627 2923 817 2980 τανῦν
840 2920 1222 2992 παρατίθεμαι
1247 2933 1275 2961 ι
1303 2920 1479 2990 ὑμᾶς,
1504 2919 1775 2992 ἀδελφοί,
1799 2919 1880 2985 τῷ
1909 2919 2029 2984 Θεῷ
2052 2919 2150 2974 καὶ

561 2996 642 3063 τῷ
667 2996 826 3064 λόγῳ
853 2990 963 3061 τῆς
1006 2990 1243 3064 χάριτος
1280 2992 1484 3055 αὐτοῦ,
1518 2990 1953 3064 τῷλδυναλιένφ
1990 2992 2151 3064 ἐπρι-

562 3059 922 3136 κοδομῆσαι,
938 3059 1035 3136 καί
1064 3061 1275 3117 δοῦναι
1296 3062 1703 3132 κληρονομίαν
1729 3060 1873 3131 ὑμῖν
1902 3063 1973 3115 ἐν
1999 3059 2151 3117 πᾶσι

560 3138 685 3205 τοῖς
701 3133 754 3206 ’ὴ
762 3133 1126 3207 γιασμένοις.

564 3234 633 3284 α’.
659 3228 835 3297 Ὅπερ
874 3220 1201 3277 ἐπιστέλλων
1223 3220 1386 3281 ποιεῖ,
1417 3218 1683 3273 τοῦτοκαὶ
1720 3218 2098 3290 συμϐουλεύων
2133 3233 2149 3248 ⁸

493 3316 602 3375 ἀπὺ
619 3314 990 3387 παραινέσεως
1017 3311 1096 3373 είς
1120 3308 1283 3379 εὐχὴν
1309 3308 1553 3378 τελευτᾷ.
1586 3308 1802 3378 Ἐπειδὴ
1824 3308 1933 3378 γὰρ
1955 3308 2153 3371 αὐτοὺς

496 3404 699 3474 σφόδρα
755 3400 1009 3470 ἐφόϐησε,
1059 3396 1250 3464 λέγων,
1298 3395 1378 3448 ὅτι
1427 3395 1613 3449 Λύκοι
1644 3392 1854 3463 βαρεῖς
1880 3395 1967 3460 είς
1998 3392 2153 3462 ὑμᾶς

496 3491 944 3548 εὶσελεύσονται
976 3502 991 3517 ο
1027 3485 1114 3538 ἵνα
1151 3482 1223 3553 μὴ
1250 3481 1570 3553 καταπλήξῃ
1596 3484 1661 3552 τῇ
1688 3482 1895 3554 διανοίᾳ
1914 3482 2006 3535 καὶ
2027 3482 2155 3536 ἀπο.

494 3579 649 3650 λέσῃ,
688 3578 789 3647 ὅρα
822 3575 921 3644 τὴν
952 3570 1321 3642 παραμυθίαν.
1346 3568 1455 3623 Καὶ
1490 3568 1698 3633 τανῦν,
1731 3570 1914 3639 φησίν.
1968 3568 2155 3633 Οὕτως

498 3662 643 3726 εἷπε.
675 3663 850 3735 δηλῶν
879 3660 967 3716 διά
1011 3659 1223 3723 τούτου,
1269 3658 1350 3711 ὅτι
1392 3655 1578 3729 ῶσπερ
1626 3656 1730 3710 ἀεὶ.
1762 3657 2153 3727 Παρατίθεμαι

497 3754 672 3825 ὑμᾶς,
698 3748 971 3819 ἀδελφοί,
1015 3745 1095 3811 τῷ
1152 3743 1272 3810 Θεῷ
1318 3743 1418 3799 καί
1452 3743 1532 3810 τῷ
1571 3745 1730 3814 λόγῳ
1765 3743 1876 3812 τῆς
1918 3743 2156 3813 χάριτος

498 3841 687 3898 αὐτοῦ
715 3855 728 3869 ’
763 3838 1034 3901 τουτέστι,
1073 3836 1139 3906 τῇ
1185 3834 1368 3906 χάριτι
1406 3833 1590 3888 αὑτοῦ.
1639 3833 1751 3886 Καὶ
1777 3830 1957 3895 καλῶς
1982 3831 2154 3897 οὓτως

500 3927 652 3984 εἶπεν
674 3945 689 3959 ο
724 3923 830 3981 οἶδε
852 3923 981 3996 γὰρ,
1016 3923 1097 3976 ὅτι
1152 3923 1186 3992 ἠ
1237 3921 1395 3992 χάρις
1450 3918 1630 3983 σώζει.
1667 3917 1909 3989 Συνεχῶς
1958 3918 2157 3982 αὐτοὺς

500 4015 905 4086 ἀναμιμνήσκει
963 4011 1063 4079 τῆς
1127 4009 1367 4079 χάριτος,
1419 4004 1865 4075 σποδδαιοτέρους
1890 4005 2057 4059 ποιῶν
2082 4006 2157 4083 ὡς

499 4103 799 4173 ὀφειλέτας,
858 4098 955 4151 καὶ⁹
1016 4094 1218 4148 πείθων
1275 4092 1513 4163 θαρρεῖν.
1554 4090 1637 4156 Τῷ
1666 4090 1976 4160 δυναμένῳ
2001 4093 2156 4161 ὑμᾶς

499 4186 985 4255 ἐποικοδομῆσαι.
1023 4182 1135 4235 Οὐκ
1172 4175 1345 4243 εἶπεν,
1376 4178 1753 4249 Οίκοδομῆσαι,
1787 4176 1933 4243 ἀλλ’,
1962 4178 2155 4233 Ἐποι-

502 4272 858 4341 κοδομῆσαι,
882 4268 1096 4330 δεικνὺς
1140 4266 1223 4318 ὅτι
1266 4264 1369 4334 ἤδη
1401 4262 1844 4333 ᾠκοδομήθησαν,
1894 4258 2027 4316 Εἶτα
2060 4265 2159 4336 τῆς

500 4364 717 4426 ἐλπίδος
745 4358 1017 4429 ἀνέμνησε
1054 4354 1156 4424 τῆς
1196 4351 1492 4423 μελλούσης
1511 4390 1526 4414 ,
1569 4348 1736 4404 εἰπών
1765 4366 1779 4381 ι
1810 4350 1919 4405 Καὶ
1949 4351 2160 4407 δοῦναι

502 4449 646 4521 ὑμῖν
675 4444 1078 4515 κληρονομίαν
1113 4442 1183 4497 έν
1219 4439 1369 4495 πᾶσι
1409 4436 1530 4503 τοῖς
1574 4436 1961 4506 ἡγιασμένοις
1966 4478 1979 4491 ο
2026 4438 2159 4494 Εἶτα

503 4538 665 4593 πάλιν
705 4534 1021 4605 παραίνεσις
1071 4545 1087 4561 ο
1147 4527 1464 4596 Ἀργυρίου,
1527 4525 1710 4595 φησὶν,
1761 4525 1800 4592 ἢ
1831 4526 2089 4595 χρυσίου
2118 4528 2156 4597 ἢ

503 4622 822 4697 ἱματισμοῦ
881 4616 1131 4682 οὐδενὸς
1176 4614 1545 4683 ἐπεθύμησα.
1580 4612 1689 4683 Τὴν
1750 4614 1903 4683 ῥίζαν
1945 4615 2159 4687 ἀναιρεῖ

502 4714 610 4770 τῶν
657 4710 863 4772 κακῶν,
906 4708 1003 4779 τὴν
1043 4702 1424 4775 φιλαργυρίαν.
1484 4700 1814 4771 Ἀργυρίου,
1866 4702 2048 4772 φησὶν,
2118 4703 2156 4772 ἢ

502 4802 780 4873 χρυσίου.
812 4796 926 4850 Οὑκ
957 4788 1128 4859 εἶπεν,
1166 4791 1278 4844 Οὑκ
1318 4788 1507 4841 ἔλαϐον
1543 4805 1555 4819 ·
1594 4787 1690 4841 ἀλλ
1704 4789 1737 4853 ’,
1771 4787 1923 4842 Οὐδὲ
1950 4789 2158 4844 ἐπεθύ-

498 4904 687 4960 μησα.
740 4884 905 4940 Οὔπω
965 4880 1105 4953 μέγα
1156 4877 1333 4939 τοῦτο,
1385 4875 1447 4929 τὸ
1497 4875 1552 4929 δὲ
1601 4876 1739 4946 μετά
1789 4875 1945 4929 τοῦτο
1995 4878 2155 4947 μέγα.

513 4975 710 5045 ’Υμεῖς
731 4973 1094 5033 ἐπίστασθε,
1147 4966 1237 5021 ὅτι
1279 4965 1410 5031 ταῖς
1460 4964 1687 5034 χρείαις
1724 4981 1844 5033 μου
1885 4965 1983 5018 καί
2035 4966 2159 5032 τοῖς

503 5061 643 5120 οὖσι
670 5063 796 5132 μετ’
824 5060 970 5129 ἐμοῦ
997 5056 1385 5127 ὑπηρέτησαν
1425 5057 1483 5109 αἱ
1515 5053 1707 5122 χεῖρες
1737 5050 1930 5109 αὗται.
1959 5055 2159 5109 Πάντα

504 5148 789 5212 ὑπέδειξα
821 5146 985 5214 ὑμῖν,
1016 5146 1105 5198 ὅτι
1132 5144 1284 5198 οὕτω
1320 5141 1652 5207 κοπιῶντας
1678 5140 1769 5194 δεῖ
1803 5141 2159 5211 ἀντιλαμϐά-

502 5241 716 5293 νεσθαι
757 5233 875 5286 τῶν
907 5232 1343 5287 ἀσθενούντων.
1379 5230 1519 5299 Ὅρα
1562 5227 1722 5281 αὑτὸν
1768 5226 1844 5297 τῷ
1899 5227 2044 5299 ἔργῳ
2070 5247 2159 5283 κε-

504 5325 797 5399 χρημένον,
820 5323 916 5375 καὶ
936 5321 1035 5389 οὐχ
1056 5318 1239 5381 ἁπλῶς
1259 5357 1272 5380 ,
1295 5316 1430 5371 ἀλλά
1454 5317 1745 5370 κοπιῶντα.
1773 5315 1908 5381 Ταῖς
1932 5317 2160 5386 χρείαις

502 5431 618 5487 μου
649 5410 747 5465 καὶ
779 5407 903 5473 τοῖς
941 5401 1082 5461 οὖσι
1101 5406 1240 5474 μετ’
1279 5404 1424 5473 ἐμοῦ
1456 5402 1843 5471 ὑπηρέτησαν
1875 5406 1935 5456 al
1967 5403 2158 5473 χεῖρες

503 5497 700 5556 αὗται.
734 5495 906 5550 Τοῦτο
960 5490 1344 5564 ἐντρεπτικῶς.
1385 5489 1495 5543 Καὶ
1527 5491 1649 5560 ὅρα,
1702 5488 1819 5552 πῶς
1858 5488 2043 5556 ἀξίως.
2080 5493 2153 5543 υς,

504 5590 613 5657 γὰρ
637 5581 759 5640 εἷπε
796 5581 1106 5654 Χρημάτων
1154 5578 1183 5619 ι)
1238 5575 1487 5647 γενέσθαι
1531 5576 1811 5647 κρείττους
1860 5594 1875 5609 ⁸
1904 5576 2039 5631 ἀλλὰ
2067 5578 2153 5644 τί;

514 5671 1088 5744 Ἀντιλαμϐἁνεσθαι
1143 5666 1262 5721 τῶν
1317 5667 1751 5722 ἀσθενούντων.
1809 5665 1921 5736 Οὐχ
1970 5666 2158 5730 ἁπλῶς

568 5842 595 5870 ⁸
620 5839 773 5901 Unus,
792 5837 1095 5901 παρατίθημι.
1120 5835 1148 5876 ι)
1171 5834 1289 5897 Alii,
1314 5832 1452 5891 ἀξίως
1474 5831 1629 5881 αὐτῶν
1652 5832 1739 5881 οὐκ
1760 5830 1861 5880 εἷπε
1880 5828 2153 5894 χρημάτων.
2200 5864 2215 5883 ο

2251 2920 2488 2984 πάντων,
2511 2919 2647 2975 ἀλλὰ
2665 2916 2770 2975 τῶν
2791 2919 3054 2975 ἀσθενῶν.
3078 2923 3492 2991 Μνημονεύειν
3511 2940 3575 2977 τε
3598 2925 3707 2979 τὸν
3724 2927 3913 2997 λόγον

2248 3008 2357 3062 τοῦ
2384 3010 2620 3076 Κυρίου,
2658 3009 2730 3063 ὃν
2757 3006 2887 3065 εἷπε
2904 3048 2919 3072 ,
2953 3010 3043 3064 ὅτι
3071 3010 3376 3079 Μακάριόν
3401 3012 3531 3066 ἐστι
3556 3012 3800 3082 μᾶλλον
3828 3014 3910 3068 δι-

2250 3095 2480 3163 δόναιῆ
2507 3097 2852 3165 λαμϐάνειν.
2886 3097 3004 3150 Ἵνα
3042 3099 3114 3168 μή
3148 3115 3232 3162 τις
3269 3099 3464 3172 νομίσῃ
3501 3100 3638 3172 πρὸς
3671 3102 3910 3164 ἐκείνους

2250 3185 2520 3255 εἰρῆσθαι,
2551 3186 2646 3237 καὶ
2672 3186 2841 3238 τύπον
2864 3184 3063 3238 διδόναι
3096 3185 3255 3239 αὑτὸν
3274 3223 3290 3249 ,
3324 3187 3459 3257 ὅπερ
3487 3187 3721 3258 ἀλλαχοῦ
3754 3206 3906 3259 φησι,

2252 3272 2433 3325 Τύπον
2464 3272 2694 3336 διδόντες
2722 3273 2870 3343 ὑμῖν,
2919 3274 3164 3343 ἐπήγαγε
3193 3272 3290 3344 τὴν
3337 3274 3608 3342 ἀπόφασιν
3655 3275 3754 3329 τοῦ
3783 3278 3912 3337 Χρι-

2253 3359 2400 3423 στοῦ,
2452 3360 2698 3429 λέγοντος
2727 3376 2743 3392 ⁸
2788 3360 3095 3430 Μακάριόν
3146 3362 3282 3416 ἐστι
3334 3362 3561 3417 διδόναι
3597 3363 3848 3433 μᾶλλον
3876 3365 3910 3433 ἣ

2250 3448 2594 3516 λαμϐάνειν.
2648 3447 2949 3519 Ἐπηύξατο
3010 3449 3188 3513 αὑτοῖς
3247 3451 3524 3521 παραινῶν
3569 3467 3584 3483 ο
3641 3452 3915 3506 δείκνυσιν

2252 3536 2383 3589 αὐτὸ
2411 3538 2506 3590 καὶ
2534 3535 2699 3608 ἔργῳ.
2747 3535 2856 3591 Καί
2902 3536 3089 3591 ταῦτα
3145 3538 3349 3600 εἰπὼν,
3390 3539 3516 3605 θείς
3566 3538 3642 3592 τὰ
3687 3541 3915 3609 γόνατα

2251 3624 2436 3678 αὐτοῦ
2464 3624 2586 3678 σὺν
2615 3623 2804 3678 πᾶσιν
2853 3624 3075 3691 αὐτοῖς,
3122 3625 3504 3693 προσηύξατο
3529 3642 3544 3657 ·
3574 3626 3674 3697 οὐχ
3703 3627 3913 3691 ἁπλῶς,

2252 3711 2387 3766 ἀλλά
2422 3713 2558 3783 μετά
2582 3711 2780 3783 πολλῆς
2806 3711 2905 3782 τῆς
2941 3712 3304 3776 κατανύξεως.
3341 3712 3513 3783 Πολλὴ
3550 3714 3584 3784 ἡ
3624 3714 3916 3787 παράκλη-

2255 3818 2339 3864 σις
2362 3819 2377 3835 ·
2409 3800 2503 3854 καὶ
2524 3800 2601 3871 τῷ
2629 3800 2801 3853 εἰπεῖν
2849 3800 2926 3864 δέ,
2972 3802 3366 3870 Παρατίθεμαι
3404 3801 3558 3871 ὑμᾶς
3584 3803 3666 3869 τῷ
3688 3806 3913 3872 Κιψίῳ,

2255 3887 2577 3959 παρακαλεῖ.
2618 3887 2891 3957 Ἐγένετο
2928 3887 2996 3942 δὲ
3046 3891 3352 3958 κλαυθμὸς
3396 3890 3597 3951 ἱκανός
3640 3890 3911 3952 πάντων,

2254 3976 2352 4032 καὶ
2377 3977 2766 4041 ἐπιπεσόντες
2826 3975 2924 4030 ἐπὶ
2972 3975 3079 4029 τόν
3128 3976 3433 4044 τράχηλον
3482 3976 3586 4031 τοῦ
3630 3979 3906 4043 Παύλου,

2257 4065 2407 4139 [558]
2429 4067 2791 4135 κατεφίλουν
2810 4064 3014 4127 αὑτὸν,
3037 4063 3413 4131 ὀδυνώμενοι,
3422 4063 3680 4134 μάλιστα
3702 4064 3800 4117 ἐπὶ
3824 4066 3908 4131 τῷ

2256 4156 2413 4224 λόγῳ
2438 4147 2485 4221 ᾧ
2519 4153 2736 4222 εἰρήκει
2762 4192 2777 4217 ,
2812 4152 2899 4205 ὅτι
2936 4150 3136 4205 οὐκέτι
3166 4151 3464 4220 μέλλουσι
3492 4152 3559 4205 τὸ
3588 4154 3911 4220 πρόσωπον

2257 4247 2441 4301 αὐτοῦ
2471 4245 2726 4314 θεωρεῖν.
2751 4244 3140 4312 Προέπεμπον
3164 4242 3232 4295 δὲ
3250 4242 3434 4297 αὑτὸν
3459 4245 3545 4307 είς
3576 4243 3642 4296 τὸ
3666 4242 3906 4298 πλοῖον.

2256 4329 2442 4394 Εἶπεν,
2483 4334 2563 4385 ὅτι
2605 4332 3067 4386 Είσελεύσονται
3113 4330 3288 4383 λύκοι
3318 4329 3528 4398 βαρεῖς
3555 4346 3571 4360 ο
3610 4324 3785 4394 εἶπεν,
3810 4331 3914 4383 θὸτι

2258 4420 2524 4488 Καθαρὸς
2555 4419 2668 4490 ἐγὼ
2693 4418 2811 4473 ἀπὸ
2856 4418 2963 4473 τοῦ
2995 4418 3241 4486 αἵματος
3272 4416 3511 4470 πάντων
3532 4434 3547 4446 ·
3574 4416 3747 4469 ταῦτα
3778 4412 3923 4470 ἐκά-’

2256 4527 2389 4581 τερα
2432 4509 2635 4578 φοϐερά
2681 4508 2774 4561 καὶ
2827 4506 2988 4561 ίκανά
3039 4507 3276 4577 λυπῆσαι
3320 4522 3335 4535 ο
3397 4505 3627 4575 μάλιστα
3658 4506 3714 4558 δὲ
3748 4505 3913 4558 πλέον

2257 4598 2474 4650 πάντων
2495 4594 2647 4649 τοῦτο
2683 4595 2881 4658 αὐτοὺς
2925 4593 3171 4664 ὠδίνησε,
3202 4593 3263 4646 τὸ
3299 4592 3492 4663 μηκέτι
3518 4594 3650 4662 ὁρᾷν
3674 4592 3909 4646 ἀκοῦσαι

2258 4683 2419 4738 αὑτόν
2451 4698 2467 4712 θ
2500 4683 2593 4737 καὶ
2634 4681 2792 4736 τοῦτο
2828 4681 2995 4735 ἐποίει
3049 4680 3139 4734 τὸν
3188 4679 3422 4749 πόλεμον
3446 4678 3696 4748 χαλεπόν.
3729 4679 3914 4746 Προέ-

2258 4784 2495 4841 πεμπον
2523 4770 2611 4839 δὲ,
2635 4772 2819 4841 φησὶν,
2854 4768 3040 4824 αὑτὸν
3081 4770 3168 4835 είς
3198 4767 3266 4822 τὸ
3313 4767 3546 4821 πλοῖον.
3572 4765 3760 4828 Οὕτως
3790 4767 3912 4834 ἐφί-

2258 4858 2381 4913 λουν
2408 4858 2589 4925 αὑτὸν,
2614 4858 2757 4912 οὓτω
2787 4857 3044 4912 διέκειντο
3065 4856 3194 4928 περὶ
3230 4855 3412 4910 αὐτόν.
3458 4856 3553 4921 Ὠς
3578 4854 3647 4907 δὲ
3672 4854 3912 4923 ἐγένετο

2258 4944 2592 5014 ἀναχθῆναι
2617 4943 2772 5014 ἡμᾶς
2803 4942 3305 5007 ἀποσπασθέντας
3340 4942 3439 4996 ἀπ’
3478 4938 3696 5005 αὐτῶν,
3726 4942 3909 4994 εὐθυ-

2257 5034 2667 5104 δρομήσαντες
2700 5031 2964 5100 ἤλθομεν
2999 5034 3087 5096 είς
3110 5029 3224 5097 τὴν
3249 5029 3400 5090 Κῶν,
3436 5027 3509 5095 τῇ
3540 5027 3607 5081 δὲ
3635 5025 3784 5095 ἑξῆς
3820 5029 3911 5093 είς

2269 5121 2491 5184 Ῥόδον,
2523 5119 2798 5175 κάκεῖθεν
2832 5120 2918 5183 είς
2961 5117 3216 5186 Πάταρα.
3248 5117 3357 5171 Καί
3390 5116 3667 5184 εὑρόντες
3692 5114 3907 5168 πλοῖον

2256 5205 2551 5274 διαπερῶν
2573 5207 2660 5272 είς
2680 5205 2981 5271 Φοινίκην,
3011 5203 3320 5270 ἐπιϐάντες
3340 5202 3703 5271 ἀνήχθημεν.
3736 5201 3914 5255 Ἀνα-

2254 5292 2547 5364 ςρανέντες
2582 5293 2649 5345 δὲ
2671 5292 2785 5359 τὴν
2811 5292 3074 5360 Κύπρον,
3120 5291 3218 5345 καί
3260 5292 3688 5354 καταλιπόντες
3712 5288 3916 5355 αὐτὴν

2253 5380 2584 5450 εὐώνυμον,
2636 5380 2929 5447 ἐπλέομεν
2960 5381 3046 5445 είς
3082 5378 3332 5445 Συρίαν,
3382 5376 3480 5432 καί
3528 5376 3915 5445 κατήχθημεν

2257 5469 2345 5532 είς
2383 5468 2586 5535 Τύρον.
2617 5468 2781 5536 Ὅρα,
2830 5461 2991 5536 ἦλθεν
3024 5467 3103 5530 είς
3148 5465 3377 5526 Λυκίαν,
3406 5464 3500 5517 καὶ
3525 5463 3801 5533 διαπερῶν
3831 5467 3914 5526 είς

2259 5554 2530 5622 Φοινίκην,
2564 5553 2661 5625 τὴν
2691 5554 2913 5624 Κύπρον
2948 5554 3126 5622 ἀφεὶς,
3170 5553 3249 5615 είς
3284 5552 3457 5622 Τύρον
3490 5549 3861 5604 κατέπλευσεν
3895 5568 3910 5582 ·

2259 5642 2435 5694 ἐκεῖσε
2455 5641 2564 5712 γάρ
2591 5637 2658 5711 ἦν
2701 5641 2763 5694 τὸ
2815 5641 2995 5694 πλοῖον
3044 5639 3534 5709 ἀποφορτιζόμενον
3596 5636 3685 5689 τὸν
3718 5637 3911 5707 γόμον.

2260 5728 2430 5781 Τοῦτο
2459 5730 2604 5783 αἰτία
2623 5729 2715 5783 τοῦ
2750 5729 3001 5783 ἀπελθεῖν
3039 5729 3116 5791 είς
3149 5727 3341 5797 Τύρον.
3377 5725 3487 5781 Καὶ
3508 5726 3787 5794 εὑρόντες
3802 5741 3913 5792 μα-

2261 5818 2445 5887 θητὰς
2488 5819 2880 5889 ἐπεμείναμεν
2931 5817 3078 5887 πρὸς
3103 5819 3325 5882 αὐτους
3355 5814 3575 5885 ἡμέρας
3599 5812 3753 5867 ἑπτά
3776 5830 3789 5842 ν
3827 5815 3913 5865 οἵ-
