3948 6510
107 353 215 411 515

104 481 297 539 prunas
321 463 472 529 dare,
498 460 593 518 sed
622 474 744 518 esse
769 459 1024 516 mundum
1049 477 1080 516 a
1107 464 1361 532 sanguine
1394 461 1629 516 omnium
1660 481 1673 516 :

106 561 174 613 ita
203 571 417 626 quoque
442 553 750 609 incurabilia
779 553 1005 622 patietur
1033 571 1049 607 :
1079 554 1202 622 quia
1233 553 1356 608 licet
1381 563 1559 624 patres
1585 569 1680 623 pro

106 647 232 701 ﬁliis
260 661 368 699 non
400 643 671 698 incusandi
701 644 828 708 sint,
858 652 1034 697 tamen
1062 642 1245 697 dolent
1270 653 1322 697 et
1355 643 1676 698 cruciantur.

176 737 346 804 Quam
397 746 533 790 curet
582 733 965 806 Chrysostomus
1015 735 1179 805 gregis
1225 735 1458 789 salutem.
1487 765 1558 774 ——
1584 734 1679 788 Ni-

107 829 271 891 hilne,
319 829 546 898 inquies,
595 827 724 895 ipsis
759 827 978 896 prodest
1007 828 1092 881 vel
1125 828 1506 897 patrocinatur,
1538 829 1678 898 quod

107 920 202 988 ipsi
243 919 468 987 vigilent
498 931 592 986 pro
633 917 912 971 animabus
958 917 1196 972 nostris?
1232 917 1338 972 Sed
1377 918 1594 987 vigilant
1623 927 1679 972 ut

107 1012 367 1064 rationem
413 1008 666 1063 reddituri
698 1007 878 1077 (Hebr.
909 1009 996 1062 15.
1029 1008 1118 1077 17)
1144 1026 1158 1062 :
1181 1007 1322 1077 quod
1363 1009 1676 1078 quibusdam

105 1099 315 1154 videtur
339 1114 459 1154 esse
484 1098 753 1162 terribile;
783 1097 911 1152 mihi
942 1108 1116 1153 autem
1143 1097 1244 1153 hoc
1269 1113 1413 1153 cura:
1441 1114 1546 1152 non
1573 1109 1674 1166 est,

105 1193 146 1246 si
183 1206 281 1245 vos
320 1190 570 1259 pereatis.
596 1189 748 1255 Dem,
797 1203 901 1244 nou
930 1188 1054 1244 dem
1101 1191 1359 1245 rationem
1394 1188 1462 1244 de
1505 1189 1675 1255 vobis,

105 1282 234 1336 nihil
266 1282 397 1336 mihi
429 1281 557 1336 utile
597 1291 700 1336 est.
746 1281 956 1336 Utinam
999 1282 1150 1337 vobis
1201 1281 1428 1336 salutem
1482 1283 1674 1346 naclis,

105 1375 225 1429 dem
277 1387 379 1445 ego
430 1372 498 1427 de
546 1372 700 1427 vobis
753 1373 1053 1440 rationem,
1109 1382 1163 1429 et
1213 1387 1437 1428 accuser
1467 1413 1483 1440 ,
1536 1372 1678 1443 quod

104 1467 340 1522 ofﬁcium
390 1482 567 1523 meum
630 1483 737 1522 non
800 1468 1150 1537 impleverim.
1213 1466 1330 1522 Non
1396 1467 1539 1522 enim
1605 1467 1678 1522 ita

103 1573 254 1623 curo,
291 1568 351 1613 ut
392 1574 487 1629 per
513 1575 607 1622 me
634 1574 729 1614 vos
755 1560 1061 1623 servemini,
1111 1567 1170 1613 ut
1198 1573 1328 1614 curo
1351 1598 1368 1624 ,
1396 1567 1456 1614 ut
1483 1573 1511 1611 a
1543 1573 1677 1628 quo-

104 1653 188 1705 vis
237 1651 546 1706 servemini.
602 1652 720 1706 Non
783 1653 953 1706 nostis
1019 1651 1369 1721 spiritualium
1432 1659 1676 1720 partuum

102 1741 463 1811 tyrannidem,
493 1742 760 1812 quomodo
799 1744 865 1807 is,
897 1745 985 1812 qui
1019 1744 1088 1796 ita
1119 1744 1362 1811 parturit,
1392 1742 1584 1797 millies
1623 1742 1675 1796 in

104 1831 270 1888 frusta
295 1834 507 1888 concidi
531 1842 794 1904 peroptat,
826 1835 1002 1904 potius
1023 1849 1181 1905 quam
1211 1849 1371 1888 unum
1399 1848 1465 1888 ex
1486 1833 1678 1903 genitis

105 1925 279 1992 perire
303 1925 388 1980 vel
417 1927 685 1995 corrumpi
725 1925 934 1981 videat?
975 1925 1252 1982 Undenam
1301 1926 1352 1980 id
1377 1926 1528 1981 vobis
1555 1941 1678 1996 per-

105 2016 490 2071 suadebimus?
513 2016 627 2071 Non
651 2017 758 2071 alio
783 2016 964 2083 modo,
995 2031 1150 2085 quam
1174 2031 1237 2071 ex
1267 2017 1348 2082 iis,
1380 2031 1498 2086 qua:
1527 2015 1677 2071 vobis

104 2109 441 2178 contingunt,
469 2107 822 2162 absolvemur.
848 2109 1136 2162 Possumus
1156 2117 1210 2162 et
1238 2122 1335 2161 nos
1355 2108 1553 2172 dicere,
1580 2120 1680 2161 nos

106 2199 236 2253 nihil
265 2197 678 2269 subwflugisse;
705 2208 938 2256 attamen
967 2199 1243 2255 dolemus:
1263 2208 1317 2254 et
1341 2198 1482 2269 quod
1507 2199 1680 2254 dolea-

106 2311 224 2348 mus
257 2295 380 2348 hinc
407 2294 576 2363 palam
595 2303 694 2359 est,
723 2294 868 2363 quod
898 2303 1038 2348 tanta
1067 2307 1315 2363 paremus
1338 2301 1393 2348 et
1413 2293 1680 2362 excogite-

107 2402 244 2439 mus.
269 2386 596 2455 Quamquam
619 2387 972 2454 potuissemus
989 2385 1141 2440 vobis
1161 2385 1338 2440 dicere
1359 2401 1374 2440 :
1393 2385 1528 2453 Quid
1550 2385 1678 2440 mihi

108 2496 248 2532 cura:
292 2479 409 2532 est?
445 2494 544 2548 ego
584 2479 725 2548 quod
765 2494 944 2534 meum
984 2488 1099 2534 erat
1143 2478 1274 2544 ieci;
1316 2493 1415 2548 ego
1452 2479 1680 2533 mundus

111 2587 221 2624 sum
263 2586 292 2622 a
333 2572 589 2640 sanguine
615 2589 628 2624 :
652 2579 707 2624 at
737 2572 838 2625 hoc
879 2586 984 2625 non
1028 2569 1226 2625 sufﬁcit
1265 2569 1329 2625 ad
1359 2571 1680 2625 consolatio-

113 2679 249 2717 nem.
277 2663 330 2717 Si
363 2672 543 2732 posset
566 2678 660 2718 cor
684 2674 925 2718 nostrum
953 2663 1177 2718 discindi
1214 2673 1268 2718 et
1295 2671 1500 2733 patere,
1530 2663 1680 2717 vide-

114 2757 236 2809 retis
263 2771 356 2809 vos
387 2771 575 2810 omnes
617 2757 722 2810 illic
764 2771 884 2811 esse
923 2758 974 2811 in
1005 2771 1194 2827 magna
1221 2756 1518 2823 latitudine,
1566 2771 1683 2810 mu-

116 2848 284 2912 lieres,
325 2849 482 2912 ﬁlios,
515 2849 692 2903 viros:
718 2857 861 2904 tanta
891 2850 1086 2919 quippe
1122 2859 1204 2905 est
1228 2851 1461 2904 caritatis
1491 2849 1680 2914 virtus,

119 2942 332 2994 anitnam
356 2942 494 2996 caelo
516 2941 758 2996 latiorem
785 2940 977 2998 reddit.
1008 2941 1184 3012 Capite
1208 2958 1320 3005 nos,
1353 2941 1522 3012 inquit
1543 2941 1682 2995 Pau-

1023 346 1090 404 ῙΝ
1129 347 1306 405 ACTA
1346 347 2109 407 APOSTOLORUMJIOMIL.
2152 352 2311 408 XLV.

3255 360 3360 417 3M

1784 465 1900 529 lus;
1929 467 2176 519 neminem
2216 467 2437 520 (ursimus
2481 466 2555 539 (2.
2587 467 2706 522 Cor.
2736 469 2787 524 7.
2809 469 2891 540 2),
2922 487 3023 525 non
3057 485 3267 544 anguste
3306 478 3359 530 in

1783 555 1924 609 nobis
1951 558 2067 610 estis
2099 555 2118 626 (
2150 555 2284 610 Ibid.
2309 557 2363 612 6.
2396 559 2463 612 12
2497 560 2536 629 ).
2567 559 2676 613 Hoc
2710 569 2764 615 et
2806 576 2902 618 nos
2925 579 3067 620 nunc
3092 565 3318 622 dicimus
3345 586 3358 623 τ

1781 649 1967 720 Capite
1996 666 2116 707 nos.
2154 652 2342 707 Totam
2373 653 2426 708 in
2455 669 2516 709 se
2552 652 2869 711 Corinthum
2901 658 2990 712 ille
3021 657 3272 726 habebat,
3307 671 3362 715 ct

1783 739 1993 796 dicebat
2033 758 2045 795 :
2085 741 2383 797 Dilatamim'
2425 755 2472 798 et
2522 763 2607 800 vos
2648 762 2666 799 :
2708 765 2809 800 non
2858 749 2912 802 in
2960 751 3195 819 angustia
3242 752 3362 805 estis

1782 831 1801 899 (
1831 830 1967 885 Ibid.
1987 847 2032 885 υ.
2077 833 2164 888 15.
2195 835 2261 889 12
2289 836 2332 902 ).
2371 835 2479 891 Sed
2508 836 2608 892 hoc
2639 854 2743 892 non
2775 855 2874 909 ego
2902 839 3080 895 dicere
3111 856 3360 911 possem:

1783 936 1903 975 nam
1926 921 2063 977 bene
2087 925 2232 990 novi,
2265 925 2404 994 quod
2428 941 2520 980 vos
2543 943 2628 983 me
2649 929 2878 1000 diligatis
2905 939 2958 985 et
2981 931 3225 1000 capiatis.
3252 932 3358 987 Sed

1784 1013 1912 1083 quid
1939 1014 2071 1070 lucri
2102 1017 2186 1070 vel
2210 1032 2278 1071 ex
2303 1033 2420 1072 mea
2448 1019 2532 1074 vel
2559 1034 2623 1074 ex
2656 1031 2830 1076 vestra
2858 1023 3101 1088 caritate,
3142 1025 3360 1093 quando

1781 1120 1865 1172 ea,
1898 1122 2016 1177 quae
2039 1108 2131 1163 Dei
2152 1119 2297 1176 sunt,
2327 1112 2380 1164 in
2404 1112 2555 1167 vobis
2577 1127 2680 1168 non
2708 1125 2855 1170 recte
2875 1117 3202 1183 procedunt?
3227 1118 3360 1172 Hinc

1781 1198 1998 1268 majoris
2039 1215 2198 1256 causa
2224 1200 2444 1266 doloris,
2493 1204 2712 1273 majoris
2741 1207 2992 1274 perniciei
3029 1209 3258 1263 occasio.
3303 1208 3358 1262 ln

1782 1291 1928 1346 nullo
1959 1306 2175 1361 possum
2200 1308 2294 1348 vos
2319 1293 2565 1350 incusare
2595 1314 2610 1350 :
2632 1296 2812 1350 Testor
2831 1299 2962 1352 enim
2985 1300 3142 1364 vobis,
3171 1301 3358 1370 quia,si

1782 1383 1893 1452 ﬁeri
1933 1385 2173 1453 potuisset
2198 1426 2213 1450 ,
2261 1386 2434 1441 oculos
2473 1397 2662 1441 vestros
2712 1388 2964 1444 eruissetis
3010 1400 3056 1444 et
3101 1391 3359 1446 dedissetis

1781 1477 1907 1530 mihi
1932 1476 2074 1550 (Gal.
2107 1479 2162 1534 4.
2193 1479 2304 1552 15).
2333 1479 2580 1536 Vicissim
2604 1481 2854 1537 daremus
2881 1497 2987 1537 non
3014 1483 3174 1538 modo
3198 1500 3358 1540 evan-

1780 1572 1994 1641 gelium,
2022 1572 2114 1628 sed
2147 1574 2306 1628 etiam
2334 1574 2540 1629 animas
2575 1585 2804 1631 nostras.
2835 1577 3092 1631 Amamur
3138 1587 3192 1632 et
3234 1580 3358 1632 sed-

1781 1675 2061 1716 amamus:
2086 1671 2141 1717 at
2162 1678 2265 1717 non
2293 1663 2396 1719 hoc
2422 1665 2698 1734 quaeritur.
2744 1667 3000 1722 Amemus
3026 1683 3156 1738 ergo
3195 1669 3356 1723 Chri-

1782 1766 1922 1811 stum
1954 1758 2127 1826 primo
2153 1774 2168 1812 :
2193 1756 2424 1812 Primum
2466 1758 2661 1828 quippe
2697 1761 2994 1814 mandatum
3033 1772 3106 1816 est
3128 1778 3145 1815 :
3167 1761 3359 1833 Diliges

1781 1847 2057 1904 Dominum
2089 1848 2249 1906 Deum
2285 1860 2448 1905 tuum.
2479 1850 2772 1905 Secundum
2808 1861 2977 1905 autem
3005 1853 3122 1905 huic
3156 1853 3320 1908 simile
3342 1871 3360 1906 :

1783 1941 1850 1996 Et
1883 1944 2168 2012 proximum
2203 1954 2345 1996 tuum
2386 1944 2516 1996 sicut
2542 1943 2754 2014 teipsum
2793 1943 2813 2015 (
2839 1943 3026 1998 Matth.
3057 1943 3146 2000 22.
3171 1945 3356 2001 57-59.

1783 2035 1949 2090 Marc.
1980 2037 2068 2091 12.
2100 2037 2212 2107 50).
2252 2036 2554 2092 Secundum
2583 2045 2848 2102 tenemus,
2877 2038 3051 2107 primo
3095 2037 3248 2092 nobis
3275 2048 3358 2092 est

1783 2143 1946 2198 opus;
1992 2127 2164 2198 primo
2197 2125 2482 2181 admodum
2529 2141 2666 2197 opus
2705 2137 2806 2191 est,
2849 2137 2906 2182 et
2943 2127 3071 2182 mihi
3102 2137 3158 2182 et
3186 2127 3358 2182 vobis.

1783 2218 2050 2274 Habemus
2089 2218 2239 2283 illud,
2266 2218 2359 2273 sed
2404 2233 2509 2272 non
2553 2226 2612 2273 ut
2655 2226 2944 2286 oporteret.
2976 2219 3264 2289 Diligamus
3301 2220 3362 2273 il-

1785 2311 1893 2366 lum
1923 2329 1938 2367 :
1966 2311 2114 2365 scitis
2139 2319 2333 2381 quanta
2361 2310 2593 2381 reposita
2635 2311 2708 2365 sit
2731 2326 2937 2366 merces
2967 2311 3051 2374 iis,
3093 2311 3182 2380 qui
3208 2310 3384 2382 Chri-I

1784 2411 1926 2458 slum
1954 2401 2182 2471 diligunt
2210 2419 2222 2455 :
2250 2415 2491 2456 amemus
2518 2401 2670 2455 illum
2697 2417 2818 2456 cum
2846 2400 3055 2456 fervore
3084 2402 3269 2468 animi,
3301 2413 3360 2456 ut

1783 2487 1900 2555 ejus
1927 2485 2293 2541 benevolentia
2322 2484 2585 2551 fruentes,
2614 2485 2890 2554 praesentis
2919 2485 3042 2539 vita;
3071 2495 3357 2553 tempesta-

1786 2587 1891 2632 tem
1932 2575 2216 2647 fugiamus,
2264 2585 2320 2631 et
2367 2577 2630 2646 promissa
2668 2575 3013 2646 diligentibus
3054 2591 3176 2631 eum
3223 2577 3358 2631 bona

1785 2667 2040 2736 consequi
2068 2666 2371 2737 dignemur,
2401 2668 2570 2738 gratia
2614 2677 2670 2722 et
2711 2668 3078 2722 misericordia
3108 2667 3362 2738 unigeniti

1786 2761 1903 2830 ejus
1929 2759 2069 2821 Filii,
2100 2759 2312 2829 quicum
2345 2760 2487 2815 Patri
2526 2767 2582 2815 et
2612 2760 2829 2829 Spiritui
2858 2771 3041 2815 sancto
3065 2760 3364 2831 gloria.im-

1787 2851 2016 2921 perium,
2061 2849 2255 2917 honor,
2282 2865 2423 2906 nunc
2461 2859 2517 2907 et
2552 2865 2787 2922 semper,
2815 2859 2870 2907 et
2899 2852 2950 2907 in
2980 2852 3174 2908 saecula
3201 2867 3361 2908 stecuo

1789 2941 1983 2996 lorum.
2015 2943 2209 2997 Amen.

1418 3151 1758 3213 HOMILIA
1802 3152 1996 3212 XLV.
2093 3143 2100 3149 ’

146 3298 251 3354 ΕΑ».
276 3300 349 3354 20.
377 3314 434 3352 v.
463 3295 555 3352 52.
585 3295 650 3350 Et
673 3312 807 3350 nunc
826 3337 841 3363 ,
873 3299 1056 3366 fratres
1074 3336 1091 3362 ,
1126 3293 1418 3348 commendo
1445 3309 1532 3347 vos
1577 3291 1687 3346 Deo

199 3403 240 3448 et
263 3393 397 3447 mbo
424 3390 604 3462 gratia:
639 3389 818 3462 ipsius,
857 3388 942 3462 qui
974 3396 1134 3459 potest
1171 3386 1462 3458 aediﬁcare,
1495 3393 1540 3442 et
1565 3385 1686 3442 dare

195 3489 505 3542 hereditatem
536 3486 669 3537 vobis
693 3484 745 3536 in
771 3482 1102 3550 sanctiﬁcatis
1143 3481 1394 3535 omnibus.

194 3579 237 3631 Ι.
270 3578 365 3631 Per
409 3579 629 3647 gratiam
673 3575 889 3628 salutem
943 3573 1313 3644 consequimur.
1344 3603 1414 3612 —
1441 3570 1593 3640 Quod
1637 3572 1690 3626 in

127 3672 384 3739 epistolis,
417 3671 517 3724 hoc
547 3679 602 3723 et
627 3669 678 3721 in
713 3667 953 3722 consiliis
977 3668 1085 3738 agit
1117 3685 1129 3720 :
1157 3667 1223 3721 ab
1249 3666 1612 3721 admonitione
1638 3667 1692 3720 in

126 3764 412 3816 orationem
443 3759 660 3814 desinit.
699 3759 834 3825 Quia
860 3759 1001 3813 enim
1034 3759 1154 3812 illos
1179 3757 1332 3812 valde
1358 3758 1578 3821 terruit,
1613 3756 1695 3811 di-

125 3870 242 3908 cens
279 3872 292 3904 :
321 3852 460 3922 Lupi
480 3867 656 3922 graves
675 3851 728 3903 in
755 3866 840 3904 vos
865 3849 1243 3920 ingredientur;
1285 3865 1354 3905 ne
1381 3858 1694 3904 consterna-

125 3956 198 3998 ret
247 3955 304 3998 et
350 3944 600 4012 perderet
654 3942 897 4005 animos,
952 3941 1074 3995 vide
1128 3941 1571 3995 consolationem.
1627 3940 1696 3994 Et

125 4053 286 4101 nunc,
343 4035 531 4104 inquit.
583 4033 657 4088 lta
699 4032 867 4098 dixit,
913 4032 1039 4087 hinc
1094 4031 1386 4086 ostendens
1431 4045 1490 4086 se
1541 4031 1694 4101 quasi

123 4143 331 4196 semper
383 4126 484 4180 hoc
512 4139 690 4195 agere.
720 4122 1025 4178 Commendo
1068 4137 1188 4190 vos,
1235 4125 1450 4190 fratres,
1489 4121 1599 4176 Deo
1650 4130 1698 4175 et

125 4220 268 4272 verba
315 4218 487 4286 gratia:
534 4218 728 4286 ipsius,
756 4216 808 4269 id
855 4224 975 4281 est,
1005 4216 1190 4285 gratia:
1237 4215 1373 4284 ejus.
1411 4217 1585 4285 Atque
1626 4215 1698 4268 ita

127 4312 260 4363 bene
291 4309 420 4362 dixit
449 4329 460 4363 :
492 4315 713 4362 noverat
741 4307 882 4360 enim
905 4345 921 4369 ,
947 4305 1089 4376 quod
1121 4307 1292 4375 gratia
1321 4305 1496 4362 salvos
1521 4304 1697 4359 faciat.

125 4402 453 4472 Frequenter
479 4401 609 4471 ipsis
639 4399 858 4468 gratiam
887 4409 1310 4465 commemorat,
1351 4405 1411 4454 ut
1431 4397 1700 4453 debitores

124 4497 473 4550 studiosiores
495 4493 728 4548 reddens
752 4503 806 4548 et
837 4492 1108 4548 conﬁdere
1138 4491 1386 4547 suadens.
1418 4491 1518 4559 Qui
1544 4501 1703 4560 potest

128 4602 204 4638 ros
224 4585 662 4654 supermdiﬁcare.
682 4583 795 4638 Non
824 4582 991 4650 dixit,
1013 4580 1334 4646 Edilicare;
1362 4582 1479 4649 sed,
1507 4581 1703 4652 Super-

128 4681 419 4746 mdiﬁcare,
477 4677 768 4732 ostendens
821 4677 970 4747 ipsos
1025 4676 1137 4745 jam
1184 4675 1474 4731 aediﬁcatus
1517 4675 1698 4730 fuisse.

129 4773 321 4827 Deinde
355 4771 556 4825 futura:
601 4769 715 4839 spei
758 4767 1002 4824 meminit
1042 4766 1270 4823 dicens:
1301 4765 1369 4819 Et
1406 4767 1529 4821 dare
1567 4765 1704 4820 vobis

129 4868 451 4918 hereditatem
491 4865 546 4916 in
593 4863 919 4930 sanctiﬁcatis
959 4861 1211 4916 omnibus.
1257 4861 1447 4916 Postea
1491 4876 1702 4916 rursum

129 4959 418 5013 admonitio
468 4973 482 5010 :
535 4955 626 5010 55.
669 4956 978 5025 Argentum,
1019 4955 1216 5025 inquit.
1257 4955 1334 5009 vel
1375 4971 1558 5008 aurum
1584 4995 1599 5015 ,
1632 4956 1706 5010 vel

129 5063 299 5105 restem
347 5048 546 5103 nullius
591 5047 868 5116 concupiui.
915 5045 1166 5101 Radicem
1216 5046 1476 5100 malorum
1527 5044 1703 5111 tollit,

131 5143 424 5194 avaritiam.
461 5139 742 5209 Argentum
767 5175 782 5201 ,
815 5136 1013 5206 inquit,
1040 5136 1117 5190 vel
1163 5153 1364 5188 aurum.
1396 5135 1510 5190 Non
1540 5134 1706 5200 dixit,

138 5233 240 5285 Non
303 5232 528 5300 accepi,
581 5227 714 5293 sed,
767 5225 944 5297 Neque
986 5227 1269 5297 concupiui.
1313 5227 1558 5281 Nondum
1608 5226 1710 5282 hoc

136 5341 374 5392 mgnum
408 5332 525 5388 est,
569 5321 662 5375 sed
709 5319 855 5390 quod
903 5320 1141 5389 sequitur
1181 5335 1450 5390 magnum.
1490 5320 1578 5375 54.
1611 5318 1711 5374 Vos

137 5422 288 5480 satis,
318 5414 448 5482 quia
475 5411 848 5465 necessitatibus
877 5412 1000 5466 meis
1025 5421 1071 5465 et
1093 5412 1186 5478 iis,
1214 5414 1299 5482 qui
1338 5429 1532 5466 mecum
1555 5422 1709 5480 sunt,

84 5485 94 5522 ¹
140 5507 545 5558 πιὶηἱαγαοεηιηι
589 5519 769 5557 manus
806 5504 936 5558 istae.
978 5505 1068 5559 55.
1101 5503 1284 5556 Omnia
1312 5504 1507 5558 ostendi
1540 5505 1674 5558 vobis
1696 5543 1710 5566 ,

86 5581 93 5614 ¹
138 5598 366 5660 quoniam
386 5598 466 5648 sic
491 5593 773 5647 laborantes
797 5603 990 5662 oportet
1014 5595 1264 5664 suscipere
1308 5595 1557 5660 inﬁrmos.
1586 5593 1715 5648 Vide
1817 5593 2059 5646 abstracti
2083 5592 2145 5645 ab
2182 5594 2274 5661 eis,
2301 5603 2434 5648 recto
2460 5610 2609 5649 cursu
2634 5595 2856 5649 venimus
2883 5593 3062 5662 Coum,
3094 5605 3140 5647 et
3169 5593 3392 5664 sequenti

142 5688 275 5741 illum
301 5701 480 5757 opere
515 5699 769 5740 manuum
801 5694 1057 5752 utentem,
1088 5701 1186 5742 nec
1214 5686 1420 5751 leviter,
1454 5685 1546 5741 sed
1578 5685 1717 5741 labo-

148 5787 370 5834 rantesn.
399 5777 802 5833 Necessitatibus
844 5778 964 5832 meis
992 5789 1040 5832 et
1065 5779 1128 5832 iis
1153 5819 1167 5845 ,
1213 5779 1298 5848 qui
1347 5795 1535 5832 mecum
1565 5787 1714 5845 sunt,

1795 3293 2207 3348 ministraverunt
2246 3310 2427 3349 manus
2460 3296 2588 3351 istte.
2627 3295 2738 3352 Hoc
2779 3296 3117 3352 admonendo
3156 3298 3366 3355 dicitur.

1795 3384 1866 3442 Et
1892 3385 2013 3442 vide
2038 3400 2157 3443 cum
2195 3397 2389 3458 quanta
2436 3387 2734 3461 dignitate;
2783 3406 2888 3445 non
2931 3391 3072 3446 enim
3102 3391 3267 3456 dixit,
3301 3395 3370 3448 Ut

1795 3481 2034 3551 pecuniis
2062 3482 2364 3549 superiores
2395 3482 2534 3548 sint;
2563 3482 2658 3537 sed
2703 3483 2875 3554 quid?
2909 3483 3179 3555 Suscipere
3225 3485 3371 3554 inﬁr—

1794 3588 1922 3627 mos.
1949 3572 2064 3627 Non
2090 3574 2255 3640 dixit,
2288 3573 2486 3630 Omnes
2516 3615 2531 3639 ,
2563 3574 2655 3630 sed
2674 3617 2690 3640 ,
2719 3574 2982 3644 In/irntos.
3024 3576 3090 3629 Et
3119 3578 3373 3631 recordari

1797 3665 1929 3718 verbi
1980 3663 2222 3732 Domini,
2252 3667 2388 3733 quod
2423 3665 2554 3720 dixit
2599 3681 2620 3720 :
2657 3665 2864 3720 Beatius
2909 3675 2982 3720 est
3022 3668 3176 3732 dare,
3223 3685 3374 3737 quam

1798 3756 2044 3824 accipere.
2089 3756 2166 3810 Ne
2192 3756 2310 3827 quis
2340 3765 2549 3826 putaret
2574 3756 2639 3810 ad
2671 3757 2792 3812 illos
2817 3757 3016 3812 dictum
3045 3772 3164 3814 esse
3186 3799 3202 3825 ,
3236 3770 3289 3813 et
3315 3775 3375 3814 se

1797 3847 2071 3917 exemplar
2112 3848 2218 3903 illis
2256 3847 2412 3912 dare,
2454 3857 2512 3903 ut
2552 3847 2675 3902 alibi
2716 3849 2790 3902 ait
2831 3865 2844 3901 :
2877 3848 3154 3919 Exemplar
3199 3851 3376 3904 dantes

1798 3939 1936 3992 vobis
1967 3937 2242 4011 (Philipp.
2275 3939 2327 3993 5.
2361 3939 2485 4008 17);
2515 3938 2694 3995 subdit
2717 3939 3034 3994 sententiam
3066 3940 3260 3994 Christi
3287 3941 3371 3994 di—

1800 4028 1968 4084 centis
1994 4047 2008 4084 :
2031 4027 2237 4082 Beatius
2257 4039 2329 4084 est
2352 4030 2493 4092 dare,
2518 4046 2668 4096 quam
2696 4031 2940 4100 accipere.
2965 4030 3145 4085 Oravit
3164 4047 3377 4102 quoque

1801 4137 1962 4193 super
2004 4122 2108 4177 illis
2137 4137 2395 4188 monens,
2436 4121 2674 4192 illudque
2699 4137 2864 4193 opere
2892 4124 3145 4180 ostendit.
3188 4124 3277 4180 56.
3311 4123 3378 4179 Et

1801 4229 1915 4267 cum
1954 4213 2062 4267 haec
2103 4214 2346 4278 dixisset,
2391 4215 2564 4284 positis
2593 4214 2802 4285 genibus
2845 4231 2960 4269 cum
3001 4215 3230 4270 omnibus
3275 4216 3378 4271 illis

1803 4309 1980 4362 oravit.
2003 4307 2185 4364 Oravit
2209 4349 2225 4374 ,
2252 4324 2358 4363 non
2391 4319 2675 4378 utcumque
2695 4350 2710 4374 ,
2737 4308 2831 4364 sed
2860 4323 2980 4363 cum
3016 4311 3182 4364 multa
3220 4324 3374 4365 com-

1804 4399 2111 4468 punctione.
2143 4399 2326 4470 Magna
2353 4400 2681 4466 consolatio;
2711 4410 2767 4456 et
2804 4416 2926 4456 cum
2953 4400 3188 4468 diceret,
3220 4401 3376 4457 Com-

1803 4491 1984 4546 mendo
2012 4507 2097 4545 vos
2124 4491 2377 4560 Domino,
2409 4491 2806 4548 consolabatur.
2846 4494 2936 4548 57.
2967 4493 3187 4563 Magnus
3211 4503 3380 4546 autem

1804 4586 1952 4655 ﬂetus
1983 4587 2146 4656 factus
2169 4593 2240 4639 est
2268 4585 2564 4646 omnium,et
2592 4583 2967 4654 procumbentes
3001 4601 3156 4654 super
3194 4585 3382 4638 collum

1811 4674 1982 4739 Pauli,
2002 4675 2358 4729 osculabantur
2379 4692 2513 4741 eum,
2539 4674 2628 4730 58.
2642 4675 2883 4740 dolentes,
2907 4677 3125 4729 maxime
3142 4675 3196 4728 in
3216 4677 3381 4736 verbo.

1805 4770 1939 4839 quod
1977 4768 2216 4832 dixerat,
2263 4768 2396 4839 qaod
2442 4767 2665 4839 amplius
2706 4769 2884 4838 [aciem
2920 4769 3030 4837 ejus
3072 4783 3174 4820 non
3221 4776 3384 4820 essent

1806 4861 1981 4914 visuri.
2014 4859 2082 4914 Et
2124 4861 2437 4914 deducebant
2474 4876 2588 4914 eum
2624 4859 2692 4914 ad
2726 4875 2921 4917 navem.
2952 4857 3134 4923 Dixit,
3179 4857 3385 4912 Veniant

1808 4953 1919 5021 lupi
1962 4968 2174 5023 graves;
2219 4951 2388 5017 dixit,
2423 4951 2648 5006 Mundus
2674 4967 2765 5022 ego
2806 4967 2916 5004 sum
2943 4967 2975 5002 a
3002 4951 3247 5019 sanguine
3274 4966 3384 5002 om-

1808 5045 1994 5097 nium:
2021 5044 2133 5098 haec
2157 5052 2384 5114 utraque
2411 5043 2686 5107 terribilia,
2715 5057 2834 5113 qua:
2859 5051 3077 5112 possent
3097 5057 3386 5098 maerorem

1810 5137 2035 5203 afferre;
2083 5137 2314 5192 maxime
2342 5145 2518 5190 autem
2557 5135 2659 5190 hoc
2683 5133 2918 5189 omnium
2949 5150 3044 5189 eos
3079 5135 3382 5196 cruciabat,

1811 5228 1950 5298 quod
1980 5227 2288 5292 audissent,
2314 5241 2375 5282 se
2411 5242 2516 5281 non
2557 5226 2694 5280 ultra
2717 5225 2925 5280 visuros
2946 5226 3120 5295 ipsum
3148 5241 3268 5281 esse
3298 5243 3310 5278 :
3336 5236 3390 5280 et

1814 5318 1937 5374 hinc
1959 5335 2093 5389 agon
2122 5317 2488 5389 gravissimus.
2516 5314 2874 5382 Deducebant,
2909 5317 3117 5387 inquit,
3148 5317 3296 5372 illum
3319 5318 3387 5370 ad

1814 5427 2010 5463 navem.
2038 5410 2127 5464 Sic
2147 5410 2398 5464 amabant
2421 5409 2588 5473 illum,
2611 5408 2689 5463 sic
2708 5407 2880 5463 allecti
2902 5423 3024 5479 erga
3043 5409 3192 5464 illum
3213 5415 3391 5464 erant.

1818 5499 1968 5572 (Cap.
1999 5497 2106 5564 21.)
2142 5501 2196 5554 1.
2227 5499 2354 5554 Cum
2381 5509 2548 5553 autem
2571 5500 2762 5569 factum
2789 5509 2934 5564 esset,
2963 5509 3017 5554 ut
3043 5502 3389 5571 navigaremus

1819 5685 1901 5738 die
1941 5681 2212 5754 Rhodum,
2266 5698 2312 5742 et
2364 5687 2483 5741 inde
2527 5687 2790 5741 Pataram.
2829 5686 2884 5743 2.
2917 5685 2987 5742 Et
3031 5688 3231 5742 inventa
3277 5687 3393 5744 nasi

1822 5779 2100 5848 trajicicnte
2123 5782 2174 5834 in
2202 5779 2473 5837 Phoenicen
2492 5821 2508 5847 ,
2536 5797 2594 5836 ea
2616 5797 2886 5836 conscensa
2921 5780 3179 5836 soluimus.
3205 5780 3259 5834 5.
3287 5781 3384 5834 Ubi
