3948 6510
597 381 700 438 515

595 506 762 548 autem
787 491 1028 564 apparuit
1053 487 1270 560 Cyprus,
1303 489 1474 540 relicta
1501 483 1591 538 illa
1615 481 1681 532 ad
1708 481 1984 543 sinistram,
2015 477 2158 529 navi-

596 603 773 658 gamus
797 587 851 640 in
878 585 1117 655 Syriam,
1149 595 1196 636 et
1221 582 1442 635 venimus
1479 574 1690 646 Tyrum.
1726 571 1854 626 Vide
1882 588 1894 623 :
1924 569 2069 624 venit
2111 568 2163 620 in

596 674 843 748 Lyciam’,‘
870 685 926 730 et
971 673 1238 743 tmjiciens
1268 672 1319 723 in
1352 668 1637 722 l’hmuiccn
1661 705 1675 728 ,
1722 662 1909 717 relicta
1953 661 2160 729 Cypro,

503 825 511 832 ,
595 770 796 840 'l'yrum
854 765 1151 834 navigavit;
1196 775 1319 814 nam
1348 759 1456 812 illic
1485 757 1634 810 navis
1661 751 1997 809 exoneranda
2025 759 2163 804 erat.

595 859 723 916 Ιιιιτο
763 872 922 912 causa
964 854 1062 909 fuit
1089 870 1184 908 cur
1211 851 1412 921 Tyrum
1452 850 1608 905 irent.
1639 847 1690 900 4.
1734 843 1959 898 Inventis
1998 851 2166 894 autem

594 949 876 1017 discipulis,
903 946 1176 998 mansimus
1199 942 1274 996 ibi
1296 940 1468 994 diebus
1491 946 1679 1010 septem
1705 952 1722 990 :
1743 936 1828 1006 qui
1846 933 2010 988 Paulo
2029 931 2169 985 dice-

601 1041 722 1094 bant
748 1054 836 1108 per
862 1037 1140 1108 Spiritum,
1169 1049 1233 1087 ne
1256 1030 1542 1086 ascenderet
1577 1026 1970 1095 Jerosolymam.
2000 1021 2164 1084 Vide,

599 1129 922 1198 prophetam
946 1126 1020 1180 illi
1045 1124 1382 1181 aillictioues.
1414 1119 1690 1174 Provisum
1733 1125 1911 1170 autem
1943 1113 2070 1178 luit,
2113 1119 2170 1165 ut

596 1231 653 1278 et
682 1222 754 1275 illi
779 1219 1022 1275 dicerent
1047 1257 1062 1282 ,
1107 1231 1176 1272 ne
1213 1215 1333 1285 quis
1374 1219 1584 1283 putaret
1626 1208 1741 1263 haec
1776 1205 1971 1261 frustra
1995 1212 2050 1260 et
2083 1203 2168 1274 ja-

603 1313 779 1368 ctandi
801 1325 961 1366 causa
976 1309 1196 1364 Paulum
1218 1306 1435 1362 dixisse.
1454 1303 1651 1359 lterum
1677 1307 1858 1354 autem
1881 1297 1988 1352 illic
2013 1310 2173 1350 oran-

599 1415 701 1466 tes,
728 1417 788 1458 se
811 1411 997 1456 mutuo
1024 1399 1376 1469 reliquerunt.
1404 1395 1458 1452 5.
1487 1393 1554 1448 Et
1590 1390 1798 1461 expletis
1831 1388 2006 1442 diebus
2049 1402 2170 1456 pro-

601 1496 720 1566 [εσιί
756 1495 951 1548 ibamus
973 1533 989 1560 ,
1019 1489 1378 1544 deducentibus
1403 1503 1495 1543 nos
1517 1484 1746 1540 omnibus
1782 1497 1897 1536 cum
1932 1479 2172 1534 uxoribus

598 1597 647 1642 et
665 1586 787 1655 [iliis
813 1600 968 1655 usque
991 1586 1131 1655 foras
1159 1581 1404 1635 civitatem
1429 1593 1449 1634 :
1479 1587 1527 1632 et
1555 1575 1730 1645 positis
1760 1574 1813 1628 in
1843 1573 2008 1626 littore
2031 1568 2174 1640 geni-

599 1677 690 1731 bus
737 1675 1007 1730 oravimus.
1051 1673 1105 1730 6.
1157 1670 1226 1726 Et
1283 1685 1400 1724 cum
1464 1666 1864 1737 valefecissemus
1928 1661 2172 1724 invicem,

603 1768 918 1821 ascendimus
948 1765 999 1819 in
1040 1763 1205 1818 navim
1242 1779 1262 1816 :
1294 1760 1372 1816 illi
1399 1775 1513 1816 vero
1553 1757 1810 1812 redierunt
1851 1755 1919 1809 ad
1945 1753 2172 1824 propria.

604 1861 655 1913 7.
690 1859 799 1916 Nos
828 1870 997 1913 autem
1035 1856 1352 1928 navigatione
1381 1854 1581 1922 expleta
1609 1869 1638 1903 a
1668 1849 1800 1920 Tyro
1828 1847 2174 1906 descendimus

607 1952 1010 2016 Ptolemaidem;
1035 1960 1082 2004 et
1105 1948 1336 2005 salutatis
1360 1946 1624 2018 fratribus,
1652 1943 1927 1996 mansimus
1950 1940 2033 1993 die
2074 1955 2174 1991 uno

605 2044 744 2111 apud
764 2042 899 2096 illos.
932 2042 986 2096 8.
1015 2039 1255 2112 Sequenti
1283 2055 1398 2092 vero
1425 2036 1506 2090 die
1529 2035 1740 2106 profecti
1766 2033 1988 2086 venimus
2012 2029 2177 2086 Ctesa-

604 2150 764 2200 ream,
808 2142 856 2187 et
884 2133 1110 2201 ingressi.
1130 2132 1181 2184 in
1209 2131 1411 2183 domum
1451 2125 1681 2195 Philippi
1707 2124 2026 2192 evangelistte
2044 2162 2060 2187 ,
2091 2121 2176 2189 qui

605 2235 712 2280 erat
732 2240 862 2279 unus
887 2240 950 2278 ea:
974 2233 1183 2294 septem,
1203 2222 1478 2274 mansimus
1500 2221 1639 2287 apud
1659 2217 1821 2270 illum.
1854 2215 2174 2275 Ctesaream,

609 2315 800 2384 inquit,
831 2314 1127 2377 venientes,
1156 2312 1294 2380 apud
1324 2310 1647 2378 Philippum,
1681 2306 1769 2376 qui
1799 2315 1916 2360 erat
1939 2319 2072 2358 unus
2110 2321 2177 2358 ex

604 2413 835 2473 septem,
857 2404 1172 2458 mansimus.
1197 2401 1250 2457 9.
1284 2400 1419 2454 Iluic
1444 2410 1610 2452 autent
1637 2406 1776 2451 erant
1812 2405 2026 2466 quatuor
2054 2395 2178 2464 ﬁliw

606 2495 988 2565 prapltetantes.
1026 2493 1129 2549 Sed
1175 2509 1281 2547 non
1325 2492 1442 2546 ista:
1484 2490 1781 2560 praedicunt
1819 2486 1982 2542 Paulo
2005 2527 2021 2551 ,
2055 2485 2180 2540 licet

609 2587 1012 2658 prophetarent,
1041 2587 1138 2641 sed
1163 2585 1373 2655 Agabus
1402 2601 1416 2636 :
1447 2592 1503 2640 et
1527 2581 1792 2652 quomodo
1825 2579 1968 2634 audi.
1997 2577 2086 2635 10.
2113 2577 2178 2631 Et

608 2694 723 2732 cum
752 2694 1063 2733 maneremus
1087 2694 1176 2748 per
1209 2676 1315 2730 dies
1352 2675 1576 2744 aliquot,
1603 2673 1733 2727 venit
1761 2687 1793 2724 a
1827 2670 2013 2725 Judaza
2053 2685 2178 2738 pro-

609 2774 793 2842 pheta,
836 2771 1038 2825 nomine
1083 2769 1283 2838 Agabus
1312 2784 1331 2822 :
1362 2768 1449 2823 11.
1480 2777 1526 2821 et
1556 2782 1669 2819 cum
1710 2766 1919 2820 venisset
1944 2762 2012 2817 ad
2056 2779 2177 2825 nos,

609 2867 721 2918 tulit
747 2879 924 2917 sonam
948 2861 1134 2914 Pauli:
1151 2870 1197 2915 et
1217 2859 1431 2930 alligans
1453 2858 1545 2912 sibi
1569 2858 1720 2927 pedes
1737 2867 1781 2910 et
1799 2873 1993 2923 manus,
2017 2856 2180 2910 dixit:

613 2956 739 3010 "ch
763 2957 883 3009 dicit
913 2955 1132 3024 Spiritus
1156 2964 1398 3007 sanctus:
1429 2951 1622 3017 Virum,
1644 2951 1785 3021 cujus
1805 2960 1877 3004 est
1899 2966 2027 3002 zona
2053 2950 2178 3016 latcc,

617 3050 689 3100 sic
715 3045 994 3117 alligabunt
1023 3046 1073 3098 in
1099 3042 1380 3097 Jerusalem
1406 3041 1598 3105 Judwi,
1630 3051 1676 3094 et
1706 3042 1901 3093 tradent
1921 3041 1972 3093 in
2002 3056 2180 3093 manus

609 3140 849 3208 gentium.
867 3135 965 3205 Qui
987 3135 1114 3190 olim
1135 3134 1325 3189 laiiiem
1356 3134 1691 3204 praedixerat,
1709 3131 1794 3186 hic
1820 3133 1894 3186 ait
1921 3148 1934 3185 :
1976 3130 2176 3196 Virum,

611 3229 757 3299 cujus
795 3236 868 3282 est
911 3243 1042 3282 sana
1084 3226 1220 3291 lucc,
1259 3227 1329 3280 sic
1371 3225 1668 3295 alligabunt.
1713 3223 1865 3291 Quod
1909 3215 2180 3295 propheta:

611 3319 908 3383 faciebant,
937 3319 1108 3373 oculis
1145 3317 1321 3372 futura
1350 3318 1710 3373 describentes
1738 3359 1752 3383 ,
1774 3333 1895 3372 cum
1924 3317 1991 3373 de
2016 3319 2183 3387 capti-

613 3410 774 3464 vitate
794 3410 1042 3464 dicebant
1069 3422 1124 3465 ut
1149 3409 1392 3464 Ezechiel
1419 3427 1432 3462 :
1465 3410 1564 3463 hoc
1584 3417 1639 3462 ct
1664 3408 1763 3463 iste
1784 3407 1926 3463 fecit.
1954 3409 2016 3462 Et
2040 3407 2180 3478 quod

611 3501 770 3571 grave
799 3513 951 3558 erat:
981 3501 1048 3556 In
1080 3518 1260 3558 manus
1283 3502 1505 3573 gentium
1534 3501 1752 3555 tradent.
1787 3501 1872 3554 19..
1900 3500 2048 3568 Quod
2069 3518 2182 3555 cum

618 3594 964 3659 audissemus,
995 3594 1298 3664 rogabamus
1325 3608 1416 3646 nos
1441 3601 1489 3646 et
1516 3593 1600 3662 qui
1630 3590 1727 3645 loci
1755 3589 1892 3646 illius
1919 3599 2089 3658 erant,
2121 3607 2184 3645 ne

614 3684 900 3740 ascenderet
928 3684 1317 3755 Jerosolgmam.
1350 3684 1415 3738 Et
1445 3683 1591 3738 multi
1623 3683 1863 3747 orabant,
1894 3697 1962 3738 ne
1987 3682 2178 3748 abiret,

615 3791 786 3845 neque
810 3775 888 3830 sic
911 3774 1132 3830 audivit.
1176 3775 1263 3830 15.
1296 3773 1577 3844 Respondit
1601 3790 1716 3828 vero
1741 3773 1938 3829 Paulus
1978 3789 1998 3829 :
2047 3773 2183 3841 Quid

621 3866 791 3936 facitis
813 3865 990 3932 ﬂentes
1015 3875 1064 3920 et
1101 3864 1371 3935 aﬂligentes
1394 3880 1482 3918 cor
1509 3864 1714 3917 meum?
1752 3863 1863 3934 Ego
1903 3863 2035 3917 enim
2083 3880 2184 3916 non

613 3959 780 4011 solum
806 3957 1042 4028 alligari,
1093 3957 1182 4011 sed
1219 3957 1372 4010 etiam
1410 3958 1536 4010 mori
1565 3957 1621 4011 in
1644 3954 1930 4011 Jerusalem
1977 3968 2184 4028 paratus

613 4067 722 4104 sum
749 4067 840 4119 pro
869 4050 1068 4104 nomine
1092 4048 1300 4104 Domini
1327 4048 1473 4106 Jesu.
1505 4051 1594 4104 M.
1624 4049 1690 4102 Et
1732 4066 1847 4103 cum
1883 4049 1928 4104 ei
1971 4050 2184 4103 suadere

615 4157 718 4194 non
758 4157 1012 4211 possemus
1035 4180 1052 4206 ,
1095 4141 1370 4212 quievimus
1393 4142 1657 4196 dicentes:
1688 4139 1933 4198 Voluntas
1975 4139 2183 4195 Domini

613 4233 726 4301 ﬁat.

682 4324 738 4378 2.
781 4323 982 4379 Vides?
1019 4324 1088 4381 Ut
1113 4341 1178 4380 ne
1199 4326 1420 4382 audiens
1438 4337 1588 4395 putes
1612 4344 1677 4384 ex
1707 4329 2026 4385 necessitate
2053 4330 2183 4386 illud

614 4429 756 4481 esse,
787 4415 1040 4485 Alligatus
1066 4416 1266 4486 Spiritu
1290 4419 1460 4484 vado;
1486 4434 1625 4474 neve
1654 4421 1825 4489 ipsum
1855 4420 2183 4490 ignorantem

616 4504 866 4560 incidisse
893 4505 1114 4571 credas;
1146 4506 1265 4562 ideo
1291 4507 1406 4563 haec
1445 4509 1821 4576 praedicuntur.
1855 4512 1926 4565 At
1969 4511 2041 4566 illi
2068 4514 2184 4582 qui-

615 4592 739 4651 dem
767 4594 960 4656 llebant
987 4610 1000 4660 ;
1034 4595 1123 4650 hic
1153 4611 1277 4652 vero
1306 4597 1679 4653 consolabatur
1699 4599 1888 4656 dolens
1914 4601 1980 4656 de
2008 4602 2183 4674 lacry-

615 4685 719 4741 mis
752 4702 962 4742 eorum.
1009 4686 1145 4751 Quid
1181 4688 1370 4757 facitis,
1403 4689 1591 4758 inquit,
1622 4691 1799 4759 ﬂentes
1829 4699 1873 4744 et
1915 4692 2184 4763 aﬂligentes

613 4795 702 4833 cor
729 4795 895 4834 meum
925 4778 1116 4834 ?Nihil
1150 4779 1318 4840 Paulo
1345 4781 1605 4835 amantius
1635 4798 1649 4834 :
1681 4785 1802 4851 quia
1833 4781 2184 4853 lacrytnantes

613 4871 828 4928 videbat
847 4914 864 4937 ,
892 4873 1140 4940 dolebat,
1170 4874 1259 4944 qui
1288 4874 1340 4928 in
1381 4874 1608 4943 propriis
1635 4876 2010 4931 tentationibus
2053 4877 2184 4932 nihil

613 4964 930 5032 patiebatur.
953 4963 1035 5019 Me
1078 4965 1129 5018 in
1171 4964 1270 5019 hoc
1297 4965 1486 5019 ιωάἰιὶε
1509 5007 1524 5030 ,
1556 4967 1756 5036 inquit:
1793 4967 2043 5036 numquid
2087 4983 2184 5037 ego

613 5052 772 5108 doleo
793 5052 818 5104 ’ἶ
847 5052 996 5109 Tunc
1024 5056 1380 5124 quieverunt,
1409 5056 1620 5123 quando
1652 5057 1820 5110 dixit:
1859 5057 1993 5125 Quid
2019 5060 2184 5130 facitis

615 5143 884 5213 aﬂligentes
913 5162 999 5198 cor
1027 5163 1190 5200 meum
1211 5147 1236 5199 ?
1263 5147 1436 5218 Super
1465 5147 1612 5201 vobis
1641 5148 1823 5217 ploro,
1852 5149 2042 5218 inquit,
2074 5167 2180 5204 non

615 5247 777 5302 super
807 5235 1140 5303 passionibus
1183 5237 1318 5292 meis
1351 5255 1363 5290 :
1397 5253 1492 5306 pro
1522 5237 1627 5292 illis
1655 5240 1814 5294 etiam
1860 5240 1993 5293 mori
2039 5241 2180 5294 volo.

615 5325 725 5382 Sed
749 5340 908 5394 supra
945 5327 1086 5384 dicta
1116 5339 1435 5398 repetamus.
1465 5330 1737 5402 Argentum
1775 5333 1851 5385 vel
1890 5349 2068 5386 aurum
2109 5334 2184 5387 vel

616 5427 798 5472 vestem
829 5419 1020 5473 nullius
1043 5422 1303 5490 concupiui
1327 5462 1344 5489 ,
1375 5423 1544 5492 inquit
1571 5440 1584 5478 :
1612 5437 1698 5477 vos
1735 5424 1907 5488 scitis,
1938 5424 2055 5492 quia
2093 5440 2182 5477 ne-

613 5508 929 5564 cessitatibus
956 5514 1078 5563 mets
1103 5518 1151 5564 et
1175 5511 1258 5578 iis,
1289 5512 1374 5580 qui
1396 5529 1586 5582 mecum
1611 5523 1746 5579 sunt,
1780 5515 2183 5571 ministravemnt

619 5614 800 5652 manus
820 5599 948 5654 istte.
975 5599 1090 5654 Non
1121 5615 1247 5670 ergo
1266 5599 1503 5656 Corinthi
1533 5613 1732 5658 tantum
1773 5605 1871 5658 hoc
1899 5604 2135 5659 fecerunt
2165 5645 2180 5667 ,

617 5690 708 5760 qui
734 5691 1151 5761 corrumpebant
1172 5691 1479 5761 discipulos,
1501 5694 1593 5748 sed
1621 5698 1776 5749 etiam
1801 5696 1851 5750 in
1883 5697 2027 5750 Asia.
2051 5695 2185 5749 Nus-

618 5798 776 5853 quam
821 5783 922 5842 hoc
968 5784 1213 5855 Ephesiis
1255 5786 1597 5856 improperat.
1640 5788 1858 5854 Quare?
1901 5789 2036 5856 Quia
2078 5804 2181 5843 non

1231 375 1288 432 S.
1327 371 1601 430 JOANNlS
1635 365 2107 424 CHRYSOSTOMI
2150 361 2463 418 ABCIIIEP.
2505 357 3031 417 CUNSTANTINOP.
3676 369 3750 426 διδ

2275 473 2457 527 incidit
2487 472 2539 526 in
2577 471 2964 525 necessitatem.
3003 467 3106 524 Sed
3136 476 3190 522 et
3211 465 3493 523 Corinthiis
3512 469 3616 528 dicit
3635 495 3645 531 :
3664 478 3750 538 Νοιι

2269 563 2485 632 infracta
2511 570 2583 616 est
2607 562 2840 631 gloriatio
2867 576 2973 612 mea
3000 561 3050 613 in
3072 558 3358 628 regionibus
3387 557 3651 634 Achaiaﬁ.
3669 569 3754 627 Cor.

2271 655 2359 708 11.
2390 652 2520 722 10).
2549 652 2658 706 Nec
2679 651 2834 717 dixit,
2849 650 2963 706 Non
2992 649 3214 704 dedistis
3237 649 3397 714 mihi;
3425 650 3530 713 scd,
3550 654 3757 726 Argentius

2270 745 2346 799 vel
2368 761 2550 798 aurum
2577 744 2654 798 vel
2691 752 2871 798 vestem
2907 758 3009 796 non
3050 741 3350 810 concupiui;
3393 757 3458 795 ne
3485 743 3707 804 videretur
3725 753 3760 808 id

2271 850 2390 892 esse
2417 851 2504 902 eo,
2526 834 2668 905 quod
2696 835 2770 889 illi
2800 848 2904 889 non
2925 832 3221 888 dedissent.
3246 831 3427 901 Neque
3451 832 3587 897 dixit,
3609 836 3761 898 Nullius

2271 927 2546 998 concupivi
2575 926 2911 991 necessaria;
2941 933 3000 978 ut
3025 939 3093 979 ne
3120 923 3392 976 videretur
3419 928 3656 981 accusatio
3677 931 3764 985 illo-

2272 1034 2388 1073 rum
2408 1033 2529 1073 esse
2551 1034 2566 1076 :
2596 1017 2692 1072 sed
2718 1017 2846 1072 illud
2870 1016 3190 1081 subindicat,
3221 1029 3280 1069 se
3299 1015 3418 1084 jure
3441 1031 3537 1070 ton
3555 1023 3764 1090 accepisse

2271 1109 2362 1178 qui
2394 1118 2448 1164 et
2476 1109 2610 1162 alios
2638 1108 2884 1163 nutriret.
2912 1105 3048 1161 Vide
3073 1121 3232 1176 quam
3269 1106 3502 1161 studiose
3525 1121 3769 1176 Operaretui

2274 1211 2427 1256 nocte
2452 1210 2506 1254 et
2534 1200 2621 1255 die
2644 1200 2954 1271 colloquens
2977 1213 3098 1254 cum
3142 1197 3396 1269 lacrymis
3423 1239 3438 1264 ,
3468 1199 3673 1271 singulos
3700 1208 3767 1261 ad-

2275 1308 2514 1348 monens.
2537 1293 2721 1347 Omnia
2741 1293 2932 1347 ostendi
2953 1293 3109 1358 vobis,
3133 1291 3326 1360 inquit,
3355 1292 3579 1361 quoniam
3597 1296 3653 1348 sic
3673 1299 3773 1353 labo-

2274 1399 2441 1441 rantes
2468 1396 2662 1456 oportet
2699 1387 2953 1454 suscipere
2993 1385 3242 1452 inﬁrmos.
3287 1385 3398 1438 lloc
3423 1398 3537 1438 cum
3563 1387 3738 1445 dixisset
3759 1433 3771 1457 ,

2276 1481 2464 1535 iterum
2492 1480 2734 1532 timorem
2761 1477 2992 1532 incussit.
3021 1476 3132 1532 Hoc
3149 1484 3325 1530 autem
3349 1475 3539 1530 indicat
3557 1496 3572 1530 ι
3591 1477 3686 1533 Non
3703 1496 3775 1550 po-

2279 1573 2426 1627 testis
2443 1571 2508 1626 ad
2531 1571 2878 1641 ignorantiam
2907 1569 3194 1637 confugere
3220 1585 3234 1621 :
3261 1569 3508 1638 operibus
3532 1572 3706 1626 ostendi
3723 1575 3776 1628 sic

2278 1676 2526 1734 oportere
2541 1664 2800 1719 laborare.
2819 1663 2927 1719 Nec
2944 1663 3082 1717 dixit
3097 1663 3292 1716 malum
3305 1676 3423 1714 esse
3438 1664 3655 1732 accipere
3666 1679 3681 1728 ;
3692 1667 3778 1729 sed,

2278 1757 2468 1812 mel-ius
2496 1771 2616 1812 esse
2645 1771 2750 1810 non
2782 1755 3044 1824 accipere.
3074 1753 3324 1807 Memores
3353 1769 3477 1816 esse,
3511 1755 3679 1825 inquit,
3701 1773 3781 1810 ser-

2278 1851 2437 1902 monis
2457 1846 2698 1913 Domini,
2724 1863 2869 1916 quem
2891 1847 3018 1899 dixit
3041 1861 3060 1900 :
3089 1845 3291 1899 Beatius
3318 1855 3388 1898 est
3413 1845 3548 1913 dare,
3577 1863 3701 1914 quam
3719 1866 3782 1902 ac-

2278 1941 2458 2008 cipere.
2493 1939 2556 1993 Et
2590 1938 2802 1992 ubinam
2828 1926 3008 1992 dixit?
3029 1937 3188 1991 Forle
3223 1937 3348 1991 illud
3377 1939 3492 1990 sine
3519 1941 3786 2009 scriptum-

2278 2032 2525 2086 diderunt
2569 2031 2794 2103 apostoli
2821 2048 2835 2094 ;
2868 2030 2949 2083 vel
2991 2045 3054 2084 ex
3085 2030 3203 2084 aliis
3229 2030 3348 2100 quis
3374 2029 3614 2100 colligere
3643 2036 3782 2101 possit

2283 2125 2488 2179 Etenim
2517 2123 2746 2178 ostendit
2802 2123 3044 2176 liduciam
3077 2121 3129 2174 in
3174 2122 3426 2191 periculis
3451 2161 3466 2185 ,
3508 2125 3792 2176 commisera-

2281 2218 2474 2271 tioncm
2503 2232 2626 2286 erga
2657 2216 2917 2282 subditos,
2947 2214 3242 2269 doctrinam
3266 2229 3389 2268 cum
3415 2215 3646 2284 loquendi
3674 2215 3791 2269 liber-

2283 2318 2407 2371 tate,
2443 2308 2816 2373 humilitatem,
2847 2315 3210 2376 paupertatem
3238 2322 3251 2358 :
3285 2305 3388 2359 hoc
3415 2317 3586 2360 autem
3610 2316 3681 2359 est
3703 2322 3797 2374 pau-

2282 2410 2484 2472 pcrtate
2518 2402 2709 2472 majus.
2739 2400 2875 2458 Nam~
2897 2401 2938 2454 si
2969 2399 3077 2454 illic
3106 2399 3210 2462 ait,
3252 2397 3425 2451 Vende
3461 2414 3571 2468 qua:
3594 2399 3736 2460 habet,
3766 2399 3796 2449 si

2281 2495 2353 2547 vis
2391 2498 2637 2565 perfectus
2682 2509 2789 2550 esse
2826 2492 3037 2564 (Matth.
3076 2491 3162 2548 19.
3190 2490 3286 2560 21)
3321 2505 3335 2544 :
3377 2506 3501 2546 cum
3545 2507 3643 2545 non
3680 2491 3800 2544 modo

2282 2586 2411 2639 nihil
2454 2586 2697 2654 accipiat,
2726 2583 2817 2638 sed
2853 2583 3012 2638 etiam
3043 2582 3175 2635 alios
3204 2583 3405 2635 nutriat
3429 2624 3443 2645 ,
3475 2580 3593 2650 quid
3620 2582 3720 2632 huic
3744 2581 3797 2632 rei

2281 2676 2657 2732 conferendum
2676 2677 2700 2729 't‘
2720 2675 2929 2730 Primus
2947 2674 3140 2744 gradus
3163 2674 3318 2742 igitur
3339 2681 3445 2736 est,
3471 2688 3560 2724 sua
3587 2672 3800 2739 abjiccrc;

2281 2769 2543 2823 secundus
2564 2809 2579 2831 ,
2607 2767 2707 2821 sibi
2733 2766 2979 2821 sufﬁcere
3003 2783 3018 2829 ;
3048 2767 3254 2828 tertius,
3274 2765 3394 2817 aliis
3421 2780 3657 2832 quoque;
3683 2780 3802 2830 quar-

2283 2871 2386 2925 tus,
2418 2861 2790 2929 praedicantem
2823 2871 2875 2912 et
2908 2869 3220 2928 potestatem
3243 2858 3542 2923 accipiendi
3575 2859 3803 2910 ὶιτιὶιςιιιιυιη

2284 2954 2414 3008 nihil
2441 2954 2702 3023 accipere.
2741 2952 2919 3020 linque
2972 2952 3075 3014 iis,
3119 2953 3208 3020 qui
3252 2951 3382 3003 nihil
3427 2952 3706 3012 baberent,
3747 2951 3804 3001 hic

2285 3047 2450 3100 multo
2480 3047 2668 3099 melior
2693 3055 2826 3100 erat.
2867 3047 2941 3098 Ac
2969 3053 3114 3098 recte
3139 3044 3311 3110 dixit,
3349 3043 3442 3096 Sic
3479 3053 3662 3111 oportet
3691 3043 3808 3094 susciv

2285 3155 2400 3209 pere
2435 3138 2685 3206 inﬁrmos.
2739 3137 2849 3192 lloc
2887 3138 3029 3192 enim
3077 3144 3161 3191 est
3208 3135 3682 3191 commiserationis
3717 3150 3806 3202 erga

2285 3232 2542 3294 infirmes,
2571 3247 2636 3287 ex
2669 3231 2896 3301 propriis
2923 3231 3049 3285 dare
3073 3229 3378 3294 laboribus;
3410 3245 3480 3284 ex
3507 3229 3686 3283 alienis
3701 3242 3810 3284 rem.

2285 3339 2388 3377 non
2423 3322 2581 3376 modo
2621 3339 2723 3375 non
2766 3323 2960 3375 bonum
2985 3364 3000 3387 ,
3033 3321 3126 3376 sed
3173 3321 3332 3374 etiam
3379 3321 3739 3392 periculosum.
3767 3316 3811 3368 Et

2285 3413 2659 3482 procumbentes
2695 3430 2846 3481 super
2892 3414 3076 3466 collum
3115 3414 3244 3482 ejus,
3285 3413 3483 3482 inquit,
3516 3412 3707 3481 ﬂebunt.
3733 3409 3811 3461 Hoc

2287 3505 2496 3558 illorum
2527 3519 2648 3573 erga
2681 3503 2853 3573 ipsum
2884 3503 3128 3557 allectum
3161 3502 3508 3556 ostendebat.
3540 3499 3812 3555 Procumbe-

2287 3599 2410 3651 bant
2431 3605 2606 3652 autem
2635 3597 2686 3650 in
2703 3596 2921 3659 collum,
2947 3603 3126 3663 utpote
3149 3592 3236 3662 qui
3263 3603 3573 3662 postremos
3593 3589 3814 3658 ampli-ns

2285 3685 2474 3741 darent
2495 3725 2510 3747 .
2539 3696 2592 3741 et
2632 3686 2847 3739 multam
2879 3701 2942 3738 ex
2983 3684 3241 3737 concione
3265 3681 3622 3737 dilectionem
3659 3680 3818 3732 hausis-

2287 3778 2791 3833 sentetamicitiam.
2823 3776 2950 3829 Nam
2977 3775 3022 3829 si
3046 3789 3162 3839 nos,
3188 3789 3307 3828 cum
3337 3774 3508 3844 vulgo
3527 3770 3815 3829 discedimus,

2286 3870 2702 3940 ingemiscimus,
2730 3868 2828 3923 etsi
2855 3870 3086 3922 sciamus
3129 3882 3226 3920 nos
3257 3868 3458 3920 iterum
3490 3875 3813 3918 t-Oln‘cnluros.

2285 3961 2552 4034 quomodo
2584 3962 2652 4015 illi
2689 3976 2790 4016 non
2836 3959 2953 4015 sine
2979 3960 3177 4014 doloris
3201 3959 3397 4014 allectu
3441 3975 3473 4012 a
3508 3958 3666 4012 Paulo
3695 3954 3814 4006 avulsi

2288 4057 2526 4110 fuissent.
2555 4055 2664 4123 Ego
2687 4054 2903 4107 Paulum
2932 4067 3142 4122 quoque
3172 4051 3388 4106 ﬂevisse
3420 4060 3577 4120 puto.
3607 4046 3813 4102 Abstructi,

2287 4148 2474 4216 inquit.
2508 4146 2826 4202 Violentiam
2857 4157 3136 4208 monstrat,
3169 4161 3288 4201 cum
3327 4146 3510 4207 dicit,
3543 4139 3809 4198 Abstraclitl'

2287 4234 2376 4286 eis.
2417 4233 2481 4286 Et
2506 4232 2695 4285 merito
2722 4247 2737 4294 ;
2768 4231 2818 4284 iu
2866 4231 3039 4284 navim
3069 4231 3210 4283 enim
3240 4230 3316 4284 illi
3343 4228 3712 4283 conscendere
3745 4239 3811 4275 nan

2288 4333 2549 4393 poterant.
2579 4322 2714 4389 Quid
2739 4331 2840 4387 est,
2876 4321 3028 4375 Recto
3053 4337 3202 4374 cursu
3229 4322 3467 4375 venimus
3497 4321 3552 4372 in
3577 4318 3716 4372 Coum
3737 4315 3815 4366 llr

2286 4417 2332 4472 si
2357 4417 2574 4479 diceret,
2598 4417 2709 4468 Non
2731 4414 3090 4478 circuivimus,
3111 4427 3282 4480 neque
3307 4413 3438 4469 aliis
3471 4413 3526 4466 in
3552 4413 3677 4465 locis
3694 4420 3821 4462 mora:

2290 4511 2562 4566 traximus.
2595 4508 2833 4577 Sequenti
2861 4523 2975 4560 vero
3007 4507 3089 4559 die
3113 4506 3376 4561 Rhodum.

2364 4601 2828 4672 Peregrinationum
2878 4599 3027 4652 Pauli
3066 4598 3311 4652 recensio.
3333 4627 3414 4638 ——
3443 4597 3589 4652 Vide
3629 4593 3830 4649 iesunan-

2288 4701 2416 4746 tem.
2457 4691 2526 4744 Et
2567 4693 2766 4745 inventa
2804 4690 2918 4743 navi
2945 4689 3221 4758 trajiciente
3263 4688 3317 4741 in
3369 4686 3674 4742 Phoenicen.
3710 4682 3828 4736 Forte

2289 4786 2437 4840 navis
2465 4784 2571 4838 illic
2600 4795 2722 4837 tunc
2751 4793 2864 4838 erat
2892 4822 2908 4847 ,
2939 4790 2994 4836 et
3020 4781 3071 4835 in
3098 4795 3216 4836 eam
3256 4780 3700 4835 conscenderunt
3719 4816 3732 4837 ,
3752 4787 3831 4826 non

2290 4879 2502 4932 inventa
2529 4877 2652 4941 alia,
2681 4892 2799 4944 quae
2823 4875 2925 4929 iret
2943 4873 3263 4930 Caesaream.
3298 4871 3407 4928 Ubi
3436 4882 3616 4926 autem
3641 4867 3831 4939 apparuit

2290 4969 2487 5039 Cyprus
2507 5009 2522 5032 ,
2569 4967 2742 5020 relicta
2767 4965 2859 5019 illa
2882 4965 2948 5018 ad
2976 4965 3252 5018 sinistram.
3281 4964 3406 5020 Hoc
3444 4979 3560 5018 non
3585 4963 3693 5016 sine
3713 4971 3834 5013 causa

2288 5061 2484 5115 dictum
2511 5069 2613 5123 est,
2645 5059 2739 5113 sed
2767 5069 2823 5112 ut
2843 5057 3167 5119 ostenderet,
3193 5072 3260 5112 ne
3287 5071 3474 5127 prope
3497 5057 3707 5126 quidem
3729 5052 3835 5102 illam

2288 5151 2544 5206 accedere
2563 5150 2826 5214 voluisse,
2857 5164 2977 5203 cum
3009 5157 3153 5204 recto
3175 5163 3331 5202 cursu
3366 5149 3426 5202 in
3458 5129 3673 5219 Syriam
3698 5154 3841 5211 pos“

2290 5251 2410 5296 rent
2438 5259 2452 5296 :
2485 5241 2554 5294 ita
2583 5255 2772 5309 nempe
2807 5238 3108 5294 festinabat.
3139 5239 3342 5292 Deinde
3389 5237 3645 5292 Venimus
3671 5233 3840 5302 Tyrum.

2289 5333 2482 5403 inquit;
2509 5333 2816 5400 inventisque
2837 5331 3118 5401 discipulis,
3150 5333 3440 5384 mansimus
3464 5346 3588 5384 cum
3614 5328 3725 5382 illis.
3743 5321 3842 5376 Cum

2289 5433 2470 5478 essent
2515 5438 2677 5493 prope
2718 5423 3100 5492 Jerosolymam
3127 5464 3143 5488 ,
3186 5437 3291 5476 non
3327 5425 3456 5490 jam
3493 5430 3742 5476 currunt,
3775 5410 3844 5461 sui

2291 5515 2449 5569 etiam
2480 5523 2696 5568 manent
2723 5513 2861 5583 apud
2901 5515 3090 5567 fratres
3119 5524 3324 5582 septem
3359 5513 3591 5568 diebus.
3629 5507 3745 5563 Vide
3764 5506 3847 5573 iam

2291 5605 2404 5659 dies
2443 5613 2740 5658 enumerat.
2787 5605 2916 5658 Post
2959 5607 3156 5675 Azyma
3208 5605 3258 5658 in
3297 5603 3589 5659 Troadem
3630 5603 3849 5654 venerum

2292 5697 2479 5750 diebus
2521 5699 2753 5767 quinque
2781 5713 2797 5762 ;
2828 5695 3022 5751 deinde
3063 5697 3133 5750 ibi
3171 5695 3283 5750 dies
3328 5707 3606 5765 septem;
3659 5700 3850 5755 sunt-Im3

2295 5787 2407 5842 dies
2439 5787 2719 5843 duodecim
2753 5805 2766 5841 :
2798 5787 2988 5843 deinde
3015 5787 3066 5841 in
3094 5789 3304 5852 Assum,
3337 5786 3668 5858 Mitylenen,
3696 5790 3851 5837 cutura
