4098 6354
232 341 345 400 315

228 474 393 526 τινες
422 459 502 526 τῷ
535 464 751 532 Παύλῳ
772 465 986 535 ἔλεγον
1011 465 1107 521 διὰ
1133 467 1236 521 τοῦ
1269 472 1606 538 Πνεύματος
1645 471 1723 539 μὴ
1755 471 1897 526 ἀνα·

227 547 470 602 ϐαίνειν
488 551 677 604 αὑτὸν
720 555 807 618 είς
846 555 1257 625 Ἰερουσαλήμ.
1294 558 1457 628 Ὅρα,
1494 559 1895 630 προφητεύουσι

226 636 482 689 κάκεῖνοι
533 639 631 702 τάς
697 639 921 710 θλίψεις.
985 645 1356 713 Οἰκονομεῖται
1403 646 1496 698 καὶ
1545 646 1611 699 δι’
1668 646 1890 699 ἐκείνων

225 721 515 794 λεχθῆναι,
551 727 637 778 ἵνα
684 729 757 798 μή
790 746 872 792 τις
917 729 1116 801 νομίσῃ
1159 731 1344 796 ἁπλῶς
1384 731 1555 786 ταῦτα
1593 733 1770 802 λέγειν
1800 733 1892 787 τὸν

228 810 451 866 Παῦλον
472 813 567 867 καὶ
621 816 946 885 κομπάζειν,
993 818 1158 872 Πάλιν
1210 819 1265 872 δὲ
1313 821 1431 874 ἐκεῖ
1473 821 1894 892 προσευχόμενοι

223 896 544 952 διαλύονται
582 902 689 954 ἀπ’
716 901 981 973 ἀλλήλων.
1017 906 1154 959 Ὅτε
1183 906 1252 959 δὲ
1279 906 1514 976 ἐγένετο
1540 896 1708 976 ’ἡμᾶς
1725 907 1896 976 ἐξαρ-

224 985 399 1039 τίσαι
423 988 528 1053 τὰς
551 987 774 1058 ἡμέρας
790 1030 804 1054 ,
835 991 1185 1060 ἐξελθόντες
1212 993 1611 1064 ἐπορευόμεθα
1637 1009 1894 1066 προπεμε

226 1074 477 1126 πόντων
504 1073 662 1144 ἡμᾶς
686 1077 928 1132 πάντων
961 1078 1084 1134 σὺν
1119 1081 1356 1150 γυναιξί
1387 1082 1485 1136 καὶ
1513 1082 1749 1148 τέκνοις
1785 1083 1895 1149 ἕως

225 1158 350 1222 ἔξω
381 1159 495 1228 τῆς
545 1165 798 1230 πόλεως,
852 1165 951 1219 καί
1007 1166 1212 1235 θέντες
1249 1167 1322 1221 τὰ
1374 1169 1596 1237 γόνατα
1643 1169 1739 1222 ἐπὶ
1789 1168 1894 1222 τὸν

224 1248 540 1314 αἰγιαλὸν,
571 1251 1060 1321 προσηυξάμεθα.
1103 1254 1214 1308 Καὶ
1263 1253 1680 1323 ἀσπασάμενοι
1712 1254 1894 1320 ἀλλή-

224 1337 406 1399 λους,
441 1335 737 1405 ἐνέϐημεν
761 1341 848 1404 είς
868 1339 933 1391 τὸ
971 1339 1187 1394 πλοῖον
1209 1358 1226 1375 ο
1248 1341 1468 1395 ἐκεῖνοι
1501 1342 1570 1394 δὲ
1603 1341 1892 1410 ὑπέστρε-

223 1423 359 1488 ψαν
385 1425 481 1489 εἰς
515 1424 587 1478 τὰ
615 1423 754 1481 ἴδια.
788 1425 989 1496 Ἠμεῖς
1020 1427 1089 1481 δὲ
1134 1427 1242 1482 τὸν
1275 1429 1474 1483 πλοῦν
1498 1429 1892 1495 διανύσαντες

223 1509 349 1562 ἀπὸ
410 1513 624 1580 Τύρου,
678 1515 1141 1585 κατηντήσαμεν
1187 1519 1275 1583 εις
1319 1517 1688 1587 Πτολεμαΐδα
1729 1532 1743 1546 ο
1793 1516 1892 1570 καί

223 1597 656 1667 ἀσπασάμενοι
713 1602 856 1669 τοὺς
915 1603 1218 1673 ἀδελφοὺς
1241 1645 1257 1670 ,
1306 1605 1624 1674 ἐμείναμεν
1665 1603 1894 1674 ἡμέραν

219 1686 373 1752 μίαν
424 1689 579 1756 παρ’
639 1689 863 1756 αὐτοῖς.
932 1689 1012 1761 Τῇ
1057 1691 1126 1744 δὲ
1174 1691 1462 1761 ἐπαύριον
1513 1693 1888 1760 ἐξελθόντες,

225 1773 504 1844 ἤλθομεν
545 1778 636 1842 εις
670 1776 1034 1846 Καισάρειαν
1056 1794 1072 1810 ·
1099 1778 1198 1832 καὶ
1246 1781 1626 1848 εἰσελθόντες
1676 1785 1762 1848 εις
1789 1781 1895 1836 τὸν

225 1861 398 1918 οἷκον
447 1866 752 1921 Φιλίππου
804 1869 910 1922 τοῦ
961 1870 1391 1939 εὐαγγελιστοῦ
1443 1869 1618 1937 ὄντος
1660 1871 1728 1924 ἐκ
1777 1870 1895 1924 τῶν

224 1951 397 2017 ἑπτὰ,
430 1952 756 2024 ἐμείναμεν
787 1957 936 2026 παρ’
959 1956 1140 2022 αὐτῷ.
1185 1958 1281 2020 Εἰς
1314 1959 1669 2030 Καισάρειαν,
1701 1959 1890 2029 φησιν,

228 2039 500 2104 nam“,
527 2042 678 2113 παρὰ
710 2043 964 2114 Φιλίππῳ
1014 2043 1093 2115 τῷ
1131 2046 1195 2098 ἐκ
1238 2045 1346 2100 τῶν
1383 2047 1522 2100 ἑπτά
1571 2045 1885 2116 ἐμείναμεν.

239 2129 432 2196 Τούτῳ
453 2129 523 2183 δὲ
545 2125 713 2199 ἦσαν
731 2132 1051 2200 θυγατέρες
1071 2133 1364 2203 τέσσαρες
1388 2135 1890 2203 προφητεύουσαι.

253 2214 388 2268 Ἀλλ’
416 2217 509 2288 οὑχ
535 2210 698 2272 αὗται
728 2218 1052 2290 προλέγουσι
1101 2221 1179 2292 τῷ
1222 2221 1440 2292 Παύλῳ,
1473 2222 1646 2276 καίτοι
1680 2239 1891 2293 προφη-

240 2302 504 2367 τεύουσαι,
530 2303 662 2357 ἀλλ’
686 2305 926 2372 Ἀγαϐος
967 2322 982 2337 ·
1021 2307 1114 2360 καὶ
1141 2308 1307 2371 ὅπως,
1339 2307 1525 2361 ἄκουε.
1563 2308 1894 2376 Ἐπιμενόνο

235 2401 353 2437 των
374 2385 443 2438 δὲ
466 2385 635 2456 ἡμῶν
660 2386 883 2455 ἡμέρας
924 2390 1174 2456 πλείους
1190 2432 1204 2455 ,
1247 2386 1436 2460 ἦλθεν
1461 2390 1580 2444 ἀπὸ
1605 2388 1712 2456 τῆς
1751 2391 1895 2443 Ἰου-

224 2467 402 2535 δαίας
442 2470 758 2540 προφήτης
795 2472 1038 2542 ὀνόματι
1078 2475 1325 2542 Ἄγαϐος
1358 2491 1372 2504 ’
1401 2474 1496 2526 καὶ
1528 2473 1719 2526 ἐλθὼν
1745 2473 1895 2541 πρὸς

221 2559 405 2630 ἡμᾶς,
432 2561 532 2615 καὶ
562 2561 710 2630 ἄρας
748 2561 864 2629 thr
912 2562 1100 2631 ζὶίινην
1152 2563 1256 2616 τοῦ
1291 2563 1532 2617 Παύλου
1554 2603 1569 2625 ,
1601 2559 1795 2628 δήσας
1831 2579 1894 2616 τε

216 2647 412 2702 αὐτοῦ
482 2647 683 2717 χεῷας
741 2648 837 2702 καὶ
906 2651 1116 2716 πόδας,
1172 2647 1303 2704 εἷπε
1356 2666 1368 2679 ο
1436 2649 1580 2703 Τάδε
1625 2649 1783 2719 λέγει
1827 2650 1889 2703 τὸ

223 2734 472 2804 Πνεῦμα
527 2737 594 2789 τὸ
638 2735 810 2804 ἅγιον
840 2751 855 2766 ⁶
891 2737 1003 2791 Τὸν
1058 2737 1264 2807 ἄνδρα,
1316 2735 1387 2794 οὗ
1441 2739 1614 2792 ἐστιν
1663 2739 1701 2807 ἡ
1745 2737 1892 2807 ζώνη

219 2822 400 2890 αῦτη,
454 2823 607 2876 οὕτω
652 2823 956 2889 δήσουσιν
1002 2826 1088 2890 είς
1144 2825 1539 2895 Ἰερουσαλὴμ
1605 2825 1892 2890 Ἰουδαῖοι,

221 2909 324 2964 καί
364 2909 839 2980 παραδώσουσιν
884 2914 972 2978 εἱς
1021 2913 1223 2982 χεῖρας
1251 2914 1458 2968 ἐθνῶν.
1511 2915 1568 2966 '0
1608 2915 1775 2968 πάλαι
1803 2914 1894 2966 τὸν

217 2997 382 3068 λιμὸν
420 2997 686 3070 μηνύσας,
714 2995 891 3063 οὗτος,
929 3001 1039 3054 Τὸν
1076 3000 1285 3070 ἄνδρα,
1341 3003 1494 3072 φησὶ.
1536 3002 1770 3067 τοῦτον,
1821 2997 1892 3057 οὗ

217 3086 400 3140 ἐστιν
422 3087 464 3154 ἡ
487 3086 636 3156 ζώνη
668 3087 841 3156 αὕτη,
875 3088 1028 3142 οὕτω
1053 3089 1372 3155 δήσουσιν.
1404 3090 1580 3162 Ὅπερ
1610 3091 1657 3143 οἱ
1694 3090 1894 3160 προφῆ-
1921 3077 1935 3085 ’

219 3195 311 3230 ται
349 3177 590 3240 ἐποίουν,
620 3177 741 3248 δψει
763 3179 830 3232 τὰ
855 3179 1121 3249 γενόμενα
1153 3179 1579 3250 ὑπογράφοντες,
1612 3181 1738 3232 ὅταν
1767 3180 1894 3250 περὶ

219 3265 610 3336 αἰχ-ιαλωσίας
660 3267 863 3335 ἔλεγον,
921 3267 996 3330 ὡς
1046 3269 1074 3320 ό
1105 3267 1380 3337 Ἰεζεκιὴλ,
1441 3267 1712 3320 τοῦτοκαὶ
1743 3262 1896 3332 οὗτος

221 3357 479 3425 ἐποίησε.
512 3355 622 3408 Καὶ
645 3355 708 3407 τὸ
761 3353 825 3427 δὴ
878 3354 1138 3424 χαλεπδν,
1190 3355 1273 3406 ὃτι
1320 3357 1426 3419 Εἰς
1472 3354 1674 3424 χεῷας
1705 3354 1896 3408 ἐθνῶν

222 3441 725 3511 παραδώσουσιν.
777 3441 988 3508 Ὠςιδὲ
1024 3442 1372 3510 ἠκούσαμεν
1403 3443 1606 3505 ταῦτα,
1642 3455 1896 3511 παρεκα-

218 3531 460 3600 λοῦμεν
481 3529 653 3598 ἡμεῖς
684 3545 748 3583 τε
776 3529 876 3583 καί
913 3528 974 3582 οί
991 3529 1274 3591 ἐντόπιοι,
1296 3529 1402 3583 τοῦ
1428 3531 1515 3599 μὴ
1547 3532 1897 3585 ἀναϐαίνειν

221 3619 418 3673 αὑτὸν
447 3620 539 3685 είς
576 3617 995 3687 Ἰερουσαλήμ.
1043 3619 1151 3672 Kal
1201 3619 1388 3671 πολλοὶ
1432 3620 1777 3690 παρεκάλουν
1820 3621 1894 3691 μὴ

224 3707 511 3769 ἀπελθεῖν,
547 3707 640 3759 καὶ
678 3705 802 3759 οὐδὲ
840 3705 1015 3768 οὑτως
1051 3707 1381 3776 ὑπήκουσεν.
1429 3707 1744 3775 Ἀπεκρίθη
1772 3708 1839 3759 δὲ
1864 3712 1896 3762 ό

223 3795 475 3859 Παῦλος
501 3809 516 3825 ⁸
559 3793 627 3848 Τί
653 3794 876 3849 ποιεῖτε
911 3796 1226 3862 κλαίοντες
1269 3794 1368 3848 καὶ
1411 3797 1897 3864 συνθρύπτοντές

225 3881 386 3953 {559]
408 3899 531 3951 μου
552 3882 669 3951 τὴν
698 3883 980 3951 καρδιάν;
1009 3883 1157 3952 Ἐγὼ
1180 3883 1290 3952 γὰρ
1319 3885 1390 3937 οὐ
1415 3884 1606 3952 μόνον
1633 3881 1894 3949 δεθῆναι,

223 3970 392 4024 ἀλλὰ
408 3971 507 4023 καὶ
523 3970 942 4036 ἀποθανεῖν-είς
957 3970 1345 4038 Ἰερουσαλὴμ
1358 3970 1600 4038 ἑτοίμως
1617 3970 1733 4038 ἔχω
1747 3970 1900 4038 ὑπὲρ

227 4059 339 4113 τοῦ
375 4061 674 4129 ὀνόματος
721 4061 828 4115 τοῦ
869 4062 1090 4129 Κυρίου
1130 4060 1352 4128 Ἰησοῦ.
1401 4060 1499 4128 Mh
1542 4061 1897 4130 πειθομένου

226 4148 304 4202 δὲ
332 4149 548 4215 αὐτοῦ,
607 4149 1010 4222 ἡσυχάσαμεν
1043 4151 1315 4216 εἰπόντες
1347 4166 1361 4178 ·
1407 4149 1476 4204 Τὸ
1517 4149 1746 4220 θέλημα
1788 4151 1899 4205 τοῦ

227 4239 456 4306 Κυρίου
496 4237 781 4308 γενέσθω.

302 4326 371 4395 β’.
417 4327 615 4397 Ὀρᾷςς
657 4327 744 4382 ἵνα
764 4327 838 4398 μὴ
857 4325 1092 4390 ἀκούσας
1106 4325 1333 4397 νομίσῃς
1364 4326 1610 4397 ἀνάγκης
1637 4322 1776 4382 εἷναι
1814 4328 1895 4395 τὺ,

225 4416 557 4485 Δεδεμένος
589 4415 670 4480 τῷ
702 4417 996 4485 Πνεύματι
1047 4416 1366 4485 πορεύομαι
1384 4455 1400 4478 ,
1439 4416 1572 4487 μηδὲ
1601 4417 1898 4487 ἀγνοοῦντα

226 4502 393 4554 αὑτὸν
421 4503 709 4571 ἐμπεσεῖν,
735 4500 822 4554 διά
870 4500 1029 4554 τοῦτο
1066 4500 1237 4555 ταῦτα
1279 4501 1621 4571 προλέγεται.
1674 4503 1826 4555 Ἀλλ’
1849 4505 1899 4558 οἱ

228 4591 330 4662 μὲν
358 4589 598 4649 ἔκλαιον,
629 4589 792 4653 αὑτὸς
810 4588 867 4641 δὲ
891 4587 1213 4659 παρεκάλει,
1231 4587 1413 4656 ἀλγῶν
1433 4589 1525 4642 ἐπὶ
1542 4592 1653 4653 τοῖς
1669 4590 1898 4662 δάκρυσι

224 4681 337 4744 τοῖς
379 4676 630 4731 ἐκείνων.
686 4677 747 4730 Τί
792 4676 1011 4730 ποιεῖτε
1051 4675 1180 4746 γάρ,
1222 4676 1385 4745 φησι,
1437 4680 1752 4744 κλαίοντες
1799 4679 1898 4733 καὶ

224 4763 726 4834 συνθρύπτοντές
750 4781 870 4832 μου
906 4762 1022 4830 thr
1049 4763 1340 4830 καρδίαν;
1368 4763 1535 4816 Οὐδὲν
1568 4763 1780 4818 Παύλου
1811 4784 1899 4834 φι-

225 4851 657 4924 λοστοργότερον
693 4866 708 4881 ’
745 4851 827 4904 ὅτι
876 4849 1021 4922 ἐώρα
1065 4849 1418 4922 δακρύοντας,
1443 4852 1600 4923 ήλγει
1625 4855 1654 4906 ό
1686 4852 1761 4924 μὴ
1792 4854 1898 4906 πά-

228 4957 379 5010 σχων
406 4940 500 4992 ἐπὶ
523 4941 633 5002 τοῖς
657 4937 876 5001 οἰκείοις
907 4940 1253 5009 πειρασμοῖς.
1296 4937 1426 5009 Ἐμὲ
1464 4940 1696 4992 ἀδικεῖτε
1720 4940 1895 5006 τοῦτο,

227 5028 394 5101 φησὶ,
419 5026 700 5090 ποιοῦντες
730 5041 746 5057 ο
785 5025 860 5098 μὴ
895 5025 1005 5098 γὰρ
1034 5025 1145 5093 ἐγὼ
1177 5026 1362 5094 ἀλγῶ;
1393 5026 1526 5080 Τότε
1568 5027 1894 5093 ἐπαύσαντο,

224 5117 316 5170 ὅτε
358 5108 485 5167 εἷπε
515 5129 530 5144 ο
566 5113 626 5166 Τί
660 5113 878 5166 ποιεῖτε
917 5113 1407 5181 συνθρύπτοντές
1445 5129 1564 5181 μου
1605 5113 1718 5182 thr
1757 5131 1898 5183 καρ-

224 5205 409 5266 δ.ἀν;
447 5202 562 5270 Ἐφ’
603 5200 735 5270 ὑμῖν
757 5201 945 5264 κλαίω,
982 5202 1166 5272 φησιν,
1202 5201 1301 5253 οὐκ
1341 5201 1433 5252 ἐπὶ
1478 5202 1588 5265 τοῖς
1633 5202 1895 5271 παθήμα-

229 5310 317 5346 σιν
345 5309 358 5322 ’
397 5290 540 5361 ὑπὲρ
564 5289 674 5361 γάρ
694 5289 916 5342 ἐκείνων
944 5289 1038 5341 καὶ
1068 5288 1358 5342 ἀποθανεῖν
1381 5287 1898 5360 βούλομαι.”1δωμεν

225 5381 284 5434 δὲ
316 5379 618 5435 ἀνωθεντά
654 5379 938 5448 εἰρημένα.
981 5377 1288 5448 Ἀργυρίου
1332 5375 1370 5445 ἢ
1417 5379 1673 5446 χρυσίου
1701 5377 1739 5448 ἣ
1771 5382 1898 5448 ίμα-

227 5465 474 5535 τισμοῦ,
521 5465 710 5535 φησὶν,
757 5463 1006 5531 οὐδενὸς
1059 5465 1408 5534 ἐπεθύμησα
1447 5481 1462 5495 ο
1494 5465 1664 5519 αὐτοὶ
1721 5466 1891 5534 γινώ-

226 5570 433 5613 σκετε.
467 5553 558 5607 ὅτι
579 5553 706 5618 ταῖς
732 5553 959 5623 χρείαις
981 5569 1102 5622 μου
1141 5551 1241 5605 καὶ
1270 5551 1394 5618 τοῖς
1431 5552 1570 5606 οὖσι
1599 5553 1724 5620 μετ’
1749 5553 1897 5622 ἐμοῦ

227 5641 628 5710 ὑπηρέτησαν
662 5643 722 5697 al
775 5641 970 5712 χεῖρες
1016 5636 1214 5697 αὗται.
1259 5640 1372 5695 Οὐκ
1427 5642 1535 5712 ἄρα
1562 5643 1621 5695 ὲν
1649 5641 1896 5712 Κορίνθῳ

127 5780 142 5794 ,
228 5731 396 5784 τοῦτο
421 5731 746 5800 εἰργάσαντο
781 5731 940 5800 μόνον
967 5730 1018 5782 οἱ
1038 5729 1436 5800 διαφθείροντες
1470 5731 1594 5793 τοὺς
1625 5730 1892 5800 μαθητὰς,

231 5818 377 5872 ἀλλὰ
428 5819 522 5872 καὶ
571 5819 626 5871 ἐν
670 5817 843 5888 Ἀσία.
893 5817 1145 5890 Οὑδαμοῦ
1197 5817 1356 5870 τοῦτο
1403 5817 1650 5881 ὀνειδίζει
1702 5831 1728 5858 ι
1779 5821 1894 5882 τοῖς

247 5908 518 5977 Ἐφεσίοις
539 5908 784 5980 γράφων.
833 5906 897 5961 Τί
928 5908 1157 5979 δήποτε;
1207 5907 1328 5960 Ὅτι
1375 5908 1474 5960 οὐκ
1515 5909 1764 5964 ἐνέπεσεν
1811 5911 1892 5974 εἰς

307 5999 333 6025 ⁴¹
361 5994 514 6053 Unus,
531 5995 687 6049 Ἀσία·
713 5996 816 6046 ἀλλ’
838 5995 1050 6058 οὖδαμοῦ
1067 5995 1209 6045 τοῦτο
1236 5996 1488 6052 ὠνείδιζον.

1295 351 1362 407 ΙΝ
1395 353 1572 409 ACTA
1615 352 2148 412 APOSTOLOBUM.
2182 353 2416 413 “OMIL.
2449 352 2606 411 XLV.

2002 473 2268 543 ἀνάγκην.
2312 471 2473 525 Ἀλλά
2494 472 2588 525 καὶ
2619 469 2924 541 Κορινθίοις
2951 468 3097 536 λέγει
3130 483 3146 502 ·
3176 461 3299 523 Οὐκ
3324 467 3548 536 ἐρράγη
3581 467 3648 520 τι)

2000 561 2273 629 καύχημά
2300 578 2415 629 μου
2449 559 2518 612 ἐν
2559 559 2682 624 τοῖς
2716 559 2965 627 κλίμασι
2993 555 3100 624 τῆς
3134 555 3388 625 Ἀχαΐας.
3411 554 3524 607 Kal
3549 555 3649 606 οὑκ

2001 644 2175 712 εἶπεν,
2206 647 2320 700 Οὐκ
2349 645 2581 700 ἐδώκατέ
2627 663 2716 716 μοι
2745 661 2760 675 °
2789 645 2937 709 ἀλλ’,
2981 644 3281 714 Ἀργυρίου
3310 643 3346 709 ἢ
3388 640 3649 710 χρυσίου

1999 734 2038 802 ἢ
2072 735 2392 804 ίματισμοῦ
2427 736 2538 789 οὐκ
2570 735 2937 803 ἐπεθύμησα,
2995 733 3084 784 ἵνα
3140 732 3216 801 μὴ
3275 730 3399 800 δόξῃ
3426 729 3648 782 ἐκείνων

1997 814 2134 873 εἶναι
2169 819 2231 872 τὺ
2253 821 2325 890 μὴ
2353 818 2552 872 δοῦναι.
2584 820 2692 871 Kal
2733 817 2831 870 οὑκ
2863 814 3043 878 εἶπεν,
3073 812 3298 876 Οὐδενὸς
3329 811 3650 881 ἐπεθύμησα

1995 907 2103 960 τῶν
2141 905 2483 975 ἀναγκαίων,
2518 905 2605 958 ἵνα
2646 904 2720 975 μὴ
2769 905 2894 975 δόξῃ
2941 903 3100 958 πάλιν
3158 899 3459 971 κατηγορία
3512 893 3650 951 εἶναι

1995 995 2224 1048 ἐκείνων
2255 1011 2270 1026 ·
2307 993 2442 1048 ἀλλά
2483 991 2642 1046 τοῦτο
2674 993 2990 1056 αἰνίττεται,
3037 993 3118 1044 ὅτι
3152 989 3374 1050 εἰκότως
3403 987 3501 1040 οὑκ
3530 985 3650 1038 ἔλα-

1996 1081 2088 1134 ϐεν
2112 1082 2276 1135 ὁπότε
2332 1081 2424 1136 καὶ
2483 1080 2701 1152 ἑτέρους
2735 1079 2982 1150 ἔτρεφεν.
3023 1079 3194 1149 Ὅρα,
3228 1074 3344 1138 πῶς
3368 1072 3652 1144 εἰργάζετο

1998 1167 2134 1238 μετὰ
2158 1168 2393 1236 σπουδῆς
2427 1166 2710 1238 ἄνθρωπος
2749 1167 2918 1220 νύκτα
2965 1167 3060 1219 καὶ
3097 1164 3306 1234 ἡμέραν
3335 1161 3650 1231 διαλεγόμε-

1994 1273 2082 1318 νος
2119 1257 2254 1326 μετά
2275 1255 2543 1327 δακρύων,
2573 1255 2668 1308 ἕνα
2706 1256 2933 1308 ἕκαστον
2973 1253 3256 1308 νουθετῶν.
3303 1251 3499 1306 Πάντα
3540 1251 3653 1302 ὐπ-

1993 1341 2193 1404 έδειξα
2213 1343 2372 1411 ὑμῖν,
2389 1343 2475 1396 ὅτι
2497 1343 2648 1396 οὕτω
2665 1341 2996 1406 κοπιῶντας
3011 1341 3103 1394 δεῖ
3113 1339 3651 1408 ἀντιλαμϐάνεσθαι

1993 1428 2112 1482 τῶν
2134 1430 2570 1484 ἀσθενούντων.
2620 1428 2790 1482 Τοῦτο
2832 1428 3022 1492 εἰπὼν,
3061 1429 3223 1481 πάλιν
3265 1427 3548 1496 ἐφόϐησεν.
3587 1425 3652 1476 ’Ὀ

1992 1520 2048 1573 δὲ
2079 1518 2244 1588 λέγει,
2277 1518 2433 1573 τοῦτό
2455 1523 2600 1573 ἐστιν
2628 1535 2644 1551 ·
2677 1520 2790 1572 Οὐκ
2840 1517 2990 1588 ἔχετε
3032 1520 3110 1580 είς
3165 1519 3384 1586 ἄγνοιαν
3410 1530 3653 1580 καταφυ-

1993 1608 2109 1674 γεῖν
2135 1623 2148 1638 ο
2183 1607 2434 1672 ὑπέδειξα
2459 1607 2548 1661 διὰ
2573 1608 2681 1660 τῶν
2718 1607 2914 1678 ἔργων,
2950 1608 3030 1660 ὅτι
3055 1606 3196 1660 οὕτω
3240 1604 3543 1666 κοπιῶντας
3574 1601 3656 1654 δεῖ

1991 1694 2336 1764 ἐργάζεσθαι.
2366 1696 2473 1748 Kal
2493 1696 2590 1749 οὑκ
2629 1691 2801 1759 εἶπεν,
2837 1696 2916 1748 ὅτι
2952 1694 3122 1748 κακὸν
3158 1695 3218 1747 τδ
3250 1693 3461 1746 λαῧεῖψ
3495 1691 3649 1754 ἀλλὰ,

1995 1783 2201 1853 βέλτιον
2227 1784 2287 1838 τδ
2347 1784 2420 1854 μὴ
2467 1783 2673 1838 λαϐεῖν.
2718 1787 3126 1852 Μνημονεύειν
3190 1799 3253 1834 τε
3299 1779 3408 1834 τὸν
3438 1780 3649 1846 λόγον,

1995 1873 2149 1942 φησὶ,
2172 1871 2278 1926 τοῦ
2317 1872 2558 1940 Κυρίου,
2590 1871 2663 1924 ὃν
2690 1867 2820 1925 εἶπε
2848 1889 2862 1903 ο
2895 1869 3201 1937 Μακάριόν
3245 1869 3374 1921 ἐστι
3411 1865 3654 1936 μᾶλλον

1993 1961 2227 2016 διδόναι
2260 1960 2297 2030 h
2328 1960 2678 2029 λαμϐάνειν.
2704 1961 2811 2013 Kal
2836 1959 2938 2012 ποῦ
2966 1954 3150 2024 εἵπεν;
3188 1958 3347 2020 Ἴσως
3390 1956 3653 2024 ἀγράφως

1995 2049 2319 2120 παρέδωκαν
2349 2048 2396 2100 οἱ
2421 2047 2706 2100 ἀπόστολοι
2735 2063 2747 2075 '
2789 2047 2822 2118 ἢ
2857 2046 2918 2111 ἐξ
2959 2065 3036 2098 ων
3080 2047 3142 2100 ἄν
3167 2063 3247 2108 τις
3279 2044 3653 2111 συλλογίσαιτο

1993 2137 2168 2208 δῆλον.
2200 2137 2312 2189 Kal
2360 2137 2467 2206 γὰρ
2516 2135 2680 2199 ἔδειξε
2731 2134 2829 2204 τὴν
2883 2133 3190 2205 παρρησίαν
3219 2131 3318 2201 τὴν
3360 2130 3495 2202 πρὸς
3525 2131 3651 2194 τοὺς

1994 2225 2291 2287 κινδύνους,
2330 2224 2431 2293 τὴν
2462 2223 2804 2292 συμπάθειαν
2826 2221 2924 2290 τὴν
2958 2220 3092 2290 πρὸς
3123 2220 3249 2281 τοὺς
3291 2218 3649 2294 ἀρχομένους,

1992 2312 2093 2382 τὴν
2123 2310 2468 2365 διδασκαλίαν
2498 2310 2594 2379 τὴν
2625 2309 2762 2378 μετά
2808 2308 3136 2378 παρρησίας,
3174 2305 3272 2376 τὴν
3300 2321 3652 2372 ταπεινοφροο

1995 2399 2177 2470 σύν-ην,
2224 2399 2322 2468 τὴν
2353 2397 2735 2467 ἀκτημοσύνην
2771 2411 2785 2425 °
2821 2394 2979 2448 τοῦτο
3022 2395 3077 2448 δὲ
3123 2393 3214 2447 καὶ
3271 2389 3656 2461 ἀκτημοσύνης

1997 2488 2200 2557 μεῖζον.
2233 2488 2292 2538 Εἰ
2329 2485 2436 2554 γάρ
2470 2487 2602 2544 ἐκεῖ,
2639 2481 2934 2549 Πώλησόν
2978 2495 3116 2544 σου,
3163 2480 3316 2550 φησὶ,
3363 2478 3434 2531 τὰ
3465 2475 3654 2543 ὑπάρ-

1993 2590 2199 2642 χοντα,
2234 2575 2285 2626 εί
2307 2572 2499 2636 θέλεις
2542 2570 2765 2636 τέλειος
2811 2566 2965 2622 εἶναι
2999 2585 3011 2596 ·
3044 2569 3170 2620 ὅταν
3203 2566 3338 2638 πρὸς
3370 2566 3447 2634 τῷ
3483 2563 3653 2634 μηδὲν

1993 2659 2286 2729 λαμϐάνειν
2303 2659 2397 2711 καὶ
2421 2658 2636 2728 ἐτέρους
2653 2655 2908 2726 τρέφῃ,τί
2935 2653 3123 2707 τούτου
3151 2653 3262 2706 ἴσον
3286 2669 3300 2717 ;
3328 2648 3420 2714 Εἷς
3451 2650 3655 2721 βαθμδς

1991 2748 2169 2800 τοίνυν
2191 2747 2341 2816 ῥῖψαι
2357 2746 2422 2799 τὰ
2439 2745 2620 2805 αὑτοῦ,
2639 2743 2910 2814 δεύτερος,
2929 2741 3109 2810 ἐαυτῷ
3129 2742 3412 2812 ἐπαρκεῖν,
3449 2739 3653 2809 τρίτος,

1995 2836 2089 2888 καὶ
2126 2836 2352 2904 ἑτέροις,
2417 2833 2693 2902 τέταρτος,
2747 2831 2808 2884 τὸ
2858 2831 3198 2900 κηρύττοντά
3255 2827 3352 2880 καὶ
3401 2825 3655 2890 ἐξουσίαν

1994 2922 2184 2992 ἔχοντα
2217 2921 2242 2960 ιι
2271 2919 2568 2990 λαμϐάνειν
2622 2917 2696 2990 μὴ
2754 2917 3050 2986 λαμϐάνειν
3099 2931 3112 2944 ·
3169 2915 3310 2968 ὥστε
3364 2911 3496 2966 πολὺ
3544 2911 3655 2964 τῶν

1993 3012 2313 3080 ἀκτημόνων
2359 3004 2512 3072 οὗτος
2552 3007 2772 3077 βελτίων
2816 3004 2904 3079 ἦν.
2948 3007 3054 3058 Kal
3081 3005 3260 3066 καλῶς
3295 3000 3466 3061 εἶπεν,
3493 3001 3658 3053 Οὕτω

1993 3098 2087 3152 δεῖ
2115 3097 2656 3166 ἀντιλαμϐάνεσθαι
2700 3093 2816 3149 τῶν
2861 3094 3294 3148 ἀσθενούντων.
3345 3091 3386 3141 Τ
3391 3089 3518 3142 οὗτο
3556 3088 3654 3158 μὲν

1995 3187 2104 3256 γὰρ
2125 3185 2459 3254 συμπαθείας
2481 3183 2580 3252 τῆς
2603 3183 2737 3253 πρὸς
2767 3181 2892 3244 τοὺς
2921 3178 3184 3243 ἀσθενεῖς,
3206 3175 3353 3248 [5-50]
3386 3175 3444 3228 τὸ
3469 3175 3656 3226 ἐκτῶν

1998 3273 2141 3325 ἰδίων
2170 3271 2348 3323 κόπων
2383 3269 2581 3322 διδόναι
2607 3286 2620 3299 °
2655 3270 2716 3322 τὸ
2741 3269 2798 3322 δὲ
2824 3271 2887 3322 ὲκ
2911 3268 3020 3320 τῶν
3047 3264 3368 3335 ἀλλοτρίων,
3395 3263 3456 3315 οὑ
3493 3261 3654 3331 μόνον

1993 3360 2052 3412 οὑ
2098 3358 2280 3422 καλὸν,
2335 3355 2470 3409 ἀλλά
2511 3357 2605 3408 καὶ
2650 3354 2966 3422 ἐπισφαλές.
3001 3352 3107 3410 Καὶ
3155 3349 3545 3413 ἐπιπεσόντες
3573 3345 3656 3412 τῷ

1995 3447 2293 3516 τραχήλῳ,
2330 3446 2514 3516 φησιν,
2554 3445 2739 3499 αὑτοῦ
2782 3445 3047 3496 ἔκλαιον.
3081 3439 3250 3492 Τοῦτο
3297 3438 3392 3508 τὴν
3414 3437 3656 3490 διάθεσιν

1993 3537 2091 3606 τὴν
2127 3535 2261 3604 πρὸς
2289 3534 2450 3586 αὑτὸν
2475 3532 2764 3586 δείκνυσιν.
2810 3531 3106 3582 Ἐπέπεσον
3135 3529 3190 3580 δὲ
3217 3528 3308 3580 ἐπὶ
3341 3527 3430 3579 τὸν
3453 3525 3657 3597 τράχη-

1995 3625 2106 3684 λον,
2130 3623 2222 3676 ac;
2255 3622 2486 3691 ὑστέρας
2509 3620 2845 3691 περιπλοκὰς
2879 3617 3356 3689 περιπλεκόμενοι,
3399 3617 3493 3668 καὶ
3523 3613 3654 3665 πολ-

1996 3710 2093 3781 λὴν
2127 3711 2232 3764 άπὸ
2258 3710 2357 3778 τῆς
2397 3707 2737 3778 δημηγορίας
2781 3707 3038 3768 λαϐόντες
3074 3703 3171 3773 τὴν
3206 3703 3426 3773 ἀγάπην
3459 3703 3550 3754 καὶ
3593 3699 3658 3752 τὸ

1997 3799 2234 3868 φίλτρον.
2266 3798 2326 3849 Εἰ
2356 3796 2462 3864 γάρ
2488 3795 2675 3858 ἁπλῶς
2699 3797 2858 3865 ἡμεῖς
2883 3796 2961 3847 ἀπ
2979 3795 2993 3814 ’
3036 3791 3276 3861 ἀλλήλων
3319 3790 3656 3859 διαλυόμενοι

2000 3887 2274 3956 στένομεν,
2313 3883 2485 3937 καίτοι
2521 3883 2755 3946 ειδότες,
2801 3884 2881 3935 ὅτι
2931 3879 3321 3949 ἀποληψόμεοα
3368 3877 3653 3947 ἀλλήλους,

1999 3974 2115 4039 πῶς
2147 3973 2212 4027 ἂν
2252 3975 2451 4026 ἐκεῖνοι
2497 3971 2617 4024 τότε
2667 3969 2878 4023 Παύλου
2929 3967 3156 4030 ἀπαθῶς
3189 3965 3654 4035 ἀπεσπάσθησαν;

2011 4063 2152 4132 Ἐγὼ
2174 4063 2266 4117 καὶ
2290 4063 2381 4114 τὸν
2407 4059 2617 4114 Παῦλον
2650 4055 2806 4127 οἶμαι
2839 4059 3064 4112 κλαίειν.
3113 4055 3654 4121 Ἀποσπασθέντες,

1998 4153 2148 4222 φησί.
2175 4154 2426 4204 Δείκνυσι
2451 4150 2544 4202 καὶ¹
2579 4147 2677 4220 τὴν
2705 4148 2823 4218 βίαν
2862 4147 2939 4218 τῷ
2979 4148 3172 4206 εἰπεῖν,
3217 4141 3660 4199 ’Δποσπασθέν-

1998 4261 2087 4309 τες
2125 4245 2239 4298 ἀπ’
2266 4240 2484 4296 αὐτῶν.
2525 4241 2636 4294 Kal
2683 4241 2907 4302 εἰκότως
2939 4256 2952 4268 ·
2991 4239 3069 4301 εἰς
3112 4237 3220 4308 γὰρ
3249 4238 3346 4306 τὴν
3379 4234 3659 4287 θάλασσαν

1998 4333 2181 4385 λοιπὸν
2227 4331 2463 4402 ἐμϐῆναι
2497 4329 2693 4392 αὐτοὺς
2733 4329 2833 4380 οὑκ
2881 4329 3024 4397 ἐνῆν.
3053 4327 3117 4379 Τί
3161 4328 3327 4389 ἐστιν,
3363 4323 3661 4391 Εὑθυδρο-

1992 4422 2300 4491 μήσαντες
2339 4421 2604 4490 ἤλθομεν
2640 4421 2726 4483 εἰς
2759 4417 2875 4485 thr
2917 4415 3049 4470 Κῶν
3061 4433 3080 4480 ;
3124 4417 3268 4471 τΛντὶ
3300 4413 3417 4477 τοῦ,
3455 4413 3530 4464 Οὑ
3564 4427 3663 4463 πε-

2000 4508 2288 4580 ριήλθομεν
2323 4507 2444 4561 οὑδὲ
2483 4506 2836 4576 διετρίψαμεν
2884 4506 2942 4556 ὲν
2994 4503 3202 4574 ἑτέροις
3223 4501 3430 4563 τόποις.
3469 4499 3546 4568 Τῇ
3588 4498 3660 4551 δὲ

1997 4594 2164 4663 ἑξῆς,
2196 4594 2381 4666 φησὶν,
2430 4596 2517 4660 είς
2566 4592 2777 4648 Ῥόδον
2807 4603 2856 4646 ο.
2882 4592 3032 4662 Ὅρα
3089 4589 3250 4643 αὑτὸν
3284 4587 3660 4657 ἐπειγόμενον.

1999 4683 2105 4736 Καὶ
2147 4683 2424 4752 εὑρόντες
2461 4681 2676 4735 πλοῖον
2715 4677 3008 4749 διαπερῶν
3043 4679 3130 4742 εις
3169 4676 3470 4741 Φοινίκην.
3504 4675 3660 4736 Ἴσως

1999 4773 2174 4825 ἐκεῖνο
2205 4770 2392 4824 αὐτόθι
2437 4769 2669 4840 διέτριϐε
2697 4786 2710 4800 ο
2743 4767 2823 4822 διὸ
2848 4769 2905 4820 ὲν
2938 4765 3087 4836 αὑτῷ
3139 4763 3528 4826 ἐπιϐαίνουσιν,
3563 4762 3662 4832 οὑχ

1999 4859 2247 4931 εὑρόντες
2299 4858 2426 4912 ἄλλο
2474 4858 2552 4920 εἰς
2598 4856 2938 4926 Καισάρειαν
2966 4850 3358 4921 ἀπερχόμενον.
3415 4848 3663 4920 Ἀναφα-

1999 4962 2214 5010 ναντες
2259 4944 2328 4998 δὲ
2379 4943 2492 5012 thr
2533 4943 2791 5011 Κύπρον,
2849 4941 2950 4994 καὶ
2993 4938 3420 5003 καταλιπόντες
3468 4937 3662 5007 αὐτὴν

1999 5037 2329 5107 εὐώνυμον.
2358 5035 2524 5088 Τοῦτο
2582 5035 2681 5105 οὑχ
2725 5031 2908 5096 ἁπλῶς
2964 5030 3199 5101 εἴρηται,
3234 5030 3348 5084 ἀλλ’
3377 5032 3464 5085 ἵνα
3487 5031 3660 5104 δείξῃ,

1999 5127 2082 5179 ὅτι
2112 5125 2230 5179 οὑδὲ
2262 5125 2427 5192 ἐγγὺς
2465 5122 2636 5191 αὐτῆς
2673 5121 2921 5191 γενέσθαι
2947 5121 3168 5191 ἠξίωσε,
3203 5120 3438 5175 κατευθὺ
3468 5120 3662 5175 πλέον·

1999 5234 2089 5280 τες
2115 5219 2215 5287 τῆς
2247 5213 2447 5283 Συρίας
2482 5230 2496 5245 ο
2531 5212 2704 5276 οὑτως
2743 5211 3022 5265 ἔσπευδεν.
3054 5207 3202 5266 Εἶτα
3239 5211 3336 5266 καί
3365 5211 3661 5280 κατήχθη-

1994 5322 2109 5375 μεν
2131 5306 2217 5370 είς
2247 5304 2451 5370 Τύρον,
2473 5301 2628 5372 φησι,
2661 5300 2760 5354 καί
2796 5301 3073 5370 εὑρόντες
3113 5300 3404 5368 μαθητὰς,
3432 5299 3660 5366 ἐμείνα-

1993 5410 2110 5462 μεν
2146 5391 2295 5460 πρὸς
2345 5390 2584 5456 αὐτούς.
2621 5390 2750 5443 Ὅτε
2771 5388 2996 5458 πλησίον
3058 5384 3198 5459 ἦσαν
3251 5386 3655 5457 Ἱεροσολύμων,

2001 5479 2194 5532 οὐκέτι
2224 5479 2524 5550 τρέχουσιν,
2560 5477 2695 5532 ἀλλά
2723 5479 2817 5531 καὶ
2842 5479 3057 5548 μένουσι
3092 5477 3242 5547 παρά
3279 5477 3389 5533 τοῖς
3409 5473 3658 5542 ἀδελφοῖς

1999 5566 2140 5620 ὲπτά
2169 5567 2398 5638 ἡμέρας.
2438 5566 2543 5618 Ἰδε
2580 5583 2668 5636 μοι
2723 5565 2905 5618 λοιπὸν
2962 5565 3056 5618 καὶ
3109 5563 3206 5626 τὰς
3237 5561 3468 5631 ἡμέρας.
3506 5561 3658 5613 Μετὰ

1997 5656 2065 5712 τά
2101 5657 2319 5725 Ἀζυμα
2340 5655 2418 5717 είς
2452 5653 2683 5726 Τρωάδα
2717 5648 2879 5724 ἦλθον
2910 5652 2992 5705 δι’
3036 5649 3260 5722 ἡμερῶν
3299 5649 3461 5702 πέντε
3488 5664 3499 5675 ·
3540 5643 3658 5701 εἶτα

1998 5748 2115 5800 ἐκεῖ
2167 5746 2304 5798 ἑπτά
2331 5759 2343 5770 '
2375 5744 2474 5808 τὰς
2517 5744 2698 5807 πάσας
2738 5743 2944 5796 δώδεκα
2976 5759 2990 5775 ο
3025 5737 3141 5794 εἶτα
3186 5741 3264 5803 εἰς
3309 5738 3404 5810 τὴν
3437 5741 3657 5808 ΙἈσσον,

2056 5934 2084 5974 ιι
2111 5931 2263 5994 Idem,
2289 5931 2370 5978 τὸν
2407 5930 2722 5994 κηρύττοντά,
2746 5929 2824 5977 καὶ
2846 5927 3058 5985 ἐξουσίαν
3078 5926 3217 5990 ἔχειν.
3285 5927 3308 5957 ⁸
3333 5925 3452 5987 Alii,
3472 5923 3652 5979 τόποις·

2009 5996 2110 6046 εἶτα
2133 5997 2196 6052 εἰς
2233 5993 2413 6043 Ῥόδον.

3543 353 3656 407 διο
3743 365 3746 369 ‘
