4098 6354
424 345 527 401 317

424 468 505 531 ιίς
527 463 860 537 Μυτιλήνην,
886 460 1114 533 ἀντικρὺ
1146 458 1300 523 Χίου,
1327 461 1407 522 είς
1436 457 1769 529 Τρωγύλιον,
1802 460 1880 522 είς
1901 460 2083 530 Σάμον

426 559 518 612 καὶ
544 558 624 622 είς
655 557 897 628 Μίλητον
921 570 938 587 ·
967 550 1245 608 δεκαοκτὼ
1283 552 1489 623 ἡμέραι
1524 554 1579 604 αί
1623 552 1812 605 πᾶσαι.
1845 546 1977 605 Εἶτα
2004 552 2084 614 είς

426 649 575 714 Κῶν,
624 648 702 713 είς
736 648 935 711 Ῥόδον,
978 648 1057 708 είς
1111 644 1356 715 Πάταρα,
1414 642 1585 696 είκοσι
1637 644 1734 697 καὶ
1786 643 1882 714 μία
1920 659 1936 675 ·
1964 638 2085 698 εἶτα

428 740 637 795 ἐκεῖθεν
668 741 747 794 δι’
793 737 1014 809 ήμερῶν
1058 735 1216 789 πέντε
1260 735 1341 797 είς
1388 733 1583 803 Τύρον,
1637 732 1697 798 ἐξ
1740 734 1838 788 καὶ
1873 736 2045 789 είκοσι
2070 751 2085 768 ·

428 831 612 886 λοιπὸν
644 832 761 883 ἐκεῖ
795 829 934 882 ἐπτά
959 828 1252 897 τριάκοντα
1275 825 1369 880 καὶ
1409 828 1556 898 τρεῖς
1584 841 1599 857 ο
1638 822 1761 878 εἶτα
1789 826 1869 888 είς
1894 826 2092 879 Πτολε-

434 924 595 993 μαΐδα
637 922 764 993 μίαν
782 960 799 985 ,
822 921 1117 991 τριάκοντα
1147 919 1415 989 τέσσαρες
1434 934 1448 948 ·
1482 914 1599 971 εἶτα
1642 918 1722 981 είς
1751 917 2090 987 Καισάρειαν

431 1014 647 1077 πλείους
672 1013 823 1083 μένει
860 1012 969 1064 τῶν
998 1011 1174 1065 ἄλλων
1207 1027 1222 1042 ·
1255 1011 1349 1064 καὶ
1374 1009 1497 1064 τότε
1538 1008 1722 1063 λοιπὸν
1760 1009 1970 1063 ἐκεῖθεν
1998 1008 2092 1061 αύ-

431 1107 557 1169 τοὺς
582 1105 774 1172 ἀνάγει
794 1105 823 1157 6
854 1103 1163 1173 προφήτης.
1200 1101 1387 1165 Οὕτως
1417 1102 1450 1172 ή
1485 1100 1834 1172 Πεντηκοστὴ
1859 1098 2091 1170 πληροῦ-

431 1216 540 1263 ται,
575 1198 667 1251 καὶ
710 1197 826 1250 ἐκεῖ
854 1194 1022 1267 αὐτὴν
1054 1196 1215 1249 ποιεῖ.
1253 1195 1396 1265 Ὅρα
1438 1194 1598 1249 αὑτὸν
1642 1195 1731 1248 ὅτε
1776 1195 1838 1248 16
1870 1193 2092 1264 Πνεῦμα

432 1293 531 1343 οὐκ
556 1289 760 1343 ἐκώλυε
803 1287 1144 1358 πειθόμενον.
1175 1281 1361 1340 Εἶπον·
1391 1285 1488 1355 Μὴ
1521 1286 1640 1352 δῷς
1660 1287 1891 1340 σαυτὸν
1916 1286 2004 1351 είς
2024 1286 2092 1338 τὸ

433 1382 698 1451 θέατρον,
727 1380 820 1433 καὶ
849 1380 949 1432 ούκ
977 1378 1143 1432 ἔδωκε
1176 1395 1190 1409 ·
1224 1377 1481 1441 πολλάκις
1501 1378 1662 1431 αὑτὸν
1692 1377 1975 1447 ἐξήγαγον,
1999 1377 2093 1431 καὶ

434 1472 659 1545 ἐπείσθη
695 1489 711 1505 ·
741 1471 828 1539 διά
868 1470 1079 1542 θυρίδος
1112 1468 1273 1525 πάλιν
1303 1468 1471 1540 ἔφυγε
1498 1486 1513 1501 ·
1550 1469 1642 1523 καὶ
1680 1468 1776 1522 νῦν
1822 1468 1897 1527 ὼς
1918 1470 2093 1521 εἰπεῖν

440 1566 649 1637 μυρίων
676 1561 1160 1635 παρακαλούντων,
1200 1564 1293 1617 καὶ
1345 1563 1455 1617 τῶν
1484 1564 1543 1616 ἐν
1582 1561 1744 1634 Τύρῳ
1783 1560 2009 1615 καὶτῶν
2035 1561 2093 1613 ἐν

438 1655 763 1728 Καισαρείᾳ,
784 1656 878 1709 καὶ
899 1653 1197 1708 κλαιόντων
1217 1653 1311 1708 καὶ
1338 1653 1506 1724 μυρία
1528 1653 1903 1723 προλεγόντων
1923 1653 2091 1719 δεινὰ,

433 1747 536 1800 οὐκ
560 1747 831 1817 ἀνέχεται.
857 1747 965 1801 Καὶ
999 1746 1106 1819 μὴν
1129 1745 1225 1816 οὺχ
1258 1745 1444 1807 ἁπλῶς
1478 1745 1546 1798 τὰ
1588 1745 1735 1797 δεινά
1778 1744 2092 1815 προέλεγον,

436 1840 571 1892 ἀλλά
591 1839 676 1892 διά
702 1838 796 1892 τοῦ
822 1840 1136 1909 Πνεύματος
1158 1836 1468 1909 προέλεγον.
1498 1837 1560 1889 Εί
1589 1836 1769 1890 τοίνυν
1793 1836 1853 1889 16
1874 1835 2097 1906 Πνεῦμα

437 1930 709 1993 ἐκέλευσε,
731 1932 818 1986 διὰ
844 1930 897 1984 τί
926 1930 1348 1998 ἀντεῖπον;”οτι
1375 1930 1475 1983 ούκ
1514 1928 1711 1999 ᾔδεσαν
1742 1929 1885 1999 άπερ
1923 1928 2098 1982 ἐδόκει

437 2022 516 2094 τῷ
544 2023 846 2093 Πνεύματι.
882 2024 992 2076 Καὶ
1039 2023 1214 2087 ἄλλως
1264 2022 1322 2077 δὲ
1370 2021 1487 2075 ούδέ
1511 2020 1610 2092 τὴν
1657 2021 1982 2091 παραίνεσιν
2009 2020 2099 2073 διά

438 2117 532 2170 τοῦ
563 2116 878 2187 Πνεύματος
905 2115 1203 2170 ἐποιοῦντο.
1234 2117 1307 2170 06
1328 2114 1437 2187 γάρ
1468 2114 1653 2178 ἀπλῶς
1683 2113 1831 2185 αὐτῷ
1860 2113 1927 2167 τά
1950 2113 2100 2168 δεινά

441 2210 761 2282 προύλεγον,
788 2211 914 2264 ἀλλ’
941 2212 1023 2264 δτι
1051 2210 1317 2281 ἀναϐῆναι
1344 2209 1405 2263 06
1428 2209 1556 2282 χρὴ,
1583 2208 1885 2279 φειδόμενοι
1908 2207 2097 2263 αὑτοῦ.

439 2304 601 2357 Μετὰ
630 2301 699 2356 δὲ
729 2302 795 2356 τὸ
833 2301 1137 2372 ἐξαρτίσαι
1173 2302 1281 2367 τὰς
1320 2302 1566 2371 ἡμέρας,
1614 2302 1746 2372 φησί
1781 2317 1796 2332 ο
1833 2301 2096 2367 τουτέστι,

441 2393 771 2465 πληρῶσαι·
812 2393 1024 2465 ἡμέρας
1078 2393 1135 2447 δὲ
1189 2392 1338 2461 λέγει
1382 2393 1483 2456 τάς
1510 2392 1851 2461 τεταγμένας
1892 2409 1907 2424 ·
1960 2410 2101 2462 προ-

440 2488 796 2557 πεμπόντων
823 2485 981 2556 ὴμᾶς
1005 2484 1245 2539 πάντων
1277 2485 1400 2539 σὺν
1439 2486 1680 2555 γυναιξί
1711 2485 1807 2539 καὶ
1842 2485 2097 2551 τέκνοις.

509 2577 737 2649 γ’.[541]
771 2578 905 2646 Ὅρα
928 2576 1067 2646 πόση
1098 2577 1132 2646 ή
1161 2575 1505 2647 παράκλησις
1533 2572 1620 2648 ἦν·
1647 2577 1739 2630 καὶ
1764 2576 1923 2630 πάλιν
1945 2577 2100 2647 εὐχό-

444 2684 596 2740 μενοι
624 2667 949 2722 διαλύονται.
985 2667 1096 2720 Καὶ
1118 2668 1177 2721 ἐν
1196 2666 1517 2737 Πτολεμαΐδι
1546 2667 1675 2737 μίαν
1702 2667 1951 2737 μένουσιν
1970 2666 2110 2738 ὴμέ-

446 2778 566 2831 ραν,
611 2761 669 2812 ἐν
704 2759 761 2812 δέ
798 2758 1105 2829 Καισαρείᾳ
1158 2758 1400 2821 πλείους.
1448 2758 1560 2813 Καὶ
1609 2760 1697 2813 ὅτε
1747 2759 1975 2828 ἤκουσεν
2020 2759 2101 2811 ὅτι

447 2850 616 2923 μυρία
660 2850 808 2906 δεινά
858 2850 970 2920 ἔχει
1024 2849 1238 2915 παθεῖν,
1299 2850 1423 2904 τότε
1483 2849 1784 2918 ἐπείγεται,
1851 2852 1951 2904 οὐκ
2010 2850 2103 2903 ἐπὶ

441 2945 569 3009 τοὺς
591 2942 866 3007 κινδύνους
925 2943 1133 3013 ῥίπτων
1202 2942 1425 3011 ἑαυτὸν,
1485 2942 1601 2996 ἀλλ’
1654 2941 1952 3012 ἡγούμενος
2006 2942 2100 2996 τοῦ

444 3035 760 3107 Πνεύματος
796 3030 935 3088 εἶναι
971 3034 1034 3088 τὸ
1076 3035 1425 3108 πρὸσταγμα.
1462 3033 1621 3089 Μετὰ
1661 3034 1855 3100 δὲτὰς
1883 3034 2103 3103 ἡμέρας

443 3130 663 3195 ταύτας
717 3127 1278 3197 ἐπισκευασάμενοι,
1343 3127 1527 3199 φησὶν,
1570 3128 1966 3198 ἀναϐαίνομεν
2015 3129 2103 3193 εὶς

454 3220 831 3289 Ἰεροσόλυμα
852 3235 865 3249 ·
893 3218 1159 3283 τουτέστι,
1187 3219 1256 3273 τὰ
1281 3219 1416 3291 πρὸς
1439 3220 1538 3290 τὴν
1573 3220 1878 3290 ὁδοιπορίαν
1910 3220 2102 3274 λαϐόν-

442 3329 555 3377 τες.
597 3309 909 3379 Συνῆλθον
932 3310 1001 3365 δὲ
1036 3311 1135 3365 καὶ
1166 3310 1283 3365 τῶν
1300 3311 1582 3381 μαθητῶν
1601 3312 1720 3366 ἀπὸ
1748 3313 2105 3380 Καισαρείας

443 3404 566 3458 σὺν
591 3403 754 3473 ἡμῖν,
779 3404 1026 3473 ἄγοντες
1048 3405 1183 3472 παρ’
1208 3396 1257 3470 ᾧ
1276 3403 1660 3472 ξενισθῶμεν,
1681 3403 1967 3458 Μνάσωνί
1989 3421 2106 3459 τινι

444 3498 705 3565 Κυπρίῳ,
759 3497 983 3566 ἀρχαίῳ
1028 3495 1302 3566 μαθητῇ·
1334 3495 1670 3566 γενομένων
1715 3495 1784 3549 δὲ
1828 3494 1995 3564 ἡμῶν
2019 3498 2106 3564 είς

454 3586 854 3655 Ἰεροσόλυμα,
887 3587 1161 3657 ἀσμένως
1210 3586 1496 3652 ἐδέξαντο
1545 3586 1704 3655 ἡμᾶς
1747 3589 1801 3641 οί
1831 3587 2103 3656 ἀδελφοί.

446 3678 558 3732 Καὶ⁷
586 3679 706 3749 ὅρα,
730 3680 831 3735 ούκ
867 3674 1024 3731 εἶπεν
1058 3679 1316 3748 Ἀγαϐος,
1347 3680 1428 3733 ὅτι
1474 3679 1684 3732 Παῦλον
1721 3679 1994 3749 δήσουσιν,
2022 3679 2107 3733 ἵνα

449 3768 528 3841 μὴ
574 3767 699 3840 δόξῃ
744 3770 808 3822 ἐκ
854 3769 1129 3840 συνθήκης
1166 3770 1386 3838 λέγειν·
1431 3769 1586 3836 ἀλλὰ,
1638 3769 1748 3824 Τὸν
1784 3770 1991 3837 ἄνδρα,
2032 3765 2105 3827 οὗ

447 3864 617 3912 ἐστιν
654 3857 692 3926 ἡ
742 3857 890 3928 ζώνη
933 3848 1109 3928 αὕτηξ
1137 3862 1280 3932 Ἀρα
1316 3861 1411 3913 καὶ¹
1462 3859 1637 3930 ζώνην
1679 3855 1841 3931 εἶχεν.
1888 3862 2106 3935 Ἐπειδὴ

448 3949 507 4001 δέ
532 3947 630 4002 οὐκ
662 3950 845 4021 ἴσχυον
878 3953 1084 4012 πεῖσαι,
1136 3950 1245 4003 διάη
1278 3949 1440 4003 τοῦτο
1473 3949 1704 4016 ἔκλαιον,
1736 3945 1854 4005 εἶτα
1902 3953 2105 4024 ἡσύχα-

449 4055 569 4093 σαν.
624 4040 788 4111 Ὀρᾷς
826 4039 1177 4109 φιλοσοφίαν;
1236 4042 1367 4111 ὁρᾷς
1402 4040 1810 4112 φιλοστοργίανς
1860 4044 2109 4115 Ἡσυχά-

449 4147 666 4199 σαμεν,
717 4131 900 4200 φησιν,
961 4131 1259 4196 εἰπόντες·
1315 4132 1384 4184 T6
1438 4132 1674 4201 θέλημα
1720 4135 1828 4189 τοῦ
1879 4137 2102 4204 Κυρίου

448 4223 724 4294 γενέσθω.
765 4224 1059 4293 Ἀγοντες,
1095 4224 1249 4294 φησὶ,
1288 4224 1423 4291 παρ’
1453 4217 1502 4290 ᾧ
1547 4225 1928 4296 ξενισθῶμεν.
1967 4229 2109 4299 ’Δρα

448 4316 549 4369 ούκ
599 4315 679 4379 είς
735 4313 833 4385 τὴν
876 4312 1187 4383 ἐκκλησίαν.
1219 4313 1352 4366 Τότε
1398 4313 1497 4383 μὲν
1524 4312 1652 4385 γὰρ,
1696 4316 1783 4368 ὅτε
1839 4317 1978 4386 ὑπὲρ
2023 4318 2109 4370 δο-

449 4407 676 4477 γμάτων
719 4406 973 4477 ἀνῄεσαν,
1012 4404 1071 4456 ἐν
1118 4406 1187 4475 τῇ
1234 4404 1503 4475 ἐκκλησίᾳ
1544 4404 1871 4469 ξενίζονται·
1929 4406 2023 4458 νῦν
2053 4407 2110 4461 δέ

450 4502 602 4574 παρὰ
636 4502 849 4574 μαθητῇ
905 4519 1012 4555 τινι
1055 4500 1291 4573 ἀρχαίῳ.
1346 4502 1597 4555 Δείκνυσι
1650 4501 1815 4556 πολὺν
1862 4503 1954 4556 τοῦ
2006 4522 2106 4576 κη-

453 4594 729 4667 ρύγματος
778 4594 872 4647 τὸν
925 4592 1117 4663 χρόνον
1169 4591 1384 4645 λοιπόν·
1442 4592 1565 4645 ὅθεν
1619 4610 1709 4663 μοι
1757 4593 1903 4646 δοκεῖ
1943 4596 2109 4649 πολλά

453 4688 546 4760 ἐτη
583 4686 893 4755 ἐπιτέμνειν
948 4685 1007 4738 ἐν
1056 4688 1174 4747 ταῖς
1197 4683 1464 4753 Πράξεσιν
1498 4676 1671 4748 οὗτος,
1725 4685 1795 4738 τά
1852 4691 2107 4740 κατεπεί-

451 4798 617 4850 γοντα
652 4780 811 4850 μόνον
848 4777 1043 4846 λέγων.
1077 4778 1142 4829 Τί
1189 4780 1325 4842 ἐστι,
1374 4778 1443 4833 T6
1482 4778 1710 4848 θέλημα
1748 4780 1853 4834 τοῦ
1888 4781 2108 4848 Κυρίου

450 4870 743 4942 Ter-6000);
780 4867 1003 4939 Κύριος,
1066 4869 1251 4937 φησὶν,
1302 4869 1464 4933 αὐτὸς
1510 4869 1572 4921 τὸ
1623 4870 1850 4940 ἀρεστὸν
1880 4870 2109 4923 ἐνώπιον

451 4962 617 5019 αὑτοῦ
659 4965 893 5028 ποιήσει.
931 4958 1293 5029 Ἦσυχάζουσι
1339 4961 1396 5013 δὲ
1423 4963 1639 5023 ἐκεῖνοι,
1681 4961 1774 5013 καὶ
1814 4961 1913 5014 οὐκ
1941 4962 2108 5031 άναγ-

452 5055 725 5120 κάζουσιν,
780 5055 937 5115 Ἴσως
989 5053 1262 5115 συνεῖδον,
1315 5054 1397 5106 ὅτι
1449 5054 1509 5107 16
1556 5052 1764 5123 θέλημα
1815 5049 1883 5123 ἦν
1931 5054 2104 5114 Θεοῦ,

451 5146 561 5199 άπὸ
597 5146 697 5215 τῆς
754 5144 966 5197 Παύλου
1016 5144 1323 5214 προθυμίας
1369 5144 1526 5199 τοῦτο
1580 5145 2013 5215 στοχασάμενοι·
2049 5147 2107 5197 06

451 5238 562 5308 γάρ
595 5236 662 5290 ἂν
704 5235 845 5289 οὕτω
878 5234 1088 5296 Παῦλος
1135 5235 1516 5306 προεθυμήθη,
1560 5234 1682 5289 061s
1730 5237 1861 5301 Θεὸς
1904 5236 1969 5289 ἂν
1999 5238 2110 5290 εἴα-

458 5350 551 5386 σεν
600 5331 629 5383 ό
684 5328 771 5383 ἀεὶ
835 5326 1095 5381 κινδύνων
1153 5328 1475 5399 ἐξαρπάζων
1524 5326 1706 5382 αὐτόν.
1771 5327 1957 5390 Οὕτως
2012 5329 2112 5382 οὐκ

453 5423 733 5480 ἐϐούλοντο
799 5419 983 5491 βαρεῖν
1043 5420 1141 5491 τὴν
1196 5420 1511 5488 ἐκκλησίαν,
1560 5420 1711 5485 ὄντος
1770 5421 1955 5492 ἐτέρου
2019 5422 2111 5474 τοῦ

456 5514 751 5582 ξενίζοντος
811 5515 1029 5579 αὐτοὺς,
1068 5514 1187 5569 ούδέ
1233 5514 1448 5584 ἀξίωμα
1498 5513 1758 5583 ἀπῄτουν.
1830 5512 2114 5582 Ἀσμένως

455 5605 633 5676 ἡμᾶς,
665 5607 850 5679 φησὶν,
890 5607 1257 5671 ἀπεδέξαντο
1286 5610 1339 5659 οἱ
1367 5606 1636 5674 ἀδελφοί.
1670 5605 1867 5657 Λοιπὸν
1894 5608 2113 5677 εἰρήνης

454 5692 523 5768 ἦν
560 5698 731 5767 μεστά
766 5700 834 5753 τὰ
868 5698 1171 5768 πράγματα
1197 5699 1262 5751 τὰ
1296 5699 1352 5749 ἐν
1391 5695 1659 5760 Ἰουδαίοις
1685 5708 1735 5761 α,
1772 5698 1862 5750 καὶ
1899 5698 1996 5768 ούχ
2041 5698 2113 5761 ἀς

458 5788 719 5858 πρότερον
746 5789 982 5859 πόλεμος
1013 5785 1099 5858 ἦν.
1152 5790 1425 5856 Ἀγοντες
1469 5785 1646 5856 ἡμᾶς,
1694 5790 1850 5860 φησὶ,
1903 5790 2039 5859 παρ’
2066 5783 2115 5858 ᾧ

462 5880 847 5948 ξενισθῶμεν.
878 5880 1086 5933 Παῦλον
1109 5879 1340 5944 ἐξένισεν
1369 5881 1592 5944 ἐκεῖνος.

529 5994 547 6013 ⁸
575 5987 728 6046 Unus,
747 5986 805 6033 τὰ
831 5985 1082 6048 πράγματα
1105 5984 1161 6033 τὰ
1189 5986 1251 6041 εἰς
1296 5984 1567 6041 Ἰουδαίους.

1258 340 1318 398 S.
1355 338 1639 397 ιοΑΝΝιε
1672 336 2158 396 CHRYSOSTOMI
2194 334 2509 393 ARCHIEP.
2550 331 3096 393 CONSTANTINOP.

3730 324 3839 383 3|8

2262 455 2418 526 Τάχα
2471 471 2556 518 τις
2600 453 2753 526 ὑμῶν
2808 455 2951 527 ἐρεῖ·
2986 453 3053 507 EE
3090 468 3173 516 τις
3213 448 3381 523 κάμοὶ
3426 448 3639 505 Παῦλον
3675 449 3842 503 ἔδωκε

2189 546 2411 614 ξενίσαι,
2460 546 2691 616 ἑτοίμως
2729 546 2794 601 ἂν
2834 546 2928 600 καὶ
2979 544 3116 616 μετὰ
3148 543 3347 615 πολλῆς
3389 542 3487 614 τῆς
3533 541 3845 612 προθυμίας

2188 638 2346 693 τοῦτο
2387 638 2638 706 ἐποίησα.
2677 638 2807 693 Ἰδοὺ
2854 639 2947 692 τὸν
2985 637 3197 691 Παύλου
3238 638 3511 707 Δεσπότην
3557 637 3737 703 ἒξεστί
3764 653 3846 690 σοι

2189 732 2413 799 ξενίσαι,
2452 732 2547 785 καὶ
2576 731 2636 783 06
2671 730 2883 801 βούλει·
2925 730 2978 783 '0
3006 730 3114 798 γάρ
3154 730 3492 799 δεχόμενος,
3520 729 3705 800 φησὶν,
3735 727 3849 785 ἕνα

2188 822 2308 877 τῶν
2350 820 2707 891 ἐλαχίστων,
2747 820 2851 890 ἐμὲ
2885 820 3138 889 δέχεται.
3164 820 3314 889 Ὄσῳ
3348 819 3413 873 ἂν
3449 815 3790 893 ἐλάχιστος
3818 820 3847 871 6

2187 914 2435 984 ἀδελφὸς,
2464 911 2702 984 τοσούτῳ
2728 912 2925 983 μᾶλλον
2950 915 2978 967 6
3017 911 3250 982 Χριστὸς
3270 912 3333 965 δι’
3367 911 3529 967 αὑτοῦ
3552 912 3850 983 παραγίνερ

2188 1024 2295 1061 ται.
2339 1008 2395 1061 '0
2434 1007 2534 1078 μὲν
2557 1007 2665 1077 γάρ
2691 1005 2782 1061 τὸν
2811 1006 2986 1078 μέγαν
3016 1004 3323 1077 δεχόμενος,
3356 1004 3610 1067 πολλάκις
3636 1004 3731 1056 καὶ
3763 1004 3850 1058 διά

2191 1098 2496 1163 κενοδοξίαν
2526 1100 2707 1153 ποιεῖ·
2755 1099 2783 1152 ό
2836 1098 2895 1152 δέ
2934 1097 3025 1151 τὸν
3056 1096 3270 1168 μικρὸν,
3315 1094 3568 1167 καθαρῶς
3620 1095 3707 1147 διὰ
3756 1096 3852 1149 τὸν

2191 1191 2445 1262 Χριστόν.
2470 1190 2700 1255 ,Ἔξεστί
2732 1207 2814 1244 σοι
2851 1190 2943 1245 καὶ
2984 1190 3074 1243 τὸν
3099 1188 3319 1260 Πατέρα
3356 1187 3559 1255 ξενίσαι
3594 1187 3689 1240 τοῦ
3720 1189 3853 1259 Χρι-

2194 1285 2341 1348 στοῦ,
2376 1284 2470 1337 καὶ
2501 1284 2563 1336 06
2604 1282 2803 1353 βούλει·
2828 1282 3013 1348 Ξένος
3042 1282 3150 1351 γάρ
3177 1281 3364 1352 ἤμην,
3391 1282 3543 1352 φησὶ,
3574 1281 3669 1334 καί
3695 1296 3852 1333 συν-

2191 1373 2441 1443 ηγάγετέ
2488 1391 2565 1444 με
2588 1388 2603 1404 ·
2653 1374 2749 1427 καὶ
2786 1373 2965 1439 πάλιν,
3014 1374 3131 1442 Ἐφ’
3169 1371 3321 1426 ὅσον
3352 1371 3443 1424 ἐνί
3476 1372 3701 1425 τούτων
3731 1368 3853 1422 τῶν

2191 1464 2531 1534 ἐλαχίστων
2557 1464 2903 1532 ἐποιήσατε,
2928 1465 3054 1535 ἐμοὶ
3083 1464 3425 1533 ἐποιήσατε.
3458 1464 3576 1517 Κᾶν
3603 1464 3679 1533 μὴ
3700 1461 3851 1517 Παῦ-

2193 1558 2284 1621 λος
2312 1554 2369 1632 ᾖ,
2409 1557 2600 1622 πιστδς
2632 1558 2688 1611 δέ
2808 1557 2902 1611 καὶ
2948 1557 3191 1627 ἀδελφὸς,
3245 1557 3346 1611 κᾶν
3401 1557 3678 1626 ἐλάχιστος
3721 1552 3784 1627 ᾖ.
3823 1557 3853 1610 6

2195 1652 2427 1722 Χριστὸς
2469 1652 2537 1705 δι’
2584 1650 2751 1705 αὐτοῦ
2804 1651 3185 1723 παραγίνεται.
3235 1650 3479 1715 ’Ᾱνοιξον
3516 1649 3612 1718 τὴν
3650 1649 3849 1712 οἰκίαν,

2196 1743 2466 1810 ὑπόδεξαι.
2511 1744 2563 1797 '0
2584 1745 2908 1815 δεχόμενος
2934 1742 3264 1814 προφήτην,
3288 1744 3440 1813 φησὶ,
3469 1742 3689 1811 μισθὸν
3710 1758 3854 1811 προ-

2196 1838 2391 1908 ςρήτου
2417 1838 2695 1908 λήψεται.
2726 1839 2933 1894 Οὐκοῦν
2966 1839 3059 1892 καὶ
3081 1840 3110 1892 6
3150 1838 3383 1908 Χριστὸν
3415 1836 3725 1906 δεχόμενος,
3758 1837 3855 1909 λή-

2196 1930 2357 2000 ψεται
2387 1931 2574 2001 μισθὸν
2602 1931 2697 1985 τοῦ
2733 1931 2826 1985 τὸν
2865 1929 3099 2001 Χριστὸν
3128 1929 3443 1995 ξενίζοντος.
3488 1928 3577 1999 Μὴ
3634 1929 3855 1984 ἀπίστει

2196 2026 2308 2088 τοῖς
2350 2021 2497 2095 [διε]
2535 2022 2773 2094 ῥήμασιν
2816 2022 3002 2087 αὐτοῦ,
3042 2021 3180 2076 άλλά
3224 2020 3383 2089 γενοῦ
3430 2023 3648 2085 πιστός·
3693 2021 3858 2086 αὐτὸς

2198 2113 2370 2180 εἶπεν,
2404 2116 2486 2170 δτι
2507 2116 2584 2168 Δι’
2604 2116 2784 2169 αὐτῶν
2805 2114 2915 2185 ἐγὼ
2942 2115 3313 2186 παραγίνομαι
3333 2130 3347 2145 ·
3381 2113 3474 2167 καὶ
3505 2114 3592 2167 ἵνα
3622 2112 3699 2183 μὴ
3729 2112 3859 2166 άπι-

2201 2210 2352 2279 στῇς,
2400 2208 2494 2262 καὶ
2547 2208 2813 2278 τιμωρίας
2866 2207 3037 2279 ὁρίζει
3083 2208 3195 2270 τοῖς
3251 2205 3324 2276 μὴ
3376 2206 3704 2275 δεχομένοις,
3762 2203 3857 2256 καὶ

2197 2299 2361 2369 τιμάς
2386 2302 2497 2361 τοῖς
2520 2298 2846 2369 δεχομένοις,
2878 2298 2976 2351 οὐκ
3007 2297 3073 2351 ἂν
3109 2296 3268 2351 τοῦτο
3289 2297 3539 2367 ποιήσας,
3572 2299 3619 2351 εί
3656 2296 3731 2367 μὴ
3764 2299 3857 2352 καὶ

2199 2392 2229 2445 ό
2248 2390 2498 2460 τιμηθεὶς
2525 2390 2621 2445 καὶ
2640 2392 2667 2443 ό
2705 2389 2983 2459 ὑϐρισθεὶς
3006 2387 3166 2451 αὐτὸς
3189 2383 3278 2458 ἦν.
3324 2388 3515 2451 Ἐδέξω
3549 2405 3638 2458 με,
3666 2390 3853 2459 φησὶν,

2201 2482 2282 2545 είς
2307 2481 2368 2535 16
2427 2481 2517 2535 σὸν
2554 2481 2913 2551 καταγώγιον,
2946 2480 3165 2552 δέξομαί
3215 2496 3274 2533 σε
3325 2481 3403 2542 είς
3453 2480 3553 2550 τὴν
3581 2479 3859 2548 βασιλείαν

2200 2574 2295 2628 τοῦ
2329 2575 2541 2647 Πατρός
2574 2591 2675 2643 μου
2699 2589 2714 2603 ·
2747 2573 2944 2637 ἐλυσάς
2978 2590 3067 2643 μοι
3111 2572 3204 2626 τὸν
3253 2572 3431 2642 λιμὸν,
3470 2574 3616 2625 λύσω
3664 2589 3745 2625 σοι
3788 2569 3857 2624 τά

2202 2670 2603 2741 ἁμαρτήματα⁹
2660 2664 2799 2732 εἶδές
2857 2685 2925 2740 με
2968 2668 3268 2739 δεδεμένον,
3328 2672 3558 2744 ὁρᾶσθαί
3612 2692 3673 2728 σε
3723 2676 3859 2731 ποιῶ

2199 2762 2568 2833 λελυμένονδ·
2602 2760 2742 2826 εἶδές
2776 2779 2844 2832 με
2882 2762 3053 2829 ξένον,
3086 2766 3228 2819 ποιῶ
3278 2783 3338 2820 σε
3378 2767 3601 2837 πολίτην
3628 2769 3739 2822 τῶν
3765 2771 3856 2823 06-

2203 2856 2410 2928 ρανῶν·
2452 2855 2658 2920 ἔδωκάς
2689 2874 2779 2927 μοι
2824 2858 3007 2929 ἄρτον,
3049 2857 3241 2928 δίδωμί
3291 2874 3373 2911 σοι
3417 2857 3695 2928 βασιλείαν
3744 2861 3856 2915 ὀλό-

2200 2947 2301 3018 κλη
2312 2963 2422 3018 ρον,
2453 2946 2591 3000 ὥστε
2621 2948 3025 3019 κληρονομῆσαι
3053 2949 3148 3002 καὶ
3175 2953 3485 3019 κατασχεῖν.
3521 2950 3703 3003 Δεῦτε
3726 2950 3855 3023 γάρ,

2201 3040 2357 3110 φησὶ,
2404 3039 2895 3109 κληρονομήσατε
2932 3041 3048 3108 τὴν
3080 3042 3532 3113 ἡτοιμασμένην
3564 3043 3710 3115 ὑμῖν
3747 3046 3859 3110 βα-

2201 3133 2460 3197 σιλείαν.
2508 3134 2621 3188 Ούκ
2658 3128 2798 3194 εἷπε,
2850 3134 3080 3200 Λάϐετε,
3126 3135 3285 3202 ἀλλά,
3335 3137 3857 3206 κληρονομήσατε,

2201 3224 2338 3296 ὅπερ
2393 3225 2485 3278 ἐπὶ
2533 3226 2642 3279 τῶν
2694 3225 2896 3297 κυρίως
2944 3226 3240 3296 κτωμένων
3313 3228 3553 3297 λέγεται,
3594 3229 3672 3293 ὡς
3734 3230 3859 3283 ὅταν

2199 3315 2478 3386 λέγωμεν·
2528 3316 2656 3370 Τόδε
2709 3319 3142 3389 ἐκληρονόμησα.
3183 3320 3473 3391 Ἐποίησας
3521 3322 3602 3385 είς
3646 3321 3753 3392 ἐμὲ
3804 3324 3861 3377 ἐν

2202 3408 2450 3480 κρυπτῷ,
2484 3408 2593 3478 ἐγὼ
2623 3410 2841 3480 κηρύξω
2867 3413 2923 3463 ἐν
2948 3411 3165 3483 φανερῷ
3185 3427 3198 3441 ⁸
3232 3413 3326 3466 καὶ
3349 3412 3415 3467 τά
3448 3412 3549 3483 μὲν
3580 3412 3649 3466 σά
3694 3413 3860 3481 λέγω,

2202 3503 2284 3557 ὅτι
2315 3502 2535 3573 χάριτος
2579 3498 2665 3574 ἦν,
2695 3503 2763 3556 τά
2810 3503 2865 3556 δὲ
2917 3505 3045 3573 ἐμά,
3084 3504 3326 3576 όφειλῆς.
3373 3505 3589 3576 Ἐπειδὴ
3631 3506 3743 3577 γάρ
3776 3506 3859 3572 σὺ,

2205 3594 2387 3665 φησιν,
2417 3594 2585 3665 ἤρξω.
2639 3595 2751 3663 ἐγὼ
2797 3594 2999 3665 ἕπομαι
3048 3598 3143 3651 καὶ
3198 3595 3473 3651 ἀκολουθῶ
3499 3616 3513 3631 ·
3542 3598 3642 3651 οὐκ
3675 3597 3863 3668 αίσχύ-

2204 3704 2367 3756 νομαι
2390 3687 2717 3757 ὁμολογῆσαι
2768 3687 2867 3750 τάς
2900 3689 2982 3752 είς
3033 3689 3134 3759 ἐμὲ
3170 3689 3465 3760 γενομένας
3519 3689 3859 3760 εὐεργεσίας,

2204 3780 2323 3834 οὐδὲ
2359 3779 2520 3833 τίνων
2549 3796 2615 3847 με
2653 3779 2988 3850 άπήλλαξας,
3033 3780 3193 3851 λιμοῦ
3246 3782 3341 3836 καὶ
3392 3782 3727 3851 γυμνότητος
3763 3780 3859 3835 καὶ

2207 3872 2436 3942 πλάνης.
2484 3868 2635 3936 Εἷδές
2668 3888 2734 3942 με
2768 3870 3068 3942 δεδεμένον,
3122 3873 3220 3926 οὐκ
3274 3873 3395 3942 ὄψει
3429 3874 3491 3927 16
3521 3874 3616 3943 τῆς
3636 3872 3856 3942 γεέννης

2206 3963 2317 4035 πῦρ
2337 3978 2352 3994 ·
2386 3958 2521 4026 εἶδές
2574 3979 2643 4033 με
2692 3962 3100 4035 ἀρρωστοῦντα,
3130 3964 3231 4017 οὐκ
3276 3964 3397 4033 ὄψει
3430 3962 3500 4017 τά
3532 3963 3852 4034 βασανιστή-

2211 4072 2299 4127 ρια
2328 4056 2449 4110 οὐδὲ
2492 4056 2591 4119 τάς
2631 4057 2921 4127 τιμωρίας.
2955 4058 3019 4109 Ὦ
3055 4058 3234 4127 χεῖρες
3274 4056 3440 4120 ὄντως
3477 4055 3857 4127 εύλογημέναι,

2206 4151 2264 4203 αἱ
2297 4147 2574 4211 τοιαύταις
2620 4148 2953 4218 οἰκονομίαις
3001 4146 3429 4217 διακονούμεναι,
3461 4149 3520 4201 αί
3572 4147 3863 4213 καταξιού-

2211 4249 2413 4310 μεναιε
2466 4239 2757 4309 ὑπηρετεῖν
2798 4240 2878 4311 τῷ
2931 4239 3172 4311 Χριστῷ.
3227 4241 3395 4304 Πόδες
3453 4242 3533 4303 είς
3580 4240 3863 4310 δεσμωτή-

2210 4347 2303 4401 ρια
2355 4329 2657 4399 βαδίζοντες
2710 4329 2795 4382 διὰ
2845 4332 2940 4385 τὸν
2997 4332 3252 4401 Χριστὸν,
3309 4331 3545 4394 εὐκόλως
3596 4332 3860 4384 κατατολ-

2211 4421 2352 4491 μῶσι
2385 4422 2475 4474 τοῦ
2503 4422 2708 4491 πυρός⁴
2753 4423 2813 4475 06
2863 4422 3197 4494 λαμϐάνουσι
3246 4428 3438 4495 πεῖραν
3486 4424 3596 4476 τῶν
3645 4424 3862 4494 δεσμῶν

2207 4516 2385 4584 χεῖρες
2438 4515 2494 4566 αἱ
2546 4513 2830 4584 δεδεμένον
2882 4516 3044 4568 αὐτὸν
3111 4514 3335 4570 ἰδοῦσαι.
3392 4514 3675 4577 Ἑνέδυσας
3732 4515 3863 4585 [μά-

2208 4621 2343 4667 τιον,
2390 4607 2484 4659 καὶ
2532 4605 2690 4677 ἐνδύῃ
2727 4607 2936 4676 ἱμάτιον
2981 4607 3282 4678 σωτηρίου·
3327 4606 3514 4675 ἐγένου
3549 4608 3605 4659 ἐν
3646 4607 3862 4677 δεσμω-

2209 4697 2382 4767 τηρίῳ
2412 4701 2531 4768 μετ’
2570 4699 2756 4764 αὐτοῦ,
2798 4700 2891 4752 καὶ
2937 4699 3059 4771 γίνῃ
3109 4701 3167 4753 ἐν
3214 4698 3461 4771 βασιλεία
3512 4701 3627 4771 μετ’
3669 4699 3859 4754 αὐτοῦ.

2211 4790 2397 4845 Ταῦτα
2453 4793 2705 4862 ὁμολογεῖ
2760 4793 2860 4847 οὐκ
2913 4793 3331 4863 αἰσχυνόμενος,
3386 4793 3500 4847 ἀλλ’
3568 4792 3726 4857 είδὼς
3777 4794 3862 4847 ὅτι

2211 4883 2372 4937 αὑτὸν
2396 4885 2701 4954 ἐπεσκέψω.
2735 4885 2848 4938 Οὐκ
2886 4884 2998 4956 ᾔδει
3044 4886 3308 4954 ἀγγέλους
3364 4884 3582 4950 ξενίζων
3603 4885 3634 4937 ό
3668 4902 3864 4957 πατρι-

2210 4978 2421 5048 άρχης,
2481 4980 2575 5032 καὶ
2638 4977 2890 5044 ἐξένιζεν.
2938 4966 3358 5049 Αἰσχυνθῶμεν,
3412 4977 3755 5050 παρακαλῶ·
3803 4981 3864 5033 ἐν

2213 5070 2529 5142 μεσημϐρίᾳ
2556 5070 2787 5141 ἐκάθητο
2837 5071 2923 5123 ἐπ’
2952 5070 3237 5139 ἀλλοτρίας
3260 5068 3356 5134 ῶν,
3387 5070 3521 5124 ὅπου
3553 5070 3672 5123 οὐδὲ
3710 5070 3864 5141 βῆμα

2211 5162 2370 5226 ποδὸς
2401 5162 2511 5233 εἶχε
2543 5164 2689 5229 ξένος
2723 5159 2812 5234 ἦν,
2844 5164 2938 5218 καὶ
2967 5163 3151 5228 ξένους
3174 5162 3408 5229 ἐξένιζεν
3458 5166 3487 5217 6
3534 5164 3683 5228 ξένος
3702 5179 3718 5194 ⁸
3760 5182 3861 5217 ποι

2210 5257 2359 5328 λίτης
2392 5256 2497 5327 γάρ
2525 5252 2591 5326 ἦν
2612 5256 2718 5308 τῶν
2749 5254 3008 5324 οὐρανῶν.
3034 5255 3132 5308 Διά
3159 5255 3313 5309 τοῦτο
3341 5256 3461 5309 οὐδὲ
3503 5256 3596 5310 ἐπὶ
3627 5257 3728 5326 γῆς
3760 5255 3859 5323 ῶν,

2213 5350 2358 5416 ξένος
2402 5346 2489 5422 ἦν.
2536 5350 2727 5419 Ἡμεῖς
2763 5349 2971 5402 ἐκείνου
3004 5349 3098 5402 τοῦ
3146 5349 3296 5414 ξένου
3336 5351 3534 5421 μᾶλλον
3578 5350 3737 5416 ξένοι,
3785 5350 3862 5421 μὴ

2212 5446 2489 5514 δεχόμενοι
2521 5442 2720 5507 ξένους.
2750 5443 2863 5497 Ούκ
2896 5439 3041 5514 εἶχεν
3073 5443 3272 5509 οίκίαν,
3298 5447 3392 5499 καὶ
3425 5443 3765 5513 καταγώγιον
3789 5441 3862 5515 ἦν

2213 5538 2360 5608 αύτῷ
2403 5539 2436 5609 ἡ
2469 5539 2662 5609 σκηνή.
2689 5538 2798 5592 Καὶ
2836 5539 2937 5610 δρα
2968 5538 3029 5593 16
3060 5537 3310 5606 δαψιλές·
3351 5537 3547 5605 μόσχον
3584 5536 3727 5597 ἔθυε,
3768 5538 3864 5590 καὶ

2214 5636 2416 5707 ἄλευρα
2435 5633 2653 5705 ἕφυρεν.
2688 5635 2885 5688 Ἀκουε
2922 5634 3013 5685 καὶ
3044 5632 3104 5683 τὸ
3134 5630 3410 5700 πρόθυμον
3430 5645 3443 5660 ⁸
3468 5628 3533 5681 δι’
3554 5629 3746 5682 ἐαυτοῦ
3770 5632 3864 5686 καὶ

2214 5727 2312 5796 τῆς
2331 5727 2583 5797 γυναικὸς
2611 5724 2767 5778 τοῦτο
2798 5726 2958 5777 ποιεῖ.
3001 5722 3194 5776 Σκόπει
3214 5720 3308 5775 καὶ
3337 5720 3398 5773 τὸ
3423 5720 3627 5790 ἄτυφον
3648 5738 3662 5751 ·
3692 5739 3866 5793 προσ.-
3966 5746 3977 5759 -

2216 5809 2367 5862 κυνεί
2386 5807 2479 5860 καὶ
2507 5802 2833 5874 παρακαλεῖ.

2298 5921 2327 5960 b
2353 5919 2505 5979 Unus,
2548 5919 2809 5981 δεδεμένον,
2856 5920 2953 5982 δρῶ
2996 5936 3051 5982 σε
3090 5918 3354 5979 λελυμένον.

3468 5919 3493 5949 θ
3538 5915 3674 5967 Idem
3722 5918 3857 5983 στοά,

2217 5985 2266 6031 αῐ
2288 5982 2498 6033 τοιαῦται
2523 5980 2784 6045 οἰκονομίαι
2808 5980 3191 6044 οἰκονομούμεναι
3206 5982 3254 6029 αἱ
3277 5996 3385 6029 κατ.
