3948 6510
220 399 325 458 317

213 518 427 579 Chium,
456 518 510 572 in
530 516 853 591 Trogylium,
879 517 934 574 in
963 518 1205 585 Samum,
1235 520 1507 589 Miletum;
1534 521 1651 578 dies
1672 539 1787 579 om-

213 624 310 665 ucs
320 619 445 664 sunt
462 610 755 665 octodecim
775 628 789 666 :
807 619 987 679 postea
1006 611 1059 665 in
1074 609 1261 677 Coum,
1282 612 1333 666 in
1351 612 1619 678 Rhodum,
1638 614 1793 669 Pata-

212 715 327 754 ram
354 716 369 763 ;
394 711 519 754 sunt
548 702 729 771 viginti
754 710 807 755 et
827 716 930 755 una
947 701 1063 756 dies
1086 702 1310 757 :deinde
1332 703 1526 759 isthinc
1552 719 1646 775 per
1671 706 1789 762 dies

211 792 449 861 quinque
472 790 705 862 Tyrum;
735 800 792 845 ut
829 792 935 846 sint
964 791 1079 847 dies
1116 792 1301 863 viginti
1337 808 1433 849 sex
1462 811 1475 849 :
1501 794 1571 849 ibi
1608 805 1789 865 postea

211 893 417 951 septem
456 881 572 937 dies
603 900 617 937 :
644 890 765 937 sunt
791 882 906 937 dies
934 882 1146 953 triginta
1176 894 1323 939 tres:
1354 882 1480 940 hinc
1500 884 1789 941 Ptolemai-

212 973 333 1029 dem
359 988 461 1029 una
488 974 610 1039 die;
639 982 764 1029 sunt
783 974 992 1043 triginta
1022 983 1284 1044 quatuor:
1312 974 1507 1031 deinde
1532 978 1791 1034 Caesarea:

213 1076 392 1122 manet
413 1066 651 1138 pluribus
669 1105 686 1132 ,
713 1081 871 1136 quam
910 1066 1037 1121 alibi
1061 1108 1076 1132 ,
1102 1066 1329 1132 diebus;
1352 1077 1405 1123 et
1430 1079 1554 1123 tunc
1576 1069 1789 1124 demum

214 1158 337 1212 inde
363 1157 486 1212 illos
511 1158 728 1212 abducit
764 1162 1041 1227 propheta.
1071 1157 1160 1213 Sic
1188 1159 1484 1228 completur
1508 1159 1622 1214 dies
1651 1160 1792 1215 Pen-

214 1258 467 1313 tecostes,
498 1259 552 1303 et
580 1248 650 1302 ibi
675 1249 815 1302 illam
840 1250 1061 1318 peragit.
1090 1248 1219 1303 Vide
1246 1248 1416 1316 illum,
1437 1250 1649 1319 quando
1667 1251 1789 1321 Spi-

213 1340 348 1394 ritus
374 1356 481 1395 non
510 1340 841 1409 prohibebat,
870 1340 1275 1409 obsequentem.
1300 1341 1572 1407 Dicebant,
1603 1342 1686 1397 Ne
1706 1343 1792 1398 des

213 1441 260 1485 te
286 1432 341 1485 in
366 1432 615 1485 theatrum
634 1472 651 1497 ,
679 1438 734 1484 et
762 1445 867 1484 non
896 1429 1043 1485 dedit
1070 1447 1085 1483 :
1115 1444 1259 1500 saepe
1287 1430 1435 1485 illum
1460 1431 1787 1498 educebant,

212 1534 265 1579 et
295 1538 501 1578 morem
546 1523 752 1591 gessit:
781 1536 876 1591 per
919 1521 1208 1576 fenestram
1260 1522 1450 1576 iterum
1491 1524 1708 1592 effugit:
1739 1534 1792 1579 et

215 1631 354 1670 nunc
376 1656 391 1679 ,
426 1625 482 1668 ut
513 1615 581 1668 ita
610 1613 780 1669 dicam
801 1655 816 1678 ,
845 1613 1139 1668 innumeris
1165 1614 1474 1682 rogantibus
1503 1624 1554 1669 et
1577 1615 1702 1685 Tyri
1739 1626 1792 1671 et

211 1708 495 1772 C:esare:e,
528 1704 776 1761 ﬂentibus
810 1714 864 1760 et
909 1705 1185 1759 innumera
1228 1704 1408 1774 gravia
1451 1706 1792 1775 prcedicenti-

204 1801 345 1863 bus.
396 1814 501 1853 non
537 1798 716 1865 cedit,
743 1798 984 1868 quamvis
1009 1812 1113 1853 non
1155 1798 1313 1852 modo
1360 1799 1541 1867 gravia
1597 1798 1790 1869 przedi-

208 1899 392 1947 cerent
426 1930 443 1956 ,
489 1889 583 1943 sed
633 1891 793 1945 etiam
846 1905 941 1959 per
1002 1888 1257 1959 Spiritum
1306 1889 1677 1960 praadicerent.
1736 1891 1790 1947 Si

208 1998 338 2053 ergo
379 1981 787 2052 Spiritusjussit
812 2022 830 2051 ,
869 1997 967 2038 cur
1014 1981 1483 2038 contradicehant?
1510 1982 1643 2050 Quia
1694 1998 1791 2038 ne-

208 2076 453 2130 sciebant
501 2074 729 2145 Spiritus
779 2090 1021 2145 scopum.
1067 2076 1315 2145 Alioquin
1358 2090 1487 2130 vero
1537 2075 1793 2132 adhorta-

211 2168 410 2222 tionem
448 2168 591 2222 illam
624 2182 717 2238 per
743 2165 1001 2235 Spiritum
1032 2181 1137 2221 non
1170 2166 1452 2221 faciebant.
1482 2166 1599 2222 Non
1632 2168 1792 2223 modo

207 2260 351 2313 enim
378 2260 558 2330 gravia
588 2259 948 2330 prtedicebant
966 2299 981 2323 ,
1009 2259 1104 2315 sed
1133 2259 1399 2315 addebant
1418 2301 1433 2327 ,
1467 2275 1572 2315 non
1601 2276 1792 2317 ascen-

206 2353 443 2410 dendum
473 2370 614 2422 esse,
649 2363 928 2424 parcentes
963 2355 1060 2410 illi.
1094 2354 1160 2409 Et
1189 2357 1424 2425 perfectis
1450 2357 1626 2412 diebus
1650 2398 1667 2422 ,
1707 2359 1759 2414 in
1778 2393 1792 2404 ο

207 2447 366 2516 quit,
395 2445 447 2500 id
492 2446 830 2516 est,expletis
862 2464 876 2500 :
908 2446 1023 2501 dies
1050 2456 1227 2503 autem
1267 2447 1398 2503 dicit
1425 2448 1789 2518 praestitutus:

207 2537 571 2591 deducentibus
609 2554 700 2591 nos
724 2538 952 2592 omnibus
977 2551 1090 2591 cum
1119 2537 1357 2593 uxoribus
1381 2548 1431 2593 et
1460 2539 1647 2593 liberis.

275 2630 333 2683 3.
380 2628 514 2684 Vide
542 2640 737 2698 quanta
766 2631 1062 2685 consolatio
1081 2638 1259 2686 esset:
1284 2640 1338 2685 et
1366 2647 1552 2687 rursus
1578 2641 1796 2689 orantes

207 2720 554 2775 divellnntur.
581 2722 749 2775 Etiam
776 2721 1101 2777 Ptolemaide
1126 2738 1230 2776 uno
1249 2721 1337 2777 die
1362 2732 1599 2788 manent,
1618 2722 1796 2777 Caesa-

208 2826 312 2863 reae
345 2825 475 2865 vero
506 2812 746 2879 plurimis
766 2812 973 2865 diebus.
998 2811 1063 2865 Et
1088 2811 1300 2881 quando
1325 2812 1527 2866 audivit
1554 2827 1613 2867 se
1642 2813 1795 2867 innu-

209 2918 357 2957 mera
386 2903 568 2968 gravia
597 2917 869 2971 passurum
896 2918 1019 2958 esse
1042 2944 1056 2967 ,
1088 2912 1211 2959 tunc
1254 2904 1498 2972 festinat,
1542 2920 1651 2961 non
1674 2921 1795 2961 sese

211 2994 259 3047 in
288 2995 531 3061 pericula
558 2995 846 3063 conjiciens
870 3036 885 3060 ,
913 2996 1005 3049 sed
1040 3005 1231 3064 putans
1260 2996 1486 3065 Spiritus
1509 3012 1630 3052 esse
1657 3013 1794 3067 prai-

212 3096 448 3154 ceptum.
481 3087 567 3141 15.
616 3085 737 3139 Post
782 3087 887 3141 dies
918 3097 1085 3142 autem
1115 3088 1207 3143 hos
1229 3130 1243 3153 ,
1280 3090 1485 3159 inquit,
1522 3091 1797 3161 praeparati

222 3181 604 3234 escendebamus
638 3182 689 3233 iu
716 3179 1039 3245 Jerusalem;
1068 3183 1117 3235 id
1148 3193 1259 3247 est,
1293 3184 1525 3253 acceptis
1551 3185 1616 3238 iis
1634 3224 1649 3247 ,
1676 3200 1796 3255 qua:

220 3275 275 3326 ad
303 3275 411 3327 iter
437 3275 734 3326 necessaria
761 3284 933 3327 erant.
955 3274 1039 3328 16.
1078 3270 1327 3327 Venerunt
1352 3285 1519 3328 autem
1540 3275 1796 3330 nobiscum

215 3378 255 3420 et
296 3382 366 3421 ea:
411 3366 676 3434 discipulis
715 3360 759 3419 α’
792 3368 1058 3430 Ca’snrea,
1092 3366 1397 3420 adducentes
1442 3384 1610 3421 secum
1656 3370 1796 3437 apud

212 3474 355 3525 qum:
397 3458 803 3523 hospitaremur,
860 3457 1157 3511 Muasonem
1202 3458 1468 3529 quemdam
1511 3457 1792 3530 Cyprium,

213 3550 481 3618 antiquum
510 3549 835 3618 discipulum.
882 3550 968 3604 17.
1002 3548 1068 3602 Et
1106 3564 1223 3603 cum
1248 3552 1551 3606 venissemus
1584 3551 1795 3607 Jeroso-

213 3640 408 3709 lyinam
428 3678 442 3701 ,
473 3639 679 3692 libenter
704 3651 1001 3707 exceperunt
1028 3657 1117 3693 nos
1141 3643 1344 3711 fratres.
1395 3642 1460 3696 Et
1499 3643 1621 3699 vide
1643 3684 1659 3709 ,
1690 3660 1796 3700 non

211 3731 359 3785 dixit
383 3730 597 3800 Agahus
621 3748 634 3784 :
660 3730 878 3784 Paulum
903 3731 1158 3801 ligabunt,
1178 3746 1245 3786 ne
1265 3732 1537 3787 videretur
1557 3748 1623 3789 ex
1645 3743 1799 3803 parto

212 3822 438 3887 dicere;
471 3822 586 3885 sed,
628 3821 818 3888 Virum,
841 3822 990 3893 cujus
1018 3832 1090 3876 est
1120 3838 1251 3876 zona
1278 3822 1404 3878 hac.
1438 3824 1578 3895 Ergo
1607 3842 1797 3881 zonam

215 3912 471 3967 habebat.
503 3912 636 3979 Quia
665 3928 794 3969 vero
819 3913 1046 3968 suadere
1077 3928 1184 3968 non
1226 3923 1507 3983 poterant,
1540 3914 1659 3971 ideo
1703 3916 1799 3973 lle-

214 4006 370 4072 bant,
401 4005 596 4061 deinde
624 4006 962 4076 quieverunt.
994 4004 1153 4062 Vides
1181 4007 1571 4078 philosophiam
1597 4009 1621 4062 ?
1650 4010 1800 4065 vides

218 4100 419 4155 amoris
445 4098 691 4154 allectum
713 4097 737 4152 Ἰ
763 4099 1071 4167 Quievimus,
1097 4100 1286 4171 inquit,
1318 4101 1560 4170 dicentes,
1602 4101 1799 4157 Volun-

222 4202 294 4247 tas
315 4191 529 4245 Domini
558 4191 670 4259 ﬁat.
700 4191 1038 4252 Adducentes.
1070 4193 1260 4263 inquit,
1286 4194 1427 4264 apud
1452 4211 1597 4264 quem
1622 4196 1800 4265 hospi-

220 4296 463 4339 taremur.
493 4283 657 4355 Igitur
687 4299 791 4339 non
823 4285 876 4339 in
898 4286 1146 4341 ecclesia.
1179 4285 1328 4342 Tunc
1352 4288 1494 4343 enim
1517 4329 1532 4354 ,
1560 4302 1680 4343 cum
1705 4304 1801 4359 pro

216 4374 562 4445 dogmatibus
586 4374 981 4441 ascendebant,
1017 4376 1067 4429 in
1098 4376 1325 4432 ecclesia
1356 4378 1798 4449 bospitabantur,

215 4481 362 4520 nunc
391 4482 517 4521 vero
545 4465 683 4536 apud
709 4466 1026 4535 discipulum
1054 4467 1335 4536 quemdam
1362 4470 1659 4541 antiquum.
1686 4472 1793 4527 0s-

215 4558 519 4627 tenditjam
542 4557 704 4612 fuisse
730 4560 946 4628 longum
978 4559 1369 4629 praedicationis
1394 4571 1600 4632 tempus
1625 4580 1639 4618 :
1663 4564 1802 4619 unde

213 4651 349 4705 mihi
384 4650 591 4704 videtur
613 4650 663 4703 in
690 4650 839 4704 Actis
866 4651 1063 4704 multos
1085 4665 1256 4705 annos
1284 4653 1579 4718 succidere,
1609 4663 1665 4708 et
1684 4670 1803 4725 qua:

213 4742 488 4812 urgebant
507 4750 708 4795 tantum
729 4740 926 4795 dicere.
956 4741 1093 4807 Quid
1118 4742 1218 4797 sibi
1241 4744 1351 4797 vult
1377 4743 1526 4809 illud,
1563 4743 1803 4800 Voluntas

214 4834 427 4889 Domini
459 4835 549 4903 ﬁat
570 4835 596 4889 2
622 4835 878 4890 Dominus
902 4875 918 4902 ,
951 4837 1156 4906 inquit,
1196 4836 1337 4906 quod
1370 4838 1615 4906 placitum
1642 4848 1722 4893 est
1750 4840 1803 4893 in

216 4928 389 4981 oculis
410 4927 547 4989 suis,
572 4926 750 4981 faciet.
776 4928 1068 4994 Quiescuut
1094 4937 1273 4982 autem
1295 4928 1391 4995 illi,
1417 4946 1590 5000 neque
1610 4941 1805 5001 cogunt

216 5016 408 5071 illum:
438 5016 579 5071 forte
620 5018 809 5087 gnari,
852 5032 972 5073 esse
1016 5020 1343 5075 voluntatem
1390 5021 1522 5088 Dei,
1552 5022 1694 5092 quod
1736 5039 1805 5079 ex

214 5109 370 5163 Pauli
409 5106 625 5163 fervore
653 5108 1065 5177 coniectabant:
1098 5125 1220 5164 nam
1260 5110 1457 5181 alioqui
1495 5128 1599 5167 non
1628 5122 1804 5170 tantus

215 5202 369 5256 Pauli
417 5201 600 5255 fervor
636 5199 874 5265 fuisset,
913 5217 1087 5273 neque
1133 5204 1272 5257 Deus
1315 5204 1683 5273 permisisset,
1714 5207 1804 5276 qui

213 5308 437 5361 semper
470 5290 618 5345 illum
647 5306 677 5345 a
704 5292 955 5361 periculis
982 5302 1212 5348 eruerat.
1241 5294 1330 5350 Sic
1358 5295 1804 5354 nolebantEccle-

214 5389 310 5437 sia:
342 5387 499 5438 oneri
528 5398 671 5451 esse,
692 5398 814 5438 cum
835 5385 970 5440 alius
991 5396 1155 5449 esset,
1186 5388 1273 5454 qui
1297 5386 1416 5442 illos
1438 5388 1666 5457 hospitio
1685 5405 1805 5444 sus-

214 5479 450 5545 ciperet.
485 5491 659 5546 neque
686 5476 942 5531 honorem
973 5478 1275 5547 exigebant.
1305 5478 1538 5533 Libenter
1564 5521 1580 5547 ,
1613 5481 1799 5553 inquit,

215 5578 528 5637 exceperunt
570 5585 660 5622 nos
689 5570 892 5637 fratres.
936 5569 1043 5624 Res
1076 5581 1200 5625 tunc
1243 5571 1293 5624 in
1334 5587 1462 5640 pace
1486 5583 1637 5628 erant
1664 5574 1803 5644 apud

218 5658 443 5715 Judmos
470 5700 485 5723 ,
517 5674 617 5715 nec
653 5660 850 5715 bellum
876 5670 935 5715 ut
968 5663 1115 5730 prius
1142 5671 1275 5717 erat.
1303 5662 1551 5718 Ducentes
1578 5681 1687 5730 nos,
1720 5667 1803 5719 iti-

220 5754 376 5819 quit,
404 5751 544 5819 apud
567 5768 715 5822 quem
756 5753 1145 5823 hospitaremur.
1178 5754 1398 5809 Paulum
1442 5755 1533 5810 ille
1576 5756 1805 5828 hospitio

222 5844 550 5915 excipiebat.

1170 404 1238 460 IN
1273 403 1453 462 ACTA
1496 405 2013 466 APOSTOLORUM.
2056 410 2281 469 HOMIL.
2326 411 2486 470 XLV.

3370 432 3473 490 318

1982 523 2316 596 Hospitalitas
2334 532 2808 589 commendatur.-—
2824 537 2971 594 Dicet
2995 539 3218 599 fortasse
3239 557 3474 605 vestrum

1896 616 2159 686 quispiam
2186 635 2199 670 :
2221 617 2278 674 Si
2302 622 2417 690 quis
2437 623 2565 678 mihi
2594 624 2816 680 Paulum
2844 627 3075 697 hospitio
3100 634 3474 703 excipiendum

1896 705 2112 762 offerret
2131 750 2145 772 ,
2178 709 2229 763 id
2256 722 2496 783 prompte
2516 724 2570 770 et
2610 716 2859 773 alacriter
2890 722 3139 778 facerem.
3160 723 3301 782 Ecce
3331 728 3473 785 Pauli

1898 796 2177 855 Dominum
2202 802 2294 857 tibi
2322 803 2551 875 hospitio
2573 809 2817 879 excipere
2840 812 2981 880 licet,
3005 825 3058 871 et
3082 833 3187 873 non
3215 820 3327 876 vis:
3354 837 3474 876 nam

1897 886 2010 941 ait:
2048 889 2146 956 Qui
2175 894 2381 963 suscipit
2422 911 2579 951 unum
2624 916 2688 954 ea:
2730 902 2808 955 his
2850 905 3070 961 minimis
3094 950 3109 971 ,
3156 927 3237 965 me
3265 915 3476 983 suscipit

1896 977 2110 1046 (Matth.
2140 982 2228 1038 t8.
2260 984 2313 1038 5.
2347 984 2472 1039 Luc.
2495 988 2548 1043 9.
2580 990 2693 1060 48).
2728 993 2937 1061 Quanto
2978 1000 3154 1056 minor
3179 1012 3260 1058 est
3290 977 3473 1074 frater,

1898 1075 2046 1124 tanto
2090 1074 2257 1143 magis
2303 1075 2548 1134 Christus
2596 1098 2690 1150 per
2740 1086 2911 1154 ipsum
2955 1091 3190 1150 advenit.
3221 1096 3351 1152 Nam
3383 1100 3475 1170 qui

1896 1175 2146 1258 magnum
2172 1169 2475 1237 quempiam
2502 1173 2718 1244 excipit,
2749 1191 2844 1246 per
2868 1195 3055 1236 vanam
3083 1199 3227 1256 saepe
3247 1169 3472 1258 gloriam

1975 1255 2084 1325 agit
2110 1272 2125 1346 ;
2156 1257 2247 1327 qui
2279 1275 2406 1315 vero
2452 1277 2672 1333 parvum
2692 1307 2710 1335 ,
2755 1282 2889 1338 pure
2935 1251 3470 1346 propter-Christum.

1896 1341 2045 1399 Licet
2069 1345 2158 1400 tibi
2188 1348 2347 1403 etiam
2372 1352 2579 1408 Patrem
2607 1355 2803 1412 Christi
2834 1341 3105 1433 excipere,
3139 1379 3191 1423 et
3223 1387 3325 1427 non
3351 1375 3469 1429 vis:

1897 1450 2020 1490 nam
2049 1438 2153 1503 ait,
2188 1439 2383 1511 Hospes
2406 1461 2543 1499 erant
2583 1460 2629 1501 et
2655 1448 2926 1522 collegistis
2953 1473 3049 1521 me,
3080 1469 3133 1514 et
3164 1462 3376 1531 iterum,
3402 1465 3471 1521 In

1896 1540 2137 1598 quantum
2154 1536 2340 1604 fecistis
2356 1538 2445 1590 uni
2464 1554 2527 1593 ea:
2542 1540 2619 1593 his
2639 1543 2878 1608 minimis,
2903 1548 3027 1602 mihi
3046 1554 3233 1620 fecistis
3258 1555 3469 1623 (Matth.

1896 1619 1986 1675 25.
2017 1622 2106 1677 35.
2136 1624 2249 1693 4ο).
2283 1626 2394 1682 Etsi
2427 1628 2623 1685 Paulus
2652 1648 2758 1688 non
2788 1637 2877 1699 sit.
2910 1639 2954 1692 si
2988 1619 3157 1697 nacus
3187 1619 3339 1702 sit‘et
3364 1649 3472 1703 fra-

1898 1718 1984 1767 ter
2006 1753 2021 1779 ,
2043 1713 2249 1769 etiamsi
2288 1718 2537 1774 minimus
2561 1762 2576 1787 ,
2609 1721 2853 1780 Christus
2888 1736 3061 1783 tamen
3092 1748 3185 1801 per
3214 1736 3361 1790 illum
3383 1738 3474 1793 ad-

1898 1803 2061 1857 venit.
2091 1806 2249 1873 Aperi
2289 1806 2527 1877 domum,
2551 1812 2764 1885 excipe.
2794 1816 2894 1884 Qui
2931 1822 3107 1891 recipit
3137 1828 3471 1897 prophetam,

1898 1893 2107 1991 inquit,
2155 1901 2429 1954 mercedem
2474 1906 2735 1973 propheta:
2774 1911 2977 1979 recipiet
3007 1912 3026 1985 (
3057 1893 3143 1967 Id.
3194 1893 3280 1973 1D.
3332 1921 3392 1975 41
3427 1893 3472 1991 ).

1896 1981 2038 2054 Ergo
2059 1988 2147 2056 qui
2171 1990 2359 2060 recipit
2384 1992 2676 2060 Christum,
2702 2000 2925 2069 recipiet
2954 1981 3254 2063 mercedem
3276 1981 3472 2068 Christi

1896 2080 2306 2148 peregrinantis.
2336 2082 2413 2137 Ne
2458 2084 2612 2141 fidem
2656 2105 2817 2159 neges
2854 2094 3030 2151 verbis
3060 2098 3175 2162 ejus
3196 2141 3211 2164 ,
3241 2102 3334 2156 sed
3358 2112 3475 2159 esto

1898 2170 2177 2225 confidens
2210 2189 2222 2225 :
2254 2172 2367 2242 ipse
2409 2176 2574 2240 dixit,
2627 2179 2729 2234 Per
2775 2182 2892 2237 illos
2920 2201 3019 2255 ego
3046 2188 3308 2246 advenio:
3341 2203 3396 2248 et
3418 2204 3475 2251 ut

1900 2274 1967 2313 ne
1989 2261 2063 2315 sis
2091 2263 2395 2319 incredulus
2421 2305 2437 2329 ,
2467 2270 2781 2337 supplicium
2812 2273 3053 2330 decernit
3080 2295 3181 2332 non
3212 2284 3475 2352 reeipien-

1901 2351 2061 2419 tibus,
2094 2352 2325 2411 honores
2357 2359 2740 2429 recipientibus
2770 2383 2782 2419 :
2819 2380 2925 2421 non
2955 2367 3057 2424 hoc
3085 2351 3340 2438 facturus,
3372 2379 3475 2433 nisi

1900 2438 1989 2494 ille
2020 2442 2101 2497 vel
2131 2442 2419 2501 honoratus
2458 2449 2540 2503 vel
2565 2456 2887 2509 contumelia
2919 2458 3141 2516 affectus
3171 2464 3282 2532 ipse
3308 2478 3466 2523 esset.

1897 2528 2185 2600 Suscepisti
2214 2551 2298 2590 me
2323 2578 2337 2600 ,
2368 2537 2575 2608 inquit,
2620 2542 2672 2596 in
2700 2544 2996 2601 diversorio
3027 2559 3116 2605 tuo
3141 2569 3155 2617 ;
3187 2528 3472 2625 suscipiant

1902 2628 1954 2673 te
1979 2620 2031 2675 in
2058 2636 2277 2691 regnum
2306 2625 2477 2682 Patris
2501 2630 2606 2684 mei
2635 2648 2648 2684 :
2680 2634 2881 2690 solvisti
2927 2638 3054 2694 mihi
3086 2640 3279 2698 famem
3307 2620 3345 2711 ς’
3365 2648 3474 2702 sol-

1898 2723 2017 2763 vam
2077 2712 2169 2767 tibi
2218 2726 2478 2783 peccata:
2511 2720 2687 2777 vidisti
2736 2740 2822 2780 me
2882 2729 3164 2799 vinctum;
3217 2736 3383 2792 videri
3424 2748 3477 2796 te

1900 2800 2088 2857 faciam
2116 2805 2346 2861 solutum
2370 2809 2388 2840 ί
2413 2825 2428 2863 :
2455 2810 2633 2867 vidisti
2659 2829 2746 2869 me
2774 2821 3109 2889 peregrinum
3143 2839 3158 2889 ;
3201 2824 3393 2884 faciam
3424 2839 3476 2887 te

1898 2895 2068 2951 civem
2092 2898 2344 2954 caelorum
2370 2900 2602 2959 :dedisti
2624 2906 2753 2961 mihi
2785 2923 2972 2977 panem
2998 2929 3013 2978 ;
3042 2913 3112 2969 do
3135 2916 3227 2971 tibi
3254 2934 3476 2990 regnum

1900 2995 2068 3083 totum
2092 3030 2108 3057 ,
2135 3000 2193 3047 ut
2216 2993 2344 3049 illud
2366 2993 2523 3052 heres
2548 2999 2778 3069 accipias
2801 3011 2857 3057 et
2878 3007 3173 3074 possideas.
3198 3012 3285 3065 Ait
3309 3016 3475 3083 enim,

1914 3076 2121 3173 Venite,
2173 3084 2421 3152 possidete
2466 3098 2700 3157 paratum
2740 3093 2878 3146 vobis
2919 3112 3131 3166 regnum
3187 3101 3327 3173 (Id.

1899 3168 2161 3264 34)._Non
2190 3174 2340 3243 dicit,
2372 3178 2614 3251 Accipite
2638 3196 2654 3247 ;
2686 3181 2781 3238 sed
2800 3225 2814 3250 ,
2847 3184 3110 3244 Possidete
3140 3208 3161 3246 :
3185 3168 3328 3264 quod
3348 3197 3478 3255 dici-

1902 3272 1988 3354 tur
2009 3261 2077 3319 de
2103 3264 2188 3331 iis,
2218 3266 2308 3337 qui
2333 3283 2461 3324 vere
2488 3272 2803 3340 possident,
2836 3285 2894 3331 ut
2916 3293 3037 3333 cum
3069 3261 3297 3340 dicimus
3319 3328 3335 3354 ,
3366 3289 3479 3347 Hoc

1899 3352 2198 3448 hereditate
2224 3358 2453 3426 possedi.
2482 3358 2679 3417 Fecisti
2709 3364 2834 3419 mihi
2867 3366 2921 3421 in
2943 3371 3187 3439 occulto;
3218 3352 3480 3448 egovprag.

1900 3444 2089 3501 dicabo
2115 3446 2167 3500 in
2192 3448 2511 3506 manifesto:
2538 3462 2593 3507 et
2620 3461 2706 3507 tua
2733 3456 2946 3525 quidem
2977 3459 3119 3531 dico,
3145 3444 3272 3535 quia
3293 3444 3478 3538 gratia:

1902 3547 2058 3595 erant
2086 3558 2101 3607 ;
2133 3556 2250 3597 mea
2280 3556 2408 3598 vero
2434 3543 2597 3599 debiti
2627 3556 2770 3602 sunt.
2796 3549 2929 3618 Quia
2957 3554 3099 3608 enim
3138 3565 3193 3611 tu
3223 3560 3430 3630 cmpisti
3461 3603 3477 3627 .

1902 3629 2106 3701 inquit,
2128 3647 2227 3704 ego
2253 3648 2481 3704 sequar:
2510 3651 2615 3691 non
2648 3638 2810 3708 pudet
2835 3656 2921 3698 me
2949 3642 3105 3701 fateri
3131 3629 3323 3705 collata
3350 3654 3478 3709 mihi

1901 3720 2179 3789 beneficia,
2210 3739 2309 3780 nec
2333 3741 2363 3779 a
2388 3726 2584 3798 quibus
2611 3744 2697 3784 me
2721 3730 3053 3803 liberaveris,
3083 3752 3114 3792 a
3142 3737 3299 3807 fame,
3326 3746 3480 3800 nudi-

1904 3821 2031 3880 tate,
2056 3830 2259 3871 errore.
2285 3816 2472 3873 Vidisti
2500 3834 2585 3874 me
2613 3820 2829 3891 ligatum
2856 3841 2870 3890 ;
2902 3841 3007 3881 non
3036 3828 3244 3886 videbis
3271 3834 3478 3903 gehen-

1902 3920 1985 3961 πω
2007 3906 2215 3976 ignem:
2242 3907 2418 3963 vidisti
2447 3924 2532 3964 me
2559 3910 2858 3980 infirmum;
2888 3932 2992 3971 non
3020 3919 3223 3976 videbis
3247 3931 3482 3981 tormen—

1905 4003 1958 4050 ta
1983 4012 2081 4051 nec
2106 3998 2385 4067 supplicia.
2415 3998 2460 4055 Ο
2489 4015 2680 4057 manus
2710 4019 2833 4059 vere
2863 4006 3179 4075 benedictze,
3206 4029 3324 4082 qua:
3352 4017 3478 4070 tali-

1904 4086 2004 4141 bus
2030 4088 2337 4144 ministeriis
2375 4090 2654 4159 serviunt,
2701 4109 2821 4165 qua:
2859 4098 3148 4167 dignantur
3176 4106 3482 4165 ministrare

1904 4176 2119 4231 Christo
2145 4177 2160 4231 ι
2191 4178 2360 4234 Pedes
2381 4180 2432 4234 in
2457 4196 2702 4239 carceres
2730 4196 2923 4243 euntes
2953 4200 3168 4261 propter
3187 4193 3479 4267 Christum,

1904 4268 2059 4325 facile
2083 4279 2431 4327 contemnunt
2472 4272 2689 4343 ignem;
2731 4278 2934 4334 vincula
2981 4297 3089 4340 non
3134 4289 3484 4357 experiuntur

1904 4375 2097 4416 manus
2119 4402 2134 4427 ,
2162 4377 2282 4432 qua:
2306 4362 2525 4434 ligatum
2560 4365 2707 4422 illum
2740 4369 3011 4428 viderunt.
3043 4374 3265 4433 lnduisti
3294 4390 3480 4449 veste;

1906 4463 1963 4510 et
1987 4453 2223 4510 indueris
2245 4464 2390 4511 veste
2417 4457 2637 4513 salutari
2663 4477 2676 4513 :
2712 4459 2854 4517 fuisti
2877 4478 2998 4519 cum
3028 4465 3121 4522 illo
3149 4468 3201 4524 in
3232 4486 3482 4540 carcere;

1905 4553 1960 4600 et
1980 4545 2033 4599 in
2060 4560 2223 4615 regno
2246 4560 2367 4601 cum
2402 4546 2495 4602 illo
2517 4548 2645 4604 eris.
2676 4550 2801 4607 Htcc
2844 4558 3131 4613 confitetur
3156 4576 3260 4616 non
3293 4566 3486 4621 erube-

1906 4651 2082 4705 scens,
2099 4637 2193 4693 sed
2210 4639 2385 4695 sciens
2412 4647 2464 4694 te
2489 4640 2637 4695 illum
2664 4642 2928 4702 invisisse.
2951 4647 3229 4706 Nesciebat
3255 4656 3483 4723 patriar-

1907 4728 2005 4783 cha
2035 4742 2093 4783 se
2117 4730 2333 4800 angelos
2356 4730 2605 4801 excipere
2635 4732 2789 4802 (Gen.
2824 4736 2910 4791 t8.
2936 4738 3012 4808 5),
3045 4748 3100 4797 et
3130 4751 3308 4799 tamen
3336 4748 3484 4801 exci-

1908 4821 2106 4890 piebat.
2150 4820 2541 4879 Erubescamus
2568 4866 2583 4891 ,
2617 4827 2845 4883 obsecro
2875 4848 2888 4884 :
2920 4830 2971 4884 in
3001 4834 3225 4890 meridie
3263 4837 3487 4897 sedebat

1909 4913 1961 4967 in
1988 4922 2127 4968 terra
2156 4914 2350 4981 aliena,
2374 4914 2607 4969 nondum
2636 4918 2786 4986 pedis
2813 4921 3092 4991 vestigium
3113 4922 3341 4982 habebat
3362 4944 3485 4987 cum

1908 5009 2219 5078 peregrinus
2238 5017 2401 5073 esset,
2418 5019 2471 5064 et
2492 5011 2800 5080 peregrinos
2817 5014 3112 5082 excipiebat
3131 5022 3448 5090 peregrinus
3468 5040 3482 5078 :

1909 5103 2040 5158 civis
2068 5105 2210 5160 enim
2234 5106 2485 5161 caelorum
2515 5115 2651 5161 erat.
2698 5105 2821 5162 ldeo
2859 5123 2959 5163 nec
2986 5113 3297 5182 peregrinus
3326 5127 3442 5172 erat
3465 5158 3483 5185 ,

1908 5210 2028 5251 cum
2074 5197 2127 5251 in
2159 5206 2295 5252 terra
2330 5207 2489 5253 esset.
2537 5197 2647 5253 Nos
2692 5200 2860 5269 magis
2886 5218 3042 5269 quam
3094 5204 3181 5259 ille
3220 5210 3484 5279 peregrini

1908 5301 2091 5342 sumus
2114 5330 2129 5353 ,
2160 5288 2249 5359 qui
2289 5288 2596 5359 peregrinos
2636 5305 2739 5345 non
2768 5292 3080 5362 excipimus.
3116 5295 3341 5352 Domum
3377 5315 3484 5357 non

1912 5377 2174 5444 habebat,
2206 5387 2260 5432 et
2302 5380 2699 5434 tabernaculum
2744 5380 2843 5450 ipsi
2870 5382 3221 5442 diversorium
3252 5399 3386 5444 crat.
3418 5391 3485 5450 Et

1910 5470 2051 5536 vide,
2081 5485 2237 5539 quam
2266 5470 2441 5525 lautus
2470 5471 2537 5525 sit
2570 5489 2582 5524 :
2617 5472 2840 5527 vitulum
2874 5477 3145 5545 mactavit,
3174 5488 3230 5534 et
3258 5479 3481 5537 farinam

1911 5561 2144 5615 miscuit.
2192 5563 2327 5615 Audi
2372 5563 2633 5618 fervorem
2667 5582 2680 5617 :
2712 5580 2807 5635 per
2835 5581 2893 5621 se
2922 5577 2975 5623 et
3000 5582 3097 5638 per
3122 5582 3342 5626 uxorem
3386 5572 3487 5629 hoc

1912 5650 2053 5705 facit.
2086 5652 2361 5722 Perpende
2403 5668 2562 5725 quam
2600 5655 2671 5710 sit
2712 5670 2744 5710 a
2786 5656 2922 5713 fastu
2951 5657 3405 5719 alienusmdorat
3430 5674 3487 5722 et

1911 5745 2177 5801 obsecrat.

1979 5860 1997 5890 ⁸
2030 5866 2157 5909 Unus
2177 5860 2319 5923 legit,
2336 5858 2559 5912 t'idcbote
2584 5858 2806 5912 solutum.
