3948 6534
490 414 595 474 319

562 533 615 586 5.
667 528 1049 600 llospitufitatis
1076 525 1406 581 conditiones.
1432 554 1502 564 —
1522 522 1643 576 Ilmc
1671 521 1865 589 quippe
1890 518 2067 571 omnia

494 631 705 692 oportet
735 620 934 675 habere
963 634 1087 672 cum
1107 659 1120 679 .
1151 617 1239 687 qui
1273 615 1583 684 peregrinos
1618 611 1816 679 excipit
1845 628 1857 663 :
1893 610 2069 663 fervo-

496 727 607 768 rem
634 754 649 779 ,
684 713 1002 765 hilaritatem
1029 752 1044 775 ,
1076 707 1468 764 liberalitatem.
1513 703 1748 773 Hospitis
1777 704 1919 757 enim
1950 701 2069 755 ani-

498 821 615 860 mus
640 804 907 860 erubescit
935 816 987 858 et
1015 800 1354 871 pudiliuudus
1379 807 1462 853 est
1489 839 1504 863 ,
1539 807 1593 851 et
1618 796 1665 851 si
1688 810 1793 850 non
1820 794 2072 865 gaudium

499 898 761 950 monstret
790 903 1064 963 exceptor,
1098 890 1246 961 quasi
1272 889 1559 959 despectus
1585 886 1860 953 abscedit,
1908 899 1972 939 ac
2000 888 2078 939 sic

497 988 774 1057 excepisse
794 985 1033 1040 deterius
1058 994 1138 1038 est
1160 1024 1175 1048 ,
1204 998 1361 1053 quam
1388 981 1432 1035 si
1465 996 1569 1034 non
1598 981 1922 1049 excepisset.
1954 978 2078 1033 Ideo

497 1082 718 1143 adorat,
768 1077 889 1131 ideo
918 1091 976 1130 se
1005 1077 1256 1143 excipere
1301 1072 1471 1139 dicit,
1513 1072 1634 1126 ideo
1678 1071 1863 1125 sellam
1896 1068 2073 1124 offert.

498 1174 630 1239 Quis
661 1170 802 1224 enim
830 1169 1165 1231 dubitasset,
1202 1166 1389 1220 videns
1416 1166 1519 1219 hoc
1548 1164 1619 1218 illi
1649 1177 1783 1234 Optls
1803 1162 1948 1219 esse?
1976 1161 2079 1215 Sed

496 1278 598 1317 nos
630 1277 732 1315 non
764 1261 813 1312 in
844 1260 1013 1313 aliena
1046 1268 1185 1313 terra
1207 1258 1434 1311 sumus?
1458 1256 1561 1311 Sed
1588 1255 1630 1309 si
1656 1255 1903 1313 velimus,
1935 1263 2082 1322 pote-

500 1354 668 1408 rimus
691 1352 840 1406 illum
870 1350 1086 1405 imitari.
1118 1350 1258 1417 Quot
1283 1347 1521 1417 hospites
1551 1356 1765 1400 suntex
1793 1344 2082 1399 fratribus?

500 1445 596 1498 Est
623 1441 923 1498 communis
951 1441 1144 1496 domus
1174 1439 1417 1493 ecclesiae
1442 1477 1457 1503 ,
1488 1451 1648 1507 quam
1678 1451 1888 1491 xeuona
1922 1451 2084 1489 voca-

500 1549 621 1588 mus
650 1550 663 1586 ι
697 1534 910 1588 curiose
940 1531 1191 1602 inquirite
1220 1529 1379 1583 etiam
1406 1542 1504 1581 vos
1527 1568 1543 1593 ,
1590 1527 1775 1582 sedete
1805 1527 1869 1581 ad
1902 1528 2042 1581 fores
2068 1566 2083 1592 ,

507 1624 779 1679 venientes
806 1620 1061 1692 suscipite
1093 1638 1107 1675 :
1136 1621 1181 1674 si
1214 1635 1320 1674 non
1347 1618 1398 1671 in
1429 1617 1621 1673 domos
1652 1628 1858 1671 vestras
1882 1658 1897 1681 ,
1927 1617 2086 1672 aliter

506 1715 615 1769 illis
644 1714 944 1770 necessaria
971 1711 1325 1781 suppeditato.
1379 1710 1514 1777 Quid
1547 1710 1717 1780 ergo?
1748 1709 1983 1779 inquies;
2019 1724 2086 1762 an

505 1808 735 1862 ecclesia
773 1822 879 1861 non
922 1806 1122 1860 habet?
1154 1803 1363 1866 liabet;
1408 1802 1502 1857 sed
1534 1802 1658 1873 quid
1705 1802 1806 1855 hoc
1846 1801 1911 1855 ad
1952 1802 2089 1855 vos?

507 1899 636 1953 ausi
659 1913 690 1953 a
715 1897 1086 1953 communibus
1112 1895 1355 1951 ecclesiae
1386 1896 1624 1963 pecuniis
1652 1893 1882 1961 alantur,
1918 1892 1967 1947 id
2000 1909 2087 1946 vo-

510 1991 595 2045 bis
627 1990 884 2059 prodesse
930 1987 1170 2058 potcrit?
1213 2003 1279 2042 an
1329 1987 1373 2039 si
1402 1986 1541 2041 alius
1580 1996 1847 2055 precetur,
1897 1996 1951 2039 tu
1982 1999 2090 2039 non

510 2084 674 2139 debes
705 2082 955 2153 precari?
1004 2096 1102 2136 cur
1142 2096 1248 2135 non
1292 2080 1428 2135 dicis
1463 2099 1476 2135 :
1508 2078 1648 2145 Quid
1679 2078 1866 2133 enim?
1912 2091 2089 2133 annon

511 2176 817 2231 sacerdotes
847 2172 1177 2244 precantur?
1203 2186 1297 2225 cur
1341 2185 1441 2241 ego
1470 2168 1680 2224 orabo?
1725 2173 1793 2223 At
1819 2184 1918 2238 ego
1941 2208 1957 2232 ,
2008 2167 2091 2221 in-

511 2271 662 2338 quies
683 2306 702 2333 ,
733 2267 803 2322 do
825 2267 912 2321 isti
937 2307 953 2330 ,
980 2267 1069 2336 qui
1103 2280 1208 2319 non
1241 2272 1415 2332 potest
1440 2263 1530 2316 illo
1558 2262 1761 2317 venire.
1798 2261 1873 2314 Da
1901 2260 2090 2314 saltent

516 2362 587 2414 illi
619 2376 633 2414 :
663 2360 803 2430 quod
834 2359 974 2412 etiim
1003 2357 1292 2428 quaerimus
1322 2357 1422 2411 hoc
1447 2363 1561 2420 est,
1591 2363 1646 2408 ut
1674 2353 1891 2407 omnino
1919 2352 2091 2406 detur.

513 2449 650 2504 Audi
673 2449 797 2519 quid
823 2448 963 2503 dicat
990 2448 1179 2501 Paulus
1209 2463 1222 2500 :
1253 2443 1318 2500 Ut
1339 2454 1385 2498 et
1405 2444 1487 2511 iis,
1510 2458 1622 2516 qua:
1642 2460 1753 2496 vere
1772 2443 1937 2496 vidua:
1956 2451 2094 2509 sunt,

514 2543 764 2613 sufﬁciant
789 2581 806 2608 ,
834 2550 880 2598 et
907 2556 967 2595 ne
995 2548 1230 2611 gravetur
1252 2538 1459 2593 ecclesia
1499 2537 1520 2608 (
1545 2537 1598 2591 1.
1622 2535 1757 2591 Tim.
1786 2538 1837 2592 5.
1870 2536 1937 2592 i6
1963 2537 2002 2605 ).
2032 2534 2100 2590 Ut

520 2639 646 2703 vis,
700 2635 822 2699 fac;
874 2635 1048 2689 solum
1118 2632 1220 2687 fac.
1284 2631 1400 2702 Ego
1449 2645 1577 2685 vero
1654 2645 1757 2685 non
1812 2628 1974 2695 dico,
2033 2627 2102 2684 Ut

520 2742 629 2783 non
676 2733 930 2799 gravetur
969 2724 1238 2789 ecclesia;
1294 2722 1430 2790 sed,
1471 2720 1540 2777 Ut
1574 2731 1629 2776 ιιι
1671 2737 1775 2775 non
1823 2720 2098 2791 graveris:

521 2822 622 2877 hac
645 2820 787 2876 enim
814 2818 1221 2874 ratiocinatione
1249 2815 1379 2870 nihil
1406 2813 1602 2880 facies,
1631 2814 1806 2870 omnia
1835 2813 1884 2869 ei
1913 2813 2101 2869 remit-

523 2923 663 2969 tens.
697 2910 822 2966 Ideo
841 2925 1126 2967 commune
1151 2908 1481 2963 domicilium
1504 2916 1587 2962 est
1611 2909 1678 2963 ab
1699 2907 1937 2963 Ecclesia
1965 2908 2100 2961 assi-

523 3013 742 3076 gnatum
766 3043 780 3065 ,
811 3012 868 3056 ut
896 3000 1014 3057 hwc
1054 3015 1160 3054 non
1188 2997 1357 3053 dicas.
1397 2998 1503 3054 Sed
1533 3006 1776 3067 sumptus
1808 2998 1969 3053 habet
2012 3011 2104 3052 ec-

529 3098 696 3153 clesia
719 3135 736 3161 ,
761 3094 971 3167 inquies
997 3112 1011 3149 :
1034 3092 1288 3163 pecunias
1312 3091 1472 3147 habet
1497 3099 1550 3146 et
1574 3090 1798 3146 reditus.
1831 3091 1925 3144 Dic
1952 3088 2104 3153 mihi,

530 3205 599 3244 an
642 3198 886 3258 sumptus
915 3202 1017 3241 nou
1051 3186 1243 3240 habet?
1272 3185 1634 3256 quotidianam
1682 3198 1971 3253 expensam
2003 3199 2107 3236 non

532 3280 732 3335 habet?
762 3278 958 3345 Etiam,
990 3277 1216 3349 inquies.
1248 3276 1359 3332 Cur
1382 3290 1511 3347 ergo
1533 3290 1639 3331 non
1667 3274 1887 3345 adiuvas
1909 3273 2112 3329 medio-

530 3374 774 3431 critatem
806 3372 965 3441 ejus?
1008 3370 1092 3426 Me
1124 3369 1285 3439 pudet
1315 3368 1430 3424 haec
1455 3366 1636 3422 dicere
1667 3384 1680 3419 :
1711 3375 1965 3420 cauerunt
2005 3382 2111 3420 non

531 3478 685 3537 cogo.
713 3464 771 3521 Si
796 3464 914 3535 quis
942 3471 1091 3533 putat
1117 3462 1325 3517 lucrum
1353 3473 1476 3515 esse
1503 3471 1624 3529 quae
1648 3457 1916 3522 dicuntur,
1955 3456 2115 3511 faciat

535 3559 634 3614 sibi
674 3555 1064 3613 xenodochium
1105 3554 1162 3609 in
1207 3554 1367 3608 domo
1404 3569 1420 3619 ;
1470 3551 1629 3605 isthic
1672 3550 1867 3605 lectum
1903 3557 2114 3617 statue,

539 3650 696 3705 isthic
735 3657 981 3702 mensam
1012 3651 1067 3698 et
1116 3644 1409 3699 lucernam.
1454 3640 1734 3711 Quomodo
1774 3655 1879 3694 non
1923 3640 2115 3694 absur-

538 3740 664 3795 dum
692 3737 889 3805 fuerit,
916 3738 961 3793 si
988 3737 1204 3792 veniant
1233 3736 1427 3789 milites
1450 3776 1465 3801 ,
1498 3733 1697 3789 habere
1723 3747 1819 3786 vos
1848 3732 2116 3802 assignata

545 3831 837 3897 domicilia,
866 3843 1111 3902 magnam
1157 3842 1346 3897 gerere
1391 3842 1610 3890 curam,
1660 3825 1945 3895 omniaque
1993 3823 2121 3893 ipsis

542 3921 945 3979 subministrare
965 3961 980 3987 ,
1030 3920 1153 3991 quia
1184 3920 1257 3973 illi
1287 3920 1484 3974 bellum
1516 3919 1618 3973 hoc
1643 3918 1898 3973 sensibile
1932 3915 2121 3986 depel-

550 4015 665 4071 lunt
696 4032 710 4070 :
744 4014 981 4083 hospites
1013 4026 1140 4067 vero
1164 4053 1180 4079 ,
1220 4011 1306 4065 ubi
1346 4010 1707 4074 diversentur,
1742 4025 1849 4063 non
1880 4008 2122 4063 habere?

548 4107 709 4162 Vince
735 4104 1038 4161 ecclesiam.
1082 4101 1173 4158 Vis
1218 4116 1317 4156 nos
1366 4101 1559 4156 rubore
1605 4098 1967 4170 perfundere?
2012 4098 2125 4153 Hoc

550 4199 666 4254 fac:
697 4196 1019 4253 liberalitate
1046 4208 1238 4264 supera
1273 4210 1286 4248 :
1322 4193 1457 4248 habe
1487 4192 1813 4247 domicilium
1840 4205 1945 4260 quo
1976 4189 2128 4244 Chri-

547 4300 663 4343 stus
695 4287 994 4342 diversetur
1021 4302 1036 4341 :
1063 4285 1185 4350 die,
1212 4283 1335 4339 Htec
1380 4292 1464 4339 est
1501 4284 1689 4338 cellula
1729 4283 1966 4345 Christi;
2015 4280 2128 4335 hzec

549 4382 739 4435 domus
766 4378 842 4433 illi
872 4376 1105 4448 seposita
1133 4386 1217 4432 est
1243 4393 1255 4427 :
1285 4376 1500 4431 etiamsi
1530 4376 1635 4430 vile
1660 4374 1987 4429 domicilium
2016 4374 2126 4441 sit,

555 4486 661 4525 non
703 4468 1042 4539 dedignatur.
1084 4467 1270 4522 Nudus
1301 4475 1356 4522 et
1397 4470 1590 4536 ImSpes
1626 4465 1872 4520 Christus
1896 4465 2128 4532 circuit,

556 4574 698 4620 tecto
724 4563 896 4617 solum
933 4576 1098 4633 egens
1127 4578 1141 4615 ε
1174 4561 1364 4616 saltem
1392 4560 1514 4615 huic
1542 4570 1733 4630 praesta
1767 4578 1781 4616 :
1814 4575 1881 4615 ne
1907 4560 1981 4614 sis
2005 4575 2129 4615 cru-

552 4654 687 4709 delis
713 4666 813 4707 nec
839 4650 1159 4706 inhumanus
1179 4690 1195 4716 ,
1224 4666 1397 4720 neque
1425 4652 1475 4705 in
1504 4651 1665 4706 rebus
1690 4651 2037 4705 saecularibus
2060 4651 2132 4705 ita

554 4745 879 4812 vehemens,
910 4745 964 4799 in
1000 4743 1369 4814 spiritualibus
1395 4758 1524 4799 vero
1560 4742 1804 4813 frigidus.
1847 4743 1959 4797 Hoc
1981 4758 2130 4797 com-

555 4840 792 4894 mittatur
817 4836 1015 4891 famulo
1055 4837 1296 4891 omnium
1327 4834 1641 4890 fidelissimo
1662 4876 1675 4899 ,
1724 4845 1777 4890 et
1804 4836 1849 4889 is
1874 4835 2091 4889 mutilos
2113 4876 2129 4901 ,

557 4928 869 4998 mendicos,
899 4936 955 4983 et
978 4942 1073 4983 eos
1099 4966 1115 4992 ,
1145 4926 1234 4998 qui
1274 4927 1391 4981 sine
1418 4936 1558 4981 tecto
1606 4935 1765 4990 sunt,
1811 4925 2132 4981 iutroducat.

555 5022 681 5078 Haec
703 5022 826 5078 dico
845 5062 861 5089 ,
894 5032 953 5076 ut
984 5020 1051 5075 ad
1079 5019 1340 5093 pudorem
1370 5036 1633 5075 moveam.
1676 5020 1965 5091 Oporteret
1989 5022 2133 5075 enim

557 5130 771 5172 sursum
795 5115 939 5171 domi
968 5113 1089 5169 illos
1118 5115 1358 5184 recipere
1382 5130 1397 5178 ;
1437 5114 1521 5168 sin
1551 5113 1689 5168 nolis
1709 5153 1725 5180 ,
1754 5113 1942 5169 saltem
1972 5112 2132 5180 infra,

559 5208 647 5262 ubi
683 5206 833 5272 tnuli,
874 5205 962 5260 ubi
999 5205 1204 5274 famuli,
1228 5204 1496 5261 Christum
1521 5207 1718 5275 recipe.
1759 5205 1917 5261 Forte
1943 5206 2137 5262 exhor-

563 5299 771 5355 rescitis
794 5294 1095 5353 audientes.
1135 5297 1274 5365 Quid
1303 5314 1429 5371 ergo
1459 5340 1476 5364 ,
1505 5299 1551 5354 si
1580 5315 1648 5354 ne
1673 5299 1789 5355 bzec
1813 5300 2026 5371 quidem
2056 5302 2135 5357 fe-

562 5391 787 5447 ceritis?
813 5391 950 5446 Ecce
975 5390 1179 5456 hortor,
1210 5407 1335 5447 ecce
1363 5393 1484 5450 dico
1517 5411 1530 5446 :
1562 5395 1674 5450 Hoc
1697 5396 1849 5451 vobis
1874 5410 2016 5451 curae
2046 5397 2135 5451 sit.

568 5492 634 5544 At
658 5487 735 5543 sic
767 5499 873 5542 non
899 5483 1099 5540 vultis?
1127 5485 1265 5556 Ergo
1290 5486 1395 5542 alio
1423 5488 1580 5545 modo
1610 5487 1805 5546 facite:
1830 5498 1954 5545 sunt
1983 5489 2137 5543 multi

1257 412 1316 468 S.
1354 408 1626 467 JO.\NNIS
1665 402 2128 464 CHRYSOSTOMI
2169 403 2478 459 ARCIIIEP.
2519 404 3041 465 CONSTANTINOP.

3648 412 3745 466 520

2182 532 2441 587 pauperes
2473 520 2747 591 utriusque
2771 537 2932 578 sexus
2965 540 2979 577 :
3009 531 3286 593 segregate
3309 521 3527 576 omnino
3549 565 3564 581 .
3598 535 3652 576 ut
3683 526 3746 579 itu

2179 607 2371 677 aliquis
2397 620 2648 665 maneat:
2675 611 2744 665 sit
2773 612 2961 668 saltem
2992 613 3182 667 domus
3204 621 3386 668 custos
3414 627 3617 683 pauper
3645 632 3659 667 :
3688 615 3751 669 sit

2182 700 2275 754 tibi
2302 716 2484 756 murus
2509 712 2565 756 et
2588 718 2744 773 sepes
2767 745 2783 769 ,
2816 713 3022 760 scutum
3052 713 3109 760 et
3134 704 3309 759 basta.
3351 704 3450 759 Ubi
3475 716 3562 760 est
3620 706 3751 761 eice-

2183 809 2401 866 mosyna
2422 834 2437 861 ,
2466 810 2532 851 eo
2556 812 2662 851 non
2688 798 2848 852 audet
2870 798 3129 854 accedere
3154 798 3417 863 diabolus,
3446 813 3621 868 neque
3648 814 3751 853 ma-

2185 887 2292 939 lum
2322 887 2627 958 quodpiam.
2658 889 2770 949 Ne.
2803 906 2985 960 quaeso
3005 932 3019 953 .
3049 890 3405 959 despiciamus
3436 901 3641 944 tantum
3673 893 3750 945 lu~

2184 993 2353 1033 crum.
2382 977 2534 1034 Nunc
2558 994 2685 1034 vero
2709 982 2884 1035 currui
2906 981 3119 1050 quidem
3146 982 3445 1052 assignatus
3473 983 3623 1036 locus
3650 994 3745 1049 est,

2185 1078 2239 1122 et
2258 1069 2522 1124 basternis
2541 1070 2695 1136 alius;
2717 1070 2929 1126 Christo
2948 1081 3124 1128 autem
3146 1074 3344 1127 erranti
3371 1074 3569 1127 nullus.
3597 1075 3753 1129 Abra-

2188 1162 2308 1213 ham
2359 1159 2445 1213 ubi
2478 1161 2591 1229 ipse
2632 1162 2917 1229 manebat,
2958 1163 3032 1217 ibi
3076 1163 3315 1233 hospites
3353 1163 3682 1233 recipiebat;
3709 1177 3756 1220 et

2189 1264 2319 1305 uxor
2342 1251 2494 1319 quasi
2522 1252 2713 1306 ancilla
2739 1254 2950 1319 stabat,
2979 1253 3055 1308 illi
3080 1270 3209 1309 vero
3236 1254 3384 1323 quasi
3415 1255 3638 1309 domini.
3664 1255 3755 1311 Ne-

2189 1340 2389 1395 sciebat
2410 1356 2467 1395 se
2486 1341 2777 1408 Christum,
2797 1358 2855 1399 se
2880 1343 3100 1413 angelos
3122 1344 3366 1414 recipere
3386 1360 3400 1405 ;
3425 1344 3470 1399 si
3494 1346 3755 1411 scivisset,

2189 1433 2368 1487 omnia
2390 1442 2679 1503 erogasset.
2699 1433 2808 1489 Nos
2828 1451 2956 1491 vero
2979 1435 3102 1490 licet
3132 1437 3364 1490 sciamus
3383 1451 3412 1490 a
3435 1436 3591 1490 nobis
3618 1434 3758 1493 Chri-

2190 1533 2330 1578 stum
2359 1526 2550 1594 excipi,
2578 1542 2683 1582 non
2709 1537 2905 1582 tantam
2929 1528 3249 1583 exhibemus
3269 1545 3449 1584 curam
3471 1570 3486 1595 ,
3515 1540 3757 1600 quautam

2191 1617 2299 1682 ille,
2332 1618 2421 1687 qui
2451 1618 2668 1686 putabat
2688 1635 2748 1674 se
2776 1620 3021 1675 homines
3051 1620 3311 1690 recipere.
3344 1624 3413 1675 At
3441 1622 3598 1675 multi
3622 1635 3754 1688 sunt,

2194 1709 2439 1779 inquies,
2488 1706 2806 1781 deceptores
2847 1720 2902 1767 et
2946 1714 3158 1783 ingrati.
3202 1714 3269 1768 Et
3310 1714 3430 1768 hinc
3463 1716 3558 1768 tibi
3605 1718 3759 1783 major

2194 1814 2419 1866 merces,
2445 1799 2658 1869 quando
2679 1804 2890 1857 nomine
2914 1803 3112 1858 Christi
3135 1803 3353 1874 accipis.
3383 1804 3438 1859 Si
3477 1804 3619 1858 nosti
3655 1808 3760 1861 esse

2170 1890 2508 1961 ,deceptores
2527 1932 2542 1957 ,
2576 1907 2643 1946 ne
2672 1893 2850 1963 recipe
2878 1892 3060 1960 dom‘i;
3101 1895 3183 1950 sin
3212 1911 3317 1950 non
3348 1896 3528 1961 nosti,
3562 1912 3657 1950 cur
3689 1908 3759 1952 te-

2196 1998 2344 2038 mere
2378 1983 2640 2040 accusas?
2689 1983 2813 2040 ldeo
2854 1984 3013 2053 dico,
3046 1985 3185 2042 Eant
3254 1988 3309 2042 in
3354 1987 3758 2043 xenodochium.

2197 2076 2325 2141 Qua:
2354 2091 2482 2131 vero
2506 2076 2772 2146 defensio,
2804 2078 3017 2148 quando
3038 2094 3106 2135 ne
3131 2094 3224 2135 eos
3253 2080 3492 2151 quidem,
3522 2095 3655 2149 quos
3679 2096 3762 2135 uo-

2196 2169 2406 2233 vimus,
2453 2169 2777 2240 recipimus,
2820 2170 2916 2226 sed
2960 2172 3207 2229 omnibus
3251 2174 3392 2228 fores
3437 2172 3762 2227 claudimus?

2198 2257 2278 2313 Sit
2296 2258 2490 2313 Christi
2517 2259 2883 2329 pandocheum
2912 2271 3093 2317 nostra
3118 2262 3309 2319 domus
3333 2281 3346 2318 :
3373 2271 3681 2331 repetamus
3704 2264 3761 2319 ab

2200 2349 2305 2405 illis
2325 2350 2642 2418 mercedem,
2673 2367 2779 2408 non
2808 2363 3108 2423 argentum,
3135 2355 3228 2409 sed
3252 2364 3307 2408 ut
3331 2354 3531 2410 faciant
3556 2355 3759 2409 domum

2202 2451 2437 2498 nostram
2464 2441 2662 2498 Christi
2692 2444 3086 2514 receptaculum
3120 2461 3133 2499 :
3160 2446 3647 2501 circumeursemus
3670 2464 3761 2501 un-

2204 2534 2385 2609 dique,
2420 2536 2713 2605 trabamus,
2742 2546 2987 2593 venatum
3013 2538 3338 2608 abripiamus
3364 2555 3377 2591 τ
3406 2538 3582 2607 majus
3613 2538 3764 2593 bene-

2204 2631 2379 2687 ficiqu
2408 2631 2695 2700 accipimus
2714 2670 2730 2697 ,
2771 2645 2929 2701 quam
2956 2629 3163 2685 damus.
3210 2630 3323 2684 Non
3347 2630 3513 2700 jubeo
3543 2640 3757 2685 mactare

2205 2725 2427 2779 vitulum
2460 2745 2474 2777 :
2506 2724 2573 2779 da
2604 2738 2794 2794 panem
2837 2727 3051 2795 egenti,
3104 2736 3304 2780 vestem
3345 2724 3528 2788 nudo,
3579 2733 3761 2777 tectum

2211 2818 2427 2887 hospiti.
2449 2816 2528 2873 Ne
2555 2826 2730 2871 autem
2759 2817 2873 2871 haec
2903 2826 3184 2886 praetores,
3213 2816 3310 2870 Est
3333 2815 3656 2870 domicilium
3691 2829 3765 2870 eo-

2207 2911 2384 2965 clesize
2427 2925 2747 2976 commune;
2792 2911 2918 2965 illuc
2974 2910 3202 2976 mittito,
3266 2917 3321 2964 et
3389 2918 3443 2963 tu
3500 2908 3764 2976 suscipies.

2210 3001 2341 3057 Nam
2398 3003 2487 3057 ille
2539 3004 2697 3057 etiam
2748 3017 2972 3068 eorum,
3019 3017 3137 3071 quae
3173 3016 3204 3054 a
3252 3000 3463 3055 famulis
3508 3010 3622 3053 acta
3666 3000 3764 3052 lue-

2215 3106 2376 3163 rant,
2428 3095 2726 3150 mercedem
2772 3095 2973 3149 habuit.
3031 3094 3103 3148 lta
3154 3102 3307 3148 erant
3359 3092 3590 3147 instituti
3644 3092 3764 3144 illius

2213 3188 2364 3259 pueri
2404 3187 2735 3241 :currebant
2759 3227 2775 3253 ,
2824 3200 2923 3241 nec
2967 3188 3371 3241 murmurabaut
3410 3186 3553 3238 sicut
3580 3184 3762 3247 nostri;

2215 3284 2336 3338 illos
2354 3284 2493 3338 enim
2523 3285 2637 3352 pios
2657 3282 2993 3337 reddiderat:
3016 3283 3065 3335 in
3096 3282 3289 3335 bellum
3315 3281 3496 3344 traxit,
3525 3294 3618 3333 nec
3640 3293 3766 3331 mur-

2218 3376 2517 3439 tnurabant;
2549 3377 2619 3429 ita
2642 3374 2941 3444 philosophi
2964 3385 3135 3429 erant.
3164 3372 3410 3427 Omnium
3432 3372 3578 3426 enim
3608 3383 3763 3425 curant

2222 3466 2444 3537 gerebat
2487 3476 2544 3520 ut
2571 3468 2653 3520 sui
2681 3466 2844 3536 ipsius
2873 3482 2888 3518 :
2918 3480 2981 3520 ac
3016 3466 3125 3519 fere
3146 3506 3162 3531 ,
3197 3474 3255 3518 ut
3282 3462 3381 3518 Job
3410 3463 3623 3517 dicebat
3651 3478 3663 3514 :
3691 3461 3765 3515 Si-

2220 3557 2403 3610 militer
2432 3556 2635 3627 formati
2664 3572 2837 3610 sumus
2864 3555 2915 3608 in
2940 3556 3114 3609 eodem
3139 3567 3303 3609 ventre
3331 3554 3453 3624 (Job
3497 3556 3585 3611 '53.
3614 3556 3682 3625 6).

2293 3649 2690 3703 Domesticorum
2712 3665 2833 3702 cura
2860 3648 3108 3702 habenda.
3134 3677 3205 3687 —
3229 3649 3410 3716 Itaque
3435 3658 3495 3702 et
3524 3663 3617 3702 nos
3640 3664 3768 3704 cure-

2223 3760 2345 3800 mus
2368 3744 2592 3798 salutem
2618 3751 2885 3807 nostram,
2911 3750 2966 3796 et
3009 3755 3253 3811 magnam
3280 3740 3573 3794 habeamus
3613 3741 3765 3795 dame-

2225 3840 2482 3892 sticorum
2514 3834 2947 3901 sollicitudinem,
2985 3842 3043 3888 ut
3068 3834 3175 3888 sint
3206 3833 3356 3902 probi
3385 3841 3439 3887 et
3470 3833 3688 3901 vigiles:
3714 3834 3768 3886 sit

2227 3930 2388 3983 etiam
2416 3927 2742 3982 domesticus
2777 3935 2959 3980 noster
3001 3927 3052 3979 in
3082 3926 3145 3979 iis
3169 3965 3184 3990 ,
3214 3941 3331 3993 qua:
3360 3924 3425 3978 ad
3458 3925 3621 3979 Deum
3668 3939 3767 3992 spe-

2228 4031 2395 4086 ctant,
2425 4022 2715 4076 institutus.
2755 4019 2871 4073 Non
2889 4019 2991 4073 erit
3020 4026 3203 4088 postea
3231 4018 3398 4072 virtus
3427 4019 3580 4072 nobis
3608 4017 3768 4071 difﬁci-

2231 4115 2295 4169 lis
2318 4155 2334 4178 ,
2366 4113 2411 4168 si
2440 4113 2561 4167 illos
2588 4112 2753 4181 probe
2782 4112 3140 4166 instituamus.
3177 4108 3327 4162 Sicut
3366 4109 3512 4163 enim
3542 4110 3590 4162 in
3616 4108 3765 4172 bello,

2232 4223 2353 4263 cum
2383 4208 2580 4261 milites
2605 4216 2730 4261 sunt
2754 4204 2891 4259 bene
2928 4202 3158 4258 ordinati
3184 4244 3199 4268 ,
3246 4201 3349 4256 dux
3380 4200 3537 4256 facile
3565 4208 3765 4270 pugnat;

2233 4308 2417 4354 contra
2446 4314 2574 4352 vero
2597 4337 2611 4361 ,
2644 4296 2688 4351 si
2716 4310 2823 4351 non
2851 4296 2924 4350 ita
2951 4294 3019 4349 sit
3052 4310 3066 4347 :
3098 4294 3272 4348 nautis
3302 4294 3427 4347 item
3455 4292 3766 4346 consentien-

2237 4392 2377 4445 tibus
2400 4431 2415 4456 ,
2446 4389 2767 4459 gubernator
2807 4386 2959 4442 nullo
2998 4387 3211 4457 negotio
3244 4384 3596 4457 gubernacula
3622 4383 3761 4451 regit:

2237 4484 2307 4536 ita
2337 4483 2382 4537 si
2407 4481 2512 4536 sint
2540 4480 2721 4535 famuli
2743 4487 2889 4534 recte
2917 4478 3163 4542 instituti,
3197 4492 3303 4531 non
3335 4476 3493 4532 facile
3518 4474 3764 4532 exacerba-

2239 4575 2380 4629 beris
2402 4614 2418 4639 ,
2452 4588 2555 4626 non
2583 4571 2885 4642 objurgabis
2904 4611 2921 4638 ,
2954 4585 3059 4626 non
3089 4570 3337 4625 irasceris
3361 4609 3375 4631 ,
3403 4583 3512 4623 non
3540 4566 3762 4623 convicia-

2241 4668 2404 4721 bcris.
2444 4664 2587 4719 Fieri
2612 4679 2822 4734 quoque
2852 4671 3064 4733 potest,
3116 4672 3174 4716 ut
3204 4661 3429 4716 famulos
3473 4659 3767 4719 reverearis,

2239 4760 2282 4812 si
2311 4758 2419 4811 sint
2446 4756 2784 4811 admirabiles
2818 4773 2831 4809 :
2859 4756 3065 4825 ipsique
3093 4763 3145 4809 te
3169 4753 3428 4823 juvabunt
3450 4794 3466 4820 ,
3496 4760 3549 4807 et
3575 4752 3633 4804 ad
3660 4751 3764 4803 bona

2242 4848 2612 4902 hortabuutur.
2654 4847 2735 4901 Ab
2761 4846 2844 4900 his
2868 4854 3043 4900 autem
3072 4846 3319 4899 omnibus
3344 4845 3520 4898 omnia
3559 4844 3657 4896 Deo
3684 4840 3767 4909 pla-

2241 4941 2345 4994 cita
2367 4946 2542 5005 erunt,
2566 4948 2620 4994 et
2644 4938 2722 4993 sic
2752 4948 2859 4992 tota
2881 4938 3071 4992 domus
3094 4936 3401 5006 implebitur
3420 4934 3763 4991 benedictione,

2242 5043 2297 5091 et
2324 5034 2402 5090 sic
2422 5047 2486 5088 ea
2508 5073 2523 5097 ,
2551 5046 2668 5101 quae
2700 5031 2807 5084 Deo
2833 5030 3078 5099 placent,
3112 5028 3365 5083 facientes
3390 5066 3408 5093 ,
3438 5042 3620 5097 magno
3648 5023 3763 5077 frue-

2243 5141 2363 5181 mur
2381 5138 2612 5195 superno
2633 5122 2882 5194 praesidio
2910 5140 2923 5177 :
2948 5122 3089 5191 quod
3110 5137 3215 5176 non
3237 5136 3426 5177 omnes
3447 5118 3643 5190 assequi
3664 5130 3760 5169 con-

2244 5218 2446 5288 tingat,
2494 5216 2662 5287 gratia
2710 5225 2765 5271 et
2842 5215 3166 5285 benignitate
3214 5214 3423 5270 Domini
3470 5211 3628 5269 nostri
3667 5208 3765 5264 Jesu

2243 5309 2440 5364 Christi
2464 5349 2482 5375 ,
2509 5309 2723 5379 quicum
2755 5307 2895 5363 Patri
2926 5317 2981 5361 et
3006 5306 3228 5376 Spiritui
3255 5315 3443 5361 sancto
3467 5304 3622 5375 gloria
3642 5341 3656 5365 ,
3684 5300 3762 5353 im-

2244 5402 2449 5472 perium
2472 5441 2489 5469 ,
2526 5401 2718 5469 honor,
2753 5414 2891 5455 nunc
2916 5408 2972 5456 et
2997 5413 3229 5470 semper,
3260 5407 3315 5454 et
3341 5398 3394 5453 in
3419 5395 3603 5453 sarcula
3624 5404 3759 5447 δέεαι·

2247 5495 2438 5550 lorum.
2478 5495 2670 5552 Amen.

2167 5698 2235 5707 -ο
