4098 6354
123 371 256 429 319

206 489 276 542 δ’.
298 486 488 541 Πάντα
520 488 629 558 γὰρ
643 486 813 540 ταῦτα
828 487 910 540 δεῖ
926 486 1016 540 τὸν
1034 485 1307 554 ξενίζοντα
1324 487 1465 558 ἔχειν
1486 504 1498 516 ·
1525 487 1586 540 τὸ
1608 486 1805 558 πρόθυ-

123 593 265 645 μον,
318 576 385 629 τὸ
429 575 676 646 φαιδρὸν,
724 575 785 627 τὸ
816 575 1063 643 ἄφθονον.
1110 575 1172 628 Ἠ
1208 576 1315 646 γὰρ
1357 575 1450 627 τοῦ
1487 574 1633 640 ξένου
1660 573 1806 644 ψυχὴ

120 663 374 735 ἐρυθριᾷ
394 665 490 718 καὶ
511 662 848 733 αἰσχύνεται·
872 662 972 716 κᾶν
997 662 1071 734 μὴ
1098 661 1214 731 μεθ’
1236 661 1537 732 ὑπερϐολῆς
1562 661 1804 731 ἐπιδείξῃ

116 754 338 823 χαρὰν,
382 751 459 814 ὼς
496 750 783 820 ἀλογηθείς
816 749 1240 815 ἀπαλλάσσεται,
1282 748 1377 802 καί¹
1410 748 1593 801 λοιπὸν
1626 752 1804 819 χεῖρον

116 842 329 907 γέγονε
349 852 375 879 ι
399 838 496 891 τοῦ
528 838 603 911 μὴ
629 838 986 902 ὑποδέξασθαι
1016 837 1076 889 τὸ
1100 835 1272 899 οὕτως
1301 836 1675 905 ὑποδεχθῆναι.
1708 836 1804 888 Διά

116 930 293 983 τοῦτο
336 933 659 1000 προσκυνεῖ,
700 929 787 982 διά
813 927 970 981 τοῦτο
1005 928 1083 997 τῷ
1105 928 1244 997 λόγῳ
1271 927 1500 995 δέχεται,
1540 926 1625 978 διὰ
1651 925 1806 978 τοῦτο

115 1021 191 1086 τῇ
225 1016 496 1087 καθέδρα.
525 1015 619 1079 Τίς
645 1016 750 1084 γὰρ
782 1014 845 1067 ἀν
868 1014 1144 1085 ἠπορήθη,
1166 1014 1319 1075 εἰδὼς
1341 1015 1423 1066 ὅτι
1462 1011 1619 1065 τοῦτο
1647 1012 1805 1083 ἔργον

120 1104 279 1173 αύτῷ
311 1098 421 1173 ἦνς
484 1102 623 1155 Ἀλλ’
653 1103 753 1154 οὑκ
786 1101 877 1153 ἐπὶ
911 1100 1065 1172 ξένης
1096 1101 1261 1170 ἐσμὲν
1295 1103 1480 1169 ὴμεῖς;
1536 1099 1674 1151 Ἀλλ’
1712 1099 1805 1151 ἐὰν

119 1189 400 1258 θέλωμεν,
446 1188 788 1258 δυνησόμεθα
829 1188 992 1240 αὑτὸν
1041 1187 1403 1258 μιμήσασθαι.
1452 1186 1613 1240 Πόσοι
1666 1186 1804 1250 ξένοι

119 1279 234 1330 εἰσί
265 1278 382 1331 τῶν
409 1276 691 1346 άδελφῶν;
729 1276 914 1328 Ἔστιν
940 1276 1143 1345 οἴκημα
1174 1275 1348 1328 κοινὸν
1373 1277 1407 1346 ἡ
1440 1274 1716 1344 ἐκκλησία.
1745 1272 1804 1327 ὃν

120 1364 335 1431 ξενῶνα
371 1363 681 1434 καλοῦμεν·
722 1362 1144 1433 περιεργάζεσθε
1174 1363 1266 1414 καὶ
1302 1362 1476 1431 ὑμεῖς,
1509 1361 1803 1424 καθέζεσθε

121 1454 277 1522 παρά
322 1452 428 1515 τὰς
468 1450 661 1523 θύρας,
694 1451 819 1512 τοὺς
848 1450 1172 1519 ἐρχομένους
1206 1448 1559 1519 ὑποδέχεσθε·
1589 1448 1689 1501 κᾶν
1728 1447 1802 1518 μὴ

122 1542 204 1604 είς
225 1541 328 1603 τὰς
358 1539 541 1601 οξκίας
568 1538 719 1609 ὑμῶν
750 1538 1034 1608 βούλησθε,
1067 1536 1181 1589 ἀλλ’
1212 1536 1412 1607 ἑτέρως
1435 1536 1501 1589 τά
1532 1535 1666 1606 πρὸς
1704 1536 1803 1599 τὰς

123 1629 312 1697 χρείας
354 1628 545 1688 αὑτοῖς
580 1624 729 1697 [545]
760 1624 1140 1695 χορηγοῦντες.
1171 1624 1235 1675 Τί
1263 1624 1401 1695 γάρ;
1434 1624 1469 1691 ἡ
1510 1622 1802 1693 Ἐκκλησία

122 1718 220 1769 οὐκ
249 1716 399 1785 ἔχεις
444 1714 633 1784 φησίν.
673 1714 857 1782 Ἔχει·
897 1712 1033 1765 ἀλλά
1071 1711 1123 1763 τί
1164 1709 1321 1763 τοῦτο
1356 1710 1492 1781 πρὸς
1519 1712 1691 1780 ὑμᾶςς
1727 1710 1801 1781 μὴ

124 1804 181 1856 τὸ
203 1805 315 1857 ἀπὸ
341 1802 455 1855 τῶν
486 1800 683 1854 κοινῶν
707 1800 809 1869 τῆς
850 1798 1176 1867 Ἐκκλησίας
1198 1798 1484 1868 τρέφεσθαι
1507 1798 1801 1869 χρημάτων

124 1892 345 1953 αὐτοὺς.
396 1888 564 1943 τοῦτο
608 1888 750 1958 ὑμᾶς
797 1886 1077 1956 ὠφελῆσαι
1127 1885 1377 1949 δύναται;
1430 1885 1507 1956 μὴ
1552 1885 1681 1956 γὰρ,
1735 1884 1802 1937 ἂν

121 1980 307 2048 ἔτερος
337 1975 592 2046 εὖχηται,
624 1975 687 2028 σὺ
713 1974 813 2026 οὑκ
837 1972 1070 2041 ὀφείλεις
1103 1971 1357 2041 εὔχεσθαι
1378 1987 1393 2036 ;
1418 1970 1504 2023 διὰ
1530 1971 1584 2023 τί
1612 1972 1686 2042 μὴ
1714 1971 1802 2024 λέ-

122 2083 272 2134 γεις·
313 2064 367 2118 τί
408 2064 561 2135 γάρ;
595 2063 696 2116 οὑκ
725 2061 974 2132 εὔχονται
1010 2060 1058 2113 οἰ
1094 2061 1289 2129 ίερεῖς;
1320 2057 1431 2128 ἐγὼ
1452 2058 1504 2111 τί
1536 2058 1797 2129 εὖχομαι;

137 2153 278 2207 Ἀλλ’
325 2151 461 2221 ἐγὼ,
502 2151 659 2220 φησὶ,
702 2148 895 2218 δίδωμι
926 2147 1004 2218 τῷ
1036 2145 1110 2218 μὴ
1150 2146 1431 2216 δυναμένῳ
1464 2144 1800 2216 καταχθῆναι

132 2243 269 2297 ἐκεῖ.
294 2241 388 2303 Δὸς
420 2239 523 2294 κᾶν
556 2237 770 2306 ἐκείνῳ·
802 2236 863 2289 τὸ
888 2235 997 2305 γὰρ
1030 2234 1462 2304 σπουδαζόμενον
1489 2235 1619 2304 ἡμῖν
1646 2232 1800 2287 τοῦτό

139 2328 278 2389 ἐστι,
310 2326 374 2380 16
409 2326 539 2390 ὅλως
585 2323 791 2378 δοῦναι.
830 2322 1115 2386 Ἄκουσον,
1164 2320 1215 2373 τί
1266 2338 1432 2390 φησιν
1479 2322 1506 2373 0
1555 2318 1795 2383 Παῦλος·

142 2414 265 2470 'Ira
294 2413 423 2480 ταῖς
444 2412 627 2478 ὅντως
650 2411 863 2481 χήραις
881 2408 1209 2478 ἐπαρκέσῃ,
1246 2408 1343 2462 καί
1362 2406 1447 2475 μὴ
1472 2405 1733 2475 βαρῆται
1757 2407 1798 2476 ἡ

142 2502 496 2569 Ἐκκλησία.
546 2500 738 2563 Ὅπως
791 2497 968 2568 βούλει
1026 2498 1273 2567 ποίησον,
1336 2496 1494 2565 μόνον
1553 2494 1795 2565 ποίησον.

139 2590 281 2658 Ἐγὼ
316 2590 374 2643 δὲ
410 2590 474 2643 οὐ
512 2588 675 2656 λέγω,
706 2586 821 2639 Ἵνα
854 2586 929 2657 μὴ
961 2584 1197 2656 βαρῆται
1236 2586 1269 2654 ή
1314 2582 1627 2653 Ἐκκλησία,
1661 2581 1795 2648 ἀλλ’,

122 2679 246 2732 Ἵνα
272 2676 351 2749 μὴ
381 2678 449 2730 σὺ
478 2675 623 2747 βαρῇ
640 2692 655 2706 ·
683 2674 759 2745 τῷ
780 2674 890 2745 γάρ
912 2672 1157 2743 λογισμῷ
1184 2671 1356 2741 τούτῳ
1385 2670 1536 2723 οὐδὲν
1564 2669 1795 2741 ἐργάσῃ,

118 2768 303 2821 πάντα
337 2765 659 2835 ἐπιτρέπων
689 2765 847 2834 αὑτῇ.
890 2762 988 2815 Διά
1013 2760 1170 2814 τοῦτο
1203 2759 1381 2812 κοινὸν
1415 2756 1621 2827 οἴκημά
1650 2760 1798 2811 ἐστιν

118 2854 228 2907 ὑπὸ
256 2853 362 2923 τῆς
401 2851 728 2922 Ἐκκλησίας
761 2849 1163 2921 ἀφωρισμένον,
1196 2848 1283 2900 ἵνα
1320 2847 1393 2918 μὴ
1417 2845 1589 2899 ταῦτα
1610 2846 1794 2919 λέγῃς.

127 2941 272 2994 Ἀλλ’
318 2940 437 3011 ἔχει
474 2938 841 3008 δαπανήματα
880 2938 914 3007 ἡ
969 2933 1284 3004 Ἐκκλησία,
1332 2933 1485 3002 φησὶ,
1541 2933 1799 3004 χρήματα

113 3029 232 3098 ἔχει
258 3030 360 3081 καὶ
403 3026 721 3097 προσόδους.
769 3022 903 3077 Εἰπέ
930 3040 1039 3094 μοι,
1064 3020 1393 3089 ἀναλώματα
1429 3019 1487 3072 δέ
1523 3020 1622 3071 οὑκ
1655 3018 1793 3088 ἐχει;

111 3114 371 3184 δαπάνην
406 3112 469 3165 δὲ
514 3111 614 3164 οὑκ
647 3110 759 3181 ἔχει
792 3108 1199 3180 καθημερινήν;
1241 3107 1366 3171 Ναὶ,
1403 3105 1553 3176 φησί.
1597 3104 1660 3157 Τί
1704 3102 1798 3158 οῦν

110 3206 177 3258 ab
226 3201 455 3272 βοηθεῖς
489 3201 558 3270 τῇ
612 3197 843 3270 μετρίᾳ;
887 3196 1221 3267 Αἰσχύνομαι
1264 3194 1362 3267 μὲν
1394 3193 1564 3248 ταῦτα
1587 3192 1795 3261 λέγων·

113 3290 262 3362 πλὴν
298 3286 424 3343 ἀλλ’
446 3287 599 3341 οὐδὲν
625 3284 934 3354 ἀναγκάζω.
967 3285 1035 3337 Et
1058 3302 1141 3348 τις
1172 3282 1385 3354 νομίζει
1415 3280 1796 3353 χρηματισμὸν

112 3373 260 3431 εἶναι
308 3376 380 3428 τὰ
427 3374 725 3444 λεγόμενα,
758 3374 972 3443 ποιήσει
1004 3372 1181 3443 ἐαυτῷ
1216 3371 1533 3440 ξενοδοχείον
1566 3371 1659 3423 ἐπὶ
1697 3370 1797 3440 τῆς

109 3466 334 3529 οἰκίας·
374 3463 577 3534 στῆσον
608 3464 726 3515 ἐκεῖ
754 3460 963 3530 κλίνην,
1008 3460 1201 3531 στῆσον
1241 3460 1356 3511 ἐκεῖ
1393 3457 1669 3528 τράπεζαν
1701 3457 1797 3510 καὶ

108 3554 373 3623 λυχνίαν.
418 3550 542 3613 Πῶς
587 3550 695 3621 γάρ
740 3549 839 3602 οὑκ
878 3548 1095 3611 ἄτοπον,
1128 3548 1175 3599 εἰ
1221 3547 1319 3615 μὲν
1357 3545 1679 3616 στρατιῶται
1709 3545 1793 3597 ἔλ-

110 3642 287 3704 θοιεν,
323 3640 478 3708 ἔχειν
507 3637 651 3707 ὑμᾶς
683 3635 1099 3705 ἀποτεταγμένα
1135 3635 1425 3704 οἰκήματα,
1467 3634 1561 3686 καὶ
1595 3633 1795 3704 πολλὴν
1861 3660 1867 3666 -

110 3726 400 3780 ποιεῖσθαι
442 3724 541 3792 τὴν
577 3721 912 3792 ἐπιμέλειαν,
958 3722 1051 3774 καί
1085 3721 1260 3774 πάντα
1293 3721 1554 3791 παρέχειν
1590 3720 1792 3787 αὑτοῖς,

111 3813 311 3882 ἐπειδὴ
340 3811 439 3863 τὸν
463 3811 698 3881 πόλεμον
724 3811 854 3880 ὑμῖν
884 3808 1149 3879 ἀμύνουσι
1181 3812 1368 3862 τοῦτον
1390 3809 1480 3860 τὸν
1506 3807 1758 3877 αἰσθητόν
1776 3821 1790 3835 ⁸

111 3905 245 3965 τοῦς
291 3901 351 3953 δὲ
404 3899 587 3963 ξένους
643 3899 717 3969 μὴ
752 3898 895 3968 ἐχειν
933 3898 1067 3950 ὅπου
1117 3896 1521 3966 καταμείνοιεν;
1556 3895 1794 3965 Νίκησον

112 3994 216 4062 τὴν
272 3988 633 4057 Ἐκκλησίαν.
665 3987 849 4040 Βούλει
878 3986 1133 4056 ἐντρέψαι
1156 3987 1333 4057 ἡμᾶς;
1361 3984 1529 4039 Τοῦτο
1548 3984 1791 4052 ποίησον·

113 4075 445 4149 ὑπρϐαλοῦ
494 4077 559 4144 τῇ
618 4074 930 4145 φιλοτιμίᾳ·
980 4074 1069 4142 ἔχε
1119 4074 1344 4143 οἴκημα,
1394 4070 1519 4124 ἔνθα
1565 4070 1794 4140 Χριστὸς

114 4164 528 4236 παραγίνεται·
580 4162 721 4214 εἰπέ·
772 4161 944 4214 Τοῦτο
990 4159 1051 4212 τὸ
1090 4159 1298 4213 κελλίον
1336 4158 1428 4211 τοῦ
1455 4155 1724 4229 Χριστοῦ·
1758 4158 1791 4227 ἡ

110 4254 267 4306 οἰκία
296 4251 444 4319 αῦτη
476 4248 625 4319 αὑτῷ
652 4248 978 4320 ἀφώρισται.
1005 4247 1125 4300 Κάν
1153 4244 1492 4313 καταγώγιον
1588 4244 1681 4298 καὶ
1708 4244 1796 4296 εὑ-

110 4340 296 4403 τελές,
324 4338 433 4391 οὑκ
461 4334 682 4401 ἀπαξιοῖ
710 4334 917 4405 Γυμνὸς
944 4334 1035 4387 καί⁵
1059 4332 1205 4398 ξένος
1223 4333 1252 4384 0
1276 4331 1508 4403 Χριστὸς
1539 4331 1793 4400 περίεισι,

115 4430 289 4498 μόνον
322 4425 535 4493 σκέπης
558 4423 807 4493 δεόμενος
828 4438 843 4452 ·
882 4420 987 4475 κᾶν
1018 4420 1190 4489 τούτῳ
1227 4420 1434 4489 πάρεχε
1457 4422 1484 4462 b
1504 4436 1517 4450 ·
1554 4417 1626 4489 μὴ
1649 4417 1797 4487 ὠμὸς

113 4514 210 4568 ἔσο
245 4511 392 4583 μηδὲ
422 4508 809 4580 ἀπάνθρωπος,
846 4507 978 4578 μηδὲ
1002 4509 1059 4559 ἐν
1095 4507 1191 4577 μὲν
1216 4508 1327 4569 τοῖς
1358 4505 1629 4575 βιωτικοῖς
1653 4504 1796 4559 οὑτω

113 4600 361 4672 σφοδρὸς
392 4598 505 4662 ἔσο,
532 4600 590 4651 ἐν
616 4597 672 4651 δὲ
696 4600 808 4660 τοῖς
834 4596 1222 4666 πνευματικοῖς
1240 4595 1465 4665 ψυχρός.
1498 4594 1673 4647 Ἔστω
1701 4593 1794 4646 καὶ

113 4692 230 4745 τῶν
272 4686 509 4741 οἰκετῶν
562 4687 592 4738 0
625 4683 941 4753 πιστότερος
981 4682 1135 4735 τοῦτο
1169 4679 1663 4750 ἐγκεχειρισμένος,
1702 4681 1795 4733 καὶ

112 4778 249 4839 106;
271 4774 615 4844 ἀναπήρους,
641 4771 768 4833 τοὺς
790 4769 1057 4839 πτωχοὺς,
1079 4767 1203 4830 τοὺς
1225 4766 1484 4834 ἀστέγους
1506 4766 1791 4835 εἰσαγέτω.

113 4865 312 4920 Ταῦτα
337 4862 489 4930 λέγω
512 4859 648 4929 πρὸς
674 4858 959 4929 ἐντροπήν.
993 4856 1139 4909 Ἔδει
1172 4855 1272 4924 μὲν
1300 4854 1408 4924 γὰρ
1431 4854 1543 4907 ἀνω
1572 4855 1665 4907 ἐπὶ
1692 4852 1792 4922 τῆς

112 4956 300 5017 οἰκίας
324 4951 525 5014 αὐτοὺς
546 4946 821 5019 δέχεσθαι·
849 4948 897 4998 εί
926 4946 981 4999 δὲ
1023 4945 1098 5015 μὴ
1132 4944 1329 5015 βούλει,
1360 4945 1464 4997 κᾶν
1487 4944 1656 5009 κάτω,
1687 4944 1791 4997 κᾶν

115 5043 249 5096 ἔνθα
271 5040 332 5094 αἰ
363 5037 603 5110 ἡμίονοι,
634 5034 735 5087 κᾶν
758 5033 887 5086 ἔνθα
914 5033 960 5085 οἰ
986 5031 1213 5091 οἰκέται,
1245 5031 1389 5095 δέξαι
1419 5030 1510 5082 τὸν
1539 5030 1788 5100 Χριστόν.

113 5132 276 5201 Τάχα
320 5126 580 5198 φρίττετε
630 5123 936 5183 ἀκούοντες.
994 5120 1060 5172 Τί
1110 5114 1223 5183 οὖν,
1261 5120 1387 5171 ὅταν
1436 5116 1569 5186 μηδὲ
1617 5115 1791 5169 ταῦτα

116 5216 351 5286 ποιῆτες
410 5212 546 5266 Ἰδοὺ
577 5208 848 5280 παραινῶ,
890 5207 998 5260 ἰδοῦ
1044 5206 1218 5273 λέγω·
1250 5206 1429 5257 Ἔστω
1472 5204 1600 5272 ὑμῖν
1634 5202 1791 5255 τοῦτο

119 5303 614 5375 περισπούδαστον.
687 5298 827 5353 Ἀλλ’
879 5298 938 5350 οὑ
1003 5294 1256 5367 βούλεσθε
1321 5292 1525 5357 οῦτως;
1583 5292 1790 5346 Οὐκοῦν

182 5443 210 5468 ⁸
231 5440 459 5499 Quidam,
494 5436 649 5509 χαρὰν
667 5434 905 5509 ἀλςγεῖται
926 5434 1299 5509 καῖ’ἀπέρχεται,
1323 5431 1402 5478 καὶ
1427 5428 1582 5503 χεῖρον
1603 5430 1780 5491 γέγονε.

121 5499 151 5541 δ
180 5496 313 5552 [Idus
336 5496 473 5561 con,
495 5496 680 5557 σκὲτιης
727 5498 873 5546 δεῖται
906 5496 1058 5551 αὑτός·
1085 5496 1172 5543 κάν
1187 5496 1333 5543 τοῦτο
1379 5496 1570 5555 πάρεχε.

1285 370 1353 425 ΙΝ
1392 371 1569 425 ACTA
1608 369 2146 428 APOSTOLORUM.
2174 372 2409 430 HOMIL.
2449 373 2609 431 XLV.

3449 379 3555 436 520

1907 488 2107 559 ἑτέρως
2148 490 2428 559 ποιήσατε.
2480 490 2602 544 Εἰσὶ
2648 490 2829 545 πολλοί
2880 491 3108 564 πένητες
3154 494 3248 548 καὶ
3274 504 3555 566 πενιχραι·

1905 574 2201 645 ἀφορίσατε
2244 577 2310 630 δι’
2356 577 2477 631 ὅλου
2513 578 2692 647 μένειν
2733 580 2850 631 ἐκεῖ
2885 597 3021 633 τινα·
3081 581 3220 634 ἔστω
3251 582 3351 636 κᾶν
3387 581 3560 652 φύλαξ

1906 662 2003 730 τῆς
2033 662 2207 726 οἰκίας
2231 664 2259 715 0
2288 662 2456 733 πένης
2475 680 2487 693 ·
2529 664 2668 718 ἔστω
2699 682 2780 718 σοι
2817 666 3012 736 τειχίον
3048 669 3142 721 καὶ
3178 669 3556 740 περίφραγμα,

1905 747 2068 810 ἀσπὶς
2089 747 2180 800 καὶ
2205 748 2353 819 δόρυ.
2388 749 2556 802 Ἔνθα
2583 750 2936 823 ἐλεημοσύνη,
2964 754 3022 806 οὑ
3048 754 3220 825 τολμᾷ
3244 755 3558 825 προσελθεῖν

1904 835 1931 886 0
1963 836 2222 900 διάϐολος,
2256 836 2377 890 ούδέ
2404 836 2531 892 ἄλλο
2565 856 2615 891 τι
2645 838 2748 891 τῶν
2783 841 2980 895 δεινῶν.
3014 842 3103 913 Μὴ
3137 844 3199 914 δὴ
3230 846 3556 914 περιίδωμεν

1904 924 2151 977 τοσοῦτον
2183 925 2389 995 κέρδος.
2434 926 2547 979 Νῦν
2576 926 2632 979 δὲ
2670 929 2941 997 ὀχήματος
2974 930 3071 998 μὲν
3098 931 3260 995 τόπος
3284 933 3429 985 ἐστὶν
3453 936 3556 1001 ἀφ-

1903 1010 2220 1081 ωρισμένος,
2248 1012 2343 1063 καὶ
2375 1011 2705 1083 βαστερνίοις
2738 1015 2950 1084 ἕτερος·
2990 1016 3066 1086 τῷ
3097 1017 3153 1069 δὲ
3180 1020 3395 1089 Χριστῷ
3425 1020 3557 1075 711a:-

1906 1099 2127 1168 νωμένῳ
2168 1100 2285 1152 οὑδέ
2319 1095 2418 1163 εἷς.
2476 1102 2534 1153 Ὀ
2580 1101 2841 1173 ·Ἀ6ραάμ
2873 1103 3001 1157 ἔνθα
3050 1105 3210 1168 αὑτὸς
3237 1107 3391 1176 ἔμενε
3431 1109 3555 1172 τοὺς

1906 1185 2089 1249 ξένους
2115 1186 2404 1257 ὑπεδέχετο
2423 1205 2436 1219 ·
2465 1188 2561 1241 καὶ
2584 1189 2615 1258 ἠ
2642 1189 2739 1258 μὲν
2764 1189 2901 1260 γυνὴ
2921 1192 2978 1243 ἐν
3003 1191 3149 1255 τάξει
3181 1193 3557 1262 θεραπαινίδος

1902 1273 2165 1344 εἱστήκει,
2214 1275 2412 1329 ἐκεῖνοι
2456 1275 2513 1328 δὲ
2560 1276 2618 1328 ἐν
2652 1276 2801 1340 τάξει
2825 1277 3117 1333 δεσποτῶν.
3169 1279 3281 1333 υὺκ
3305 1280 3437 1351 ᾔδει,
3473 1282 3556 1335 ὅτι

1901 1361 1992 1414 τὸν
2020 1362 2251 1432 Χριστὸν
2285 1362 2497 1433 ἐδέχετο
2518 1379 2532 1394 ·
2567 1362 2667 1417 οὑκ
2698 1364 2833 1435 ᾔδει,
2865 1365 2946 1417 ὅτι
2976 1366 3236 1435 ἀγγέλους
3256 1384 3271 1398 ·
3309 1368 3384 1432 ώς
3418 1370 3557 1437 εἴγε

1902 1449 2036 1519 ᾔδει,
2061 1450 2235 1503 πάντα
2258 1449 2323 1503 ἂν
2348 1450 2634 1505 ἐκένωσεν.
2663 1452 2850 1521 Ἡμεῖς
2870 1451 3094 1523 δὲίδδι]
3118 1454 3315 1516 καίπερ
3334 1455 3554 1520 εἰδότες,

1900 1537 1982 1590 ὅτι
2018 1536 2109 1589 τὸν
2138 1538 2372 1609 Χριστὸν
2394 1539 2678 1609 δεχόμεθα,
2703 1539 2824 1593 οὑδὲ
2845 1540 3111 1611 τοσαύτην
3136 1541 3557 1612 ἐπιδεικνύμεθα

1901 1624 2000 1695 τὴν
2032 1625 2286 1695 σπουδὴν,
2328 1628 2459 1696 ὅσην
2483 1629 2688 1691 ἐκεῖνος
2719 1627 2748 1680 0
2785 1627 3019 1698 νομίζων
3056 1627 3375 1698 ἀνθρώπους
3409 1630 3557 1701 δέχε-

1903 1713 2045 1767 σθαι.
2099 1713 2237 1765 Ἀλλ’
2270 1714 2514 1769 ἐπιθέται
2548 1715 2674 1777 εἰσί,
2710 1715 2863 1785 φησὶ,
2894 1715 3078 1769 πολλοί
3102 1717 3196 1769 καὶ
3219 1716 3553 1787 ἀγνώμονες.

1900 1800 2010 1851 Καὶ
2048 1801 2234 1853 τούτου
2264 1818 2343 1854 σοι
2380 1802 2579 1871 μείζων
2610 1804 2637 1855 0
2661 1800 2867 1872 μισθὸς,
2902 1802 3029 1856 ὅταν
3062 1802 3147 1857 διά
3178 1804 3237 1856 τὸ
3264 1804 3433 1875 ὄνομα
3460 1804 3555 1859 τοῦ

1899 1886 2133 1957 Χριστοῦ
2164 1888 2312 1959 δέχῃ.
2361 1890 2424 1941 Εἰ
2467 1890 2565 1959 μὲν
2610 1890 2718 1961 γὰρ
2766 1887 2912 1949 οἶδας
2957 1890 3115 1953 ὂντας
3160 1891 3434 1955 ἐπιθέτας,
3478 1893 3554 1966 μὴ

1897 1973 2050 2044 δέχου
2089 1976 2168 2037 εἰς
2197 1975 2293 2046 τὴν
2326 1975 2532 2028 οἰκίαν·
2561 1976 2608 2028 εἰ
2634 1976 2690 2028 δὲ
2719 1977 2819 2029 οὐκ
2842 1972 3007 2042 οἶδας,
3030 1978 3081 2030 τί
3105 1979 3290 2042 ἀπλῶς
3319 1997 3557 2051 κατηγο-

1901 2064 2049 2129 ρείς;
2091 2061 2189 2114 Διά
2219 2060 2375 2113 τοῦτο
2412 2061 2555 2129 λέγω
2589 2063 2669 2125 είς
2698 2062 2759 2116 τὸ
2783 2064 3101 2134 ξενοδοχεῖον
3132 2066 3371 2121 ἀπιέναι.
3418 2067 3555 2123 Ποία

1897 2145 1954 2198 δέ
1984 2147 2269 2213 ἀπολογία,
2314 2147 2442 2201 ὅταν
2476 2148 2608 2219 μηδὲ
2638 2148 2730 2213 οὓς
2761 2150 2936 2221 ἴσμεν,
2974 2153 3107 2223 μηδὲ
3137 2154 3357 2218 τούτους
3389 2154 3553 2224 δεχώ-

1901 2234 2062 2304 μεθα,
2095 2234 2207 2288 ἀλλ’
2237 2236 2616 2306 ἀποκλείωμεν
2644 2239 2776 2290 πᾶσι
2802 2240 2897 2301 τὰς
2927 2238 3128 2310 θύρας;
3168 2242 3346 2294 Ἔστω
3370 2242 3430 2294 τὸ
3456 2241 3551 2296 τοῦ

1898 2322 2134 2392 Χριστοῦ
2175 2324 2487 2393 πανδοχεῖον
2514 2324 2671 2395 ἡμῶν
2708 2326 2741 2395 ὴ
2778 2325 2952 2378 οἰκία·
2995 2327 3312 2397 ἀπαιτῶμεν
3357 2329 3552 2393 αὑτοὺς

1894 2408 1987 2462 τὸν
2020 2409 2228 2479 μισθὸν,
2263 2409 2338 2481 μὴ
2376 2409 2656 2482 ἀργύριον,
2685 2411 2821 2465 ἀλλά
2849 2411 2908 2465 τὸ
2940 2413 3161 2482 ποιῆσαι
3188 2415 3318 2482 ἡμῖν
3346 2414 3553 2483 δοχεῖον

1896 2496 1990 2551 τοῦ
2024 2497 2261 2569 Χριστοῦ
2304 2498 2405 2569 τὴν
2453 2498 2662 2551 οίκίαν·
2693 2500 3100 2571 περιτρέχωμεν
3139 2502 3435 2571 πανταχοῦ,
3468 2503 3552 2555 ἐλ-

1897 2600 2103 2653 κωμεν,
2134 2582 2468 2655 ἀρπάζωμεν
2496 2584 2596 2654 τὴν
2636 2584 2807 2655 θήραν
2828 2602 2840 2615 ·
2870 2585 3090 2656 μείζονα
3116 2587 3566 2659 εὐεργετούμεί)α⁸

1896 2669 1930 2739 ἢ
1978 2670 2387 2740 εὑεργετοῦμεν.
2425 2671 2498 2723 O6
2534 2670 2741 2724 κελεύω
2773 2672 3078 2725 καταθῦσαι
3116 2675 3345 2744 μόσχον·
3389 2676 3552 2746 ἄρτον

1896 2756 1982 2821 δὸς
2022 2757 2293 2821 πεινῶντι,
2326 2758 2536 2827 ἱμάτιον
2568 2758 2778 2828 γυμνῷ,
2816 2759 3023 2829 σκέπην
3057 2759 3134 2831 τῷ
3168 2759 3320 2830 ξένῳ.
3358 2763 3476 2815 Ἵνα
3494 2762 3550 2815 δέ

1900 2847 1975 2918 μὴ
2022 2846 2195 2900 ταῦτα
2250 2848 2600 2920 προφασίζῃ,
2652 2848 2837 2900 Ἔστιν
2881 2850 3084 2919 οἴκημα
3132 2850 3308 2903 κοινὸν
3347 2849 3408 2903 τὸ
3453 2850 3553 2921 τῆς

1909 2935 2234 3004 Ἐκκλησίας
2254 2952 2268 2966 ·
2310 2936 2427 2988 ἐκεῖ
2458 2935 2752 2998 κατάϐαλε,
2787 2935 2882 2990 καὶ
2914 2938 2977 2989 06
3008 2936 3277 3001 ὑπεδέξω·
3306 2938 3427 2991 ἐπεὶ
3459 2939 3553 2993 καὶ

1894 3023 2002 3075 τῶν
2032 3023 2117 3076 διὰ
2149 3022 2256 3077 τῶν
2278 3024 2507 3076 οίκετῶν
2534 3025 2831 3093 γινομένων
2858 3026 3058 3088 ἐκεῖνος
3082 3020 3193 3094 εἶχε
3216 3025 3307 3077 τὸν
3341 3025 3550 3095 μισθόν.

1896 3109 2080 3173 Οὕτως
2104 3107 2243 3181 ἦσαν
2266 3110 2687 3179 πεπαιδευμένοι
2704 3112 2798 3165 καὶ
2818 3112 2868 3164 οἰ
2895 3112 3083 3175 παῖδες
3110 3111 3271 3165 αὑτοῦ
3294 3129 3307 3143 ·
3333 3112 3552 3184 ἔτρεχον

1894 3197 1988 3250 καὶ
2014 3198 2111 3249 οὑκ
2144 3198 2435 3267 ἐγόγγυζον
2464 3198 2712 3269 καθάπερ
2742 3199 2789 3251 οἰ
2827 3197 3085 3267 ἡμέτεροι
3117 3215 3130 3228 ·
3163 3199 3412 3263 εὐλαϐεῖς
3442 3201 3553 3272 γάρ

1894 3286 2089 3348 αὑτοὺς
2110 3282 2176 3357 ἦν
2204 3286 2540 3356 πεποιηκώς.
2567 3286 2661 3350 Εἰς
2689 3285 2923 3357 πόλεμον
2949 3281 3121 3355 εἷλκε,
3154 3290 3248 3341 καί⁵
3274 3291 3374 3342 οὑκ
3400 3290 3555 3359 ἐγόγ-

1894 3372 2087 3441 γυζον·
2135 3374 2311 3436 οὑτως
2364 3369 2503 3445 ἦσαν
2554 3374 2853 3445 φιλόσοφοι.
2909 3376 3134 3429 Πάντων
3184 3377 3293 3448 γὰρ
3353 3379 3555 3448 ὁμοίως

1895 3460 2208 3530 ἐπεμελεῖτο
2225 3460 2411 3531 ῶσπερ
2434 3461 2628 3514 ἐαυτοῦ
2645 3477 2657 3490 ·
2696 3462 2976 3532 μονονουχὶ
2999 3462 3108 3530 γὰρ
3134 3463 3277 3516 κατά
3306 3463 3397 3517 τὸν
3431 3465 3554 3517 Ἰὼϐ

1894 3545 2099 3612 ἔλεγεν,
2132 3546 2213 3599 ὃτι
2251 3546 2493 3615 Ὁμοίως
2520 3546 2908 3616 ἑπλὰσθημεν
2936 3549 3005 3601 ἐν
3033 3547 3104 3616 τῇ
3130 3547 3283 3616 αὐτῇ
3316 3551 3549 3619 γαστρί.

1965 3633 2153 3686 Τοίνυν
2190 3634 2283 3686 καί
2309 3636 2471 3704 ἡμεῖς
2494 3636 2867 3706 φροντίζωμεν
2891 3636 3097 3689 ἑαυτῶν
3126 3637 3223 3706 τῆς
3252 3638 3549 3708 σωτηρίας,

1894 3720 1988 3774 καὶ
2016 3722 2213 3792 πολλὴν
2239 3721 2521 3791 ποιώμεθα
2545 3723 2654 3774 τῶν
2676 3723 2901 3777 οἰκετῶν
2926 3723 3020 3793 τὴν
3045 3724 3380 3792 ἐπιμέλειαν,
3406 3726 3553 3791 ὅπως

1893 3808 2102 3861 ἔσονται
2128 3810 2351 3879 χρηστοί
2377 3811 2467 3861 καὶ
2488 3810 2763 3878 ἐπιμελεῖς
2791 3822 2811 3847 ο
2839 3827 2852 3840 ·
2887 3811 2978 3862 καὶ
3003 3811 3141 3863 ἔστω
3168 3812 3259 3863 καὶ
3280 3813 3308 3863 0
3335 3813 3552 3882 οἰκέτης

1894 3897 2049 3966 ἡμῶν
2077 3896 2508 3965 πεπαιδευμένος
2550 3898 2616 3948 τά
2645 3896 2738 3948 τοῦ
2773 3896 2926 3948 Θεοῦ.
2974 3898 3086 3950 Ούκ
3123 3897 3273 3950 ἔσται
3297 3899 3552 3962 δύσκολος

1892 3985 2023 4051 ἡμῖν
2060 3983 2093 4051 ἡ
2136 3981 2301 4052 ἀρετὴ
2342 3981 2545 4043 λοιπὸν,
2574 3982 2669 4036 ἐὰν
2714 3982 2952 4045 ἐκείνους
2984 3983 3359 4054 ῥυθμίσωμεν.
3396 3984 3549 4038 Καο-

1894 4071 2036 4139 άπερ
2057 4070 2115 4121 ἐν
2146 4068 2365 4139 πολέμῳ
2400 4069 2747 4139 στρατιωτῶν
2773 4068 2942 4122 ὄντων
2966 4070 3266 4134 εὑτάκτων,
3296 4072 3323 4123 0
3354 4087 3551 4141 στρατ-

1894 4155 2023 4227 ηγὸς
2054 4156 2250 4227 ῥᾳδίως
2299 4156 2543 4226 πολεμεῖ,
2586 4155 2892 4210 τούναντίον
2938 4156 2998 4210 δέ
3038 4157 3269 4226 γίνεται,
3303 4158 3433 4211 ὅταν
3474 4158 3549 4230 μὴ

1898 4242 2055 4297 τοῦτο
2133 4259 2147 4273 ·
2184 4244 2279 4296 καὶ
2309 4243 2520 4297 ναυτῶν
2544 4244 2602 4298 δὲ
2639 4243 3024 4315 ὁμονοούντων,
3047 4245 3075 4296 0
3100 4245 3436 4318 κυϐερνήτης
3457 4247 3547 4299 εὑ-

1898 4330 2067 4394 κόλως
2096 4332 2220 4394 τοὺς
2252 4330 2442 4393 οἴακας
2491 4331 2949 4403 μεταχειρίζεται·
2984 4330 3127 4385 οὑτω
3155 4334 3248 4386 καὶ
3286 4333 3544 4400 ἐνταῦθα,

1895 4417 1990 4471 ἐάν
2018 4416 2190 4480 οὕτως
2214 4411 2315 4471 ὦσι
2347 4418 2765 4489 πεπαιδευμένοι
2811 4420 2860 4472 οἰ
2890 4420 3119 4483 οἰκέται,
3169 4422 3229 4473 οὑ
3277 4420 3549 4492 παροξυν-

1896 4504 2035 4577 θήσῃ
2084 4505 2298 4576 ῥᾳδίως,
2350 4506 2450 4559 οὐκ
2508 4506 2851 4574 ἐγκαλέσεις,
2927 4509 3026 4561 οὑκ
3090 4507 3413 4581 όργισθήσῃ,
3485 4512 3546 4565 οὑ

1894 4592 2243 4664 λοιδορήσεις.
2288 4594 2475 4646 Ἔστιν
2510 4594 2645 4647 ὅπου
2677 4595 2772 4648 καὶ
2801 4596 3112 4667 ἐντραπήσῃ
3144 4596 3269 4659 τοὺς
3307 4598 3545 4663 οἰκέτας,

1893 4681 1988 4734 ἐάν
2011 4673 2112 4733 ὦσι
2134 4680 2451 4750 θαυμαστοὶ,
2482 4681 2576 4735 καὶ
2606 4681 3079 4751 συναντιλήψονταί
3106 4699 3208 4745 σοι,
3236 4682 3328 4734 καὶ
3354 4700 3546 4752 παραι-

1892 4768 2104 4822 νέσουσι
2130 4767 2199 4819 τὰ
2225 4768 2455 4837 χρηστά.
2490 4768 2623 4821 Ἀπὸ
2641 4769 2697 4820 δὲ
2719 4769 2923 4823 τούτων
2950 4770 3163 4822 πάντων
3196 4769 3371 4821 πάντα
3392 4769 3543 4823 ἔσται

1892 4856 1960 4909 τά
1986 4855 2065 4926 τῷ
2096 4855 2214 4925 Θεῷ
2252 4856 2531 4922 δοκοῦντα,
2570 4857 2660 4909 καὶ
2698 4856 2841 4909 οὕτω
2878 4858 3027 4910 πᾶσα
3061 4857 3093 4925 ἡ
3130 4856 3276 4909 οἰκία
3299 4856 3543 4923 εὐλογίας

1892 4942 2328 5014 πληρωθήσεται,
2366 4946 2459 4997 καὶ
2494 4944 2564 4996 τὰ
2612 4943 2691 5013 τῷ
2720 4943 2839 5013 Θεῷ
2878 4942 3177 5016 ἀρέσκοντα
3218 4942 3544 5013 διαπραττό-

1894 5047 2065 5101 μενοι,
2099 5030 2299 5101 πολλῆς
2336 5031 2716 5100 ἀπολαύσομεν
2744 5032 2845 5101 τῆς
2883 5029 3087 5084 ἀνωθεν
3116 5029 3453 5099 συμμαχίας,
3476 5025 3544 5103 ἧς

1890 5118 2097 5186 γένοιτο
2154 5119 2360 5181 πάντας
2411 5120 2557 5189 ἡμᾶς
2602 5119 2905 5187 ἐπιτυχεῖν,
2966 5117 3150 5188 χάριτι
3206 5118 3301 5170 καί
3357 5117 3545 5187 φιλαν-

1891 5204 2105 5275 θρωπίᾳ
2136 5204 2226 5257 τοῦ
2259 5204 2462 5275 Κυρίου
2495 5204 2650 5274 ἡμῶν
2690 5202 2864 5274 Ἰησοῦ
2908 5202 3168 5274 Χριστοῦ,
3216 5203 3333 5275 μεθ’
3375 5198 3434 5258 οὗ
3464 5204 3543 5276 τῷ

1890 5291 2066 5362 Πατρί
2094 5290 2210 5360 ἅμα
2239 5289 2316 5361 τῷ
2349 5290 2490 5361 ἁγίῳ
2525 5289 2795 5360 Πνεύματι
2836 5290 2982 5356 δόξα,
3013 5290 3232 5360 κράτος,
3263 5290 3414 5364 τιμὴ,
3446 5290 3540 5347 νῦν

1889 5380 1980 5433 καὶ
2008 5381 2115 5444 ἀεὶ,
2148 5381 2242 5434 καὶ
2266 5382 2344 5443 εἰς
2366 5382 2490 5445 τοὺς
2522 5380 2722 5444 αἰῶνας
2751 5381 2859 5434 τῶν
2882 5382 3111 5437 αἰώνων.
3148 5382 3341 5454 Ἀμην.

1953 5488 1974 5516 ε
2009 5486 2102 5534 Καὶ
2125 5484 2357 5547 ἐπιμελεῖς
2377 5484 2521 5536 deest
2546 5488 2597 5536 in
2629 5484 2935 5548 quibusdam.
