4098 6354
673 280 771 339 σει

1483 286 1541 348 8.
1576 290 1860 349 ιοΑΝΝιε
1892 292 2378 354 CHRYSOSTOMI
2413 297 2731 359 ARCHiEP.
2768 303 3307 364 CONSTANTINUP.

3881 330 3953 386 522

782 446 3885 497 W

2093 552 2245 626 [διε]
2279 556 2521 610 omum
2548 560 2698 628 Μετ’.

674 639 755 711 Τῇ
774 641 842 695 δέ
862 642 1114 710 ἐπιούσῃ
1131 642 1317 712 ἡμέρᾳ
1336 643 1524 712 εἰσῄει
1545 646 1578 698 ό
1593 644 1833 711 Παῦλος
1855 644 1978 699 σὺν
2002 646 2146 715 ἡμῖν
2174 646 2324 715 πρὸς

753 712 1045 769 Ἰάκωϐον.
1078 712 1298 769 πάντες
1325 731 1387 766 τε
1415 716 1813 769 παρεγένοντο
1840 718 1894 769 οἱ
1913 717 2320 769 πρεσϐύτεροι.

757 730 1045 774 Ἰάκωϐον,
1078 730 1298 779 παντες
1324 731 1387 781 τε
1415 730 1813 784 παρεγένοντο
1840 730 1893 769 οι
1913 730 2320 840 πρεσηυτῗοι.

739 782 849 836 Καὶ
880 782 1311 853 ἀσπασάμενος
1336 786 1579 850 αὐτοὺς,
1622 784 1889 853 ἐξηγεῖτο
1923 786 2051 840 καθ’
2085 786 2154 839 ἓν
2222 803 2323 840 καρ

735 867 886 927 στὸν
916 847 1003 927 ὧν
1040 847 1331 927 ἐποίησεν
1362 856 1395 908 ό
1427 847 1570 922 Θεὸς
1603 847 1678 908 ἐν
1704 847 1829 921 τοῖς
1852 855 2054 911 ἔθνεσι
2076 857 2175 911 διὰ
2210 856 2322 927 τῆς

735 921 1041 985 διακονίας
1065 923 1272 977 αὐτοῦ.

735 1034 802 1081 α’.
833 1020 1000 1101 Οὗτος
1028 1030 1057 1081 δ
1083 1028 1311 1101 ἀδελφὸς
1336 1025 1404 1100 ἦν
1432 1028 1523 1083 τοῦ
1552 1030 1757 1101 Κυρίου
1778 1030 1871 1085 καὶ
1901 1031 2195 1096 ἐπίσκοπος
2211 1031 2319 1087 τῶν

674 1095 1121 1168 Ἱεροσολύμωνα,
1158 1095 1296 1173 ἀνὴρ
1329 1095 1501 1171 μέγας
1536 1095 1988 1172 καὶθαυμαστός.
2028 1095 2320 1174 Πρὸςτοῦ-

661 1200 753 1237 τον
783 1185 1086 1256 εἰσέρχεται
1118 1187 1344 1250 Παῦλος,
1377 1187 1565 1260 ὥσπερ
1593 1187 1685 1241 καὶ⁵
1712 1189 1816 1261 πρὸ
1841 1189 2029 1243 τούτου
2063 1192 2157 1245 καὶ
2183 1192 2319 1261 πρὸς

660 1273 825 1324 αὐτὸν
878 1275 1188 1344 πέμπεται·
1246 1276 1340 1328 καὶ
1394 1278 1540 1339 ὅπως
1586 1277 1772 1332 ἄκουε.
1834 1278 1917 1347 Τῇ
1944 1279 2012 1333 δὲ
2057 1280 2314 1350 ἐπιούσῃ

661 1360 868 1429 ἡμέρᾳ,
893 1364 1074 1430 φησὶν,
1101 1365 1289 1432 εἰσῄει
1316 1368 1348 1419 ό
1368 1366 1608 1432 Παῦλος
1628 1367 1753 1421 σὺν
1767 1368 1910 1437 ἡμῖν
1932 1370 2080 1437 πρὸς
2111 1369 2313 1425 Ἰάκω-

659 1449 786 1502 ϐον.
823 1450 961 1519 Ὅρα
984 1450 1044 1503 τὸ
1074 1452 1291 1519 ἄτυφον.
1320 1451 1548 1518 Πάντες
1576 1470 1640 1506 τε
1670 1453 2071 1524 παρεγένοντο
2093 1461 2147 1511 ol
2172 1472 2312 1527 πρε-

657 1537 949 1603 σϐύτεροι·
972 1538 1069 1591 καὶ
1091 1538 1520 1608 ἀσπασάμενος
1541 1542 1782 1607 αὐτοὺς,
1813 1542 2079 1613 ἐξηγεῖτο
2099 1546 2227 1599 καθ’
2243 1546 2314 1601 ἐν

656 1620 916 1677 ἕκαστον
944 1618 1031 1677 ὧν
1060 1625 1347 1692 ἐποίησεν
1374 1629 1407 1681 ό
1436 1628 1581 1694 Θεὸς
1607 1628 1676 1681 ἐν
1701 1630 1827 1695 τοῖς
1861 1630 2063 1686 ἔθνεσι
2087 1632 2306 1700 διὶιτῆς

657 1708 962 1777 διακονίας
987 1712 1191 1766 αὑτοῦ.
1222 1713 1389 1767 Πάλιν
1411 1714 1593 1780 αὐτοῖς
1616 1715 1684 1769 τὰ
1703 1717 1807 1769 τῶν
1829 1718 1997 1772 ἐθνῶν
2021 1719 2307 1790 διηγεῖται,

653 1797 714 1849 οὐ
736 1798 1042 1865 κενοδοξῶν,
1071 1800 1143 1870 μὴ
1178 1801 1403 1868 γένοιτο,
1431 1801 1565 1857 ἀλλὰ
1588 1804 1681 1856 τοῦ
1714 1803 1847 1858 Θεοῦ
1878 1805 2044 1859 θέλων
2061 1806 2159 1877 τὴν
2190 1807 2308 1875 φιλ-

653 1884 969 1956 ανθρωπίαν
1022 1888 1382 1956 ἐνδείξασθαι,
1423 1891 1517 1943 καὶ
1554 1892 1751 1963 πολλῆς
1790 1894 1985 1957 αὐτοὺς
2030 1895 2306 1966 ἐμπλῆσαι

650 1976 845 2044 χαρᾶς.
892 1975 1032 2047 Ὅρα
1077 1975 1207 2044 γοῦν
1255 1978 1371 2041 πῶς
1412 1978 1738 2043 ἀκούσαντες
1784 1981 1878 2034 καὶ
1916 1982 2162 2048 ἐδόξαζον
2213 1986 2304 2042 τὸν

652 2061 805 2117 Θέόν.
850 2062 962 2116 Οὐκ
1003 2065 1209 2119 ἐκεῖνον
1233 2064 1469 2135 ἐπῄρουν
1506 2066 1625 2120 οὐδὲ
1648 2066 1990 2137 ἐθαύμαζον·
2025 2070 2161 2124 ἀλλὰ
2193 2072 2305 2127 Τὸν

653 2146 803 2201 Θεὸν
829 2148 1139 2212 ἐδόξαζον·
1186 2149 1328 2204 οὕτω
1357 2150 1464 2220 γὰρ
1492 2151 1785 2222 διηγήσατο
1814 2154 1891 2218 ὼς
1921 2155 2302 2227 ἀνατιθέμενος

647 2236 813 2306 αὐτῷ.
847 2240 909 2290 Οί
939 2237 1007 2290 δέ
1046 2238 1420 2304 ἀκούσαντες
1444 2237 1724 2303 ἐδόξαζον
1757 2242 1865 2295 τὸν
1898 2243 2065 2307 Θεὸν,
2100 2246 2300 2298 εἰπόν-

645 2339 745 2389 τες
788 2324 979 2391 αὐτῷ·
1026 2325 1284 2395 Θεωρεῖς,
1326 2326 1569 2395 ἀδελφὲ,
1615 2329 1799 2382 πόσαι
1824 2330 2107 2399 μυριάδες
2142 2333 2301 2386 εἰσίν

657 2410 961 2466 Ἰουδαίων
999 2412 1119 2467 τῶν
1152 2414 1667 2468 πεπιστευκότων·
1698 2417 1790 2469 καὶ
1816 2417 2014 2481 πάντες
2051 2416 2297 2487 ζηλωταὶ

643 2499 749 2553 τοῦ
785 2501 972 2568 νόμου
1019 2500 1379 2569 ὑπάρχουσι.
1426 2501 1869 2569 Κατηχήθησαν
1890 2504 1958 2557 δέ
1995 2506 2126 2574 περὶ
2158 2507 2295 2571 σοῦ,

643 2589 732 2643 ὅτι
764 2590 1145 2643 ἀποστασίαν
1177 2589 1483 2656 διδάσκεις
1524 2590 1642 2644 ἀπὸ
1668 2593 1962 2660 Μωῢσέως
1982 2595 2124 2662 τοὺς
2146 2598 2297 2652 κατὰ

640 2678 713 2731 τὰ
744 2677 887 2744 ἐθνη
924 2676 1151 2743 πάντας
1199 2679 1549 2744 Ἰουδαίους,
1578 2679 1770 2748 λέγων
1797 2681 1884 2751 μὴ
1926 2682 2297 2753 περιτέμνειν

639 2762 861 2829 αὐτοὺς
889 2764 960 2817 τὰ
996 2763 1194 2830 τέκνα,
1219 2765 1374 2834 μηδέ
1412 2766 1537 2832 τοῖς
1558 2767 1723 2819 ἐθεσι
1760 2770 2122 2837 περιπατεῖν.
2152 2771 2295 2842 Ὅρα

638 2851 735 2904 καὶ
761 2852 912 2905 αὐτοὶ
939 2852 1055 2921 μεθ’
1080 2854 1210 2924 ὅσης
1237 2853 1537 2924 ὑποστολῆς
1555 2854 1583 2895 ι)
1614 2872 1793 2924 φασιν.
1833 2857 1946 2928 Οὐχ
1974 2859 2046 2922 ὼς
2074 2860 2294 2914 ἐπίσκο-

637 2954 739 3001 πος
765 2938 1095 3002 αὑθεντικῶς
1117 2939 1441 3008 διαλέγεται,
1475 2941 1590 2995 ἀλλ’
1613 2943 1776 2997 αὑτὸν
1806 2945 2292 3017 παραλαμϐάνουσι

636 3026 889 3079 κοινωνὸν
929 3027 1027 3096 τῆς
1064 3027 1327 3098 γνώμης·
1382 3027 1569 3101 ὥσπερ
1618 3029 1684 3083 ἂν
1716 3032 1765 3084 εί
1809 3032 2011 3097 εὐθέως
2051 3034 2142 3088 καὶ
2184 3036 2292 3090 ἀπὸ

635 3112 933 3183 προοιμίων
976 3113 1426 3185 ἀπολογούμενοι,
1457 3115 1539 3168 ὄτι
1583 3116 1695 3170 Οὐκ
1741 3116 2093 3189 ἐϐουλόμεθα.
2125 3121 2287 3194 Ὁρᾷς

632 3199 728 3253 τοῦ
772 3202 1092 3271 πράγματος
1140 3200 1239 3272 τὴν
1290 3202 1556 3274 ἀνάγκην,
1603 3205 1847 3273 Θεωρεῖς
1887 3208 2091 3271 πόσαι,
2134 3211 2287 3281 φησι,

627 3287 914 3355 μυριάδες
956 3288 1115 3341 εἰσιν
1151 3289 1454 3344 Ἰουδαίων
1485 3289 1603 3344 τῶν
1629 3297 2115 3350 πεπιστευκότων
2127 3313 2147 3361 ;
2182 3299 2290 3352 Καὶ

631 3376 729 3428 οὐκ
765 3369 937 3437 εἶπον,
992 3376 1166 3439 Πόσας
1218 3378 1479 3449 μυριάδας
1523 3383 1934 3452 κατηχήσαμεν,
1984 3384 2097 3437 ἀλλ’
2129 3386 2285 3440 Είσί.

631 3462 740 3515 Καὶ
779 3459 942 3518 οὗτοι
976 3465 1129 3533 φησὶ,
1169 3465 1392 3531 πάντες
1428 3465 1679 3534 ζηλωταὶ
1724 3468 1833 3522 τοῦ
1879 3472 2067 3540 νόμου
2095 3472 2287 3541 ὑπάρ-

633 3563 828 3617 χουσι.
858 3547 962 3601 Δύο
1001 3550 1191 3615 αἰτίαι,
1238 3551 1413 3605 καὶτὸ
1454 3552 1675 3625 πλῆθος,
1718 3554 1815 3607 καὶ
1841 3556 1874 3626 ἡ
1896 3557 2112 3629 γνώμη.
2149 3558 2285 3613 Οὔτε

630 3635 741 3705 γὰρ
766 3637 813 3688 εί
848 3636 1017 3704 ὀλίγοι
1058 3634 1218 3708 ἦσαν,
1256 3639 1663 3710 καταφρονῆσαι
1688 3641 1879 3714 ἐχρῆν,
1925 3642 2049 3697 οὕτε
2079 3646 2129 3698 εί
2158 3646 2285 3699 πολ-

629 3721 730 3786 λοὶ,
764 3725 859 3778 καὶ
900 3725 973 3795 μὴ
1012 3727 1209 3789 πάντες
1248 3726 1342 3779 τοῦ
1370 3728 1534 3797 νόμου
1561 3729 1887 3800 ἀντείχοντο,
1926 3733 2054 3803 περὶ
2088 3733 2283 3787 πολλοῦ

630 3812 920 3867 ποιεῖσθαι.
966 3810 1097 3866 Εἶτα
1138 3814 1231 3867 καὶ
1275 3814 1431 3885 τρίτη
1471 3815 1648 3869 αίτία·
1694 3817 1803 3872 Καὶ
1844 3820 2011 3874 αὐτοὶ
2055 3821 2285 3890 ’πάντες

628 3900 1082 3969 κατηχήθησαν,
1122 3901 1276 3972 φησὶ,
1312 3901 1445 3969 περὶ
1478 3904 1616 3972 σοῦ,
1657 3903 1747 3960 ὅτι
1785 3905 2169 3963 ἀποστασίαν
2198 3911 2283 3965 δι-

625 3987 877 4055 δάσκεις
909 3989 1025 4043 ἀπὸ
1057 3988 1352 4056 Μωῦσέως
1382 3990 1523 4057 τοὺς
1552 3992 1703 4047 κατὰ
1748 3993 1819 4047 τὰ
1868 3996 2012 4064 ἐθνη
2053 3997 2282 4065 πάντας

639 4074 986 4141 Ἰουδαίους,
1013 4075 1204 4145 λέγων
1224 4077 1311 4147 μὴ
1334 4078 1703 4148 περιτέμνειν
1729 4081 1952 4148 αὐτοὺς
1976 4084 2047 4137 τὰ
2074 4084 2277 4152 τέκνα,

621 4164 777 4232 μηδὲ
808 4165 933 4230 τοῖς
978 4166 1142 4220 ἔθεσι
1183 4168 1547 4235 περιπατεῖν.
1594 4170 1707 4223 υὺκ
1755 4166 1927 4236 εἷπον,
1972 4174 2276 4228 Ἤκουσαν·

624 4252 781 4316 ἀλλὰ,
819 4250 1280 4321 Κατηχήθησαν,
1316 4256 1610 4323 τουτέστιν,
1641 4259 1995 4332 ἐδιδάχθησαν
2031 4263 2123 4315 καὶ
2160 4264 2280 4317 ἐπί-

628 4355 878 4402 στευσαν,
909 4340 997 4393 ὅτι
1044 4340 1423 4396 ἀποστασίαν
1458 4343 1577 4397 ἀπὸ
1606 4346 1902 4414 Μωῦσέως
1950 4348 2274 4418 διδάσκεις,

626 4428 821 4496 λέγων
858 4428 945 4498 μὴ
985 4430 1356 4501 περιτέμνειν
1385 4434 1703 4502 αὐτοὺς¹τὰ
1739 4436 1936 4504 τέκνα,
1962 4441 2117 4511 μηδέ
2153 4444 2278 4513 τοῖς

623 4515 789 4569 ἔθεσι
832 4518 1192 4586 περιπατεῖν.
1243 4519 1413 4574 Τοῦτο
1464 4520 1653 4591 εἰπὼν,
1696 4525 2020 4597 ἐπήγαγεο·
2068 4530 2128 4585 Τί
2163 4527 2279 4588 οὖν

620 4605 791 4670 ἐστι;
837 4606 1079 4673 Πάντως
1105 4606 1201 4661 δεῖ
1240 4606 1473 4677 πλῆθος
1508 4613 1859 4668 συνελθεῖν·
1913 4616 2272 4675 ἀκούσονται

619 4694 750 4763 γὰρ,
786 4692 875 4747 ὅτι
900 4693 1221 4763 ἐλήλυθας.
1262 4696 1440 4751 Τοῦτο
1476 4694 1590 4754 οὖν
1618 4700 1879 4770 ποίησον
1913 4703 1948 4758 ὅ
1972 4721 2073 4760 σοι
2099 4708 2273 4777 λέγο-

613 4799 749 4851 μεν.
790 4782 877 4846 Ὠς
911 4782 1363 4853 συμϐουλεύοντες
1405 4785 1577 4841 ταῦτα
1598 4787 1865 4857 λέγουσιν,
1893 4791 1991 4863 οὐχ
2036 4793 2112 4858 ὼς
2149 4797 2270 4852 ἐπι-

617 4873 921 4935 τάττοντες.
943 4872 1117 4926 Εῖσὶν
1145 4872 1290 4943 ημῖν
1309 4874 1523 4943 ἄνδρες
1549 4878 1860 4948 τέσσαρες,
1887 4882 2079 4951 εὐχὴν
2102 4884 2273 4955 ἕχον-

618 4976 716 5024 τες
768 4960 861 5028 ἐφ’
912 4959 1158 5015 ἑαυτῶν.
1211 4964 1463 5029 Τούτους
1498 4963 1645 5037 [546]
1701 4969 2058 5035 παραλαϐὼν
2103 4973 2271 5044 άγνιι.

618 5050 794 5112 σθητι
830 5046 952 5100 σὺν
994 5048 1215 5115 αὐτοῖς,
1269 5050 1369 5103 καὶ
1415 5051 1770 5121 δαπάνησον
1801 5056 1895 5108 ἐπ’
1923 5059 2145 5127 αὐτοῖς,
2174 5064 2272 5118 ἵνα

620 5131 995 5199 ξυρήσωνται
1037 5135 1151 5202 τὴν
1193 5137 1485 5205 κεφαλὴν,
1524 5140 1620 5193 καί
1675 5141 1861 5210 γνῶσι
1904 5144 2143 5213 πάντες,
2182 5151 2270 5204 ὅτι

617 5214 706 5272 ὧν
745 5219 1109 5289 κατήχηνται
1145 5225 1279 5292 περὶ
1317 5226 1454 5289 σοῦ,
1482 5227 1661 5281 οὐδέν
1686 5229 1876 5296 ἐστιν,
1922 5234 2082 5288 ἀλλὰ
2106 5253 2269 5291 στοι-

620 5308 746 5377 χεῖς
793 5310 887 5362 καί
941 5311 1121 5377 αὐτὸς
1169 5314 1505 5381 φυλάσσων
1557 5316 1663 5370 τὸν
1695 5320 1900 5388 νόμον.
1940 5323 2125 5395 Ἔργῳ
2171 5326 2270 5397 τὴν

618 5397 910 5465 ἀπολογίαν
938 5399 1159 5469 ποιῆσαι
1185 5401 1332 5472 αὐτῷ
1365 5403 1840 5473 συμϐουλεύουσιν,
1869 5410 1926 5462 οὐ
1951 5410 2111 5481 λόγῳ.
2148 5414 2270 5467 Ἵνα
2320 5451 2339 5476 ,
2364 5397 2689 5449 τυπτοντες
2722 5397 2828 5438 τον
2879 5397 3145 5486 [famam
3204 5397 3339 5445 Τότε
3357 5397 3603 5464 ὲΤΤίσας
3630 5398 3662 5449 δ
3681 5397 3958 5493 χιλίαξὶχθθ

619 5484 1015 5551 ξυρήσωνται,
1053 5488 1206 5551 φησι,
1247 5488 1345 5541 καὶ
1383 5489 1567 5551 γνῶσι
1618 5494 1859 5551 πάντες.
1889 5495 1975 5551 ὅτι
2008 5494 2097 5551 ὧν
2134 5517 2268 5551 κατ’
2306 5477 2311 5483 ’
2362 5470 2684 5525 ἐπελάϐετο
2747 5476 2952 5535 αὐτου.
2990 5478 3085 5531 καὶ
3120 5479 3409 5535 ἐκέλευσε
3462 5482 3697 5551 δεθῆναι
3748 5480 3959 5533 άλυσεσι

619 5484 1015 5553 ξυρήσωνται.
1053 5488 1206 5557 φησὶ,
1247 5488 1345 5541 καί
1383 5489 1567 5557 γνῶσι
1618 5494 1859 5561 πάντες,
1889 5495 1975 5551 ὅτι
2008 5494 2097 5552 ὧν
2134 5517 2268 5553 κατ·

614 5571 867 5641 ήχηνται
914 5574 1045 5642 περὶ
1090 5575 1225 5639 σοῦ,
1268 5576 1445 5631 οὐδέν
1484 5579 1669 5634 ἐστιν.
1707 5584 1818 5636 Οὐκ
1857 5582 2024 5647 εἷπον,
2065 5588 2145 5639 ὅτι
2178 5590 2266 5639 Δι-

614 5658 850 5723 δάσκεις,
890 5659 1024 5713 ἀλλὰ
1068 5661 1461 5731 Κατήχηνται,
1511 5667 1672 5721 πάλιν
1701 5669 1763 5721 τὸ
1802 5670 2152 5743 ἐδιδάχθησαν
2177 5673 2265 5727 διὰ

675 5770 701 5796 ⁸
727 5768 849 5816 Τπ-«ιε
870 5772 1030 5829 endd.,
1054 5774 1203 5829 Οὗτος
1223 5775 1550 5852 ἐπίῃοποςηῆν
1571 5778 1664 5851 τῷν
1682 5778 2051 5852 διεροσο)ςύμωῖ-
2118 5784 2145 5824 ¹³
2170 5786 2262 5836 CO’

615 5829 709 5938 de;
737 5840 1149 5939 IllliIS,d6van}Y.;.
1219 5840 1241 5866 ι
1272 5829 1554 5895 Ηωςηοῗιὼ
1592 5840 1735 5888 εἰπὼν
1762 5829 1984 5904 ἐπήγαγε,
2013 5829 2259 5897 ἀνυευιιισίιι

619 5904 679 5937 eo
716 5907 792 5939 cm
817 5907 872 5939 ω
910 5930 919 5939 .

619 5904 792 5939 8006111
817 5904 919 5940 υθα.

2422 648 2610 704 τούτου
2643 651 2837 722 δηλῶν,
2878 653 2972 709 καὶ
3003 656 3087 710 δτι
3121 657 3402 727 Στοιχεῖς,
3428 661 3701 729 τουτέστιν,
3730 665 3782 719 ἐκ
3804 684 3955 739 περιου-

2422 734 2543 800 σίας
2565 739 2663 827 καὶ
2697 740 2859 806 αὐτὸς
2891 743 3197 813 φυλάττεις.
3229 747 3303 801 Οὐ
3335 747 3439 819 γὰρ
3457 748 3519 819 δὴ
3545 751 3687 804 τοῦτο
3709 754 3836 823 μόνον
3849 734 3898 827 ἧν
3917 762 3954 814 τὺ

2421 824 2868 897 σπουδαζόμενον,
2898 831 2947 883 εί
2973 831 3046 902 μὴ
3077 832 3294 903 ἐτέρους
3315 833 3565 902 διδάσκει,
3593 837 3694 891 ἀλλ’
3717 839 3783 893 ὅτι
3804 824 3875 896 καί
3892 847 3955 897 αὖ·
4034 830 4035 899 ξ

2416 910 2510 975 τὸς
2538 919 2713 985 τηρεῖ.
2743 916 2808 969 Τί
2829 912 2941 984 οὖν,
2963 916 3029 972 ἂν
3054 919 3124 973 τά
3147 920 3273 991 ἐθνη
3298 921 3553 992 μάθωσιν,
3580 925 3636 978 οὺ
3659 928 3957 1001 σκανδαλισθή-

2418 1017 2622 1066 σονται,
2662 1003 2820 1075 φησί;
2845 1005 2998 1073 Πῶς;
3039 1008 3174 1061 ὅπου
3207 1010 3301 1063 καὶ
3350 1012 3505 1081 ἡμεῖς
3538 1014 3585 1065 οί
3628 1014 3723 1069 τῶν
3764 1017 3958 1075 Ἰουδαίων

2415 1088 2720 1146 διδάσκαλοι
2742 1094 3069 1167 ἐπέμψαμεν
3096 1096 3232 1168 πρὸς
3254 1098 3469 1164 αὐτούς.
3497 1103 3627 1171 Περὶ
3648 1103 3709 1157 δὲ
3730 1105 3826 1159 τῶν
3841 1123 3957 1161 zem-

2416 1180 2757 1235 στευκότων
2795 1181 2985 1237 ἐθνῶν
3030 1184 3202 1254 ἡμεῖς
3247 1186 3678 1259 ἐπεστείλαμεν,
3730 1194 3958 1262 κρίναντες

2408 1264 2604 1335 μηδὲν
2629 1267 2900 1323 τοιοῦτον
2935 1271 3137 1338 τηρεῖν
3171 1274 3409 1341 αὐτοὺς,
3442 1277 3494 1328 ει
3511 1276 3592 1345 μὴ
3629 1279 3959 1347 φυλάσσεσθαι

2413 1352 2635 1420 αὐτοὺς
2674 1354 2741 1408 τὸ
2782 1356 3173 1414 ειδωλόθυτον
3196 1361 3297 1414 καὶ
3320 1362 3387 1415 τὸ
3418 1357 3554 1432 αἷμα
3582 1364 3671 1418 καί
3700 1365 3757 1418 τὸ
3779 1370 3959 1419 πνικτίν

2412 1440 2510 1493 καί
2531 1444 2830 1510 πορνείαν.
2860 1445 3124 1500 Ἐνταῦθα
3148 1448 3527 1519 ἐντρεπτικῶς.
3550 1454 3610 1505 Ὃ
3629 1453 3680 1505 δὲ
3697 1453 3836 1522 λέγει,
3852 1454 3960 1508 τοῦτο

2412 1527 2582 1582 ἐστιν·
2634 1530 2839 1602 Ὥσπερ
2882 1533 3043 1601 ἡμεῖς
3085 1534 3314 1599 ἐκείνοις
3364 1537 3706 1609 ἐπετάξαμεν,
3748 1541 3958 1609 καίτοιγε

2423 1617 2693 1683 Ἰουδαίοις
2738 1619 3114 1690 κηρύττοντες,
3148 1622 3291 1677 οὓτω
3325 1625 3417 1679 καὶ
3442 1626 3525 1689 σὺ,
3549 1627 3710 1681 καίτοι
3735 1628 3871 1682 ἔθνεσι
3894 1649 3959 1700 κη-

2413 1703 2638 1775 ρύττων,
2677 1705 2992 1778 σύμπραξον
3036 1710 3185 1780 ἡμῖν.
3225 1710 3366 1783 Ὅρα
3391 1713 3480 1767 τὸν
3512 1715 3737 1769 Παῦλον·
3770 1718 3819 1770 οὐ
3842 1718 3956 1785 λέγει,

2411 1792 2520 1844 Καὶ
2553 1792 2656 1863 μὴν
2688 1793 2921 1866 δύναμαι
2950 1797 3213 1868 Τιμόθεον
3242 1805 3599 1872 παραγαγεῖν,
3620 1804 3673 1857 ὃν
3698 1805 3954 1875 περιέτεμεν

2410 1879 2503 1932 καὶ
2529 1879 2634 1951 μὴν
2660 1879 2890 1952 δύναμαι
2916 1886 3098 1937 πεῖσαι
3128 1884 3206 1955 τῷ
3227 1886 3373 1959 λόγῳ
3392 1901 3407 1919 ⁸
3446 1890 3559 1943 ἀλλ’
3591 1892 3792 1961 ἐπείσθη
3814 1894 3956 1957 αὐτοῖς,

2404 1967 2497 2019 καὶ
2518 1968 2695 2021 πάντα
2719 1969 2941 2042 ἐποίησε
2961 1987 2975 2002 ·
3003 1973 3097 2027 καὶ
3118 1973 3226 2044 γὰρ
3246 1974 3392 2030 οὕτω
3420 1978 3713 2049 συνέφερεν.
3736 1980 3797 2033 Οὐ
3817 1981 3897 2049 γὰρ
3915 1974 3958 2049 ἦν

2405 2052 2517 2106 ἴσον
2536 2056 2615 2119 είς
2633 2056 3304 2130 άπολογίανᾮαταστῆναι,
3332 2063 3423 2116 καὶ
3444 2064 3647 2128 οὐδενὸς
3665 2066 3832 2128 εἰδότος
3850 2068 3957 2134 ποιῆ-

2403 2155 2491 2194 σαι
2545 2142 2735 2198 ταῦτα.
2789 2144 3120 2201 ’Δνύποπτον
3166 2144 3234 2228 ἦν
3277 2150 3340 2203 τὸ
3379 2152 3471 2205 καὶ
3501 2152 3824 2209 δαπανᾶσθαι.
3860 2154 3958 2207 Τότε

2399 2232 2757 2298 παραλαϐὼν
2783 2236 2816 2287 ό
2835 2234 3073 2303 Παῦλος
3096 2237 3239 2304 τοὺς
3265 2239 3507 2308 ἄνδρας,
3545 2242 3635 2295 καὶ
3672 2241 3739 2311 τῇ
3772 2242 3957 2311 ἐχομένῃ

2398 2317 2585 2387 ἡμέρᾳ
2605 2319 2727 2373 σὺν
2740 2321 2938 2388 αὐτοῖς
2965 2323 3268 2392 ἁγνισθεὶς
3290 2329 3479 2396 εἰσῄει
3501 2331 3583 2395 εις
3600 2329 3661 2383 τὸ
3680 2331 3830 2396 ἱερὸν,
3847 2329 3958 2397 διαγ-

2397 2404 2630 2475 γέλλων
2650 2406 2765 2476 τὴν
2785 2408 3167 2479 ἐκπλήρωσιν
3194 2413 3313 2467 τῶν
3335 2415 3568 2485 ἡμερῶν
3590 2416 3688 2471 τοῦ
3717 2416 3957 2485 ἁγνισμοῦ,

2395 2493 2506 2560 ἕως
2545 2491 2616 2551 οὗ
2658 2496 3041 2567 προσηνέχθη
3080 2500 3232 2571 ὑπὲρ
3280 2502 3421 2570 ἐνὸς
3464 2503 3709 2558 ἑκάστου
3750 2501 3957 2570 αὐτῶν-ιδ

2395 2584 2728 2652 προσφορά.
2757 2585 3146 2655 Διαγγέλλων,
3172 2590 3442 2655 τουτέστι,
3471 2591 3842 2661 καταγγέλλων·
3864 2591 3957 2643 ὥστε

2394 2670 2556 2734 αὐτὸς
2574 2666 2692 2742 ἦνοὸ
2714 2672 2869 2742 δῆλον
2898 2674 3087 2729 ἐαυτὸν
3110 2676 3295 2731 ποιῶν.
3336 2677 3438 2746 Ὠς
3457 2679 3523 2733 δὲ
3538 2680 3772 2751 ἔμελλον
3789 2682 3837 2733 αἱ
3856 2679 3958 2731 ἑπτὰ

2394 2759 2603 2827 ἡμέραι
2628 2762 3069 2818 συντελεῖσθαι.

2465 2844 2679 2916 β’.”ορα
2694 2847 2807 2911 πῶς
2832 2849 3063 2920 μάλιστα
3085 2850 3344 2922 δὴζαύτοῖς
3374 2855 3681 2927 ἐγχρονίζει.
3700 2857 3759 2910 Ol
3775 2855 3870 2910 ἀπὸ
3885 2852 3957 2920 τῆς

2404 2929 2610 2998 Ἀσίας
2624 2934 2903 3000 Ἰουδαῖοι,
2929 2937 3284 3009 θεασάμενοι
3313 2943 3502 2997 αὐτὸν
3521 2945 3588 2998 ἐν
3612 2942 3684 3009 τῷ
3709 2942 3837 3013 ίερῷ,
3858 2958 3959 2996 συν·

2389 3018 2564 3088 έχεον
2589 3020 2782 3074 πάντα
2804 3022 2908 3077 τὸν
2929 3023 3133 3094 ὄχλον,
3166 3027 3262 3080 καὶ
3282 3027 3581 3084 ἐπέϐαλον
3608 3031 3693 3084 ἐπ’
3714 3031 3868 3086 αὐτὸν
3888 3029 3957 3090 τὰς

2390 3105 2610 3175 χεῖρας,
2646 3108 2981 3177 κράζοντες·
3028 3113 3266 3182 Ἄνδρες
3314 3114 3690 3185 Ἰσραηλῖται,
3719 3114 3955 3183 βοηθεῖτε·

2390 3191 2567 3262 οὗτός
2593 3199 2762 3252 ἐστιν
2802 3202 2835 3253 ό
2880 3199 3188 3270 ἄνθρωπος
3220 3207 3253 3259 ό
3294 3207 3451 3261 κατὰ
3480 3208 3581 3264 τοῦ
3606 3209 3745 3264 λαοῦ
3776 3207 3857 3262 καὶ
3886 3205 3957 3260 τοῦ

2387 3283 2575 3351 νόμου
2619 3286 2716 3338 καὶ
2750 3286 2856 3341 τοῦ
2899 3289 3084 3343 τόπου
3107 3291 3319 3346 τούτου
3363 3293 3591 3361 πάντας
3614 3294 3877 3365 πανταχοῦ
3901 3291 3960 3346 δι-

2387 3369 2658 3424 δάσκων·
2708 3374 2795 3428 έτι
2826 3391 2889 3428 τε
2919 3375 3018 3430 καὶ
3054 3376 3372 3448 Ἕλληνας
3401 3384 3706 3454 εισήγαγεν
3740 3386 3814 3449 εἰς
3834 3382 3887 3435 τὸ
3908 3383 3960 3434 la-

2378 3457 2513 3540 ρὸν,
2540 3460 2638 3512 καὶ
2672 3462 2988 3517 κεκοίνωκε
3018 3464 3125 3519 τὸν
3148 3466 3317 3537 ἅγιον
3342 3471 3537 3525 τόπον
3558 3472 3767 3527 τοῦτον.
3792 3471 3900 3540 Ὅρα
3917 3466 3960 3519 τὸ

2385 3537 2516 3614 ἦθος
2554 3545 2731 3599 αὐτῶν
2772 3549 3044 3621 πανταχοῦ
3076 3554 3416 3624 ταραχῶδες,
3455 3560 3547 3612 καὶ
3576 3559 3743 3622 ἁπλῶς

2384 3630 2442 3683 ἐν
2489 3630 2567 3703 τῷ
2616 3633 2785 3705 μέσῳ.
2834 3631 3027 3691 Ἦσαν
3075 3643 3186 3709 γὰρ
3234 3642 3563 3713 ἑωρακότες
3601 3648 3849 3715 Τρόφιμον
3886 3642 3961 3695 τὸν

2396 3717 2673 3788 Ἐφέσιον
2699 3721 2768 3775 ἐν
2792 3721 2867 3792 τῇ
2899 3727 3072 3780 πόλει
3107 3726 3228 3781 σὺν
3247 3731 3434 3798 αὐτῷ,
3458 3733 3529 3788 ὃν
3552 3732 3791 3804 ἐνόμιζον
3808 3732 3877 3784 ὅτι
3898 3732 3962 3794 εις

2381 3807 2449 3861 τὸ
2481 3807 2642 3876 ἱερὸν
2667 3808 2988 3880 εισήγαγεν
3021 3815 3054 3867 ό
3089 3814 3351 3883 Παῦλος.
3396 3820 3665 3891 Ἐκινήθη
3689 3838 3744 3875 τε
3766 3821 3796 3888 ἡ
3821 3820 3959 3881 πόλις

2381 3893 2516 3965 ὅλη,
2544 3895 2641 3950 καί
2664 3896 2897 3967 ἐγένετο
2926 3901 3235 3972 συνδρομὴ
3276 3905 3387 3962 τοῦ
3408 3908 3561 3964 λαοῦ
3580 3925 3592 3937 ·
3632 3909 3715 3963 καί
3739 3904 3959 3960 ἐπιλαϐό-

2374 4000 2547 4053 μενοι
2600 3986 2708 4041 τοῦ
2746 3987 3008 4051 Παύλου.
3068 3984 3272 4046 εἷλκον
3303 3996 3491 4049 αὑτὸν
3542 3997 3652 4062 ἔξω
3688 3994 3772 4049 τοῦ
3796 3990 3953 4059 ἱεροῦ·

2379 4070 2480 4124 καί
2514 4071 2733 4139 εὐθέως
2761 4073 3165 4144 ἐκλείσθησαν
3211 4081 3271 4132 αἱ
3300 4082 3494 4151 θύραι.
3527 4084 3741 4153 Ἄνδρες
3774 4081 3957 4149 Ἰσραη-

2376 4157 2555 4226 λῖται,
2586 4161 2886 4231 βοηθεῖτε,
2920 4164 3103 4234 φησίν.
3138 4161 3329 4235 Οὗτός
3374 4170 3546 4226 ἐστιν
3575 4175 3607 4227 ό
3641 4173 3893 4240 ἄνθρωπος
3932 4166 3957 4218 δ

2377 4247 2529 4303 κατὰ
2574 4248 2680 4304 τοῦ
2726 4250 2879 4305 λαοῦ
2911 4252 3011 4306 καί
3046 4253 3153 4309 τοῦ
3201 4256 3390 4326 νόμου
3419 4260 3517 4313 καί
3548 4260 3647 4315 τοῦ
3682 4258 3836 4313 τόπου
3858 4254 3959 4308 τού-

2376 4353 2504 4390 του.
2540 4338 2608 4390 ’Δ
2660 4339 2893 4409 μάλιστα
2918 4341 3114 4405 αὐτοὺς
3155 4341 3405 4415 ἐθορύϐει
3435 4349 3463 4401 ὁ
3491 4348 3615 4412 ναὸς
3643 4349 3724 4402 καὶ
3752 4348 3776 4399 ὁ
3815 4343 3958 4412 νόμος,

2375 4420 2546 4476 ταῦτα
2571 4423 2901 4495 προφέρουσι
2924 4427 3141 4480 ἐκεῖνοι.
3160 4430 3266 4481 Καὶ
3289 4431 3443 4485 οὐδὲν
3468 4431 3734 4487 ἐνεκάλεσε
3752 4431 3845 4493 τοῖς
3861 4431 3960 4480 ἁπο-

2375 4509 2580 4573 στόλοις
2602 4512 2630 4563 ὁ
2661 4510 2869 4576 Παῦλος
2892 4513 3079 4567 παθὼν
3104 4516 3278 4569 καίτοι
3303 4520 3564 4583 τοσαῦτα,
3594 4520 3667 4573 ὃτι
3691 4518 3818 4571 αὐτοὶ
3837 4515 3960 4568 αἴτιοι

2374 4595 2577 4650 τούτων
2632 4597 2916 4665 γεγόνασιν
2946 4601 3122 4670 αὐτῷ·
3178 4602 3349 4669 οὕτως
3377 4602 3445 4676 ἦν
3490 4606 3843 4677 μεγαλόψυχος.
3880 4597 3960 4653 Καὶ

2373 4682 2579 4738 είλκον
2596 4686 2799 4750 αὑτὸν,
2834 4689 3015 4759 φησὶν,
3033 4689 3148 4754 ἐξω
3170 4692 3274 4745 τοῦ
3304 4694 3486 4761 ἱεροῦ·
3512 4696 3606 4749 καὶ
3621 4695 3961 4754 ἐκλείσθησαν

2370 4774 2431 4825 αἱ
2462 4773 2649 4841 θύραι.
2689 4773 2997 4829 Ἑϐούλοντο
3043 4777 3151 4847 γὰρ
3179 4780 3339 4833 αὐτὸν
3387 4783 3596 4837 ἀνελεῖν
3623 4779 3756 4854 [547]
3782 4777 3859 4829 καὶ
3894 4771 3961 4825 διὰ

2369 4859 2525 4913 τοῦτο
2551 4860 2654 4925 ἔξω
2685 4855 2885 4927 εἷλκον,
2909 4863 3047 4917 ὥστε
3078 4868 3215 4935 μετὰ
3247 4866 3493 4933 πλείονος
3519 4870 3692 4933 ἀδείας
3716 4865 3850 4920 τοῦτο
3872 4878 3962 4915 ποι·

2368 4946 2517 5017 ἧσαι.
2561 4949 2908 5016 Ζητούντων
2938 4950 3006 5003 δέ
3026 4952 3215 5005 αὑτὸν
3235 4954 3600 5021 ἀποκτεῖναι,
3629 4955 3794 5021 ἀνέϐη
3816 4950 3961 5020 φάσις

2367 5037 2447 5103 τῷ
2470 5038 2753 5108 χιλιάρχῳ
2776 5038 2885 5108 τῆς
2905 5041 3176 5111 σπείρας,
3197 5042 3285 5098 ὅτι
3308 5046 3420 5115 ὅλη
3444 5047 3788 5117 συγκέχυται
3799 5045 3959 5111 Ἰερου-

2367 5125 2604 5193 σαιλήμ⁶
2671 5126 2740 5191 ὃς
2789 5128 3047 5195 ἐξαυτῆς
3104 5135 3465 5200 παραλαϐὼν
3518 5134 3848 5205 στρατιώτας
3887 5125 3961 5180 καί

2366 5212 2858 5282 ἑκατοντάρχους,
2882 5216 3247 5287 κατέδραμεν
3273 5221 3364 5273 ἐπ’
3397 5225 3635 5290 αὐτούς.
3668 5226 3725 5277 Ol
3751 5220 3810 5274 δὲ
3839 5216 3961 5270 ἰδόν-

2366 5312 2463 5359 τες
2488 5295 2596 5348 τὸν
2625 5299 2944 5366 χιλίαρχον
2965 5302 3061 5353 καὶ
3091 5303 3232 5369 τοὺς
3263 5308 3643 5373 στρατιώτας,
3672 5307 3961 5360 ἐπαύσαντο

2364 5384 2689 5449 τύπτοντες
2722 5385 2828 5438 τὸν
2879 5386 3145 5444 Παῦλον.
3204 5393 3339 5445 Τότε
3357 5393 3603 5464 ἐγγίσας
3630 5398 3662 5449 ὁ
3681 5393 3958 5463 χιλίαρχοςι

2363 5552 2507 5606 δυσί
2526 5569 2539 5583 ·
2587 5556 2683 5608 καὶ
2715 5557 3099 5624 ἐπυνθάνετο,
3124 5565 3211 5626 τίς
3232 5564 3307 5618 ἂν
3322 5567 3415 5633 εἴη
3444 5566 3541 5619 καὶ
3568 5569 3623 5620 τί
3655 5568 3775 5619 ἐστι
3793 5574 3957 5615 xeno:-

2361 5639 2540 5707 ηκώς.
2568 5642 2767 5696 Ἄλλοι
2795 5643 2862 5696 δὲ
2896 5646 3057 5701 ἄλλα
3089 5650 3272 5705 ἐϐόων
3306 5652 3375 5704 ἐν
3401 5652 3481 5718 τῷ
3510 5654 3683 5722 ὄχλῳ.
3722 5652 3819 5705 Καὶ
3846 5647 3958 5705 τίνος

2361 5727 2543 5781 ἕνεκεν
2576 5730 2781 5799 μέλλων
2834 5734 2992 5787 αὑτὸν
3031 5737 3319 5803 ἐξετάζειν,
3356 5742 3607 5793 ἐκέλευσε
3638 5740 3836 5809 δεθῆναι
3859 5732 3956 5787 axo-

2362 5831 2479 5868 σεσι
2524 5816 2675 5882 δυσί;
2745 5820 3239 5892 Παραμυθούμενος
3297 5827 3384 5878 τὸν
3436 5826 3603 5897 θυμὸν
3663 5827 3750 5881 τοῦ
3799 5824 3955 5892 δήμους

2360 5902 2455 5973 Mi;
2483 5902 2814 5974 δυνάμενος
2847 5911 2915 5962 δὲ
2947 5911 3157 5979 γνῶναι
3185 5916 3249 5967 τὸ
3282 5914 3561 5980 ἀσφαλὲς
3592 5916 3683 5969 διὰ
3717 5913 3809 5967 τὸν
3830 5911 3963 5975 θόίῗιν
