3948 6462
149 463 250 524 521

152 587 177 601 δ

193 576 1279 602 ’ρ’-⁸·-

141 770 269 828 Car.
329 769 422 824 2i.
462 783 517 822 ν.
561 766 649 822 18.
696 764 935 831 Sequenti
961 772 1129 816 autem
1171 761 1253 816 die
1302 761 1541 814 introibat
1570 758 1710 812 Pau-

210 865 290 917 lus
343 861 602 915 nobiscum
631 858 697 911 ad
721 857 996 921 Jacobnnt,
1027 870 1291 924 omnesque
1319 851 1591 922 presbyteri
1618 849 1712 903 ad-

206 963 373 1008 erant.
399 951 485 1006 l9.
509 951 646 1018 Quos
671 965 783 1001 cum
804 949 1087 1012 salutasset,
1114 944 1350 998 narrabat
1374 959 1462 1012 per
1485 940 1709 1012 singula,

205 1059 321 1110 qua:
352 1042 488 1097 Deus
510 1045 703 1112 fecisset
725 1040 775 1104 in
797 1037 1024 1108 gentibus
1051 1053 1139 1106 per
1165 1035 1499 1089 ministerium
1525 1033 1709 1103 ipsius.

204 1138 263 1192 4.
302 1135 403 1189 llic
441 1133 605 1188 frater
640 1139 754 1186 erat
796 1129 1000 1182 Domini
1029 1137 1082 1182 et
1109 1127 1390 1196 episcopus
1428 1123 1704 1195 Jerosoly-

137 1241 380 1291 morum,
407 1221 491 1278 vir
518 1234 740 1292 magnus
759 1229 813 1274 et
833 1217 1110 1272 mirabilis.
1140 1215 1222 1271 Ad
1250 1215 1393 1270 hunc
1417 1213 1712 1285 ingreditur

138 1317 352 1383 Paulus,
381 1317 519 1372 sicut
543 1323 595 1369 et
619 1322 742 1367 ante
761 1310 922 1368 etiam
949 1309 1014 1363 ad
1039 1309 1188 1362 illum
1211 1306 1438 1362 mittitur
1463 1323 1476 1360 :
1501 1315 1555 1361 et
1577 1318 1713 1375 quo-

136 1408 332 1475 modo,
377 1407 521 1462 audi.
563 1404 800 1473 Sequenti
844 1409 1010 1456 autem
1053 1401 1172 1464 die,
1223 1400 1431 1470 inquit,
1475 1396 1712 1452 introibat

141 1502 344 1556 Paulus
375 1500 633 1554 nobiscum
660 1497 727 1550 ad
749 1495 1016 1550 Iacobum.
1059 1493 1188 1547 Vide
1217 1506 1373 1563 quam
1406 1490 1478 1545 sit
1504 1505 1534 1544 a
1573 1489 1708 1544 fastu

133 1594 364 1648 alienus.
407 1590 689 1659 Omnesque
717 1587 989 1656 presbyteri
1020 1586 1251 1638 aderant.
1300 1582 1439 1650 Quos
1481 1597 1595 1635 cum
1621 1597 1707 1635 sa-

134 1684 368 1747 lutasset,
413 1681 650 1735 narrabat
705 1695 794 1749 per
831 1677 1065 1746 singula,
1096 1690 1207 1746 gnte
1250 1677 1433 1745 fecerat
1472 1672 1610 1728 Deus
1655 1672 1709 1726 in

133 1772 370 1846 gentibus
408 1788 500 1842 per
537 1768 868 1823 ministerium
909 1768 1090 1837 ipsius.
1131 1766 1326 1820 lterum
1367 1763 1471 1818 illis
1497 1777 1617 1832 quas
1641 1761 1708 1817 ad

131 1875 320 1934 gentes
348 1862 658 1934 spectabant
683 1867 895 1915 enarrat
917 1900 933 1925 ,
967 1874 1074 1913 non
1099 1872 1249 1911 vanze
1279 1856 1462 1927 gloria:
1488 1853 1665 1910 studio
1689 1895 1707 1922 ,

131 1957 304 2020 absit;
341 1954 436 2010 sed
481 1963 539 2008 ut
579 1952 672 2007 Dei
701 1951 1037 2007 clementiam
1065 1949 1410 2014 ostenderet,
1451 1955 1508 2002 et
1541 1945 1707 2001 multa

132 2048 274 2116 ipsos
303 2045 559 2115 impleret
588 2042 788 2098 laetitia.
831 2041 964 2097 Vide
989 2054 1117 2111 ergo
1141 2038 1410 2110 quomodo
1428 2037 1709 2093 audientes

134 2144 298 2197 Deum
332 2141 712 2212 gloriﬁcarent.
751 2136 866 2192 Non
893 2136 1043 2190 illum
1069 2133 1377 2190 extulerunt
1416 2133 1500 2187 vel
1527 2129 1708 2186 mirati

130 2243 287 2300 sunt,
322 2234 423 2289 sed
453 2231 614 2286 Deum
638 2228 985 2300 gloriﬁcabant
1011 2242 1029 2281 :
1061 2227 1132 2280 ita
1159 2240 1301 2281 erum
1332 2224 1623 2287 narrabat,
1650 2229 1709 2276 ut

131 2329 199 2382 illi
229 2343 352 2381 rem
377 2325 723 2380 adscriberet.
753 2322 844 2378 20.
875 2320 940 2374 At
968 2321 1044 2374 illi
1065 2336 1179 2373 cum
1204 2319 1482 2382 audissent,
1509 2315 1708 2386 magni-

131 2421 357 2486 ﬁcabant
377 2416 560 2481 Deum,
585 2415 915 2481 dixeruntque
937 2412 981 2466 ei
1004 2428 1022 2466 :
1054 2409 1224 2476 Vides,
1249 2410 1431 2480 frater,
1455 2416 1575 2478 quot
1593 2413 1708 2460 sunt

131 2510 287 2562 millia
319 2510 380 2562 in
406 2507 620 2570 Iudaeis,
651 2506 739 2575 qui
765 2503 1084 2558 crediderunt
1101 2519 1121 2567 ;
1163 2512 1210 2557 et
1240 2518 1409 2555 omnes
1436 2500 1705 2555 aemulato-

131 2620 202 2655 res
213 2611 339 2654 sunt
366 2600 508 2671 legis.
539 2597 818 2652 Audierant
844 2604 1007 2649 autem
1031 2594 1093 2647 de
1116 2603 1182 2660 te,
1211 2594 1330 2664 quia
1353 2591 1706 2646 discessionem

133 2695 307 2746 doceas
336 2710 372 2746 a
402 2691 580 2762 Moyse
607 2707 711 2757 eos,
742 2690 826 2758 qui
853 2690 982 2741 inter
1009 2695 1178 2757 gentes
1203 2695 1358 2748 sunt,
1398 2699 1570 2738 omnes
1606 2681 1708 2737 Ju-

135 2787 258 2838 dceos
278 2824 296 2849 ,
343 2783 516 2837 dicens
543 2799 625 2837 eos
654 2799 754 2835 non
785 2780 960 2834 debere
984 2778 1339 2832 circumcidere
1370 2779 1504 2847 ﬁlios
1545 2793 1664 2831 suos
1686 2815 1703 2842 ,

137 2892 280 2947 neque
311 2875 398 2929 his
423 2871 864 2928 consuetudinibus
893 2870 1145 2924 incedere.
1189 2868 1320 2924 Vide
1359 2884 1480 2923 cum
1508 2875 1705 2938 quanta

144 2979 187 3023 et
218 2967 269 3021 hi
299 2965 571 3021 modestia
598 2965 903 3035 loquantur.
944 2962 1060 3016 Non
1093 2963 1243 3033 quasi
1271 2962 1553 3031 episcopus
1581 2976 1706 3017 cum

147 3060 453 3114 auctoritate
486 3058 743 3128 loquitur,
771 3055 867 3111 sed
893 3054 1041 3109 illum
1071 3056 1122 3109 in
1150 3054 1356 3109 consilii
1386 3055 1590 3108 socium
1614 3068 1705 3110 as-

155 3161 364 3215 sumunt;
392 3165 456 3205 ac
482 3150 525 3204 si
551 3149 728 3204 statim
756 3156 808 3204 et
833 3147 899 3202 ab
929 3148 1080 3202 initio
1108 3147 1369 3201 rationem
1398 3145 1703 3210 redderent,

158 3243 476 3314 dicerentque
504 3259 518 3295 :
549 3240 665 3296 Non
693 3240 964 3295 vellemus.
998 3239 1157 3293 Vides
1191 3240 1264 3294 rei
1294 3238 1706 3294 necessitatem?

161 3333 306 3399 Vides,
328 3333 600 3404 inquiunt,
618 3340 736 3403 quot
763 3331 862 3385 sint
889 3331 1050 3384 millia
1079 3331 1132 3384 in
1155 3329 1348 3384 Iudaeis
1373 3331 1456 3400 qui
1483 3331 1706 3385 credide-

146 3427 273 3478 runt?
291 3424 410 3482 Nec
429 3425 634 3480 dicunt.
656 3423 794 3490 Quot
813 3423 977 3477 millia
1000 3422 1401 3487 instituerimus,
1426 3421 1522 3478 sed
1547 3422 1700 3478 Sunt.

141 3515 201 3570 Et
222 3519 274 3570 hi
298 3557 319 3583 ,
377 3516 657 3586 inquiunt,
685 3531 856 3569 omnes
882 3515 1196 3568 temulatores
1223 3522 1341 3568 sunt
1385 3512 1531 3585 legis.
1575 3514 1704 3570 Duae

139 3623 302 3664 causa:
325 3615 475 3673 sunt,
502 3615 558 3662 et
578 3603 856 3660 multitudo
880 3614 934 3660 et
959 3605 1306 3674 propositum.
1336 3603 1517 3676 Neque
1537 3603 1704 3673 enim,

139 3683 181 3753 si
205 3699 360 3768 pauci
388 3697 632 3763 fuissent,
663 3695 1036 3752 contemnendi
1064 3705 1237 3762 erant;
1262 3711 1433 3766 neque
1460 3696 1506 3750 si
1527 3696 1703 3764 multi,

139 3799 189 3844 et
208 3805 313 3844 non
343 3803 532 3844 omnes
567 3787 738 3858 legem
764 3787 1144 3854 retinuissent,
1172 3801 1490 3857 magnopere
1515 3801 1710 3843 curan-

140 3881 255 3936 dum
283 3889 425 3937 erat.
465 3880 684 3935 Accedit
711 3887 765 3934 et
793 3878 946 3933 tertia
976 3893 1134 3933 causa
1181 3895 1196 3932 :
1252 3896 1270 3930 ι
1320 3879 1384 3932 Ει
1424 3878 1479 3932 bi
1519 3893 1708 3935 omnes

139 3973 310 4028 edocti
335 3981 466 4027 sunt
490 3971 559 4027 de
589 3981 640 4026 te
666 4012 681 4036 ,
710 3970 915 4040 inquit,
943 3969 1083 4039 quod
1108 3969 1486 4024 discessionem
1514 3969 1708 4027 doceas

142 4083 170 4121 a
197 4067 381 4140 Moyse
407 4080 501 4121 eos
527 4079 715 4120 omnes
732 4104 748 4129 ,
776 4063 867 4132 qui
894 4064 1032 4118 inter
1058 4071 1244 4132 gentes
1269 4072 1424 4127 sunt,
1450 4061 1664 4120 Judaeos
1688 4103 1706 4130 ,

146 4157 324 4214 dicens
351 4173 459 4212 non
485 4155 679 4211 debere
703 4168 796 4210 eos
821 4153 1202 4210 circumcidere
1228 4153 1362 4210 ﬁlios
1385 4169 1512 4210 suos
1535 4170 1709 4225 neque

145 4249 200 4304 in
229 4247 700 4304 consuetudinibus
721 4245 827 4300 illis
851 4244 1118 4300 incedere.
1156 4262 1177 4297 ι
1205 4244 1320 4300 Νοη
1345 4245 1566 4310 dicunt,
1596 4247 1709 4302 Au-

142 4344 376 4407 dieruut;
401 4341 516 4406 sed,
543 4339 724 4394 Edocti
747 4348 883 4404 sunt,
911 4337 961 4392 id
985 4345 1095 4403 est,
1125 4337 1350 4392 instituti
1370 4347 1495 4393 sunt
1517 4347 1570 4393 et
1592 4353 1712 4394 cre-

142 4437 392 4491 diderunt
415 4475 431 4499 ,
475 4432 610 4504 quod
635 4432 986 4485 discessionem
1010 4446 1041 4482 a
1067 4429 1245 4501 Moyse
1285 4429 1483 4496 doceas,
1538 4431 1709 4486 dicens

143 4546 237 4582 non
263 4528 443 4580 debere
485 4541 568 4578 eos
593 4523 950 4577 circumcidere
990 4523 1124 4591 filios
1144 4539 1282 4587 suos,
1324 4540 1480 4594 neque
1507 4523 1560 4579 in
1588 4541 1710 4579 con-

142 4619 488 4674 suetudinibus
506 4617 607 4670 illis
624 4615 871 4670 incedere.
895 4615 1022 4668 Post
1045 4615 1157 4669 haec
1181 4616 1442 4671 subdidit:
1461 4616 1550 4670 22.
1573 4616 1709 4683 Quid

143 4730 258 4783 ergo
279 4722 355 4765 est
380 4711 404 4764 .’
453 4709 635 4777 Utique
663 4717 854 4776 Oportet
880 4707 1141 4760 convenire
1178 4706 1546 4762 multitudinem
1573 4725 1592 4763 :
1616 4726 1712 4764 au-

143 4808 278 4860 dient
305 4805 437 4858 enim
465 4813 512 4855 te
536 4801 741 4855 venisse.
777 4799 869 4852 25.
899 4798 1011 4853 Hoc
1035 4816 1151 4870 ergo
1181 4803 1283 4870 fac,
1314 4802 1447 4870 quod
1471 4802 1558 4855 tibi
1583 4802 1711 4856 dici-

145 4916 274 4951 mus.
318 4896 481 4964 Quasi
509 4893 789 4948 consilium
814 4891 1002 4946 dantes
1040 4899 1142 4946 hoc
1177 4892 1389 4959 dicunt,
1423 4908 1530 4947 non
1559 4896 1708 4964 quasi

144 4994 285 5061 impe
314 5001 489 5043 antes.
537 5005 556 5039 ι
589 4987 723 5042 Sunt
747 4985 898 5039 nobis
925 4985 1021 5040 viri
1047 4993 1277 5054 quatuor
1300 4995 1480 5040 votum
1508 4985 1711 5042 baben-

146 5093 222 5137 tes
247 5097 412 5150 super
432 5095 508 5135 se.
532 5079 621 5133 24.
651 5077 741 5130 llis
761 5078 1045 5146 assumptis
1066 5075 1335 5131 sanctiﬁca
1362 5085 1413 5132 te
1435 5092 1553 5132 cum
1581 5077 1706 5147 illis,

142 5183 193 5228 et
225 5170 475 5240 impende
505 5169 556 5222 in
585 5167 688 5221 illis
711 5207 726 5230 ,
759 5177 818 5221 ut
845 5167 1032 5221 radant
1056 5166 1227 5235 capita
1253 5208 1269 5233 ,
1310 5176 1364 5221 et
1398 5167 1707 5222 sciantom-

147 5281 236 5319 nes
261 5305 277 5327 ,
321 5263 442 5334 quia
477 5276 594 5331 qua:
619 5260 686 5315 de
715 5270 767 5315 te
794 5258 1077 5314 audierunt
1106 5258 1236 5313 falsa
1275 5270 1436 5325 sunt,
1480 5262 1571 5314 sed
1598 5277 1712 5315 am-

146 5358 299 5411 bulas
327 5367 381 5411 et
405 5358 518 5424 ipse
544 5353 850 5409 wstodiens
877 5354 1068 5422 legem.
1102 5371 1120 5404 ι
1164 5352 1462 5407 Consulunt
1487 5364 1544 5407 ut
1569 5370 1626 5408 re
1657 5363 1712 5408 et

146 5463 330 5516 opere,
360 5462 464 5499 non
492 5459 741 5499 sermone
768 5443 1136 5498 defensionem
1167 5453 1336 5514 paret.
1381 5443 1449 5499 Ut
1500 5445 1705 5512 radant,

148 5538 350 5606 inquit,
380 5546 425 5589 et
453 5537 614 5589 sciant
644 5551 813 5588 omnes
837 5574 852 5599 ,
883 5534 1000 5603 quia
1028 5549 1141 5601 qua:
1168 5534 1327 5588 edocti
1357 5545 1473 5588 sunt
1527 5536 1589 5589 de
1617 5545 1664 5590 te
1688 5575 1704 5601 ,

149 5633 280 5698 falsa
310 5638 442 5683 sunt.
481 5627 598 5682 Non
626 5627 908 5692 dixerunt,
939 5627 1018 5680 Tu
1048 5626 1208 5682 doces
1232 5666 1246 5691 ,
1277 5628 1374 5684 sed
1402 5628 1704 5696 Audierunt,

146 5738 358 5776 rursum
387 5721 489 5776 hoc
516 5721 680 5775 verbo
709 5719 1015 5790 signiﬁcans
1036 5760 1050 5783 ,
1082 5719 1254 5774 edocti
1298 5729 1461 5786 sunt,
1488 5731 1542 5775 et
1567 5722 1709 5791 quod

146 5814 404 5880 Ambulas,
432 5814 484 5868 id
509 5822 620 5875 est,
653 5828 716 5868 ex
743 5811 1027 5868 abundanti
1056 5813 1167 5882 ipse
1194 5829 1397 5868 serves.
1425 5813 1538 5868 Non
1564 5814 1708 5871 enim

152 5907 255 5963 hoc
286 5907 452 5963 solum
483 5907 818 5976 quaerebatur
840 5949 856 5976 ,
884 5921 950 5961 au
976 5906 1111 5966 alios
1139 5907 1358 5977 doceret
1385 5950 1403 5977 ,
1429 5905 1524 5964 sed
1549 5906 1707 5963 etiam

1083 453 1150 510 IN
1189 452 1362 508 ACTA
1403 447 1920 507 APOSTOLORUM.
1963 450 2189 507 llOlllL.
2232 451 2414 509 XLVI.

1286 573 2062 673 ""ﬂmﬁ.

3285 464 3390 520 322

3120 581 3371 597 -ξ-α

1815 773 1882 812 an
1914 757 2028 828 ipse
2067 767 2326 814 servaret.
2367 759 2503 826 Quid
2549 775 2714 832 ergo,
2757 763 2802 819 si
2841 769 3028 834 gentes
3057 766 3376 832 didicerint,

1818 848 2021 918 inquit,
2055 864 2232 904 annon
2262 848 2634 905 ollendentur'l
2664 851 2840 920 Quare
2864 894 2879 919 ,
2911 870 3032 909 cum
3088 872 3185 912 nos
3214 858 3385 913 Judaei

1817 939 2062 995 doctores
2089 937 2234 994 illum
2258 940 2324 994 ad
2352 950 2536 1011 gentes
2561 943 2906 1000 miserimus?
2934 927 3023 1001 25.
3054 964 3074 998 ι
3106 949 3179 1003 De
3207 948 3269 1002 iis
3295 965 3390 1001 au-

1816 1037 1922 1084 tem
1942 1069 1959 1095 ,
1991 1030 2077 1100 qui
2105 1028 2444 1086 crediderunt
2471 1048 2534 1086 ex
2566 1034 2810 1103 gentibus
2831 1076 2845 1099 ,
2885 1050 2982 1091 nos
3022 1039 3337 1107 scripsimus
3360 1082 3375 1106 ,

1815 1124 2164 1182 decernentes
2191 1143 2259 1183 ne
2285 1128 2409 1198 quid
2433 1127 2734 1198 hujusmodi
2760 1132 3078 1202 observent,
3108 1138 3200 1192 sed
3222 1139 3387 1193 absti-

1815 1226 1976 1273 neant
2003 1217 2070 1274 ab
2098 1218 2164 1274 iis
2186 1259 2202 1285 ,
2234 1236 2352 1290 quae
2383 1220 2656 1277 immolata
2685 1233 2811 1278 sunt
2843 1225 2997 1283 idolis
3023 1268 3038 1294 ,
3071 1243 3100 1283 a
3129 1233 3387 1301 sanguine

1815 1316 1868 1362 et
1893 1307 2153 1366 sull'ocato
2175 1321 2228 1365 et
2257 1311 2631 1368 fornicatione.
2667 1333 2686 1368 ι
2716 1314 2814 1370 Hic
2836 1321 3103 1375 monendo
3130 1321 3382 1392 loquitur:

1815 1400 1930 1455 vult
1967 1411 2143 1456 autem
2184 1402 2365 1459 dicere
2388 1445 2403 1470 ,
2437 1403 2504 1460 Ut
2547 1420 2644 1460 nos
2688 1407 2819 1476 ipsis
2860 1413 3211 1480 praecepimus
3235 1456 3250 1480 ,
3281 1419 3381 1474 etsi

1812 1494 2008 1552 Iudaeis
2033 1496 2382 1566 praedicantes
2414 1517 2426 1552 :
2454 1499 2531 1553 sic
2561 1509 2615 1554 et
2643 1507 2696 1554 tu
2719 1541 2734 1563 ,
2767 1502 2866 1555 etsi
2893 1504 3142 1572 gentibus
3185 1509 3381 1576 praedi-

1823 1603 1953 1655 ces,
2000 1604 2292 1660 cooperare
2335 1591 2631 1646 nobiscum.
2675 1593 2906 1648 Observa
2953 1594 3172 1651 Paulum
3216 1617 3229 1651 :
3280 1616 3383 1654 non

1813 1678 1977 1745 dicit,
2017 1680 2238 1735 Possum
2276 1682 2457 1752 utique
2498 1683 2838 1740 Timotheum
2883 1685 3189 1755 adducere,
3221 1705 3380 1758 quem

1812 1770 2157 1838 circumcidi,
2187 1780 2242 1826 et
2268 1786 2480 1842 possum
2509 1773 2608 1829 hoc
2632 1789 2882 1832 sermone
2903 1778 3258 1846 persuadere;
3286 1782 3380 1835 sed

1812 1861 2199 1931 obtemperavit
2225 1864 2333 1930 eis,
2366 1873 2420 1919 et
2457 1866 2632 1920 omnia
2679 1866 2802 1923 fecit
2831 1887 2845 1923 :
2873 1871 3069 1924 etenim
3098 1873 3176 1928 sic
3216 1889 3378 1944 expe-

1813 1952 2010 2008 diebat.
2035 1953 2149 2009 Non
2168 1956 2311 2010 enim
2341 1956 2478 2011 idem
2507 1967 2623 2012 erat
2644 1960 2901 2015 rationem
2924 1962 3102 2018 verbis
3128 1964 3373 2034 reddere,

1812 2053 1866 2100 et
1894 2045 2104 2101 nemine
2142 2048 2356 2103 conscio
2387 2048 2488 2104 hoc
2530 2049 2723 2106 facere.
2764 2050 3082 2123 Suspicione
3123 2058 3382 2122 carebat,

1812 2135 1951 2205 quod
1981 2137 2138 2191 etiam
2168 2138 2516 2208 impenderet.
2563 2141 2653 2197 26.
2707 2142 2848 2196 Tunc
2873 2143 3072 2200 Paulus
3112 2151 3384 2218 assumptis

1811 2227 1951 2292 viris,
1985 2237 2184 2297 postera
2209 2230 2290 2284 die
2317 2232 2614 2301 puriﬁcatus
2641 2249 2755 2286 cum
2783 2234 2887 2289 illis
2905 2276 2921 2302 ,
2949 2237 3150 2291 intravit
3177 2240 3228 2293 in
3255 2250 3382 2294 tem-

1813 2321 1954 2394 plum
1976 2362 1992 2385 ,
2020 2323 2325 2377 annuntians
2364 2323 2697 2393 expletionem
2731 2326 2924 2380 dierum
2972 2331 3341 2399 puriﬁcationis
3363 2373 3379 2400 ,

1811 2414 1969 2468 donec
1992 2412 2258 2480 offerretur
2276 2429 2368 2485 pro
2390 2431 2490 2469 uno
2516 2431 2710 2486 quoque
2735 2433 2906 2471 eorum
2930 2421 3136 2474 oblatio.
3167 2423 3380 2478 Annua-

1810 2506 1970 2571 tians,
2012 2505 2115 2561 hoc
2140 2515 2256 2572 est,
2303 2506 2577 2563 declarans
2605 2527 2618 2566 :
2652 2509 2828 2579 itaque
2855 2512 2967 2581 ipse
2996 2525 3109 2569 erat
3139 2517 3226 2585 qui
3257 2531 3378 2574 sese

1809 2599 2150 2654 manifestum
2180 2600 2420 2656 faciebat.
2460 2601 2549 2656 27.
2588 2601 2714 2657 Cum
2738 2613 2900 2658 autem
2928 2618 3116 2677 septem
3147 2611 3251 2665 dies
3266 2613 3378 2682 jam

1809 2691 2054 2762 implendi
2080 2702 2265 2748 essent.

1879 2783 1934 2836 2.
1975 2783 2108 2838 Vide
2123 2783 2392 2853 quomodo
2424 2784 2758 2852 potissimum
2791 2786 2843 2841 in
2889 2787 2995 2844 illis
3025 2800 3282 2847 moratur.
3329 2793 3380 2849 Ii

1810 2875 1896 2946 qui
1919 2885 2060 2929 erant
2091 2892 2152 2929 ea:
2181 2877 2303 2930 Asia
2331 2875 2524 2943 Judaei,
2567 2893 2680 2932 cum
2702 2878 2938 2934 vidissent
2963 2899 3074 2936 eum
3099 2885 3150 2937 in
3171 2889 3376 2955 templo,

1811 2968 2180 3021 concitaverunt
2205 2976 2359 3020 totam
2390 2969 2605 3033 turbam,
2638 2979 2686 3022 et
2713 2970 2990 3039 injecerunt
3016 2975 3067 3028 in
3093 2976 3237 3030 illum
3267 2996 3379 3032 ma-

1810 3075 1924 3124 nus,
1956 3058 2231 3112 clamantes
2259 3059 2384 3115 :28.
2424 3059 2532 3114 Viri
2573 3059 2821 3117 Israelitte
2839 3104 2854 3128 ,
2894 3065 3129 3135 adjuvate
3155 3085 3174 3123 :
3203 3071 3284 3124 hic
3307 3082 3380 3126 est

1811 3150 1990 3214 homo,
2021 3151 2107 3221 qui
2144 3151 2384 3205 adversus
2423 3153 2666 3223 papulum
2706 3163 2752 3208 et
2797 3156 2955 3225 legem
2980 3167 3026 3211 et
3051 3160 3216 3213 locum
3247 3164 3380 3219 hunc

1811 3257 1980 3295 omnes
2027 3241 2210 3312 ubique
2252 3241 2464 3306 docens,
2507 3243 2714 3311 insuper
2753 3253 2801 3298 et
2841 3247 3049 3315 gentiles
3095 3250 3294 3305 induxit
3325 3255 3380 3308 in

1812 3331 2053 3401 temptant
2071 3373 2087 3396 ,
2111 3341 2157 3386 et
2184 3331 2384 3386 violavit
2412 3341 2638 3386 sanctum
2665 3334 2826 3387 locum
2849 3337 3020 3390 istum.
3052 3339 3183 3395 Vide
3203 3358 3380 3398 mores

1810 3438 1995 3479 eorum
2021 3422 2215 3492 ubique
2243 3422 2598 3487 turbulentos,
2625 3425 2874 3494 ipsosque
2896 3427 2946 3481 in
2974 3429 3150 3485 medio
3177 3439 3380 3491 temere

1810 3513 2121 3570 clamantes.
2153 3513 2242 3570 29.
2281 3512 2520 3567 Viderunt
2567 3513 2700 3567 enim
2728 3513 3058 3587 Trophimum
3107 3521 3382 3591 Ephesium

1811 3605 1863 3659 in
1885 3606 2080 3658 civitate
2105 3621 2219 3659 cum
2260 3607 2399 3674 ipso.
2432 3625 2577 3674 quem
2620 3609 2986 3664 (estimaverant
3026 3613 3161 3682 quod
3185 3615 3236 3667 in
3266 3625 3382 3670 tem-

1813 3700 1953 3769 plum
1981 3700 2336 3756 introduxisset
2363 3702 2580 3760 Paulus.
2611 3705 2701 3762 50.
2733 3705 3090 3777 Commotaque
3115 3718 3186 3764 est
3211 3711 3382 3765 civitas

1814 3797 1917 3842 tota
1938 3829 1953 3855 ,
1978 3800 2024 3843 et
2047 3795 2184 3860 facta
2222 3803 2295 3845 est
2319 3796 2581 3850 concursio
2611 3798 2789 3868 populi
2818 3814 2837 3853 :
2864 3808 2911 3852 et
2950 3801 3383 3870 apprehendentes

1813 3879 2060 3947 Paulum,
2083 3883 2346 3938 trahebant
2374 3903 2490 3940 eum
2516 3897 2660 3940 extra
2683 3888 2924 3959 templum
2946 3905 2965 3943 :
2994 3899 3039 3943 et
3061 3892 3231 3945 statim
3249 3892 3384 3946 clau-

1812 3989 1883 4028 ste
1909 3983 2026 4028 sunt
2063 3975 2259 4044 ianuae.
2312 3975 2418 4029 Viri
2459 3975 2744 4044 Israelitte,
2788 3979 3063 4048 adjuvate,
3120 3981 3380 4051 inquiunt.

1816 4066 1917 4121 Hic
1950 4075 2021 4121 est
2042 4066 2190 4120 homo
2215 4067 2300 4135 qui
2327 4067 2562 4122 adversus
2597 4069 2841 4138 populum
2872 4080 2917 4123 et
2939 4071 3098 4140 legem
3130 4077 3180 4125 et
3219 4074 3382 4126 locum

1813 4158 1984 4212 istum.
2015 4157 2144 4225 Quae
2173 4157 2293 4212 illos
2324 4159 2554 4213 maxime
2575 4159 2889 4225 turbabant,
2925 4162 3179 4230 templum
3209 4173 3263 4217 et
3303 4165 3381 4218 le-

1814 4266 1931 4320 gem
1952 4292 1966 4318 ,
2001 4249 2116 4306 ha'c
2139 4250 2427 4322 proferunt
2464 4251 2562 4306 illi.
2591 4251 2774 4322 Neque
2817 4253 3014 4308 Paulus
3035 4253 3150 4310 haec
3179 4257 3384 4324 patiens

1814 4343 1883 4400 de
1910 4343 1994 4400 his
2023 4344 2122 4399 etsi
2168 4344 2330 4399 tantis
2371 4343 2643 4414 apostolos
2669 4344 2973 4411 accusavit,
3003 4345 3141 4415 quod
3197 4347 3296 4416 ipsi
3329 4348 3382 4402 in

1815 4452 1973 4492 causa
2021 4435 2212 4492 horum
2253 4443 2476 4492 essent:
2524 4435 2660 4491 adeo
2702 4445 2818 4492 erat
2879 4438 3266 4506 magnanimus.
3317 4438 3386 4492 Et

1817 4529 2077 4584 trahebant
2101 4545 2240 4593 eum,
2273 4528 2482 4598 inquit,
2512 4537 2654 4582 extra
2679 4527 2920 4597 templum
2945 4545 2964 4582 :
2993 4538 3037 4583 et
3065 4529 3250 4582 clausa:
3268 4540 3385 4583 sunt

1815 4624 2004 4689 ianum.
2033 4620 2295 4675 Volebant
2337 4619 2478 4674 enim
2509 4620 2657 4674 illum
2700 4619 3034 4684 interﬁcere;
3083 4619 3202 4674 ideo
3243 4619 3384 4674 foras

1816 4713 1963 4767 illum
1990 4711 2289 4777 trahebant,
2317 4719 2377 4765 ut
2400 4725 2519 4765 cum
2543 4711 2744 4779 majore
2768 4710 2976 4764 licentia
3004 4711 3104 4763 hoc
3129 4710 3381 4765 facerent.

1816 4805 1903 4860 51.
1934 4804 2279 4871 Quaerentibus
2324 4813 2489 4857 autem
2535 4802 2639 4856 illis
2669 4817 2781 4854 eum
2811 4800 3036 4855 occidere
3055 4842 3070 4867 ,
3101 4803 3384 4854 nuntiatum

1816 4905 1888 4950 est
1904 4895 2101 4949 tribuno
2117 4894 2356 4959 cohortis,
2379 4893 2512 4963 quod
2532 4902 2635 4946 tota
2654 4892 3045 4961 confunderetur
3058 4890 3342 4945 Jerusalem
3359 4908 3379 4947 :

1816 4989 1905 5044 '52.
1939 4988 2037 5054 Qui
2065 4987 2230 5041 statim
2263 4985 2534 5054 assumptis
2560 4983 2798 5036 militibus
2827 4991 2872 5034 et
2897 4983 3266 5036 centurionibus
3291 4984 3381 5036 de-

1815 5081 1969 5134 currit
1993 5079 2060 5132 ad
2085 5079 2218 5132 illos.
2261 5077 2361 5141 Qui
2387 5092 2499 5128 cum
2529 5075 2764 5128 vidissent
2808 5073 3060 5126 tribunum
3089 5083 3136 5128 et
3163 5075 3343 5130 milites
3363 5116 3381 5142 ,

1816 5181 2125 5226 cessaverunt
2151 5178 2402 5238 percutere
2438 5166 2680 5220 Paulum.
2714 5166 2803 5220 55.
2836 5164 2979 5218 Tunc
3023 5167 3262 5220 accedens
3287 5169 3380 5220 tri-

1818 5266 1978 5319 bunus
2006 5261 2336 5333 apprehendit
2377 5276 2520 5323 eum,
2562 5269 2606 5312 et
2637 5258 2784 5324 iussit
2809 5274 2922 5311 eum
2960 5257 3165 5328 alligari
3196 5260 3357 5312 cateni

1817 5355 2010 5408 duabus
2040 5368 2058 5406 :
2085 5362 2130 5406 et
2158 5349 2495 5419 interrogabat
2538 5348 2648 5418 quis
2683 5357 2810 5402 esset
2838 5356 2883 5402 et
2906 5348 3027 5417 quid
3059 5348 3271 5419 fecisset.
3291 5347 3374 5403 54.

1816 5447 1918 5500 Alii
1944 5454 2110 5498 autem
2132 5441 2273 5495 aliud
2310 5438 2591 5493 clamabant
2627 5439 2679 5492 in
2708 5438 2870 5492 turba.
2899 5437 2970 5493 Et
2996 5453 3089 5492 cur
3113 5438 3321 5492 cxamin
3342 5458 3373 5491 l-

1817 5546 1969 5590 turus
2019 5547 2139 5588 eum
2180 5531 2334 5600 jussit
2367 5530 2518 5598 ligari
2562 5531 2764 5584 catenis
2806 5528 3048 5584 duabus?
3094 5527 3158 5583 Ut
3203 5527 3380 5597 populi

1817 5626 2050 5681 furorem
2079 5623 2364 5692 mitigaret.
2399 5621 2462 5673 Et
2498 5637 2609 5673 cum
2638 5637 2741 5675 non
2782 5630 2945 5690 posset
2973 5630 3157 5674 certum
3199 5635 3382 5687 cogno-

1819 5736 1953 5775 scere
1975 5735 2080 5788 prte
2109 5715 2358 5782 tumultu,
2387 5714 2533 5781 iussit
2566 5714 2681 5767 duci
2707 5730 2821 5766 eum
2864 5713 2916 5766 in
2964 5723 3146 5765 castra.
3187 5712 3271 5765 33.
3321 5712 3381 5763 lit

1817 5831 1930 5869 cum
1959 5811 2164 5866 venisset
2190 5809 2256 5862 ad
2279 5808 2465 5879 gradus
2487 5847 2500 5871 ,
2529 5807 2773 5876 contingit
2801 5815 2856 5858 ut
2886 5814 3169 5874 portaretur
3195 5822 3224 5856 α
3247 5805 3380 5857 mili-

1818 5908 1946 5962 tibus
1969 5913 2169 5975 pr0pter
2197 5903 2295 5955 vim
2319 5901 2534 5971 pepuli:
2567 5900 2658 5955 56.
2704 5898 2995 5968 sequebatur
3037 5900 3167 5952 enim
3210 5900 3382 5952 multi.
