3948 6466
584 407 689 466 3‘35

584 534 704 579 ludo
753 526 964 596 pepuli,
1018 524 1244 579 clamans
1269 538 1290 578 :
1320 521 1459 575 Tolle
1494 535 1628 573 eum.
1668 518 1805 585 Quid
1850 527 1967 581 est,
2013 516 2155 569 Tolle

587 619 739 672 eum?
763 618 875 672 Mos
902 624 1019 673 erat
1044 615 1242 671 Judazis
1264 655 1280 681 ,
1308 622 1490 668 contra
1520 626 1636 678 eos,
1662 624 1795 681 quos
1819 610 2152 671 damnarent,

586 708 658 763 ita
690 710 869 778 loqui,
902 717 959 763 ut
983 716 1037 763 et
1061 716 1250 762 contra
1275 704 1547 759 Christum
1573 703 1845 769 fecerunt,
1876 701 2152 768 dicentes,

584 799 730 853 Tolle
765 801 948 863 illum;
998 800 1099 853 hoc
1142 808 1261 861 est,
1307 796 1374 851 de
1413 811 1635 850 numero
1674 794 1965 849 viventium
2010 793 2149 849 dele.

584 891 808 957 Quidam
834 904 964 957 vero
993 888 1175 943 dicunt
1200 930 1213 953 ,
1248 887 1299 941 id
1331 901 1447 942 esse
1476 886 1618 957 quod
1644 886 1781 955 apud
1810 900 1908 941 nos
1928 899 1992 940 ex
2040 884 2152 939 Bo-

584 1000 735 1037 rnana
764 981 1145 1037 consuetudine
1182 981 1377 1035 dicitur
1410 998 1423 1033 :
1454 979 1681 1034 immitte
1708 980 1854 1033 illum
1883 980 1932 1032 in
1980 978 2148 1047 signa.

582 1078 669 1129 '57.
707 1074 772 1127 Et
798 1091 912 1127 cum
937 1074 1161 1143 caspisset
1196 1074 1248 1126 in
1271 1083 1436 1127 castra
1457 1072 1629 1125 induci
1663 1069 1880 1137 Paulus,
1920 1071 2039 1123 dicit
2065 1069 2155 1122 tui-

581 1167 711 1218 buno
739 1181 759 1219 .'
789 1166 849 1219 Si
874 1166 985 1218 licet
1011 1164 1135 1217 milii
1181 1164 1316 1235 loqui
1359 1164 1426 1217 ad
1463 1174 1528 1218 te.
1572 1162 1704 1218 Cum
1758 1172 2056 1231 gestarelur
2101 1162 2153 1217 in

583 1256 854 1325 gradibus,
876 1257 1004 1325 petit
1021 1255 1269 1326 quiddam
1296 1256 1508 1310 tribuno
1533 1256 1730 1312 dicere.
1766 1254 1831 1309 Et
1856 1254 1974 1309 vide
1996 1270 2152 1323 quant

592 1356 867 1401 mansuete
896 1364 910 1399 :
940 1346 1002 1401 Si
1022 1347 1145 1400 mihi
1172 1347 1285 1400 licet
1313 1346 1448 1415 loqui
1476 1348 1543 1399 ad
1569 1357 1635 1411 te,
1666 1346 1850 1415 inquit.
1883 1345 1981 1412 Qui
2005 1345 2149 1410 dixit,

580 1437 755 1492 Grtece
782 1439 959 1492 nosti?
985 1439 1073 1495 58.
1109 1438 1293 1493 Nonne
1320 1448 1373 1491 tu
1399 1455 1450 1493 es
1474 1436 1752 1509 [Egyptius
1776 1480 1791 1507 ,
1822 1438 1906 1508 qui
1934 1438 2153 1492 anteltos

581 1531 687 1585 dies
725 1531 991 1584 tumultum
1019 1532 1315 1596 concitasti,
1344 1540 1389 1585 et
1420 1531 1637 1585 eduxisti
1660 1532 1715 1584 in
1744 1531 1993 1585 desertum
2024 1547 2152 1600 qua-

585 1634 699 1677 tuor
726 1624 889 1676 millia
914 1624 1135 1678 virorum
1160 1624 1499 1679 sicariorum?
1527 1624 1623 1679 Hic
1664 1624 1946 1694 Egyptius
1994 1624 2152 1678 homo

581 1724 717 1775 erat,
747 1714 986 1783 quaedam
1015 1714 1275 1769 iunovaus
1303 1723 1357 1770 et
1386 1714 1691 1769 seditiosus.
1720 1714 1831 1769 Hac
1857 1715 1923 1770 de
1951 1730 2010 1769 re
2034 1729 2153 1769 sese

582 1815 770 1877 purgat
795 1807 1009 1872 Paulus,
1032 1816 1087 1861 et
1110 1807 1265 1862 dictis
1291 1808 1400 1861 suis
1422 1808 1560 1862 tollit
1576 1807 2150 1877 suspicionemNerum

585 1900 827 1967 superius
854 1898 990 1952 lecta
1022 1908 1344 1967 repetamus.
1390 1898 1526 1954 Sunt
1569 1900 1750 1963 nobis,
1801 1900 2012 1968 inquit,
2057 1899 2152 1952 viri

577 2001 793 2061 quatuor
812 2002 980 2045 votum
1002 1991 1235 2045 habentes
1259 2008 1410 2060 super
1438 2008 1490 2046 se
1512 2008 1529 2046 :
1554 1992 1631 2046 bis
1651 1992 1922 2060 assumptis
1939 1992 2153 2061 puri/ica

580 2095 628 2138 te
651 2100 766 2138 cum
790 2085 910 2139 illis.
942 2084 1020 2138 Ad
1052 2086 1163 2139 haec
1188 2098 1291 2140 non
1320 2084 1577 2139 obnititur
1622 2085 1814 2138 Paulus
1838 2126 1852 2151 ,
1899 2084 1991 2138 sed
2039 2099 2153 2137 mo-

580 2190 694 2228 rem
719 2177 873 2245 gerit.
904 2174 1053 2230 Unde
1079 2176 1253 2245 palam
1303 2185 1385 2230 est
1426 2176 1528 2230 hoc
1569 2192 1673 2230 non
1721 2176 2023 2229 necessario
2072 2174 2150 2228 fa-

580 2266 828 2320 ciendum
861 2267 1023 2321 fuisse
1051 2266 1317 2336 (ideoque
1355 2267 1672 2337 persuadent
1712 2266 1868 2337 illi),
1909 2267 2001 2320 sed
2051 2265 2153 2320 hoc

583 2373 678 2427 per
702 2358 1052 2413 oeconomiam
1083 2366 1138 2414 et
1182 2358 1563 2429 indulgentiam
1607 2358 1803 2413 factum
1847 2374 1986 2414 esse.
2034 2357 2149 2412 Non

575 2456 693 2503 erat
724 2464 850 2518 ergo
877 2450 977 2505 hoc
1006 2449 1871 2521 przedicationisimpedimentum,
1891 2449 2149 2520 siquidem

576 2550 631 2593 et
656 2540 880 2609 apostoli
907 2540 1022 2595 haec
1051 2542 1153 2595 illis
1182 2545 1509 2596 statuebant.
1550 2540 1663 2596 Hoc
1708 2543 1889 2612 itaque
1927 2542 2147 2611 dispen-

575 2645 701 2686 sans
720 2674 735 2699 ,
770 2633 881 2702 ipse
909 2642 1083 2689 tamen
1112 2635 1327 2689 Petrum
1354 2634 1607 2703 deinceps
1631 2634 1837 2688 incusat
1862 2652 1875 2698 ;
1909 2648 2007 2688 nec
2037 2634 2152 2689 sine

579 2737 737 2778 causa
769 2722 867 2777 hoc
900 2724 1023 2777 fecit
1056 2741 1069 2777 :
1102 2740 1221 2777 nam
1248 2724 1386 2792 quod
1415 2724 1501 2778 hic
1528 2724 1726 2779 fecerat
1754 2725 1897 2794 ipse,
1941 2723 2042 2779 hoc
2082 2725 2151 2780 ibi

583 2812 771 2868 Petrus
796 2824 978 2869 tacens
1004 2823 1057 2869 et
1083 2815 1358 2870 stabiliens
1388 2814 1579 2884 dogma
1626 2829 1801 2869 suum.
1842 2814 1958 2869 Non
2010 2814 2151 2871 dicc-

582 2905 709 2959 bant
740 2922 753 2958 :
784 2906 899 2961 Non
927 2902 1136 2975 oportet
1162 2906 1387 2977 gentiles
1414 2908 1640 2975 docere;
1671 2923 1842 2978 neque
1864 2951 1878 2970 .
1908 2907 2150 2964 Sufficiat

578 2998 719 3066 quod
749 3014 852 3053 non
882 2999 1199 3067 praedicetur
1220 2999 1327 3055 illic
1355 3016 1369 3053 :
1398 3000 1493 3054 sed
1524 3009 1735 3069 oportet
1762 3001 1889 3071 quid
1919 3001 2149 3071 amplius

581 3088 757 3144 facere
777 3132 790 3152 ,
820 3100 877 3143 ut
904 3089 1326 3159 persuadeantur
1355 3090 1432 3145 illi
1462 3099 1510 3145 te
1544 3091 1713 3160 legem
1736 3090 2028 3147 custodire.
2056 3096 2149 3147 At-

580 3182 894 3251 tempcratio
939 3191 1022 3235 est
1062 3195 1149 3235 res
1196 3181 1320 3248 illa,
1372 3196 1439 3236 ne
1485 3181 1692 3236 timeas.
1738 3182 1806 3237 Et
1842 3183 1962 3237 vide
1999 3197 2012 3232 :
2047 3198 2150 3238 non

579 3273 723 3343 prius
758 3273 1081 3342 persuadent
1110 3274 1185 3327 illi
1211 3315 1226 3341 ,
1257 3290 1414 3343 quam
1442 3285 1828 3344 reprmsentent
1853 3285 1907 3331 et
1933 3291 2149 3333 meone—

578 3366 737 3421 ntiam
766 3377 819 3421 et
847 3366 1072 3421 lucrum.
1102 3366 1173 3422 Et
1199 3367 1337 3436 quod
1368 3367 1713 3439 Jerosolymze
1744 3371 1924 3435 fieret,
1956 3371 2149 3425 tolera-

577 3456 684 3511 bile
713 3468 848 3511 erat.
881 3457 991 3512 Hoc
1012 3458 1172 3526 igitur
1201 3458 1288 3513 hic
1320 3457 1516 3523 facito,
1549 3468 1605 3512 ut
1636 3459 1762 3513 illud
1792 3472 1942 3515 extra
1974 3462 2149 3516 civita-

579 3555 681 3603 tem
714 3549 849 3603 hanc
884 3549 979 3602 tibi
1018 3546 1193 3603 facere
1238 3549 1411 3603 liceat.
1461 3547 1601 3602 Tunc
1649 3548 1848 3604 Paulus
1874 3592 1889 3617 ,
1938 3552 2146 3620 inquit,

576 3640 850 3711 assumptis
879 3640 998 3695 viris
1022 3641 1245 3711 sequenti
1290 3641 1391 3695 die.
1434 3640 1549 3697 Non
1597 3640 1835 3708 distulit,
1868 3642 1960 3697 sed
1989 3659 2151 3712 opere

577 3740 880 3785 monstrans
906 3746 965 3786 se
996 3746 1304 3801 persuasum
1331 3747 1451 3789 esse
1474 3772 1490 3799 ,
1535 3735 1761 3788 assumit
1792 3748 1887 3789 eos
1930 3736 2149 3805 quibus-

576 3835 697 3877 cum
722 3835 781 3877 se
813 3821 1184 3890 purificatnrus
1208 3834 1323 3877 erat
1354 3841 1365 3877 :
1398 3824 1526 3878 tanti
1559 3823 1782 3880 fervoris
1811 3834 1892 3880 est
1928 3840 2147 3882 (ecouo-

577 3914 681 3966 mia
714 3914 1036 3982 hujusmodi.
1064 3915 1130 3969 Et
1155 3915 1441 3985 quomodo,
1476 3914 1702 3987 inquies,
1734 3916 1903 3972 Judaei
1926 3918 2146 3974 Asiatici

576 4004 825 4059 viderunt
846 4007 993 4061 illum
1025 4007 1076 4061 in
1107 4008 1341 4077 templo?
1365 4008 1664 4065 Verisimile
1690 4019 1773 4065 est
1807 4026 1899 4066 eos
1941 4012 2147 4083 aliquot

577 4095 763 4150 diebus
789 4096 945 4151 isthic
973 4106 1215 4153 versatos
1240 4114 1380 4154 esse.
1415 4099 1549 4155 Vide
1575 4110 1750 4155 autem
1778 4117 1891 4157 rem
1919 4118 1987 4159 ex
2039 4104 2147 4159 dis-

576 4191 883 4259 pensatione
906 4190 1131 4260 quadam
1159 4190 1350 4246 factam
1383 4206 1523 4248 esse.
1550 4193 1833 4263 Postquam
1861 4196 2002 4251 cnim
2026 4212 2147 4266 per-

573 4282 717 4337 suasi
743 4281 951 4336 fuerant
971 4282 1158 4346 Judaei,
1192 4292 1316 4338 tunc
1342 4284 1622 4356 insurgunt
1648 4288 1700 4341 iu
1729 4288 1877 4342 illum
1912 4308 1925 4341 :
1953 4299 2007 4343 et
2035 4306 2065 4345 e
2088 4307 2145 4347 re

573 4370 783 4442 quidem
807 4412 823 4438 ,
852 4381 908 4425 ut
932 4387 999 4427 ne
1023 4372 1098 4426 illi
1125 4373 1283 4427 etiam
1312 4375 1363 4427 in
1389 4373 1562 4444 ipsum
1589 4375 1942 4447 insurgerent.
1974 4379 2141 4449 Adju-

573 4471 717 4528 eate,
748 4462 1013 4531 inquiunt,
1040 4464 1135 4517 viri
1156 4463 1423 4518 Israelitaz.
1455 4469 1530 4520 Ac
1556 4467 1600 4520 si
1630 4468 1749 4536 quis
1792 4478 1951 4538 captu
1998 4470 2139 4524 diﬂi-

572 4552 688 4607 cilis
716 4552 769 4606 in
790 4567 976 4607 eorum
1003 4567 1199 4613 manus
1226 4554 1535 4622 incidisset,
1564 4557 1813 4627 Adjuvate
1834 4600 1849 4623 ,
1879 4560 2139 4630 inquiunt.

572 4642 674 4698 Hic
693 4654 764 4699 est
788 4684 802 4710 ,
842 4645 929 4716 qui
953 4646 1132 4713 ubique
1158 4663 1329 4703 omnes
1350 4650 1512 4703 docet.
1536 4649 1653 4705 Non
1687 4650 1787 4706 llic
1806 4654 1983 4708 solum
2008 4696 2024 4723 ,
2063 4657 2143 4710 in-

569 4734 790 4807 quiunt,
818 4736 912 4791 sed
954 4736 1167 4808 Ubique.
1196 4738 1332 4793 Tum
1380 4742 1537 4796 etiam
1583 4746 1852 4800 accusatio
1901 4748 2071 4819 major
2110 4764 2141 4804 a

570 4829 942 4899 praesentibus.
965 4831 1045 4885 Ad
1067 4831 1199 4899 haec,
1221 4832 1487 4903 inquiunt,
1526 4835 1830 4907 Proranavit
1858 4842 2099 4911 templum
2122 4884 2137 4910 ,

568 4920 702 4975 viros
719 4922 930 4992 gentiles
950 4922 1213 4978 inducens.
1253 4926 1413 4996 Atqui
1458 4930 1619 4983 etiam
1666 4930 1859 4986 Christi
1902 4944 2141 5006 tempore

572 5011 930 5068 ascenderunt
958 5013 1267 5083 adoraturi;
1299 5016 1393 5073 sed
1417 5018 1469 5073 hi
1500 5018 1785 5090 loquuntur
1810 5023 1878 5078 de
1906 5024 1970 5079 iis
1993 5066 2009 5092 ,
2048 5029 2137 5096 qui

568 5118 676 5160 non
702 5104 957 5159 adorandi
988 5122 1147 5161 causa
1168 5108 1471 5164 veniebant.
1501 5109 1569 5164 Et
1594 5125 1921 5183 assumentes,
1945 5116 2130 5187 inquit,

568 5193 832 5262 Paulum,
862 5196 1121 5251 trahebant
1148 5199 1294 5253 illum
1318 5207 1476 5271 foras.
1500 5202 1774 5273 Perpende
1799 5246 1813 5271 ,
1862 5223 1892 5261 a
1942 5212 2139 5279 templo

568 5284 785 5355 cjiciunt
815 5285 962 5341 illum
995 5301 1009 5340 :
1041 5303 1211 5358 neque
1236 5291 1379 5345 enim
1412 5293 1547 5347 ultra
1593 5294 1797 5365 legibus
1841 5298 1923 5353 vel
1972 5301 2139 5355 tribu-

570 5372 779 5430 nalibus
802 5389 937 5445 opus
965 5376 1231 5434 habebant
1255 5396 1270 5445 ;
1304 5382 1528 5454 ideoque
1560 5385 1708 5440 illum
1736 5390 2133 5457 percutiebant:

567 5467 645 5522 sic
672 5480 767 5537 per
795 5468 975 5524 omnia
1005 5469 1214 5526 feroces
1251 5482 1306 5527 et
1344 5476 1641 5543 petulantes
1684 5489 1828 5534 sunt.
1873 5481 1965 5538 Ille
2009 5499 2137 5540 vero

568 5565 694 5612 tunc
718 5556 933 5628 quidem
964 5575 1071 5614 non
1097 5575 1216 5617 sese
1242 5567 1511 5634 purgavit,
1540 5569 1633 5624 sed
1662 5580 1880 5639 postea;
1927 5584 1982 5630 et
2017 5576 2137 5645 jure

568 5647 781 5718 quidem
812 5664 827 5703 :
856 5659 983 5706 tunc
1009 5651 1149 5706 enim
1173 5668 1242 5709 ne
1270 5654 1788 5729 audissentquidem.
1818 5665 1882 5717 Et
1906 5680 2003 5721 cur
2029 5668 2136 5722 cla-

570 5740 785 5796 mabant
806 5782 823 5807 ,
857 5737 1000 5798 Tolle
1025 5759 1138 5798 eum
1160 5744 1188 5797 .’
1221 5745 1499 5802 Timebant
1520 5790 1535 5814 ,
1589 5767 1655 5805 ne
1700 5755 1973 5821 effugeret.
2029 5758 2134 5814 Sed

571 5831 723 5901 vide,
749 5847 871 5890 cum
897 5846 1091 5906 quanta
1128 5838 1387 5896 modestia
1434 5840 1627 5899 Paulus
1653 5858 1771 5900 cum
1820 5848 2032 5904 tribuno
2054 5852 2132 5906 lo-

1300 407 1359 463 S.
1397 403 1666 459 JOXNNIS
1702 400 2168 459 CllllYSOSTOMl
2207 400 2516 458 AliCIllEP.
2557 401 3080 459 CONS'I'ANTINOP.
3725 408 3810 466 324

2262 524 2474 583 quatur.
2517 516 2650 582 Quid
2698 517 2836 572 enim
2885 517 3048 572 dicit?
3100 518 3160 574 Si
3206 519 3327 573 mihi
3375 521 3487 575 licet
3518 522 3715 590 aliquid
3736 524 3815 575 tibi

2259 607 2468 660 dicere?
2497 606 2567 661 lta
2596 617 2712 661 erat
2742 608 2954 664 humilis
2977 650 2993 675 ,
3041 621 3098 664 ut
3150 611 3343 680 ubique
3390 613 3634 668 modeste
3675 631 3816 684 agere

2258 699 2441 755 sciret.
2472 698 2659 753 Nonne
2688 712 2740 753 tu
2765 719 2835 764 es,
2865 702 3061 773 inquit,
3091 703 3365 775 .Egyptius
3393 705 3501 761 ille.

2328 793 2383 848 5.
2432 792 2565 847 Vide
2612 794 2993 864 malignitatem
3037 796 3254 852 diaboli.
3298 799 3559 868 Deceplor
3610 810 3727 855 erat
3772 813 3819 855 et

2257 878 2611 948 praestigiator
2636 878 2912 951 Egyptius
2943 882 3060 947 ille,
3091 892 3143 936 et
3168 885 3414 953 sperabat
3450 899 3509 940 se
3554 901 3651 956 per
3681 886 3817 939 illum

2254 983 2370 1023 rem
2401 968 2802 1023 obscuraturum
2833 985 2950 1025 esse
2970 1013 2985 1036 ,
3014 982 3066 1028 et
3092 972 3189 1029 hos
3217 974 3362 1029 illius
3390 977 3657 1032 scelerum
3702 992 3817 1031 con-

2254 1068 2429 1115 sortes
2475 1061 2739 1129 reddere,
2781 1074 2834 1118 et
2869 1062 3138 1119 Christum
3185 1083 3376 1137 nempe
3432 1078 3489 1123 et
3531 1072 3818 1138 apostolos.

2255 1148 2360 1205 Sed
2390 1149 2518 1205 nihil
2547 1152 2746 1222 potuit,
2778 1154 2883 1209 imo
2908 1154 3032 1210 hinc
3076 1158 3405 1226 splendidior
3452 1162 3650 1216 veritas
3695 1163 3820 1217 facta

2256 1252 2340 1297 est
2362 1281 2378 1308 ,
2412 1241 2541 1296 nihil
2571 1257 2637 1298 ex
2663 1244 2857 1301 diaboli
2886 1247 3145 1302 machinis
3171 1248 3318 1316 laesa,
3352 1254 3459 1306 imo
3500 1254 3670 1325 magis
3714 1256 3822 1313 illm

2254 1343 2438 1389 strata.
2466 1336 2598 1391 Nam
2623 1338 2666 1392 si
2697 1340 3105 1411 praestigiatores
3133 1356 3238 1397 non
3268 1342 3525 1412 fuissent,
3545 1361 3609 1401 ac
3638 1348 3823 1404 deinde

2250 1412 2310 1479 ~hi
2337 1428 2619 1494 vicissent,
2651 1432 2786 1484 forte
2830 1431 3063 1500 StlSpiciO
3105 1431 3295 1487 fuisset
3329 1449 3487 1490 :cum
3533 1448 3712 1493 autem
3753 1441 3823 1495 illi

2256 1520 2660 1588 apparuissent,
2710 1520 2763 1575 hi
2807 1522 3067 1577 vicerunt.
3115 1522 3227 1579 Hoc
3276 1535 3453 1581 autem
3484 1529 3677 1583 mirum
3727 1542 3819 1585 est.

2257 1611 2380 1665 Ideo
2440 1627 2696 1683 apparere
2752 1630 2855 1669 non
2900 1615 3287 1683 prohibentur,
3332 1628 3389 1671 ut
3429 1628 3484 1674 et
3531 1620 3612 1675 sic
3662 1624 3823 1692 magis

2258 1701 2488 1772 fulgeant
2520 1721 2532 1757 :
2563 1714 2616 1757 ut
2643 1704 2800 1758 etiam
2829 1705 2954 1759 alibi
3001 1705 3163 1769 dicit,
3200 1705 3269 1762 Ut
3307 1710 3393 1777 qui
3438 1710 3640 1779 probati
3690 1725 3821 1779 sunt,

2257 1796 2511 1865 manifesti
2538 1797 2663 1864 ﬁant
2694 1802 2711 1867 (
2743 1800 2794 1851 1.
2826 1796 2943 1851 Cor.
2993 1799 3082 1854 Η.
3132 1799 3198 1855 19
3228 1801 3267 1871 ).
3300 1800 3428 1857 Tale
3475 1803 3747 1873 quidpiam
3776 1816 3828 1860 et

2255 1885 2509 1940 Gamaliel
2560 1886 2769 1942 dicebat
2824 1906 2838 1943 :
2883 1888 3013 1943 Ante
3057 1890 3148 1945 ltos
3182 1891 3287 1946 dies
3324 1896 3539 1949 surrexit
3590 1894 3823 1952 Theudas

2257 1976 2407 2047 (Act.
2431 1977 2483 2033 5.
2512 1977 2580 2032 56
2596 1984 2637 2048 ).
2660 1978 2891 2035 Sicarios
2911 1996 3038 2036 vero
3065 1984 3278 2052 quidam
3304 1984 3487 2042 dicunt
3514 2004 3637 2043 esse
3661 2005 3827 2059 genus

2257 2068 2518 2124 latronum
2539 2112 2554 2137 ,
2583 2071 2661 2126 sic
2691 2073 2984 2143 appellatos
3017 2089 3047 2129 a
3072 2076 3261 2145 gladiis
3284 2119 3299 2145 ,
3330 2095 3463 2149 quos
3507 2082 3825 2151 gestabant,

2255 2158 2393 2213 sicas
2422 2159 2593 2215 dictos
2619 2162 2906 2218 Romanis:
2931 2165 3023 2221 alii
3048 2180 3177 2223 vero
3202 2177 3428 2239 putant,
3472 2186 3538 2227 ex
3589 2189 3691 2229 una
3732 2174 3826 2231 Ju-

2254 2248 2490 2304 daeorum
2512 2260 2656 2306 secta
2681 2253 2863 2311 fuisse.

2327 2338 2597 2412 Magorum
2637 2345 2891 2416 prtestigia
2918 2349 3263 2417 apostolorum
3297 2352 3556 2409 miraculis
3583 2358 3830 2427 majorem

2255 2431 2353 2485 vim
2378 2433 2654 2489 contulere.
2689 2437 2854 2491 Secta:
2876 2436 3412 2499 Juda'orum.—Trcs
3439 2461 3671 2517 namque
3709 2460 3831 2506 sunt

2254 2521 2393 2591 apud
2435 2524 2579 2591 ipsos
2607 2535 2767 2581 secta:
2786 2570 2800 2593 ,
2831 2524 3251 2597 Phariszeorum,
3284 2531 3706 2593 Sadducazorum
3726 2582 3741 2605 ,
3771 2552 3830 2596 et

2255 2613 2579 2669 Essenorum
2609 2618 2697 2686 qui
2739 2629 2792 2673 et
2831 2619 3010 2676 Sancti
3052 2634 3304 2680 vocantur
3343 2626 3486 2697 (hoc
3534 2632 3681 2684 enim
3729 2633 3831 2686 sibi

2254 2706 2365 2759 Vult
2388 2705 2487 2762 hoc
2510 2724 2705 2764 nomen
2737 2710 2962 2786 Esseni)
2987 2756 3002 2780 ,
3033 2713 3190 2786 idque
3216 2718 3285 2771 ob
3309 2720 3428 2774 vita:
3465 2724 3826 2778 sanctitatem.

2257 2796 2416 2852 Iidem
2448 2815 2575 2855 vero
2599 2812 2649 2856 et
2680 2801 2866 2858 Sicarii
2893 2804 3056 2873 dicti,
3084 2808 3225 2877 quod
3273 2820 3454 2866 essent
3498 2814 3716 2869 zelotaz.
3761 2816 3829 2873 Ne

2256 2905 2383 2961 ergo
2412 2891 2687 2949 doleamus
2715 2898 2852 2966 quod
2884 2909 3043 2954 secta:
3068 2902 3194 2969 sint,
3228 2913 3418 2958 cumet
3438 2906 3829 2975 pseudochristi

2256 2980 2487 3050 fuerint,
2516 2986 2605 3055 qui
2635 2983 2847 3041 Christo
2875 2989 3111 3045 insidiari
3144 2993 3463 3062 voluerunt,
3504 3008 3560 3051 et
3603 3000 3829 3053 antehac

2255 3083 2309 3126 ct
2339 3083 2550 3143 postea,
2586 3086 2642 3131 ut
2671 3078 3013 3136 obscurarent
3056 3082 3227 3137 illum.
3261 3082 3364 3140 Sed
3413 3088 3613 3143 veritas
3667 3090 3827 3161 fulget

2255 3176 2307 3219 et
2333 3166 2578 3236 Splendet
2604 3168 2815 3240 ubique.
2847 3171 2957 3227 Hoc
2983 3181 3037 3228 et
3066 3176 3446 3245 proiihetarum
3472 3196 3593 3236 sevo
3636 3182 3827 3239 factum

2254 3268 2336 3312 est
2368 3272 2383 3312 :
2412 3259 2624 3316 fuerunt
2676 3263 3184 3335 pseudopmphetoe,
3213 3277 3269 3323 et
3295 3272 3405 3326 veri
3434 3286 3503 3328 ex
3550 3288 3825 3345 compara.

2256 3350 2397 3404 tione
2424 3352 2590 3421 magis
2636 3353 2976 3425 effulgebant.
3030 3358 3238 3413 Etenim
3280 3364 3497 3419 morbus
3547 3370 3824 3423 sanitatem

2254 3443 2594 3511 conspicuam
2621 3443 2781 3509 facit,
2830 3457 2884 3501 et
2934 3449 3167 3504 tenebrae
3209 3452 3415 3521 lucem,
3466 3461 3823 3528 tranquillitac

2254 3539 2466 3601 teloque
2495 3543 2795 3605 tempestas.
2822 3539 2937 3595 Non
2966 3552 3187 3611 possunt
3209 3546 3429 3614 gentiles
3463 3548 3671 3617 dicere,
3692 3552 3823 3621 quod

2253 3623 2329 3675 illi
2375 3625 2693 3693 deceptorcs
2736 3638 2791 3684 et
2834 3633 3248 3703 prurstigiatores
3288 3637 3525 3692 fuerint:
3564 3641 3640 3695 illi
3689 3645 3820 3697 enim

2251 3716 2480 3769 convicti
2527 3727 2670 3774 sunt.
2716 3720 2828 3777 Hoc
2875 3724 3036 3779 etiam
3072 3725 3240 3797 Moysi
3288 3729 3526 3783 accidit:
3559 3736 3821 3787 concessit

2253 3806 2394 3861 Deus
2423 3818 2479 3862 ut
2509 3813 2643 3881 magi
2674 3824 2876 3881 essent,
2910 3832 2976 3872 ne
3004 3833 3189 3889 magus
3221 3830 3497 3891 putaretur
3522 3841 3649 3882 esse
3687 3828 3819 3899 Moy-

2250 3913 2337 3955 Ses
2371 3919 2384 3954 :
2416 3904 2659 3972 permisit
2698 3916 2758 3959 ut
2797 3906 3052 3963 docerent
3092 3926 3277 3967 omnes
3303 3955 3317 3980 ,
3352 3928 3611 3984 quantum
3656 3923 3813 3989 magis

2252 4004 2461 4065 poterat
2485 3999 2849 4067 comminisci;
2896 4003 3031 4057 ultra
3076 4014 3253 4060 autem
3304 4024 3406 4062 non
3457 4011 3803 4081 deceperuut,

2250 4090 2343 4145 sed
2372 4091 2471 4160 ipsi
2502 4106 2620 4147 sese
2650 4094 2818 4148 victos
2843 4095 3071 4151 confessi
3101 4109 3243 4152 sunt.
3274 4098 3413 4154 Nihil
3441 4103 3599 4157 nobis
3631 4114 3806 4159 nocent

2248 4180 2593 4252 deceptores;
2621 4186 2727 4237 imo
2764 4201 2861 4241 nos
2888 4189 3131 4242 meliores
3158 4191 3402 4256 reddunt,
3434 4196 3476 4246 si
3505 4196 3630 4264 quis
3655 4208 3808 4250 atten-

2249 4274 2377 4329 dere
2402 4276 2546 4330 velit.
2593 4277 2726 4343 Quid
2771 4279 2964 4348 igitur,
3014 4281 3251 4351 inquies,
3294 4284 3338 4337 si
3386 4285 3601 4339 illorum
3640 4290 3809 4357 gloria:

2248 4379 2524 4424 consortes
2549 4370 2757 4425 simus?
2786 4372 2898 4425 Non
2924 4373 3061 4443 apud
3092 4389 3189 4428 nos
3216 4376 3435 4445 gloriam
3467 4378 3698 4445 habent,
3725 4381 3811 4435 sed

2247 4458 2386 4527 apud
2416 4474 2543 4526 eos,
2571 4462 2658 4530 qui
2680 4461 2881 4530 judicio
2909 4479 3014 4517 non
3042 4466 3242 4523 valent.
3274 4465 3349 4522 Ne
3392 4470 3617 4524 multum
3666 4488 3813 4527 cure-

2247 4566 2366 4604 mus
2396 4553 2569 4621 p0puli
2596 4568 2799 4619 auram,
2830 4570 2897 4610 ne
2940 4557 3073 4612 ultra
3103 4573 3259 4628 quam
3288 4570 3493 4630 oportet
3545 4566 3688 4619 illam
3734 4585 3814 4620 sc-

2247 4651 2472 4695 ctemur.
2505 4642 2616 4697 Deo
2638 4643 2883 4713 vivimus,
2913 4661 3018 4701 non
3057 4646 3388 4716 hominibus;
3418 4652 3473 4706 in
3510 4655 3644 4708 uelo
3690 4673 3813 4711 con.

2246 4748 2520 4789 versamur
2538 4776 2554 4803 ,
2581 4752 2685 4791 non
2714 4738 2766 4791 in
2795 4747 2933 4793 terra
2962 4757 2976 4793 2
3005 4740 3111 4797 illic
3139 4743 3319 4799 bravia
3348 4757 3401 4800 et
3423 4750 3644 4817 praemia
3672 4749 3812 4805 labo-

2244 4842 2364 4882 rum
2403 4837 2707 4885 nostrorum
2755 4829 2964 4900 jacent,
3008 4833 3131 4889 inde
3177 4835 3363 4891 laudes
3405 4851 3809 4908 exspectamus,

2246 4919 2367 4975 inde
2394 4934 2642 4976 coronas.
2674 4922 2908 4978 Eatenus
2946 4938 3193 4980 curemus
3232 4926 3509 4996 homines,
3552 4945 3812 5002 quatenus

2246 5027 2313 5067 ne
2337 5026 2519 5067 ansam
2545 5012 2649 5068 illis
2677 5014 3028 5084 prmbeamus.
3053 5016 3209 5084 Quod
3237 5018 3283 5073 si
3328 5021 3484 5076 nobis
3524 5038 3631 5077 non
3672 5040 3809 5093 pra:-

2242 5106 2490 5163 beutibus
2509 5148 2525 5175 ,
2554 5106 2631 5162 illi
2660 5108 2924 5163 voluerint
2956 5118 3154 5165 temere
3183 5121 3236 5166 et
3280 5112 3475 5168 frustra
3517 5130 3773 5173 accusare
3793 5160 3809 5183 ,

2243 5200 2541 5267 rideamus,
2576 5217 2680 5257 non
2711 5201 2997 5271 ploremus.
3046 5204 3125 5259 Tu
3175 5207 3394 5275 provide
3445 5209 3583 5263 bona
3630 5225 3810 5266 coram

2245 5294 2354 5348 Deo
2382 5300 2437 5348 et
2466 5292 2769 5348 hominibus
2802 5311 2815 5347 :
2845 5295 2891 5350 si
2918 5306 2969 5350 te
2995 5296 3132 5351 bona
3161 5298 3494 5367 providente,
3520 5301 3610 5357 ille
3638 5303 3812 5358 inces-

2242 5394 2361 5453 sat,
2405 5400 2473 5439 ne
2501 5399 2675 5439 cures.
2707 5385 2879 5441 Habes
2904 5390 3145 5457 exempla
3174 5390 3226 5443 in
3273 5390 3585 5459 Scripturis.
3637 5392 3809 5447 Num-

2240 5476 2363 5544 quid
2415 5477 2547 5530 enim
2599 5477 2880 5532 hominibus
2925 5482 3113 5534 suadeo
3146 5497 3214 5534 an
3243 5479 3352 5535 Deo
3380 5482 3540 5555 (Gal.
3579 5486 3631 5538 1.
3659 5485 3813 5555 10)?

2242 5571 2441 5641 inquit;
2466 5585 2529 5625 ac
2554 5587 2762 5625 rursum
2793 5589 2807 5626 :
2839 5570 3145 5627 Hominibus
3177 5577 3477 5641 suademus,
3508 5578 3614 5630 Deo
3637 5590 3811 5630 autm

2241 5663 2495 5731 manifesti
2519 5679 2688 5717 sumus
2716 5662 2734 5735 (
2764 5663 2819 5716 2.
2843 5665 2961 5719 Cor.
2990 5666 3043 5721 5.
3074 5666 3133 5719 ll
3164 5667 3203 5737 ).
3239 5666 3305 5721 Et
3343 5667 3582 5722 Christus
3627 5668 3694 5721 de
3746 5672 3811 5721 iis

2240 5760 2328 5827 qui
2354 5758 2721 5812 offendebatur
2745 5758 2952 5813 dicebat
2978 5775 2990 5809 :
3023 5759 3146 5814 Sine
3166 5762 3308 5825 illos,
3334 5765 3485 5814 duces
3527 5771 3642 5815 sunt
3687 5764 3815 5813 ra-ci

2243 5848 2739 5920 cwcorum(.llatth.
2774 5851 2857 5906 l5.
2909 5852 3048 5921 14);
3100 5868 3162 5909 ac
3204 5869 3411 5909 rursum
3446 5872 3460 5909 :
3500 5851 3583 5906 Vae
3628 5854 3805 5917 robii,
