4098 6354
191 255 307 311 5‘23

185 380 326 437 συν,
356 372 648 425 ἐκέλευσε
692 370 937 439 ἇτεσθαι
984 367 1169 423 αὐτὸν
1193 369 1279 433 είς
1308 365 1423 433 τὴν
1458 366 1859 436 παρεμϐολήν.

185 464 342 516 Ὅτε
384 460 453 513 δὲ
482 460 717 529 ἐγένετο
760 458 858 511 ἐπὶ
905 458 1046 524 τοὺς
1073 455 1469 524 ἀναϐαθμοὺς,
1493 453 1719 520 συνέϐη
1750 453 1861 517 βα·

181 548 519 610 στάζὲσθαι
552 546 739 601 αὑτὸν
761 546 878 600 ὑπὸ
909 543 1027 598 τῶν
1057 541 1427 611 στρατιωτῶν
1453 542 1549 596 διὰ
1574 542 1688 609 τὴν
1712 541 1862 605 ,βίαν

181 638 302 692 τοῦ
336 637 564 706 ὄχλου·
622 634 936 702 ἠκολούθει
999 631 1107 701 γὰρ
1160 629 1225 684 τὸ
1276 629 1509 698 πλῆθος
1555 629 1661 683 τοῦ
1707 628 1861 683 λαοῦ

184 723 433 793 κράζων,
460 718 598 789 Αἶρε
623 721 827 774 αὐτόν.
862 719 928 772 Τί
960 720 1127 780 ἐστιν,
1161 712 1301 784 Αἶρε
1342 718 1563 779 αὐτόν;
1606 715 1764 779 Ἔθος
1793 711 1861 787 ἢν

182 811 484 873 Ἰουδαίοις
511 809 633 862 καθ’
663 802 739 861 ὧν
770 808 837 861 ἂν
867 806 1226 876 ἀπεφαίνοντο
1250 804 1409 858 τοῦτο
1437 804 1634 873 λέγειν,
1665 805 1740 868 ὡς
1768 804 1862 858 καὶ

184 902 284 953 ἐπὶ
313 900 413 953 τοῦ
438 896 674 969 Χριστοῦ
708 896 767 950 τὸ
794 896 924 949 αὐτὸ
958 894 1233 963 φαίνονται
1255 894 1529 957 ποιοῦντες
1558 896 1651 947 καὶ
1676 893 1861 961 λέγον-

183 1008 305 1054 τες,
330 985 516 1056 Ἆρον
538 987 754 1041 αὐτόν·
804 984 1102 1046 τουτέστιν,
1143 982 1238 1035 Ἐκ
1264 981 1369 1034 τῶν
1391 980 1605 1045 ζώντων
1640 980 1861 1051 ποίησον

182 1078 398 1147 ἀφανῆ.
435 1076 592 1139 Τινὲς
621 1074 699 1135 δὲ,
734 1072 762 1125 ὂ
794 1073 922 1142 παρ’
944 1072 1076 1141 ἡμῖν
1097 1070 1313 1138 λέγουσι
1343 1067 1483 1122 κατά
1512 1067 1608 1138 τὴν
1633 1066 1863 1138 Ῥωμαῖ-

186 1167 294 1237 κὴν
350 1163 659 1236 συνήθειαν,
694 1160 782 1213 Ἐν
819 1161 931 1221 τοῖς
978 1158 1179 1226 σίγνοις
1228 1155 1388 1211 αὑτὸν
1438 1154 1665 1226 ἔμϐαλε,
1706 1153 1862 1210 τοῦτο

189 1251 334 1306 εἶναι
356 1252 443 1312 τὸ,
468 1247 603 1318 Αἶρε
622 1248 825 1301 αὐτόν.
859 1244 1115 1299 Μέλλων
1140 1245 1207 1297 δὲ
1230 1247 1315 1309 εἰς
1336 1242 1449 1311 τὴν
1479 1242 1862 1311 παρεμϐολὴν

188 1340 547 1408 εἰσάγεσθαι
573 1340 606 1389 ό
645 1334 903 1398 Παῦλος,
928 1331 1087 1401 λέγει
1118 1330 1196 1396 τῷ
1224 1331 1524 1400 χιλιάρχῳ·
1560 1332 1628 1384 El
1658 1330 1862 1394 ἒξεστί

185 1446 283 1497 μοι
337 1425 537 1479 εἰπεῖν
570 1440 623 1475 τι
654 1421 805 1489 πρὸς
842 1419 954 1482 σέ;
1006 1419 1129 1471 Ἐπὶ
1169 1421 1293 1480 τοὺς
1324 1416 1670 1487 ἀναϐαθμοὺς
1704 1417 1862 1486 φερό-

194 1534 375 1587 μενος,
402 1514 552 1579 ἀξιοῖ
582 1511 716 1582 πρὸς
733 1510 825 1562 τὸν
855 1508 1128 1578 χιλίαρχον
1154 1509 1328 1560 εἰπεῖν
1355 1524 1427 1559 τι.
1476 1506 1583 1559 Καὶ
1614 1506 1713 1577 ὅρα
1747 1505 1861 1568 πῶς

191 1602 473 1664 ἐπιεικῶς·
494 1602 567 1654 Εἱ
590 1597 795 1662 ἒξεστί
809 1614 910 1665 μοι
931 1594 1119 1648 εἰπεῖν
1137 1612 1189 1647 τι
1218 1594 1365 1662 πρὸς
1388 1591 1492 1658 σέ;
1516 1592 1696 1663 φησίν.
1717 1593 1768 1645 '0
1794 1593 1861 1644 δὲ

189 1692 304 1760 ἔφη
324 1708 338 1718 ·
380 1686 733 1755 Ἑλληνιστί
761 1684 1107 1754 τννώσκεις;
1147 1684 1265 1736 Οὐκ
1283 1681 1396 1749 ἄρα
1427 1680 1508 1735 σὺ
1534 1677 1590 1735 εἴ
1622 1683 1655 1734 ὀ
1684 1682 1859 1751 Αίγύ-

189 1798 380 1845 πτιος,
407 1783 444 1833 ό
482 1776 599 1845 πρὸ
621 1777 848 1830 τούτων
874 1773 993 1828 τῶν
1026 1773 1259 1842 ἡμερῶν
1276 1769 1727 1837 ἀναστατώσας,
1762 1770 1859 1823 καὶ

187 1866 506 1936 ἐξαγαγὼν
524 1868 615 1931 εἰς
644 1865 758 1931 τὴν
786 1864 1011 1931 ἔρημον
1048 1861 1189 1926 τοὺς
1211 1860 1727 1929 τετρακισχιλίους
1753 1858 1859 1911 ἄν·

186 1956 331 2023 δρας
350 1955 478 2007 τῶν
499 1953 827 2020 σικαρίων;
858 1944 1025 2014 Οὗτος
1039 1951 1068 2003 6
1091 1947 1383 2017 Αἰγύπτιος
1404 1960 1431 1988 ει
1464 1947 1748 2019 ἅνθρωπός
1779 1964 1862 2011 τις

186 2039 585 2111 νεωτεροποιὸς
636 2038 826 2105 γέγονε
879 2037 973 2089 καί⁵
1026 2035 1375 2104 στασιαστής.
1425 2033 1567 2104 Πρὸς
1592 2033 1656 2104 δὴ
1706 2033 1863 2087 τοῦτο

187 2129 546 2196 ἀπολογεῖται
569 2128 597 2178 6
622 2126 850 2190 Παῦλος,
878 2124 972 2176 καὶ
999 2123 1066 2176 δι’
1091 2117 1167 2177 ὧν
1195 2118 1346 2175 εἶπεν
1374 2122 1575 2189 ἀπάγει
1606 2122 1703 2191 τῆς
1733 2122 1863 2175 ὐπο-

187 2220 317 2287 ψίας
354 2216 539 2271 αὐτόν.
577 2215 803 2285 Ἴδωμεν
836 2213 893 2266 δὲ
915 2211 1123 2267 ἀνωθεν
1154 2212 1222 2265 τά
1249 2211 1651 2280 ἀνεγνωσμένα.
1687 2212 1862 2264 Είσίν

194 2307 341 2376 ἡμῖν
368 2305 605 2372 ἄνδρες,
631 2304 784 2372 φησὶ,
811 2301 1105 2367 τέσσαρες
1130 2298 1323 2368 εὐχὴν
1343 2300 1588 2365 ἔχοντες
1607 2298 1697 2367 ἐφ’
1725 2298 1862 2353 ἐαυ-

195 2395 349 2448 τῶν·
400 2394 650 2458 τούτους
696 2388 1079 2458 παραλαϐὼν,
1108 2388 1422 2457 ἁγνίσθητι
1467 2386 1591 2440 σὺν
1634 2385 1857 2451 αὐτοῖς.

192 2481 336 2551 Πρὸς
368 2480 433 2550 δὴ
452 2477 616 2532 τοῦτο
639 2478 739 2531 οὐκ
771 2477 1080 2531 ἀντιπίπτει
1107 2475 1137 2527 ὁ
1162 2473 1389 2540 Παῦλος,
1418 2473 1553 2528 ἀλλὰ
1590 2474 1855 2528 πείθεται.

186 2569 350 2621 Ὅθεν
374 2567 561 2639 δῆλον,
591 2567 674 2619 ὅτι
698 2566 758 2619 οὐ
789 2562 1211 2635 προηγουμένως
1234 2561 1340 2614 ἔδει
1377 2560 1537 2614 τοῦτο
1562 2563 1734 2615 ποιεῖν
1757 2561 1858 2633 (διὸ

182 2658 277 2711 καὶ
306 2656 598 2709 πείθουσιν
629 2651 834 2724 αὐτόν),
858 2652 972 2705 ἀλλ’
997 2652 1078 2705 ὅτι
1102 2650 1381 2721 οἰκονομία
1413 2650 1475 2703 τὸ
1495 2651 1730 2721 πρᾶγμα
1765 2651 1858 2704 καὶ

184 2744 601 2814 συγκατάϐασις
644 2739 733 2813 ἧν.
779 2742 892 2795 Οὐκ
939 2741 1048 2812 ἄρα
1099 2740 1306 2808 ἐγκοπὴ
1360 2738 1455 2791 τοῦ
1506 2738 1858 2809 κηρύγματος

177 2835 341 2888 τοῦτο
373 2830 470 2905 ἦν,
532 2834 666 2886 ὅπου
716 2848 778 2899 γε
812 2831 904 2883 καί⁵
962 2829 1115 2882 αὐτοὶ
1140 2828 1489 2898 ἐνομοθέτουν
1520 2828 1750 2891 ἐκείνοις
1790 2827 1859 2883 τὰ

176 2922 437 2977 τοιαῦτα.
466 2921 637 2975 Τοῦτο
659 2920 839 2974 τοίνυν
858 2917 1155 2989 οἰκονομῶν
1175 2917 1270 2971 καὶ
1294 2917 1455 2980 αὐτὸς
1473 2918 1665 2988 Πέτρῳ
1687 2917 1857 2985 ἐγκα-

180 3012 265 3065 λεῖ
300 3010 572 3080 ὕστερον·
614 3010 710 3061 καὶ
755 3008 853 3077 οὐχ
903 3006 1089 3069 ἁπλῶς
1140 3005 1270 3059 αὐτὸ
1327 3007 1489 3059 ποιεῖ.
1542 3004 1719 3076 Ὅπερ
1750 3005 1858 3077 γὰρ

179 3098 430 3153 ἐνταῦθα
456 3096 714 3167 ἐποίησεν
766 3093 944 3159 αὐτὸς,
979 3093 1138 3146 τοῦτο
1190 3091 1396 3162 Πέτρος
1421 3092 1539 3145 ἐκεῖ
1567 3092 1732 3157 σιγῶν
1764 3092 1859 3145 καὶ

181 3186 355 3240 ἱστῶν
388 3182 558 3239 αὑτοῦ
583 3183 644 3236 τὸ
684 3183 879 3253 δόγμα.
916 3182 1021 3235 Καὶ
1049 3181 1147 3233 οὐκ
1170 3174 1344 3244 εἷπον,
1378 3181 1460 3232 ὅτι
1496 3180 1571 3232 Οὐ
1605 3180 1709 3251 χρὴ
1732 3180 1859 3244 τοὺς

181 3274 332 3328 κατά
364 3273 438 3326 τά
497 3271 623 3340 ἔθνη
668 3270 957 3328 διδάσκειν,
993 3268 1112 3321 οὐδὲ
1162 3268 1344 3337 Ἀρκεῖ
1388 3266 1448 3319 τὸ
1497 3266 1571 3337 μὴ
1625 3267 1859 3338 κηρῦξαι

182 3362 339 3415 ἐκεῖ·
390 3359 530 3413 ἀλλά
568 3359 775 3411 δεῖκαὶ
823 3357 1004 3410 πλεῖόν
1050 3374 1104 3409 τι
1160 3356 1399 3424 ποιῆσαι,
1434 3354 1520 3408 ἵνα
1566 3355 1858 3409 πεισθῶσιν

183 3447 514 3508 ἑκεῖνοι,ὅτι
544 3445 827 3514 φυλάττεις
856 3445 946 3498 τὸν
975 3444 1155 3513 νόμον.
1192 3442 1602 3511 Συγκατάϐασις
1630 3443 1691 3496 τὸ
1720 3445 1858 3515 πρᾶ-

183 3538 309 3608 γμά
357 3539 497 3600 ἐστι,
538 3536 700 3605 μηδὲν
730 3534 992 3605 φοϐηθῇς.
1053 3534 1163 3587 Καὶ
1191 3532 1310 3603 ὅρα,
1348 3532 1408 3585 οὺ
1449 3533 1709 3603 πρότερον
1739 3533 1857 3587 πεί-

184 3624 378 3678 θουσιν
416 3623 579 3676 αὐτὸν
608 3622 656 3684 δ,
680 3621 784 3685 ἓως
837 3620 928 3675 τοῦ
962 3622 1134 3674 εἰπεῖν
1164 3621 1261 3690 τὴν
1299 3620 1603 3691 οἰκονομίαν
1644 3621 1857 3691 πρῶτον

182 3713 284 3766 καὶ
316 3711 385 3764 τὸ
420 3709 629 3779 κέρδος.
664 3709 773 3762 Καὶ
802 3708 863 3761 τὸ
890 3710 948 3761 ἐν
981 3706 1367 3779 Ἱεροσολύμοις
1396 3707 1451 3760 δέ
1483 3707 1639 3761 τοῦτο
1663 3712 1855 3775 ποιεῖν,

184 3798 447 3871 φορητόν.
482 3797 711 3867 Ποίησον
744 3798 919 3851 τοίνυν
943 3796 1098 3849 τοῦτο
1122 3795 1371 3859 ἐνταῦθα,
1402 3796 1486 3849 ἵνα
1513 3796 1605 3868 ἐξῇ
1639 3813 1720 3849 σοι
1754 3798 1858 3864 ἔξω

183 3891 366 3941 ποιεῖν
415 3888 612 3940 ἐκεῖνο.
674 3886 810 3939 Τότε
865 3886 1244 3954 παραλαϐὼν,
1298 3886 1482 3954 φησιν,
1536 3887 1568 3939 ό
1616 3885 1858 3952 Παῦλος

180 3975 331 4043 τοὺς
354 3972 585 4043 ἄνδρας
626 3972 702 4042 τῇ
726 3973 982 4044 ἐχομένῃ
1014 3973 1222 4043 ἡμέρᾳ.
1260 3974 1374 4026 Οὐκ
1400 3972 1708 4038 ἀνεϐάλετο,
1742 3974 1855 4027 ἀλλ’

180 4065 336 4136 ἔργῳ
362 4065 580 4127 δεικνὺς
603 4062 704 4134 τὴν
726 4062 916 4128 πειθὼ,
940 4062 1357 4135 παραλαμϐάνει
1385 4063 1502 4135 μεθ’
1529 4059 1604 4118 ὧν
1636 4064 1857 4136 ἔμελλεν

180 4153 528 4222 ἁγνίζεσθαι.
577 4150 829 4205 Τοιοῦτόν
861 4151 914 4204 τί
947 4153 1062 4205 ἐστι
1094 4150 1293 4222 θερμὸν
1334 4152 1368 4222 ἡ
1398 4153 1698 4223 οἰκονομία.
1746 4155 1856 4207 Καὶ

179 4240 325 4306 πῶς,
354 4241 543 4310 φησὶν,
568 4240 617 4292 οἰ
644 4240 751 4293 ἀπὸ
778 4239 875 4311 τῆς
892 4239 1071 4304 Ἀσίας
1087 4239 1322 4292 Ἰουδαῖοι
1350 4235 1487 4293 εἶδον
1508 4240 1667 4295 αὐτὸν
1690 4242 1746 4295 ἐν
1776 4242 1855 4313 τῷ

180 4328 316 4402 ἱερῷ
332 4347 348 4395 ;
371 4327 532 4390 Εἰκὸς
549 4322 618 4399 ἦν
640 4328 836 4391 αὐτοὺς
856 4329 888 4398 ἡ
898 4328 1068 4399 μέρας
1086 4328 1238 4391 τινάς
1254 4328 1369 4381 ἐκεῖ
1381 4327 1695 4399 διατρίϐειν.
1712 4330 1855 4401 Ὅρα

176 4419 238 4472 δὲ
272 4417 398 4480 πῶς
425 4416 520 4469 καὶ
542 4414 823 4486 οἰκονομία
849 4416 909 4469 τὸ
934 4417 1226 4487 γενόμενον
1264 4413 1413 4488 [548]
1441 4411 1509 4487 ἦν
1528 4433 1542 4449 ·
1577 4416 1714 4487 μετὰ
1746 4418 1853 4490 γὰρ

175 4505 242 4558 τὸ
275 4504 568 4573 πεισθῆναι
589 4502 715 4566 τοὺς
748 4503 1050 4571 Ἰουδαίους,
1078 4504 1200 4557 τότε
1233 4503 1580 4557 ἐπιτίθενται·
1609 4505 1848 4573 εἰκότως,

177 4594 271 4645 ἴνα
294 4590 375 4662 μὴ
395 4592 638 4643 κάκεῖνοι
666 4591 1079 4645 συνεπιθῶνται.
1108 4590 1400 4658 Βοηθεῒτε,
1426 4592 1608 4662 φησὶν,
1638 4592 1853 4663 ἄνδρες

175 4677 578 4747 Ἰσραηλῖται.
638 4678 736 4742 Ὠς
779 4696 923 4742 τινος
962 4680 1299 4750 δυσθηράτου
1358 4679 1452 4732 καὶ
1491 4681 1849 4753 δυσχειρώτου

175 4769 305 4830 ταῖς
352 4765 577 4819 ἐκείνων
626 4767 956 4835 ἐμπεσόντος
999 4768 1191 4839 χερσὶ,
1249 4767 1555 4835 Βοηθεῖτε,
1614 4770 1846 4831 λέγουσι.

176 4854 425 4918 Πάντας
453 4854 759 4923 πανταχοῦ
792 4851 970 4922 οὗτός
1001 4856 1172 4910 ἐστιν
1204 4859 1237 4911 ό
1263 4856 1583 4912 διδάσκων.
1616 4860 1730 4913 Οὐκ
1760 4860 1848 4912 ὲν-

174 4942 359 4996 ταῦθα
386 4943 567 5013 μόνον,
609 4944 793 5013 φησιν,
816 4944 951 4997 ἀλλά
989 4946 1323 5015 Πανταχοῦ.
1374 4941 1507 4999 Εἶτα
1535 4948 1680 5019 καὶὴ
1712 4965 1847 5001 κατ-

178 5029 385 5100 ηγορία
438 5027 638 5099 μείζων
663 5030 770 5084 ἀπὸ
794 5030 901 5083 τῶν
925 5032 1225 5101 παρόντων.
1260 5033 1389 5085 Ἔτι
1447 5032 1533 5093 δὲ,
1569 5034 1718 5102 φησί,
1748 5035 1847 5089 καὶ

178 5118 579 5185 κεκοινώνηκε
611 5117 679 5172 τὸ
706 5117 884 5186 ἱερὸν,
913 5119 1135 5186 ἄνδρας
1166 5120 1471 5186 Ἕλληνας
1495 5120 1843 5191 εἰσαγαγών.

179 5208 293 5259 Καὶ
327 5206 435 5275 μὴν
461 5206 554 5259 καὶ
573 5206 665 5257 ἐπὶ
694 5207 786 5260 τοῦ
808 5206 1045 5276 Χριστοῦ
1070 5208 1338 5277 ἀνέϐησαν
1360 5209 1843 5280 προσκυνήσοντες

174 5295 318 5347 ἀλλά
342 5296 470 5357 τοὺς
500 5295 600 5348 οὐκ
624 5293 689 5347 ἄν
718 5296 1004 5366 ἑλομένους
1031 5296 1409 5367 προσκυνῆσαι
1437 5292 1582 5350 οὗτοι
1608 5297 1843 5366 λέγουσι.

177 5383 291 5436 Καὶ
325 5382 745 5452 ἐπιλαϐόμενοι
772 5384 879 5437 τοῦ
914 5385 1177 5445 Παύλου.
1212 5386 1396 5457 φησὶν,
1422 5381 1627 5440 εἷλκον
1662 5387 1847 5441 αὑτὸν

177 5471 315 5535 ἔξω.
353 5470 585 5523 Σκόπει·
617 5471 724 5525 ἀπὸ
750 5471 843 5525 τοῦ
886 5474 1031 5543 ἱεροῦ
1063 5473 1413 5528 ἐκϐάλλουσιν
1437 5474 1626 5528 αὐτόν·
1660 5472 1844 5526 οὐκέτι

178 5559 287 5626 γάρ
312 5557 494 5628 νόμων
526 5558 736 5613 ἐδέοντο
766 5560 887 5613 οὐδὲ
917 5562 1308 5633 δικαστηρίων·
1353 5561 1431 5615 διὸ
1483 5562 1577 5616 καὶ
1616 5561 1841 5616 ἔτυπτον

175 5645 375 5699 αὐτόν·
428 5643 573 5699 οὕτω
614 5646 702 5700 διά
736 5650 953 5703 πάντων
989 5649 1267 5719 φαίνονται
1307 5650 1523 5722 θρασεῖς
1570 5651 1721 5715 ὄντες
1749 5651 1845 5704 καὶ

179 5732 385 5803 ίταμοί.
421 5732 479 5787 Ὀ
510 5734 568 5789 δὲ
601 5735 722 5789 τότε
780 5738 879 5809 μὲν
918 5738 1019 5791 οὐκ
1060 5738 1458 5810 ἀπελογήσατο,
1494 5740 1718 5811 ὕστερον
1747 5739 1803 5792 δέ
1827 5756 1840 5769 ·

237 5838 255 5860 ⁸
288 5838 443 5919 ρῦτος
467 5843 506 5911 ό.
523 5842 791 5919 Αἰγύπτιος,
821 5847 870 5895 in
892 5858 988 5895 uno
1007 5845 1166 5896 deest.
1234 5844 1263 5886 ιι
1289 5845 1421 5896 Idem
1447 5844 1575 5907 cod.,
1596 5845 1651 5895 οὐ
1670 5845 1839 5907 πρότε-

175 5916 261 5965 ρον
279 5917 589 5964 παραινουσιν
613 5916 769 5956 αυτόν.
1229 5924 1235 5937 ·

1208 249 1274 305 ΙΝ
1312 247 1493 304 ACTA
1534 246 2070 304 Αροετοιυιιυιι.
2112 246 2345 305 HOMIL.
2387 247 2571 304 XLVI.

3522 243 3624 302 δτι

1966 365 2207 429 εἰκότως·
2226 367 2347 420 τότε
2372 364 2481 437 γὰρ
2505 366 2613 420 οὐδ’
2638 365 2704 422 ἂν
2730 367 2986 440 ἤκουσαν.
3006 368 3117 424 Καὶ
3143 368 3197 423 τί
3224 368 3424 441 δήποτε
3464 369 3627 441 ἐκρα-

1967 449 2079 515 ζον,
2112 448 2248 520 Αἶρε
2289 454 2511 517 αὑτόν;
2548 454 2888 523 Ἐφοϐοῦντο,
2924 455 2997 526 μὴ
3051 454 3305 527 διαφύγῃ.
3352 454 3489 509 Ἀλλ’
3525 457 3628 526 δρα

1975 540 2092 610 μεθ’
2145 542 2274 611 ὅσης
2331 541 2622 613 ὑποστολῆς
2671 542 2974 611 διαλέγεται
3020 544 3049 595 6
3100 543 3311 607 Παῦλος
3354 543 3433 614 τῷ
3479 544 3627 615 χιλι-

1970 627 2145 699 άρχῳ.
2194 629 2260 681 Τί
2329 629 2437 701 γάρ
2491 646 2653 700 φησιν
2689 642 2760 696 c;
2823 632 2892 683 El
2940 629 3146 695 ἔξεστι
3179 648 3281 701 μοι
3328 631 3519 686 εἰπεῖν
3571 650 3628 687 τι

1966 717 2118 784 πρὸς
2171 718 2284 781 σέ;
2338 716 2603 771 Τοσοῦτον
2655 713 2722 789 ἦν
2770 719 3054 782 ταπεινὸς,
3111 718 3192 772 ὅτι
3240 719 3335 773 καὶ
3393 719 3629 791 μετριά-

1967 803 2080 868 ζειν
2138 803 2253 875 ῇδει
2313 803 2602 875 πανταχοῦ.
2670 806 2790 859 Οὐκ
2821 804 2933 873 ἄρα
2980 805 3062 860 σὺ
3106 801 3179 871 εἷ,
3211 797 3471 877 φησὶν,-ό
3512 808 3626 863 Αί-

1966 893 2234 963 γύπτιος;

2033 986 2102 1048 γ’.
2125 980 2263 1051 Ὅρα
2290 979 2621 1050 κακουργίαν
2640 978 2905 1036 διαϐόλου.
2922 978 3196 1033 Ἀπατεὼν
3219 975 3285 1051 ἦν
3310 979 3513 1045 ἐκεῖνος
3532 981 3625 1037 καὶ

1966 1067 2097 1138 γόης
2128 1070 2156 1122 ὁ
2186 1067 2500 1137 Αἰγύπτιος,
2534 1069 2625 1122 καὶ
2653 1068 3014 1139 προσεδόκησε
3047 1069 3355 1133 συσκιάζειν
3385 1068 3473 1122 διὰ
3500 1069 3623 1123 τού-

1964 1173 2057 1209 του
2089 1155 2185 1210 καὶ
2223 1156 2512 1218 κοινωνοὺς
2540 1157 2712 1208 ποιεῖν
2747 1155 2855 1207 τῶν
2888 1156 3079 1227 ἐκείνῳ
3115 1156 3499 1228 προσηκόντων
3541 1159 3627 1226 ἐγ-

1966 1243 2258 1314 κλημάτων
2302 1244 2396 1297 καὶ
2442 1243 2531 1296 τὸν
2561 1241 2793 1313 Χριστὸν
2827 1244 3067 1306 καὶτοὺς
3096 1243 3427 1307 ἀποστόλους
3454 1261 3467 1275 ·
3507 1244 3623 1299 ἀλλ’

1965 1331 2115 1385 οὐδὲν
2165 1331 2404 1402 ἴσχυσεν,
2450 1330 2563 1384 ἀλλ’
2603 1332 2750 1401 ὅμως
2798 1330 2878 1383 ἔτι
2937 1330 3287 1402 λαμπροτέρα
3319 1332 3539 1401 γέγονεν
3588 1334 3622 1403 ή

1965 1418 2211 1490 ἀλήθεια,
2244 1418 2393 1471 οὐδὲν
2425 1416 2834 1487 παραϐλαϐεῖσα
2885 1421 2998 1481 τοῖς
3025 1417 3117 1470 τοῦ
3163 1418 3407 1472 διαϐόλου
3445 1436 3621 1490 μηχα-

1965 1506 2220 1577 νήμασιν,
2253 1504 2388 1560 ἀλλά
2437 1508 2529 1558 καὶ
2571 1506 2768 1576 μᾶλλον
2796 1506 3074 1575 λάμψασα.
3135 1506 3197 1558 Εἰ
3244 1505 3342 1575 μὲν
3386 1506 3495 1576 γὰρ
3548 1505 3623 1577 μὴ

1963 1589 2104 1665 ἦσαν
2156 1593 2370 1664 γόητες,
2410 1590 2529 1646 εἶτα
2556 1588 2701 1647 οὗτοι
2750 1596 3030 1664 ἐκράτουν,
3054 1593 3193 1663 τάχα
3221 1593 3285 1647 ἄν
3315 1609 3398 1656 τις
3423 1593 3622 1646 ἐπελά-

1966 1682 2118 1734 ϐετο·
2169 1682 2257 1735 ὅτε
2304 1680 2362 1734 δὲ
2418 1682 2512 1735 καὶ
2569 1682 2764 1736 ἐκεῖνοι
2802 1681 3106 1751 ἐφάνησαν,
3149 1676 3292 1735 οὗτοι
3338 1680 3621 1752 κρατοῦσι,

1964 1769 2120 1824 τοῦτό
2147 1771 2263 1824 ἐστι
2290 1770 2351 1823 τὸ
2375 1770 2704 1841 θαυμαστόν.
2733 1770 2822 1823 Διὸ
2845 1772 2937 1824 καὶ
2959 1772 3187 1840 φανῆναι
3211 1770 3270 1823 οὺ
3305 1768 3621 1835 κωλύονται,

1967 1860 2054 1913 ἵνα
2096 1860 2191 1913 καὶ
2239 1858 2381 1912 οὕτω
2433 1858 2635 1933 μᾶλλον
2703 1858 3017 1929 λάμύωσιν·
3069 1857 3255 1930 ῶσπερ
3318 1850 3473 1921 οὗτος
3528 1859 3623 1911 καὶ

1966 1947 2198 2017 ἀλλαχοῦ
2260 1947 2436 2015 λέγει·
2487 1948 2608 2000 Ἵνα
2650 1950 2703 2000 οἱ
2758 1946 2985 2015 δόκιμοι
3037 1946 3278 2015 φανεροί
3316 1945 3619 2015 γένωνται.

1966 2016 2186 2088 Τοιοῦτό
2215 2052 2266 2088 τι
2286 2016 2427 2106 ἦνξὸ
2449 2035 2543 2087 καὶ
2580 2034 2919 2104 Γαμαλιήλ.ος
2955 2034 3159 2101 ἔλεγεν,
3185 2034 3264 2087 ὃτι
3314 2031 3434 2101 Πρύ
3486 2035 3623 2088 τού-

1966 2140 2083 2176 των
2116 2122 2234 2176 τῶν
2262 2122 2496 2193 ἡμερῶν
2522 2122 2747 2189 ἀνέστη
2776 2121 3017 2188 Θευδᾶς.
3046 2122 3183 2185 Τοὺς
3224 2122 3281 2174 δὲ
3317 2122 3619 2194 σικαρίους,

1964 2213 2013 2263 οἱ
2058 2210 2157 2281 μὲν
2188 2211 2345 2279 γένος
2386 2228 2438 2263 τι
2470 2209 2680 2282 λῃστῶν
2737 2227 2899 2279 φασιν
2924 2210 3119 2273 αὐτοὺς
3157 2207 3315 2272 εἶναι,
3346 2208 3488 2263 οὓτω
3526 2227 3623 2263 κα-

1964 2298 2255 2369 λουμένους
2298 2286 2496 2368 ἀφ”ὦν
2518 2298 2846 2368 ἐπεφέροντο
2894 2297 3084 2365 ξιφῶν,
3120 2298 3285 2350 σικῶν
3312 2298 3621 2369 λεγομένων

1964 2385 2114 2455 παρά
2146 2386 2469 2457 Ῥωμαίοις·
2526 2387 2575 2439 οἰ
2619 2385 2677 2438 δὲ
2722 2387 2819 2457 τῆς
2862 2387 2990 2455 μιᾶς
3020 2386 3281 2457 αἱρέσεως
3337 2385 3436 2457 τῆς
3489 2386 3620 2457 παρ’

1974 2472 2269 2543 Ἑϐραίοις.

2034 2564 2195 2632 Τρεῖς
2227 2561 2337 2632 γάρ
2363 2562 2467 2614 εἰσι
2514 2561 2644 2631 παρ’
2666 2562 2846 2624 αὐτοῖς
2893 2561 3130 2631 αἱρέσεις
3162 2561 3217 2613 αἰ
3256 2560 3489 2629 γενικαί,
3515 2563 3621 2615 Φα-

1969 2654 2187 2722 ρισαῖοι,
2216 2650 2578 2715 Σαδδουκαῖοι,
2615 2649 2707 2702 καὶ
2735 2649 3001 2718 Ἐσσηνοὶ,
3024 2650 3073 2701 οἰ
3124 2648 3214 2702 καὶ
3242 2649 3415 2703 Ὅσιοι
3435 2648 3619 2717 λέγον-

1966 2757 2054 2793 ται
2079 2738 2257 2809 (τοῦτο
2292 2738 2399 2807 γάρ
2428 2738 2543 2789 ἐστι
2573 2736 2633 2789 τὸ
2673 2736 2920 2807 Ἐσσηνοὶ
2959 2735 3146 2806 ὄνομα)
3185 2736 3273 2789 διὰ
3299 2738 3358 2789 τὸ
3383 2736 3475 2790 τοῦ
3504 2738 3619 2809 βίου

1964 2829 2157 2899 σεμνόν
2179 2843 2194 2858 ·
2240 2828 2287 2879 οἰ
2330 2826 2483 2879 αὐτοὶ
2510 2825 2565 2878 δὲ
2595 2826 2687 2879 καὶ
2706 2827 2947 2897 Σικάριοι
2978 2824 3066 2878 διὰ
3094 2826 3154 2878 τὸ
3197 2822 3334 2879 εἶναι
3360 2825 3617 2897 ζηλωταί.

1959 2917 2052 2988 Μὴ
2090 2917 2267 2969 τοίνυν
2290 2914 2561 2985 ἀλγῶμεν,
2592 2914 2930 2984 ὃτιαίρέσεις
2948 2914 3107 2977 εἰσὶν,
3137 2914 3268 2967 ὅπου
3301 2914 3395 2968 καὶ
3433 2915 3626 2986 ψευδό-

1961 3022 2167 3078 χριστοι
2190 3005 2283 3059 καὶ
2306 3004 2382 3077 τῷ
2407 3002 2626 3075 Χριστῷ
2651 3002 2931 3057 ἐπιθέσθαι
2961 3003 3231 3074 ἠθέλησαν
3247 3005 3339 3056 καὶ
3367 3006 3473 3077 πρὸ
3499 3005 3622 3059 τού-

1958 3115 2052 3152 του
2084 3098 2174 3152 καὶ
2210 3095 2346 3168 μετὰ
2379 3094 2555 3159 τοῦτο,
2608 3092 2748 3145 ὥστε
2805 3094 3116 3147 συσκιάσαι.
3158 3092 3299 3147 Ἀλλ’
3328 3095 3360 3165 ἡ
3393 3094 3621 3166 ἀλήθεια

1959 3186 2164 3257 λάμπει
2192 3185 2284 3237 καὶ
2316 3182 2561 3253 διάδηλός
2601 3182 2717 3233 ἐστι
2758 3180 3053 3251 πανταχοῦ.
3084 3180 3253 3235 Τοῦτο
3284 3182 3378 3235 καὶ
3401 3183 3622 3237 ἐπὶτῶν

1961 3271 2253 3343 προφητῶν
2296 3270 2525 3340 γέγονε·
2574 3268 2825 3336 γεγόνασι
2876 3267 3335 3339 ψευδοπροφῆται,
3372 3270 3467 3323 καὶ
3513 3270 3623 3325 ἀπὸ

1963 3361 2302 3432 συγκρίσεως
2331 3358 2528 3429 μᾶλλον
2546 3357 2813 3427 ἔλαμψαν.
2841 3357 2949 3410 Καὶ
2982 3358 3091 3428 γὰρ
3115 3359 3145 3427 ἡ
3170 3358 3323 3421 νόσος
3349 3357 3447 3429 τὴν
3478 3359 3622 3428 ὑγεί-

1960 3468 2026 3503 αν
2042 3448 2279 3519 φανεράν
2303 3446 2561 3509 δείκνυσι,
2583 3446 2677 3499 καὶ
2698 3445 2756 3497 τὸ
2774 3445 2960 3506 σκότος
2980 3447 3040 3497 τὸ
3054 3444 3187 3513 φῶς,
3211 3446 3303 3499 καὶ
3329 3446 3427 3517 τὴν
3450 3448 3621 3518 γαλή-

1960 3554 2057 3609 νην
2100 3540 2128 3591 ό
2176 3535 2402 3607 χειμών.
2451 3537 2564 3587 Οὐκ
2616 3534 2694 3587 ένι
2758 3535 2932 3586 εἰπεῖν
2993 3534 3119 3597 τοὺς
3159 3534 3457 3605 Ἕλληνας,
3537 3536 3621 3589 ὅτι

1961 3627 2151 3680 πλάνοι
2174 3624 2267 3677 καὶ
2291 3620 2663 3694 γόητεςῆσαν·
2699 3623 2894 3675 ἐκεῖνοι
2925 3620 3033 3692 γὰρ
3055 3621 3413 3693 ἠλέγχθησάν.
3453 3623 3623 3677 Τοῦτο

1961 3716 2055 3770 καὶ
2081 3714 2174 3767 ἐπὶ
2202 3712 2479 3774 Μωῦσέως
2504 3710 2695 3780 γέγονε
2716 3727 2731 3741 ·
2769 3710 3143 3780 συνεχώρησεν
3162 3713 3190 3763 6
3210 3710 3340 3773 Θεὸς
3359 3711 3484 3775 τοὺς
3514 3713 3620 3781 μά-

1960 3822 2111 3873 γους,
2133 3803 2219 3855 ἵνα
2254 3800 2327 3872 μὴ
2359 3801 2529 3870 μάγος
2553 3798 2835 3867 ὑποληφθῇ
2854 3798 3109 3866 Μωῡσῆς·
3129 3799 3309 3851 είασεν
3330 3800 3525 3862 αὐτοὺς
3543 3800 3621 3852 δι-

1959 3891 2113 3956 δάξαι
2136 3890 2343 3950 πάντας
2359 3887 2521 3957 μέχρι
2538 3886 2703 3938 πόσου
2721 3886 2923 3955 μαγεία
2938 3884 3357 3956 [549]φαντάσαι
3375 3885 3617 3942 δύναται·

1959 3977 2268 4049 περαιτέρω
2288 3977 2344 4030 δὲ
2373 3976 2474 4029 οὐκ
2500 3975 2809 4045 ἠπάτησαν,
2832 3973 2948 4025 ἀλλ’
2975 3972 3129 4027 αὐτοὶ
3150 3972 3248 4044 τὴν
3283 3969 3451 4045 ἧτταν
3471 3974 3621 4046 ώμο-

1958 4070 2210 4139 λόγησαν.
2244 4064 2408 4119 Οὐδὲν
2426 4064 2574 4134 ἡμᾶς
2600 4061 2925 4133 βλάπτουσιν
2948 4062 2997 4115 οἰ
3024 4060 3273 4117 ἐπιθέται
3296 4080 3310 4093 ·
3340 4063 3539 4135 μᾶλλον
3560 4064 3619 4118 δὲ

1958 4159 2052 4212 καὶ
2083 4154 2294 4209 ποιοῦσι
2346 4151 2609 4223 βελτίους,
2638 4150 2705 4203 ἀν
2745 4167 2829 4213 τις
2858 4149 2984 4222 θέλῃ
3027 4151 3317 4222 προσέχειν
3349 4151 3440 4205 τὸν
3471 4152 3615 4207 νοῦν.

1957 4244 2023 4297 Τί
2046 4239 2159 4309 οῦν,
2200 4240 2382 4310 φησὶν,
2424 4240 2551 4293 ὅταν
2581 4237 2923 4309 κοινωνῶμεν
2951 4239 3132 4301 αὐτοῖς
3161 4239 3260 4310 τῆς
3301 4238 3489 4309 δόξης,
3538 4241 3616 4293 Οὐ

1958 4333 2086 4402 παρ’
2115 4331 2281 4401 ἡμᾶς,
2306 4327 2440 4381 ἀλλά
2456 4326 2604 4397 παρά
2626 4326 2751 4387 τοὺς
2777 4327 2877 4379 οὐκ
2906 4326 3125 4397 ἔχοντας
3147 4328 3345 4398 κρίσιν.
3379 4329 3472 4399 Μὴ
3496 4328 3619 4396 σφό-

1955 4420 2057 4491 δρα
2089 4418 2297 4489 μελέτω
2320 4416 2417 4486 τῆς
2444 4414 2601 4485 δόξης
2629 4416 2760 4485 ἡμῖν
2790 4415 2889 4484 τῆς
2920 4414 3030 4467 τῶν
3056 4414 3287 4481 πολλῶν,
3317 4416 3449 4487 μηδέ
3477 4416 3616 4488 πέρα

1955 4508 2049 4562 τοῦ
2072 4508 2281 4568 δέοντος
2308 4503 2479 4574 αὐτῆς
2502 4504 2894 4575 φροντίζωμεν.
2924 4502 3042 4574 Θεῷ
3067 4503 3268 4575 ζῶμεν,
3284 4504 3382 4557 οὐκ
3408 4503 3617 4575 ἀνθρώ-

1955 4614 2111 4659 ποις·
2164 4595 2223 4648 ὲν
2249 4593 2464 4665 οὐρανῷ
2493 4592 2907 4662 πολιτευόμεθα,
2938 4593 3038 4647 οὐκ
3081 4596 3171 4647 ἐπὶ
3210 4594 3308 4663 τῆς
3336 4594 3467 4665 γῆς·
3499 4595 3618 4648 ἐκεῖ

1953 4682 2021 4735 τά
2048 4680 2274 4751 βραδεῖα
2300 4678 2395 4732 καὶ
2422 4677 2492 4730 τά
2518 4676 2723 4730 ἔπαθλα
2750 4680 2925 4730 κεῖται
2954 4677 3061 4729 τῶν
3094 4680 3373 4748 ἡμετέρων
3404 4677 3610 4730 πόνων·

1955 4770 2163 4823 ἐκεῖθεν
2204 4766 2589 4839 προσδοκῶμεν
2625 4766 2752 4829 τοὺς
2784 4765 3059 4829 ἐπαίνους,
3104 4766 3311 4818 ἐκεῖθεν
3336 4766 3460 4828 τοὺς
3490 4782 3613 4819 στε-

1957 4859 2174 4928 φάνους.
2210 4858 2389 4927 Μέχρι
2432 4855 2688 4908 τοσούτου
2721 4854 3089 4924 φροντίζωμεν
3135 4853 3244 4906 τῶν
3289 4852 3609 4924 ἀνθρώπων,

1958 4948 2116 5019 μέχρι
2134 4944 2228 4999 τοῦ
2268 4946 2342 5016 μὴ
2371 4943 2567 4996 διδόναι
2597 4944 2690 4995 καὶ
2712 4941 2968 5011 παρέχειν
2999 4942 3178 5004 αὐτοῖς
3213 4940 3401 5011 λαϐήν.
3432 4944 3527 4995 Ἂν
3555 4944 3613 4997 δὲ

1952 5037 2106 5108 ἡμῶν
2140 5038 2212 5106 μὴ
2264 5032 2605 5103 παρέχοντων
2648 5033 2843 5083 ἐκεῖνοι
2892 5028 3116 5081 θέλωσιν
3149 5030 3333 5093 ἁπλῶς
3365 5030 3458 5084 καὶ
3488 5034 3607 5105 εἰκῇ

1953 5120 2582 5195 κατηγορεῖν,γελῶμεν,
2614 5120 2686 5189 μὴ
2714 5117 3035 5188 δακρύωμεν
3056 5115 3103 5169 ά.
3142 5119 3213 5171 Σὺ
3240 5119 3453 5187 προνόει
3471 5121 3609 5176 καλά

1952 5212 2181 5269 ἐνώπιον
2228 5209 2433 5280 Κυρίου
2494 5208 2586 5260 καὶ
2628 5205 2957 5277 ἀνθρώπων·
3001 5204 3066 5259 ἂν
3107 5206 3198 5260 σοῦ
3257 5209 3607 5279 προνοοῦντος

1951 5300 2091 5355 καλά
2118 5300 2321 5360 ἐκεῖνος
2345 5293 2590 5367 σκώπτῃ,
2623 5293 2816 5365 μηκέτι
2854 5292 3122 5365 φρόντιζε.
3171 5296 3353 5367 Ἔχεις
3384 5297 3453 5351 τὰ
3481 5298 3607 5351 ὑπο-

1949 5388 2214 5455 δείγματα
2237 5387 2292 5438 ἐν
2314 5385 2432 5447 ταῖς
2453 5384 2710 5456 Γραφαῖς.
2744 5383 2907 5452 Ἀρτι
2959 5384 3063 5456 γὰρ
3107 5384 3455 5453 ἀνθρώπους
3483 5387 3606 5439 πεί.

1952 5480 2048 5535 θω,
2072 5476 2111 5542 ἢ
2155 5475 2259 5527 τὸν
2291 5472 2473 5537 Θεόν;
2511 5472 2675 5541 φησί·
2719 5472 2812 5525 καὶ
2861 5471 3040 5536 πάλιν,
3084 5473 3451 5541 Ἀνθρώπους
3478 5476 3599 5527 πείο

1913 5592 1921 5604 -
1949 5568 2149 5631 θομεν,
2181 5560 2301 5625 Θεῷ
2335 5560 2402 5612 δὲ
2428 5560 2909 5630 πεφανερώμεθα.
2958 5560 3065 5613 Καὶ
3090 5563 3118 5613 ό
3168 5560 3398 5632 Χριστὸς
3433 5561 3605 5628 οὕτως

1948 5642 2175 5704 ἐπὶτῶν
2204 5649 2697 5720 σκανδαλιζομένων
2723 5649 2906 5719 ἔλεγεν
2926 5666 2938 5679 ·
2984 5649 3166 5717 ’Ἄφες
3200 5649 3437 5716 αὐτοὺς,
3466 5652 3597 5721 ὁδη-

1945 5741 2038 5808 γοί
2060 5742 2177 5793 εἰσι
2203 5739 2416 5807 τυφλοί
2451 5738 2721 5808 τυφλῶν·
2767 5739 2861 5791 καὶ
2882 5736 3062 5798 πάλιν,
3095 5737 3240 5790 Οὐαὶ
3276 5737 3434 5807 ὑμῖν,
3459 5741 3603 5796 ὅταν

2011 5849 2032 5875 ί·
2063 5846 2114 5895 In
2135 5844 2422 5907 quibusdam
2441 5846 2487 5893 τί
2509 5846 2597 5908 γάρ
2618 5862 2758 5908 φησιν
2775 5845 2937 5895 deest.
2980 5842 3006 5885 ἀ
3026 5843 3105 5895 Sic
3126 5857 3266 5908 ωδε-μ,
3287 5854 3444 5899 recte.
3465 5848 3598 5903 Edili

1949 5920 2090 5971 vero,
2118 5906 2265 5969 male,
2290 5906 2525 5970 γελῶμεν,
2542 5906 2833 5969 δακρύωμεν.
