3948 6472
91 303 168 366 39.5

105 431 185 470 sum
205 395 482 464 benedixerlnt
505 407 586 448 vos
607 404 776 446 omnes
807 387 1030 442 homines
1061 383 1227 456 (Luc.
1260 382 1314 438 6.
1342 381 1484 451 26);
1512 387 1567 435 et

102 515 264 560 rursus,
287 492 477 548 Luceant
501 499 652 554 opera
670 490 855 544 uestra,
894 487 948 532 ut
984 477 1184 532 videant
1228 474 1484 538 homines,
1522 480 1568 525 et

103 592 316 668 gloriﬁcent
336 581 518 637 Patrem
537 585 749 629 vestrum
772 572 858 668 gui
877 572 932 668 in
949 569 1083 624 ctelis
1243 565 1467 666 (Matth.
1512 563 1566 618 5.

100 656 257 753 ξοηξδί
281 687 391 726 vero
423 666 538 722 alibi
559 665 698 719 dicat
729 681 742 716 :
769 661 829 717 Si
849 661 958 731 quis
981 656 1390 753 scandalizauerit
1413 669 1571 753 unum

99 793 140 830 er
157 747 213 824 bis
232 762 397 835 pusillis
414 801 428 827 ,
456 756 651 826 expedit
675 755 721 808 ei
749 763 802 806 ut
829 750 1167 820 suspendatur
1189 748 1320 800 mola
1348 747 1572 800 asinaria

94 886 114 920 a
134 862 231 916 collo
258 858 381 927 ejus,
414 859 457 904 et
482 849 799 917 demergatur
827 843 881 896 in
921 842 1229 913 profundum
1272 841 1462 904 maris;
1502 852 1572 892 ne

97 951 289 1009 mireris:
317 959 409 998 non
434 941 568 994 enim
597 945 720 991 sunt
765 935 878 988 hate
921 933 1184 988 contraria
1210 973 1224 996 ,
1271 932 1377 985 imo
1419 930 1573 984 valde

92 1045 331 1101 consonant.
359 1033 477 1088 Nam
507 1031 550 1085 si
574 1028 712 1099 apud
733 1042 831 1082 nos
859 1025 1007 1092 ﬁant,
1035 1040 1115 1079 vae
1145 1024 1296 1078 nobis
1321 1040 1335 1086 ;
1367 1023 1446 1076 sin
1466 1039 1572 1077 non

92 1134 188 1206 apud
209 1146 286 1186 nos
311 1127 426 1182 fiant
447 1165 461 1189 ,
487 1137 589 1177 non
623 1121 770 1174 item.
799 1117 867 1171 Et
895 1119 1084 1172 iterum
1118 1133 1132 1170 :
1173 1114 1261 1169 Va:
1291 1116 1424 1206 vobis
1443 1157 1462 1206 ,γ
1488 1131 1576 1206 per

89 1204 174 1299 quos
209 1237 362 1276 nomen
406 1215 492 1270 Dei
536 1212 913 1281 blasphematur
959 1207 1150 1277 (Rom.
1271 1205 1405 1299 24).
1437 1204 1573 1299 Quid

90 1297 177 1385 ergo
195 1356 207 1379 ,
241 1313 277 1365 si
307 1323 394 1379 ego
419 1304 555 1358 facio
582 1301 722 1371 quod
743 1301 926 1365 decet,
951 1307 1004 1354 et
1028 1299 1162 1353 alius
1200 1297 1575 1367 blasphemat?

89 1408 184 1464 Nihil
207 1403 260 1459 ad
284 1411 356 1464 te,
385 1396 473 1452 sed
504 1395 571 1449 ad
596 1395 743 1448 illum
774 1410 790 1448 :
821 1406 941 1446 nam
990 1405 1084 1461 per
1130 1389 1278 1444 illum
1323 1389 1575 1460 blaSphe-

89 1511 227 1557 matur.
256 1495 312 1549 Et
333 1490 415 1561 qui
444 1488 559 1543 ﬁeri
588 1494 790 1556 potest,
817 1493 878 1539 ut
907 1482 1046 1554 quod
1085 1481 1236 1537 decet
1279 1480 1533 1535 faciamus
1559 1521 1575 1547 ,

88 1606 121 1650 et
141 1592 229 1646 aliis
251 1600 414 1640 ansam
443 1582 634 1637 demus
655 1583 680 1635 ?
709 1580 859 1636 Unde
889 1578 1049 1633 vultis
1073 1593 1102 1631 a
1127 1576 1472 1647 praesentibus
1495 1575 1579 1631 vel

87 1701 106 1739 a
136 1679 354 1736 veteribus
389 1675 536 1729 vobis
585 1672 827 1741 exempla
871 1669 1110 1725 afferam.
1165 1667 1242 1723 Ne
1288 1676 1580 1724 ostentato-

88 1773 301 1829 ressimus
334 1767 557 1822 vultisne
595 1765 647 1819 id
686 1763 826 1834 quod
864 1777 976 1832 prae
1013 1760 1257 1816 manibus
1301 1760 1578 1829 habemus,

86 1861 299 1920 dicamus?
324 1858 629 1915 Judaizabat
655 1855 851 1912 Paulus
876 1854 1226 1926 Jerosolymze
1245 1895 1260 1920 ,
1314 1868 1418 1909 non
1465 1853 1581 1908 An-

86 1954 269 2018 tiochia;
292 1948 626 2021 judaizabat,
671 1955 727 2002 et
773 1946 848 2000 illi
894 1944 1317 2002 offendebantur.
1365 1948 1434 2000 At
1475 1961 1581 2000 non

82 2047 163 2116 jure
180 2039 571 2099 oﬂ'endebantur.
599 2037 802 2093 Dicitur
845 2037 1102 2092 salutasse
1139 2035 1363 2092 Neronis
1411 2037 1581 2107 pocil-

84 2138 246 2191 latorem
271 2144 319 2190 et
340 2132 712 2189 concubinam.
747 2132 954 2200 Quanta
987 2131 1182 2203 putatis
1207 2141 1392 2188 contra
1432 2133 1582 2187 illum

87 2242 244 2300 propter
285 2229 377 2284 hoc
420 2226 627 2282 dixisse
672 2226 834 2281 illos?
874 2225 979 2282 Sed
1028 2240 1133 2282 non
1169 2226 1312 2297 juste
1342 2243 1356 2279 :
1386 2241 1506 2280 nam
1537 2227 1584 2282 si

87 2321 255 2376 lascivire
280 2333 425 2374 causa
450 2317 761 2384 salutasset,
791 2318 873 2372 vel
905 2318 972 2372 ob
994 2318 1128 2372 mala
1146 2333 1329 2389 opera,
1358 2320 1581 2375 merito:

85 2414 138 2465 sin
159 2412 210 2466 ob
231 2410 351 2465 viam
376 2417 580 2465 rectam
607 2450 622 2477 ,
660 2410 863 2480 quare?
894 2410 1075 2464 Dicam
1103 2410 1301 2480 aliquid
1323 2450 1338 2476 ,
1367 2411 1507 2482 quod
1531 2419 1587 2467 et

88 2504 175 2558 mihi
194 2514 236 2559 et
256 2503 484 2558 familiari
520 2501 733 2557 cuidam
759 2517 879 2557 meo
906 2502 1116 2557 accidit.
1146 2501 1275 2560 Cum
1302 2503 1586 2574 aliquando

87 2599 138 2651 ira
161 2598 231 2652 Dei
256 2595 538 2662 incideret,
566 2605 619 2651 et
640 2597 729 2650 ille
751 2595 1034 2651 admodum
1075 2597 1286 2666 juvenis
1322 2606 1466 2653 esset
1500 2607 1585 2652 at-

88 2703 157 2756 que
178 2688 218 2741 in
238 2687 569 2743 diaconorum
593 2686 778 2740 ordine
800 2726 816 2754 ,
857 2686 1077 2742 absente
1118 2695 1246 2743 tunc
1290 2688 1543 2758 episcopo
1567 2728 1584 2754 ,

89 2796 171 2833 cum
194 2781 600 2852 presbyterorum
627 2779 804 2834 nullus
845 2789 1095 2846 curaret,
1143 2779 1237 2835 sed
1284 2795 1386 2836 una
1429 2789 1588 2836 nocte

89 2872 296 2926 confertim
339 2883 391 2927 et
436 2880 648 2926 temere
703 2871 1036 2941 baptizarent
1088 2873 1256 2928 multa
1310 2873 1586 2930 hominum

93 2963 235 3028 millia,
282 2971 330 3020 et
375 2962 701 3032 simpliciter
750 2962 1150 3034 baptizarentur
1197 2980 1383 3022 omnes
1451 2967 1584 3024 nihil

95 3055 254 3109 scientes
279 3072 290 3109 :
319 3054 412 3109 hos
443 3055 543 3110 ille
569 3054 814 3125 privatim
845 3055 1110 3126 accipiens
1158 3065 1211 3112 ct
1244 3069 1498 3115 centenos
1535 3068 1590 3116 et

101 3146 337 3204 ducentenos
364 3148 741 3218 alloquebatur
763 3187 778 3213 ,
808 3147 873 3203 de
900 3148 999 3201 alia
1028 3149 1172 3211 nulla
1198 3163 1258 3205 re
1279 3189 1295 3215 ,
1337 3166 1494 3221 quam
1523 3150 1590 3208 de

108 3241 287 3307 mysteriis
314 3249 522 3293 tantum
550 3239 850 3306 disserens,
894 3239 966 3294 ita
1012 3249 1068 3294 ut
1116 3255 1220 3294 non
1273 3242 1593 3299 concederet

105 3333 275 3386 accedere
301 3348 400 3386 non
428 3331 694 3386 initiatos.
728 3331 880 3386 IIunc
904 3340 1153 3402 putarunt
1179 3333 1328 3387 multi
1354 3334 1593 3388 ambien-

99 3432 167 3473 tem
191 3425 506 3494 principatum
542 3423 644 3478 hoc
660 3425 850 3478 facere.
871 3425 938 3478 At
960 3424 1048 3480 ille
1073 3439 1258 3480 eorum
1284 3425 1590 3496 opinionem

90 3512 374 3569 nihilifaciens
394 3532 499 3569 non
535 3524 711 3569 tamen
740 3515 971 3585 perrexit
998 3515 1194 3571 diutius
1220 3516 1270 3572 id
1296 3532 1474 3589 agere,
1495 3519 1590 3575 sed

87 3608 253 3658 cessavit
277 3607 465 3660 statim.
492 3605 642 3673 Quid
670 3607 840 3676 ergo?
866 3623 990 3662 num
1019 3608 1109 3663 ille
1139 3608 1441 3665 oﬂ'endiculi
1469 3626 1589 3666 cau-

86 3708 122 3746 sa
144 3697 246 3750 fuit?
270 3698 372 3753 Non
402 3711 542 3769 puto
565 3710 730 3755 certe.
754 3699 887 3753 Nam
917 3700 961 3755 si
988 3701 1131 3756 nulla
1156 3701 1223 3758 de
1244 3717 1402 3758 eausa
1423 3703 1476 3759 id
1511 3704 1590 3760 fe-

80 3789 226 3860 cisset,
266 3795 442 3847 merito
472 3793 632 3846 illum
654 3793 1151 3862 reprehendissent,
1171 3805 1331 3866 atque
1355 3797 1514 3853 etiam
1545 3798 1588 3853 si

82 3877 222 3933 iterum
267 3886 608 3951 perrexisset.
657 3884 789 3940 Nam
821 3901 939 3941 cum
972 3888 1322 3956 prohibentur
1365 3905 1428 3945 ea
1472 3906 1591 3962 qua:

79 3968 158 4023 Deo
197 3973 362 4040 placita
407 3985 579 4041 sunt,
635 3985 850 4046 propter
896 3977 1121 4034 aliorum
1166 3979 1541 4038 offendiculum
1573 4025 1588 4050 ,

75 4068 450 4122 contemnendum
504 4077 636 4122 est:
681 4078 805 4123 tunc
851 4081 1027 4124 autem
1074 4072 1407 4139 curandum,
1471 4089 1590 4129 cum

70 4167 154 4206 non
181 4160 385 4226 cogimur
412 4170 643 4230 propter
672 4160 822 4216 illum
848 4161 1119 4220 offendere
1147 4165 1336 4220 Deum.
1373 4166 1585 4222 Etenim

949 272 1016 328 IN
1056 267 1234 327 ACTA
1273 265 1794 324 APUSTOLORUM.
1837 263 2067 321 IIOMIL.
2108 261 2314 319 XLVII.

3140 260 3246 317 526

1681 377 1765 432 dic
1785 418 1801 444 ,
1831 392 2043 447 quaeso,
2074 375 2119 430 si
2144 374 2297 430 nobis
2322 371 2709 430 disserentibus
2730 381 2784 430 et
2809 374 3048 432 ebriosos
3075 375 3247 432 Inces-

1674 469 1913 542 sentibus
1940 467 2154 538 quidam
2183 467 2574 533 offenderetur,
2617 484 2741 522 num
2770 484 2869 540 ego
2913 469 3056 539 loqui
3100 469 3245 526 desi-

1676 562 1899 617 nerem?
1926 561 2062 617 Audi
2091 562 2361 617 Christum
2391 560 2654 616 dicentem
2688 577 2702 617 :
2733 560 2877 615 Num
2903 572 2949 616 et
2975 579 3060 617 vos
3094 564 3246 617 vultis

1675 655 1814 709 abire
1838 653 2028 724 (Joan.
2055 654 2110 710 6.
2140 653 2286 725 68)?
2324 653 2414 709 Sic
2443 668 2542 708 nec
2565 663 2908 710 contemnere
2935 669 3034 709 nec
3061 669 3248 711 curare

1676 747 1898 802 nimium
1927 754 2138 816 Oportet
2164 747 2450 800 multorum
2481 745 2862 801 inﬁrmitatem.
2894 749 3084 800 Annon
3111 748 3251 800 vide-

1678 852 1796 894 mus
1823 839 1980 893 etiam
2009 837 2248 892 medicos
2275 836 2377 890 hoc
2402 835 2577 892 facere
2598 878 2612 903 ,
2641 846 2696 892 et
2717 837 2927 907 quando
2953 837 3079 892 licet
3099 837 3246 892 infir-

1679 933 1780 987 mis
1802 933 2066 1003 gratiosos
2094 946 2244 997 esse,
2273 932 2486 1000 quando
2510 940 2686 986 autem
2729 931 2898 1001 gratia
2935 931 3040 986 illis
3072 933 3220 1002 perni
3239 961 3251 968 -

1678 1026 1822 1080 ciosa
1853 1034 2014 1089 esset,
2051 1040 2155 1079 non
2183 1023 2320 1079 ultra
2354 1024 2457 1078 illis
2489 1025 2749 1094 parcere?
2786 1024 2989 1094 Ubique
3034 1024 3252 1078 modum

1679 1131 1896 1173 servare
1918 1117 2115 1172 bonum
2144 1125 2246 1170 est.

1755 1208 1986 1263 Historia
2037 1207 2244 1280 virginis
2282 1205 2568 1270 cuiusdam.
2598 1236 2671 1247 ——
2695 1205 2842 1262 Multi
2897 1206 3084 1275 puellae
3127 1208 3252 1260 vir-

1682 1303 1790 1375 gitti
1853 1301 2099 1358 formosae
2151 1301 2583 1357 conviciabantur
2631 1300 2700 1355 ob
2751 1299 3098 1366 catecliesin;
3150 1301 3246 1354 ad-

1685 1395 1994 1451 oriebantur
2022 1395 2164 1450 illam
2210 1394 2474 1464 simulque
2520 1408 2634 1462 eos,
2662 1393 2753 1464 qui
2796 1392 2966 1462 ipsam
3013 1393 3256 1448 institue-

1686 1489 1832 1543 bant.
1855 1487 1990 1555 Quid
2012 1487 2176 1559 ergo?
2219 1503 2345 1541 num
2379 1486 2500 1542 ideo
2534 1486 2654 1541 illos
2696 1484 2985 1540 abscedere
3037 1494 3252 1555 oporte-

1687 1578 1815 1633 bat?
1857 1578 2073 1633 Minime
2101 1594 2113 1631 :
2146 1576 2281 1632 nihil
2328 1577 2471 1633 enim
2520 1577 2750 1647 agebant
2783 1576 3130 1641 contrarium,
3161 1577 3257 1632 sed

1686 1686 1799 1725 rem
1845 1670 2000 1725 valde
2048 1679 2254 1741 gratam
2297 1669 2426 1723 Deo.
2475 1667 2553 1724 Ne
2592 1669 2768 1738 itaque
2811 1668 3164 1733 attendamus,
3214 1668 3258 1723 si

1685 1761 1899 1832 quidam
1924 1761 2282 1826 offenduntur,
2309 1761 2404 1816 sed
2419 1761 2460 1816 si
2478 1761 2644 1829 juste,
2661 1770 2713 1816 et
2735 1762 2778 1814 si
2801 1776 2904 1816 non
2922 1761 2987 1816 ad
3008 1761 3257 1817 damnum

1687 1863 1948 1909 nostrum.
1980 1853 2040 1909 Si
2067 1853 2224 1917 cibus,
2256 1853 2445 1924 inquit,
2476 1851 2685 1919 offendit
2707 1855 2912 1923 fratrem
2946 1870 3128 1917 meum,
3160 1871 3261 1907 non

1686 1944 1944 2000 comedam
1985 1961 2160 1999 carnes
2215 1944 2268 1998 in
2318 1954 2560 1999 aeternum
2586 1945 2673 2015 (-1.
2707 1943 2824 1998 Cor.
2856 1942 2909 2000 8.
2941 1945 3071 2015 15).
3101 1945 3258 2011 iure;

1687 2039 1820 2094 nihil
1845 2039 1988 2094 enim
2017 2039 2248 2094 nocebat
2278 2053 2383 2093 non
2405 2037 2688 2093 comedere
2713 2059 2726 2093 :
2753 2038 2797 2092 si
2820 2053 2947 2092 vero
2967 2037 3255 2092 oll‘cndatus

1687 2131 1797 2199 ille,
1825 2130 1967 2201 quod
1995 2130 2306 2186 renuntiare
2353 2129 2537 2195 velim,
2570 2145 2674 2183 non
2699 2128 2807 2197 jam
2849 2130 3162 2184 curandum.
3196 2129 3260 2184 Et

1689 2246 2008 2303 quemnam,
2065 2229 2311 2300 inquies,
2367 2228 2420 2284 id
2473 2227 2733 2283 offendit?
2777 2228 3085 2296 Multos,ut
3128 2230 3257 2284 scio.

1690 2324 1914 2391 Quando
1944 2323 2104 2391 igitur
2143 2320 2452 2377 indifferens
2501 2329 2604 2386 est,
2649 2320 2997 2376 abstineatur.
3045 2321 3176 2376 Nam
3219 2321 3264 2376 si

1690 2414 1934 2468 volumus
1981 2411 2048 2466 ad
2101 2412 2205 2467 hoc
2255 2425 2421 2466 unum
2473 2419 2752 2481 spectare,
2797 2425 2828 2465 a
2879 2411 3060 2466 multis
3087 2411 3266 2466 absti—

1690 2505 1922 2562 nendum
1977 2505 2082 2560 erit
2126 2522 2140 2559 :
2188 2504 2328 2559 sicut
2375 2518 2408 2559 e
2458 2504 2671 2560 diverso
2731 2505 2776 2559 si
2842 2515 3264 2569 contemnamus,

1690 2597 1842 2653 multi
1865 2598 2132 2668 peribunt.
2154 2595 2286 2652 Nam
2307 2605 2364 2652 et
2379 2597 2572 2652 Paulus
2599 2597 2850 2666 praecavit
2865 2596 3263 2663 otfendiculum,

1691 2697 1746 2746 et
1783 2689 2051 2760 quomodo
2098 2688 2258 2743 audi:
2294 2687 2376 2742 Ne
2406 2689 2500 2741 hac
2528 2688 2860 2760 plenitudine,
2917 2688 3106 2758 inquit,
3156 2704 3268 2758 qua:

1691 2781 2006 2836 ministratur
2029 2798 2062 2835 a
2091 2780 2232 2835 nobis
2259 2780 2278 2853 (
2295 2780 2348 2835 2.
2378 2778 2497 2836 Cor.
2536 2780 2593 2836 8.
2632 2780 2759 2852 20).
2786 2780 2927 2837 Nihil
2948 2782 3088 2835 enim
3112 2797 3270 2837 noce-

1691 2874 1784 2930 bat
1803 2874 2159 2946 suspicionem
2189 2874 2396 2929 tollere.
2425 2873 2647 2942 Quando
2674 2883 2849 2929 autem
2874 2876 2925 2928 in
2953 2883 3150 2929 tantam
3182 2875 3268 2929 iu—

1692 2966 1980 3023 ciderimus
2000 2964 2394 3032 necessitatem,
2424 2974 2482 3020 ut
2503 2975 2719 3035 prapter
2737 2967 2956 3021 alterius
2982 2965 3269 3022 otl'endicu-

1691 3058 1802 3114 lum
1845 3072 2036 3129 magna
2081 3057 2329 3113 eveniant
2380 3056 2519 3110 mala
2567 3073 2580 3111 :
2627 3057 2798 3126 ipsum
2843 3067 3265 3112 contemnamus.

1694 3149 1787 3206 Ille
1813 3149 2027 3220 quidem
2054 3147 2153 3203 sibi
2175 3149 2226 3203 in
2253 3162 2411 3203 causa
2443 3157 2560 3212 est;
2591 3162 2689 3201 nos
2718 3163 2843 3202 vero
2860 3147 2969 3216 jam
2999 3149 3141 3203 noxii
3164 3164 3271 3202 no

1694 3257 1878 3297 sumus
1910 3259 1924 3296 :
1953 3257 2058 3297 non
2079 3241 2251 3311 potuit
2277 3239 2419 3295 enim
2446 3240 2562 3294 sine
2589 3239 2785 3294 damno
2815 3239 2889 3294 illi
2918 3240 3082 3309 parci.
3122 3239 3269 3295 Multi

1695 3331 1885 3388 otIensi
1911 3340 2055 3398 sunt,
2082 3330 2224 3402 quod
2249 3330 2302 3385 in
2323 3330 2518 3399 templo
2539 3329 2798 3385 cubarent
2817 3330 3032 3400 quidam
3063 3331 3265 3398 ﬁdeles,

1695 3425 1846 3498 quasi
1870 3440 1976 3480 non
2005 3425 2228 3491 liceret;
2259 3423 2354 3478 sed
2383 3423 2522 3477 male
2553 3440 2567 3477 :
2596 3422 2726 3476 nihil
2753 3423 2892 3477 enim
2918 3422 3041 3478 hinc
3067 3423 3268 3478 damni.

1696 3516 2131 3583 Oﬂ'endebantur,
2158 3514 2299 3586 quod
2325 3530 2444 3569 cum
2471 3514 2700 3569 ethnicis
2725 3513 3030 3569 comederet
3051 3515 3267 3580 Petrus;

1696 3611 1790 3667 sed
1846 3612 1934 3666 ille
1971 3610 2248 3676 abstinuit,
2300 3608 2387 3663 hic
2435 3621 2562 3663 vero
2599 3622 2705 3662 non
2734 3608 2878 3663 item.
2927 3608 3129 3678 Ubique
3175 3625 3272 3664 nos

1696 3705 1851 3762 decet
1874 3705 2019 3775 leges
2042 3704 2132 3759 Dei
2154 3710 2460 3773 sequentes,
2489 3717 2733 3772 magnam
2757 3717 2936 3757 curam
2960 3702 3176 3767 habere,
3206 3719 3273 3758 ne

1696 3812 1854 3868 quam
1903 3795 2205 3850 offendiculi
2236 3793 2572 3849 occasionem
2604 3793 2954 3862 praebeamus,
2985 3803 3041 3848 ut
3080 3803 3133 3848 et
3175 3812 3273 3848 nos

1697 3889 1896 3945 innoxii
1927 3889 2112 3953 simus,
2146 3896 2200 3942 et
2221 3885 2315 3940 Dei
2341 3885 2677 3939 clementiam
2707 3898 3116 3954 consequamur,
3148 3901 3272 3956 gra-

1698 3985 1766 4037 tia
1799 3991 1851 4036 et
1873 3980 2196 4049 benignitate
2224 3977 2493 4049 Unigeniti
2518 3977 2655 4047 ejus,
2677 3977 2886 4047 quicum
2909 3978 3048 4032 Patri
3078 3986 3133 4034 et
3152 3993 3276 4032 san—

1698 4086 1785 4131 cto
1810 4074 2026 4145 Spiritui
2046 4073 2238 4144 gloria,
2259 4072 2561 4140 imperium,
2586 4070 2779 4139 honor,
2805 4084 2943 4126 nunc
2963 4079 3017 4128 et
3039 4085 3272 4142 semper,

1697 4179 1752 4226 et
1781 4168 1836 4224 in
1865 4167 2058 4223 saecula
2080 4166 2419 4222 saeculorum.
2445 4165 2636 4221 Amen.

73 4283 3276 4335 Μή-

1320 4376 1666 4441 HOMILIA
1709 4379 1960 4440 XLVII.

69 4507 161 4565 CAP.
188 4512 264 4569 21.
308 4532 358 4573 v.
407 4519 500 4575 39.
547 4517 696 4572 Dixit
712 4529 879 4574 autem
913 4519 1104 4578 Paulus
1132 4538 1151 4578 :
1176 4522 1290 4596 Ego
1320 4527 1469 4582 homo
1488 4544 1604 4582 sum

120 4605 287 4671 quidem
307 4608 522 4665 Judteus
542 4628 575 4663 a
605 4609 768 4664 Tarso
803 4611 1013 4678 Cilicite,
1044 4630 1144 4668 non
1176 4615 1406 4685 ignobilis
1425 4620 1600 4672 civita—

116 4698 165 4751 tis
187 4700 293 4754 ciris
317 4717 335 4755 .°
364 4719 491 4771 rogo
517 4712 688 4756 autem
717 4713 781 4769 te,
831 4706 1060 4774 permitte
1100 4707 1225 4760 mihi
1253 4708 1386 4780 loqui
1415 4711 1482 4764 ad
1507 4729 1601 4782 po.

115 4792 278 4856 pulum.
306 4795 394 4848 40.
425 4795 497 4849 Et
529 4813 646 4850 cum
677 4798 763 4851 ille
790 4798 1112 4867 permisisset,
1151 4798 1351 4855 Paulus
1374 4812 1513 4859 stans
1549 4805 1602 4859 in

111 4885 339 4951 gradibus,
371 4892 558 4942 annuit
585 4905 739 4943 manu
771 4891 840 4943 ad
881 4891 1091 4961 plebem,
1121 4902 1167 4946 et
1196 4910 1382 4962 magno
1403 4896 1602 4951 silentio

112 4980 242 5045 facto,
263 4980 556 5050 alloquutus
587 4991 659 5036 est
681 4981 853 5054 lingua
883 4983 1119 5051 Hebrtea,
1163 4986 1353 5042 dicens.

109 5133 149 5185 l.
175 5135 294 5192 Vide
319 5138 496 5203 illum,
529 5138 742 5209 quando
770 5147 1022 5194 externos
1047 5141 1351 5212 alloquitur,
1381 5158 1488 5198 non
1515 5158 1601 5199 re-

58 5235 204 5280 omre
228 5230 384 5282 etiam
418 5230 684 5300 legalibus
712 5230 784 5283 uti
811 5231 1155 5298 adjumentis.
1197 5232 1294 5288 Hic
1339 5234 1483 5288 illum
1536 5252 1602 5290 ex

57 5317 244 5374 civitatis
266 5324 488 5375 nomine
517 5321 771 5376 refrenat.
805 5322 894 5378 Sic
923 5332 976 5376 et
997 5333 1153 5377 antea
1180 5323 1391 5378 dicebat
1422 5343 1435 5379 :
1475 5323 1600 5378 Ver-

61 5407 242 5465 brrantes
278 5430 369 5468 nos
403 5415 602 5468 indicta
627 5431 801 5480 causa,
837 5416 1059 5469 homines
1087 5414 1345 5470 Romanos
1370 5418 1600 5488 conjece-

56 5515 140 5552 νυνι(
165 5505 482 5562 incarcerem
531 5508 679 5576 (Act.
712 5507 798 5562 16.
831 5509 895 5563 57
919 5508 958 5577 ).
1010 5507 1142 5574 Quia
1188 5510 1329 5564 enim
1360 5511 1598 5566 sciscita-

58 5588 178 5646 batur
207 5613 219 5648 :
257 5596 336 5651 Tu
365 5616 418 5653 es
443 5598 729 5670 Afgyptius
751 5599 878 5653 ille?
899 5599 1012 5670 Ego
1050 5617 1193 5669 sum,
1218 5603 1422 5672 inquit,
1453 5603 1601 5659 homo

52 5678 241 5741 ludatis.
269 5686 357 5744 Sic
399 5688 676 5763 loquutus,
709 5689 858 5746 illum
884 5691 1066 5747 statim
1105 5708 1136 5749 a
1170 5694 1474 5767 suspicione
1497 5697 1595 5754 ab-

1704 4528 1872 4585 duxit.
1904 4529 2105 4587 Deinde
2143 4545 2211 4587 ne
2250 4539 2527 4600 putaretur
2554 4545 2621 4587 ex
2660 4539 2818 4602 gente
2861 4529 3096 4598 Iudaeus,
3142 4535 3276 4590 dixit

1703 4621 2052 4692 religionem:
2087 4622 2287 4678 etenim
2315 4633 2370 4678 et
2405 4622 2529 4677 alibi
2557 4637 2616 4678 se
2639 4622 2738 4678 sub
2780 4622 2895 4695 lege
2924 4624 3119 4680 Christi
3151 4626 3277 4679 dicit

1703 4727 1842 4768 esse.
1874 4712 2009 4782 Quid
2035 4712 2138 4770 hoc
2165 4714 2280 4770 est?
2309 4714 2383 4786 (a)
2423 4712 2719 4788 [Paulusne
2744 4714 3035 4771 mentitur?
3069 4715 3276 4787 Absit.]

1701 4805 1838 4874 Quid
1870 4807 2070 4878 igitur?
2101 4821 2208 4862 non
2237 4806 2488 4878 negavit?
2512 4807 2667 4861 Absit
2703 4805 2957 4862 :Judaaus
2999 4807 3142 4861 enim
3163 4822 3272 4862 era.

1701 4907 1756 4953 et
1786 4897 2139 4964 Christianus,
2168 4912 2513 4969 quaecumque
2541 4896 2820 4967 Oportebat
2861 4911 3082 4952 servans
3110 4915 3122 4950 :
3153 4900 3276 4968 quia

1702 5001 1756 5046 et
1782 4991 1884 5062 legi
1908 4990 2020 5061 ipse
2042 4990 2271 5047 maxime
2299 4989 2538 5060 parebat,
2577 4987 2791 5044 Christo
2817 4987 3062 5055 credens,
3096 4998 3149 5043 et
3175 4989 3274 5043 Pc-

1704 5095 1841 5140 trurn
1859 5084 2136 5156 alloquens
2160 5084 2290 5138 dicit
2316 5100 2331 5136 :
2355 5081 2466 5137 Nos
2482 5093 2666 5135 natura
2692 5080 2863 5136 Judwi
2880 5081 2898 5152 (
2917 5080 3033 5137 Gal.
3061 5081 3114 5136 2.
3149 5071 3273 5150 15).

1703 5175 1848 5248 Rogo
1890 5185 1958 5244 te,
2005 5177 2233 5247 perntitte
2261 5191 2339 5229 me
2385 5174 2521 5244 loqui
2549 5172 2616 5227 ad
2644 5174 2907 5244 populum.
2957 5173 3069 5230 Hoc
3108 5177 3272 5231 etiam

1699 5267 1952 5325 indicium
1982 5278 2084 5335 est,
2128 5268 2265 5338 quod
2295 5282 2399 5322 non
2430 5267 2748 5333 mentiatur;
2777 5266 3039 5336 siquidem
3088 5280 3275 5324 omne:

1702 5363 1997 5418 adducebat
2025 5370 2209 5416 testes.
2250 5358 2542 5415 Considera
2569 5373 2754 5414 rursus
2781 5359 2929 5414 illum
2957 5375 3079 5416 cum
3120 5375 3272 5415 man-

1702 5455 1981 5511 suetudine
2000 5455 2371 5510 disserentem.
2395 5452 2463 5508 Et
2480 5452 2581 5507 hoc
2601 5467 2785 5509 rursus
2803 5463 3171 5524 argumentum
3191 5463 3272 5508 est

1702 5548 2012 5614 maximum,
2063 5545 2205 5616 quod
2231 5545 2362 5601 nulli
2412 5553 2555 5602 esset
2581 5545 2790 5603 crimini
2814 5545 3098 5615 obnoxius,
3130 5541 3270 5615 quod

1763 5724 1836 5789 (a)
1871 5724 2060 5774 Uncinis
2080 5721 2241 5775 clausa
2262 5725 2440 5776 desunt
2466 5725 2515 5776 in
2537 5723 2822 5789 quibusdam
2848 5722 3114 5774 codicibus.
