4098 6354
212 316 332 376 317

278 441 427 512 '09a
483 439 816 509 τεταγμένον
874 437 1079 508 ἄνδρα,
1136 437 1239 509 ὅρα
1300 437 1648 508 οἰκονομίαν·
1702 436 1750 488 εἰ
1800 435 1874 506 μὴ

193 527 487 599 χιλίαρχος
504 522 686 599 ἦλθεν,
711 527 759 578 εί
785 524 860 596 μὴ
881 525 1090 596 ἔδησεν,
1115 525 1215 578 οὑκ
1238 523 1304 579 ἂν
1333 524 1527 596 ἐδεήθη
1552 524 1712 592 λόγου
1738 525 1876 596 πρὸς

195 616 523 685 ἀπολογίαν,
554 614 656 666 οὑκ
686 612 753 667 ἂν
775 612 1042 682 τοσαύτης
1071 612 1350 666 ἀπέλαυσε
1381 613 1556 683 σιγῆς.
1615 610 1876 680 Ἐπιτρέ-

195 707 438 771 ψαντος
464 699 534 752 δὲ
553 699 762 763 αὐτοῦ,
793 702 828 753 ό
855 699 1098 767 Παῦλος
1115 712 1142 741 α
1168 699 1359 766 ἑστὼς
1378 699 1478 753 ἐπὶ
1509 698 1631 753 τῶν
1655 701 1876 754 ἀναϐα-

195 788 385 861 θμῶν.
432 788 542 842 Kal
579 788 688 841 ἀπὸ
732 785 828 841 τοῦ
869 788 1036 841 τόπου
1077 787 1246 859 πολλὴ
1296 789 1330 858 ἡ
1382 788 1621 847 εὐκολία,
1669 787 1730 840 τὸ
1782 787 1877 840 καὶ

196 877 408 946 ὑψηλὸν
437 874 571 929 ὅντα
598 877 932 947 δημηγορεῖν
960 877 1056 930 καὶ
1093 876 1394 947 δεδεμένον.
1430 875 1495 928 Τί
1535 875 1727 928 τούτου
1762 877 1876 928 ῐσον

193 965 295 1019 τοῦ
347 951 660 1034 θεάματος,
702 963 855 1017 δυσὶν
893 963 1118 1018 ἁλύσεσι
1168 963 1450 1036 δεδεμένον
1502 964 1627 1017 ἰδεῖν
1665 962 1876 1016 Παῦλον

190 1051 657 1123 δημηγοροῦντας
708 1050 826 1113 πῶς
861 1052 962 1105 οὑκ
989 1051 1264 1124 ἐταράχθη
1289 1091 1304 1114 ,
1338 1051 1456 1115 πῶς
1483 1052 1547 1104 οὑ
1582 1050 1872 1122 συνεχύθη,

191 1140 459 1194 τοσοῦτον
493 1139 665 1212 δῆμον
705 1139 1235 1211 ἐκπεπολεμωμένον
1280 1139 1422 1210 ὁρῶν
1467 1140 1562 1193 τοῦ
1614 1139 1876 1210 ἄρχοντος

191 1227 509 1297 ἐφεστῶτος
528 1245 544 1294 ;
571 1226 843 1299 Πρότερον
862 1228 1172 1298 ἀπέστησεν
1192 1229 1390 1291 αὑτοὺς
1412 1227 1508 1280 τοῦ
1533 1225 1731 1298 θυμοῦ,
1756 1223 1877 1281 εἶτα

192 1315 527 1384 διαλέγεται·
559 1315 654 1369 καὶ
693 1315 796 1385 ὅρα
832 1315 951 1378 πῶς
993 1314 1291 1384 φρονίμως.
1341 1316 1520 1386 Ὅπερ
1560 1315 1672 1386 7&9
1711 1315 1769 1367 ἐν
1807 1317 1874 1386 τῇ

195 1401 335 1471 πρὸς
377 1399 673 1471 Ἐϐραίους
699 1399 956 1470 ἐπιστολῇ
990 1400 1235 1471 ἐποίησε,
1282 1398 1442 1452 τοῦτο
1472 1399 1564 1453 καὶ
1604 1398 1836 1453 ἐνταῦθα
1857 1416 1871 1431 ·

192 1491 414 1561 πρῶτον
440 1491 507 1560 τῇ
541 1488 832 1559 συγγενείᾳ
857 1489 955 1556 τῆς
977 1488 1163 1559 φωνῆς
1186 1489 1384 1551 αὑτοὺς
1407 1489 1727 1542 ἐπισπᾶται·
1754 1482 1875 1541 εἶτα

191 1577 342 1647 αὑτῷ
383 1575 466 1644 τῷ
500 1576 692 1648 ἡμέρῳ
711 1592 724 1606 ·
751 1575 830 1629 διὸ
859 1577 953 1628 καὶ
983 1574 1142 1628 τοῦτο
1168 1575 1344 1645 δηλῶν
1379 1576 1592 1643 ἐπάγει·
1628 1573 1874 1641 Πολλῆς

192 1664 260 1717 δὲ
328 1663 520 1732 σιγῆς
582 1663 946 1733 γενομένης,
1005 1662 1476 1732 προσερώνησε,
1554 1663 1723 1734 φησὶ.
1796 1662 1874 1731 τῇ

203 1753 466 1820 Ἐϐραΐδι
499 1751 794 1815 διαλέκτῳ
825 1751 1050 1821 λέγων·
1084 1750 1324 1819 Ἄνδρες
1353 1750 1601 1818 ἀδελφοί
1629 1749 1728 1804 καὶ
1760 1765 1872 1803 πα-

191 1843 383 1905 τέρες,
413 1838 724 1893 ἀκούσατέ
742 1857 860 1906 μου
887 1837 997 1906 τῆς
1018 1838 1168 1906 πρὸς
1199 1839 1354 1908 ὑμᾶς
1381 1843 1498 1892 νῦν
1518 1839 1870 1908 ἀπολογίας.

193 1931 331 1998 Ὅρα
373 1929 477 1981 καὶ
530 1927 821 1990 κολακείας
867 1927 1287 1998 ἀπηλλαγμένον
1330 1927 1424 1980 τὸν
1469 1927 1627 1995 λόγον
1674 1927 1770 1980 καὶ
1814 1927 1873 1982 τὸ

185 2016 442 2078 ἐπιεικὲς
473 2016 692 2085 ἔχοντα.
735 2015 808 2070 Οὑ
853 2016 960 2085 7&9
1000 2011 1142 2082 εἶπε,
1183 2015 1470 2078 Δεσπόται,
1504 2017 1622 2070 οὐδὲ
1655 2017 1870 2088 Κύριοι,

188 2103 348 2166 ἀλλὰ,
390 2103 672 2171 Ἀδελφοί
689 2119 704 2134 ·
731 2101 760 2155 ὅ
795 2103 1030 2173 μάλιστα
1057 2102 1306 2166 ἐπόθουν,
1339 2103 1470 2156 ὡσεὶ
1507 2104 1691 2172 ἔλεγεν
1715 2121 1729 2136 ·
1759 2105 1873 2158 Ούκ

191 2194 480 2263 ἀλλότριος
505 2191 665 2258 ὑμῶν
698 2192 829 2261 ἐγὼ,
859 2193 979 2247 οὑδέ
1003 2193 1124 2246 καθ’
1147 2193 1320 2263 ὑμῶν.
1356 2195 1596 2262 Ἄνδρες
1620 2195 1873 2264 ἀδελφοὶ

199 2281 296 2333 καὶ
332 2281 605 2347 πατέρες.
638 2280 793 2349 φησί.
833 2278 1006 2334 Τοῦτο
1033 2281 1235 2350 τιμῆς,
1277 2281 1453 2335 ἐκεῖνο
1493 2281 1868 2354 γνησιότητος.

203 2367 356 2439 [352]
396 2367 724 2422 Ἀκούσατέ
749 2385 866 2436 μου
890 2366 999 2436 τῆς
1026 2366 1174 2436 πρὸς
1194 2365 1349 2437 ὑμᾶς
1379 2369 1497 2423 νῦν
1521 2370 1866 2438 ἀπολογίας.

196 2457 312 2509 Οὑκ
342 2452 486 2519 εἷπε,
520 2456 904 2520 Διδασκαλίας,
928 2455 1047 2509 οὑδέ
1071 2497 1085 2519 ,
1114 2456 1487 2528 Δημηγορίας,
1519 2457 1673 2522 ἀλλὰ,
1718 2459 1877 2512 Ἀπο-

188 2544 407 2612 λοτίας
429 2560 441 2572 ·
470 2544 534 2596 ἐν
560 2543 714 2609 τάξει
742 2543 920 2596 ἱκέτου
949 2543 1136 2596 ἐαυτὸν
1171 2542 1510 2614 καθίστησιν.
1551 2545 1870 2600 Ἀκούσαν-

185 2647 288 2695 τες
309 2629 407 2695 δὲ,
437 2630 528 2684 ὅτι
552 2629 626 2697 τῇ
660 2629 917 2698 Ἐϐραΐδι
937 2629 1229 2696 διαλέκτῳ
1257 2632 1625 2700 προσεφώνει
1645 2632 1868 2699 αὐτοῖς,

185 2717 437 2782 μᾶλλον
467 2717 784 2785 παρέσχον
820 2718 1108 2786 ἡσυχίαν.
1153 2719 1316 2790 Ὁρᾷς
1335 2759 1349 2781 ,
1379 2719 1498 2783 πῶς
1527 2721 1727 2782 αὑτοὺς
1759 2713 1871 2774 εἷλε

183 2808 247 2860 τὸ
277 2806 618 2876 ὀμόφωνονς
651 2799 800 2875 εῐχον
829 2804 940 2875 γάρ
983 2822 1103 2859 τινα
1146 2805 1282 2858 αἰδῶ
1316 2806 1452 2877 πρὸς
1489 2807 1589 2876 τὴν
1626 2807 1872 2878 γλῶτταν

186 2896 436 2965 ἐκείνην.
473 2893 624 2964 Ὅρα
651 2893 708 2946 δὲ
740 2895 835 2946 καὶ
871 2892 990 2956 πῶς
1032 2894 1372 2964 προοδοποιεῖ
1402 2893 1481 2964 τῷ
1518 2894 1661 2966 λόγῳ
1699 2896 1872 2961 οὕτως

187 2984 504 3053 ἀρχόμενος
536 2982 629 3035 καὶ
662 2980 866 3050 λέγων·
905 2980 1053 3050 Ἐγὼ
1077 2980 1194 3050 μέν
1220 2983 1338 3051 ειμι
1365 2982 1522 3051 ἀνὴρ
1561 2984 1868 3052 Ἰουδαῖος,

189 3069 636 3142 γεγεννημένος
665 3071 737 3122 ἐν
779 3067 990 3136 Ταρσῷ
1021 3067 1130 3136 τῆς
1174 3071 1472 3136 Κιλικίας,
1509 3072 1872 3141 ἀνατεθραμ-

184 3159 372 3228 μένος
403 3159 478 3212 ὲν
503 3156 578 3224 τῇ
613 3155 787 3211 πόλει
813 3157 999 3224 ταύτῃ
1027 3156 1186 3224 παρὰ
1218 3157 1360 3223 τοὺς
1387 3157 1577 3224 πόδας
1607 3163 1870 3229 Γαμαλι-

189 3252 370 3315 ήλου,
390 3245 871 3314 πεπαιδευμένος
887 3244 956 3298 δὲ
977 3244 1125 3299 κατὰ
1150 3246 1454 3314 ἀκρίϐειαν
1473 3247 1578 3301 τοῦ
1600 3248 1870 3314 πατρῴου

189 3338 404 3403 νόμου,
449 3332 716 3400 ζηλωτὴς
750 3332 1038 3403 ὑπάρχων
1069 3334 1177 3390 τοῦ
1207 3335 1388 3399 Θεοῦ,
1421 3336 1614 3403 καθὼς
1647 3337 1870 3405 πάντες

187 3423 360 3491 ὑμεῖς
378 3423 528 3474 ἐστε
548 3419 834 3489 σήμερον.
871 3421 1018 3490 Ἐγὼ
1035 3421 1150 3490 μέν
1173 3424 1312 3490 εἰμι,
1333 3423 1517 3493 φησὶν,
1546 3424 1700 3492 ἀνὴρ
1734 3426 1871 3480 Ἴου.

186 3510 380 3574 δαῖος·
415 3508 446 3560 ὃ
473 3508 711 3579 μάλιστα
742 3509 961 3562 πάντων
983 3508 1210 3562 ἐπόθουν
1231 3510 1481 3564 ἀκοῦσαι.
1511 3515 1869 3583 Γεγεννημέ-

187 3619 296 3666 νος
326 3600 402 3653 ὲν
441 3596 646 3665 Ταρσῷ
685 3597 795 3665 τῆς
821 3599 1112 3665 Κιλικίας.
1143 3599 1261 3653 Ἵνα
1295 3601 1368 3672 μὴ
1412 3601 1573 3654 πάλιν
1606 3603 1868 3673 νομίσωσι

185 3689 247 3743 τὸ
284 3687 446 3751 ἔθνος
477 3686 634 3748 ἀλλο,
663 3687 762 3756 τὴν
797 3686 1093 3756 θρησκείαν
1137 3689 1434 3758 ἐπήγαγεν.
1487 3691 1866 3762 Ἀνατεθραμ-

185 3777 371 3844 μένος
411 3774 482 3828 δὲ
515 3775 588 3828 ἐν
618 3773 693 3843 τῇ
728 3775 901 3828 πόλει
932 3776 1140 3844 ταύτῃ.
1173 3777 1284 3846 Τὴν
1315 3777 1514 3850 πολλὴν
1551 3779 1717 3832 αὑτοῦ
1757 3779 1867 3833 δεί-

189 3883 350 3918 κνυσι
385 3863 628 3934 σπουδὴν
655 3863 754 3934 τὴν
789 3865 916 3933 περ)⁸
937 3864 1034 3934 τὴν
1063 3865 1340 3937 λατρείαν,
1367 3868 1498 3921 ὅπου
1531 3884 1595 3935 γε
1642 3869 1737 3920 καὶ
1771 3887 1869 3921 πα-

188 3954 346 4023 τρίδα
389 3951 730 4022 τηλικαύτην
772 3953 930 4021 ἀφεὶς
961 3953 1213 4006 τοσοῦτον
1243 3955 1590 4025 ἀφεστῶσαν,
1635 3956 1868 4010 ἐνταῦθα

189 4042 368 4094 εἵλετο
391 4040 672 4110 τραφῆναι
707 4040 792 4094 διὰ
819 4040 910 4092 τὸν
940 4042 1123 4110 νόμον.
1154 4043 1296 4114 Ὅρα
1323 4043 1440 4107 πῶς
1461 4043 1665 4096 ἄνωθεν
1698 4061 1867 4115 προσ-

189 4134 302 4200 εἶχε
343 4129 426 4199 τῷ
456 4128 627 4199 νόμῳ.
659 4128 846 4181 Ταῦτα
874 4128 930 4181 δὲ
958 4130 1018 4181 οὑ
1051 4129 1187 4200 πρὸς
1215 4130 1454 4193 ἐκείνους
1493 4131 1865 4203 ἀπολογούμε-

187 4236 280 4282 νος
326 4218 493 4288 μόνον
543 4217 739 4287 φησὶν,
788 4217 922 4270 ἀλλά
971 4218 1204 4281 δεικνὺς,
1253 4219 1337 4272 ὅτι
1389 4220 1490 4273 οὑκ
1540 4220 1865 4293 ἀνθρωπίνῳ

189 4305 383 4374 σκοπῷ
418 4303 558 4374 πρὸς
597 4303 660 4357 τὸ
687 4305 951 4374 κήρυγμα
979 4305 1142 4376 ἤχθη,
1177 4305 1314 4360 ἀλλά
1349 4305 1469 4378 θείᾳ
1502 4307 1768 4378 δυνάμει·
1803 4310 1862 4362 οὑ

186 4395 298 4464 7&9
341 4393 415 4447 ἂν
459 4391 606 4444 οὕτω
639 4393 1072 4464 πεπαιδευμένος
1116 4393 1311 4465 ἀθρόον
1349 4395 1607 4466 μετέστη.
1651 4398 1714 4450 EI
1767 4398 1866 4467 μὲν

185 4483 297 4552 γὰρ
321 4477 393 4551 ἦν
424 4497 512 4544 τις
537 4479 646 4533 τῶν
680 4480 889 4533 πολλῶν
910 4524 923 4543 ,
959 4483 1103 4545 εἰκὸς
1131 4478 1198 4553 ἦν
1225 4482 1382 4536 τοῦτο
1414 4485 1781 4539 ὑποπτεῦσαι·
1817 4487 1864 4539 εί

185 4571 244 4623 δέ
281 4569 396 4622 τῶν
451 4567 688 4639 μάλιστα
725 4569 945 4622 πάντων
975 4570 1352 4640 κατεχομένων
1384 4571 1490 4624 ὑπὸ
1535 4572 1630 4626 τοῦ
1674 4574 1862 4644 νόμου,

185 4660 288 4712 οὑκ
313 4653 387 4728 ἦν
420 4657 573 4719 εἰκὸς
600 4656 788 4720 ἁπλῶς
817 4658 912 4711 καὶ
948 4658 1205 4728 οὐδεμιᾶς
1241 4659 1488 4727 ἀνάγκης
1523 4661 1752 4733 ίσχυρᾶς
1783 4663 1868 4716 οὖ-

188 4762 291 4816 σης
321 4743 658 4814 μεταθέσθαι
699 4743 883 4797 αὐτόν.
925 4744 1062 4796 Ἀλλ’
1110 4746 1240 4808 ἴσως
1279 4747 1422 4800 είποι
1457 4765 1544 4811 τις
1576 4749 1662 4802 ἀν·
1701 4749 1866 4803 Οὐδὲν

183 4831 554 4894 τοῦτο’ποιεῐ,
580 4833 664 4885 ὅτι
695 4831 928 4886 ἐνταῦθα
961 4833 1260 4904 ἀνετράφη·
1294 4835 1348 4887 τί
1376 4834 1485 4906 γὰρ
1513 4837 1562 4889 εί
1593 4839 1735 4891 κατά
1763 4841 1864 4909 ἐμ-

187 4921 395 4990 πορίαν
421 4919 455 4989 ῆ
486 4921 608 4973 κατ’
631 4919 798 4990 ἀλλην
829 4920 950 4974 τινὰ
980 4921 1158 4976 αἰτίαν
1193 4922 1421 4976 ἐνταῦθα
1449 4924 1716 4993 γέγονας;
1746 4929 1864 4981 ’Ὶνα

185 5011 369 5062 τοίνυν
404 5007 482 5078 μὴ
511 5007 600 5061 διὰ
631 5007 789 5060 τοῦτο
812 5008 1070 5080 νομισθῇ,
1095 5011 1364 5080 ἐπήγαγε,
1396 5012 1561 5080 Παρὰ
1588 5013 1726 5080 τοὺς
1755 5016 1863 5068 πό-

185 5096 298 5162 δας
337 5095 740 5164 Γαμαλιήλου
759 5112 774 5127 ·
815 5097 909 5150 καὶ
945 5097 1042 5168 οὐχ
1073 5097 1260 5163 ἁπλῶς
1301 5098 1423 5152 εἷπε
1445 5140 1458 5161 ,
1489 5100 1648 5172 Παρὰ
1681 5102 1864 5173 Γαμαο

185 5185 375 5254 λιήλου
396 5223 413 5244 ,
440 5183 598 5248 ἀλλά,
635 5183 802 5251 Παρὰ
834 5183 977 5247 τοὺς
1009 5185 1237 5252 πόδαςν,
1271 5187 1370 5256 τὴν
1405 5189 1733 5259 καρτερίαν,
1765 5192 1863 5258 τὴν

187 5270 556 5344 προσεδρείαν
576 5312 592 5334 ,
621 5271 719 5340 τὴν
753 5271 984 5342 σπουδὴν
1010 5273 1109 5343 τὴν
1147 5275 1273 5344 περὶ
1295 5275 1396 5345 τὴν
1428 5276 1692 5347 ἀκρόασιν
1710 5320 1725 5343 ,
1766 5278 1864 5349 τὴν

186 5359 395 5428 πολλὴν
427 5359 565 5429 πρὸς
605 5357 696 5410 τὸν
735 5357 903 5429 ἄνδρα
944 5359 1076 5412 αἰδῶ
1103 5359 1339 5424 δεικνύς.
1385 5362 1863 5433 Πεπαιδευμένος

189 5448 344 5500 κατὰ
359 5448 673 5513 ἀκρίϐειαν
692 5445 798 5500 τοῦ
817 5444 1089 5514 πατρῴου
1111 5450 1320 5517 νόμου.
1336 5451 1445 5519 Οὑχ
1470 5451 1654 5515 ἁπλῶς
1673 5454 1859 5524 νόμου,

187 5536 325 5588 ἀλλά
384 5534 498 5587 Τοῦ
544 5533 822 5601 πατρῴου
861 5535 1217 5606 προστίθησι·
1265 5536 1478 5601 δεικνὺς
1531 5540 1614 5593 ὅτι
1657 5542 1862 5596 ἀνωθεν

184 5623 433 5686 τοιοῦτος
455 5617 546 5694 ἦν,
586 5625 682 5676 καὶ
710 5623 808 5693 οὑχ
840 5623 1029 5686 ἁπλῶς
1059 5623 1216 5687 εἰδὼς
1242 5625 1333 5678 τὸν
1362 5626 1544 5696 νόμον.
1580 5629 1764 5684 Ταῦτα
1805 5631 1862 5686 δέ

182 5713 338 5766 δοκεῖ
370 5710 473 5780 μὲν
505 5711 645 5781 ὑπὲρ
675 5710 897 5763 ἐκείνων
932 5710 1223 5780 λέγεσθαι,
1255 5715 1375 5766 κατ’
1408 5715 1629 5768 ἐκείνων
1672 5718 1729 5770 δὲ
1767 5737 1857 5790 ην,

183 5801 239 5852 εἰ
273 5817 338 5868 γε
367 5800 464 5853 καὶ
493 5797 649 5861 εἰδὼς
675 5798 838 5851 αὑτὸν
869 5797 1071 5853 εἴασεν.
1121 5795 1253 5853 Εἶτα
1277 5841 1292 5865 ,
1342 5800 1427 5854 ἵνα
1459 5802 1533 5874 μὴ
1572 5804 1734 5858 πάλιν
1776 5823 1860 5872 τις

191 5937 426 6048 beluae,
461 5938 796 6001 ἐπιτρέψαντος
833 5941 885 5989 δὲ
915 5939 1083 6002 αὑτοῦ,
1128 5943 1155 5990 ό
1197 5940 1406 6002 Παῦλος,
1449 5955 1576 5993 unus
1619 5957 1716 5996 non
1765 5945 1828 5998 Ila

523 6091 791 6148 ιἠιιοι..
839 6085 956 6145 Gn.
1005 6083 1138 6147 LX.

1252 320 1321 376 IN
1360 317 1542 375 ACTA
1583 315 2119 375 APOSTOLORUM.
2147 316 2381 375 HOMIL.
2415 317 2624 375 XLVII.

3543 318 3649 372 528

1981 439 2270 512 ἐπενέγκῃ·
2314 440 2367 493 τί
2393 433 2506 502 οῦν,
2537 439 2585 491 εί
2618 431 2764 498 οἶδας
2797 437 2894 506 μὲν
2921 435 3163 506 ἀκριϐῶς
3192 435 3284 488 τὸν
3321 435 3481 510 νόμον
3501 478 3514 500 ,
3551 437 3649 490 οὐκ

1982 527 2217 591 ἐκδικεῖς
2255 526 2312 580 δὲ
2352 525 2474 580 οὑδέ
2502 525 2708 595 φιλεῖςς
2747 523 3064 592 Ζηλωτὴς,
3098 526 3262 593 φησὶν
3281 565 3295 587 ,
3323 525 3614 593 ὑπάρχων
3634 541 3650 556 ·

1979 615 2285 676 τουτέστιν,
2330 615 2428 684 οὑχ
2458 613 2643 678 ἁπλῶς
2686 611 2874 674 εἰδὼς,
2921 612 3054 665 ἀλλά
3093 613 3188 666 καὶ
3229 613 3432 684 σφόδρα
3473 613 3651 682 ζηλῶν

1981 703 2120 772 ὑπὲρ
2148 701 2336 756 αὑτοῦ.
2367 697 2525 765 Εἶτα,
2557 701 2744 771 ἐπειδὴ
2778 701 2993 769 μεγάλα
3032 719 3096 754 πε
3110 704 3162 770 pl
3192 701 3356 755 αὑτοῦ
3402 701 3662 772 ἐγκώμια

1980 786 2121 850 εἷπε,
2149 792 2321 842 κοινοί
2359 789 2452 842 τὸν
2488 789 2645 857 λόγον
2671 787 2876 849 λοιπὸν,
2911 788 3134 856 ἐπάγων
3155 828 3168 850 ,
3195 788 3400 855 Καθὼς
3429 789 3652 855 πάντες

1980 877 2149 945 ὑμεῖς
2180 877 2321 929 ἐστε
2353 875 2640 945 σήμερον.
2675 876 2927 928 Δείκνυσι
2949 876 3059 946 7&9
3087 876 3283 939 αὐτοὺς
3319 876 3420 928 οὑκ
3449 875 3653 944 ἁνθρω⁴

1982 965 2123 1036 πίνῳ
2146 963 2333 1034 σκοπῷ
2359 963 2667 1028 ποιοῦντας,
2699 963 2834 1016 ἀλλά
2860 961 3006 1034 ζήλῳ
3029 962 3179 1031 θείῳ.
3209 963 3380 1016 Τοῦτο
3397 954 3453 1016 δὲ
3479 963 3648 1032 λέγει,

1981 1054 2341 1125 χαριζόμενος
2388 1053 2569 1116 αὑτοῖς
2614 1052 2710 1105 καὶ
2757 1051 3302 1121 προκαταλαμϐάνων
3344 1052 3523 1105 αὑτῶν
3554 1051 3652 1122 τὴν

1981 1141 2241 1205 διάνοιαν,
2277 1141 2372 1194 καὶ
2401 1141 2648 1210 κατέχων
2677 1142 2734 1192 ἐν
2759 1134 2840 1202 οἷς
2872 1138 3068 1208 βλάϐος
3093 1140 3247 1192 οὐδὲν
3274 1135 3361 1210 ἦν.
3395 1135 3526 1192 Εἶτα
3556 1139 3652 1192 καὶ

1980 1230 2260 1300 τεκμήρια
2323 1228 2595 1300 παράγει,
2656 1228 2847 1296 λέγων·
2911 1227 3019 1294 ’³ος
3068 1229 3292 1295 ταύτην
3345 1227 3478 1294 τὴν
3509 1227 3654 1282 ὁδὸν

1978 1315 2196 1381 ἐδίωξα
2225 1315 2337 1381 ἕως
2381 1316 2663 1378 θανάτου,
2689 1314 2998 1384 δεσμεύων
3029 1314 3126 1367 καί
3157 1313 3521 1382 παραδιδοὺς
3565 1316 3653 1379 εὶς

1979 1402 2257 1470 φυλακὰς
2277 1402 2501 1472 ἄνδρας
2519 1419 2584 1457 τε
2608 1403 2706 1455 καί
2731 1401 3046 1470 γυναῖκας,
3069 1402 3150 1466 ὠς
3170 1401 3265 1453 καὶ
3293 1405 3325 1454 ὀ
3345 1401 3650 1469 ἀρχιερεὺς

1975 1490 2266 1560 μαρτυρεῖ
2282 1509 2383 1560 μοι
2403 1531 2420 1557 ,
2453 1491 2553 1544 καί
2575 1490 2700 1544 πᾶν
2728 1490 2795 1543 τὸ
2821 1489 3268 1556 πρεσϐυτέριον.
3307 1489 3424 1541 Ἵνα
3465 1488 3654 1559 μηδεὶς

1980 1577 2144 1652 εἴπῃ·
2185 1579 2294 1632 Kal
2331 1578 2494 1632 πόθεν
2521 1579 2681 1632 τοῦτο
2716 1578 2916 1646 δῆλονς
2955 1577 3246 1650 μάρτυρας
3277 1577 3517 1646 παράγει
3557 1576 3654 1629 αὑ-

1978 1667 2070 1720 τὸν
2097 1667 2190 1720 τὸν
2221 1667 2480 1738 ἀρχιερέα
2504 1668 2599 1720 καὶ
2623 1668 2748 1730 τοὺς
2780 1666 3206 1738 πρεσϐυτέρους.
3242 1667 3349 1719 Kal
3377 1664 3526 1733 λέγει
3555 1665 3652 1736 μὲν

1978 1753 2204 1808 λεαίνων
2226 1795 2240 1815 ,
2267 1755 2551 1822 Ζηλωτὴς
2581 1754 2866 1823 ὑπάρχων
2890 1753 3038 1826 [555]
3064 1753 3258 1819 καθὼς
3284 1753 3471 1822 ὑμεῖς,
3500 1770 3654 1806 τουτ-

1979 1842 2126 1896 έστιν
2147 1883 2162 1906 ,
2194 1842 2308 1906 ἴσος
2341 1844 2500 1912 ὑμῖν·
2531 1843 2767 1896 δείκνυσι
2797 1844 2853 1896 δέ
2892 1842 2981 1897 διὰ
3022 1843 3132 1895 τῶν
3154 1842 3331 1913 ἔργων
3351 1883 3364 1905 ,
3397 1843 3477 1896 ὅτι
3513 1843 3652 1914 ὑπὲρ

1979 1931 2177 1993 αὐτοὺς
2199 1926 2286 2000 ἦν.
2319 1932 2391 1984 Οὑ
2418 1932 2524 2002 γάρ
2561 1931 2624 2001 δὴ
2655 1931 2980 2001 περιέμενον
3011 1931 3152 1984 ὥστε
3183 1929 3488 1993 συλλαϐεῖν,
3515 1930 3650 1984 ἀλλὰ

1979 2021 2074 2072 καὶ
2112 2021 2237 2082 τοὺς
2267 2019 2445 2089 ἱερέας
2479 2019 2782 2090 διήγειρον,
2810 2020 2905 2073 καὶ
2943 2019 3253 2089 ἀποδημίας
3297 2020 3645 2089 ἐστελλόμην·

1979 2106 2073 2157 καὶ
2099 2105 2220 2158 οὑδὲ
2255 2106 2448 2176 μέχρις
2477 2106 2686 2176 ἀνδρῶν
2716 2107 2958 2178 ἐχώρουν
2993 2107 3246 2178 καθάπερ
3285 2109 3476 2177 ὑμεῖς,
3515 2108 3652 2161 ἀλλά

1978 2195 2072 2246 καὶ
2091 2195 2382 2261 γυναικῶν·
2411 2195 2504 2247 καὶ
2520 2195 2800 2264 δεσμεύων
2827 2195 3060 2258 πάντας,
3093 2196 3186 2248 καὶ
3206 2197 3286 2258 εἰς
3301 2195 3650 2267 δεσμωτήρια

1979 2282 2281 2350 ἐμϐάλλων.
2326 2283 2836 2354 Ἀναμφισϐήτητος
2865 2286 2898 2354 ἡ
2936 2284 3232 2354 μαρτυρία,
3269 2284 3650 2352 ἀναπολόγητα

1977 2371 2048 2422 τά
2090 2370 2196 2424 τῶν
2239 2370 2526 2426 Ἰουδαίων,
2567 2371 2708 2442 ’Ὀρα
2739 2371 2940 2431 πόσους
2973 2372 3212 2442 παράγει
3257 2365 3558 2443 μάρτυρας,
3587 2373 3651 2425 τὸ

1979 2457 2394 2528 πρεσϐυτέριον,
2421 2457 2514 2510 τὸν
2542 2457 2822 2529 ἀρχιερέα,
2860 2459 2986 2519 τοὺς
3012 2460 3070 2512 ἐν
3094 2461 3159 2529 τῇ
3192 2458 3364 2513 πόλει.

2051 2543 2115 2614 β’.
2156 2545 2327 2599 Βλέπε
2347 2545 2403 2598 δὲ
2421 2544 2584 2619 αὑτοῦ
2608 2546 2701 2598 καὶ
2713 2545 2812 2616 τὴν
2831 2545 3122 2614 ἀπολογίαν
3142 2548 3204 2600 οὑ
3231 2541 3432 2611 δειλίας
3458 2543 3648 2609 οὖσαν,

1978 2633 2114 2687 ἀλλὰ
2149 2633 2495 2696 διδασκαλίας
2539 2633 2738 2704 μᾶλλον
2775 2633 2869 2686 καὶ
2904 2634 3286 2705 κατηχήσεως.
3336 2636 3396 2688 Εἰ
3429 2636 3537 2707 γὰρ
3572 2637 3648 2709 μὴ

1977 2720 2114 2774 λίθοι
2147 2716 2286 2792 ἦσαν
2312 2723 2359 2774 οί
2385 2721 2698 2786 ἀκούοντες.
2735 2723 3026 2793 προσεῖχον
3065 2721 3133 2776 ἂν
3158 2725 3271 2787 τοῖς
3304 2722 3644 2794 λεγομένοις.

1977 2809 2156 2879 Μέχρι
2176 2809 2285 2880 γὰρ
2305 2809 2494 2862 τούτου
2526 2809 2814 2882 μάρτυρας
2858 2804 3005 2880 εἶχεν
3036 2811 3257 2874 αὑτοὺς,
3286 2810 3358 2865 τά
3395 2812 3453 2866 δέ
3483 2812 3650 2868 λοιπὰ

1977 2899 2291 2968 ἀμάρτυρα.
2321 2897 2462 2966 Παρ*
2499 2891 2588 2951 ὧν
2614 2898 2711 2950 καί
2747 2897 3076 2964 ἐπιστολὰς
3104 2897 3454 2968 δεξάμενος,
3497 2901 3650 2968 πρὸς

1976 2981 2118 3048 τοὺς
2137 2981 2441 3050 ἀδελφοὺς
2471 2983 2558 3047 εις
2587 2982 2908 3048 Δαμασκὸν
2941 2982 3336 3051 ἐπορευόμην,
3363 2983 3527 3048 ἄξων
3547 2985 3650 3038 καί

1976 3070 2118 3135 τοὺς
2136 3068 2337 3122 ἐκεῖσε
2377 3069 2558 3134 ὄντας
2595 3067 2952 3137 δεδεμένους
2980 3070 3068 3134 είς
3100 3067 3516 3137 Ἰερουσαλὴμ,
3545 3069 3648 3124 ἵνα

1975 3157 2408 3227 τιμωρηθῶσιν.
2449 3157 2716 3224 Ἐγένετο
2736 3155 2804 3208 δὲ
2841 3155 3217 3224 πορευομένῳ
3239 3165 3342 3224 μοι
3375 3156 3471 3210 καί
3495 3157 3650 3227 ἐγγι-

1977 3244 2130 3307 (om
2157 3243 2232 3313 τῇ
2261 3242 2572 3312 Δαμασκῷ,
2642 3242 2776 3311 περὶ
2823 3244 3204 3312 μεσημϐρίαν
3259 3235 3549 3313 ἐξαίφνης
3576 3245 3647 3299 ἐκ

1975 3335 2082 3388 τοῦ
2107 3333 2366 3403 οὐρανοῦ
2422 3330 2864 3400 περιαστράψαι
2915 3329 3040 3400 φῶς
3088 3331 3303 3385 ἰκανὸν
3349 3332 3482 3400 περὶ
3518 3333 3644 3402 ἐμὲ,

1975 3423 2203 3477 ἔπεσόν
2229 3439 2294 3476 τε
2317 3423 2405 3486 εὶς
2435 3421 2502 3474 τὸ
2539 3419 2783 3488 ἔδαφος,
2813 3421 2910 3473 καί
2950 3419 3177 3488 ἤκουον
3209 3418 3413 3488 φωνῆς
3436 3423 3648 3487 λεγού-

1975 3528 2092 3578 σης
2133 3528 2269 3582 μοι·
2308 3511 2532 3574 Σαοὺλ,
2584 3509 2804 3573 Σαοὺλ,
2851 3509 2910 3562 τί
2947 3526 3018 3572 με
3069 3508 3335 3574 διώκεις;
3375 3508 3523 3578 Ἐγὼ
3579 3509 3648 3563 δὲ

1975 3600 2334 3668 ἀπεκρίθην·
2370 3599 2466 3664 Τίς
2511 3595 2582 3660 εἴ,
2622 3599 2831 3664 Κύριε;
2889 3594 3037 3651 Εἷπέ
3068 3614 3133 3650 τε
3160 3600 3311 3665 πρός
3331 3615 3410 3667 με
3438 3615 3452 3628 ·
3503 3597 3648 3665 Ἐγώ

1973 3691 2090 3755 εἶμι
2123 3687 2365 3756 Ἰησοῦς
2394 3690 2426 3741 ό
2467 3685 2824 3752 Ναζωραῖος,
2879 3684 2950 3738 ὃν
2981 3685 3062 3740 σὺ
3108 3683 3358 3752 διώκεις.
3394 3685 3646 3740 Μάλιστα

1978 3777 2076 3846 μὲν
2115 3771 2206 3829 οῦν
2241 3774 2542 3829 καὶταῦτα
2585 3774 2874 3838 ἀξιόπιστα
2917 3772 3022 3826 ἔδει
3075 3767 3211 3825 εἶναι
3234 3773 3342 3826 ἀπὸ
3375 3773 3482 3826 τῶν
3510 3790 3646 3842 προ-

1972 3863 2246 3917 λαϐόντων
2276 3879 2290 3892 ·
2317 3863 2378 3915 οὑ
2415 3863 2522 3932 γὰρ
2553 3862 2617 3916 ἂν
2648 3861 3015 3932 μετεστράφη.
3051 3861 3115 3912 Τί
3142 3857 3254 3926 οὖν,
3278 3861 3325 3912 εί
3347 3861 3639 3930 κομπάζεις

1973 3950 2166 4019 φησίν;
2197 3948 2460 4018 Οὐδαμῶς
2487 3947 2537 3999 δ.
2571 3946 2666 3999 Διὰ
2708 3945 2761 3998 τί
2811 3945 2918 4016 7&9
2975 3945 3227 3999 τοσοῦτον
3268 3945 3526 4016 ἐξαίφνης
3550 3947 3642 4019 ἔρ-

1976 4039 2098 4111 ριψε
2128 4038 2288 4110 ζῆλον
2316 4055 2330 4102 ;
2358 4036 2480 4090 είπέ
2508 4053 2619 4106 μοι.
2657 4034 2833 4106 Τιμὴν
2864 4034 3177 4106 προσδοκῶν
3203 4053 3217 4101 ;
3258 4035 3368 4089 Καὶ
3399 4036 3505 4106 μὴν
3541 4039 3638 4111 τὰτ

1975 4128 2162 4181 ναντία
2195 4126 2488 4196 ὑπέμεινεν
2518 4141 2532 4154 ·
2575 4123 2702 4178 ἀλλ’
2755 4123 2968 4188 ἀνεσιν;
3015 4123 3151 4176 Οὑδέ
3189 4123 3346 4177 τοῦτο
3369 4141 3383 4155 ·
3411 4124 3548 4178 ἀλλά
3584 4105 3646 4179 τί

1973 4217 2194 4287 ἕτερονς
2252 4214 2403 4268 Ἀλλ’
2450 4213 2603 4266 οὐδὲν
2668 4211 2776 4266 ἀπὸ
2822 4211 3098 4281 λογισμῶν
3155 4213 3333 4284 εὑρεῖν
3393 4214 3637 4270 δυνατόν.

1972 4305 2156 4357 Ταῦτα
2208 4303 2386 4358 τοίνυν
2433 4302 2591 4372 ἀφεὶς
2631 4302 2814 4362 αὑτοῖς
2864 4301 3180 4369 συλλέγειν,
3234 4301 3300 4355 τὰ
3341 4302 3641 4374 πράγματα

1970 4395 2255 4465 διηγεῖται.
2304 4392 2622 4462 Ἐγγίζοντί
2646 4411 2770 4462 μοι,
2823 4395 2980 4464 φησὶ,
3037 4392 3110 4462 τῇ
3162 4393 3474 4463 Δαμασκῷ,
3501 4397 3675 4464 περὶ-

1970 4483 2341 4556 μεσημϐρίαν
2361 4481 2654 4550 ἐξαίφνης
2679 4482 2747 4535 ἐκ
2773 4481 2878 4536 τοῦ
2911 4481 3172 4550 οὐρανοῦ
3199 4483 3641 4551 περιαστράψαι
3663 4523 3666 4527 .

1971 4573 2095 4643 φῶς
2122 4571 2332 4626 ἱκανὸν
2357 4570 2488 4637 περὶ
2513 4569 2637 4639 ἐμὲ.
2671 4570 2900 4624 ἔπεσόν
2925 4586 2988 4622 τε
3016 4572 3106 4634 εις
3134 4569 3200 4622 τὸ
3225 4570 3468 4638 ἔδαφος.
3495 4572 3639 4642 Ὅρα

1972 4662 2112 4731 πόση
2137 4661 2170 4731 ἠ
2197 4657 2469 4729 ὑπερϐολὴ
2509 4657 2604 4711 τοῦ
2647 4657 2845 4727 φωτός.
2884 4657 2995 4710 Kal
3042 4657 3122 4709 ὃτι
3161 4658 3223 4709 οὑ
3271 4655 3562 4725 κομπάζω,
3586 4659 3638 4711 οἱ

1973 4751 2222 4812 συνόντες
2256 4745 2640 4818 μαρτυροῦσιν,
2699 4749 2746 4799 οί
2799 4744 3292 4816 χειραγωγοῦντες,
3344 4747 3392 4796 οί
3428 4745 3490 4797 τὸ
3521 4745 3638 4812 φῶς

1971 4838 2314 4908 θεασάμενοι.
2350 4838 2414 4890 Οί
2447 4835 2517 4888 δὲ
2546 4834 2668 4889 σὺν
2702 4834 2832 4902 ἐμοὶ
2879 4833 3049 4896 ὄντες
3085 4831 3148 4884 τὸ
3177 4831 3294 4898 μὲν
3320 4829 3448 4899 φῶς
3479 4832 3639 4888 ἐθεάρ

1968 4942 2178 4988 σαντο,
2223 4923 2321 4978 καί
2361 4923 2604 4992 ἔμφοϐοι
2657 4921 2956 4988 ἐγένοντο,
3006 4918 3122 4984 τὴν
3168 4917 3238 4971 δὲ
3283 4918 3496 4986 φωνὴν
3523 4922 3670 4975 οὐκ.

1967 5013 2244 5082 ἥκουσαν
2294 5009 2402 5065 τοῦ
2451 5008 2791 5071 λαλοῦντός
2835 5024 2956 5075 μοι.
3021 5005 3205 5074 Μηδὲν
3255 5006 3522 5079 ξενισθῇς,
3585 5011 3635 5063 εἰ

1966 5099 2200 5154 ἐνταῦθα
2226 5098 2324 5168 μέν
2351 5095 2544 5158 οὕτως,
2566 5092 2793 5165 ἑτέρωθι
2816 5093 2874 5146 δὲ
2907 5092 3076 5161 λέγει,
3108 5093 3191 5146 ὃτι
3229 5094 3638 5161 Εἱστήκεισαν

1966 5188 2080 5255 τὴν
2103 5187 2219 5256 μὲν
2244 5184 2453 5255 φωνὴν
2485 5182 2826 5246 ἀκούοντες,
2869 5181 3100 5250 μηδένα
3145 5181 3214 5235 δὲ
3253 5184 3632 5251 θεωροῦντες.

1967 5277 2080 5330 Οὑκ
2099 5275 2212 5329 ἐστι
2233 5272 2391 5327 τοῦτο
2414 5271 2673 5325 ἐναντίον.
2712 5270 2892 5324 Φωναὶ
2937 5271 3046 5340 γὰρ
3065 5269 3158 5324 δύο
3177 5265 3339 5341 ἦσαν,
3358 5274 3391 5342 ἠ
3418 5272 3632 5326 Παύλου

1968 5365 2061 5418 καὶ
2094 5365 2127 5434 ἡ
2166 5362 2258 5416 τοῦ
2286 5361 2490 5431 Κυρίου
2521 5377 2534 5390 ·
2579 5359 2677 5431 τὴν
2710 5359 2892 5428 φωνὴν
2937 5357 3118 5412 τοίνυν
3158 5359 3272 5413 ἐκεῖ
3301 5359 3395 5414 τοῦ
3417 5360 3630 5414 Παύλου

1966 5451 2136 5520 λέγει,
2165 5448 2398 5502 ἐνταῦθα
2416 5448 2472 5501 δὲ
2515 5447 2609 5500 καὶ
2667 5446 3006 5519 προσέθηκεν
3049 5446 3240 5509 εἰπὼν,
3278 5446 3398 5514 Τὴν
3417 5446 3632 5514 φωνὴν

1967 5537 2075 5588 οὐκ
2101 5532 2378 5602 ἥκουσαν
2402 5529 2508 5584 τοῦ
2533 5529 2874 5595 λαλοῦντός
2894 5547 3015 5598 μοι.
3041 5528 3250 5582 Ούκοῦν
3275 5529 3356 5592 τὸ,
3383 5527 3631 5593 Μηδένα

1967 5620 2343 5688 θεωροῦντες,
2379 5621 2439 5672 ού
2468 5618 2560 5672 τοῦ
2596 5618 2742 5680 ίδεῖν,
2775 5617 2912 5671 ἀλλά
2949 5615 3044 5669 τοῦ
3079 5618 3153 5686 μὴ
3195 5615 3427 5670 ἀκοῦσαι
3459 5615 3630 5685 δηλω-

1965 5709 2305 5762 τικόνέστιν.
2346 5707 2420 5760 Οὑ
2475 5706 2584 5777 7&9
2633 5700 2786 5759 εἶπεν
2831 5705 2913 5758 ὅτι
2959 5703 3020 5756 τὸ
3067 5703 3183 5772 φῶς
3207 5702 3307 5756 οὐκ
3351 5701 3577 5755 ἔϐλεπον
3611 5717 3626 5733 ·

1967 5796 2123 5861 ἀλλὰ,
2151 5795 2396 5865 Μηδένα
2425 5794 2784 5863 θεωροῦντες
2803 5792 3192 5861 είστ-ήκεισαν
3212 5805 3225 5821 ·
3243 5789 3508 5856 τουτέστι,
3533 5787 3626 5844 λω-

2026 6011 2052 6047 δ
2078 6009 2311 6073 Οὐδαμῶς
2329 6008 2474 6064 deest
2501 6008 2548 6058 in
2573 6007 2875 6071 quibusdam.

3017 6086 3091 6148 21
