4098 6354
494 260 601 315 5‘29

488 378 704 437 λοῦντα.
736 379 975 444 Εἰκότως
996 379 1053 433 δὲ
1095 380 1251 435 τοῦτο
1288 380 1506 451 ἐγένετο
1546 399 1561 413 ·
1604 382 1765 436 αὑτὸν
1793 382 1905 455 γὰρ
1925 382 2034 437 ἔδει
2069 382 2170 451 τῆς

486 468 671 538 φωνῆς
695 468 1098 541 καταξιωθῆναι
1121 469 1355 541 ἐκείνης.
1391 471 1457 524 Εἰ
1493 469 1603 542 γὰρ
1635 471 1878 543 ἥκουσαν
1901 473 2168 535 κάκεῖνοι,

486 555 586 610 οὐκ
615 557 682 610 ἂν
706 556 961 610 τοσοῦτον
1014 556 1233 627 ἐγένετο
1280 559 1341 611 τὸ
1393 557 1598 630 θαῦμα,
1644 560 1862 630 Ἐπειδὴ
1904 559 2081 613 τοίνυν
2116 562 2166 613 οἱ

484 646 789 716 παχύτεροι
822 644 944 715 ὄψει
975 645 1255 700 πείθονται
1292 646 1515 717 μᾶλλον,
1536 647 1624 700 διὰ
1658 646 1819 702 τοῦτο
1844 648 1941 702 καὶ
1971 648 2169 702 ἐκεῖνοι

484 732 548 785 τὸ
580 733 696 802 φῶς
728 729 868 786 εἶδον
902 734 1082 804 μόνον,
1128 735 1266 805 ὅπερ
1319 734 1504 789 ἱκανὸν
1555 731 1623 806 ’ἦν
1671 736 1872 799 αὐτοὺς
1931 738 2119 789 πεῖσαι
2153 752 2166 764 '

486 821 608 875 ὅθεν
631 823 726 876 καὶ
756 821 984 892 ἔμφοϐοι
1007 823 1485 892 γίνονται.”Αλλως
1498 824 1555 878 δὲ
1575 823 1728 897 [554]
1746 826 1805 878 ού
1821 826 1951 896 περὶ
1968 826 2171 889 αὐτοὺς

487 911 548 962 τὸ
598 910 713 979 φῶς
733 910 986 965 τοσοῦτον
1015 914 1329 983 εἰργάσατο,
1353 913 1475 967 ὅσον
1519 915 1646 985 περὶ
1666 914 1854 968 τοῦτον
1888 930 1904 945 ·
1938 915 2031 967 καὶ
2060 914 2169 985 γὰρ

486 998 774 1069 ἐπήρωσεν
796 999 967 1052 αὑτοῦ
993 1000 1091 1066 τὰς
1117 1000 1270 1070 ὄψεις
1289 1041 1303 1065 ,
1336 1001 1425 1054 διὰ
1464 1002 1574 1054 τῶν
1610 1004 1689 1066 εἰς
1721 1002 1908 1056 τοῦτον
1938 1002 2170 1072 συμϐαι-

485 1086 686 1139 νόντων
715 1088 993 1151 κάκείνοις
1018 1088 1193 1152 διδοὺς
1220 1089 1525 1159 ἀναϐλέψαι
1551 1099 1593 1155 ⁸,
1619 1091 1673 1143 εἰ
1692 1107 1754 1159 γε
1783 1089 1995 1160 ῆθελον.
2015 1090 2169 1159 Ἐμοὶ

483 1174 616 1242 γοῦν
641 1176 788 1230 δοκεῖ
809 1178 903 1231 καὶ
927 1179 1289 1249 οἰκονομικῶς
1313 1180 1558 1243 ἐκείνους
1589 1181 1663 1252 μὴ
1694 1180 2003 1246 πιστεῦσαι,
2026 1179 2167 1232 ὥστε

485 1258 624 1317 εἶναι
660 1265 946 1336 μάρτυρας
962 1266 1332 1332 ἀξιοπίστους.
1359 1264 1511 1322 Εἷπέ
1539 1286 1622 1328 τε.
1661 1270 1815 1340 φησὶ,
1848 1268 2000 1338 πρὸς
2023 1268 2127 1338 ἐμέ
2149 1285 2163 1301 ·

485 1351 627 1421 Ἐγώ
657 1354 774 1422 ειμι
814 1352 1055 1420 Ἰησοῦς
1081 1357 1114 1408 ό
1130 1353 1480 1423 Ναζωραῖος,
1499 1356 1571 1410 ὃν
1590 1356 1672 1410 σὺ
1698 1356 1947 1423 διώκεις.
1972 1355 2168 1419 Καλῶς

485 1441 579 1491 καὶ
606 1441 638 1509 ή
665 1440 818 1504 πόλις
846 1442 1189 1511 πρόσκειται,
1219 1443 1359 1497 ὥστε
1416 1444 1713 1511 ἐπιγνῶναι
1741 1446 1957 1508 αὐτούς.
1986 1446 2097 1499 Καὶ
2117 1446 2167 1498 οἱ

485 1529 773 1583 ἀπόστολοι
796 1530 968 1594 οὕτως
1014 1531 1199 1601 ἔλεγον
1229 1548 1243 1563 ’
1279 1534 1528 1601 Ἰησοῦν
1572 1535 1681 1588 τὸν
1718 1535 1838 1589 ἀπὸ
1880 1534 2165 1603 Ναζαρέθ.

488 1613 652 1687 Ὀροι,
706 1618 802 1671 καὶ
850 1619 1011 1682 αὐτὸς
1059 1624 1347 1691 μαρτυρεῖ,
1407 1622 1490 1674 ὅτι
1548 1621 1825 1677 ἐδιώκετο.
1862 1622 2025 1676 Οὶδὲ
2045 1622 2170 1676 σὺν

485 1705 613 1775 ἐμοὶ
647 1706 817 1772 ὄντες
845 1707 909 1760 τὸ
944 1706 1063 1777 μὲν
1091 1706 1219 1778 φῶς
1245 1709 1593 1776 ἐθεάσαντο,
1628 1710 1729 1764 καὶ
1764 1712 2010 1780 ἔμφοϐοι
2037 1709 2167 1779 ἐγέ-

483 1811 685 1856 νοντο,
717 1796 831 1863 τὴν
865 1795 934 1849 δὲ
968 1796 1180 1871 φωνὴν
1213 1799 1325 1852 οὐκ
1373 1797 1657 1867 ἤκουσαν
1680 1798 1788 1852 τοῦ
1825 1797 2167 1863 λαλοῦντός

478 1903 601 1955 μοι.
656 1880 848 1938 Εἶπον
886 1885 958 1939 δέ
988 1901 1002 1916 °
1045 1887 1105 1939 Τί
1152 1885 1409 1953 ποιήσω,
1458 1887 1667 1955 Κύριε;
1708 1887 1771 1939 '0
1832 1886 1903 1939 δὲ
1949 1887 2165 1955 Κύριος

484 1968 616 2026 εἶπε
646 1971 796 2039 πρός
824 1989 901 2041 με
936 1988 951 2006 ·
1006 1972 1308 2040 Ἀναστὰς
1369 1974 1629 2042 πορεύου
1678 1976 1766 2040 εις
1821 1973 2161 2043 Δαμασκὸν,

486 2058 663 2113 κάκεῖ
692 2074 792 2113 σοι
838 2059 1253 2126 λαληθήσεται
1307 2061 1365 2114 τι
1408 2076 1483 2114 σε
1538 2059 1629 2115 δεῖ
1664 2059 1936 2129 ποιῆσαι.
1978 2061 2075 2127 Ὠς
2096 2061 2166 2115 δὲ

483 2149 596 2201 οὐκ
624 2146 950 2202 ἐνέϐλεπον
985 2148 1106 2203 ἀπὸ
1155 2147 1269 2217 τῆς
1318 2148 1505 2217 δόξης
1538 2148 1643 2203 τοῦ
1673 2150 1871 2219 φωτός
1902 2149 2160 2212 ἐκείνου,

485 2235 1028 2306 χειραγωγούμενος
1053 2236 1177 2291 ὑπὸ
1214 2235 1334 2290 τῶν
1363 2240 1681 2292 συνόντων
1702 2256 1829 2308 μοι,
1857 2233 2050 2309 ἦλθον
2076 2240 2163 2304 εὶς

482 2327 823 2396 Δαμασκόν.
873 2327 1152 2393 Ἀνανίας
1181 2325 1249 2379 δέ
1274 2343 1364 2393 τις
1390 2327 1547 2395 ἀνὴρ
1574 2326 1840 2396 εὐλαϐὴς
1875 2328 2026 2382 κατὰ
2048 2328 2159 2382 τὸν

481 2417 692 2485 νόμον,
748 2416 1238 2485 μαρτυρούμενος
1284 2414 1407 2470 ὑπὸ
1440 2415 1685 2469 πάντων
1715 2415 1836 2469 τῶν
1882 2415 1952 2469 ἐν
1980 2418 2165 2486 Δαμα-

481 2503 614 2570 σκῷ
657 2504 983 2566 Ἰουδαίων,
1007 2503 1201 2557 ἐλθὼν
1235 2504 1386 2572 πρός
1447 2522 1526 2573 με
1588 2505 1689 2560 καὶ
1731 2505 2005 2571 ἐπιστὰς,
2032 2502 2164 2560 εἶπέ

476 2611 577 2663 μοι
612 2611 627 2627 ·
667 2592 869 2647 Σαοὺλ
917 2590 1175 2660 ἀδελφέ,
1231 2590 1602 2661 ἀνάϐλεψον.
1656 2592 1829 2661 Κάγὼ
1876 2593 2032 2664 αὐτῇ
2086 2594 2163 2664 τῇ

485 2680 610 2749 ιῗιρᾳ,
630 2679 939 2747 ἀνέϐλεψα
990 2681 1078 2744 εἰς
1118 2679 1326 2732 αὐτόν.
1372 2682 1647 2745 Εἴσελθε,
1696 2683 1883 2752 φησιν,
1935 2685 2023 2749 εἰς
2047 2682 2164 2751 τὴν

482 2772 686 2835 πόλιν,
717 2768 896 2823 κάκεῖ
945 2783 1047 2822 σοι
1102 2768 1513 2835 ,λαληθήσεται
1558 2770 1617 2823 τί
1657 2785 1732 2824 σε
1765 2770 1860 2824 δεῖ
1886 2772 2156 2840 ποιῆσαι.

496 2860 627 2913 Ἰδοὺ
654 2858 815 2912 πάλιν
840 2857 996 2920 ἄλλος
1028 2857 1260 2929 μάρτυς.
1290 2855 1395 2909 Καὶ
1422 2858 1525 2928 ὅρα
1551 2858 1671 2921 πῶς
1702 2859 1863 2913 αὐτὸν
1892 2861 1987 2914 καὶ
2015 2860 2162 2925 ἀξιό-

483 2964 674 3002 πιστον
702 2948 862 3000 ποιεῖ.
911 2947 1191 3011 Ἀνανίας
1236 2942 1303 2997 δέ
1348 2961 1459 3010 τις,
1495 2946 1679 3017 φησιν,
1708 2947 1864 3015 ἀνὴρ
1896 2948 2160 3016 εὐλαϐὴς

482 3037 634 3091 κατὰ
671 3037 779 3089 τὸν
800 3034 1008 3103 νόμον,
1065 3035 1553 3102 μαρτυρούμενος
1602 3036 1723 3090 ὑπὸ
1773 3035 2016 3090 πάντων
2042 3036 2161 3092 τῶν

510 3125 819 3188 Ιονυὸαίων,
850 3121 1144 3177 εἰσελθὼν
1172 3125 1325 3191 πρός
1351 3137 1429 3191 με
1456 3122 1552 3176 καὶ
1574 3122 1848 3188 ἐπιστὰς,
1876 3122 2007 3179 εἶπέ
2019 3144 2121 3194 μοι
2143 3143 2155 3157 ’

498 3213 889 3281 Ἀνάϐλεψον.
968 3210 1157 3275 Οῦτως
1220 3210 1369 3263 οὐδὲν
1438 3210 1718 3283 ἀλλότριόν
1784 3214 1924 3268 ἐστι.
1985 3214 2161 3285 Κάγὼ

481 3301 639 3370 αὺτῇ
671 3301 742 3370 τῇ
767 3300 890 3370 ὥρᾳ
928 3300 1256 3369 ἀνέϐλεψα.
1290 3294 1425 3353 Εἶτα
1475 3301 1509 3371 ἡ
1547 3300 1637 3354 διά
1685 3301 1794 3355 τῶν
1818 3304 2160 3373 πραγμάτων

486 3390 781 3461 μαρτυρία.
838 3390 949 3442 Καὶ
993 3388 1096 3460 ὅρα
1160 3386 1249 3440 διὰ
1312 3387 1619 3458 προσώπων
1670 3390 1765 3442 καὶ
1815 3392 2159 3462 πραγμάτων

482 3480 651 3548 αὐτὴν
680 3478 1045 3547 πλεκομένην,
1071 3474 1378 3546 προσώπων
1402 3475 1620 3529 οἰκείων
1641 3494 1699 3529 τε
1724 3479 1816 3530 καὶ
1840 3479 2156 3550 ἀλλοτρίων.

483 3570 762 3642 Πρόσωπα
780 3568 807 3607 δ
825 3568 874 3619 οἰ
905 3569 1089 3638 ἱερεῖς,
1109 3567 1159 3619 οἰ
1188 3565 1573 3636 πρεσϐύτεροι,
1595 3568 1645 3620 οἰ
1676 3569 2068 3634 συνοδεύοντες’
2091 3571 2159 3625 τὰ

482 3657 784 3727 πράγματα
813 3655 849 3709 ἃ
876 3655 1068 3717 ἐποίει,
1100 3652 1135 3706 ἀ
1159 3653 1352 3707 ἔπαθε·
1383 3654 1479 3707 καὶ
1528 3655 1832 3725 πράγματα
1871 3658 2157 3729 πράγμασι

485 3747 795 3816 μαρτυρεῖ,
837 3743 960 3814 οὐχὶ
1003 3743 1271 3814 πρόσωπα
1324 3742 1504 3814 μόνον.
1552 3743 1623 3795 Ἦ
1653 3744 1749 3797 καὶ
1789 3745 1990 3817 ἑτέρως
2017 3764 2032 3780 ·
2065 3746 2159 3800 άλ-

482 3832 692 3904 λότριος
712 3835 740 3887 6
772 3832 1027 3896 Ἀνανίας
1057 3849 1070 3864 ο
1104 3827 1224 3885 εἶτα
1248 3831 1309 3885 τὸ
1333 3833 1567 3903 πρᾶγμα
1599 3832 1752 3899 αὐτὸ,
1779 3835 1812 3905 ή
1838 3835 2154 3905 ἀνάϐλεψις·

481 3919 602 3978 εἶτα
648 3922 956 3995 προφητεία
990 3922 1222 3993 μεγάλη.
1263 3922 1325 3975 '0
1349 3920 1419 3975 δὲ
1464 3918 1624 3989 εἷπε,
1672 3925 1856 3995 φησίν·
1895 3925 1959 3977 '0
2012 3925 2157 3994 Θεὸς

481 4012 599 4065 τῶν
617 4011 890 4080 πατέρων
920 4008 1098 4079 ήμῶν
1128 4010 1590 4079 προεχειρίσατό
1610 4026 1686 4065 σε
1724 4010 1947 4082 γνῶναι
1970 4014 2034 4069 τὸ
2064 4015 2157 4070 θέ-

481 4105 644 4169 λημα
670 4099 881 4164 αὑτοῦ,
905 4099 1002 4152 καί
1030 4097 1182 4152 ἰδεῖν
1210 4099 1322 4151 τὸν
1342 4098 1600 4153 δίκαιον.
1626 4099 1824 4163 Καλῶς
1852 4099 1997 4167 εἷπε,
2035 4104 2157 4159 Τῶν

481 4186 772 4256 πατέρων,
807 4188 892 4240 ἵνα
925 4186 1077 4258 δείξῃ
1116 4186 1318 4251 αὐτοὺς
1356 4187 1457 4240 οὐκ
1482 4186 1646 4251 ὄντας
1678 4189 1989 4255 Ἰουδαίους,
2019 4192 2158 4247 ἀλλὰ

481 4277 802 4347 ἀλλοτρίους
832 4274 926 4329 τοῦ
955 4275 1146 4346 νόμου,
1176 4275 1271 4328 καὶ
1293 4274 1493 4343 φθόνῳ,
1511 4276 1633 4346 οὑχί
1662 4274 1812 4347 ζήλῳ
1844 4278 2151 4345 ποιοῦντας.

480 4363 739 4427 ι’νῶναι,
764 4362 919 4432 φησὶ,
952 4363 1016 4415 τὸ
1040 4360 1273 4430 θέλημα
1331 4362 1540 4428 αὐτοῦ,
1594 4362 1694 4416 καὶ
1728 4362 1878 4418 ἰδεῖν
1917 4366 2025 4421 τὸν
2067 4367 2156 4421 δί-

478 4466 672 4503 καιον.
706 4448 918 4503 Οὐκοῦν
946 4446 1114 4503 αὑτοῦ
1157 4447 1373 4519 θέλημα
1404 4448 1581 4503 τοῦτο.
1617 4449 1761 4521 Ὅρα
1799 4451 1917 4515 πῶς
1959 4453 2018 4506 ἐν
2067 4456 2156 4509 τά-

478 4542 557 4608 ξει
583 4538 895 4610 διηγήσεως
935 4536 1256 4591 διδασκαλία
1310 4535 1448 4593 ἐστί.
1484 4537 1594 4591 Καὶ
1634 4538 1894 4593 ἀκοῦσαι
1942 4542 2155 4611 φωνὴν

476 4629 545 4682 ἐκ
564 4628 671 4682 τοῦ
704 4625 1006 4695 στόματος
1039 4624 1250 4689 αὐτοῦ,
1282 4623 1372 4679 ὅτι
1393 4625 1509 4694 ἔσῃ
1530 4624 1764 4695 μάρτυς
1779 4629 1969 4684 αὐτοῦ
2001 4632 2154 4700 πρὸς

476 4717 712 4783 πάντας
738 4712 1110 4784 ἀνθρώπους,
1146 4705 1235 4767 ὧν
1274 4712 1541 4781 ἑώρακας
1571 4715 1669 4768 καὶ
1708 4714 2002 4784 ἤκουσας.
2039 4720 2151 4775 Καὶ

480 4805 640 4873 ἰδεῖν,
664 4804 818 4876 φησι,
845 4803 952 4856 τόν
991 4801 1229 4855 δίκαιον
1259 4818 1273 4832 ο
1328 4802 1467 4865 τέως
1501 4802 1663 4857 τοῦτο
1699 4803 1868 4873 λέγει.
1892 4807 1955 4860 Εἰ
1989 4807 2047 4861 δὲ
2076 4808 2153 4861 δί-

476 4914 651 4961 καιος,
690 4890 836 4949 οὗτοι
879 4892 1191 4947 ὑπεύθυνοι.
1222 4892 1332 4946 Καὶ
1377 4892 1638 4948 ἀκοῦσαι.
1684 4895 1898 4965 φωνὴν
1949 4897 2019 4951 ἐκ
2042 4899 2151 4954 τοῦ

476 4985 775 5054 στόματος
802 4982 1011 5037 αὐτοῦ.
1042 4982 1184 5051 Ὅρα
1224 4980 1342 5045 πῶς
1391 4980 1453 5033 τὸ
1496 4983 1729 5053 πρᾶγμα
1754 4984 1990 5056 ἐπαίρει.
2022 4987 2151 5042 Ὅτι

476 5074 616 5140 ἔσῃ,
654 5072 807 5141 φησι,
838 5069 1069 5139 μάρτυς
1109 5069 1319 5123 αὐτοῦ.
1356 5069 1567 5124 Οὐκοῦν
1591 5071 1680 5125 διὰ
1706 5071 1866 5126 τοῦτο
1908 5075 1970 5127 οὐ
2016 5093 2150 5147 προ-

474 5158 665 5221 δώσεις
687 5157 784 5227 τὴν
810 5156 953 5225 ὄψιν.
1001 5158 1097 5209 καὶ
1133 5157 1233 5227 τὴν
1279 5156 1563 5227 ἀκρόασιν,
1594 5152 1669 5215 ὧν
1704 5177 1763 5214 τε
1790 5161 2044 5232 ἑώρακας
2073 5157 2149 5218 ὧν

475 5264 531 5299 τε
554 5247 795 5316 ἤκουσας
827 5261 841 5275 ·
871 5243 950 5296 δι’
971 5243 1246 5314 ἑκατέρων
1272 5244 1383 5297 τῶν
1417 5246 1721 5318 αἰσθήσεων
1745 5249 1907 5303 αὐτὸν
1928 5252 2150 5323 πιστοῦ-

474 5354 583 5389 ται.
612 5334 722 5388 Καὶ
747 5333 863 5387 νῦν
906 5333 963 5385 τί
1011 5331 1289 5401 palam;
1354 5334 1639 5401 Ἀναστὰς
1689 5336 2011 5405 βάπτισαι,
2046 5339 2145 5392 καὶ

473 5425 815 5478 ἀπόλουσαι
854 5422 960 5488 τὰς
992 5420 1282 5490 ἁμαρτίας
1337 5434 1479 5489 σου,
1534 5423 2052 5498 ἐπικαλεσάμενος
2079 5428 2145 5480 τὸ

473 5515 660 5583 ὄνομα
696 5514 772 5566 αὐ
782 5512 903 5567 τοῦ.

541 5608 613 5671 γ’.
632 5600 890 5655 Ἐνταῦθα
909 5597 1388 5671 μέγαέφθέγξατο.
1403 5599 1477 5653 Οὐ
1489 5598 1599 5672 γὰρ
1617 5595 1890 5665 είπεν,Είς
1902 5605 1962 5656 τὸ
1972 5605 2145 5678 ὄνομα

470 5690 636 5745 αὑτοῦ
661 5690 918 5760 βάπτισαι
939 5705 951 5717 ·
975 5688 1113 5754 ἀλλ’,
1132 5688 1676 5758 Ἐπικαλεσάμενος
1700 5691 1765 5743 τό
1786 5690 1935 5764 [555]
1954 5694 2144 5764 ὄνομα

468 5778 578 5833 τοῦ
598 5778 877 5847 Χριστοῦ.
930 5778 1100 5833 Τοῦτο
1155 5778 1212 5832 δὲ
1266 5777 1578 5842 δεικνύντος
1628 5780 1775 5832 ἐστὶν
1817 5780 1979 5835 αὐτὸν
2008 5783 2143 5839 Θεὸν

471 5988 502 6037 d
549 5926 738 6037 ‘Fpus
758 5928 941 5991 codex,
978 5930 1197 5988 κάκείνης
1255 5930 1431 5979 ἔδωκεν
1473 5928 1758 5990 ἀναϐλέψαι.
1822 5930 1851 5970 b
1879 5932 2129 5994 Πρὸσωπα

509 6002 593 6037 ees
644 6001 691 6036 In
716 6003 829 6037 uno.

509 6001 618 6039 εεει
644 6001 691 6036 ιη
716 6003 829 6037 uno.

1277 263 1336 321 S.
1374 262 1665 321 JOANMS
1698 255 2191 322 CHRYSOSTOMI
2214 263 2538 322 ARCIIIEP.
2563 263 3113 323 CONSTANTINOP.
3780 289 3857 344 530

2277 382 2463 474 66m}
2495 398 2524 474 ὀ
2560 382 2767 474 ού-γάρ
2800 383 2880 474 ἔνι
2921 384 3124 474 ἕτερόν,
3163 400 3279 439 τινα
3311 385 3712 463 ἐπικαλέσασθαι,
3736 401 3774 453 εἰ
3804 404 3858 474 μή

2277 468 2368 521 τὸν
2404 469 2558 522 Θεόν.
2587 467 2724 523 Εἶτα
2754 471 2993 525 δείκνυσι
3043 472 3139 525 καί
3168 474 3355 528 ἐαυτὸν
3398 476 3493 529 οὐκ
3521 467 3857 549 ἀναγκασθέντα

2277 556 2347 610 δι’
2373 549 2448 611 ὧν
2469 557 2616 626 λέγει
2638 575 2652 588 ·
2699 558 2758 611 '0
2785 559 2854 612 δὲ
2881 560 3095 627 Κύριος
3113 557 3241 615 εἷπε
3267 565 3412 629 πρός
3432 581 3505 632 με
3525 579 3539 594 ⁸
3563 570 3784 638 Πορεύου
3798 580 3859 642 είς

2278 647 2622 714 Δαμασκὸν,
2648 647 2823 702 κάκεῖ
2837 664 2933 702 σοι
2951 650 3360 717 λαληθήσεται
3390 652 3447 704 τί
3465 669 3535 706 σε
3556 653 3859 728 δεῖποιῆσαι.

2278 732 2444 784 Οὐδὲν
2477 732 2819 806 ἀμάρτυρον,
2851 735 2987 789 άλλά
3037 736 3243 798 πόλεως
3291 737 3573 810 ὁλοκλήρου
3622 750 3861 818 μαρτυρίαν

2276 821 2541 892 παράγει,
2568 823 2602 893 ἥ
2632 840 2696 891 γε
2725 824 2819 877 καὶ
2842 821 2982 877 εἶδεν
3038 826 3203 878 αὑτὸν
3253 829 3863 907 χειραγωγούμενον.’ορι

2274 907 2331 960 δὲ
2359 909 2453 961 καὶ
2484 908 2581 980 τὴν
2613 912 2951 982 προφητείαν
2985 912 3326 979 ἐξελθοῦσαν,
3361 915 3426 986 ῆν
3457 916 3643 985 ἤκουσε
3673 921 3865 993 μάρτυρα

2275 996 2438 1050 αὐτὸν
2467 996 2688 1052 ἔσεσθαι
2728 999 2823 1053 τοῦ
2878 1002 3110 1072 Κυρίου.
3161 1003 3385 1074 Μάρτυς
3419 1003 3524 1075 γὰρ
3565 1005 3715 1070 ὅντως
3744 1009 3865 1065 αὑτοῦ

2274 1084 2484 1152 γέγονε,
2514 1085 2610 1138 καὶ
2646 1085 2856 1156 μάρτυς
2889 1088 2965 1151 ώς
2990 1089 3119 1160 χρὴ,
3156 1090 3249 1142 καὶ
3281 1091 3347 1143 δι’
3384 1083 3457 1143 ὧν
3489 1091 3693 1164 ἔπραξε,
3715 1098 3792 1149 καὶ
3808 1097 3866 1150 δι’

2273 1163 2347 1224 ὧν
2382 1168 2526 1228 εἶπε.
2556 1173 2847 1238 Τοιούτους
2886 1176 2983 1230 καὶ
3016 1179 3164 1247 ἡμᾶς
3211 1177 3352 1232 εἶναι
3382 1181 3483 1250 χρὴ
3509 1163 3777 1254 μάρτυρας,
3799 1187 3867 1238 καὶ

2278 1260 2352 1329 μὴ
2391 1259 2718 1331 προδιδόναι,
2768 1262 2803 1316 ἃ
2857 1265 3319 1336 ἐνεπιστεύθημεν
3347 1283 3361 1297 ·
3391 1269 3450 1320 ού
3503 1271 3621 1341 περὶ
3645 1271 3869 1342 δογμάτων

2273 1347 2416 1415 λέγω
2450 1348 2630 1417 μόνον,
2662 1349 2797 1403 άλλά
2837 1352 2927 1405 καὶ
2963 1353 3093 1423 περὶ
3141 1354 3278 1423 βίου.
3314 1356 3455 1426 Ὅρα
3485 1358 3589 1428 γάρ
3614 1372 3626 1384 ⁸
3655 1359 3724 1412 ὅτι
3748 1355 3868 1424 εἶδεν,

2272 1431 2354 1482 ὅτι
2381 1432 2604 1501 ήκουσε,
2642 1437 2909 1504 μαρτυρεῖ
2928 1438 3095 1488 πᾶσιν
3122 1436 3452 1508 ἀνθρώποις,
3475 1441 3564 1493 καὶ
3589 1441 3721 1493 οὐδὲν
3747 1443 3868 1495 αὐτὸν

2274 1518 2541 1572 ἐκώλυσε.
2580 1520 2689 1573 Καὶ
2722 1523 2880 1590 ήμεῖς
2917 1524 3253 1595 ἠκούσαμεν,
3296 1528 3377 1580 ὅτι
3416 1527 3443 1566 ἀ
3474 1528 3612 1582 ἐστιν
3642 1530 3870 1593 ἀνάστασις

2275 1608 2367 1659 καὶ
2395 1606 2565 1678 μυρία
2602 1608 2783 1677 ἀγαθά
2817 1624 2832 1639 ·
2866 1610 3063 1665 οὐκοῦν
3092 1613 3378 1685 ὀφείλομεν
3401 1614 3556 1669 τοῦτο
3588 1620 3871 1689 μαρτυρῆσαι

2274 1695 2438 1748 πᾶσιν
2485 1694 2811 1767 ἀνθρώποις.
2858 1698 2970 1751 Καὶ
3034 1701 3143 1770 μὴν
3198 1702 3598 1775 μαρτυροῦμεν,
3649 1706 3778 1775 φησί,
3806 1706 3872 1757 καὶ

2273 1781 2623 1853 πιστεύομεν.
2661 1785 2807 1849 Πῶς,
2848 1787 3111 1841 τάναντία
3134 1791 3500 1861 πράττοντες;
3530 1792 3656 1847 Εἰπὲ
3682 1793 3737 1865 δή
3765 1809 3869 1864 μοι·

2271 1869 2326 1922 εῖ
2348 1887 2431 1934 τις
2465 1872 2658 1925 ἑαυτὸν
2693 1872 2847 1941 ἔλεγε
2890 1876 3238 1946 Χριστιανὸν,
3288 1875 3405 1934 εἶτα
3436 1881 3664 1946 ἀποστὰς
3690 1886 3748 1936 τὰ
3774 1883 3869 1934 Ἰου-

2272 1960 2437 2014 δαῖκά
2471 1962 2715 2032 ἐφρόνει,
2769 1961 2879 2033 ἄρα
2926 1965 3158 2034 ήρκεσεν
3211 1965 3281 2020 ἂν
3334 1970 3368 2039 ή
3429 1970 3686 2041 μαρτυρία,
3736 1969 3872 2040 nam;

2272 2047 2537 2119 Οὐδαμῶς
2568 2064 2583 2079 ⁶
2623 2050 2732 2103 ἀπὸ
2763 2051 2872 2121 γὰρ
2896 2051 3006 2104 τῶν
3035 2051 3211 2122 ἔργων
3241 2053 3344 2126 τὴν
3381 2064 3667 2129 μαρτυρίαν
3694 2056 3873 2129 ἐζήτουν
3990 2102 3991 2111 ξ

2271 2134 2356 2189 ἄν.
2389 2135 2545 2189 Οὕτω
2564 2137 2629 2207 δὴ
2662 2139 2753 2191 καὶ
2783 2140 2964 2210 ἡμεῖς,
3010 2141 3058 2193 εί
3112 2140 3346 2211 λέγομεν
3374 2144 3455 2197 ὅτι
3488 2144 3756 2209 ἀνάστασίς
3789 2148 3875 2201 ἐστι
3990 2140 3991 2207 ί

2272 2224 2368 2277 καὶ
2391 2224 2560 2297 μυρία
2582 2225 2784 2295 άγαθά,
2824 2221 2945 2280 εἶτα
3003 2230 3461 2303 καταφρονοῦμεν
3517 2235 3703 2299 αὐτῶν,
3727 2236 3875 2289 καὶτὰ

2271 2308 2511 2365 ἐνταῦθα
2540 2312 2930 2383 προτιμῶμεν,
2975 2314 3059 2378 τίς
3115 2317 3248 2387 ἡμῖν
3304 2320 3682 2388 πιστεύσει;οὐ
3707 2321 3798 2391 γὰρ
3816 2315 3874 2382 οἷς

2269 2398 2523 2469 λέγομεν,
2575 2399 2689 2452 ἀλλ’
2747 2396 2829 2464 οἷς
2898 2402 3211 2475 πράττομεν
3262 2409 3620 2478 προσέχουσιν
3669 2410 3874 2470 ἅπαντες.

2269 2486 2513 2556 Μάρτυς
2538 2487 2677 2555 ἔσῃ,
2713 2489 2867 2559 φησὶ,
2919 2489 3072 2559 πρὸς
3119 2492 3357 2561 πάντας
3408 2496 3764 2563 ἀνθρώπουςο
3788 2495 3878 2563 οὐχί

2272 2575 2408 2646 πρὸς
2429 2576 2555 2639 τοὺς
2578 2575 2815 2638 οἰκείους
2844 2577 3029 2648 μόνον,
3066 2580 3203 2633 άλλά
3225 2582 3326 2635 καὶ
3356 2581 3490 2653 πρὸς
3510 2584 3627 2644 τοὺς
3648 2583 3878 2645 ἀπίστους·

2268 2664 2316 2715 οἰ
2342 2663 2450 2735 γὰρ
2494 2664 2771 2736 μάρτυρες
2797 2665 2958 2719 τοῦτό
2980 2668 3140 2735 εἰσιν,
3167 2670 3293 2740 οὐχὶ
3325 2672 3450 2737 τοὺς
3490 2672 3686 2736 εἰδότας
3711 2670 3878 2723 πείθου·

2271 2770 2374 2812 σιν,
2400 2752 2536 2805 ἀλλὰ
2566 2754 2692 2815 τοὺς
2721 2754 2821 2807 οὐκ
2844 2754 3075 2819 εἰδότας.
3111 2746 3407 2829 Γενώμεθα
3454 2760 3733 2825 ἀξιόπιστοι
3784 2758 3881 2829 μάρ-

2267 2856 2449 2909 τυρες.
2479 2841 2602 2904 Πῶς
2662 2840 2719 2893 δὲ
2773 2841 3011 2913 ἐσόμεθα
3060 2843 3406 2913 ἀξιόπιστοι;
3458 2847 3585 2900 Ἀπὸ
3634 2846 3720 2900 τοῦ
3767 2844 3872 2915 βίον.

2281 2925 2568 2981 Ἐπέθεντο
2600 2928 2794 2999 ἐκείνῳ
2844 2930 3090 2984 Ἰουδαῖοι
3128 2946 3141 2959 ⁸
3179 2934 3516 2989 ἐπιτίθενται
3538 2937 3659 3007 ήμῖν
3687 2933 3875 3003 τὰπάθη

2267 3013 2565 3068 κελεύοντα
2595 3015 2961 3086 ἐξομόσασθαι
3001 3020 3101 3089 τὴν
3138 3024 3467 3094 μαρτυρίαν.
3515 3025 3663 3077 Ἀλλὰ
3705 3023 3768 3094 μὴ
3787 3038 3877 3075 πει-

2268 3100 2493 3172 θώμεθα
2534 3118 2548 3132 ·
2588 3104 2866 3176 μάρτυρές
2894 3108 3061 3176 ἐσμεν
3098 3109 3253 3179 παρὰ
3281 3111 3379 3164 τοῦ
3418 3111 3548 3165 Θεοῦ
3577 3110 3877 3182 πεμφθέντες.

2268 3192 2532 3260 Κρίνεται
2586 3193 2741 3262 παρά
2786 3193 3096 3264 ἀνθρώποις
3139 3196 3283 3249 τισὶν
3317 3200 3345 3251 6
3394 3199 3542 3263 Θεὸς,
3586 3200 3771 3253 ὅτιούκ
3793 3198 3880 3251 ἔστι

2268 3280 2399 3344 Θεὸς
2433 3298 2448 3312 ⁸
2482 3281 2727 3352 ἔπεμψεν
2758 3284 2906 3353 ἡμᾶς
2936 3286 3395 3357 μαρτυρήσοντας
3436 3287 3601 3360 αὐτῷ.
3637 3288 3879 3360 Μαρτυρή·

2269 3386 2450 3440 σωμεν
2480 3371 2575 3423 καὶ
2607 3370 2884 3442 πείσωμεν
2922 3374 3047 3436 τοὺς
3073 3372 3398 3440 δικάζοντας
3427 3392 3439 3405 '
3474 3378 3539 3433 ἂν
3560 3377 3628 3449 μὴ
3655 3376 3881 3449 μαρτυρή-

2268 3474 2473 3528 σωμεν,
2503 3458 2597 3511 καὶ
2624 3458 2724 3529 τῆς
2774 3459 2999 3514 ἐκείνων
3051 3461 3258 3533 πλάνης
3281 3465 3448 3536 ἡμεῖς
3478 3467 3635 3538 ἐσμεν
3659 3466 3811 3518 αἴτιοι.
3834 3461 3880 3514 El

2265 3545 2323 3598 δέ
2351 3547 2407 3598 ἐν
2441 3546 2802 3617 δικαστηρίῳ,
2835 3546 2964 3600 ἔνθα
2996 3546 3231 3618 βιωτικά
3260 3554 3568 3625 πράγματα
3589 3594 3603 3619 ,
3631 3555 3718 3607 οὐκ
3745 3553 3797 3607 ἄν
3817 3566 3879 3611 τις

2265 3633 2481 3700 δέξαιτο
2507 3636 2783 3708 ,μάρτυρα
2817 3638 3029 3707 μυρίων
3054 3638 3297 3709 γέμοντα
3330 3643 3516 3697 κακῶν
3536 3660 3549 3675 ⁸
3582 3640 3739 3708 πολλῷ
3770 3638 3876 3709 μάλα

2264 3721 2354 3775 λον
2384 3723 2641 3791 ἐνταῦθα,
2666 3724 2797 3779 ἔνθα
2840 3729 2970 3799 περὶ
3010 3727 3266 3781 τοιούτων
3311 3733 3646 3804 πραγμάτων
3678 3732 3705 3802 ή
3734 3726 3880 3797 σκέψις

2264 3813 2436 3868 ἐστίν.
2472 3814 2663 3884 Ἡμεῖς
2693 3814 2948 3887 λέγομεν,
2983 3817 3063 3870 ὅτι
3093 3818 3415 3891 ἠκούσαμεν
3453 3821 3544 3875 τοῦ
3571 3817 3788 3892 Χριστοῦ,
3807 3814 3877 3868 καὶ

2265 3901 2592 3972 πιστεύομεν
2633 3896 2713 3966 οἷς
2733 3904 3099 3973 ἐπηγγείλατο
3127 3919 3141 3932 ·
3178 3905 3433 3974 λέγουσιν
3466 3910 3674 3962 ἐκεῖνοι·
3702 3904 3874 3967 Aelius

2261 3988 2420 4042 τοῦτο
2448 3990 2536 4043 διὰ
2588 3989 2698 4043 τῶν
2761 3990 2937 4061 ἔργων
2967 4009 2981 4025 ο
3023 3994 3051 4044 6
3100 3992 3208 4065 γὰρ
3248 3993 3367 4065 βίος
3428 3996 3580 4067 ὑμῶν
3618 3996 3675 4049 τὰ
3704 3988 3870 4046 ἐναντία

2266 4080 2552 4150 μαρτυρεῖ,
2581 4080 2664 4133 ὃτι
2682 4079 2744 4132 ού
2777 4079 3086 4135 πιστεύετε.

2334 4164 2469 4229 Τοὺς
2488 4166 3015 4238 χρηματιζομένους,
3036 4167 3163 4233 τοὺς
3192 4169 3568 4241 ἁρπάζοντας,
3591 4170 3701 4231 τοὺς
3728 4165 3875 4218 πλεον-

2260 4253 2553 4318 εκτοῦντας
2592 4254 2849 4325 βούλεσθε
2913 4256 3148 4328 ίδωμενς
3198 4260 3329 4324 τοὺς
3386 4260 3730 4322 πενθοῦντας,
3778 4251 3877 4315 τοὺς

2260 4342 2656 4413 κοπτομένους,
2687 4345 2815 4408 τοὺς
2836 4344 3278 4416 οἰκοδομοῦντας,
3306 4350 3440 4414 τοὺς
3481 4352 3649 4404 πάντα
3669 4358 3877 4417 πραγμαο

2261 4430 2612 4500 τευομένους,
2659 4430 2736 4495 ὡς
2776 4433 2877 4486 οὐκ
2934 4434 3453 4507 ἀποθανουμένους;
3516 4440 3579 4494 Εἰ
3632 4435 3786 4491 τοίνυν
3815 4430 3880 4483 ὅτι

2260 4518 2623 4573 ἀποθανεῖσθε
2675 4520 2738 4574 οὐ
2788 4522 3096 4586 πιστεύετε,
3148 4526 3445 4597 πράγματι
3498 4528 3633 4582 οὕτω
3664 4524 3786 4596 δήλῳ
3810 4515 3883 4572 καὶ

2263 4606 2506 4677 φανερῷ,
2538 4606 2657 4672 πῶς
2677 4609 2806 4680 ὑμῖν
2831 4609 3199 4682 πιστεύσομεν
3227 4616 3597 4689 μαρτυροῦσιν
3615 4632 3629 4681 ;
3649 4612 3753 4667 Εἰσί
3778 4607 3880 4677 γὰρ.

2259 4694 2369 4746 εἰσί.
2397 4694 2583 4748 πολλοὶ
2610 4695 2718 4750 τῶν
2748 4696 3073 4768 ἀνθρώπων,
3110 4700 3159 4753 οἳ
3197 4701 3341 4755 οῦτω
3378 4703 3689 4764 διάκεινται,
3719 4701 3784 4760 ὡς
3806 4693 3884 4747 οὐκ

2258 4781 2712 4854 ἀποθανούμενοι.
2742 4785 2911 4840 Ὅταν
2958 4788 3068 4858 γὰρ
3122 4790 3180 4841 ὲν
3234 4792 3384 4862 γήρᾳ
3425 4791 3618 4865 μακρῷ
3656 4789 3881 4860 ἀρχωνται

2257 4870 2562 4942 οἰκοδομεῖν
2594 4874 2689 4926 καὶ
2717 4876 3010 4945 γεωργεῖν,
3034 4875 3163 4929 πότε
3190 4876 3456 4948 λογισμὸν
3481 4880 3725 4951 λήψονται
3748 4869 3880 4927 θανά·

2256 4958 2485 5024 του;ού
2525 4960 2697 5031 μικρά
2733 4962 2765 5032 ή
2810 4962 3033 5027 κόλασις
3066 4966 3201 5036 ἡμῖν
3255 4966 3505 5038 κληθεῖσι
3544 4968 3638 5037 μὲν
3666 4965 3736 5027 εἰς
3774 4972 3883 5031 μαρτ

2255 5045 2472 5115 τυρίαν,
2521 5047 2596 5117 μὴ
2651 5047 2926 5119 δυνηθεῖσι
2970 5050 3027 5103 δὲ
3084 5054 3708 5125 μαρτυρῆσαιᾶείδομεν
3744 5041 3881 5123 [556Ῑ.

2256 5133 2487 5205 Εἶδομεν
2555 5139 2649 5190 καὶ
2703 5139 2868 5209 ἡμεῖς
2929 5140 3229 5214 ὀφθαλμοῖς
3288 5146 3418 5209 τοὺς
3474 5145 3726 5214 ἀγγέλους
3741 5183 3754 5204 ν
3813 5138 3886 5191 καὶ

2256 5223 2590 5294 σαφέστερον
2655 5226 2767 5280 τῶν
2815 5228 3158 5300 ἑωρακότων.
3220 5233 3430 5288 Οὐκοῦν
3502 5232 3886 5306 μαρτυρήσωμεν

2252 5308 2330 5379 τῷ
2357 5311 2600 5382 Χριστῷο
2632 5314 2694 5365 ού
2748 5314 2854 5389 γὰρ
2906 5317 2969 5389 δὴ
3019 5320 3216 5373 ἐκεῖνοι
3266 5320 3545 5392 μάρτυρες
3590 5320 3756 5391 μόνον,
3778 5314 3885 5370 ἀλλᾶ

2254 5399 2349 5451 καὶ
2418 5401 2599 5469 ἡμεῖς.
2646 5404 2745 5457 Διά
2794 5406 2952 5459 τοῦτο
2985 5410 3179 5462 ἐκεῖνοι
3235 5409 3488 5477 λέγονται
3527 5411 3797 5481 μάρτυρες,
3821 5404 3883 5456 ὅτι

2253 5485 2602 5556 κελευόμενοι
2671 5492 3039 5561 ἐξομόσασθαι
3114 5498 3292 5549 πάντα
3362 5498 3755 5569 ὑπομένουσιν,
3817 5493 3883 5543 ἵνα

2250 5570 2350 5641 τὴν
2405 5571 2665 5642 ἀλήθειαν
2696 5576 2914 5629 εῖπωσι’
2955 5579 3048 5631 καὶ
3080 5580 3261 5649 ἡμεῖς,
3294 5579 3428 5631 ὅταν
3463 5582 3566 5633 ὑπὸ
3601 5581 3700 5632 τῶν
3732 5574 3885 5628 παθὼν

2251 5656 2605 5728 κελευώμεθα
2663 5662 3050 5733 ἐξομόσασθαι,
3116 5666 3191 5737 μὴ
3237 5667 3552 5738 ἡττώμεθα.
3611 5669 3667 5721 ’0
3722 5662 3886 5735 χρυσὸς

2250 5746 2418 5814 λέγει’
2461 5746 2618 5811 Εἰπὲ,
2660 5748 2743 5802 ὅτι
2780 5752 2808 5803 6
2853 5753 3088 5822 Χριστὸς
3137 5756 3237 5807 οὐκ
3279 5754 3398 5808 ἔστι
3448 5757 3690 5827 Χριστός·
3717 5752 3782 5822 μὴ
3810 5744 3884 5800 οὖν

2249 5834 2415 5888 ἄκουε
2456 5834 2521 5886 σὺ
2564 5834 2641 5899 ὡς
2679 5836 2837 5900 Θεοῦ,
2904 5840 3042 5894 ἀλλὰ
3099 5841 3519 5914 καταφρόνησον
3561 5842 3665 5895 τῶν
3709 5837 3884 5892 ἐκείνου

2327 5937 2349 5967 ο
2376 5935 2501 6005 Tres
2543 5937 2701 6005 cpdd.,
2725 5940 2781 5988 τὸ
2825 5942 2973 6005 όνομα
3008 5943 3154 5993 αὐτοῦ
3187 5947 3421 5995 δείκνυσιν
3456 5947 3593 5994 αὑτὸν
3634 5943 3742 5992 Θεὸν
3776 5940 3883 5995 ὄντα,

2249 5999 2470 6059 brevius,
2496 6000 2585 6048 sed
2606 6002 2750 6050 bene.
2817 6002 2843 6042 ά
2866 5999 3027 6063 Alius,
3050 6010 3181 6072 ἡμεῖς
3208 6010 3531 6073 μαρτυροῦμεν
3555 6012 3639 6061 ὅτι.
