3948 6488
109 477 213 531 hzec
238 466 525 527 contraria.
570 464 698 520 Duae
738 473 968 530 namque
1004 472 1164 513 voces
1200 464 1377 522 erant,
1425 454 1576 510 Pauli
1619 460 1676 509 et

108 563 313 622 Domini
339 579 354 616 :
383 560 453 617 de
475 571 610 614 voce
634 562 812 610 autem
837 550 987 607 Pauli
1015 549 1123 603 illic
1146 548 1410 618 loquitur;
1434 546 1524 600 hic
1549 558 1676 600 vero

106 659 257 711 etiam
295 650 534 713 addidit,
588 646 770 701 Vocem
801 659 903 698 non
938 640 1209 695 audierunt
1254 637 1502 707 loquentis
1528 634 1672 705 mihi.

107 748 260 818 igitur
284 741 439 804 illud.
470 738 743 794 Neminem
766 736 1010 794 videntes.
1033 747 1141 787 non
1162 729 1229 785 ad
1251 730 1421 784 visum
1447 735 1673 797 spectat,

103 837 189 893 sed
209 833 480 904 signiﬁcat
510 844 621 884 non
647 826 882 882 audisse.
908 824 1089 893 Neque
1118 823 1262 877 enim
1289 820 1440 881 dixit.
1478 819 1675 874 Lucem

102 945 199 984 non
222 925 514 989 viderunt;
543 921 659 987 sed,
688 918 953 975 Neminem
975 917 1197 971 videntes
1221 924 1478 979 steterunt,
1498 912 1549 967 id
1571 921 1676 977 est,

100 1020 363 1076 neminem
415 1016 745 1087 loquentem.
795 1011 922 1067 lure
965 1019 1144 1064 autem
1185 1008 1258 1061 ita
1306 1005 1499 1059 factum
1548 1013 1673 1059 est:

98 1115 241 1170 illum
271 1111 421 1167 enim
445 1106 727 1178 oportebat
750 1104 838 1160 illa
863 1117 994 1159 voce
1018 1098 1241 1171 dignari.
1270 1099 1325 1153 Si
1353 1097 1496 1152 enim
1517 1106 1568 1152 et
1602 1096 1677 1150 illi

99 1204 396 1267 audissent,
428 1215 533 1256 non
567 1192 771 1253 tantum
800 1195 989 1249 fuisset
1009 1191 1340 1247 miraculum.
1360 1188 1491 1257 Quia
1516 1188 1679 1259 igitur

98 1298 389 1355 crassiores
437 1294 638 1348 visione
667 1290 838 1361 magis
883 1285 1301 1358 persuadentur,
1344 1282 1465 1336 ideo
1506 1287 1563 1335 et
1601 1279 1675 1334 illi

98 1394 265 1446 lucem
289 1396 495 1443 tantum
519 1384 787 1447 viderunt,
813 1380 952 1451 quod
974 1375 1301 1450 poteratillis
1322 1372 1672 1444 persuadere:

97 1485 231 1539 unde
276 1493 333 1537 et
374 1479 619 1537 exterriti
663 1485 804 1532 sunt.
859 1473 1116 1543 Alioquin
1146 1486 1275 1525 vero
1321 1484 1426 1524 non
1471 1476 1675 1521 tantum

96 1586 312 1649 operata
344 1584 429 1630 est
470 1574 560 1628 lux
590 1573 642 1626 in
675 1571 799 1631 illis.
827 1576 1081 1639 quantum
1112 1566 1164 1619 in
1193 1563 1294 1618 hoc
1325 1579 1338 1617 :
1366 1560 1509 1616 hunc
1531 1559 1674 1615 enim

93 1667 381 1724 oxcmcavit
402 1708 417 1730 ,
457 1681 552 1735 per
592 1678 656 1718 ea
681 1702 696 1727 ,
735 1675 854 1731 qua:
885 1659 983 1729 ipsi
1013 1657 1386 1727 contigerunt,
1415 1652 1547 1707 dans
1571 1650 1675 1706 illis

94 1764 266 1818 locum
297 1755 647 1829 respiciendi,
675 1756 719 1810 si
747 1753 1065 1808 voluissent.
1098 1750 1221 1805 Mihi
1253 1750 1430 1819 itaque
1467 1745 1676 1800 videtur

91 1872 150 1910 ex
170 1855 356 1909 divina
374 1849 704 1923 providentia
728 1848 913 1911 fuisse,
936 1843 1081 1915 quod
1103 1844 1175 1898 illi
1197 1858 1304 1897 non
1326 1839 1671 1904 crediderint,

92 1956 139 2000 ut
178 1953 373 2001 essent
405 1950 570 1997 testes
600 1940 706 1996 ﬁde
733 1938 897 2009 digni.
930 1935 1073 1992 Dixit
1097 1935 1166 1988 ad
1200 1950 1298 2000 me,
1341 1932 1533 2003 inquit,
1562 1930 1675 2003 Ego

88 2054 195 2091 sum
227 2035 260 2089 J
268 2052 387 2090 esus
414 2033 735 2097 Nazarenus,
761 2046 906 2101 quem
927 2038 982 2083 tu
1004 2026 1333 2098 persequeris.
1362 2023 1505 2079 Bene
1533 2031 1588 2078 et
1607 2022 1676 2076 ci-

89 2130 227 2183 vitas
258 2135 610 2191 memoratur,
653 2132 714 2178 ut
749 2136 909 2178 nosse
951 2128 1169 2191 possent
1206 2117 1298 2173 illi.
1349 2117 1416 2172 Et
1450 2116 1673 2186 apostoli

87 2234 302 2291 quoque
334 2218 414 2272 sic
458 2215 703 2271 dicebant
738 2233 752 2269 :
783 2212 963 2266 Jesum
989 2227 1022 2263 a
1050 2209 1334 2264 Nazaretlt.
1376 2207 1508 2262 Vide
1540 2225 1554 2262 :
1585 2207 1676 2261 ille

87 2326 299 2383 quoque
332 2318 576 2374 testatur,
603 2305 745 2378 quod
770 2303 1234 2376 persequulionem
1257 2316 1447 2373 passus
1461 2302 1548 2357 sit.
1576 2300 1675 2365 Qui

86 2418 250 2459 autent
276 2420 472 2457 mecum
492 2411 655 2466 erant,
681 2401 853 2455 lumen
880 2397 1082 2469 quidem
1109 2396 1359 2460 viderunt,
1382 2405 1427 2450 et
1452 2395 1676 2450 exterriti

86 2508 221 2559 sunt,
264 2512 441 2550 vocem
482 2504 650 2548 autem
685 2509 788 2547 non
828 2491 1123 2546 audierunt.
1155 2490 1244 2546 10.
1276 2488 1346 2543 Et
1370 2489 1510 2555 dixi,
1542 2487 1676 2555 Quid

84 2592 293 2661 faciam,
321 2588 539 2643 Domine
553 2590 579 2642 .9
597 2586 846 2642 Dominus
873 2595 1041 2640 autem
1064 2585 1192 2639 dixit
1216 2584 1283 2638 ad
1310 2599 1388 2637 me
1408 2598 1427 2637 :
1448 2583 1676 2654 Surgens

85 2687 205 2739 vade
228 2684 563 2747 Damascum,
592 2690 639 2735 et
665 2681 737 2734 ibi
765 2681 960 2734 dicetur
987 2679 1109 2744 tibi,
1134 2677 1259 2748 quid
1282 2687 1329 2731 te
1352 2685 1576 2746 oporteat
1595 2676 1676 2746 fa-

86 2793 210 2829 cere.
256 2776 350 2830 Η.
398 2773 609 2827 Etcum
646 2788 750 2826 non
792 2769 1010 2825 viderem
1057 2785 1163 2839 pra:
1199 2769 1427 2823 claritate
1472 2769 1676 2823 luminis

86 2870 239 2934 illius,
266 2867 340 2921 ad
363 2883 566 2920 manum
586 2865 828 2920 deductus
849 2879 881 2917 a
901 2862 1186 2928 comitibus,
1213 2862 1324 2916 ueni
1344 2860 1673 2916 Damascum.

90 2966 167 3019 1'2.
201 2963 438 3017 Ammius
462 2969 630 3014 autem
666 2959 893 3030 quidam,
933 2957 1010 3011 vir
1039 2955 1153 3026 pius
1176 2956 1450 3011 secundum
1474 2956 1632 3027 legem
1655 2997 1671 3023 ,

94 3057 424 3110 testimonium
462 3054 654 3108 habens
684 3053 746 3107 ab
769 3051 1002 3107 omnibus
1025 3052 1113 3121 qui
1139 3061 1279 3105 erant
1306 3050 1547 3105 Damasci
1570 3050 1673 3104 Jua

102 3150 229 3213 diris,
255 3149 346 3203 15.
378 3146 579 3199 veniens
618 3144 685 3197 ad
718 3160 798 3198 me
830 3153 878 3198 et
904 3142 1114 3197 adstans
1154 3141 1282 3196 dixit
1317 3142 1440 3195 mihi
1465 3157 1485 3196 :
1516 3142 1677 3196 Saule

108 3246 264 3310 frater,
290 3240 510 3309 respice.
541 3237 609 3292 Et
628 3254 719 3308 ego
745 3238 917 3292 eadem
944 3238 1071 3290 hora
1092 3236 1291 3305 respexi
1326 3236 1380 3290 in
1415 3253 1544 3291 eum.
1576 3235 1675 3290 In-

104 3334 303 3402 gredere,
337 3332 539 3402 inquit,
571 3332 624 3384 in
648 3331 920 3396 civitatem,
952 3339 1000 3384 et
1023 3329 1093 3382 ibi
1117 3329 1314 3383 dicetur
1341 3328 1448 3394 tibi,
1484 3327 1606 3397 quid
1629 3337 1676 3382 te

95 3436 309 3491 oporteat
343 3426 535 3494 facere.
580 3422 721 3477 Ecce
768 3436 955 3476 rursus
995 3420 1160 3475 alium
1205 3428 1395 3475 testem
1429 3436 1442 3472 :
1472 3428 1528 3474 et
1556 3418 1675 3475 vide

88 3518 356 3586 quomodo
386 3515 532 3570 illum
559 3514 664 3569 ﬁde
689 3513 907 3584 dignum
934 3512 1109 3568 faciat.
1132 3511 1356 3566 Ananias
1380 3521 1546 3566 autem
1565 3513 1677 3582 gui-

81 3611 214 3675 dam,
249 3608 466 3677 inquit,
494 3607 570 3660 vir
595 3606 709 3677 pius
733 3605 1009 3660 secundum
1032 3604 1211 3676 legem,
1245 3604 1527 3659 testimonio
1549 3620 1673 3675 pro-

80 3702 219 3754 batus
243 3699 311 3754 ab
345 3699 580 3752 omnibus
607 3697 809 3752 Iudaeis
827 3739 843 3765 ,
870 3697 1128 3768 ingressus
1156 3696 1224 3749 ad
1252 3712 1332 3750 me
1356 3704 1403 3750 et
1428 3696 1636 3750 adstans
1653 3737 1669 3765 ,

76 3794 205 3847 dixit
235 3792 375 3846 milii
412 3806 430 3845 :
458 3791 693 3859 Respice.
734 3790 810 3845 Ita
848 3788 981 3845 nihil
1006 3790 1264 3845 alienum.
1288 3788 1358 3843 Et
1384 3806 1474 3860 ego
1500 3790 1675 3844 eadem

75 3886 198 3937 hora
218 3884 452 3955 respexi.
478 3882 732 3952 Sequitur
749 3880 874 3937 hinc
893 3880 1253 3936 testimonium
1281 3895 1377 3951 per
1397 3896 1483 3936 res
1508 3880 1670 3951 ipsas.

72 3976 137 4031 Et
163 3976 318 4039 vide,
354 3972 627 4045 quomodo
659 3988 723 4027 ex
753 3971 999 4042 personis
1022 3979 1077 4026 et
1109 3971 1274 4026 rebus
1302 3980 1574 4036 nectatur;
1606 3986 1673 4027 ex

66 4066 332 4137 personis
363 4075 470 4119 tam
499 4064 733 4135 propriis
760 4078 920 4134 quam
949 4063 1239 4118 extraneis.
1272 4062 1523 4118 Persona:
1548 4074 1674 4118 sunt

62 4161 416 4227 sacerdotes,
444 4160 708 4223 seniores,
736 4159 836 4213 via:
861 4158 1113 4222 comites;
1137 4173 1224 4214 res
1249 4173 1378 4215 vero
1405 4167 1460 4215 et
1486 4174 1670 4229 opera,

60 4270 193 4323 qua:
228 4253 384 4315 fecit,
422 4268 543 4323 qua:
579 4266 767 4322 passus
801 4259 885 4307 est
920 4267 934 4306 :
972 4260 1025 4306 et
1062 4266 1223 4322 opera
1263 4251 1515 4322 operibus
1544 4253 1673 4308 dant

59 4347 475 4409 testimonium,
507 4360 612 4401 non
639 4360 884 4415 persona:
915 4354 1138 4400 tantum.
1170 4345 1269 4402 Vel
1291 4348 1449 4401 etiam
1476 4348 1670 4403 aliter:

54 4453 376 4496 extraneus
397 4449 514 4494 erat
535 4440 801 4506 Ananiae;
833 4439 1027 4495 deinde
1052 4441 1269 4511 ponitur
1296 4456 1383 4497 res
1411 4441 1523 4512 ipsa
1544 4482 1561 4510 ,
1588 4444 1672 4497 vi-

56 4548 153 4585 sus
194 4532 524 4597 restitutio;
570 4539 755 4601 postea
800 4531 1075 4601 prophetia
1106 4548 1315 4603 magna.
1354 4534 1442 4592 M.
1480 4534 1545 4588 At
1584 4534 1674 4590 ille

53 4628 191 4679 dixit
219 4643 244 4681 :
280 4624 433 4677 Deus
459 4632 663 4691 patrum
692 4634 975 4677 nostrorum
1003 4625 1361 4693 prteordinavit
1400 4634 1465 4690 te,
1502 4636 1556 4679 ut
1582 4643 1672 4681 co-

53 4732 351 4785 gnosceres
404 4713 716 4769 voluntatem
758 4716 889 4783 ejus,
934 4726 982 4769 et
1018 4715 1210 4771 videres
1245 4718 1462 4786 justum.
1509 4718 1673 4774 Recte

46 4810 189 4863 dixit
212 4851 230 4871 .
286 4807 519 4861 Patrum
540 4846 555 4869 ,
593 4814 650 4859 ut
684 4805 989 4860 ostenderet
1019 4820 1113 4861 eos
1139 4821 1247 4860 non
1275 4821 1397 4863 esse
1422 4807 1636 4864 Judzeos
1653 4850 1670 4874 ,

46 4900 143 4955 sed
186 4902 427 4955 alienos
463 4914 495 4951 a
546 4898 685 4968 lege,
716 4908 770 4951 et
826 4897 1044 4965 invidia,
1093 4914 1197 4953 non
1247 4899 1364 4953 zelo
1390 4916 1567 4972 agere.
1604 4900 1673 4956 Ut

42 4995 206 5057 scias,
269 4992 484 5060 inquit,
540 4990 847 5043 voluntatem
874 4990 1003 5060 ejus,
1033 5000 1081 5044 et
1130 4990 1244 5044 ride
1277 4993 1493 5063 justum.
1529 4993 1672 5063 Ergo

46 5086 167 5141 hac
227 5085 509 5138 voluntas
569 5084 688 5151 ejus
742 5092 844 5138 est.
898 5082 1032 5137 Vide
1084 5094 1142 5137 ut
1190 5083 1431 5139 doctrina
1486 5087 1673 5143 ordine

44 5178 412 5235 narrationis
455 5176 683 5231 dicatur.
730 5174 800 5229 Et
834 5176 1036 5230 audires
1077 5192 1244 5230 vocem
1287 5194 1349 5232 ea:
1391 5195 1477 5231 ore
1519 5181 1626 5250 ejus
1654 5197 1673 5233 :

42 5272 133 5325 15.
167 5272 317 5341 quia
351 5268 459 5324 eris
484 5269 621 5321 testis
645 5267 787 5322 illius
812 5269 881 5321 ad
909 5284 1080 5323 onmes
1103 5270 1327 5324 homines
1348 5286 1539 5339 eorum,
1562 5290 1675 5338 qua:

40 5365 224 5419 vidisti
255 5373 319 5418 et
347 5360 563 5415 audisti.
596 5359 663 5413 Et
686 5360 894 5427 videres,
920 5360 1110 5431 inquit,
1132 5363 1329 5433 justum
1357 5378 1377 5416 :
1404 5380 1543 5419 nunc
1571 5364 1674 5421 hoc

42 5456 198 5509 dicit.
235 5454 308 5511 Si
342 5453 551 5521 justus,
584 5451 658 5505 illi
684 5453 761 5506 rei
784 5462 923 5507 sunt.
956 5453 1025 5506 Et
1052 5454 1254 5508 audires
1288 5470 1455 5509 vocem
1490 5472 1553 5511 ea:
1590 5474 1676 5513 ore

272 5542 433 5598 Vide
479 5552 537 5597 ut
566 5557 681 5597 rem
724 5544 951 5598 extollit.
984 5544 1115 5610 Quia
1142 5547 1259 5613 eris,
1302 5547 1497 5617 inquit,
1540 5550 1676 5604 testis

36 5640 211 5693 illius.
251 5637 406 5691 Ideo
448 5650 578 5706 ergo
622 5651 728 5690 non
770 5636 965 5705 prodes
1006 5639 1175 5693 visum
1206 5649 1261 5694 et
1303 5640 1572 5709 auditum,
1615 5659 1677 5698 ea

34 5745 256 5801 nempe
295 5742 436 5797 quae
473 5726 654 5782 vidisti
679 5736 733 5782 et
761 5728 954 5783 audisti
981 5747 995 5784 :
1025 5745 1119 5799 per
1151 5740 1433 5801 utrumque
1461 5748 1676 5789 sensum

32 5824 203 5879 illum
233 5820 430 5876 fidum
460 5816 607 5875 facit.
642 5818 735 5874 16.
765 5818 833 5876 Et
857 5836 990 5876 nunc
1012 5821 1135 5892 quid
1163 5824 1413 5880 moraris?
1446 5823 1680 5899 Exsurge

1087 343 1153 401 IN
1191 341 1371 400 ACTA
1413 338 1936 398 APOSTOLORUM.
1977 338 2209 395 HOMIL.
2248 337 2453 394 XLVII.

3266 343 3372 400 350

1787 462 1832 506 et
1886 450 2171 523 baptizare,
2198 462 2245 506 et
2296 450 2446 506 ablue
2488 460 2692 521 peccata
2736 459 2842 519 tua,
2881 452 3109 508 invocato
3173 455 3373 509 nomine

1785 543 1963 613 ipsius.

1855 638 1910 693 3.
1939 637 2037 693 Hic
2062 652 2175 692 rem
2203 652 2450 709 magnam
2479 637 2732 709 loquitur.
2763 636 2879 697 Non
2919 636 3063 693 enim
3100 636 3270 704 dixit,
3311 637 3370 696 In

1786 730 2002 784 nomine
2027 729 2144 799 ejus
2172 730 2463 800 baptizare,
2496 728 2612 796 sed,
2655 728 2897 784 lnvocato
2934 730 3135 784 nomine
3158 729 3366 785 Christi.

1786 823 1899 878 lioc
1923 832 2101 878 autem
2137 822 2393 889 declarat,
2424 823 2571 877 illum
2601 837 2723 879 esse
2763 823 2928 877 Deum
2960 840 2972 876 :
3004 838 3177 893 neque
3204 823 3369 879 alium

1788 917 1911 971 licet
1948 919 2220 982 invocare,
2266 917 2368 969 nisi
2409 915 2598 970 Deum.
2648 915 2852 971 Deinde
2890 916 3124 971 ostendit
3163 930 3223 971 se
3260 931 3370 972 non

1785 1024 1904 1064 esse
1930 1019 2172 1065 coactum
2199 1007 2325 1063 dum
2353 1008 2483 1063 dicit
2508 1027 2521 1063 :
2545 1007 2799 1064 Dominus
2828 1009 2956 1063 dixit
2981 1010 3049 1063 ad
3077 1027 3156 1065 me
3176 1026 3196 1065 :
3232 1009 3370 1066 Vade

1784 1103 1837 1156 in
1865 1102 2192 1165 Damascum,
2215 1113 2260 1156 et
2285 1103 2351 1155 ibi
2371 1103 2566 1155 dicetur
2586 1103 2694 1169 tibi,
2715 1104 2840 1176 quid
2860 1114 2906 1157 te
2931 1114 3156 1175 oporteat
3180 1106 3365 1175 facere.

1784 1193 1926 1248 Nihil
1950 1194 2066 1250 sine
2095 1192 2418 1259 testimonio,
2449 1193 2544 1249 sed
2571 1194 2798 1249 civitatis
2818 1196 2979 1250 totius
3003 1197 3365 1251 testimonium

1785 1286 2020 1355 profert,
2050 1303 2168 1356 qua:
2194 1288 2352 1341 etiam
2380 1286 2585 1342 viderat
2612 1302 2734 1343 eum
2769 1304 2927 1343 manu
2954 1289 3194 1346 ductum.
3235 1290 3370 1347 Vide

1785 1377 1945 1432 etiam
1974 1378 2307 1446 prophetiam
2339 1394 2632 1449 egressam,
2661 1395 2820 1450 quam
2849 1381 3068 1449 audivit,
3097 1397 3157 1438 se
3178 1392 3366 1438 testem

1784 1465 1898 1521 fore
1931 1468 2161 1521 Domini.
2191 1469 2394 1524 Revera
2420 1470 2560 1524 enim
2584 1471 2737 1526 testis
2768 1472 2909 1526 illius
2937 1460 3053 1534 fuit,
3082 1482 3136 1528 et
3158 1475 3367 1544 qualem

1784 1573 1905 1614 esse
1940 1559 2254 1627 oportebat,
2290 1572 2344 1614 et
2381 1561 2634 1629 operibus
2663 1571 2716 1617 et
2757 1562 2955 1618 verbis.
2985 1563 3142 1619 Tales
3177 1574 3232 1619 et
3266 1580 3369 1621 nos

1782 1660 1994 1721 oportet
2026 1666 2148 1707 esse
2184 1661 2367 1720 testes,
2407 1669 2503 1709 nec
2545 1654 2770 1724 prodere
2803 1669 2888 1722 ea,
2919 1672 3038 1727 qua:
3063 1657 3217 1713 nobis
3241 1674 3369 1714 con-

1782 1744 1985 1799 credita
2016 1753 2175 1812 sunt,
2212 1762 2317 1800 non
2360 1755 2565 1801 tantum
2595 1749 2735 1803 circa
2762 1748 3009 1818 dogmata
3029 1791 3045 1818 ,
3082 1750 3178 1806 sed
3206 1753 3369 1812 etiam

1781 1836 1925 1891 circa
1967 1836 2153 1897 vitam.
2199 1837 2330 1893 Vide
2374 1840 2515 1893 enim
2551 1857 2564 1894 :
2598 1839 2740 1910 quod
2777 1841 2971 1896 viderit
3009 1851 3064 1898 et
3104 1843 3358 1907 audierit,

1783 1938 2007 1984 testatur
2030 1930 2279 1986 omnibus
2305 1930 2630 2000 hominibus,
2664 1942 2719 1989 et
2741 1933 2873 1989 nihil
2902 1934 3048 1991 illum
3074 1936 3367 2008 prohibuit.

1782 2020 1851 2075 Et
1877 2037 1974 2077 nos
1999 2022 2296 2079 audivimus
2319 2025 2459 2095 quod
2496 2025 2565 2080 sit
2594 2027 2916 2083 resurrectio
2946 2037 2999 2083 et
3031 2029 3173 2099 quod
3205 2031 3365 2084 innu«

1782 2139 1925 2179 mera
1960 2123 2097 2178 bona
2127 2142 2141 2178 :
2174 2140 2302 2195 ergo
2340 2125 2596 2181 debemus
2639 2127 2740 2182 hoc
2773 2128 3020 2184 omnibus
3062 2126 3367 2184 hominibus

1785 2216 2077 2275 testiﬁcari.
2111 2218 2271 2287 Atqui
2304 2218 2684 2285 testiﬁcamur,
2722 2218 2963 2290 inquies,
2994 2229 3049 2275 et
3076 2219 3366 2275 credimus.

1782 2309 2085 2378 Quomodo,
2108 2312 2374 2366 contraria
2402 2311 2705 2368 facientes?
2735 2313 2847 2377 Dic,
2877 2329 3058 2384 quaeso
3077 2356 3093 2382 ,
3127 2316 3256 2371 mihi
3283 2314 3364 2371 :si

1781 2402 1903 2471 quis
1926 2416 1985 2456 se
2014 2401 2220 2457 diceret
2246 2401 2630 2470 Christianum,
2655 2402 2850 2459 deinde
2877 2404 3132 2461 deficiens
3151 2418 3365 2476 saperet

1780 2492 2018 2560 Judaica,
2044 2510 2111 2549 an
2136 2492 2407 2551 sufﬁceret
2430 2493 2534 2551 hoc
2563 2497 2959 2553 testimonium?
2981 2497 3362 2571 Nequaquam:

1770 2604 1905 2665 nam
1933 2604 2001 2645 ex
2026 2589 2279 2659 operibus
2306 2589 2669 2644 testimonium
2698 2600 3017 2661 quaererent.
3048 2591 3121 2648 lta
3146 2602 3202 2649 et
3224 2608 3324 2649 nos
3346 2635 3363 2660 ,

1779 2681 1825 2734 si
1854 2679 2094 2735 dicamus
2132 2694 2255 2735 esse
2282 2680 2728 2736 resurrectionem
2771 2689 2826 2737 et
2865 2680 3143 2738 innumera
3184 2683 3321 2740 bona
3344 2727 3360 2752 ,

1780 2770 2081 2843 dcindeque
2113 2771 2201 2826 illa
2239 2781 2643 2827 contemnamus
2664 2814 2678 2837 ,
2722 2782 2779 2829 et
2818 2781 3030 2830 terrena
3057 2784 3325 2833 sectemur
3346 2818 3363 2841 ,

1780 2864 1901 2935 quis
1928 2863 2152 2920 credet?
2180 2878 2286 2919 non
2316 2863 2460 2918 enim
2491 2864 2573 2929 iis,
2602 2880 2721 2934 quae
2742 2864 2988 2934 dicimus,
3011 2867 3107 2922 sed
3132 2868 3217 2935 iis,
3244 2885 3365 2940 quae

1781 2955 2006 3011 facimus
2027 2994 2043 3022 ,
2083 2954 2366 3010 attendunt
2405 2969 2615 3010 omnes.
2645 2953 2809 3010 Testis
2832 2958 2931 3011 eris
2950 2998 2965 3023 ,
2992 2957 3194 3029 inquit,
3225 2962 3365 3031 apud

1780 3065 1953 3105 omnes
1988 3050 2401 3116 homines;'n0n
2443 3050 2583 3120 apud
2629 3050 2959 3109 domesticos
3000 3063 3239 3126 tantum,
3267 3060 3362 3117 sed

1779 3142 1939 3196 etiam
1978 3141 2119 3212 apud
2163 3140 2437 3208 inﬁdeles;
2471 3145 2682 3197 testium
2723 3145 2867 3200 enim
2894 3155 2977 3203 est
3005 3151 3361 3220 persuadere,

1781 3249 1886 3290 non
1929 3236 2240 3303 scientibus,
2286 3237 2382 3293 sed
2424 3239 2807 3294 nescientibus.
2850 3241 3028 3297 Simus
3069 3243 3175 3301 ﬁde
3215 3246 3361 3318 digni

1781 3337 1964 3385 testes.
1981 3328 2260 3397 Quomodo
2272 3330 2407 3385 tales
2422 3331 2659 3386 erimus?
2676 3333 2720 3386 A
2732 3333 2860 3388 vita.
2876 3333 3264 3393 lnsidiabantur
3284 3340 3361 3396 illi

1778 3422 1984 3490 Judaei;
2030 3423 2349 3479 insidiantur
2401 3424 2555 3480 nobis
2602 3424 2765 3479 animi
2809 3425 3067 3494 affectus,
3110 3430 3363 3500 jubentes

1778 3516 2027 3587 ahjurare
2055 3512 2439 3572 testimonium.
2470 3516 2577 3572 Sed
2603 3533 2671 3572 ne
2697 3517 3125 3589 obtemperemus
3153 3539 3171 3578 :
3200 3532 3363 3581 testes

1777 3624 1964 3665 sumus
1988 3625 2019 3665 a
2041 3610 2151 3666 Deo
2175 3611 2345 3666 missi.
2370 3609 2645 3667 Iudicatur
2663 3611 2803 3681 apud
2830 3612 3080 3672 homines
3101 3618 3361 3687 quosdam

1779 3705 1921 3759 Deus
1949 3718 2055 3758 non
2085 3718 2206 3759 esse
2231 3704 2373 3759 Deus
2397 3721 2410 3757 :
2434 3704 2580 3759 misit
2599 3720 2717 3772 nos,
2745 3705 2835 3776 qui
2860 3706 2961 3762 sibi
2991 3709 3359 3768 testificemur.

1779 3797 2152 3854 Testiﬁcemur
2179 3812 2307 3867 ergo
2335 3805 2390 3853 et
2420 3798 2833 3867 persuadeamus
2872 3802 3357 3861 contendentibus:

1777 3890 1825 3945 si
1862 3905 1968 3944 non
1999 3889 2346 3945 teStiﬁcemur
2364 3930 2379 3955 ,
2411 3889 2622 3944 illorum
2648 3891 2847 3945 erroris
2873 3908 2973 3949 nos
2998 3894 3053 3949 in
3079 3910 3239 3953 causa
3264 3914 3360 3956 su-

1777 3995 1919 4035 mus.
1961 3980 2017 4035 Si
2060 3988 2237 4035 autem
2282 3980 2335 4034 in
2380 3981 2496 4035 loro
2524 3980 2782 4050 judiciali,
2821 3983 2911 4039 ubi
2946 4000 3034 4041 res
3069 3990 3360 4048 saeculares

1782 4081 2077 4127 tracuntur
2096 4114 2111 4137 ,
2141 4087 2298 4126 nemo
2325 4071 2605 4127 admiserit
2635 4082 2849 4140 testem,
2880 4075 3173 4135 innumeris
3201 4092 3359 4138 nota-

1779 4170 1891 4218 tum
1932 4162 2145 4233 ﬂagitiis
2175 4179 2188 4217 :
2218 4161 2388 4217 multo
2432 4162 2609 4218 minus
2650 4162 2754 4229 hic,
2800 4163 2889 4220 ubi
2933 4176 3093 4225 tanta:
3133 4187 3223 4227 res
3253 4185 3366 4230 Ira--

1777 4263 2010 4310 ctantur.
2047 4252 2156 4310 Nos
2181 4254 2442 4321 dicimus,
2485 4255 2625 4325 quod
2660 4256 2960 4313 audivimus
2983 4275 3014 4314 a
3044 4261 3275 4333 Christo,
3303 4276 3362 4327 et

1777 4346 2045 4402 credimus
2086 4347 2151 4401 iis
2174 4387 2190 4413 ,
2224 4361 2354 4417 qua:
2394 4346 2507 4416 ipse
2548 4348 2792 4416 promisit
2822 4368 2837 4404 :
2864 4349 3047 4408 dicunt
3084 4355 3160 4411 illi
3190 4373 3203 4410 :
3236 4358 3360 4416 Hau:

1777 4437 2042 4493 ostendite
2072 4452 2168 4507 per
2204 4451 2400 4507 Opera;
2447 4437 2553 4491 vita
2594 4453 2824 4509 namque
2866 4452 3042 4500 vestra
3088 4452 3356 4507 contraria

1780 4529 2115 4592 testiﬁcatur,
2145 4526 2285 4595 quod
2316 4543 2508 4597 nempe
2535 4542 2639 4583 non
2670 4532 2924 4585 credatis.

1849 4621 2038 4675 Contra
2061 4636 2240 4674 avaros
2266 4630 2312 4673 et
2333 4635 2562 4690 rapaces.
2580 4650 2650 4661 —
2680 4621 2917 4680 Vultisne
2942 4625 3218 4685 videamus
3238 4644 3354 4691 eos.

1778 4715 1869 4784 qui
1917 4714 2172 4784 pecunias
2221 4713 2512 4783 colligunt,
2564 4728 2825 4783 rapaces,
2876 4732 3099 4786 avaros,
3130 4735 3237 4777 eos
3267 4726 3354 4794 qui

1779 4808 2068 4878 plangunt,
2109 4805 2199 4875 qui
2244 4804 2466 4875 lugent,
2511 4804 2813 4870 aediﬁcant,
2863 4810 3146 4879 omniaque
3190 4826 3356 4884 nego-

1780 4898 1979 4952 tiantur
2015 4895 2165 4966 quasi
2194 4908 2487 4964 numquam
2517 4895 2763 4949 morituri
2791 4896 2814 4948 ?
2843 4896 2898 4951 Si
2942 4912 3071 4969 ergo
3099 4915 3206 4956 non
3234 4917 3356 4957 ere-

1778 4988 1904 5042 ditis
1930 5001 2026 5041 vos
2055 5000 2176 5041 esse
2197 4986 2487 5039 morituros
2506 5028 2523 5051 ,
2567 4984 2693 5039 licet
2714 5000 2806 5040 res
2826 4987 2898 5041 ita
2923 5001 3067 5043 certa
3102 5001 3158 5047 et
3183 4995 3357 5049 mani-

1780 5082 1914 5136 festa
1945 5081 2055 5143 sit,
2085 5077 2356 5149 quomodo
2380 5091 2476 5131 vos
2507 5076 2852 5132 testiﬁcantes
2878 5080 3197 5138 credemus?
3217 5084 3357 5141 Sunt

1779 5173 1955 5239 enim,
1989 5182 2150 5237 sunt,
2182 5170 2395 5240 inquam
2415 5210 2432 5236 ,
2474 5169 2627 5222 multi
2656 5168 2902 5226 homines
2932 5173 3004 5227 ita
3045 5175 3221 5231 aﬁ'ecti
3242 5219 3256 5243 ,
3292 5193 3358 5235 ac

1783 5268 1828 5321 si
1884 5279 2172 5335 numquam
2220 5272 2405 5317 essent
2445 5259 2712 5316 morituri.
2758 5261 2892 5318 Nam
2935 5280 3059 5321 cum
3105 5269 3161 5324 in
3203 5273 3360 5342 gravi

1781 5365 2059 5414 senectute
2089 5354 2347 5423 incipiant
2369 5351 2657 5420 aediﬁcare,
2685 5364 2740 5409 et
2764 5370 2920 5427 agros
2947 5360 3128 5417 colere
3148 5404 3165 5431 ,
3191 5380 3361 5435 quau-

1782 5449 1977 5503 donam
2010 5447 2077 5502 de
2103 5457 2277 5501 morte
2317 5444 2628 5515 cogitabunt
2650 5445 2674 5499 ?
2697 5445 2812 5502 Non
2844 5464 3064 5518 parvum
3094 5464 3178 5509 est
3207 5456 3361 5511 nobis

1783 5542 2102 5613 supplicium
2133 5539 2186 5594 in
2228 5538 2595 5594 testimonium
2640 5544 2873 5607 vocatis,
2908 5560 3016 5598 non
3056 5560 3215 5615 posse
3243 5563 3362 5617 qua:

1784 5636 2013 5690 vidimus
2062 5631 2357 5687 testiﬁcari.
2392 5630 2634 5686 Vidimus
2666 5648 2762 5688 nos
2804 5636 2972 5689 oculis
3020 5637 3276 5709 angelos,
3309 5646 3361 5693 et

1782 5728 1978 5783 clarius
2016 5740 2173 5796 quam
2221 5725 2286 5790 ii,
2319 5724 2407 5794 qui
2450 5739 2576 5779 vere
2608 5725 2871 5782 viderunt.
2923 5728 3066 5800 Ergo
3108 5729 3362 5787 testiﬁce-

1792 5839 1911 5879 mur
1930 5820 2146 5878 Christo
2169 5837 2182 5874 :
2205 5834 2310 5876 non
2332 5818 2475 5875 enim
2505 5817 2582 5875 illi
2612 5818 2711 5875 soli
2738 5828 2921 5891 testes,
2939 5823 3033 5879 sed
3057 5838 3156 5883 nos
3178 5823 3361 5882 etiam.
