  <div class='ocr_page' id='page_1' title='image "/cluster/home/n/w/nwhite01/storage/ocr_20150623/60/hvd.32044019207810/335.png"; bbox 0 0 3948 6508; ppageno 0'>
   <div class='ocr_carea' id='block_1_1' title="bbox 625 352 721 410">
    <p class='ocr_par' dir='ltr' id='par_1_1' title="bbox 625 352 721 410">
     <span class='ocr_line' id='line_1_1' title="bbox 625 352 721 410; baseline 0.052 -6"><span class='ocrx_word' id='word_1_1' title='bbox 625 352 721 410; x_wconf 69' lang='grc'><strong>551</strong></span> 
     </span>
    </p>
   </div>
   <div class='ocr_carea' id='block_1_2' title="bbox 630 466 2205 541">
    <p class='ocr_par' dir='ltr' id='par_1_2' title="bbox 630 466 2205 541">
     <span class='ocr_line' id='line_1_2' title="bbox 630 466 2205 541; baseline -0.003 -16"><span class='ocrx_word' id='word_1_2' title='bbox 630 473 709 525; x_wconf 82' lang='lat' dir='ltr'><strong>llii</strong></span> <span class='ocrx_word' id='word_1_3' title='bbox 739 468 990 524; x_wconf 87' lang='lat' dir='ltr'><strong>dicuntur</strong></span> <span class='ocrx_word' id='word_1_4' title='bbox 1018 479 1280 541; x_wconf 76' lang='lat' dir='ltr'><strong>martyres</strong></span> <span class='ocrx_word' id='word_1_5' title='bbox 1305 483 1398 522; x_wconf 89' lang='lat' dir='ltr'><strong>seu</strong></span> <span class='ocrx_word' id='word_1_6' title='bbox 1420 477 1605 533; x_wconf 88' lang='lat' dir='ltr'><strong>testes,</strong></span> <span class='ocrx_word' id='word_1_7' title='bbox 1628 468 1749 537; x_wconf 85' lang='lat' dir='ltr'><strong>quia</strong></span> <span class='ocrx_word' id='word_1_8' title='bbox 1774 467 1909 537; x_wconf 85' lang='lat' dir='ltr'><strong>jussi</strong></span> <span class='ocrx_word' id='word_1_9' title='bbox 1936 466 2205 537; x_wconf 90' lang='lat' dir='ltr'><strong>abjurare,</strong></span> 
     </span>
    </p>
   </div>
   <div class='ocr_carea' id='block_1_3' title="bbox 627 560 2211 633">
    <p class='ocr_par' dir='ltr' id='par_1_3' title="bbox 627 560 2211 633">
     <span class='ocr_line' id='line_1_3' title="bbox 627 560 2211 633; baseline -0.004 -14"><span class='ocrx_word' id='word_1_10' title='bbox 627 564 805 619; x_wconf 85' lang='lat' dir='ltr'><strong>omnia</strong></span> <span class='ocrx_word' id='word_1_11' title='bbox 837 564 1146 633; x_wconf 89' lang='lat' dir='ltr'><strong>patiuntur,</strong></span> <span class='ocrx_word' id='word_1_12' title='bbox 1182 572 1237 616; x_wconf 92' lang='lat' dir='ltr'><strong>ut</strong></span> <span class='ocrx_word' id='word_1_13' title='bbox 1269 562 1547 616; x_wconf 89' lang='lat' dir='ltr'><strong>veritatem</strong></span> <span class='ocrx_word' id='word_1_14' title='bbox 1578 560 1798 614; x_wconf 86' lang='lat' dir='ltr'><strong>dicant:</strong></span> <span class='ocrx_word' id='word_1_15' title='bbox 1832 569 1886 615; x_wconf 88' lang='lat' dir='ltr'><strong>et</strong></span> <span class='ocrx_word' id='word_1_16' title='bbox 1913 574 2012 615; x_wconf 92' lang='lat' dir='ltr'><strong>nos</strong></span> <span class='ocrx_word' id='word_1_17' title='bbox 2042 574 2211 629; x_wconf 90' lang='lat' dir='ltr'><strong>quan—</strong></span> 
     </span>
    </p>
   </div>
   <div class='ocr_carea' id='block_1_4' title="bbox 626 652 2211 723">
    <p class='ocr_par' dir='ltr' id='par_1_4' title="bbox 626 652 2211 723">
     <span class='ocr_line' id='line_1_4' title="bbox 626 652 2211 723; baseline -0.003 -12"><span class='ocrx_word' id='word_1_18' title='bbox 626 658 696 711; x_wconf 88' lang='lat' dir='ltr'><strong>do</strong></span> <span class='ocrx_word' id='word_1_19' title='bbox 725 657 794 711; x_wconf 91' lang='lat' dir='ltr'><strong>ab</strong></span> <span class='ocrx_word' id='word_1_20' title='bbox 818 656 982 710; x_wconf 90' lang='lat' dir='ltr'><strong>animi</strong></span> <span class='ocrx_word' id='word_1_21' title='bbox 1015 656 1248 709; x_wconf 87' lang='lat' dir='ltr'><strong>motibus</strong></span> <span class='ocrx_word' id='word_1_22' title='bbox 1270 654 1526 720; x_wconf 81' lang='lat' dir='ltr'><strong>abiurare</strong></span> <span class='ocrx_word' id='word_1_23' title='bbox 1549 652 1803 723; x_wconf 90' lang='lat' dir='ltr'><strong>jubemur</strong></span> <span class='ocrx_word' id='word_1_24' title='bbox 1826 694 1841 718; x_wconf 88' lang='lat'><strong>,</strong></span> <span class='ocrx_word' id='word_1_25' title='bbox 1876 667 1941 707; x_wconf 93' lang='lat' dir='ltr'><strong>ne</strong></span> <span class='ocrx_word' id='word_1_26' title='bbox 1964 668 2211 708; x_wconf 87' lang='lat' dir='ltr'><strong>succum-</strong></span> 
     </span>
    </p>
   </div>
   <div class='ocr_carea' id='block_1_5' title="bbox 627 745 2209 803">
    <p class='ocr_par' dir='ltr' id='par_1_5' title="bbox 627 745 2209 803">
     <span class='ocr_line' id='line_1_5' title="bbox 627 745 2209 803; baseline -0.003 0"><span class='ocrx_word' id='word_1_27' title='bbox 627 750 836 803; x_wconf 89' lang='lat' dir='ltr'><strong>bamus.</strong></span> <span class='ocrx_word' id='word_1_28' title='bbox 870 749 1074 802; x_wconf 86' lang='lat' dir='ltr'><strong>Aurum</strong></span> <span class='ocrx_word' id='word_1_29' title='bbox 1106 747 1273 801; x_wconf 88' lang='lat' dir='ltr'><strong>dicit:</strong></span> <span class='ocrx_word' id='word_1_30' title='bbox 1322 746 1417 801; x_wconf 92' lang='lat' dir='ltr'><strong>Dic</strong></span> <span class='ocrx_word' id='word_1_31' title='bbox 1441 745 1711 801; x_wconf 91' lang='lat' dir='ltr'><strong>Christum</strong></span> <span class='ocrx_word' id='word_1_32' title='bbox 1750 761 1858 800; x_wconf 92' lang='lat' dir='ltr'><strong>non</strong></span> <span class='ocrx_word' id='word_1_33' title='bbox 1892 760 2012 800; x_wconf 91' lang='lat' dir='ltr'><strong>esse</strong></span> <span class='ocrx_word' id='word_1_34' title='bbox 2054 746 2209 801; x_wconf 88' lang='lat' dir='ltr'><strong>Chri-</strong></span> 
     </span>
    </p>
   </div>
   <div class='ocr_carea' id='block_1_6' title="bbox 624 840 2204 912">
    <p class='ocr_par' dir='ltr' id='par_1_6' title="bbox 624 840 2204 912">
     <span class='ocr_line' id='line_1_6' title="bbox 624 840 2204 912; baseline -0.003 -14"><span class='ocrx_word' id='word_1_35' title='bbox 624 854 764 898; x_wconf 89' lang='lat' dir='ltr'><strong>stum</strong></span> <span class='ocrx_word' id='word_1_36' title='bbox 785 860 800 897; x_wconf 89' lang='lat'><strong>:</strong></span> <span class='ocrx_word' id='word_1_37' title='bbox 821 858 888 898; x_wconf 93' lang='lat' dir='ltr'><strong>ne</strong></span> <span class='ocrx_word' id='word_1_38' title='bbox 903 844 1090 897; x_wconf 81' lang='lat' dir='ltr'><strong>audias</strong></span> <span class='ocrx_word' id='word_1_39' title='bbox 1109 842 1260 912; x_wconf 91' lang='lat' dir='ltr'><strong>quasi</strong></span> <span class='ocrx_word' id='word_1_40' title='bbox 1281 841 1469 907; x_wconf 89' lang='lat' dir='ltr'><strong>Deum,</strong></span> <span class='ocrx_word' id='word_1_41' title='bbox 1488 840 1584 896; x_wconf 90' lang='lat' dir='ltr'><strong>sed</strong></span> <span class='ocrx_word' id='word_1_42' title='bbox 1604 840 1723 908; x_wconf 86' lang='lat' dir='ltr'><strong>ejus</strong></span> <span class='ocrx_word' id='word_1_43' title='bbox 1735 841 1881 909; x_wconf 88' lang='lat' dir='ltr'><strong>jussa</strong></span> <span class='ocrx_word' id='word_1_44' title='bbox 1899 851 2204 895; x_wconf 90' lang='lat' dir='ltr'><strong>contemne.</strong></span> 
     </span>
    </p>
   </div>
   <div class='ocr_carea' id='block_1_7' title="bbox 623 931 2206 1003">
    <p class='ocr_par' dir='ltr' id='par_1_7' title="bbox 623 931 2206 1003">
     <span class='ocr_line' id='line_1_7' title="bbox 623 931 2206 1003; baseline -0.001 -14"><span class='ocrx_word' id='word_1_45' title='bbox 623 934 1082 1003; x_wconf 74' lang='lat' dir='ltr'><strong>Coucupiseentize</strong></span> <span class='ocrx_word' id='word_1_46' title='bbox 1134 933 1287 987; x_wconf 64' lang='lat' dir='ltr'><strong>malae</strong></span> <span class='ocrx_word' id='word_1_47' title='bbox 1342 933 1569 1002; x_wconf 91' lang='lat' dir='ltr'><strong>idipsum</strong></span> <span class='ocrx_word' id='word_1_48' title='bbox 1619 931 1841 998; x_wconf 84' lang='lat' dir='ltr'><strong>dicunt;</strong></span> <span class='ocrx_word' id='word_1_49' title='bbox 1891 931 1985 986; x_wconf 90' lang='lat' dir='ltr'><strong>sed</strong></span> <span class='ocrx_word' id='word_1_50' title='bbox 2037 942 2090 985; x_wconf 92' lang='lat' dir='ltr'><strong>tu</strong></span> <span class='ocrx_word' id='word_1_51' title='bbox 2140 946 2206 987; x_wconf 89' lang='lat' dir='ltr'><strong>ne</strong></span> 
     </span>
    </p>
   </div>
   <div class='ocr_carea' id='block_1_8' title="bbox 621 1023 2200 1095">
    <p class='ocr_par' dir='ltr' id='par_1_8' title="bbox 621 1023 2200 1095">
     <span class='ocr_line' id='line_1_8' title="bbox 621 1023 2200 1095; baseline -0.002 -16"><span class='ocrx_word' id='word_1_52' title='bbox 621 1026 959 1095; x_wconf 88' lang='lat' dir='ltr'><strong>obtemperes</strong></span> <span class='ocrx_word' id='word_1_53' title='bbox 983 1067 999 1091; x_wconf 94' lang='lat'><strong>,</strong></span> <span class='ocrx_word' id='word_1_54' title='bbox 1030 1025 1122 1079; x_wconf 90' lang='lat' dir='ltr'><strong>sed</strong></span> <span class='ocrx_word' id='word_1_55' title='bbox 1153 1034 1233 1078; x_wconf 87' lang='lat' dir='ltr'><strong>sta</strong></span> <span class='ocrx_word' id='word_1_56' title='bbox 1266 1023 1496 1090; x_wconf 76' lang='lat' dir='ltr'><strong>fortiter,</strong></span> <span class='ocrx_word' id='word_1_57' title='bbox 1523 1039 1589 1078; x_wconf 92' lang='lat' dir='ltr'><strong>ne</strong></span> <span class='ocrx_word' id='word_1_58' title='bbox 1612 1034 1666 1078; x_wconf 92' lang='lat' dir='ltr'><strong>et</strong></span> <span class='ocrx_word' id='word_1_59' title='bbox 1687 1023 1755 1079; x_wconf 92' lang='lat' dir='ltr'><strong>de</strong></span> <span class='ocrx_word' id='word_1_60' title='bbox 1781 1024 1934 1078; x_wconf 90' lang='lat' dir='ltr'><strong>nobis</strong></span> <span class='ocrx_word' id='word_1_61' title='bbox 1960 1023 2200 1077; x_wconf 85' lang='lat' dir='ltr'><strong>dicatur:</strong></span> 
     </span>
    </p>
   </div>
   <div class='ocr_carea' id='block_1_9' title="bbox 621 1116 2199 1188">
    <p class='ocr_par' dir='ltr' id='par_1_9' title="bbox 621 1116 2199 1188">
     <span class='ocr_line' id='line_1_9' title="bbox 621 1116 2199 1188; baseline 0.001 -19"><span class='ocrx_word' id='word_1_62' title='bbox 621 1116 788 1169; x_wconf 85' lang='lat' dir='ltr'><strong>Deum</strong></span> <span class='ocrx_word' id='word_1_63' title='bbox 831 1117 1134 1186; x_wconf 83' lang='lat' dir='ltr'><strong>conﬁtentur</strong></span> <span class='ocrx_word' id='word_1_64' title='bbox 1176 1118 1333 1177; x_wconf 83' lang='lat' dir='ltr'><strong>scire,</strong></span> <span class='ocrx_word' id='word_1_65' title='bbox 1369 1116 1515 1188; x_wconf 79' lang='lat' dir='ltr'><strong>{actis</strong></span> <span class='ocrx_word' id='word_1_66' title='bbox 1549 1126 1718 1171; x_wconf 90' lang='lat' dir='ltr'><strong>autem</strong></span> <span class='ocrx_word' id='word_1_67' title='bbox 1756 1128 1941 1187; x_wconf 88' lang='lat' dir='ltr'><strong>negant</strong></span> <span class='ocrx_word' id='word_1_68' title='bbox 1968 1116 2094 1187; x_wconf 84' lang='lat' dir='ltr'><strong>(Tit.</strong></span> <span class='ocrx_word' id='word_1_69' title='bbox 2148 1120 2199 1171; x_wconf 99' lang='grc'><strong>1.</strong></span> 
     </span>
    </p>
   </div>
   <div class='ocr_carea' id='block_1_10' title="bbox 619 1208 2200 1279">
    <p class='ocr_par' dir='ltr' id='par_1_10' title="bbox 619 1208 2200 1279">
     <span class='ocr_line' id='line_1_10' title="bbox 619 1208 2200 1279; baseline -0.001 -17"><span class='ocrx_word' id='word_1_70' title='bbox 619 1209 731 1279; x_wconf 84' lang='grc'><strong>16).</strong></span> <span class='ocrx_word' id='word_1_71' title='bbox 763 1209 876 1264; x_wconf 93' lang='lat' dir='ltr'><strong>lloc</strong></span> <span class='ocrx_word' id='word_1_72' title='bbox 918 1210 1061 1264; x_wconf 89' lang='lat' dir='ltr'><strong>enim</strong></span> <span class='ocrx_word' id='word_1_73' title='bbox 1090 1224 1195 1263; x_wconf 93' lang='lat' dir='ltr'><strong>non</strong></span> <span class='ocrx_word' id='word_1_74' title='bbox 1237 1218 1318 1263; x_wconf 90' lang='lat' dir='ltr'><strong>est</strong></span> <span class='ocrx_word' id='word_1_75' title='bbox 1350 1210 1561 1263; x_wconf 87' lang='lat' dir='ltr'><strong>testium</strong></span> <span class='ocrx_word' id='word_1_76' title='bbox 1583 1250 1598 1271; x_wconf 94' lang='lat'><strong>,</strong></span> <span class='ocrx_word' id='word_1_77' title='bbox 1631 1208 1725 1264; x_wconf 89' lang='lat' dir='ltr'><strong>sed</strong></span> <span class='ocrx_word' id='word_1_78' title='bbox 1748 1208 2200 1262; x_wconf 84' lang='lat' dir='ltr'><strong>adversariorum.</strong></span> 
     </span>
    </p>
   </div>
   <div class='ocr_carea' id='block_1_11' title="bbox 616 1300 2197 1372">
    <p class='ocr_par' dir='ltr' id='par_1_11' title="bbox 616 1300 2197 1372">
     <span class='ocr_line' id='line_1_11' title="bbox 616 1300 2197 1372; baseline -0.001 -17"><span class='ocrx_word' id='word_1_79' title='bbox 616 1301 770 1369; x_wconf 79' lang='lat' dir='ltr'><strong>Quod</strong></span> <span class='ocrx_word' id='word_1_80' title='bbox 801 1300 890 1356; x_wconf 86' lang='lat' dir='ltr'><strong>alii</strong></span> <span class='ocrx_word' id='word_1_81' title='bbox 921 1312 1158 1372; x_wconf 90' lang='lat' dir='ltr'><strong>negent,</strong></span> <span class='ocrx_word' id='word_1_82' title='bbox 1190 1301 1324 1355; x_wconf 88' lang='lat' dir='ltr'><strong>nihil</strong></span> <span class='ocrx_word' id='word_1_83' title='bbox 1370 1302 1601 1365; x_wconf 90' lang='lat' dir='ltr'><strong>mirum;</strong></span> <span class='ocrx_word' id='word_1_84' title='bbox 1646 1300 1790 1371; x_wconf 89' lang='lat' dir='ltr'><strong>quod</strong></span> <span class='ocrx_word' id='word_1_85' title='bbox 1832 1311 2013 1356; x_wconf 88' lang='lat' dir='ltr'><strong>autem</strong></span> <span class='ocrx_word' id='word_1_86' title='bbox 2059 1316 2156 1355; x_wconf 90' lang='lat' dir='ltr'><strong>nos</strong></span> <span class='ocrx_word' id='word_1_87' title='bbox 2182 1342 2197 1367; x_wconf 97' lang='lat'><strong>,</strong></span> 
     </span>
    </p>
   </div>
   <div class='ocr_carea' id='block_1_12' title="bbox 618 1392 2201 1462">
    <p class='ocr_par' dir='ltr' id='par_1_12' title="bbox 618 1392 2201 1462">
     <span class='ocr_line' id='line_1_12' title="bbox 618 1392 2201 1462; baseline 0.002 -17"><span class='ocrx_word' id='word_1_88' title='bbox 618 1393 707 1462; x_wconf 87' lang='lat' dir='ltr'><strong>qui</strong></span> <span class='ocrx_word' id='word_1_89' title='bbox 736 1393 791 1447; x_wconf 91' lang='lat' dir='ltr'><strong>in</strong></span> <span class='ocrx_word' id='word_1_90' title='bbox 822 1393 1189 1448; x_wconf 91' lang='lat' dir='ltr'><strong>testimonium</strong></span> <span class='ocrx_word' id='word_1_91' title='bbox 1235 1407 1521 1455; x_wconf 86' lang='lat' dir='ltr'><strong>vocamur,</strong></span> <span class='ocrx_word' id='word_1_92' title='bbox 1551 1408 1807 1460; x_wconf 82' lang='lat' dir='ltr'><strong>negemus</strong></span> <span class='ocrx_word' id='word_1_93' title='bbox 1827 1433 1841 1458; x_wconf 92' lang='lat'><strong>,</strong></span> <span class='ocrx_word' id='word_1_94' title='bbox 1875 1392 1925 1445; x_wconf 90' lang='lat' dir='ltr'><strong>id</strong></span> <span class='ocrx_word' id='word_1_95' title='bbox 1957 1407 2118 1462; x_wconf 89' lang='lat' dir='ltr'><strong>grave</strong></span> <span class='ocrx_word' id='word_1_96' title='bbox 2147 1402 2201 1447; x_wconf 91' lang='lat' dir='ltr'><strong>et</strong></span> 
     </span>
    </p>
   </div>
   <div class='ocr_carea' id='block_1_13' title="bbox 615 1485 2197 1541">
    <p class='ocr_par' dir='ltr' id='par_1_13' title="bbox 615 1485 2197 1541">
     <span class='ocr_line' id='line_1_13' title="bbox 615 1485 2197 1541; baseline -0.001 -1"><span class='ocrx_word' id='word_1_97' title='bbox 615 1500 904 1541; x_wconf 92' lang='lat' dir='ltr'><strong>onerosum</strong></span> <span class='ocrx_word' id='word_1_98' title='bbox 954 1496 1073 1540; x_wconf 88' lang='lat' dir='ltr'><strong>est:</strong></span> <span class='ocrx_word' id='word_1_99' title='bbox 1108 1485 1210 1539; x_wconf 88' lang='lat' dir='ltr'><strong>hoc</strong></span> <span class='ocrx_word' id='word_1_100' title='bbox 1240 1485 1472 1539; x_wconf 84' lang='lat' dir='ltr'><strong>maxime</strong></span> <span class='ocrx_word' id='word_1_101' title='bbox 1517 1485 1681 1538; x_wconf 90' lang='lat' dir='ltr'><strong>rebus</strong></span> <span class='ocrx_word' id='word_1_102' title='bbox 1728 1485 1926 1539; x_wconf 89' lang='lat' dir='ltr'><strong>nostris</strong></span> <span class='ocrx_word' id='word_1_103' title='bbox 1978 1485 2197 1539; x_wconf 84' lang='lat' dir='ltr'><strong>noxium</strong></span> 
     </span>
    </p>
   </div>
   <div class='ocr_carea' id='block_1_14' title="bbox 612 1578 2194 1651">
    <p class='ocr_par' dir='ltr' id='par_1_14' title="bbox 612 1578 2194 1651">
     <span class='ocr_line' id='line_1_14' title="bbox 612 1578 2194 1651; baseline 0.001 -20"><span class='ocrx_word' id='word_1_104' title='bbox 612 1588 711 1635; x_wconf 81' lang='lat' dir='ltr'><strong>est.</strong></span> <span class='ocrx_word' id='word_1_105' title='bbox 742 1579 808 1633; x_wconf 89' lang='lat' dir='ltr'><strong>In</strong></span> <span class='ocrx_word' id='word_1_106' title='bbox 840 1580 1173 1634; x_wconf 87' lang='lat' dir='ltr'><strong>testimonium</strong></span> <span class='ocrx_word' id='word_1_107' title='bbox 1201 1578 1303 1634; x_wconf 87' lang='lat' dir='ltr'><strong>illis</strong></span> <span class='ocrx_word' id='word_1_108' title='bbox 1329 1579 1514 1632; x_wconf 80' lang='lat' dir='ltr'><strong>eveniet</strong></span> <span class='ocrx_word' id='word_1_109' title='bbox 1540 1578 1688 1647; x_wconf 87' lang='lat' dir='ltr'><strong>(Luc.</strong></span> <span class='ocrx_word' id='word_1_110' title='bbox 1713 1578 1811 1632; x_wconf 71' lang='grc'><strong>21.</strong></span> <span class='ocrx_word' id='word_1_111' title='bbox 1844 1578 1956 1651; x_wconf 78' lang='grc'><strong>15),</strong></span> <span class='ocrx_word' id='word_1_112' title='bbox 1989 1580 2194 1648; x_wconf 84' lang='lat' dir='ltr'><strong>inquit:</strong></span> 
     </span>
    </p>
   </div>
   <div class='ocr_carea' id='block_1_15' title="bbox 612 1671 2197 1738">
    <p class='ocr_par' dir='ltr' id='par_1_15' title="bbox 612 1671 2197 1738">
     <span class='ocr_line' id='line_1_15' title="bbox 612 1671 2197 1738; baseline -0.001 -10"><span class='ocrx_word' id='word_1_113' title='bbox 612 1674 706 1728; x_wconf 86' lang='lat' dir='ltr'><strong>sed</strong></span> <span class='ocrx_word' id='word_1_114' title='bbox 759 1674 803 1728; x_wconf 90' lang='lat' dir='ltr'><strong>si</strong></span> <span class='ocrx_word' id='word_1_115' title='bbox 859 1688 963 1727; x_wconf 93' lang='lat' dir='ltr'><strong>non</strong></span> <span class='ocrx_word' id='word_1_116' title='bbox 1020 1672 1353 1738; x_wconf 85' lang='lat' dir='ltr'><strong>resiliamus,</strong></span> <span class='ocrx_word' id='word_1_117' title='bbox 1386 1672 1431 1725; x_wconf 89' lang='lat' dir='ltr'><strong>si</strong></span> <span class='ocrx_word' id='word_1_118' title='bbox 1479 1672 1859 1725; x_wconf 85' lang='lat' dir='ltr'><strong>consistamus.</strong></span> <span class='ocrx_word' id='word_1_119' title='bbox 1917 1671 1971 1726; x_wconf 91' lang='lat' dir='ltr'><strong>Si</strong></span> <span class='ocrx_word' id='word_1_120' title='bbox 2009 1686 2197 1727; x_wconf 88' lang='lat' dir='ltr'><strong>omnes</strong></span> 
     </span>
    </p>
   </div>
   <div class='ocr_carea' id='block_1_16' title="bbox 613 1764 2195 1834">
    <p class='ocr_par' dir='ltr' id='par_1_16' title="bbox 613 1764 2195 1834">
     <span class='ocr_line' id='line_1_16' title="bbox 613 1764 2195 1834; baseline 0.001 -16"><span class='ocrx_word' id='word_1_121' title='bbox 613 1767 838 1822; x_wconf 87' lang='lat' dir='ltr'><strong>velimus</strong></span> <span class='ocrx_word' id='word_1_122' title='bbox 888 1766 1101 1821; x_wconf 88' lang='lat' dir='ltr'><strong>Christo</strong></span> <span class='ocrx_word' id='word_1_123' title='bbox 1158 1764 1467 1830; x_wconf 84' lang='lat' dir='ltr'><strong>testiﬁcari,</strong></span> <span class='ocrx_word' id='word_1_124' title='bbox 1519 1764 1624 1819; x_wconf 90' lang='lat' dir='ltr'><strong>cito</strong></span> <span class='ocrx_word' id='word_1_125' title='bbox 1676 1764 1857 1818; x_wconf 88' lang='lat' dir='ltr'><strong>multis</strong></span> <span class='ocrx_word' id='word_1_126' title='bbox 1908 1764 2195 1834; x_wconf 84' lang='lat' dir='ltr'><strong>gentilibus</strong></span> 
     </span>
    </p>
   </div>
   <div class='ocr_carea' id='block_1_17' title="bbox 613 1859 1079 1929">
    <p class='ocr_par' dir='ltr' id='par_1_17' title="bbox 613 1859 1079 1929">
     <span class='ocr_line' id='line_1_17' title="bbox 613 1859 1079 1929; baseline 0.002 -19"><span class='ocrx_word' id='word_1_127' title='bbox 613 1859 1079 1929; x_wconf 80' lang='lat' dir='ltr'><strong>persuadebimus.</strong></span> 
     </span>
    </p>
   </div>
   <div class='ocr_carea' id='block_1_18' title="bbox 678 1949 2193 2021">
    <p class='ocr_par' dir='ltr' id='par_1_18' title="bbox 678 1949 2193 2021">
     <span class='ocr_line' id='line_1_18' title="bbox 678 1949 2193 2021; baseline 0.001 -17"><span class='ocrx_word' id='word_1_128' title='bbox 678 1951 732 2004; x_wconf 70' lang='grc'><strong>4.</strong></span> <span class='ocrx_word' id='word_1_129' title='bbox 761 1950 947 2021; x_wconf 83' lang='lat' dir='ltr'><strong>Magna</strong></span> <span class='ocrx_word' id='word_1_130' title='bbox 998 1965 1086 2005; x_wconf 86' lang='lat' dir='ltr'><strong>res</strong></span> <span class='ocrx_word' id='word_1_131' title='bbox 1145 1961 1229 2005; x_wconf 89' lang='lat' dir='ltr'><strong>est</strong></span> <span class='ocrx_word' id='word_1_132' title='bbox 1270 1951 1375 2003; x_wconf 89' lang='lat' dir='ltr'><strong>vita</strong></span> <span class='ocrx_word' id='word_1_133' title='bbox 1397 1992 1412 2017; x_wconf 96' lang='lat'><strong>,</strong></span> <span class='ocrx_word' id='word_1_134' title='bbox 1441 1949 1662 2005; x_wconf 88' lang='lat' dir='ltr'><strong>dilecti:</strong></span> <span class='ocrx_word' id='word_1_135' title='bbox 1694 1950 1820 2005; x_wconf 89' lang='lat' dir='ltr'><strong>licet</strong></span> <span class='ocrx_word' id='word_1_136' title='bbox 1869 1951 1989 2019; x_wconf 92' lang='lat' dir='ltr'><strong>quis</strong></span> <span class='ocrx_word' id='word_1_137' title='bbox 2041 1949 2193 2005; x_wconf 88' lang='lat' dir='ltr'><strong>valde</strong></span> 
     </span>
    </p>
   </div>
   <div class='ocr_carea' id='block_1_19' title="bbox 610 2041 2193 2112">
    <p class='ocr_par' dir='ltr' id='par_1_19' title="bbox 610 2041 2193 2112">
     <span class='ocr_line' id='line_1_19' title="bbox 610 2041 2193 2112; baseline 0.001 -18"><span class='ocrx_word' id='word_1_138' title='bbox 610 2041 751 2095; x_wconf 88' lang='lat' dir='ltr'><strong>ferus</strong></span> <span class='ocrx_word' id='word_1_139' title='bbox 799 2044 905 2108; x_wconf 89' lang='lat' dir='ltr'><strong>sit,</strong></span> <span class='ocrx_word' id='word_1_140' title='bbox 937 2043 1126 2097; x_wconf 89' lang='lat' dir='ltr'><strong>saltem</strong></span> <span class='ocrx_word' id='word_1_141' title='bbox 1158 2053 1341 2112; x_wconf 88' lang='lat' dir='ltr'><strong>aperte</strong></span> <span class='ocrx_word' id='word_1_142' title='bbox 1385 2057 1491 2096; x_wconf 91' lang='lat' dir='ltr'><strong>non</strong></span> <span class='ocrx_word' id='word_1_143' title='bbox 1538 2041 1811 2095; x_wconf 85' lang='lat' dir='ltr'><strong>damnabit</strong></span> <span class='ocrx_word' id='word_1_144' title='bbox 1848 2057 1944 2095; x_wconf 92' lang='lat' dir='ltr'><strong>nos</strong></span> <span class='ocrx_word' id='word_1_145' title='bbox 1975 2053 2193 2111; x_wconf 88' lang='lat' dir='ltr'><strong>propter</strong></span> 
     </span>
    </p>
   </div>
   <div class='ocr_carea' id='block_1_20' title="bbox 612 2133 2190 2204">
    <p class='ocr_par' dir='ltr' id='par_1_20' title="bbox 612 2133 2190 2204">
     <span class='ocr_line' id='line_1_20' title="bbox 612 2133 2190 2204; baseline 0.003 -19"><span class='ocrx_word' id='word_1_146' title='bbox 612 2135 803 2204; x_wconf 83' lang='lat' dir='ltr'><strong>dogma</strong></span> <span class='ocrx_word' id='word_1_147' title='bbox 825 2135 877 2198; x_wconf 84' lang='grc'>¹;</span> <span class='ocrx_word' id='word_1_148' title='bbox 910 2133 1002 2188; x_wconf 89' lang='lat' dir='ltr'><strong>sed</strong></span> <span class='ocrx_word' id='word_1_149' title='bbox 1034 2135 1169 2189; x_wconf 91' lang='lat' dir='ltr'><strong>clam</strong></span> <span class='ocrx_word' id='word_1_150' title='bbox 1211 2134 1486 2202; x_wconf 90' lang='lat' dir='ltr'><strong>admittet,</strong></span> <span class='ocrx_word' id='word_1_151' title='bbox 1516 2134 1752 2188; x_wconf 88' lang='lat' dir='ltr'><strong>laudabit</strong></span> <span class='ocrx_word' id='word_1_152' title='bbox 1798 2144 1853 2189; x_wconf 89' lang='lat' dir='ltr'><strong>et</strong></span> <span class='ocrx_word' id='word_1_153' title='bbox 1900 2133 2190 2189; x_wconf 89' lang='lat' dir='ltr'><strong>admirabi-</strong></span> 
     </span>
    </p>
   </div>
   <div class='ocr_carea' id='block_1_21' title="bbox 606 2224 2184 2295">
    <p class='ocr_par' dir='ltr' id='par_1_21' title="bbox 606 2224 2184 2295">
     <span class='ocr_line' id='line_1_21' title="bbox 606 2224 2184 2295; baseline 0.002 -17"><span class='ocrx_word' id='word_1_154' title='bbox 606 2236 710 2279; x_wconf 89' lang='lat' dir='ltr'><strong>tur.</strong></span> <span class='ocrx_word' id='word_1_155' title='bbox 752 2224 821 2280; x_wconf 88' lang='lat' dir='ltr'><strong>Et</strong></span> <span class='ocrx_word' id='word_1_156' title='bbox 871 2224 1169 2289; x_wconf 88' lang='lat' dir='ltr'><strong>undenam,</strong></span> <span class='ocrx_word' id='word_1_157' title='bbox 1201 2225 1449 2295; x_wconf 91' lang='lat' dir='ltr'><strong>inquies,</strong></span> <span class='ocrx_word' id='word_1_158' title='bbox 1492 2227 1594 2280; x_wconf 90' lang='lat' dir='ltr'><strong>erit</strong></span> <span class='ocrx_word' id='word_1_159' title='bbox 1623 2226 1727 2281; x_wconf 89' lang='lat' dir='ltr'><strong>vita</strong></span> <span class='ocrx_word' id='word_1_160' title='bbox 1775 2227 1977 2295; x_wconf 83' lang='lat' dir='ltr'><strong>Optima</strong></span> <span class='ocrx_word' id='word_1_161' title='bbox 1996 2230 2018 2277; x_wconf 68' lang='grc' dir='ltr'>Υ</span> <span class='ocrx_word' id='word_1_162' title='bbox 2068 2227 2184 2281; x_wconf 65' lang='lat' dir='ltr'><strong>Non</strong></span> 
     </span>
    </p>
   </div>
   <div class='ocr_carea' id='block_1_22' title="bbox 601 2315 2189 2389">
    <p class='ocr_par' dir='ltr' id='par_1_22' title="bbox 601 2315 2189 2389">
     <span class='ocr_line' id='line_1_22' title="bbox 601 2315 2189 2389; baseline 0.003 -21"><span class='ocrx_word' id='word_1_163' title='bbox 601 2315 851 2382; x_wconf 88' lang='lat' dir='ltr'><strong>aliunde,</strong></span> <span class='ocrx_word' id='word_1_164' title='bbox 884 2332 1042 2386; x_wconf 89' lang='lat' dir='ltr'><strong>quam</strong></span> <span class='ocrx_word' id='word_1_165' title='bbox 1093 2332 1160 2372; x_wconf 79' lang='lat' dir='ltr'><strong>ex</strong></span> <span class='ocrx_word' id='word_1_166' title='bbox 1210 2316 1388 2371; x_wconf 90' lang='lat' dir='ltr'><strong>divina</strong></span> <span class='ocrx_word' id='word_1_167' title='bbox 1419 2319 1750 2387; x_wconf 86' lang='lat' dir='ltr'><strong>operatione.</strong></span> <span class='ocrx_word' id='word_1_168' title='bbox 1801 2319 1937 2386; x_wconf 87' lang='lat' dir='ltr'><strong>Quid</strong></span> <span class='ocrx_word' id='word_1_169' title='bbox 1968 2334 2098 2389; x_wconf 89' lang='lat' dir='ltr'><strong>ergo</strong></span> <span class='ocrx_word' id='word_1_170' title='bbox 2143 2318 2189 2374; x_wconf 90' lang='lat' dir='ltr'><strong>si</strong></span> 
     </span>
    </p>
   </div>
   <div class='ocr_carea' id='block_1_23' title="bbox 603 2411 2188 2484">
    <p class='ocr_par' dir='ltr' id='par_1_23' title="bbox 603 2411 2188 2484">
     <span class='ocr_line' id='line_1_23' title="bbox 603 2411 2188 2484; baseline 0.002 -18"><span class='ocrx_word' id='word_1_171' title='bbox 603 2413 831 2481; x_wconf 80' lang='lat' dir='ltr'><strong>gentiles</strong></span> <span class='ocrx_word' id='word_1_172' title='bbox 862 2412 971 2467; x_wconf 90' lang='lat' dir='ltr'><strong>sint</strong></span> <span class='ocrx_word' id='word_1_173' title='bbox 1000 2411 1181 2467; x_wconf 89' lang='lat' dir='ltr'><strong>tales?</strong></span> <span class='ocrx_word' id='word_1_174' title='bbox 1226 2412 1304 2466; x_wconf 82' lang='lat' dir='ltr'><strong>illi</strong></span> <span class='ocrx_word' id='word_1_175' title='bbox 1338 2413 1384 2469; x_wconf 90' lang='lat' dir='ltr'><strong>si</strong></span> <span class='ocrx_word' id='word_1_176' title='bbox 1434 2414 1648 2484; x_wconf 90' lang='lat' dir='ltr'><strong>quando</strong></span> <span class='ocrx_word' id='word_1_177' title='bbox 1678 2414 1810 2469; x_wconf 89' lang='lat' dir='ltr'><strong>tales</strong></span> <span class='ocrx_word' id='word_1_178' title='bbox 1840 2414 1949 2469; x_wconf 90' lang='lat' dir='ltr'><strong>sint</strong></span> <span class='ocrx_word' id='word_1_179' title='bbox 1971 2456 1986 2481; x_wconf 90' lang='lat'><strong>,</strong></span> <span class='ocrx_word' id='word_1_180' title='bbox 2017 2414 2070 2469; x_wconf 93' lang='lat' dir='ltr'><strong>id</strong></span> <span class='ocrx_word' id='word_1_181' title='bbox 2100 2414 2188 2469; x_wconf 90' lang='lat' dir='ltr'><strong>alii</strong></span> 
     </span>
    </p>
   </div>
   <div class='ocr_carea' id='block_1_24' title="bbox 600 2505 2184 2576">
    <p class='ocr_par' dir='ltr' id='par_1_24' title="bbox 600 2505 2184 2576">
     <span class='ocr_line' id='line_1_24' title="bbox 600 2505 2184 2576; baseline 0.001 -15"><span class='ocrx_word' id='word_1_182' title='bbox 600 2520 665 2561; x_wconf 81' lang='lat' dir='ltr'><strong>ex</strong></span> <span class='ocrx_word' id='word_1_183' title='bbox 697 2514 885 2559; x_wconf 91' lang='lat' dir='ltr'><strong>natura</strong></span> <span class='ocrx_word' id='word_1_184' title='bbox 908 2546 922 2570; x_wconf 95' lang='lat'><strong>,</strong></span> <span class='ocrx_word' id='word_1_185' title='bbox 961 2505 1052 2560; x_wconf 91' lang='lat' dir='ltr'><strong>alii</strong></span> <span class='ocrx_word' id='word_1_186' title='bbox 1084 2521 1151 2560; x_wconf 82' lang='lat' dir='ltr'><strong>ex</strong></span> <span class='ocrx_word' id='word_1_187' title='bbox 1198 2520 1330 2559; x_wconf 87' lang='lat' dir='ltr'><strong>vana</strong></span> <span class='ocrx_word' id='word_1_188' title='bbox 1360 2507 1528 2576; x_wconf 85' lang='lat' dir='ltr'><strong>gloria</strong></span> <span class='ocrx_word' id='word_1_189' title='bbox 1561 2506 1778 2561; x_wconf 83' lang='lat' dir='ltr'><strong>habent.</strong></span> <span class='ocrx_word' id='word_1_190' title='bbox 1815 2506 1907 2561; x_wconf 91' lang='lat' dir='ltr'><strong>Vis</strong></span> <span class='ocrx_word' id='word_1_191' title='bbox 1934 2506 2144 2562; x_wconf 89' lang='lat' dir='ltr'><strong>discere</strong></span> <span class='ocrx_word' id='word_1_192' title='bbox 2168 2548 2184 2574; x_wconf 93' lang='lat'><strong>,</strong></span> 
     </span>
    </p>
   </div>
   <div class='ocr_carea' id='block_1_25' title="bbox 600 2597 2188 2670">
    <p class='ocr_par' dir='ltr' id='par_1_25' title="bbox 600 2597 2188 2670">
     <span class='ocr_line' id='line_1_25' title="bbox 600 2597 2188 2670; baseline -0.001 -16"><span class='ocrx_word' id='word_1_193' title='bbox 600 2600 689 2670; x_wconf 89' lang='lat' dir='ltr'><strong>qui</strong></span> <span class='ocrx_word' id='word_1_194' title='bbox 716 2599 785 2653; x_wconf 87' lang='lat' dir='ltr'><strong>sit</strong></span> <span class='ocrx_word' id='word_1_195' title='bbox 810 2599 1025 2653; x_wconf 91' lang='lat' dir='ltr'><strong>virtutis</strong></span> <span class='ocrx_word' id='word_1_196' title='bbox 1064 2597 1320 2668; x_wconf 89' lang='lat' dir='ltr'><strong>splendor</strong></span> <span class='ocrx_word' id='word_1_197' title='bbox 1342 2641 1357 2665; x_wconf 91' lang='lat'><strong>,</strong></span> <span class='ocrx_word' id='word_1_198' title='bbox 1390 2608 1648 2669; x_wconf 90' lang='lat' dir='ltr'><strong>quantum</strong></span> <span class='ocrx_word' id='word_1_199' title='bbox 1674 2599 1850 2654; x_wconf 88' lang='lat' dir='ltr'><strong>valeat</strong></span> <span class='ocrx_word' id='word_1_200' title='bbox 1875 2598 1941 2654; x_wconf 90' lang='lat' dir='ltr'><strong>ad</strong></span> <span class='ocrx_word' id='word_1_201' title='bbox 1968 2614 2188 2669; x_wconf 87' lang='lat' dir='ltr'><strong>persua-</strong></span> 
     </span>
    </p>
   </div>
   <div class='ocr_carea' id='block_1_26' title="bbox 598 2688 2184 2761">
    <p class='ocr_par' dir='ltr' id='par_1_26' title="bbox 598 2688 2184 2761">
     <span class='ocr_line' id='line_1_26' title="bbox 598 2688 2184 2761; baseline 0.002 -18"><span class='ocrx_word' id='word_1_202' title='bbox 598 2690 874 2745; x_wconf 86' lang='lat' dir='ltr'><strong>dendum?</strong></span> <span class='ocrx_word' id='word_1_203' title='bbox 910 2689 1058 2743; x_wconf 83' lang='lat' dir='ltr'><strong>Multi</strong></span> <span class='ocrx_word' id='word_1_204' title='bbox 1090 2688 1328 2744; x_wconf 66' lang='lat' dir='ltr'><strong>haeretici</strong></span> <span class='ocrx_word' id='word_1_205' title='bbox 1351 2731 1367 2757; x_wconf 97' lang='lat'><strong>,</strong></span> <span class='ocrx_word' id='word_1_206' title='bbox 1399 2691 1501 2745; x_wconf 88' lang='lat' dir='ltr'><strong>etsi</strong></span> <span class='ocrx_word' id='word_1_207' title='bbox 1530 2690 1776 2759; x_wconf 83' lang='lat' dir='ltr'><strong>dogmata</strong></span> <span class='ocrx_word' id='word_1_208' title='bbox 1804 2700 2055 2761; x_wconf 90' lang='lat' dir='ltr'><strong>corrupta</strong></span> <span class='ocrx_word' id='word_1_209' title='bbox 2086 2691 2184 2745; x_wconf 84' lang='lat' dir='ltr'><strong>ba-</strong></span> 
     </span>
    </p>
   </div>
   <div class='ocr_carea' id='block_1_27' title="bbox 602 2782 2185 2849">
    <p class='ocr_par' dir='ltr' id='par_1_27' title="bbox 602 2782 2185 2849">
     <span class='ocr_line' id='line_1_27' title="bbox 602 2782 2185 2849; baseline 0.003 -15"><span class='ocrx_word' id='word_1_210' title='bbox 602 2784 791 2838; x_wconf 89' lang='lat' dir='ltr'><strong>berent</strong></span> <span class='ocrx_word' id='word_1_211' title='bbox 815 2824 830 2849; x_wconf 93' lang='lat'><strong>,</strong></span> <span class='ocrx_word' id='word_1_212' title='bbox 861 2782 931 2836; x_wconf 92' lang='lat' dir='ltr'><strong>ita</strong></span> <span class='ocrx_word' id='word_1_213' title='bbox 960 2783 1238 2837; x_wconf 89' lang='lat' dir='ltr'><strong>invaluere</strong></span> <span class='ocrx_word' id='word_1_214' title='bbox 1261 2824 1274 2847; x_wconf 91' lang='lat'><strong>,</strong></span> <span class='ocrx_word' id='word_1_215' title='bbox 1308 2791 1367 2836; x_wconf 90' lang='lat' dir='ltr'><strong>ut</strong></span> <span class='ocrx_word' id='word_1_216' title='bbox 1393 2783 1544 2836; x_wconf 90' lang='lat' dir='ltr'><strong>multi</strong></span> <span class='ocrx_word' id='word_1_217' title='bbox 1584 2784 1829 2838; x_wconf 88' lang='lat' dir='ltr'><strong>homines</strong></span> <span class='ocrx_word' id='word_1_218' title='bbox 1858 2799 1922 2838; x_wconf 80' lang='lat' dir='ltr'><strong>ex</strong></span> <span class='ocrx_word' id='word_1_219' title='bbox 1967 2783 2089 2838; x_wconf 67' lang='lat' dir='ltr'><strong>vitae</strong></span> <span class='ocrx_word' id='word_1_220' title='bbox 2117 2784 2185 2838; x_wconf 89' lang='lat' dir='ltr'><strong>il-</strong></span> 
     </span>
    </p>
   </div>
   <div class='ocr_carea' id='block_1_28' title="bbox 599 2874 2178 2943">
    <p class='ocr_par' dir='ltr' id='par_1_28' title="bbox 599 2874 2178 2943">
     <span class='ocr_line' id='line_1_28' title="bbox 599 2874 2178 2943; baseline 0.001 -15"><span class='ocrx_word' id='word_1_221' title='bbox 599 2876 769 2929; x_wconf 86' lang='lat' dir='ltr'><strong>lorutn</strong></span> <span class='ocrx_word' id='word_1_222' title='bbox 794 2876 1095 2929; x_wconf 80' lang='lat' dir='ltr'><strong>reverentia</strong></span> <span class='ocrx_word' id='word_1_223' title='bbox 1122 2874 1314 2943; x_wconf 90' lang='lat' dir='ltr'><strong>dogma</strong></span> <span class='ocrx_word' id='word_1_224' title='bbox 1347 2874 1556 2929; x_wconf 91' lang='lat' dir='ltr'><strong>illorum</strong></span> <span class='ocrx_word' id='word_1_225' title='bbox 1585 2890 1691 2929; x_wconf 91' lang='lat' dir='ltr'><strong>non</strong></span> <span class='ocrx_word' id='word_1_226' title='bbox 1722 2875 2178 2930; x_wconf 78' lang='lat' dir='ltr'><strong>examinaverint:</strong></span> 
     </span>
    </p>
   </div>
   <div class='ocr_carea' id='block_1_29' title="bbox 598 2966 2180 3037">
    <p class='ocr_par' dir='ltr' id='par_1_29' title="bbox 598 2966 2180 3037">
     <span class='ocr_line' id='line_1_29' title="bbox 598 2966 2180 3037; baseline 0.003 -19"><span class='ocrx_word' id='word_1_227' title='bbox 598 2967 687 3021; x_wconf 90' lang='lat' dir='ltr'><strong>alii</strong></span> <span class='ocrx_word' id='word_1_228' title='bbox 744 2968 833 3037; x_wconf 92' lang='lat' dir='ltr'><strong>qui</strong></span> <span class='ocrx_word' id='word_1_229' title='bbox 885 2967 1005 3022; x_wconf 92' lang='lat' dir='ltr'><strong>illos</strong></span> <span class='ocrx_word' id='word_1_230' title='bbox 1060 2968 1129 3021; x_wconf 90' lang='lat' dir='ltr'><strong>ob</strong></span> <span class='ocrx_word' id='word_1_231' title='bbox 1177 2966 1369 3037; x_wconf 82' lang='lat' dir='ltr'><strong>dogma</strong></span> <span class='ocrx_word' id='word_1_232' title='bbox 1420 2967 1837 3036; x_wconf 86' lang='lat' dir='ltr'><strong>improbabant,</strong></span> <span class='ocrx_word' id='word_1_233' title='bbox 1888 2969 1958 3024; x_wconf 91' lang='lat' dir='ltr'><strong>ob</strong></span> <span class='ocrx_word' id='word_1_234' title='bbox 2018 2969 2180 3022; x_wconf 85' lang='lat' dir='ltr'><strong>vitam</strong></span> 
     </span>
    </p>
   </div>
   <div class='ocr_carea' id='block_1_30' title="bbox 600 3058 2181 3130">
    <p class='ocr_par' dir='ltr' id='par_1_30' title="bbox 600 3058 2181 3130">
     <span class='ocr_line' id='line_1_30' title="bbox 600 3058 2181 3130; baseline 0.001 -19"><span class='ocrx_word' id='word_1_235' title='bbox 600 3060 814 3114; x_wconf 88' lang='lat' dir='ltr'><strong>reveriti</strong></span> <span class='ocrx_word' id='word_1_236' title='bbox 857 3068 1018 3123; x_wconf 90' lang='lat' dir='ltr'><strong>sunt;</strong></span> <span class='ocrx_word' id='word_1_237' title='bbox 1050 3072 1157 3112; x_wconf 92' lang='lat' dir='ltr'><strong>non</strong></span> <span class='ocrx_word' id='word_1_238' title='bbox 1182 3058 1323 3113; x_wconf 90' lang='lat' dir='ltr'><strong>bene</strong></span> <span class='ocrx_word' id='word_1_239' title='bbox 1350 3069 1496 3113; x_wconf 89' lang='lat' dir='ltr'><strong>certe</strong></span> <span class='ocrx_word' id='word_1_240' title='bbox 1520 3100 1536 3125; x_wconf 92' lang='lat'><strong>,</strong></span> <span class='ocrx_word' id='word_1_241' title='bbox 1584 3058 1678 3113; x_wconf 91' lang='lat' dir='ltr'><strong>sed</strong></span> <span class='ocrx_word' id='word_1_242' title='bbox 1708 3058 1762 3113; x_wconf 91' lang='lat' dir='ltr'><strong>id</strong></span> <span class='ocrx_word' id='word_1_243' title='bbox 1814 3068 1994 3115; x_wconf 91' lang='lat' dir='ltr'><strong>tamen</strong></span> <span class='ocrx_word' id='word_1_244' title='bbox 2039 3061 2181 3130; x_wconf 87' lang='lat' dir='ltr'><strong>passi</strong></span> 
     </span>
    </p>
   </div>
   <div class='ocr_carea' id='block_1_31' title="bbox 595 3152 2181 3219">
    <p class='ocr_par' dir='ltr' id='par_1_31' title="bbox 595 3152 2181 3219">
     <span class='ocr_line' id='line_1_31' title="bbox 595 3152 2181 3219; baseline 0.003 -13"><span class='ocrx_word' id='word_1_245' title='bbox 595 3163 738 3207; x_wconf 89' lang='lat' dir='ltr'><strong>sunt.</strong></span> <span class='ocrx_word' id='word_1_246' title='bbox 782 3154 893 3207; x_wconf 84' lang='lat' dir='ltr'><strong>lloc</strong></span> <span class='ocrx_word' id='word_1_247' title='bbox 921 3153 1041 3207; x_wconf 86' lang='lat' dir='ltr'><strong>lidei</strong></span> <span class='ocrx_word' id='word_1_248' title='bbox 1072 3162 1272 3207; x_wconf 68' lang='lat' dir='ltr'><strong>nostra:</strong></span> <span class='ocrx_word' id='word_1_249' title='bbox 1313 3152 1650 3207; x_wconf 82' lang='lat' dir='ltr'><strong>honestatem</strong></span> <span class='ocrx_word' id='word_1_250' title='bbox 1696 3152 2027 3219; x_wconf 82' lang='lat' dir='ltr'><strong>diffamavit;</strong></span> <span class='ocrx_word' id='word_1_251' title='bbox 2078 3154 2181 3210; x_wconf 90' lang='lat' dir='ltr'><strong>hoc</strong></span> 
     </span>
    </p>
   </div>
   <div class='ocr_carea' id='block_1_32' title="bbox 594 3243 2177 3314">
    <p class='ocr_par' dir='ltr' id='par_1_32' title="bbox 594 3243 2177 3314">
     <span class='ocr_line' id='line_1_32' title="bbox 594 3243 2177 3314; baseline 0.002 -17"><span class='ocrx_word' id='word_1_252' title='bbox 594 3244 771 3297; x_wconf 85' lang='lat' dir='ltr'><strong>omnia</strong></span> <span class='ocrx_word' id='word_1_253' title='bbox 823 3243 1126 3306; x_wconf 84' lang='lat' dir='ltr'><strong>subvertit,</strong></span> <span class='ocrx_word' id='word_1_254' title='bbox 1176 3243 1317 3314; x_wconf 87' lang='lat' dir='ltr'><strong>quod</strong></span> <span class='ocrx_word' id='word_1_255' title='bbox 1363 3259 1522 3298; x_wconf 90' lang='lat' dir='ltr'><strong>nemo</strong></span> <span class='ocrx_word' id='word_1_256' title='bbox 1570 3244 1730 3298; x_wconf 91' lang='lat' dir='ltr'><strong>ullam</strong></span> <span class='ocrx_word' id='word_1_257' title='bbox 1761 3245 1883 3298; x_wconf 70' lang='lat' dir='ltr'><strong>vita:</strong></span> <span class='ocrx_word' id='word_1_258' title='bbox 1914 3248 2177 3300; x_wconf 89' lang='lat' dir='ltr'><strong>rationem</strong></span> 
     </span>
    </p>
   </div>
   <div class='ocr_carea' id='block_1_33' title="bbox 597 3334 2176 3404">
    <p class='ocr_par' dir='ltr' id='par_1_33' title="bbox 597 3334 2176 3404">
     <span class='ocr_line' id='line_1_33' title="bbox 597 3334 2176 3404; baseline 0.003 -15"><span class='ocrx_word' id='word_1_259' title='bbox 597 3335 829 3400; x_wconf 86' lang='lat' dir='ltr'><strong>haheat;</strong></span> <span class='ocrx_word' id='word_1_260' title='bbox 864 3334 967 3390; x_wconf 91' lang='lat' dir='ltr'><strong>hoc</strong></span> <span class='ocrx_word' id='word_1_261' title='bbox 1019 3335 1178 3389; x_wconf 81' lang='lat' dir='ltr'><strong>tidem</strong></span> <span class='ocrx_word' id='word_1_262' title='bbox 1230 3335 1559 3404; x_wconf 89' lang='lat' dir='ltr'><strong>pessumdat.</strong></span> <span class='ocrx_word' id='word_1_263' title='bbox 1617 3336 1853 3391; x_wconf 90' lang='lat' dir='ltr'><strong>Dicimus</strong></span> <span class='ocrx_word' id='word_1_264' title='bbox 1902 3336 2176 3393; x_wconf 82' lang='lat' dir='ltr'><strong>Christum</strong></span> 
     </span>
    </p>
   </div>
   <div class='ocr_carea' id='block_1_34' title="bbox 598 3428 2176 3498">
    <p class='ocr_par' dir='ltr' id='par_1_34' title="bbox 598 3428 2176 3498">
     <span class='ocr_line' id='line_1_34' title="bbox 598 3428 2176 3498; baseline 0.002 -14"><span class='ocrx_word' id='word_1_265' title='bbox 598 3444 719 3485; x_wconf 86' lang='lat' dir='ltr'><strong>esse</strong></span> <span class='ocrx_word' id='word_1_266' title='bbox 763 3429 954 3495; x_wconf 90' lang='lat' dir='ltr'><strong>Deum,</strong></span> <span class='ocrx_word' id='word_1_267' title='bbox 985 3430 1263 3484; x_wconf 87' lang='lat' dir='ltr'><strong>innumera</strong></span> <span class='ocrx_word' id='word_1_268' title='bbox 1317 3429 1420 3483; x_wconf 91' lang='lat' dir='ltr'><strong>alia</strong></span> <span class='ocrx_word' id='word_1_269' title='bbox 1452 3428 1805 3498; x_wconf 82' lang='lat' dir='ltr'><strong>proferimus,</strong></span> <span class='ocrx_word' id='word_1_270' title='bbox 1836 3440 1888 3485; x_wconf 91' lang='lat' dir='ltr'><strong>et</strong></span> <span class='ocrx_word' id='word_1_271' title='bbox 1926 3430 2028 3487; x_wconf 91' lang='lat' dir='ltr'><strong>hoc</strong></span> <span class='ocrx_word' id='word_1_272' title='bbox 2057 3448 2176 3487; x_wconf 89' lang='lat' dir='ltr'><strong>cum</strong></span> 
     </span>
    </p>
   </div>
   <div class='ocr_carea' id='block_1_35' title="bbox 591 3521 2167 3591">
    <p class='ocr_par' dir='ltr' id='par_1_35' title="bbox 591 3521 2167 3591">
     <span class='ocr_line' id='line_1_35' title="bbox 591 3521 2167 3591; baseline 0.003 -16"><span class='ocrx_word' id='word_1_273' title='bbox 591 3521 710 3575; x_wconf 85' lang='lat' dir='ltr'><strong>aliis</strong></span> <span class='ocrx_word' id='word_1_274' title='bbox 737 3562 752 3585; x_wconf 93' lang='lat'><strong>,</strong></span> <span class='ocrx_word' id='word_1_275' title='bbox 786 3521 928 3590; x_wconf 93' lang='lat' dir='ltr'><strong>quod</strong></span> <span class='ocrx_word' id='word_1_276' title='bbox 955 3522 1286 3591; x_wconf 90' lang='lat' dir='ltr'><strong>persuaserit</strong></span> <span class='ocrx_word' id='word_1_277' title='bbox 1315 3522 1566 3576; x_wconf 90' lang='lat' dir='ltr'><strong>omnibus</strong></span> <span class='ocrx_word' id='word_1_278' title='bbox 1587 3564 1601 3588; x_wconf 94' lang='lat'><strong>,</strong></span> <span class='ocrx_word' id='word_1_279' title='bbox 1629 3533 1689 3577; x_wconf 90' lang='lat' dir='ltr'><strong>ut</strong></span> <span class='ocrx_word' id='word_1_280' title='bbox 1714 3534 1857 3578; x_wconf 90' lang='lat' dir='ltr'><strong>recte</strong></span> <span class='ocrx_word' id='word_1_281' title='bbox 1885 3525 2125 3579; x_wconf 83' lang='lat' dir='ltr'><strong>viverent</strong></span> <span class='ocrx_word' id='word_1_282' title='bbox 2152 3542 2167 3590; x_wconf 92' lang='lat'><strong>;</strong></span> 
     </span>
    </p>
   </div>
   <div class='ocr_carea' id='block_1_36' title="bbox 594 3614 2175 3689">
    <p class='ocr_par' dir='ltr' id='par_1_36' title="bbox 594 3614 2175 3689">
     <span class='ocr_line' id='line_1_36' title="bbox 594 3614 2175 3689; baseline 0.003 -21"><span class='ocrx_word' id='word_1_283' title='bbox 594 3616 687 3669; x_wconf 88' lang='lat' dir='ltr'><strong>sed</strong></span> <span class='ocrx_word' id='word_1_284' title='bbox 719 3614 819 3669; x_wconf 91' lang='lat' dir='ltr'><strong>hoc</strong></span> <span class='ocrx_word' id='word_1_285' title='bbox 846 3616 897 3668; x_wconf 92' lang='lat' dir='ltr'><strong>in</strong></span> <span class='ocrx_word' id='word_1_286' title='bbox 934 3617 1116 3684; x_wconf 88' lang='lat' dir='ltr'><strong>paucis</strong></span> <span class='ocrx_word' id='word_1_287' title='bbox 1145 3630 1367 3670; x_wconf 88' lang='lat' dir='ltr'><strong>cernere</strong></span> <span class='ocrx_word' id='word_1_288' title='bbox 1394 3625 1497 3671; x_wconf 89' lang='lat' dir='ltr'><strong>est.</strong></span> <span class='ocrx_word' id='word_1_289' title='bbox 1527 3616 1956 3672; x_wconf 72' lang='lat' dir='ltr'><strong>Resurrecuonis</strong></span> <span class='ocrx_word' id='word_1_290' title='bbox 1984 3618 2175 3689; x_wconf 86' lang='lat' dir='ltr'><strong>dogma</strong></span> 
     </span>
    </p>
   </div>
   <div class='ocr_carea' id='block_1_37' title="bbox 595 3707 2177 3777">
    <p class='ocr_par' dir='ltr' id='par_1_37' title="bbox 595 3707 2177 3777">
     <span class='ocr_line' id='line_1_37' title="bbox 595 3707 2177 3777; baseline 0.004 -16"><span class='ocrx_word' id='word_1_291' title='bbox 595 3707 740 3762; x_wconf 84' lang='lat' dir='ltr'><strong>laedit</strong></span> <span class='ocrx_word' id='word_1_292' title='bbox 764 3707 885 3760; x_wconf 60' lang='lat' dir='ltr'><strong>vitae</strong></span> <span class='ocrx_word' id='word_1_293' title='bbox 914 3708 1227 3777; x_wconf 90' lang='lat' dir='ltr'><strong>improbitas</strong></span> <span class='ocrx_word' id='word_1_294' title='bbox 1246 3751 1260 3775; x_wconf 93' lang='lat'><strong>,</strong></span> <span class='ocrx_word' id='word_1_295' title='bbox 1290 3724 1496 3765; x_wconf 91' lang='lat' dir='ltr'><strong>necnon</strong></span> <span class='ocrx_word' id='word_1_296' title='bbox 1543 3711 1961 3767; x_wconf 89' lang='lat' dir='ltr'><strong>immortalitatis</strong></span> <span class='ocrx_word' id='word_1_297' title='bbox 1986 3715 2177 3768; x_wconf 66' lang='lat' dir='ltr'><strong>anima:</strong></span> 
     </span>
    </p>
   </div>
   <div class='ocr_carea' id='block_1_38' title="bbox 589 3803 2175 3874">
    <p class='ocr_par' dir='ltr' id='par_1_38' title="bbox 589 3803 2175 3874">
     <span class='ocr_line' id='line_1_38' title="bbox 589 3803 2175 3874; baseline 0.002 -14"><span class='ocrx_word' id='word_1_298' title='bbox 589 3815 643 3860; x_wconf 84' lang='lat' dir='ltr'><strong>et</strong></span> <span class='ocrx_word' id='word_1_299' title='bbox 687 3803 870 3873; x_wconf 88' lang='lat' dir='ltr'><strong>judicii</strong></span> <span class='ocrx_word' id='word_1_300' title='bbox 900 3821 913 3867; x_wconf 91' lang='lat'><strong>;</strong></span> <span class='ocrx_word' id='word_1_301' title='bbox 947 3804 1219 3874; x_wconf 90' lang='lat' dir='ltr'><strong>multaque</strong></span> <span class='ocrx_word' id='word_1_302' title='bbox 1262 3805 1364 3858; x_wconf 89' lang='lat' dir='ltr'><strong>alia</strong></span> <span class='ocrx_word' id='word_1_303' title='bbox 1395 3805 1652 3873; x_wconf 90' lang='lat' dir='ltr'><strong>attrahit,</strong></span> <span class='ocrx_word' id='word_1_304' title='bbox 1686 3805 1853 3861; x_wconf 82' lang='lat' dir='ltr'><strong>fatum</strong></span> <span class='ocrx_word' id='word_1_305' title='bbox 1880 3846 1896 3872; x_wconf 94' lang='lat'><strong>,</strong></span> <span class='ocrx_word' id='word_1_306' title='bbox 1937 3809 2175 3863; x_wconf 88' lang='lat' dir='ltr'><strong>necessi-</strong></span> 
     </span>
    </p>
   </div>
   <div class='ocr_carea' id='block_1_39' title="bbox 591 3896 2175 3966">
    <p class='ocr_par' dir='ltr' id='par_1_39' title="bbox 591 3896 2175 3966">
     <span class='ocr_line' id='line_1_39' title="bbox 591 3896 2175 3966; baseline 0.005 -17"><span class='ocrx_word' id='word_1_307' title='bbox 591 3905 774 3959; x_wconf 90' lang='lat' dir='ltr'><strong>tatem,</strong></span> <span class='ocrx_word' id='word_1_308' title='bbox 802 3897 1137 3966; x_wconf 87' lang='lat' dir='ltr'><strong>negationem</strong></span> <span class='ocrx_word' id='word_1_309' title='bbox 1162 3896 1530 3965; x_wconf 68' lang='lat' dir='ltr'><strong>providentiae.</strong></span> <span class='ocrx_word' id='word_1_310' title='bbox 1559 3898 1752 3954; x_wconf 88' lang='lat' dir='ltr'><strong>Anima</strong></span> <span class='ocrx_word' id='word_1_311' title='bbox 1769 3900 1911 3955; x_wconf 88' lang='lat' dir='ltr'><strong>enim</strong></span> <span class='ocrx_word' id='word_1_312' title='bbox 1937 3902 1989 3955; x_wconf 91' lang='lat' dir='ltr'><strong>in</strong></span> <span class='ocrx_word' id='word_1_313' title='bbox 2018 3903 2175 3957; x_wconf 90' lang='lat' dir='ltr'><strong>malis</strong></span> 
     </span>
    </p>
   </div>
   <div class='ocr_carea' id='block_1_40' title="bbox 588 3987 2174 4066">
    <p class='ocr_par' dir='ltr' id='par_1_40' title="bbox 588 3987 2174 4066">
     <span class='ocr_line' id='line_1_40' title="bbox 588 3987 2174 4066; baseline 0.006 -26"><span class='ocrx_word' id='word_1_314' title='bbox 588 3987 889 4042; x_wconf 90' lang='lat' dir='ltr'><strong>innumeris</strong></span> <span class='ocrx_word' id='word_1_315' title='bbox 918 3990 1167 4043; x_wconf 90' lang='lat' dir='ltr'><strong>immersa</strong></span> <span class='ocrx_word' id='word_1_316' title='bbox 1190 4029 1205 4053; x_wconf 88' lang='lat'><strong>,</strong></span> <span class='ocrx_word' id='word_1_317' title='bbox 1240 3989 1352 4043; x_wconf 65' lang='lat' dir='ltr'><strong>hare</strong></span> <span class='ocrx_word' id='word_1_318' title='bbox 1381 3989 1482 4043; x_wconf 86' lang='lat' dir='ltr'><strong>sibi</strong></span> <span class='ocrx_word' id='word_1_319' title='bbox 1513 3993 1825 4062; x_wconf 77' lang='lat' dir='ltr'><strong>excogitare</strong></span> <span class='ocrx_word' id='word_1_320' title='bbox 1854 3996 2082 4066; x_wconf 81' lang='lat' dir='ltr'><strong>satagit,</strong></span> <span class='ocrx_word' id='word_1_321' title='bbox 2107 4014 2174 4051; x_wconf 85' lang='lat' dir='ltr'><strong>ne</strong></span> 
     </span>
    </p>
   </div>
   <div class='ocr_carea' id='block_1_41' title="bbox 652 4186 2172 4270">
    <p class='ocr_par' dir='ltr' id='par_1_41' title="bbox 652 4186 2172 4270">
     <span class='ocr_line' id='line_1_41' title="bbox 652 4186 2172 4270; baseline 0.019 -37"><span class='ocrx_word' id='word_1_322' title='bbox 652 4186 903 4270; x_wconf 32' lang='lat' dir='ltr'><strong>Limnen-5;</strong></span> <span class='ocrx_word' id='word_1_323' title='bbox 918 4189 1275 4270; x_wconf 39' lang='lat' dir='ltr'><strong>textushahet,</strong></span> <span class='ocrx_word' id='word_1_324' title='bbox 1300 4202 1366 4270; x_wconf 49' lang='grc' dir='ltr'>τιδιτ</span> <span class='ocrx_word' id='word_1_325' title='bbox 1389 4210 1605 4270; x_wconf 44' lang='grc' dir='ltr'><strong>φανιρσςςιοῦ</strong></span> <span class='ocrx_word' id='word_1_326' title='bbox 1628 4219 1871 4264; x_wconf 67' lang='grc' dir='ltr'><strong>καταγινώσκῃ</strong></span> <span class='ocrx_word' id='word_1_327' title='bbox 1898 4213 2017 4259; x_wconf 78' lang='grc' dir='ltr'><strong>διὰτὸ</strong></span> <span class='ocrx_word' id='word_1_328' title='bbox 2041 4218 2172 4270; x_wconf 70' lang='grc' dir='ltr'><strong>δόγμα,</strong></span> 
     </span>
    </p>
   </div>
   <div class='ocr_carea' id='block_1_42' title="bbox 586 4247 2169 4328">
    <p class='ocr_par' dir='ltr' id='par_1_42' title="bbox 586 4247 2169 4328">
     <span class='ocr_line' id='line_1_42' title="bbox 586 4247 2169 4328; baseline 0.02 -38"><span class='ocrx_word' id='word_1_329' title='bbox 586 4247 926 4328; x_wconf 36' lang='lat' dir='ltr'><strong>(regideleta,</strong></span> <span class='ocrx_word' id='word_1_330' title='bbox 951 4247 1456 4328; x_wconf 11' lang='lat' dir='ltr'><strong>ut‘seriesﬂ‘pOStula&#39;t-e</strong></span> <span class='ocrx_word' id='word_1_331' title='bbox 1477 4247 2169 4328; x_wconf 37' lang='lat' dir='ltr'><strong>\‘ideturtiiega‘tioiie&#39;o:</strong></span> 
     </span>
    </p>
   </div>
   <div class='ocr_carea' id='block_1_43' title="bbox 585 4311 1996 4393">
    <p class='ocr_par' dir='ltr' id='par_1_43' title="bbox 585 4311 1996 4393">
     <span class='ocr_line' id='line_1_43' title="bbox 585 4311 1996 4393; baseline 0.018 -39"><span class='ocrx_word' id='word_1_332' title='bbox 585 4311 917 4369; x_wconf 86' lang='lat' dir='ltr'><strong>gnilicabunt:</strong></span> <span class='ocrx_word' id='word_1_333' title='bbox 945 4312 1068 4361; x_wconf 86' lang='lat' dir='ltr'><strong>Licet</strong></span> <span class='ocrx_word' id='word_1_334' title='bbox 1090 4311 1255 4377; x_wconf 78' lang='lat' dir='ltr'><strong>aperte</strong></span> <span class='ocrx_word' id='word_1_335' title='bbox 1287 4321 1564 4371; x_wconf 81' lang='lat' dir='ltr'><strong>condemnet</strong></span> <span class='ocrx_word' id='word_1_336' title='bbox 1588 4311 1784 4387; x_wconf 60' lang='lat' dir='ltr'><strong>propter</strong></span> <span class='ocrx_word' id='word_1_337' title='bbox 1794 4311 1996 4393; x_wconf 51' lang='lat'><strong>3593;};</strong></span> 
     </span>
    </p>
   </div>
   <div class='ocr_carea' id='block_1_44' title="bbox 594 4452 805 4461">
    <p class='ocr_par' dir='ltr' id='par_1_44' title="bbox 594 4452 805 4461">
     <span class='ocr_line' id='line_1_44' title="bbox 594 4452 805 4461; baseline 0.009 -2"><span class='ocrx_word' id='word_1_338' title='bbox 594 4452 805 4461; x_wconf 57' lang='lat'><strong>_—_..</strong></span> 
     </span>
    </p>
   </div>
   <div class='ocr_carea' id='block_1_45' title="bbox 1395 350 3801 447">
    <p class='ocr_par' dir='ltr' id='par_1_45' title="bbox 1395 350 3801 447">
     <span class='ocr_line' id='line_1_45' title="bbox 1395 350 3801 447; baseline 0.006 -40"><span class='ocrx_word' id='word_1_339' title='bbox 1395 352 1451 408; x_wconf 91' lang='lat' dir='ltr'><strong>S.</strong></span> <span class='ocrx_word' id='word_1_340' title='bbox 1483 350 1757 407; x_wconf 79' lang='lat' dir='ltr'><strong>JOANNIS</strong></span> <span class='ocrx_word' id='word_1_341' title='bbox 1794 350 2270 407; x_wconf 77' lang='lat' dir='ltr'><strong>CHRYSOSTOMI</strong></span> <span class='ocrx_word' id='word_1_342' title='bbox 2308 352 2625 410; x_wconf 75' lang='lat' dir='ltr'><strong>ARCHIEP.</strong></span> <span class='ocrx_word' id='word_1_343' title='bbox 2664 357 3194 421; x_wconf 77' lang='lat' dir='ltr'><strong>CONSTANTINOP.</strong></span> <span class='ocrx_word' id='word_1_344' title='bbox 3734 390 3801 447; x_wconf 49' lang='grc' dir='ltr'><strong>λη</strong></span> 
     </span>
    </p>
   </div>
   <div class='ocr_carea' id='block_1_46' title="bbox 2323 470 3802 560">
    <p class='ocr_par' dir='ltr' id='par_1_46' title="bbox 2323 470 3802 560">
     <span class='ocr_line' id='line_1_46' title="bbox 2323 470 3802 560; baseline 0.023 -40"><span class='ocrx_word' id='word_1_345' title='bbox 2323 478 2509 523; x_wconf 71' lang='lat' dir='ltr'><strong>mmsta</strong></span> <span class='ocrx_word' id='word_1_346' title='bbox 2542 470 2610 524; x_wconf 91' lang='lat' dir='ltr'><strong>sit</strong></span> <span class='ocrx_word' id='word_1_347' title='bbox 2637 473 2880 543; x_wconf 88' lang='lat' dir='ltr'><strong>cogitans</strong></span> <span class='ocrx_word' id='word_1_348' title='bbox 2903 476 3163 543; x_wconf 88' lang='lat' dir='ltr'><strong>judicium</strong></span> <span class='ocrx_word' id='word_1_349' title='bbox 3193 478 3307 534; x_wconf 77' lang='lat' dir='ltr'><strong>fore</strong></span> <span class='ocrx_word' id='word_1_350' title='bbox 3331 521 3348 547; x_wconf 93' lang='lat'><strong>,</strong></span> <span class='ocrx_word' id='word_1_351' title='bbox 3378 489 3433 536; x_wconf 88' lang='lat' dir='ltr'><strong>et</strong></span> <span class='ocrx_word' id='word_1_352' title='bbox 3470 482 3522 537; x_wconf 85' lang='lat' dir='ltr'><strong>in</strong></span> <span class='ocrx_word' id='word_1_353' title='bbox 3550 488 3673 548; x_wconf 83' lang='lat' dir='ltr'><strong>nobis</strong></span> <span class='ocrx_word' id='word_1_354' title='bbox 3691 499 3802 560; x_wconf 78' lang='lat' dir='ltr'><strong>situm</strong></span> 
     </span>
    </p>
   </div>
   <div class='ocr_carea' id='block_1_47' title="bbox 2318 561 3331 637">
    <p class='ocr_par' dir='ltr' id='par_1_47' title="bbox 2318 561 3331 637">
     <span class='ocr_line' id='line_1_47' title="bbox 2318 561 3331 637; baseline 0.014 -24"><span class='ocrx_word' id='word_1_355' title='bbox 2318 573 2437 614; x_wconf 89' lang='lat' dir='ltr'><strong>esse</strong></span> <span class='ocrx_word' id='word_1_356' title='bbox 2465 561 2675 618; x_wconf 88' lang='lat' dir='ltr'><strong>virtutis</strong></span> <span class='ocrx_word' id='word_1_357' title='bbox 2699 574 2753 619; x_wconf 90' lang='lat' dir='ltr'><strong>et</strong></span> <span class='ocrx_word' id='word_1_358' title='bbox 2791 568 3043 637; x_wconf 69' lang='lat' dir='ltr'><strong>nequitiae</strong></span> <span class='ocrx_word' id='word_1_359' title='bbox 3071 571 3331 627; x_wconf 88' lang='lat' dir='ltr'><strong>studium.</strong></span> 
     </span>
    </p>
   </div>
   <div class='ocr_carea' id='block_1_48' title="bbox 2324 649 3803 739">
    <p class='ocr_par' dir='ltr' id='par_1_48' title="bbox 2324 649 3803 739">
     <span class='ocr_line' id='line_1_48' title="bbox 2324 649 3803 739; baseline 0.022 -38"><span class='ocrx_word' id='word_1_360' title='bbox 2324 682 2345 720; x_wconf 57' lang='grc' dir='ltr'><strong><em>ι</em></strong></span> <span class='ocrx_word' id='word_1_361' title='bbox 2404 649 2516 704; x_wconf 85' lang='lat' dir='ltr'><strong>Vita</strong></span> <span class='ocrx_word' id='word_1_362' title='bbox 2563 653 2794 725; x_wconf 83' lang='lat' dir='ltr'><strong>improba</strong></span> <span class='ocrx_word' id='word_1_363' title='bbox 2819 658 2974 725; x_wconf 83' lang='lat' dir='ltr'><strong>ﬁdem</strong></span> <span class='ocrx_word' id='word_1_364' title='bbox 3001 665 3301 733; x_wconf 82' lang='lat' dir='ltr'><strong>corrumpit.</strong></span> <span class='ocrx_word' id='word_1_365' title='bbox 3326 694 3399 706; x_wconf 86' lang='lat'><strong>--—</strong></span> <span class='ocrx_word' id='word_1_366' title='bbox 3431 664 3567 723; x_wconf 84' lang='lat' dir='ltr'><strong>Talis</strong></span> <span class='ocrx_word' id='word_1_367' title='bbox 3590 672 3674 729; x_wconf 84' lang='lat' dir='ltr'><strong>vita</strong></span> <span class='ocrx_word' id='word_1_368' title='bbox 3698 678 3803 739; x_wconf 78' lang='lat' dir='ltr'><strong>imm.</strong></span> 
     </span>
    </p>
   </div>
   <div class='ocr_carea' id='block_1_49' title="bbox 2316 749 3804 832">
    <p class='ocr_par' dir='ltr' id='par_1_49' title="bbox 2316 749 3804 832">
     <span class='ocr_line' id='line_1_49' title="bbox 2316 749 3804 832; baseline 0.021 -37"><span class='ocrx_word' id='word_1_369' title='bbox 2316 755 2458 832; x_wconf 85' lang='lat' dir='ltr'><strong>mera</strong></span> <span class='ocrx_word' id='word_1_370' title='bbox 2491 755 2744 814; x_wconf 87' lang='lat' dir='ltr'><strong>operatur</strong></span> <span class='ocrx_word' id='word_1_371' title='bbox 2773 749 2933 816; x_wconf 88' lang='lat' dir='ltr'><strong>mala,</strong></span> <span class='ocrx_word' id='word_1_372' title='bbox 2973 751 3221 809; x_wconf 90' lang='lat' dir='ltr'><strong>homines</strong></span> <span class='ocrx_word' id='word_1_373' title='bbox 3247 754 3390 811; x_wconf 82' lang='lat' dir='ltr'><strong>feras</strong></span> <span class='ocrx_word' id='word_1_374' title='bbox 3414 758 3595 828; x_wconf 87' lang='lat' dir='ltr'><strong>reddit,</strong></span> <span class='ocrx_word' id='word_1_375' title='bbox 3618 764 3702 822; x_wconf 86' lang='lat' dir='ltr'><strong>imo</strong></span> <span class='ocrx_word' id='word_1_376' title='bbox 3721 772 3804 832; x_wconf 80' lang='lat' dir='ltr'><strong>leris</strong></span> 
     </span>
    </p>
   </div>
   <div class='ocr_carea' id='block_1_50' title="bbox 2314 831 3804 925">
    <p class='ocr_par' dir='ltr' id='par_1_50' title="bbox 2314 831 3804 925">
     <span class='ocr_line' id='line_1_50' title="bbox 2314 831 3804 925; baseline 0.022 -42"><span class='ocrx_word' id='word_1_377' title='bbox 2314 831 2831 925; x_wconf 79' lang='lat' dir='ltr'><strong>irrationabiliores:</strong></span> <span class='ocrx_word' id='word_1_378' title='bbox 2880 855 3005 894; x_wconf 88' lang='lat' dir='ltr'><strong>nam</strong></span> <span class='ocrx_word' id='word_1_379' title='bbox 3032 858 3153 911; x_wconf 64' lang='lat' dir='ltr'><strong>qua:</strong></span> <span class='ocrx_word' id='word_1_380' title='bbox 3195 845 3247 898; x_wconf 92' lang='lat' dir='ltr'><strong>in</strong></span> <span class='ocrx_word' id='word_1_381' title='bbox 3290 845 3613 907; x_wconf 84' lang='lat' dir='ltr'><strong>diversarum</strong></span> <span class='ocrx_word' id='word_1_382' title='bbox 3637 831 3804 921; x_wconf 64' lang='lat' dir='ltr'><strong>feramur</strong></span> 
     </span>
    </p>
   </div>
   <div class='ocr_carea' id='block_1_51' title="bbox 2315 928 3810 1020">
    <p class='ocr_par' dir='ltr' id='par_1_51' title="bbox 2315 928 3810 1020">
     <span class='ocr_line' id='line_1_51' title="bbox 2315 928 3810 1020; baseline 0.019 -44"><span class='ocrx_word' id='word_1_383' title='bbox 2315 933 2503 977; x_wconf 87' lang='lat' dir='ltr'><strong>natura</strong></span> <span class='ocrx_word' id='word_1_384' title='bbox 2549 937 2705 1020; x_wconf 81' lang='lat' dir='ltr'><strong>sunt,</strong></span> <span class='ocrx_word' id='word_1_385' title='bbox 2758 928 2855 984; x_wconf 77' lang='lat' dir='ltr'><strong>illa</strong></span> <span class='ocrx_word' id='word_1_386' title='bbox 2884 946 3029 1002; x_wconf 82' lang='lat' dir='ltr'><strong>saepe</strong></span> <span class='ocrx_word' id='word_1_387' title='bbox 3076 934 3129 988; x_wconf 90' lang='lat' dir='ltr'><strong>in</strong></span> <span class='ocrx_word' id='word_1_388' title='bbox 3179 951 3288 992; x_wconf 91' lang='lat' dir='ltr'><strong>uno</strong></span> <span class='ocrx_word' id='word_1_389' title='bbox 3324 937 3537 998; x_wconf 86' lang='lat' dir='ltr'><strong>homine</strong></span> <span class='ocrx_word' id='word_1_390' title='bbox 3560 946 3810 1020; x_wconf 54' lang='lat' dir='ltr'><strong>colligit,“</strong></span> 
     </span>
    </p>
   </div>
   <div class='ocr_carea' id='block_1_52' title="bbox 2313 1018 3808 1109">
    <p class='ocr_par' dir='ltr' id='par_1_52' title="bbox 2313 1018 3808 1109">
     <span class='ocr_line' id='line_1_52' title="bbox 2313 1018 3808 1109; baseline 0.02 -40"><span class='ocrx_word' id='word_1_391' title='bbox 2313 1025 2480 1109; x_wconf 88' lang='lat' dir='ltr'><strong>totum</strong></span> <span class='ocrx_word' id='word_1_392' title='bbox 2504 1018 2782 1075; x_wconf 87' lang='lat' dir='ltr'><strong>subvertit.</strong></span> <span class='ocrx_word' id='word_1_393' title='bbox 2808 1023 2933 1078; x_wconf 89' lang='lat' dir='ltr'><strong>Ideo</strong></span> <span class='ocrx_word' id='word_1_394' title='bbox 2959 1024 3126 1082; x_wconf 81' lang='lat' dir='ltr'><strong>fatum</strong></span> <span class='ocrx_word' id='word_1_395' title='bbox 3148 1029 3445 1087; x_wconf 80' lang='lat' dir='ltr'><strong>introduxit</strong></span> <span class='ocrx_word' id='word_1_396' title='bbox 3461 1018 3708 1099; x_wconf 67' lang='lat' dir='ltr'><strong>diabolus:</strong></span> <span class='ocrx_word' id='word_1_397' title='bbox 3727 1018 3808 1109; x_wconf 64' lang='lat' dir='ltr'><strong>ideo</strong></span> 
     </span>
    </p>
   </div>
   <div class='ocr_carea' id='block_1_53' title="bbox 2310 1108 3813 1197">
    <p class='ocr_par' dir='ltr' id='par_1_53' title="bbox 2310 1108 3813 1197">
     <span class='ocr_line' id='line_1_53' title="bbox 2310 1108 3813 1197; baseline 0.025 -37"><span class='ocrx_word' id='word_1_398' title='bbox 2310 1108 2425 1163; x_wconf 90' lang='lat' dir='ltr'><strong>sine</strong></span> <span class='ocrx_word' id='word_1_399' title='bbox 2471 1112 2805 1178; x_wconf 84' lang='lat' dir='ltr'><strong>providentia</strong></span> <span class='ocrx_word' id='word_1_400' title='bbox 2856 1116 3110 1173; x_wconf 90' lang='lat' dir='ltr'><strong>mundum</strong></span> <span class='ocrx_word' id='word_1_401' title='bbox 3155 1122 3267 1192; x_wconf 84' lang='lat' dir='ltr'><strong>regi</strong></span> <span class='ocrx_word' id='word_1_402' title='bbox 3306 1122 3444 1178; x_wconf 83' lang='lat' dir='ltr'><strong>dixit</strong></span> <span class='ocrx_word' id='word_1_403' title='bbox 3480 1142 3495 1179; x_wconf 87' lang='lat'><strong>:</strong></span> <span class='ocrx_word' id='word_1_404' title='bbox 3526 1127 3633 1186; x_wconf 89' lang='lat' dir='ltr'><strong>ideo</strong></span> <span class='ocrx_word' id='word_1_405' title='bbox 3656 1108 3813 1197; x_wconf 75' lang='lat' dir='ltr'><strong>naturas</strong></span> 
     </span>
    </p>
   </div>
   <div class='ocr_carea' id='block_1_54' title="bbox 2310 1201 3810 1299">
    <p class='ocr_par' dir='ltr' id='par_1_54' title="bbox 2310 1201 3810 1299">
     <span class='ocr_line' id='line_1_54' title="bbox 2310 1201 3810 1299; baseline 0.023 -48"><span class='ocrx_word' id='word_1_406' title='bbox 2310 1201 2458 1267; x_wconf 89' lang='lat' dir='ltr'><strong>ponit</strong></span> <span class='ocrx_word' id='word_1_407' title='bbox 2503 1201 2670 1257; x_wconf 89' lang='lat' dir='ltr'><strong>bonas</strong></span> <span class='ocrx_word' id='word_1_408' title='bbox 2698 1215 2751 1259; x_wconf 92' lang='lat' dir='ltr'><strong>et</strong></span> <span class='ocrx_word' id='word_1_409' title='bbox 2779 1207 2945 1262; x_wconf 91' lang='lat' dir='ltr'><strong>malas</strong></span> <span class='ocrx_word' id='word_1_410' title='bbox 2971 1227 2983 1261; x_wconf 89' lang='lat'><strong>:</strong></span> <span class='ocrx_word' id='word_1_411' title='bbox 3017 1210 3217 1266; x_wconf 89' lang='lat' dir='ltr'><strong>ideirco</strong></span> <span class='ocrx_word' id='word_1_412' title='bbox 3260 1214 3458 1269; x_wconf 86' lang='lat' dir='ltr'><strong>malum</strong></span> <span class='ocrx_word' id='word_1_413' title='bbox 3488 1218 3597 1274; x_wconf 87' lang='lat' dir='ltr'><strong>sine</strong></span> <span class='ocrx_word' id='word_1_414' title='bbox 3619 1227 3810 1299; x_wconf 88' lang='lat' dir='ltr'><strong>principio</strong></span> 
     </span>
    </p>
   </div>
   <div class='ocr_carea' id='block_1_55' title="bbox 2308 1296 3814 1381">
    <p class='ocr_par' dir='ltr' id='par_1_55' title="bbox 2308 1296 3814 1381">
     <span class='ocr_line' id='line_1_55' title="bbox 2308 1296 3814 1381; baseline 0.014 -37"><span class='ocrx_word' id='word_1_415' title='bbox 2308 1301 2363 1345; x_wconf 88' lang='lat' dir='ltr'><strong>et</strong></span> <span class='ocrx_word' id='word_1_416' title='bbox 2406 1296 2682 1350; x_wconf 88' lang='lat' dir='ltr'><strong>materiale</strong></span> <span class='ocrx_word' id='word_1_417' title='bbox 2712 1303 2998 1368; x_wconf 90' lang='lat' dir='ltr'><strong>supponit:</strong></span> <span class='ocrx_word' id='word_1_418' title='bbox 3028 1302 3229 1358; x_wconf 90' lang='lat' dir='ltr'><strong>idcirco</strong></span> <span class='ocrx_word' id='word_1_419' title='bbox 3258 1304 3391 1362; x_wconf 90' lang='lat' dir='ltr'><strong>nihil</strong></span> <span class='ocrx_word' id='word_1_420' title='bbox 3418 1322 3523 1362; x_wconf 88' lang='lat' dir='ltr'><strong>non</strong></span> <span class='ocrx_word' id='word_1_421' title='bbox 3550 1314 3677 1381; x_wconf 79' lang='lat' dir='ltr'><strong>agit,</strong></span> <span class='ocrx_word' id='word_1_422' title='bbox 3701 1296 3814 1375; x_wconf 45' lang='lat' dir='ltr'><strong>Ill-Vl.</strong></span> 
     </span>
    </p>
   </div>
   <div class='ocr_carea' id='block_1_56' title="bbox 2308 1392 3812 1475">
    <p class='ocr_par' dir='ltr' id='par_1_56' title="bbox 2308 1392 3812 1475">
     <span class='ocr_line' id='line_1_56' title="bbox 2308 1392 3812 1475; baseline 0.018 -38"><span class='ocrx_word' id='word_1_423' title='bbox 2308 1392 2414 1437; x_wconf 91' lang='lat' dir='ltr'><strong>tam</strong></span> <span class='ocrx_word' id='word_1_424' title='bbox 2443 1395 2680 1440; x_wconf 92' lang='lat' dir='ltr'><strong>nostram</strong></span> <span class='ocrx_word' id='word_1_425' title='bbox 2703 1402 3030 1460; x_wconf 90' lang='lat' dir='ltr'><strong>corrumpat.</strong></span> <span class='ocrx_word' id='word_1_426' title='bbox 3058 1392 3244 1463; x_wconf 88' lang='lat' dir='ltr'><strong>Neque</strong></span> <span class='ocrx_word' id='word_1_427' title='bbox 3267 1397 3410 1451; x_wconf 90' lang='lat' dir='ltr'><strong>enim</strong></span> <span class='ocrx_word' id='word_1_428' title='bbox 3441 1397 3554 1455; x_wconf 85' lang='lat' dir='ltr'><strong>ﬁeri</strong></span> <span class='ocrx_word' id='word_1_429' title='bbox 3578 1415 3752 1475; x_wconf 87' lang='lat' dir='ltr'><strong>potest,</strong></span> <span class='ocrx_word' id='word_1_430' title='bbox 3776 1426 3812 1467; x_wconf 84' lang='lat' dir='ltr'><strong>ut</strong></span> 
     </span>
    </p>
   </div>
   <div class='ocr_carea' id='block_1_57' title="bbox 2306 1474 3819 1560">
    <p class='ocr_par' dir='ltr' id='par_1_57' title="bbox 2306 1474 3819 1560">
     <span class='ocr_line' id='line_1_57' title="bbox 2306 1474 3819 1560; baseline 0.019 -33"><span class='ocrx_word' id='word_1_431' title='bbox 2306 1474 2353 1528; x_wconf 90' lang='lat' dir='ltr'><strong>is</strong></span> <span class='ocrx_word' id='word_1_432' title='bbox 2372 1516 2387 1540; x_wconf 96' lang='lat'><strong>,</strong></span> <span class='ocrx_word' id='word_1_433' title='bbox 2416 1476 2506 1544; x_wconf 92' lang='lat' dir='ltr'><strong>qui</strong></span> <span class='ocrx_word' id='word_1_434' title='bbox 2545 1477 2635 1531; x_wconf 89' lang='lat' dir='ltr'><strong>tali</strong></span> <span class='ocrx_word' id='word_1_435' title='bbox 2666 1479 2825 1533; x_wconf 88' lang='lat' dir='ltr'><strong>modo</strong></span> <span class='ocrx_word' id='word_1_436' title='bbox 2855 1481 3024 1549; x_wconf 89' lang='lat' dir='ltr'><strong>vivit,</strong></span> <span class='ocrx_word' id='word_1_437' title='bbox 3054 1484 3133 1539; x_wconf 92' lang='lat' dir='ltr'><strong>vel</strong></span> <span class='ocrx_word' id='word_1_438' title='bbox 3161 1500 3192 1541; x_wconf 87' lang='lat' dir='ltr'><strong>a</strong></span> <span class='ocrx_word' id='word_1_439' title='bbox 3220 1487 3401 1555; x_wconf 86' lang='lat' dir='ltr'><strong>pravis</strong></span> <span class='ocrx_word' id='word_1_440' title='bbox 3429 1474 3819 1560; x_wconf 14' lang='lat' dir='ltr'><strong>dogmatibusrreo</strong></span> 
     </span>
    </p>
   </div>
   <div class='ocr_carea' id='block_1_58' title="bbox 2305 1565 3815 1647">
    <p class='ocr_par' dir='ltr' id='par_1_58' title="bbox 2305 1565 3815 1647">
     <span class='ocr_line' id='line_1_58' title="bbox 2305 1565 3815 1647; baseline 0.019 -30"><span class='ocrx_word' id='word_1_441' title='bbox 2305 1565 2449 1619; x_wconf 92' lang='lat' dir='ltr'><strong>siliat</strong></span> <span class='ocrx_word' id='word_1_442' title='bbox 2474 1608 2489 1632; x_wconf 93' lang='lat'><strong>,</strong></span> <span class='ocrx_word' id='word_1_443' title='bbox 2521 1569 2603 1622; x_wconf 90' lang='lat' dir='ltr'><strong>vel</strong></span> <span class='ocrx_word' id='word_1_444' title='bbox 2634 1569 2685 1623; x_wconf 92' lang='lat' dir='ltr'><strong>in</strong></span> <span class='ocrx_word' id='word_1_445' title='bbox 2714 1585 2843 1625; x_wconf 87' lang='lat' dir='ltr'><strong>sana</strong></span> <span class='ocrx_word' id='word_1_446' title='bbox 2873 1572 2977 1628; x_wconf 86' lang='lat' dir='ltr'><strong>fide</strong></span> <span class='ocrx_word' id='word_1_447' title='bbox 3002 1586 3254 1643; x_wconf 90' lang='lat' dir='ltr'><strong>maneat;</strong></span> <span class='ocrx_word' id='word_1_448' title='bbox 3299 1578 3395 1633; x_wconf 91' lang='lat' dir='ltr'><strong>sed</strong></span> <span class='ocrx_word' id='word_1_449' title='bbox 3422 1588 3704 1642; x_wconf 88' lang='lat' dir='ltr'><strong>necessario</strong></span> <span class='ocrx_word' id='word_1_450' title='bbox 3737 1590 3815 1647; x_wconf 65' lang='lat' dir='ltr'><strong>haec</strong></span> 
     </span>
    </p>
   </div>
   <div class='ocr_carea' id='block_1_59' title="bbox 2303 1661 3819 1744">
    <p class='ocr_par' dir='ltr' id='par_1_59' title="bbox 2303 1661 3819 1744">
     <span class='ocr_line' id='line_1_59' title="bbox 2303 1661 3819 1744; baseline 0.018 -33"><span class='ocrx_word' id='word_1_451' title='bbox 2303 1670 2562 1715; x_wconf 87' lang='lat' dir='ltr'><strong>assumet.</strong></span> <span class='ocrx_word' id='word_1_452' title='bbox 2593 1661 2709 1717; x_wconf 87' lang='lat' dir='ltr'><strong>Non</strong></span> <span class='ocrx_word' id='word_1_453' title='bbox 2736 1675 2863 1733; x_wconf 90' lang='lat' dir='ltr'><strong>puto</strong></span> <span class='ocrx_word' id='word_1_454' title='bbox 2906 1668 3051 1721; x_wconf 89' lang='lat' dir='ltr'><strong>enim</strong></span> <span class='ocrx_word' id='word_1_455' title='bbox 3098 1671 3401 1739; x_wconf 89' lang='lat' dir='ltr'><strong>quempiam</strong></span> <span class='ocrx_word' id='word_1_456' title='bbox 3435 1677 3652 1743; x_wconf 88' lang='lat' dir='ltr'><strong>reperiri</strong></span> <span class='ocrx_word' id='word_1_457' title='bbox 3671 1695 3722 1734; x_wconf 75' lang='lat' dir='ltr'><strong>es</strong></span> <span class='ocrx_word' id='word_1_458' title='bbox 3742 1684 3819 1744; x_wconf 85' lang='lat' dir='ltr'><strong>iis.</strong></span> 
     </span>
    </p>
   </div>
   <div class='ocr_carea' id='block_1_60' title="bbox 2301 1753 3821 1832">
    <p class='ocr_par' dir='ltr' id='par_1_60' title="bbox 2301 1753 3821 1832">
     <span class='ocr_line' id='line_1_60' title="bbox 2301 1753 3821 1832; baseline 0.016 -26"><span class='ocrx_word' id='word_1_459' title='bbox 2301 1753 2389 1821; x_wconf 90' lang='lat' dir='ltr'><strong>qui</strong></span> <span class='ocrx_word' id='word_1_460' title='bbox 2438 1769 2543 1809; x_wconf 94' lang='lat' dir='ltr'><strong>nou</strong></span> <span class='ocrx_word' id='word_1_461' title='bbox 2602 1768 2749 1813; x_wconf 88' lang='lat' dir='ltr'><strong>recte</strong></span> <span class='ocrx_word' id='word_1_462' title='bbox 2790 1759 3007 1828; x_wconf 86' lang='lat' dir='ltr'><strong>vivunt,</strong></span> <span class='ocrx_word' id='word_1_463' title='bbox 3035 1764 3125 1832; x_wconf 92' lang='lat' dir='ltr'><strong>qui</strong></span> <span class='ocrx_word' id='word_1_464' title='bbox 3168 1779 3276 1818; x_wconf 88' lang='lat' dir='ltr'><strong>non</strong></span> <span class='ocrx_word' id='word_1_465' title='bbox 3319 1765 3486 1819; x_wconf 87' lang='lat' dir='ltr'><strong>millia</strong></span> <span class='ocrx_word' id='word_1_466' title='bbox 3513 1772 3721 1827; x_wconf 89' lang='lat' dir='ltr'><strong>satanica</strong></span> <span class='ocrx_word' id='word_1_467' title='bbox 3744 1792 3821 1831; x_wconf 67' lang='lat' dir='ltr'><strong>me</strong></span> 
     </span>
    </p>
   </div>
   <div class='ocr_carea' id='block_1_61' title="bbox 2299 1844 3825 1922">
    <p class='ocr_par' dir='ltr' id='par_1_61' title="bbox 2299 1844 3825 1922">
     <span class='ocr_line' id='line_1_61' title="bbox 2299 1844 3825 1922; baseline 0.016 -26"><span class='ocrx_word' id='word_1_468' title='bbox 2299 1844 2530 1910; x_wconf 89' lang='lat' dir='ltr'><strong>ditetur;</strong></span> <span class='ocrx_word' id='word_1_469' title='bbox 2559 1848 2706 1901; x_wconf 90' lang='lat' dir='ltr'><strong>verbi</strong></span> <span class='ocrx_word' id='word_1_470' title='bbox 2737 1850 2904 1919; x_wconf 89' lang='lat' dir='ltr'><strong>gratia</strong></span> <span class='ocrx_word' id='word_1_471' title='bbox 2926 1891 2942 1917; x_wconf 95' lang='lat'><strong>,</strong></span> <span class='ocrx_word' id='word_1_472' title='bbox 2972 1852 3137 1907; x_wconf 87' lang='lat' dir='ltr'><strong>fatum</strong></span> <span class='ocrx_word' id='word_1_473' title='bbox 3163 1869 3285 1909; x_wconf 91' lang='lat' dir='ltr'><strong>esse</strong></span> <span class='ocrx_word' id='word_1_474' title='bbox 3310 1897 3325 1920; x_wconf 95' lang='lat'><strong>,</strong></span> <span class='ocrx_word' id='word_1_475' title='bbox 3354 1870 3442 1910; x_wconf 88' lang='lat' dir='ltr'><strong>res</strong></span> <span class='ocrx_word' id='word_1_476' title='bbox 3471 1871 3652 1915; x_wconf 87' lang='lat' dir='ltr'><strong>omnes</strong></span> <span class='ocrx_word' id='word_1_477' title='bbox 3670 1873 3825 1922; x_wconf 77' lang='lat' dir='ltr'><strong>temere</strong></span> 
     </span>
    </p>
   </div>
   <div class='ocr_carea' id='block_1_62' title="bbox 2301 1936 3822 2021">
    <p class='ocr_par' dir='ltr' id='par_1_62' title="bbox 2301 1936 3822 2021">
     <span class='ocr_line' id='line_1_62' title="bbox 2301 1936 3822 2021; baseline 0.015 -31"><span class='ocrx_word' id='word_1_478' title='bbox 2301 1936 2466 2005; x_wconf 86' lang='lat' dir='ltr'><strong>ferri,</strong></span> <span class='ocrx_word' id='word_1_479' title='bbox 2518 1942 2823 2008; x_wconf 83' lang='lat' dir='ltr'><strong>permixtim</strong></span> <span class='ocrx_word' id='word_1_480' title='bbox 2869 1952 2925 1998; x_wconf 92' lang='lat' dir='ltr'><strong>et</strong></span> <span class='ocrx_word' id='word_1_481' title='bbox 2970 1946 3194 2002; x_wconf 89' lang='lat' dir='ltr'><strong>confuse</strong></span> <span class='ocrx_word' id='word_1_482' title='bbox 3240 1949 3421 2003; x_wconf 89' lang='lat' dir='ltr'><strong>omnia</strong></span> <span class='ocrx_word' id='word_1_483' title='bbox 3466 1951 3659 2021; x_wconf 85' lang='lat' dir='ltr'><strong>jacere.</strong></span> <span class='ocrx_word' id='word_1_484' title='bbox 3703 1957 3822 2021; x_wconf 85' lang='lat' dir='ltr'><strong>Ideo,</strong></span> 
     </span>
    </p>
   </div>
   <div class='ocr_carea' id='block_1_63' title="bbox 2300 2027 3826 2107">
    <p class='ocr_par' dir='ltr' id='par_1_63' title="bbox 2300 2027 3826 2107">
     <span class='ocr_line' id='line_1_63' title="bbox 2300 2027 3826 2107; baseline 0.014 -27"><span class='ocrx_word' id='word_1_485' title='bbox 2300 2027 2567 2096; x_wconf 90' lang='lat' dir='ltr'><strong>obsecro,</strong></span> <span class='ocrx_word' id='word_1_486' title='bbox 2613 2032 2737 2086; x_wconf 64' lang='lat' dir='ltr'><strong>vita:</strong></span> <span class='ocrx_word' id='word_1_487' title='bbox 2785 2034 2967 2102; x_wconf 69' lang='lat' dir='ltr'><strong>proba:</strong></span> <span class='ocrx_word' id='word_1_488' title='bbox 3013 2050 3197 2091; x_wconf 89' lang='lat' dir='ltr'><strong>curam</strong></span> <span class='ocrx_word' id='word_1_489' title='bbox 3248 2038 3582 2107; x_wconf 86' lang='lat' dir='ltr'><strong>habeamus,</strong></span> <span class='ocrx_word' id='word_1_490' title='bbox 3632 2062 3694 2101; x_wconf 87' lang='lat' dir='ltr'><strong>ne</strong></span> <span class='ocrx_word' id='word_1_491' title='bbox 3726 2052 3826 2102; x_wconf 71' lang='lat' dir='ltr'><strong>mala</strong></span> 
     </span>
    </p>
   </div>
   <div class='ocr_carea' id='block_1_64' title="bbox 2299 2119 3829 2206">
    <p class='ocr_par' dir='ltr' id='par_1_64' title="bbox 2299 2119 3829 2206">
     <span class='ocr_line' id='line_1_64' title="bbox 2299 2119 3829 2206; baseline 0.014 -34"><span class='ocrx_word' id='word_1_492' title='bbox 2299 2119 2654 2188; x_wconf 89' lang='lat' dir='ltr'><strong>suscipiamus</strong></span> <span class='ocrx_word' id='word_1_493' title='bbox 2684 2122 2954 2193; x_wconf 88' lang='lat' dir='ltr'><strong>dogmata.</strong></span> <span class='ocrx_word' id='word_1_494' title='bbox 3002 2124 3132 2181; x_wconf 89' lang='lat' dir='ltr'><strong>Cain</strong></span> <span class='ocrx_word' id='word_1_495' title='bbox 3165 2128 3217 2181; x_wconf 91' lang='lat' dir='ltr'><strong>in</strong></span> <span class='ocrx_word' id='word_1_496' title='bbox 3265 2130 3529 2186; x_wconf 92' lang='lat' dir='ltr'><strong>ultionem</strong></span> <span class='ocrx_word' id='word_1_497' title='bbox 3559 2138 3766 2206; x_wconf 88' lang='lat' dir='ltr'><strong>accepit,</strong></span> <span class='ocrx_word' id='word_1_498' title='bbox 3792 2155 3829 2193; x_wconf 86' lang='lat' dir='ltr'><strong>ut</strong></span> 
     </span>
    </p>
   </div>
   <div class='ocr_carea' id='block_1_65' title="bbox 2297 2208 3824 2296">
    <p class='ocr_par' dir='ltr' id='par_1_65' title="bbox 2297 2208 3824 2296">
     <span class='ocr_line' id='line_1_65' title="bbox 2297 2208 3824 2296; baseline 0.014 -35"><span class='ocrx_word' id='word_1_499' title='bbox 2297 2208 2670 2280; x_wconf 88' lang='lat' dir='ltr'><strong>ingemisceret</strong></span> <span class='ocrx_word' id='word_1_500' title='bbox 2692 2256 2709 2280; x_wconf 97' lang='lat'><strong>,</strong></span> <span class='ocrx_word' id='word_1_501' title='bbox 2741 2223 2796 2268; x_wconf 92' lang='lat' dir='ltr'><strong>et</strong></span> <span class='ocrx_word' id='word_1_502' title='bbox 2825 2223 3098 2272; x_wconf 90' lang='lat' dir='ltr'><strong>tremeret.</strong></span> <span class='ocrx_word' id='word_1_503' title='bbox 3147 2218 3305 2274; x_wconf 89' lang='lat' dir='ltr'><strong>Tales</strong></span> <span class='ocrx_word' id='word_1_504' title='bbox 3333 2232 3460 2276; x_wconf 90' lang='lat' dir='ltr'><strong>sunt</strong></span> <span class='ocrx_word' id='word_1_505' title='bbox 3504 2225 3744 2296; x_wconf 90' lang='lat' dir='ltr'><strong>improbi,</strong></span> <span class='ocrx_word' id='word_1_506' title='bbox 3766 2231 3824 2283; x_wconf 83' lang='lat' dir='ltr'><strong>iu-</strong></span> 
     </span>
    </p>
   </div>
   <div class='ocr_carea' id='block_1_66' title="bbox 2297 2305 3833 2384">
    <p class='ocr_par' dir='ltr' id='par_1_66' title="bbox 2297 2305 3833 2384">
     <span class='ocr_line' id='line_1_66' title="bbox 2297 2305 3833 2384; baseline 0.014 -31"><span class='ocrx_word' id='word_1_507' title='bbox 2297 2315 2643 2358; x_wconf 90' lang='lat' dir='ltr'><strong>numerorum</strong></span> <span class='ocrx_word' id='word_1_508' title='bbox 2689 2305 2793 2359; x_wconf 85' lang='lat' dir='ltr'><strong>sibi</strong></span> <span class='ocrx_word' id='word_1_509' title='bbox 2829 2307 3091 2362; x_wconf 88' lang='lat' dir='ltr'><strong>malorum</strong></span> <span class='ocrx_word' id='word_1_510' title='bbox 3135 2312 3337 2366; x_wconf 85' lang='lat' dir='ltr'><strong>conscii</strong></span> <span class='ocrx_word' id='word_1_511' title='bbox 3366 2329 3379 2366; x_wconf 90' lang='lat'>:</span> <span class='ocrx_word' id='word_1_512' title='bbox 3409 2328 3557 2384; x_wconf 68' lang='lat' dir='ltr'><strong>saepe</strong></span> <span class='ocrx_word' id='word_1_513' title='bbox 3595 2333 3657 2372; x_wconf 80' lang='lat' dir='ltr'><strong>cx</strong></span> <span class='ocrx_word' id='word_1_514' title='bbox 3691 2335 3833 2375; x_wconf 88' lang='lat' dir='ltr'><strong>somno</strong></span> 
     </span>
    </p>
   </div>
   <div class='ocr_carea' id='block_1_67' title="bbox 2295 2392 3833 2477">
    <p class='ocr_par' dir='ltr' id='par_1_67' title="bbox 2295 2392 3833 2477">
     <span class='ocr_line' id='line_1_67' title="bbox 2295 2392 3833 2477; baseline 0.014 -32"><span class='ocrx_word' id='word_1_515' title='bbox 2295 2392 2568 2460; x_wconf 80' lang='lat' dir='ltr'><strong>exsiliunt,</strong></span> <span class='ocrx_word' id='word_1_516' title='bbox 2595 2396 2913 2453; x_wconf 57' lang='lat' dir='ltr'><strong>turbulenta</strong></span> <span class='ocrx_word' id='word_1_517' title='bbox 2937 2410 3062 2454; x_wconf 93' lang='lat' dir='ltr'><strong>sunt</strong></span> <span class='ocrx_word' id='word_1_518' title='bbox 3087 2399 3443 2472; x_wconf 87' lang='lat' dir='ltr'><strong>cogitationes</strong></span> <span class='ocrx_word' id='word_1_519' title='bbox 3463 2422 3665 2477; x_wconf 87' lang='lat' dir='ltr'><strong>eorum,</strong></span> <span class='ocrx_word' id='word_1_520' title='bbox 3686 2412 3833 2466; x_wconf 75' lang='lat' dir='ltr'><strong>turbati</strong></span> 
     </span>
    </p>
   </div>
   <div class='ocr_carea' id='block_1_68' title="bbox 2294 2482 3837 2570">
    <p class='ocr_par' dir='ltr' id='par_1_68' title="bbox 2294 2482 3837 2570">
     <span class='ocr_line' id='line_1_68' title="bbox 2294 2482 3837 2570; baseline 0.015 -35"><span class='ocrx_word' id='word_1_521' title='bbox 2294 2482 2433 2537; x_wconf 91' lang='lat' dir='ltr'><strong>oculi</strong></span> <span class='ocrx_word' id='word_1_522' title='bbox 2455 2525 2470 2549; x_wconf 90' lang='lat'><strong>,</strong></span> <span class='ocrx_word' id='word_1_523' title='bbox 2500 2488 2679 2540; x_wconf 89' lang='lat' dir='ltr'><strong>omnia</strong></span> <span class='ocrx_word' id='word_1_524' title='bbox 2708 2488 3017 2558; x_wconf 90' lang='lat' dir='ltr'><strong>suspicione</strong></span> <span class='ocrx_word' id='word_1_525' title='bbox 3082 2493 3235 2561; x_wconf 91' lang='lat' dir='ltr'><strong>plena</strong></span> <span class='ocrx_word' id='word_1_526' title='bbox 3262 2536 3279 2561; x_wconf 91' lang='lat'><strong>,</strong></span> <span class='ocrx_word' id='word_1_527' title='bbox 3310 2505 3527 2553; x_wconf 86' lang='lat' dir='ltr'><strong>terrore</strong></span> <span class='ocrx_word' id='word_1_528' title='bbox 3549 2540 3566 2565; x_wconf 97' lang='lat'><strong>,</strong></span> <span class='ocrx_word' id='word_1_529' title='bbox 3610 2504 3741 2570; x_wconf 79' lang='lat' dir='ltr'><strong>gravi</strong></span> <span class='ocrx_word' id='word_1_530' title='bbox 3767 2521 3837 2557; x_wconf 86' lang='lat' dir='ltr'><strong>cx-</strong></span> 
     </span>
    </p>
   </div>
   <div class='ocr_carea' id='block_1_69' title="bbox 2294 2576 3834 2653">
    <p class='ocr_par' dir='ltr' id='par_1_69' title="bbox 2294 2576 3834 2653">
     <span class='ocr_line' id='line_1_69' title="bbox 2294 2576 3834 2653; baseline 0.013 -25"><span class='ocrx_word' id='word_1_531' title='bbox 2294 2576 2628 2644; x_wconf 88' lang='lat' dir='ltr'><strong>spectatione</strong></span> <span class='ocrx_word' id='word_1_532' title='bbox 2651 2619 2666 2642; x_wconf 92' lang='lat'><strong>,</strong></span> <span class='ocrx_word' id='word_1_533' title='bbox 2696 2589 2841 2634; x_wconf 92' lang='lat' dir='ltr'><strong>metu</strong></span> <span class='ocrx_word' id='word_1_534' title='bbox 2882 2581 3038 2651; x_wconf 89' lang='lat' dir='ltr'><strong>plena</strong></span> <span class='ocrx_word' id='word_1_535' title='bbox 3059 2584 3258 2653; x_wconf 90' lang='lat' dir='ltr'><strong>anima,</strong></span> <span class='ocrx_word' id='word_1_536' title='bbox 3293 2586 3587 2645; x_wconf 88' lang='lat' dir='ltr'><strong>formidine</strong></span> <span class='ocrx_word' id='word_1_537' title='bbox 3614 2602 3665 2646; x_wconf 90' lang='lat' dir='ltr'><strong>et</strong></span> <span class='ocrx_word' id='word_1_538' title='bbox 3691 2594 3834 2649; x_wconf 81' lang='lat' dir='ltr'><strong>timore</strong></span> 
     </span>
    </p>
   </div>
   <div class='ocr_carea' id='block_1_70' title="bbox 2294 2667 3839 2749">
    <p class='ocr_par' dir='ltr' id='par_1_70' title="bbox 2294 2667 3839 2749">
     <span class='ocr_line' id='line_1_70' title="bbox 2294 2667 3839 2749; baseline 0.014 -29"><span class='ocrx_word' id='word_1_539' title='bbox 2294 2667 2584 2734; x_wconf 89' lang='lat' dir='ltr'><strong>subversa,</strong></span> <span class='ocrx_word' id='word_1_540' title='bbox 2631 2670 2884 2727; x_wconf 90' lang='lat' dir='ltr'><strong>inhabilis</strong></span> <span class='ocrx_word' id='word_1_541' title='bbox 2928 2685 3028 2729; x_wconf 92' lang='lat' dir='ltr'><strong>est.</strong></span> <span class='ocrx_word' id='word_1_542' title='bbox 3072 2676 3214 2731; x_wconf 87' lang='lat' dir='ltr'><strong>Nihil</strong></span> <span class='ocrx_word' id='word_1_543' title='bbox 3264 2678 3352 2733; x_wconf 89' lang='lat' dir='ltr'><strong>tali</strong></span> <span class='ocrx_word' id='word_1_544' title='bbox 3404 2681 3591 2737; x_wconf 89' lang='lat' dir='ltr'><strong>anima</strong></span> <span class='ocrx_word' id='word_1_545' title='bbox 3631 2686 3839 2749; x_wconf 75' lang='lat' dir='ltr'><strong>mollius,</strong></span> 
     </span>
    </p>
   </div>
   <div class='ocr_carea' id='block_1_71' title="bbox 2296 2758 3837 2831">
    <p class='ocr_par' dir='ltr' id='par_1_71' title="bbox 2296 2758 3837 2831">
     <span class='ocr_line' id='line_1_71' title="bbox 2296 2758 3837 2831; baseline 0.012 -20"><span class='ocrx_word' id='word_1_546' title='bbox 2296 2758 2431 2813; x_wconf 89' lang='lat' dir='ltr'><strong>nihil</strong></span> <span class='ocrx_word' id='word_1_547' title='bbox 2472 2759 2831 2831; x_wconf 90' lang='lat' dir='ltr'><strong>insipientius.</strong></span> <span class='ocrx_word' id='word_1_548' title='bbox 2882 2765 3035 2820; x_wconf 90' lang='lat' dir='ltr'><strong>Sicut</strong></span> <span class='ocrx_word' id='word_1_549' title='bbox 3057 2766 3248 2823; x_wconf 79' lang='lat' dir='ltr'><strong>furiosi</strong></span> <span class='ocrx_word' id='word_1_550' title='bbox 3282 2785 3390 2826; x_wconf 91' lang='lat' dir='ltr'><strong>non</strong></span> <span class='ocrx_word' id='word_1_551' title='bbox 3419 2782 3571 2828; x_wconf 87' lang='lat' dir='ltr'><strong>stant</strong></span> <span class='ocrx_word' id='word_1_552' title='bbox 3599 2775 3650 2829; x_wconf 91' lang='lat' dir='ltr'><strong>in</strong></span> <span class='ocrx_word' id='word_1_553' title='bbox 3683 2787 3837 2831; x_wconf 86' lang='lat' dir='ltr'><strong>semet-</strong></span> 
     </span>
    </p>
   </div>
   <div class='ocr_carea' id='block_1_72' title="bbox 2291 2850 3843 2937">
    <p class='ocr_par' dir='ltr' id='par_1_72' title="bbox 2291 2850 3843 2937">
     <span class='ocr_line' id='line_1_72' title="bbox 2291 2850 3843 2937; baseline 0.014 -35"><span class='ocrx_word' id='word_1_554' title='bbox 2291 2850 2444 2919; x_wconf 88' lang='lat' dir='ltr'><strong>ipsis,</strong></span> <span class='ocrx_word' id='word_1_555' title='bbox 2494 2853 2574 2907; x_wconf 91' lang='lat' dir='ltr'><strong>sic</strong></span> <span class='ocrx_word' id='word_1_556' title='bbox 2612 2864 2667 2908; x_wconf 91' lang='lat' dir='ltr'><strong>et</strong></span> <span class='ocrx_word' id='word_1_557' title='bbox 2705 2854 2792 2908; x_wconf 90' lang='lat' dir='ltr'><strong>illa</strong></span> <span class='ocrx_word' id='word_1_558' title='bbox 2823 2856 3107 2912; x_wconf 90' lang='lat' dir='ltr'><strong>instabilis.</strong></span> <span class='ocrx_word' id='word_1_559' title='bbox 3149 2860 3512 2926; x_wconf 87' lang='lat' dir='ltr'><strong>Quandonam</strong></span> <span class='ocrx_word' id='word_1_560' title='bbox 3552 2880 3680 2937; x_wconf 85' lang='lat' dir='ltr'><strong>ergo</strong></span> <span class='ocrx_word' id='word_1_561' title='bbox 3706 2868 3781 2921; x_wconf 81' lang='lat' dir='ltr'><strong>illa</strong></span> <span class='ocrx_word' id='word_1_562' title='bbox 3808 2869 3843 2921; x_wconf 86' lang='lat' dir='ltr'><strong>in</strong></span> 
     </span>
    </p>
   </div>
   <div class='ocr_carea' id='block_1_73' title="bbox 2287 2948 3839 3026">
    <p class='ocr_par' dir='ltr' id='par_1_73' title="bbox 2287 2948 3839 3026">
     <span class='ocr_line' id='line_1_73' title="bbox 2287 2948 3839 3026; baseline 0.009 -30"><span class='ocrx_word' id='word_1_563' title='bbox 2287 2956 2507 2999; x_wconf 89' lang='lat' dir='ltr'><strong>sensum</strong></span> <span class='ocrx_word' id='word_1_564' title='bbox 2533 2955 2696 3002; x_wconf 88' lang='lat' dir='ltr'><strong>tantae</strong></span> <span class='ocrx_word' id='word_1_565' title='bbox 2721 2948 2965 3020; x_wconf 85' lang='lat' dir='ltr'><strong>caliginis</strong></span> <span class='ocrx_word' id='word_1_566' title='bbox 2990 2952 3192 3018; x_wconf 88' lang='lat' dir='ltr'><strong>veniat,</strong></span> <span class='ocrx_word' id='word_1_567' title='bbox 3217 2968 3378 3023; x_wconf 90' lang='lat' dir='ltr'><strong>quam</strong></span> <span class='ocrx_word' id='word_1_568' title='bbox 3402 2958 3700 3026; x_wconf 82' lang='lat' dir='ltr'><strong>optandum</strong></span> <span class='ocrx_word' id='word_1_569' title='bbox 3718 2970 3839 3023; x_wconf 77' lang='lat' dir='ltr'><strong>esset,</strong></span> 
     </span>
    </p>
   </div>
   <div class='ocr_carea' id='block_1_74' title="bbox 2294 3039 3845 3118">
    <p class='ocr_par' dir='ltr' id='par_1_74' title="bbox 2294 3039 3845 3118">
     <span class='ocr_line' id='line_1_74' title="bbox 2294 3039 3845 3118; baseline 0.008 -28"><span class='ocrx_word' id='word_1_570' title='bbox 2294 3039 2676 3108; x_wconf 88' lang='lat' dir='ltr'><strong>tranquillitate</strong></span> <span class='ocrx_word' id='word_1_571' title='bbox 2728 3044 3129 3114; x_wconf 89' lang='lat' dir='ltr'><strong>serenitateque</strong></span> <span class='ocrx_word' id='word_1_572' title='bbox 3179 3044 3457 3102; x_wconf 84' lang='lat' dir='ltr'><strong>fruentem</strong></span> <span class='ocrx_word' id='word_1_573' title='bbox 3480 3090 3498 3114; x_wconf 89' lang='lat'><strong>,</strong></span> <span class='ocrx_word' id='word_1_574' title='bbox 3534 3065 3693 3118; x_wconf 88' lang='lat' dir='ltr'><strong>posse</strong></span> <span class='ocrx_word' id='word_1_575' title='bbox 3731 3067 3845 3105; x_wconf 82' lang='lat' dir='ltr'><strong>suam</strong></span> 
     </span>
    </p>
   </div>
   <div class='ocr_carea' id='block_1_75' title="bbox 2287 3131 3841 3199">
    <p class='ocr_par' dir='ltr' id='par_1_75' title="bbox 2287 3131 3841 3199">
     <span class='ocr_line' id='line_1_75' title="bbox 2287 3131 3841 3199; baseline 0.008 -17"><span class='ocrx_word' id='word_1_576' title='bbox 2287 3143 2580 3199; x_wconf 88' lang='lat' dir='ltr'><strong>agnoscere</strong></span> <span class='ocrx_word' id='word_1_577' title='bbox 2610 3131 2985 3189; x_wconf 87' lang='lat' dir='ltr'><strong>nobilitatem?</strong></span> <span class='ocrx_word' id='word_1_578' title='bbox 3014 3136 3148 3190; x_wconf 89' lang='lat' dir='ltr'><strong>Dum</strong></span> <span class='ocrx_word' id='word_1_579' title='bbox 3174 3147 3353 3192; x_wconf 89' lang='lat' dir='ltr'><strong>autem</strong></span> <span class='ocrx_word' id='word_1_580' title='bbox 3387 3140 3582 3193; x_wconf 87' lang='lat' dir='ltr'><strong>omnia</strong></span> <span class='ocrx_word' id='word_1_581' title='bbox 3611 3141 3745 3194; x_wconf 87' lang='lat' dir='ltr'><strong>illam</strong></span> <span class='ocrx_word' id='word_1_582' title='bbox 3766 3152 3841 3194; x_wconf 80' lang='lat' dir='ltr'><strong>ter-</strong></span> 
     </span>
    </p>
   </div>
   <div class='ocr_carea' id='block_1_76' title="bbox 2287 3225 3848 3304">
    <p class='ocr_par' dir='ltr' id='par_1_76' title="bbox 2287 3225 3848 3304">
     <span class='ocr_line' id='line_1_76' title="bbox 2287 3225 3848 3304; baseline 0.006 -29"><span class='ocrx_word' id='word_1_583' title='bbox 2287 3233 2410 3277; x_wconf 84' lang='lat' dir='ltr'><strong>rent</strong></span> <span class='ocrx_word' id='word_1_584' title='bbox 2439 3232 2494 3277; x_wconf 91' lang='lat' dir='ltr'><strong>et</strong></span> <span class='ocrx_word' id='word_1_585' title='bbox 2523 3225 2772 3292; x_wconf 87' lang='lat' dir='ltr'><strong>turbant,</strong></span> <span class='ocrx_word' id='word_1_586' title='bbox 2808 3227 3014 3281; x_wconf 87' lang='lat' dir='ltr'><strong>somnia</strong></span> <span class='ocrx_word' id='word_1_587' title='bbox 3035 3270 3050 3293; x_wconf 97' lang='lat'><strong>,</strong></span> <span class='ocrx_word' id='word_1_588' title='bbox 3080 3228 3245 3283; x_wconf 89' lang='lat' dir='ltr'><strong>verba</strong></span> <span class='ocrx_word' id='word_1_589' title='bbox 3266 3270 3281 3295; x_wconf 98' lang='lat'><strong>,</strong></span> <span class='ocrx_word' id='word_1_590' title='bbox 3316 3229 3551 3286; x_wconf 89' lang='lat' dir='ltr'><strong>habitus</strong></span> <span class='ocrx_word' id='word_1_591' title='bbox 3573 3275 3589 3300; x_wconf 97' lang='lat'><strong>,</strong></span> <span class='ocrx_word' id='word_1_592' title='bbox 3618 3242 3672 3289; x_wconf 92' lang='lat' dir='ltr'><strong>et</strong></span> <span class='ocrx_word' id='word_1_593' title='bbox 3712 3235 3848 3304; x_wconf 78' lang='lat' dir='ltr'><strong>suspi-</strong></span> 
     </span>
    </p>
   </div>
   <div class='ocr_carea' id='block_1_77' title="bbox 2290 3313 3845 3393">
    <p class='ocr_par' dir='ltr' id='par_1_77' title="bbox 2290 3313 3845 3393">
     <span class='ocr_line' id='line_1_77' title="bbox 2290 3313 3845 3393; baseline 0.006 -26"><span class='ocrx_word' id='word_1_594' title='bbox 2290 3313 2507 3381; x_wconf 89' lang='lat' dir='ltr'><strong>ciones,</strong></span> <span class='ocrx_word' id='word_1_595' title='bbox 2538 3317 2756 3386; x_wconf 90' lang='lat' dir='ltr'><strong>quando</strong></span> <span class='ocrx_word' id='word_1_596' title='bbox 2802 3320 2997 3387; x_wconf 88' lang='lat' dir='ltr'><strong>poterit</strong></span> <span class='ocrx_word' id='word_1_597' title='bbox 3027 3320 3079 3373; x_wconf 92' lang='lat' dir='ltr'><strong>iu</strong></span> <span class='ocrx_word' id='word_1_598' title='bbox 3125 3337 3184 3376; x_wconf 91' lang='lat' dir='ltr'><strong>se</strong></span> <span class='ocrx_word' id='word_1_599' title='bbox 3212 3323 3498 3393; x_wconf 89' lang='lat' dir='ltr'><strong>respicere</strong></span> <span class='ocrx_word' id='word_1_600' title='bbox 3518 3364 3536 3391; x_wconf 89' lang='lat'><strong>,</strong></span> <span class='ocrx_word' id='word_1_601' title='bbox 3571 3326 3649 3380; x_wconf 91' lang='lat' dir='ltr'><strong>sic</strong></span> <span class='ocrx_word' id='word_1_602' title='bbox 3687 3326 3845 3379; x_wconf 74' lang='lat' dir='ltr'><strong>turbata</strong></span> 
     </span>
    </p>
   </div>
   <div class='ocr_carea' id='block_1_78' title="bbox 2291 3411 3851 3483">
    <p class='ocr_par' dir='ltr' id='par_1_78' title="bbox 2291 3411 3851 3483">
     <span class='ocr_line' id='line_1_78' title="bbox 2291 3411 3851 3483; baseline 0.004 -21"><span class='ocrx_word' id='word_1_603' title='bbox 2291 3417 2346 3462; x_wconf 91' lang='lat' dir='ltr'><strong>ct</strong></span> <span class='ocrx_word' id='word_1_604' title='bbox 2393 3411 2686 3479; x_wconf 83' lang='lat' dir='ltr'><strong>perplexa?</strong></span> <span class='ocrx_word' id='word_1_605' title='bbox 2720 3411 2864 3466; x_wconf 89' lang='lat' dir='ltr'><strong>Illius</strong></span> <span class='ocrx_word' id='word_1_606' title='bbox 2894 3428 3022 3483; x_wconf 86' lang='lat' dir='ltr'><strong>ergo</strong></span> <span class='ocrx_word' id='word_1_607' title='bbox 3066 3425 3269 3468; x_wconf 89' lang='lat' dir='ltr'><strong>metum</strong></span> <span class='ocrx_word' id='word_1_608' title='bbox 3310 3416 3645 3483; x_wconf 82' lang='lat' dir='ltr'><strong>solvamus,</strong></span> <span class='ocrx_word' id='word_1_609' title='bbox 3688 3418 3851 3471; x_wconf 76' lang='lat' dir='ltr'><strong>vincula</strong></span> 
     </span>
    </p>
   </div>
   <div class='ocr_carea' id='block_1_79' title="bbox 2289 3500 3850 3581">
    <p class='ocr_par' dir='ltr' id='par_1_79' title="bbox 2289 3500 3850 3581">
     <span class='ocr_line' id='line_1_79' title="bbox 2289 3500 3850 3581; baseline 0.006 -28"><span class='ocrx_word' id='word_1_610' title='bbox 2289 3500 2683 3571; x_wconf 86' lang='lat' dir='ltr'><strong>dirumpamus.</strong></span> <span class='ocrx_word' id='word_1_611' title='bbox 2734 3504 2866 3559; x_wconf 86' lang='lat' dir='ltr'><strong>Nam</strong></span> <span class='ocrx_word' id='word_1_612' title='bbox 2900 3507 2945 3559; x_wconf 90' lang='lat' dir='ltr'><strong>si</strong></span> <span class='ocrx_word' id='word_1_613' title='bbox 2994 3523 3100 3561; x_wconf 90' lang='lat' dir='ltr'><strong>non</strong></span> <span class='ocrx_word' id='word_1_614' title='bbox 3150 3517 3294 3563; x_wconf 90' lang='lat' dir='ltr'><strong>esset</strong></span> <span class='ocrx_word' id='word_1_615' title='bbox 3349 3524 3529 3580; x_wconf 70' lang='lat' dir='ltr'><strong>pcena</strong></span> <span class='ocrx_word' id='word_1_616' title='bbox 3556 3552 3574 3577; x_wconf 96' lang='lat'><strong>,</strong></span> <span class='ocrx_word' id='word_1_617' title='bbox 3607 3527 3706 3581; x_wconf 88' lang='lat' dir='ltr'><strong>qua</strong></span> <span class='ocrx_word' id='word_1_618' title='bbox 3734 3525 3850 3579; x_wconf 68' lang='lat' dir='ltr'><strong>ptem</strong></span> 
     </span>
    </p>
   </div>
   <div class='ocr_carea' id='block_1_80' title="bbox 2284 3593 3856 3672">
    <p class='ocr_par' dir='ltr' id='par_1_80' title="bbox 2284 3593 3856 3672">
     <span class='ocr_line' id='line_1_80' title="bbox 2284 3593 3856 3672; baseline 0.007 -28"><span class='ocrx_word' id='word_1_619' title='bbox 2284 3593 2399 3647; x_wconf 80' lang='lat' dir='ltr'><strong>hanc</strong></span> <span class='ocrx_word' id='word_1_620' title='bbox 2437 3595 2651 3663; x_wconf 89' lang='lat' dir='ltr'><strong>gravior</strong></span> <span class='ocrx_word' id='word_1_621' title='bbox 2682 3612 2788 3650; x_wconf 91' lang='lat' dir='ltr'><strong>non</strong></span> <span class='ocrx_word' id='word_1_622' title='bbox 2832 3597 3026 3662; x_wconf 88' lang='lat' dir='ltr'><strong>fuerit,</strong></span> <span class='ocrx_word' id='word_1_623' title='bbox 3061 3600 3114 3652; x_wconf 93' lang='lat' dir='ltr'><strong>in</strong></span> <span class='ocrx_word' id='word_1_624' title='bbox 3162 3600 3357 3655; x_wconf 90' lang='lat' dir='ltr'><strong>timore</strong></span> <span class='ocrx_word' id='word_1_625' title='bbox 3391 3617 3630 3672; x_wconf 86' lang='lat' dir='ltr'><strong>semper</strong></span> <span class='ocrx_word' id='word_1_626' title='bbox 3672 3603 3856 3663; x_wconf 75' lang='lat' dir='ltr'><strong>vivere,</strong></span> 
     </span>
    </p>
   </div>
   <div class='ocr_carea' id='block_1_81' title="bbox 2282 3690 3856 3762">
    <p class='ocr_par' dir='ltr' id='par_1_81' title="bbox 2282 3690 3856 3762">
     <span class='ocr_line' id='line_1_81' title="bbox 2282 3690 3856 3762; baseline 0.006 -24"><span class='ocrx_word' id='word_1_627' title='bbox 2282 3702 2569 3757; x_wconf 91' lang='lat' dir='ltr'><strong>numquam</strong></span> <span class='ocrx_word' id='word_1_628' title='bbox 2597 3690 2868 3746; x_wconf 88' lang='lat' dir='ltr'><strong>conlidere</strong></span> <span class='ocrx_word' id='word_1_629' title='bbox 2890 3733 2905 3758; x_wconf 95' lang='lat'><strong>,</strong></span> <span class='ocrx_word' id='word_1_630' title='bbox 2933 3707 3221 3761; x_wconf 90' lang='lat' dir='ltr'><strong>numquam</strong></span> <span class='ocrx_word' id='word_1_631' title='bbox 3252 3695 3563 3762; x_wconf 87' lang='lat' dir='ltr'><strong>quiescere</strong></span> <span class='ocrx_word' id='word_1_632' title='bbox 3585 3697 3608 3742; x_wconf 70' lang='grc'>9</span> <span class='ocrx_word' id='word_1_633' title='bbox 3637 3697 3747 3752; x_wconf 65' lang='lat' dir='ltr'><strong>Haec</strong></span> <span class='ocrx_word' id='word_1_634' title='bbox 3768 3711 3856 3749; x_wconf 87' lang='lat' dir='ltr'><strong>om-</strong></span> 
     </span>
    </p>
   </div>
   <div class='ocr_carea' id='block_1_82' title="bbox 2282 3779 3851 3855">
    <p class='ocr_par' dir='ltr' id='par_1_82' title="bbox 2282 3779 3851 3855">
     <span class='ocr_line' id='line_1_82' title="bbox 2282 3779 3851 3855; baseline 0.005 -24"><span class='ocrx_word' id='word_1_635' title='bbox 2282 3779 2365 3832; x_wconf 87' lang='lat' dir='ltr'><strong>nia</strong></span> <span class='ocrx_word' id='word_1_636' title='bbox 2391 3793 2641 3836; x_wconf 87' lang='lat' dir='ltr'><strong>accurate</strong></span> <span class='ocrx_word' id='word_1_637' title='bbox 2664 3783 2915 3851; x_wconf 89' lang='lat' dir='ltr'><strong>scientes,</strong></span> <span class='ocrx_word' id='word_1_638' title='bbox 2944 3785 2994 3838; x_wconf 90' lang='lat' dir='ltr'><strong>in</strong></span> <span class='ocrx_word' id='word_1_639' title='bbox 3024 3786 3429 3855; x_wconf 87' lang='lat' dir='ltr'><strong>tranquillitate</strong></span> <span class='ocrx_word' id='word_1_640' title='bbox 3459 3804 3572 3845; x_wconf 86' lang='lat' dir='ltr'><strong>nos</strong></span> <span class='ocrx_word' id='word_1_641' title='bbox 3600 3803 3851 3851; x_wconf 70' lang='lat' dir='ltr'><strong>servemus,</strong></span> 
     </span>
    </p>
   </div>
   <div class='ocr_carea' id='block_1_83' title="bbox 2286 3871 3851 3947">
    <p class='ocr_par' dir='ltr' id='par_1_83' title="bbox 2286 3871 3851 3947">
     <span class='ocr_line' id='line_1_83' title="bbox 2286 3871 3851 3947; baseline 0.005 -24"><span class='ocrx_word' id='word_1_642' title='bbox 2286 3881 2340 3924; x_wconf 86' lang='lat' dir='ltr'><strong>et</strong></span> <span class='ocrx_word' id='word_1_643' title='bbox 2364 3871 2613 3926; x_wconf 88' lang='lat' dir='ltr'><strong>virtutem</strong></span> <span class='ocrx_word' id='word_1_644' title='bbox 2638 3874 2899 3939; x_wconf 90' lang='lat' dir='ltr'><strong>colamus,</strong></span> <span class='ocrx_word' id='word_1_645' title='bbox 2918 3886 2975 3929; x_wconf 91' lang='lat' dir='ltr'><strong>ut</strong></span> <span class='ocrx_word' id='word_1_646' title='bbox 2996 3886 3049 3930; x_wconf 92' lang='lat' dir='ltr'><strong>et</strong></span> <span class='ocrx_word' id='word_1_647' title='bbox 3068 3891 3195 3931; x_wconf 88' lang='lat' dir='ltr'><strong>sana</strong></span> <span class='ocrx_word' id='word_1_648' title='bbox 3225 3876 3505 3947; x_wconf 86' lang='lat' dir='ltr'><strong>dogmata</strong></span> <span class='ocrx_word' id='word_1_649' title='bbox 3536 3890 3595 3935; x_wconf 90' lang='lat' dir='ltr'><strong>et</strong></span> <span class='ocrx_word' id='word_1_650' title='bbox 3617 3882 3760 3934; x_wconf 79' lang='lat' dir='ltr'><strong>vitam</strong></span> <span class='ocrx_word' id='word_1_651' title='bbox 3785 3880 3851 3931; x_wconf 81' lang='lat' dir='ltr'><strong>bo-</strong></span> 
     </span>
    </p>
   </div>
   <div class='ocr_carea' id='block_1_84' title="bbox 2291 3964 3849 4045">
    <p class='ocr_par' dir='ltr' id='par_1_84' title="bbox 2291 3964 3849 4045">
     <span class='ocr_line' id='line_1_84' title="bbox 2291 3964 3849 4045; baseline 0.01 -29"><span class='ocrx_word' id='word_1_652' title='bbox 2291 3978 2412 4019; x_wconf 91' lang='lat' dir='ltr'><strong>nam</strong></span> <span class='ocrx_word' id='word_1_653' title='bbox 2464 3964 2765 4035; x_wconf 85' lang='lat' dir='ltr'><strong>habentes,</strong></span> <span class='ocrx_word' id='word_1_654' title='bbox 2806 3970 2921 4024; x_wconf 90' lang='lat' dir='ltr'><strong>sine</strong></span> <span class='ocrx_word' id='word_1_655' title='bbox 2967 3971 3285 4025; x_wconf 73' lang='lat' dir='ltr'><strong>oilendiculo</strong></span> <span class='ocrx_word' id='word_1_656' title='bbox 3336 3974 3534 4029; x_wconf 85' lang='lat' dir='ltr'><strong>vitam</strong></span> <span class='ocrx_word' id='word_1_657' title='bbox 3585 3984 3849 4045; x_wconf 57' lang='lat' dir='ltr'><strong>prasente!!!</strong></span> 
     </span>
    </p>
   </div>
   <div class='ocr_carea' id='block_1_85' title="bbox 2286 4057 3845 4136">
    <p class='ocr_par' dir='ltr' id='par_1_85' title="bbox 2286 4057 3845 4136">
     <span class='ocr_line' id='line_1_85' title="bbox 2286 4057 3845 4136; baseline 0.004 -29"><span class='ocrx_word' id='word_1_658' title='bbox 2286 4057 2675 4127; x_wconf 87' lang='lat' dir='ltr'><strong>transigamus,</strong></span> <span class='ocrx_word' id='word_1_659' title='bbox 2704 4070 2760 4114; x_wconf 91' lang='lat' dir='ltr'><strong>et</strong></span> <span class='ocrx_word' id='word_1_660' title='bbox 2804 4060 3068 4130; x_wconf 88' lang='lat' dir='ltr'><strong>promissa</strong></span> <span class='ocrx_word' id='word_1_661' title='bbox 3113 4060 3489 4132; x_wconf 87' lang='lat' dir='ltr'><strong>diligentibus</strong></span> <span class='ocrx_word' id='word_1_662' title='bbox 3546 4067 3715 4136; x_wconf 87' lang='lat' dir='ltr'><strong>ipsum</strong></span> <span class='ocrx_word' id='word_1_663' title='bbox 3749 4066 3845 4116; x_wconf 72' lang='lat' dir='ltr'><strong>bona</strong></span> 
     </span>
    </p>
   </div>
   <div class='ocr_carea' id='block_1_86' title="bbox 2279 4155 3840 4230">
    <p class='ocr_par' dir='ltr' id='par_1_86' title="bbox 2279 4155 3840 4230">
     <span class='ocr_line' id='line_1_86' title="bbox 2279 4155 3840 4230; baseline 0.009 -29"><span class='ocrx_word' id='word_1_664' title='bbox 2279 4163 2703 4220; x_wconf 87' lang='lat' dir='ltr'><strong>consequamur,</strong></span> <span class='ocrx_word' id='word_1_665' title='bbox 2736 4156 2905 4224; x_wconf 87' lang='lat' dir='ltr'><strong>gratia</strong></span> <span class='ocrx_word' id='word_1_666' title='bbox 2936 4163 2992 4210; x_wconf 90' lang='lat' dir='ltr'><strong>et</strong></span> <span class='ocrx_word' id='word_1_667' title='bbox 3017 4155 3355 4225; x_wconf 83' lang='lat' dir='ltr'><strong>benignitate</strong></span> <span class='ocrx_word' id='word_1_668' title='bbox 3415 4158 3703 4230; x_wconf 80' lang='lat' dir='ltr'><strong>Unigeniti</strong></span> <span class='ocrx_word' id='word_1_669' title='bbox 3732 4157 3840 4225; x_wconf 67' lang='lat' dir='ltr'><strong>eius.</strong></span> 
     </span>
    </p>
   </div>
   <div class='ocr_carea' id='block_1_87' title="bbox 2278 4242 3840 4322">
    <p class='ocr_par' dir='ltr' id='par_1_87' title="bbox 2278 4242 3840 4322">
     <span class='ocr_line' id='line_1_87' title="bbox 2278 4242 3840 4322; baseline 0.008 -29"><span class='ocrx_word' id='word_1_670' title='bbox 2278 4242 2493 4310; x_wconf 88' lang='lat' dir='ltr'><strong>quicum</strong></span> <span class='ocrx_word' id='word_1_671' title='bbox 2516 4245 2659 4299; x_wconf 88' lang='lat' dir='ltr'><strong>Patri</strong></span> <span class='ocrx_word' id='word_1_672' title='bbox 2688 4256 2742 4300; x_wconf 91' lang='lat' dir='ltr'><strong>et</strong></span> <span class='ocrx_word' id='word_1_673' title='bbox 2763 4246 2982 4317; x_wconf 89' lang='lat' dir='ltr'><strong>Spiritui</strong></span> <span class='ocrx_word' id='word_1_674' title='bbox 3005 4257 3190 4302; x_wconf 91' lang='lat' dir='ltr'><strong>sancto</strong></span> <span class='ocrx_word' id='word_1_675' title='bbox 3212 4249 3433 4319; x_wconf 83' lang='lat' dir='ltr'><strong>gloria,</strong></span> <span class='ocrx_word' id='word_1_676' title='bbox 3458 4254 3757 4322; x_wconf 80' lang='lat' dir='ltr'><strong>imperium,</strong></span> <span class='ocrx_word' id='word_1_677' title='bbox 3776 4252 3840 4300; x_wconf 78' lang='lat' dir='ltr'><strong>ho-</strong></span> 
     </span>
    </p>
   </div>
   <div class='ocr_carea' id='block_1_88' title="bbox 2279 4339 3844 4408">
    <p class='ocr_par' dir='ltr' id='par_1_88' title="bbox 2279 4339 3844 4408">
     <span class='ocr_line' id='line_1_88' title="bbox 2279 4339 3844 4408; baseline 0.006 -23"><span class='ocrx_word' id='word_1_678' title='bbox 2279 4347 2399 4397; x_wconf 90' lang='lat' dir='ltr'><strong>nor,</strong></span> <span class='ocrx_word' id='word_1_679' title='bbox 2424 4350 2566 4391; x_wconf 91' lang='lat' dir='ltr'><strong>nunc</strong></span> <span class='ocrx_word' id='word_1_680' title='bbox 2591 4346 2646 4391; x_wconf 92' lang='lat' dir='ltr'><strong>et</strong></span> <span class='ocrx_word' id='word_1_681' title='bbox 2673 4352 2910 4408; x_wconf 88' lang='lat' dir='ltr'><strong>semper,</strong></span> <span class='ocrx_word' id='word_1_682' title='bbox 2939 4349 2992 4393; x_wconf 89' lang='lat' dir='ltr'><strong>et</strong></span> <span class='ocrx_word' id='word_1_683' title='bbox 3013 4340 3065 4393; x_wconf 90' lang='lat' dir='ltr'><strong>in</strong></span> <span class='ocrx_word' id='word_1_684' title='bbox 3086 4339 3280 4395; x_wconf 70' lang='lat' dir='ltr'><strong>smcula</strong></span> <span class='ocrx_word' id='word_1_685' title='bbox 3304 4344 3686 4399; x_wconf 85' lang='lat' dir='ltr'><strong>saeculorum.</strong></span> <span class='ocrx_word' id='word_1_686' title='bbox 3703 4345 3844 4397; x_wconf 61' lang='lat' dir='ltr'><strong>Amen.</strong></span> 
     </span>
    </p>
   </div>
   <div class='ocr_carea' id='block_1_89' title="bbox 812 4455 2981 4507">
    <p class='ocr_par' dir='ltr' id='par_1_89' title="bbox 812 4455 2981 4507">
     <span class='ocr_line' id='line_1_89' title="bbox 812 4455 2981 4507; baseline 0.009 -45"><span class='ocrx_word' id='word_1_687' title='bbox 812 4455 2981 4507; x_wconf 63' lang='lat'><strong>._____._________._______________________</strong></span> 
     </span>
    </p>
   </div>
   <div class='ocr_carea' id='block_1_90' title="bbox 1917 4572 2570 4645">
    <p class='ocr_par' dir='ltr' id='par_1_90' title="bbox 1917 4572 2570 4645">
     <span class='ocr_line' id='line_1_90' title="bbox 1917 4572 2570 4645; baseline 0.014 -11"><span class='ocrx_word' id='word_1_688' title='bbox 1917 4572 2249 4639; x_wconf 76' lang='lat' dir='ltr'><strong>HOMLLIA</strong></span> <span class='ocrx_word' id='word_1_689' title='bbox 2292 4581 2570 4645; x_wconf 79' lang='lat' dir='ltr'><strong>XLVIII.</strong></span> 
     </span>
    </p>
   </div>
   <div class='ocr_carea' id='block_1_91' title="bbox 585 4697 2171 4777">
    <p class='ocr_par' dir='ltr' id='par_1_91' title="bbox 585 4697 2171 4777">
     <span class='ocr_line' id='line_1_91' title="bbox 585 4697 2171 4777; baseline 0.017 -27"><span class='ocrx_word' id='word_1_690' title='bbox 585 4697 712 4751; x_wconf 59' lang='lat' dir='ltr'><strong>Car.</strong></span> <span class='ocrx_word' id='word_1_691' title='bbox 764 4698 856 4756; x_wconf 66' lang='grc'><strong>22.</strong></span> <span class='ocrx_word' id='word_1_692' title='bbox 902 4717 953 4754; x_wconf 89' lang='lat' dir='ltr'><strong>v.</strong></span> <span class='ocrx_word' id='word_1_693' title='bbox 1000 4704 1086 4756; x_wconf 86' lang='grc'><strong>17.</strong></span> <span class='ocrx_word' id='word_1_694' title='bbox 1141 4702 1359 4759; x_wconf 85' lang='lat' dir='ltr'><strong>Factum</strong></span> <span class='ocrx_word' id='word_1_695' title='bbox 1398 4717 1470 4762; x_wconf 88' lang='lat' dir='ltr'><strong>est</strong></span> <span class='ocrx_word' id='word_1_696' title='bbox 1516 4720 1683 4765; x_wconf 87' lang='lat' dir='ltr'><strong>autem</strong></span> <span class='ocrx_word' id='word_1_697' title='bbox 1742 4721 2004 4773; x_wconf 85' lang='lat' dir='ltr'><strong>revertenti</strong></span> <span class='ocrx_word' id='word_1_698' title='bbox 2047 4723 2171 4777; x_wconf 84' lang='lat' dir='ltr'><strong>mihi</strong></span> 
     </span>
    </p>
   </div>
   <div class='ocr_carea' id='block_1_92' title="bbox 662 4791 2169 4884">
    <p class='ocr_par' dir='ltr' id='par_1_92' title="bbox 662 4791 2169 4884">
     <span class='ocr_line' id='line_1_92' title="bbox 662 4791 2169 4884; baseline 0.019 -40"><span class='ocrx_word' id='word_1_699' title='bbox 662 4793 714 4844; x_wconf 89' lang='lat' dir='ltr'><strong>in</strong></span> <span class='ocrx_word' id='word_1_700' title='bbox 743 4791 1050 4862; x_wconf 75' lang='lat' dir='ltr'><strong>Jerusalem,</strong></span> <span class='ocrx_word' id='word_1_701' title='bbox 1070 4807 1117 4850; x_wconf 91' lang='lat' dir='ltr'><strong>et</strong></span> <span class='ocrx_word' id='word_1_702' title='bbox 1146 4801 1311 4854; x_wconf 83' lang='lat' dir='ltr'><strong>oranti</strong></span> <span class='ocrx_word' id='word_1_703' title='bbox 1337 4803 1390 4855; x_wconf 85' lang='lat' dir='ltr'><strong>in</strong></span> <span class='ocrx_word' id='word_1_704' title='bbox 1419 4806 1623 4875; x_wconf 88' lang='lat' dir='ltr'><strong>templo,</strong></span> <span class='ocrx_word' id='word_1_705' title='bbox 1645 4807 1756 4874; x_wconf 85' lang='lat' dir='ltr'><strong>ﬁeri</strong></span> <span class='ocrx_word' id='word_1_706' title='bbox 1782 4828 1860 4865; x_wconf 87' lang='lat' dir='ltr'><strong>me</strong></span> <span class='ocrx_word' id='word_1_707' title='bbox 1884 4813 1937 4867; x_wconf 86' lang='lat' dir='ltr'><strong>in</strong></span> <span class='ocrx_word' id='word_1_708' title='bbox 1964 4820 2169 4884; x_wconf 76' lang='lat' dir='ltr'><strong>exstasi,</strong></span> 
     </span>
    </p>
   </div>
   <div class='ocr_carea' id='block_1_93' title="bbox 662 4884 2174 4969">
    <p class='ocr_par' dir='ltr' id='par_1_93' title="bbox 662 4884 2174 4969">
     <span class='ocr_line' id='line_1_93' title="bbox 662 4884 2174 4969; baseline 0.018 -32"><span class='ocrx_word' id='word_1_709' title='bbox 662 4884 748 4939; x_wconf 82' lang='grc'><strong>18.</strong></span> <span class='ocrx_word' id='word_1_710' title='bbox 780 4896 826 4939; x_wconf 89' lang='lat' dir='ltr'><strong>et</strong></span> <span class='ocrx_word' id='word_1_711' title='bbox 856 4888 1021 4942; x_wconf 84' lang='lat' dir='ltr'><strong>videre</strong></span> <span class='ocrx_word' id='word_1_712' title='bbox 1046 4890 1193 4943; x_wconf 89' lang='lat' dir='ltr'><strong>illum</strong></span> <span class='ocrx_word' id='word_1_713' title='bbox 1222 4892 1465 4948; x_wconf 82' lang='lat' dir='ltr'><strong>dicentem</strong></span> <span class='ocrx_word' id='word_1_714' title='bbox 1505 4898 1630 4952; x_wconf 83' lang='lat' dir='ltr'><strong>mihi</strong></span> <span class='ocrx_word' id='word_1_715' title='bbox 1670 4916 1689 4953; x_wconf 91' lang='lat'><strong><em>:</em></strong></span> <span class='ocrx_word' id='word_1_716' title='bbox 1733 4900 1965 4969; x_wconf 84' lang='lat' dir='ltr'><strong>Festina,</strong></span> <span class='ocrx_word' id='word_1_717' title='bbox 2008 4918 2056 4961; x_wconf 89' lang='lat' dir='ltr'><strong>et</strong></span> <span class='ocrx_word' id='word_1_718' title='bbox 2092 4912 2174 4964; x_wconf 72' lang='lat' dir='ltr'><strong>exi</strong></span> 
     </span>
    </p>
   </div>
   <div class='ocr_carea' id='block_1_94' title="bbox 658 4977 2172 5067">
    <p class='ocr_par' dir='ltr' id='par_1_94' title="bbox 658 4977 2172 5067">
     <span class='ocr_line' id='line_1_94' title="bbox 658 4977 2172 5067; baseline 0.017 -37"><span class='ocrx_word' id='word_1_719' title='bbox 658 4977 890 5032; x_wconf 81' lang='lat' dir='ltr'><strong>velociter</strong></span> <span class='ocrx_word' id='word_1_720' title='bbox 926 4997 989 5035; x_wconf 76' lang='lat' dir='ltr'><strong>ea:</strong></span> <span class='ocrx_word' id='word_1_721' title='bbox 1012 4980 1318 5052; x_wconf 78' lang='lat' dir='ltr'><strong>Jerusalem,</strong></span> <span class='ocrx_word' id='word_1_722' title='bbox 1367 4989 1603 5057; x_wconf 86' lang='lat' dir='ltr'><strong>quoniam</strong></span> <span class='ocrx_word' id='word_1_723' title='bbox 1632 5008 1732 5047; x_wconf 88' lang='lat' dir='ltr'><strong>non</strong></span> <span class='ocrx_word' id='word_1_724' title='bbox 1763 4996 2002 5067; x_wconf 85' lang='lat' dir='ltr'><strong>recipient</strong></span> <span class='ocrx_word' id='word_1_725' title='bbox 2029 5003 2172 5056; x_wconf 87' lang='lat' dir='ltr'><strong>testi-</strong></span> 
     </span>
    </p>
   </div>
   <div class='ocr_carea' id='block_1_95' title="bbox 662 5071 2174 5169">
    <p class='ocr_par' dir='ltr' id='par_1_95' title="bbox 662 5071 2174 5169">
     <span class='ocr_line' id='line_1_95' title="bbox 662 5071 2174 5169; baseline 0.019 -50"><span class='ocrx_word' id='word_1_726' title='bbox 662 5071 887 5169; x_wconf 79' lang='lat' dir='ltr'><strong>monium</strong></span> <span class='ocrx_word' id='word_1_727' title='bbox 916 5081 1058 5125; x_wconf 86' lang='lat' dir='ltr'><strong>tuum</strong></span> <span class='ocrx_word' id='word_1_728' title='bbox 1082 5074 1145 5128; x_wconf 89' lang='lat' dir='ltr'><strong>de</strong></span> <span class='ocrx_word' id='word_1_729' title='bbox 1168 5092 1265 5131; x_wconf 88' lang='lat' dir='ltr'><strong>me.</strong></span> <span class='ocrx_word' id='word_1_730' title='bbox 1298 5076 1385 5132; x_wconf 88' lang='grc'><strong>19.</strong></span> <span class='ocrx_word' id='word_1_731' title='bbox 1420 5078 1488 5132; x_wconf 82' lang='lat' dir='ltr'><strong>Et</strong></span> <span class='ocrx_word' id='word_1_732' title='bbox 1516 5097 1606 5152; x_wconf 91' lang='lat' dir='ltr'><strong>ego</strong></span> <span class='ocrx_word' id='word_1_733' title='bbox 1631 5084 1739 5139; x_wconf 74' lang='lat' dir='ltr'><strong>dixi</strong></span> <span class='ocrx_word' id='word_1_734' title='bbox 1771 5102 1789 5140; x_wconf 91' lang='lat'><strong><em>:</em></strong></span> <span class='ocrx_word' id='word_1_735' title='bbox 1816 5086 2050 5156; x_wconf 85' lang='lat' dir='ltr'><strong>Domine,</strong></span> <span class='ocrx_word' id='word_1_736' title='bbox 2074 5094 2174 5162; x_wconf 87' lang='lat' dir='ltr'><strong>ipsi</strong></span> 
     </span>
    </p>
   </div>
   <div class='ocr_carea' id='block_1_96' title="bbox 664 5166 2172 5249">
    <p class='ocr_par' dir='ltr' id='par_1_96' title="bbox 664 5166 2172 5249">
     <span class='ocr_line' id='line_1_96' title="bbox 664 5166 2172 5249; baseline 0.02 -40"><span class='ocrx_word' id='word_1_737' title='bbox 664 5166 846 5225; x_wconf 81' lang='lat' dir='ltr'><strong>sciunt,</strong></span> <span class='ocrx_word' id='word_1_738' title='bbox 897 5166 1016 5231; x_wconf 83' lang='lat' dir='ltr'><strong>quia</strong></span> <span class='ocrx_word' id='word_1_739' title='bbox 1064 5182 1153 5235; x_wconf 88' lang='lat' dir='ltr'><strong>ego</strong></span> <span class='ocrx_word' id='word_1_740' title='bbox 1201 5185 1338 5222; x_wconf 87' lang='lat' dir='ltr'><strong>eram</strong></span> <span class='ocrx_word' id='word_1_741' title='bbox 1377 5174 1684 5230; x_wconf 81' lang='lat' dir='ltr'><strong>concludens</strong></span> <span class='ocrx_word' id='word_1_742' title='bbox 1735 5179 1788 5231; x_wconf 87' lang='lat' dir='ltr'><strong>in</strong></span> <span class='ocrx_word' id='word_1_743' title='bbox 1825 5195 2095 5249; x_wconf 83' lang='lat' dir='ltr'><strong>carcerem,</strong></span> <span class='ocrx_word' id='word_1_744' title='bbox 2126 5196 2172 5239; x_wconf 88' lang='lat' dir='ltr'><strong>et</strong></span> 
     </span>
    </p>
   </div>
   <div class='ocr_carea' id='block_1_97' title="bbox 663 5253 2166 5336">
    <p class='ocr_par' dir='ltr' id='par_1_97' title="bbox 663 5253 2166 5336">
     <span class='ocr_line' id='line_1_97' title="bbox 663 5253 2166 5336; baseline 0.021 -34"><span class='ocrx_word' id='word_1_745' title='bbox 663 5253 859 5305; x_wconf 64' lang='lat' dir='ltr'><strong>cadens</strong></span> <span class='ocrx_word' id='word_1_746' title='bbox 888 5272 973 5321; x_wconf 85' lang='lat' dir='ltr'><strong>per</strong></span> <span class='ocrx_word' id='word_1_747' title='bbox 1009 5274 1290 5329; x_wconf 79' lang='lat' dir='ltr'><strong>synagogas</strong></span> <span class='ocrx_word' id='word_1_748' title='bbox 1326 5279 1430 5329; x_wconf 87' lang='lat' dir='ltr'><strong>eos,</strong></span> <span class='ocrx_word' id='word_1_749' title='bbox 1474 5267 1560 5336; x_wconf 88' lang='lat' dir='ltr'><strong>qui</strong></span> <span class='ocrx_word' id='word_1_750' title='bbox 1588 5270 1856 5326; x_wconf 87' lang='lat' dir='ltr'><strong>credebant</strong></span> <span class='ocrx_word' id='word_1_751' title='bbox 1879 5275 1932 5328; x_wconf 88' lang='lat' dir='ltr'><strong>in</strong></span> <span class='ocrx_word' id='word_1_752' title='bbox 1958 5287 2005 5329; x_wconf 88' lang='lat' dir='ltr'><strong>te</strong></span> <span class='ocrx_word' id='word_1_753' title='bbox 2034 5294 2053 5330; x_wconf 88' lang='lat'><strong><em>:</em></strong></span> <span class='ocrx_word' id='word_1_754' title='bbox 2078 5278 2166 5333; x_wconf 65' lang='grc' dir='ltr'><strong>ΞΟ.</strong></span> 
     </span>
    </p>
   </div>
   <div class='ocr_carea' id='block_1_98' title="bbox 664 5348 2168 5441">
    <p class='ocr_par' dir='ltr' id='par_1_98' title="bbox 664 5348 2168 5441">
     <span class='ocr_line' id='line_1_98' title="bbox 664 5348 2168 5441; baseline 0.02 -48"><span class='ocrx_word' id='word_1_755' title='bbox 664 5353 853 5396; x_wconf 86' lang='lat' dir='ltr'><strong>etcum</strong></span> <span class='ocrx_word' id='word_1_756' title='bbox 884 5348 1173 5416; x_wconf 77' lang='lat' dir='ltr'><strong>funderetur</strong></span> <span class='ocrx_word' id='word_1_757' title='bbox 1215 5358 1422 5425; x_wconf 84' lang='lat' dir='ltr'><strong>sanguis</strong></span> <span class='ocrx_word' id='word_1_758' title='bbox 1467 5357 1718 5429; x_wconf 86' lang='lat' dir='ltr'><strong>Stephani</strong></span> <span class='ocrx_word' id='word_1_759' title='bbox 1761 5367 1897 5419; x_wconf 88' lang='lat' dir='ltr'><strong>testis</strong></span> <span class='ocrx_word' id='word_1_760' title='bbox 1939 5369 2029 5432; x_wconf 87' lang='lat' dir='ltr'><strong>tui,</strong></span> <span class='ocrx_word' id='word_1_761' title='bbox 2079 5387 2168 5441; x_wconf 86' lang='lat' dir='ltr'><strong>ego</strong></span> 
     </span>
    </p>
   </div>
   <div class='ocr_carea' id='block_1_99' title="bbox 662 5436 2168 5524">
    <p class='ocr_par' dir='ltr' id='par_1_99' title="bbox 662 5436 2168 5524">
     <span class='ocr_line' id='line_1_99' title="bbox 662 5436 2168 5524; baseline 0.019 -37"><span class='ocrx_word' id='word_1_762' title='bbox 662 5436 948 5505; x_wconf 80' lang='lat' dir='ltr'><strong>adstabant,</strong></span> <span class='ocrx_word' id='word_1_763' title='bbox 977 5450 1023 5492; x_wconf 84' lang='lat' dir='ltr'><strong>et</strong></span> <span class='ocrx_word' id='word_1_764' title='bbox 1050 5446 1418 5501; x_wconf 83' lang='lat' dir='ltr'><strong>consentiebam</strong></span> <span class='ocrx_word' id='word_1_765' title='bbox 1446 5451 1555 5504; x_wconf 86' lang='lat' dir='ltr'><strong>neci</strong></span> <span class='ocrx_word' id='word_1_766' title='bbox 1587 5455 1714 5524; x_wconf 83' lang='lat' dir='ltr'><strong>ejus,</strong></span> <span class='ocrx_word' id='word_1_767' title='bbox 1747 5467 1796 5510; x_wconf 89' lang='lat' dir='ltr'><strong>et</strong></span> <span class='ocrx_word' id='word_1_768' title='bbox 1830 5436 2168 5515; x_wconf 68' lang='lat' dir='ltr'><strong>custodieban</strong></span> 
     </span>
    </p>
   </div>
   <div class='ocr_carea' id='block_1_100' title="bbox 659 5528 1565 5600">
    <p class='ocr_par' dir='ltr' id='par_1_100' title="bbox 659 5528 1565 5600">
     <span class='ocr_line' id='line_1_100' title="bbox 659 5528 1565 5600; baseline 0.018 -20"><span class='ocrx_word' id='word_1_769' title='bbox 659 5528 948 5583; x_wconf 87' lang='lat' dir='ltr'><strong>vestimenta</strong></span> <span class='ocrx_word' id='word_1_770' title='bbox 970 5531 1375 5600; x_wconf 79' lang='lat' dir='ltr'><strong>interﬁcientium</strong></span> <span class='ocrx_word' id='word_1_771' title='bbox 1398 5540 1565 5596; x_wconf 88' lang='lat' dir='ltr'><strong>illum.</strong></span> 
     </span>
    </p>
   </div>
   <div class='ocr_carea' id='block_1_101' title="bbox 659 5618 2163 5709">
    <p class='ocr_par' dir='ltr' id='par_1_101' title="bbox 659 5618 2163 5709">
     <span class='ocr_line' id='line_1_101' title="bbox 659 5618 2163 5709; baseline 0.018 -36"><span class='ocrx_word' id='word_1_772' title='bbox 659 5620 708 5673; x_wconf 89' lang='grc'><strong>1.</strong></span> <span class='ocrx_word' id='word_1_773' title='bbox 756 5618 889 5675; x_wconf 86' lang='lat' dir='ltr'><strong>Vide</strong></span> <span class='ocrx_word' id='word_1_774' title='bbox 921 5624 1188 5692; x_wconf 88' lang='lat' dir='ltr'><strong>quomodo</strong></span> <span class='ocrx_word' id='word_1_775' title='bbox 1222 5641 1280 5683; x_wconf 91' lang='lat' dir='ltr'><strong>se</strong></span> <span class='ocrx_word' id='word_1_776' title='bbox 1306 5628 1358 5683; x_wconf 93' lang='lat' dir='ltr'><strong>in</strong></span> <span class='ocrx_word' id='word_1_777' title='bbox 1386 5632 1621 5700; x_wconf 88' lang='lat' dir='ltr'><strong>pericula</strong></span> <span class='ocrx_word' id='word_1_778' title='bbox 1652 5640 1921 5709; x_wconf 86' lang='lat' dir='ltr'><strong>conjiciat.</strong></span> <span class='ocrx_word' id='word_1_779' title='bbox 1970 5642 2163 5700; x_wconf 89' lang='lat' dir='ltr'><strong>Subdit</strong></span> 
     </span>
    </p>
   </div>
   <div class='ocr_carea' id='block_1_102' title="bbox 586 5710 2164 5801">
    <p class='ocr_par' dir='ltr' id='par_1_102' title="bbox 586 5710 2164 5801">
     <span class='ocr_line' id='line_1_102' title="bbox 586 5710 2164 5801; baseline 0.017 -36"><span class='ocrx_word' id='word_1_780' title='bbox 586 5711 731 5765; x_wconf 80' lang='lat' dir='ltr'><strong>enim</strong></span> <span class='ocrx_word' id='word_1_781' title='bbox 764 5730 777 5766; x_wconf 88' lang='lat'><strong><em>:</em></strong></span> <span class='ocrx_word' id='word_1_782' title='bbox 806 5710 1022 5768; x_wconf 84' lang='lat' dir='ltr'><strong>Factum</strong></span> <span class='ocrx_word' id='word_1_783' title='bbox 1043 5726 1116 5770; x_wconf 83' lang='lat' dir='ltr'><strong>est</strong></span> <span class='ocrx_word' id='word_1_784' title='bbox 1143 5727 1310 5774; x_wconf 89' lang='lat' dir='ltr'><strong>autem</strong></span> <span class='ocrx_word' id='word_1_785' title='bbox 1336 5727 1599 5782; x_wconf 84' lang='lat' dir='ltr'><strong>revertenti</strong></span> <span class='ocrx_word' id='word_1_786' title='bbox 1625 5731 1749 5784; x_wconf 83' lang='lat' dir='ltr'><strong>mihi</strong></span> <span class='ocrx_word' id='word_1_787' title='bbox 1774 5749 1825 5786; x_wconf 77' lang='lat' dir='ltr'><strong>in</strong></span> <span class='ocrx_word' id='word_1_788' title='bbox 1848 5733 2164 5801; x_wconf 84' lang='lat' dir='ltr'><strong>Jerusalem;</strong></span> 
     </span>
    </p>
   </div>
   <div class='ocr_carea' id='block_1_103' title="bbox 591 5801 2157 5883">
    <p class='ocr_par' dir='ltr' id='par_1_103' title="bbox 591 5801 2157 5883">
     <span class='ocr_line' id='line_1_103' title="bbox 591 5801 2157 5883; baseline 0.019 -28"><span class='ocrx_word' id='word_1_789' title='bbox 591 5801 644 5856; x_wconf 89' lang='lat' dir='ltr'><strong>id</strong></span> <span class='ocrx_word' id='word_1_790' title='bbox 669 5813 769 5872; x_wconf 90' lang='lat' dir='ltr'><strong>est,</strong></span> <span class='ocrx_word' id='word_1_791' title='bbox 796 5817 916 5875; x_wconf 91' lang='lat' dir='ltr'><strong>post</strong></span> <span class='ocrx_word' id='word_1_792' title='bbox 942 5807 1203 5865; x_wconf 86' lang='lat' dir='ltr'><strong>visionem</strong></span> <span class='ocrx_word' id='word_1_793' title='bbox 1229 5811 1373 5868; x_wconf 89' lang='lat' dir='ltr'><strong>illam</strong></span> <span class='ocrx_word' id='word_1_794' title='bbox 1399 5830 1584 5874; x_wconf 88' lang='lat' dir='ltr'><strong>rursus</strong></span> <span class='ocrx_word' id='word_1_795' title='bbox 1619 5821 1670 5876; x_wconf 93' lang='lat' dir='ltr'><strong>in</strong></span> <span class='ocrx_word' id='word_1_796' title='bbox 1700 5822 1991 5882; x_wconf 81' lang='lat' dir='ltr'><strong>Jerusalem</strong></span> <span class='ocrx_word' id='word_1_797' title='bbox 2017 5831 2157 5883; x_wconf 85' lang='lat' dir='ltr'><strong>veni.</strong></span> 
     </span>
    </p>
   </div>
   <div class='ocr_carea' id='block_1_104' title="bbox 2280 4725 3865 4809">
    <p class='ocr_par' dir='ltr' id='par_1_104' title="bbox 2280 4725 3865 4809">
     <span class='ocr_line' id='line_1_104' title="bbox 2280 4725 3865 4809; baseline 0.012 -31"><span class='ocrx_word' id='word_1_798' title='bbox 2280 4725 2345 4778; x_wconf 80' lang='lat' dir='ltr'><strong>Et</strong></span> <span class='ocrx_word' id='word_1_799' title='bbox 2373 4730 2540 4782; x_wconf 83' lang='lat' dir='ltr'><strong>oranti</strong></span> <span class='ocrx_word' id='word_1_800' title='bbox 2575 4732 2626 4783; x_wconf 88' lang='lat' dir='ltr'><strong>in</strong></span> <span class='ocrx_word' id='word_1_801' title='bbox 2670 4734 2874 4802; x_wconf 84' lang='lat' dir='ltr'><strong>templo,</strong></span> <span class='ocrx_word' id='word_1_802' title='bbox 2898 4737 3006 4804; x_wconf 82' lang='lat' dir='ltr'><strong>ﬁeri</strong></span> <span class='ocrx_word' id='word_1_803' title='bbox 3034 4754 3112 4791; x_wconf 88' lang='lat' dir='ltr'><strong>me</strong></span> <span class='ocrx_word' id='word_1_804' title='bbox 3138 4739 3191 4791; x_wconf 88' lang='lat' dir='ltr'><strong>in</strong></span> <span class='ocrx_word' id='word_1_805' title='bbox 3225 4745 3472 4809; x_wconf 72' lang='lat' dir='ltr'><strong>exstasi,</strong></span> <span class='ocrx_word' id='word_1_806' title='bbox 3504 4753 3555 4799; x_wconf 79' lang='lat' dir='ltr'><strong>et</strong></span> <span class='ocrx_word' id='word_1_807' title='bbox 3581 4743 3738 4798; x_wconf 78' lang='lat' dir='ltr'><strong>videre</strong></span> <span class='ocrx_word' id='word_1_808' title='bbox 3758 4740 3865 4793; x_wconf 58' lang='lat' dir='ltr'><strong>illum</strong></span> 
     </span>
    </p>
   </div>
   <div class='ocr_carea' id='block_1_105' title="bbox 2279 4818 3866 4891">
    <p class='ocr_par' dir='ltr' id='par_1_105' title="bbox 2279 4818 3866 4891">
     <span class='ocr_line' id='line_1_105' title="bbox 2279 4818 3866 4891; baseline 0.014 -21"><span class='ocrx_word' id='word_1_809' title='bbox 2279 4818 2521 4872; x_wconf 88' lang='lat' dir='ltr'><strong>dicentem</strong></span> <span class='ocrx_word' id='word_1_810' title='bbox 2549 4823 2671 4876; x_wconf 81' lang='lat' dir='ltr'><strong>mihi</strong></span> <span class='ocrx_word' id='word_1_811' title='bbox 2696 4840 2714 4876; x_wconf 94' lang='lat'><em>:</em></span> <span class='ocrx_word' id='word_1_812' title='bbox 2744 4823 2970 4891; x_wconf 78' lang='lat' dir='ltr'><strong>Festina,</strong></span> <span class='ocrx_word' id='word_1_813' title='bbox 3016 4838 3062 4881; x_wconf 85' lang='lat' dir='ltr'><strong>et</strong></span> <span class='ocrx_word' id='word_1_814' title='bbox 3091 4831 3172 4883; x_wconf 72' lang='lat' dir='ltr'><strong>exi</strong></span> <span class='ocrx_word' id='word_1_815' title='bbox 3196 4831 3472 4888; x_wconf 77' lang='lat' dir='ltr'><strong>velociter</strong></span> <span class='ocrx_word' id='word_1_816' title='bbox 3514 4853 3583 4889; x_wconf 71' lang='lat' dir='ltr'><strong>ex</strong></span> <span class='ocrx_word' id='word_1_817' title='bbox 3604 4834 3866 4888; x_wconf 64' lang='grc' dir='ltr'><strong>λεηωσιων</strong></span> 
     </span>
    </p>
   </div>
   <div class='ocr_carea' id='block_1_106' title="bbox 2277 4913 3867 4986">
    <p class='ocr_par' dir='ltr' id='par_1_106' title="bbox 2277 4913 3867 4986">
     <span class='ocr_line' id='line_1_106' title="bbox 2277 4913 3867 4986; baseline 0.009 -24"><span class='ocrx_word' id='word_1_818' title='bbox 2277 4913 2514 4980; x_wconf 85' lang='lat' dir='ltr'><strong>quoniam</strong></span> <span class='ocrx_word' id='word_1_819' title='bbox 2543 4931 2643 4968; x_wconf 90' lang='lat' dir='ltr'><strong>non</strong></span> <span class='ocrx_word' id='word_1_820' title='bbox 2670 4918 2911 4986; x_wconf 85' lang='lat' dir='ltr'><strong>recipient</strong></span> <span class='ocrx_word' id='word_1_821' title='bbox 2937 4923 3280 4975; x_wconf 84' lang='lat' dir='ltr'><strong>testimonium</strong></span> <span class='ocrx_word' id='word_1_822' title='bbox 3315 4936 3492 4982; x_wconf 74' lang='lat' dir='ltr'><strong>tuum</strong></span> <span class='ocrx_word' id='word_1_823' title='bbox 3520 4929 3589 4984; x_wconf 87' lang='lat' dir='ltr'><strong>de</strong></span> <span class='ocrx_word' id='word_1_824' title='bbox 3614 4943 3711 4982; x_wconf 80' lang='lat' dir='ltr'><strong>me.</strong></span> <span class='ocrx_word' id='word_1_825' title='bbox 3736 4923 3867 4979; x_wconf 72' lang='lat' dir='ltr'><strong>Vide:</strong></span> 
     </span>
    </p>
   </div>
   <div class='ocr_carea' id='block_1_107' title="bbox 2279 5004 3870 5084">
    <p class='ocr_par' dir='ltr' id='par_1_107' title="bbox 2279 5004 3870 5084">
     <span class='ocr_line' id='line_1_107' title="bbox 2279 5004 3870 5084; baseline 0.009 -29"><span class='ocrx_word' id='word_1_826' title='bbox 2279 5018 2451 5072; x_wconf 89' lang='lat' dir='ltr'><strong>neque</strong></span> <span class='ocrx_word' id='word_1_827' title='bbox 2480 5004 2583 5060; x_wconf 92' lang='lat' dir='ltr'><strong>hoc</strong></span> <span class='ocrx_word' id='word_1_828' title='bbox 2608 5007 2723 5062; x_wconf 92' lang='lat' dir='ltr'><strong>sine</strong></span> <span class='ocrx_word' id='word_1_829' title='bbox 2763 5011 3072 5065; x_wconf 87' lang='lat' dir='ltr'><strong>testimonio</strong></span> <span class='ocrx_word' id='word_1_830' title='bbox 3097 5015 3302 5084; x_wconf 88' lang='lat' dir='ltr'><strong>agitur,</strong></span> <span class='ocrx_word' id='word_1_831' title='bbox 3342 5021 3463 5075; x_wconf 85' lang='lat' dir='ltr'><strong>sed</strong></span> <span class='ocrx_word' id='word_1_832' title='bbox 3495 5022 3575 5077; x_wconf 84' lang='lat' dir='ltr'><strong>ab</strong></span> <span class='ocrx_word' id='word_1_833' title='bbox 3605 5031 3785 5077; x_wconf 79' lang='lat' dir='ltr'><strong>eventu</strong></span> <span class='ocrx_word' id='word_1_834' title='bbox 3808 5026 3870 5069; x_wconf 68' lang='lat' dir='ltr'><strong>est</strong></span> 
     </span>
    </p>
   </div>
   <div class='ocr_carea' id='block_1_108' title="bbox 2279 5097 3871 5181">
    <p class='ocr_par' dir='ltr' id='par_1_108' title="bbox 2279 5097 3871 5181">
     <span class='ocr_line' id='line_1_108' title="bbox 2279 5097 3871 5181; baseline 0.011 -32"><span class='ocrx_word' id='word_1_835' title='bbox 2279 5097 2662 5154; x_wconf 92' lang='lat' dir='ltr'><strong>testimonium.</strong></span> <span class='ocrx_word' id='word_1_836' title='bbox 2731 5102 2977 5169; x_wconf 79' lang='lat' dir='ltr'><strong>Dixerat,</strong></span> <span class='ocrx_word' id='word_1_837' title='bbox 3040 5105 3164 5160; x_wconf 88' lang='lat' dir='ltr'><strong>Non</strong></span> <span class='ocrx_word' id='word_1_838' title='bbox 3225 5111 3514 5181; x_wconf 76' lang='lat' dir='ltr'><strong>recipient</strong></span> <span class='ocrx_word' id='word_1_839' title='bbox 3576 5110 3871 5168; x_wconf 59' lang='lat' dir='ltr'><strong>testimonii!!!</strong></span> 
     </span>
    </p>
   </div>
   <div class='ocr_carea' id='block_1_109' title="bbox 2280 5195 3871 5271">
    <p class='ocr_par' dir='ltr' id='par_1_109' title="bbox 2280 5195 3871 5271">
     <span class='ocr_line' id='line_1_109' title="bbox 2280 5195 3871 5271; baseline 0.013 -33"><span class='ocrx_word' id='word_1_840' title='bbox 2280 5195 2461 5241; x_wconf 88' lang='lat' dir='ltr'><strong>tuum:</strong></span> <span class='ocrx_word' id='word_1_841' title='bbox 2488 5198 2542 5243; x_wconf 90' lang='lat' dir='ltr'><strong>et</strong></span> <span class='ocrx_word' id='word_1_842' title='bbox 2571 5206 2678 5246; x_wconf 90' lang='lat' dir='ltr'><strong>non</strong></span> <span class='ocrx_word' id='word_1_843' title='bbox 2709 5205 3047 5263; x_wconf 89' lang='lat' dir='ltr'><strong>receperunt.</strong></span> <span class='ocrx_word' id='word_1_844' title='bbox 3079 5197 3239 5254; x_wconf 90' lang='lat' dir='ltr'><strong>Certe</strong></span> <span class='ocrx_word' id='word_1_845' title='bbox 3285 5215 3369 5257; x_wconf 79' lang='lat' dir='ltr'><strong>ex</strong></span> <span class='ocrx_word' id='word_1_846' title='bbox 3400 5206 3704 5261; x_wconf 84' lang='lat' dir='ltr'><strong>ratiocinio</strong></span> <span class='ocrx_word' id='word_1_847' title='bbox 3724 5203 3871 5271; x_wconf 81' lang='lat' dir='ltr'><strong>conje-</strong></span> 
     </span>
    </p>
   </div>
   <div class='ocr_carea' id='block_1_110' title="bbox 2278 5279 3871 5370">
    <p class='ocr_par' dir='ltr' id='par_1_110' title="bbox 2278 5279 3871 5370">
     <span class='ocr_line' id='line_1_110' title="bbox 2278 5279 3871 5370; baseline 0.013 -39"><span class='ocrx_word' id='word_1_848' title='bbox 2278 5279 2526 5334; x_wconf 88' lang='lat' dir='ltr'><strong>ctandum</strong></span> <span class='ocrx_word' id='word_1_849' title='bbox 2555 5292 2689 5349; x_wconf 90' lang='lat' dir='ltr'><strong>erat,</strong></span> <span class='ocrx_word' id='word_1_850' title='bbox 2723 5286 2864 5352; x_wconf 92' lang='lat' dir='ltr'><strong>quod</strong></span> <span class='ocrx_word' id='word_1_851' title='bbox 2908 5299 3089 5342; x_wconf 83' lang='lat' dir='ltr'><strong>essent</strong></span> <span class='ocrx_word' id='word_1_852' title='bbox 3117 5296 3443 5360; x_wconf 83' lang='lat' dir='ltr'><strong>recepturi.</strong></span> <span class='ocrx_word' id='word_1_853' title='bbox 3485 5296 3604 5370; x_wconf 83' lang='lat' dir='ltr'><strong>Ego</strong></span> <span class='ocrx_word' id='word_1_854' title='bbox 3624 5298 3749 5352; x_wconf 78' lang='lat' dir='ltr'><strong>enim</strong></span> <span class='ocrx_word' id='word_1_855' title='bbox 3766 5309 3871 5347; x_wconf 69' lang='lat' dir='ltr'><strong>erm</strong></span> 
     </span>
    </p>
   </div>
   <div class='ocr_carea' id='block_1_111' title="bbox 2276 5371 3875 5457">
    <p class='ocr_par' dir='ltr' id='par_1_111' title="bbox 2276 5371 3875 5457">
     <span class='ocr_line' id='line_1_111' title="bbox 2276 5371 3875 5457; baseline 0.014 -36"><span class='ocrx_word' id='word_1_856' title='bbox 2276 5371 2582 5425; x_wconf 87' lang='lat' dir='ltr'><strong>concludens</strong></span> <span class='ocrx_word' id='word_1_857' title='bbox 2606 5374 2660 5427; x_wconf 91' lang='lat' dir='ltr'><strong>in</strong></span> <span class='ocrx_word' id='word_1_858' title='bbox 2684 5391 2935 5431; x_wconf 87' lang='lat' dir='ltr'><strong>carcerem</strong></span> <span class='ocrx_word' id='word_1_859' title='bbox 2960 5388 3009 5431; x_wconf 89' lang='lat' dir='ltr'><strong>et</strong></span> <span class='ocrx_word' id='word_1_860' title='bbox 3045 5380 3261 5445; x_wconf 66' lang='lat' dir='ltr'><strong>caedetis,</strong></span> <span class='ocrx_word' id='word_1_861' title='bbox 3306 5384 3712 5457; x_wconf 81' lang='lat' dir='ltr'><strong>inquit..ldeo</strong></span> <span class='ocrx_word' id='word_1_862' title='bbox 3754 5389 3875 5455; x_wconf 62' lang='lat' dir='ltr'><strong>igilltt</strong></span> 
     </span>
    </p>
   </div>
   <div class='ocr_carea' id='block_1_112' title="bbox 2280 5463 3873 5553">
    <p class='ocr_par' dir='ltr' id='par_1_112' title="bbox 2280 5463 3873 5553">
     <span class='ocr_line' id='line_1_112' title="bbox 2280 5463 3873 5553; baseline 0.01 -40"><span class='ocrx_word' id='word_1_863' title='bbox 2280 5463 2516 5532; x_wconf 91' lang='lat' dir='ltr'><strong>recipere</strong></span> <span class='ocrx_word' id='word_1_864' title='bbox 2545 5470 2865 5535; x_wconf 85' lang='lat' dir='ltr'><strong>oportebat;</strong></span> <span class='ocrx_word' id='word_1_865' title='bbox 2907 5480 2961 5524; x_wconf 90' lang='lat' dir='ltr'><strong>et</strong></span> <span class='ocrx_word' id='word_1_866' title='bbox 3009 5479 3188 5527; x_wconf 88' lang='lat' dir='ltr'><strong>tamen</strong></span> <span class='ocrx_word' id='word_1_867' title='bbox 3219 5490 3346 5530; x_wconf 88' lang='lat' dir='ltr'><strong>non</strong></span> <span class='ocrx_word' id='word_1_868' title='bbox 3382 5488 3745 5553; x_wconf 87' lang='lat' dir='ltr'><strong>receperunt.</strong></span> <span class='ocrx_word' id='word_1_869' title='bbox 3780 5478 3873 5532; x_wconf 70' lang='lat' dir='ltr'><strong>Iden</strong></span> 
     </span>
    </p>
   </div>
   <div class='ocr_carea' id='block_1_113' title="bbox 2279 5553 3876 5637">
    <p class='ocr_par' dir='ltr' id='par_1_113' title="bbox 2279 5553 3876 5637">
     <span class='ocr_line' id='line_1_113' title="bbox 2279 5553 3876 5637; baseline 0.014 -31"><span class='ocrx_word' id='word_1_870' title='bbox 2279 5553 2380 5609; x_wconf 91' lang='lat' dir='ltr'><strong>hoc</strong></span> <span class='ocrx_word' id='word_1_871' title='bbox 2408 5556 2460 5609; x_wconf 90' lang='lat' dir='ltr'><strong>iu</strong></span> <span class='ocrx_word' id='word_1_872' title='bbox 2483 5559 2680 5614; x_wconf 70' lang='lat' dir='ltr'><strong>exmasi</strong></span> <span class='ocrx_word' id='word_1_873' title='bbox 2701 5563 2876 5629; x_wconf 90' lang='lat' dir='ltr'><strong>discit,</strong></span> <span class='ocrx_word' id='word_1_874' title='bbox 2896 5578 2954 5618; x_wconf 92' lang='lat' dir='ltr'><strong>se</strong></span> <span class='ocrx_word' id='word_1_875' title='bbox 2976 5580 3081 5620; x_wconf 90' lang='lat' dir='ltr'><strong>non</strong></span> <span class='ocrx_word' id='word_1_876' title='bbox 3103 5567 3517 5637; x_wconf 87' lang='lat' dir='ltr'><strong>recipiendum</strong></span> <span class='ocrx_word' id='word_1_877' title='bbox 3536 5592 3681 5632; x_wconf 82' lang='lat' dir='ltr'><strong>esse.</strong></span> <span class='ocrx_word' id='word_1_878' title='bbox 3696 5576 3779 5630; x_wconf 75' lang='lat' dir='ltr'><strong>llic</strong></span> <span class='ocrx_word' id='word_1_879' title='bbox 3796 5574 3876 5627; x_wconf 73' lang='lat' dir='ltr'><strong>dm</strong></span> 
     </span>
    </p>
   </div>
   <div class='ocr_carea' id='block_1_114' title="bbox 2278 5649 3875 5741">
    <p class='ocr_par' dir='ltr' id='par_1_114' title="bbox 2278 5649 3875 5741">
     <span class='ocr_line' id='line_1_114' title="bbox 2278 5649 3875 5741; baseline 0.019 -40"><span class='ocrx_word' id='word_1_880' title='bbox 2278 5649 2466 5716; x_wconf 85' lang='lat' dir='ltr'><strong>probat</strong></span> <span class='ocrx_word' id='word_1_881' title='bbox 2494 5669 2508 5705; x_wconf 90' lang='lat'><strong>:</strong></span> <span class='ocrx_word' id='word_1_882' title='bbox 2538 5662 2592 5707; x_wconf 91' lang='lat' dir='ltr'><strong>et</strong></span> <span class='ocrx_word' id='word_1_883' title='bbox 2617 5654 2759 5723; x_wconf 93' lang='lat' dir='ltr'><strong>quod</strong></span> <span class='ocrx_word' id='word_1_884' title='bbox 2790 5671 2895 5711; x_wconf 92' lang='lat' dir='ltr'><strong>non</strong></span> <span class='ocrx_word' id='word_1_885' title='bbox 2918 5659 3125 5728; x_wconf 91' lang='lat' dir='ltr'><strong>possint</strong></span> <span class='ocrx_word' id='word_1_886' title='bbox 3153 5670 3436 5722; x_wconf 76' lang='lat' dir='ltr'><strong>excusari</strong></span> <span class='ocrx_word' id='word_1_887' title='bbox 3463 5686 3481 5736; x_wconf 87' lang='lat'><strong>;</strong></span> <span class='ocrx_word' id='word_1_888' title='bbox 3540 5686 3671 5727; x_wconf 87' lang='lat' dir='ltr'><strong>nam</strong></span> <span class='ocrx_word' id='word_1_889' title='bbox 3719 5674 3875 5741; x_wconf 64' lang='grc' dir='ltr'><strong>ρηίετ</strong></span> 
     </span>
    </p>
   </div>
   <div class='ocr_carea' id='block_1_115' title="bbox 2275 5739 3875 5833">
    <p class='ocr_par' dir='ltr' id='par_1_115' title="bbox 2275 5739 3875 5833">
     <span class='ocr_line' id='line_1_115' title="bbox 2275 5739 3875 5833; baseline 0.013 -39"><span class='ocrx_word' id='word_1_890' title='bbox 2275 5739 2528 5797; x_wconf 89' lang='lat' dir='ltr'><strong>decorum</strong></span> <span class='ocrx_word' id='word_1_891' title='bbox 2561 5753 2616 5799; x_wconf 90' lang='lat' dir='ltr'><strong>et</strong></span> <span class='ocrx_word' id='word_1_892' title='bbox 2649 5756 2845 5816; x_wconf 65' lang='lat' dir='ltr'><strong>praeter</strong></span> <span class='ocrx_word' id='word_1_893' title='bbox 2875 5750 3139 5806; x_wconf 86' lang='lat' dir='ltr'><strong>rationem</strong></span> <span class='ocrx_word' id='word_1_894' title='bbox 3167 5754 3366 5821; x_wconf 88' lang='lat' dir='ltr'><strong>ipsum</strong></span> <span class='ocrx_word' id='word_1_895' title='bbox 3403 5739 3875 5833; x_wconf 54' lang='lat' dir='ltr'><strong>persequebatur;</strong></span> 
     </span>
    </p>
   </div>
   <div class='ocr_carea' id='block_1_116' title="bbox 2283 5835 3873 5925">
    <p class='ocr_par' dir='ltr' id='par_1_116' title="bbox 2283 5835 3873 5925">
     <span class='ocr_line' id='line_1_116' title="bbox 2283 5835 3873 5925; baseline 0.011 -39"><span class='ocrx_word' id='word_1_896' title='bbox 2283 5835 2506 5904; x_wconf 89' lang='lat' dir='ltr'><strong>etquod</strong></span> <span class='ocrx_word' id='word_1_897' title='bbox 2534 5837 2671 5895; x_wconf 89' lang='lat' dir='ltr'><strong>Deus</strong></span> <span class='ocrx_word' id='word_1_898' title='bbox 2698 5849 2839 5897; x_wconf 90' lang='lat' dir='ltr'><strong>esset</strong></span> <span class='ocrx_word' id='word_1_899' title='bbox 2866 5840 3135 5912; x_wconf 89' lang='lat' dir='ltr'><strong>Christus,</strong></span> <span class='ocrx_word' id='word_1_900' title='bbox 3178 5860 3242 5901; x_wconf 84' lang='lat' dir='ltr'><strong>ea</strong></span> <span class='ocrx_word' id='word_1_901' title='bbox 3290 5865 3435 5921; x_wconf 68' lang='lat' dir='ltr'><strong>qua:</strong></span> <span class='ocrx_word' id='word_1_902' title='bbox 3470 5865 3683 5925; x_wconf 81' lang='lat' dir='ltr'><strong>praeter</strong></span> <span class='ocrx_word' id='word_1_903' title='bbox 3719 5867 3873 5921; x_wconf 63' lang='grc' dir='ltr'><strong>ειερε-</strong></span> 
     </span>
    </p>
   </div>
  </div>
