4098 6354
558 347 665 402 533

552 458 855 528 ,ϐαστάσει
884 458 952 512 τὸ
990 457 1179 527 ὄνομά
1198 474 1317 526 μου
1335 473 1356 522 ;
1377 456 1704 521 Βαστάσει,
1725 453 1901 519 εἶπεν,
1931 456 1992 509 οὐ
2013 456 2230 520 πάντως

557 549 759 603 πείσει·
790 547 965 610 ἄλλως
991 546 1048 599 δὲ
1095 546 1340 600 Ἰουδαῖοι
1375 543 1610 615 ἀλλαχοῦ
1670 544 1771 615 μὲν
1812 544 2114 605 ἐπείθοντο,
2141 545 2230 596 ἐν-

554 636 734 691 ταῦθα
761 635 818 688 δὲ
847 636 991 706 οὑχί.
1023 635 1195 687 Ὅπου
1232 632 1466 704 μάλιστα
1511 631 1622 684 ἔδει
1667 632 1982 704 πεισθῆναι,
2023 631 2233 694 εἰδότας

557 723 720 778 αὑτοῦ
750 723 850 794 τὴν
875 722 1153 795 προτέραν
1186 719 1516 792 προθυμίαν,
1542 719 1779 772 ἐνταῦθα
1799 720 1900 772 οὑκ
1927 719 2228 772 ἐπείθοντο.

559 811 669 867 Kal
699 811 799 865 ὅτε
824 810 1087 880 ἐξεχεῖτο
1120 811 1188 861 τὸ
1241 803 1382 877 αἷμα
1423 806 1734 876 Στεφάνου
1785 806 1893 860 τοῦ
1929 806 2230 876 μάρτυρός

558 914 696 964 σου,
731 897 829 952 καὶ
849 896 1032 963 αὐτὸς
1061 895 1226 965 ἤμην
1266 892 1556 963 ἐφεστὼς,
1612 893 1710 948 καὶ
1743 892 2133 948 συνευδοκῶν
2157 890 2232 961 τῇ

559 987 860 1054 ἀναιρέσει
879 983 1088 1038 αὐτοῦ.
1128 980 1272 1054 Ὀρα
1306 979 1411 1034 ποῦ
1439 981 1604 1034 πάλιν
1631 981 1659 1033 ὁ
1699 979 1855 1049 λόγος
1880 981 2126 1051 τελευτᾷ,
2151 982 2232 1043 είς

558 1075 620 1128 τδ
649 1072 868 1144 ἰσχυρὸν
901 1070 1218 1139 κεφάλαιον.
1275 1068 1529 1122 Δείκνυσι
1585 1069 1717 1140 γὰρ,
1774 1069 1856 1122 ὃτι
1898 1069 2061 1133 αὐτὸς
2106 1065 2176 1140 ἦν
2203 1071 2231 1122 6

560 1162 822 1224 ἐλαύνων,
845 1161 938 1214 καὶ
963 1160 1065 1213 οὒκ
1094 1157 1335 1212 ἐλαύνων
1357 1170 1383 1199 ι
1437 1157 1617 1228 μόνον,
1677 1157 1812 1210 ἀλλά
1867 1159 1962 1212 καὶ
2009 1159 2231 1229 μυρίαις

560 1250 746 1322 χερσὶν
824 1247 1068 1318 ἀναιρῶν
1131 1247 1224 1300 τὸν
1273 1245 1566 1314 Στέφανον.
1632 1246 1978 1317 Ὑπέμνησεν
2035 1247 2233 1310 αὐτοὺς

564 1336 876 1409 μιαιφονίας
918 1333 1184 1406 χαλεπῆς.
1231 1333 1366 1387 Τότε
1427 1332 1491 1403 δὴ
1538 1332 1774 1404 μάλιστα
1831 1334 1932 1387 οὑκ
1966 1334 2229 1406 ἤνεγκαν,

561 1424 750 1495 ἐπειδὴ
811 1422 972 1476 τοῦτο
1020 1421 1249 1493 ἧλεγχεν
1302 1419 1520 1484 αὑτούς·
1556 1421 1650 1474 καὶ
1703 1419 1804 1493 ἤδη
1839 1422 1872 1490 ἡ
1925 1419 2234 1492 προφητεία

560 1506 884 1580 ἐπληροῦτο.
921 1503 983 1559 ’0
1024 1505 1188 1576 ζῆλος
1238 1505 1419 1557 τοίνυν
1474 1503 1666 1568 πολὺς,
1701 1505 1796 1557 καὶ
1837 1505 1871 1575 ή
1930 1502 2232 1574 κατηγορία

563 1595 790 1668 σφοδρά,
836 1594 930 1648 καὶ
982 1594 1033 1647 οί
1084 1593 1364 1665 μάρτυρες
1399 1593 1499 1663 τῆς
1550 1591 1810 1663 ἀληθείας
1844 1591 1940 1646 τοῦ
1992 1590 2230 1663 Χριστοῦ

561 1683 846 1755 παρρησίᾳ
872 1681 1266 1752 διαλεγόμενοι.
1311 1679 1451 1734 Ἀλλ’
1481 1681 1530 1733 οί
1565 1680 1807 1733 Ἰουδαῖοι
1826 1679 1927 1733 οὑκ
1941 1680 2233 1751 ἠνέσχοντο

560 1771 746 1824 λοιπὸν
761 1771 940 1842 πάσης
956 1768 1187 1823 ἀκοῦσαι
1203 1769 1303 1840 τῆς
1317 1767 1678 1838 δημηγορίας,
1688 1766 1804 1820 ἀλλ’
1821 1767 1927 1820 ὑπὸ
1945 1766 2039 1820 τοῦ
2051 1765 2230 1837 θυμοῦ

565 1856 1200 1930 σφόδρα.ὲμπρησθέντες
1223 1856 1250 1896 b
1285 1855 1473 1910 ἐϐόων.
1495 1855 1607 1914 Καὶ
1654 1851 1785 1909 εἷπε
1809 1855 1959 1924 πρός
1989 1870 2085 1924 με·
2115 1857 2231 1908 Πο-

554 1947 762 2014 ρεύου,
788 1945 878 1999 ὅτι
893 1943 1009 2015 ἐγὼ
1025 1947 1113 2010 είς
1127 1943 1270 2011 ἔθνη
1282 1945 1520 2013 μακρὰν
1533 1943 1852 1998 ἀποστελῶ
1866 1958 1959 1997 σε.
1969 1944 2233 1997 Ἤκουον

562 2031 828 2087 δὲαῠτοῦ
867 2032 1005 2101 ἄχρι
1057 2031 1164 2085 τοῦ
1212 2031 1399 2100 λόγου
1429 2033 1667 2094 τούτου,
1707 2031 1804 2084 καὶ
1839 2029 2074 2100 ἐπῆραν
2116 2029 2233 2098 τὴν

558 2121 770 2190 φωνὴν
799 2118 1017 2184 αὐτῶν,
1033 2119 1333 2188 λέγοντες·
1358 2114 1497 2186 Αἶρε
1510 2118 1628 2172 ἀπὸ
1645 2117 1758 2187 τῆς
1781 2117 1894 2188 γῆς
1917 2119 2025 2171 τὸν
2041 2117 2231 2171 τοιοῦ-

558 2223 686 2262 τον·
709 2209 780 2262 ού
809 2207 919 2277 γὰρ
947 2204 1209 2274 καθῆκεν
1231 2206 1418 2260 αὑτὸν
1435 2205 1558 2274 ζῇν.
1577 2204 1921 2276 Κραζόντων
1945 2205 2015 2259 δὲ
2033 2205 2232 2260 αὐτῶν

560 2295 658 2350 καὶ
684 2295 1060 2363 ῥιπτούντων
1080 2293 1152 2346 τὰ
1175 2292 1393 2362 ἱμάτια,
1421 2292 1515 2346 καὶ
1539 2293 1855 2362 κονιορτὸν
1868 2294 2232 2358 βαλλόντων

560 2385 648 2448 είς
673 2382 780 2436 τὸν
802 2381 969 2449 ἀέρα,
994 2379 1322 2434 ἐκέλευσεν
1355 2383 1388 2434 ό
1411 2382 1721 2448 χιλίαρχος
1744 2379 2090 2450 εἰσάγεσθαι
2118 2385 2228 2436 αύ-

559 2469 670 2523 τὸν
701 2471 788 2537 είς
816 2468 932 2536 τὴν
984 2467 1392 2537 παρεμϐολὴν,
1450 2467 1635 2520 εἰπὼν
1683 2468 1971 2536 μάστιξιν
2023 2467 2232 2522 ἀνετά-

559 2555 758 2617 ζεσθαι
782 2554 988 2620 αὐτὸν,
1011 2555 1113 2607 ἵνα
1147 2552 1286 2622 γνῷ,
1319 2554 1393 2607 δι’
1433 2553 1514 2622 ἣν
1536 2554 1732 2609 αἰτίαν
1760 2556 1914 2608 οὓτω
1935 2556 2231 2609 κατεϐόων

556 2643 767 2700 αὐτοῦ.
799 2643 911 2696 Kal
942 2642 1034 2695 τὸν
1074 2641 1351 2713 χιλίαρχον
1380 2641 1497 2695 δέον
1523 2642 1798 2708 ἐξετάσαι,
1845 2643 1894 2695 εἰ
1931 2642 2107 2696 ταῦτα
2135 2643 2228 2696 οῦ-

563 2750 672 2796 τως
701 2731 835 2802 ἔχοι,
877 2731 910 2802 ἢ
951 2731 1047 2783 καὶ
1105 2729 1306 2792 αὐτοὺς
1365 2729 1626 2794 ἐκείνους
1685 2733 1713 2784 6
1743 2731 1798 2783 δὲ
1848 2730 2013 2801 μηδὲν
2069 2730 2230 2783 πλέον

559 2824 830 2889 ποιήσας,
901 2816 1151 2889 μάστιξιν
1224 2816 1508 2880 ἀνετάζειν
1573 2817 1740 2872 αὑτὸν
1809 2817 2226 2887 ἐπαγγέλλεται.

571 2906 888 2961 Ἐκέλευσε
927 2906 1037 2976 γὰρ
1067 2904 1274 2968 αὑτὸν,
1334 2897 1518 2974 φησὶν,
1569 2905 1921 2975 εἰσάγεσθαι
1977 2907 2065 2973 εἰς
2115 2908 2230 2975 τὴν

559 2993 968 3066 παρεμϐολὴν,
1007 2992 1193 3047 εὶπὼν
1243 2993 1534 3062 μάστιξιν
1585 2993 1968 3054 ἀνετάζεσθαι
2016 2995 2226 3060 αὐτὸν,

556 3083 662 3138 ἵνα
689 3079 829 3153 γνῷ,
859 3081 934 3135 δι’
982 3078 1064 3148 ἦν
1084 3079 1282 3134 αἰτίαν
1320 3080 1472 3133 οὕτω
1502 3090 1523 3118 ο
1553 3081 1848 3134 κατεϐόων
1875 3081 2081 3136 αὐτοῦ.
2120 3083 2230 3135 Kal

561 3171 672 3244 μὴν
701 3171 833 3242 παρ’
853 3169 1075 3223 ἐκείνων
1105 3167 1210 3220 ἔδει
1260 3166 1455 3238 μαθεῖν
1506 3166 1614 3220 τῶν
1676 3167 2094 3234 καταϐοώντων,
2133 3171 2229 3224 καὶ

558 3258 834 3330 ἐρωτῆσαι
852 3259 907 3311 εῐ
925 3274 1070 3320 τινος
1103 3255 1209 3308 τῶν
1263 3255 1569 3327 εἰρημένων
1615 3255 2075 3327 ἐπελαμϐάνοντο·
2111 3259 2227 3312 ἀλλ’

559 3345 748 3408 ἁπλῶς
775 3347 843 3416 τῇ
866 3341 1083 3414 ἐξουσίᾳ
1103 3345 1320 3415 χρᾶται,
1341 3343 1437 3395 καὶ
1459 3342 1687 3405 ἐκείνοις
1717 3343 1852 3414 πρὸς
1867 3345 2028 3415 χάριν
2057 3349 2226 3399 ποιεῖ·

557 3433 620 3487 οὐ
660 3431 770 3503 γὰρ
800 3432 960 3485 τοῦτο
983 3431 1187 3501 ἐζήτει,
1230 3431 1379 3495 ὅπως
1407 3429 1632 3494 δικαίως
1679 3450 1732 3485 τι
1779 3433 2062 3503 πράξειεν,
2111 3434 2226 3488 ἀλλ’

557 3523 708 3585 ὅπως
729 3519 958 3572 παύσειε
1005 3519 1099 3572 τὸν
1141 3519 1364 3572 ἐκείνων
1406 3519 1578 3589 θυμὸν
1632 3519 1819 3573 ἄδικον
1870 3521 2001 3576 ὂντα
2050 3521 2223 3596 [559].

568 3609 668 3674 Ὠς
691 3607 760 3661 δὲ
787 3606 1176 3675 προσέτεινον
1189 3607 1376 3661 αὑτὸν
1396 3607 1517 3672 τοῖς
1538 3605 1766 3676 ἱμᾶσιν,
1788 3605 1920 3663 εἷπε
1939 3612 2088 3679 πρὸς
2121 3612 2230 3666 τὸν

555 3695 789 3752 ἑστῶτα
843 3695 1304 3763 ἑκατόνταρχον·
1347 3698 1417 3748 El
1467 3695 1780 3763 ἄνθρωπον
1821 3697 2100 3767 Ῥωμαῖον
2127 3701 2226 3754 καὶ

554 3785 954 3856 ἀκατάκριτον
981 3785 1226 3852 ἔξεστιν
1258 3783 1401 3854 ὑμῖν
1415 3784 1765 3854 μαστίζειν;
1804 3786 1919 3839 Οὐκ
1958 3787 2227 3856 ἐψεύσατο

556 3873 791 3938 Παῦλος,
822 3873 898 3945 μὴ
927 3873 1160 3943 γένοιτο,
1214 3872 1480 3942 Ῥωμαῖον
1505 3871 1695 3926 ἑαυτὸν
1718 3871 1911 3927 εἰπών·
1956 3873 2226 3946 Ῥωμαῖος

553 3961 666 4032 γάρ
683 3957 771 4033 ἦν·
805 3960 888 4022 διὸ
912 3961 1006 4015 καὶ
1023 3962 1052 4015 6
1070 3959 1345 4031 χιλίαρχος
1366 3958 1604 4022 ἀκούσας
1639 3959 1905 4029 φοϐεῖται.
1931 3963 2042 4015 Kal
2056 3963 2223 4029 τίνος,

555 4052 743 4122 φησιν,
769 4050 953 4104 ἕνεκεν
972 4047 1216 4119 ἐφοϐήθη
1238 4065 1252 4113 ;
1273 4050 1341 4101 El
1357 4048 1599 4112 ἔξεστιν
1625 4048 1768 4118 ὑμῖν
1793 4047 2000 4120 ἓτερον,
2020 4049 2225 4104 ἔδεισεν

555 4139 646 4202 ἂν,
673 4137 751 4210 μὴ
783 4135 894 4206 ἁλῷ
926 4136 1020 4189 καὶ
1046 4134 1267 4205 μείζονα
1303 4133 1458 4200 δίκην
1495 4133 1590 4204 δῷ.
1637 4134 1750 4188 Καὶ
1781 4135 2015 4210 ὃρα,οὐχ
2038 4136 2225 4201 ἁπλῶς

555 4209 749 4300 φησιν,
767 4209 904 4287 ἀλλ’,
939 4223 1002 4276 Εἰ
1032 4222 1244 4287 εξεστιν
1266 4222 1294 4275 ὑ
1305 4223 1428 4292 μῖν;
1457 4220 1561 4274 Δύο
1579 4221 1649 4275 τὰ
1678 4222 2021 4293 ἐγκλήματα,
2051 4214 2224 4279 καὶτὸ

555 4316 683 4370 ἄνευ
711 4311 894 4380 λόγου,
929 4311 1023 4363 καὶ
1055 4309 1116 4362 τὸ
1131 4308 1401 4380 Ῥωμαῖον
1415 4310 1563 4362 ὄντα.
1587 4309 1845 4381 Μεγάλην
1858 4306 2004 4380 εἶχον
2017 4312 2221 4383 ταύτην

553 4400 677 4459 τότε
731 4398 1030 4472 προνομίαν
1070 4398 1121 4452 οί
1162 4396 1471 4466 ἀξιούμενοι
1524 4395 1666 4449 οὕτω
1701 4396 2002 4451 καλεῖσθαι·
2027 4401 2122 4452 καὶ
2159 4401 2221 4461 οὑ

554 4487 758 4552 πάντες
804 4489 992 4548 τούτου
1043 4487 1362 4556 ἐτύγχανον·
1414 4487 1523 4539 ἀπὸ
1577 4487 1686 4556 γὰρ
1751 4486 2032 4558 Ἀδριανοῦ
2088 4505 2220 4557 φασι

554 4577 767 4640 πάντας
816 4575 1122 4646 Ῥωμαίους
1185 4573 1576 4644 ὀνομασθῆναι,
1637 4574 1698 4626 τὸ
1742 4574 1799 4627 δὲ
1849 4575 2077 4629 παλαιὸν
2120 4579 2219 4648 οὑχ

552 4664 725 4728 οὕτως
755 4660 844 4736 ἦν.
880 4664 951 4717 Ἦ
979 4664 1072 4718 καὶ
1110 4662 1378 4733 Ῥωμαίον
1420 4663 1613 4716 ἐαυτὸν
1649 4658 1824 4726 εἶπεν,
1863 4663 1950 4719 ἵνα
1983 4663 2218 4736 διαφύγῃ

549 4752 650 4824 τὴν
678 4752 966 4824 τιμωρίαν·
999 4751 1476 4821 εὐκαταφρόνητος
1505 4751 1613 4821 γὰρ
1645 4751 1712 4804 ἂν
1771 4751 1987 4820 ἐγένετο
2022 4769 2220 4822 μαστι-

551 4839 700 4911 χθείς
722 4857 736 4870 ·
768 4837 863 4893 νῦν
885 4839 942 4892 δὲ
965 4838 1130 4892 τοῦτο
1163 4837 1354 4902 εἰπὼν,
1380 4839 1460 4901 είς
1483 4837 1707 4891 πλείονα
1735 4838 1934 4901 αὐτοὺς
1957 4840 2218 4909 ἐμϐάλλει

551 4927 736 4996 φόϐον.
763 4929 826 4981 El
859 4927 916 4980 δὲ
941 4927 1260 4998 ἐμάστιξαν,
1278 4927 1372 4979 καὶ⁵
1403 4926 1752 4996 παρέτρεψαν
1782 4925 1848 4978 ἂν
1877 4926 1938 4983 τὸ
1966 4929 2215 4997 πρᾶγμα,

549 5014 583 5084 ἢ
609 5015 702 5067 καὶ
725 5015 1054 5073 ἀπέκτειναν
1083 5015 1264 5068 αὑτόν·
1295 5015 1392 5067 νῦν
1425 5014 1482 5067 δὲ
1511 5015 1609 5083 οὑχ
1641 5013 1785 5067 οὕτω
1810 5015 2040 5082 γίνεται.
2075 5017 2218 5086 Ὅρα

551 5103 670 5167 πῶς
692 5104 720 5154 ὁ
746 5105 880 5168 Θεὸς
921 5109 1195 5176 συγχωρεῖ
1225 5105 1323 5157 καὶ
1358 5105 1714 5173 ἀνθρωπίνως
1741 5103 1909 5159 πολλά
1941 5105 2214 5172 γενέσθαι,

550 5191 645 5243 καὶ
677 5190 764 5243 ἐπ’
790 5191 968 5243 αὑτῶν
995 5191 1216 5244 καὶτῶν
1236 5192 1460 5246 λοιπῶν.
1507 5193 1565 5244 '0
1588 5191 1644 5244 δὲ
1679 5192 1959 5262 χιλίαρχος
1985 5196 2218 5264 ἀποκρι-

550 5279 684 5340 θεὶς,
709 5277 792 5330 ὅτι
820 5277 1063 5332 Πολλοῦ
1095 5281 1428 5346 κεφαλαίου
1482 5279 1596 5346 τὴν
1654 5282 1966 5333 πολιτείαν
1992 5282 2218 5347 ταύτην

546 5364 924 5433 ἐκτησάμην,
955 5364 1229 5418 δείκνυσιν
1265 5365 1604 5419 ὑποπτεῦσαι
1644 5367 1916 5437 πρόφασιν
1962 5365 2103 5421 εἷναι
2155 5372 2217 5423 τὸ

548 5457 723 5508 εἰπεῖν
756 5453 949 5508 ἐαυτὸν
1005 5452 1273 5524 Ῥωμαῖον
1322 5454 1413 5507 τὸν
1454 5454 1686 5507 Παῦλον·
1737 5457 1832 5510 καὶ
1879 5457 2012 5520 ἴσως
2059 5458 2216 5511 τοῦτο

549 5542 819 5597 ὑπέλαϐεν
853 5541 962 5596 ἀπὸ
1013 5542 1112 5614 τῆς
1144 5540 1422 5611 λιτότητος
1455 5542 1669 5595 Παύλου
1719 5544 1819 5614 τῆς
1863 5547 2210 5617 φαινομένης.

561 5632 856 5698 Ἀκούσας
893 5629 964 5684 δὲ
1015 5633 1048 5686 ό
1101 5629 1554 5698 ἑκατόνταρχος,
1599 5631 1953 5698 προσελθὼν
1993 5633 2072 5699 τῷ
2128 5653 2215 5704 χι-

612 5797 638 5825 “
665 5798 756 5844 Καὶ
775 5797 862 5844 οὐκ
895 5797 1102 5855 ἐλαύνων
1153 5798 1298 5848 deest
1327 5798 1377 5846 in
1425 5796 1730 5858 quibusdam.
1799 5799 1826 5844 ιι
1851 5798 2006 5856 Unus,
2031 5799 2210 5859 ἐμπλη-

549 5859 847 5993 ἓῇνῧῗέ.ηυ;
873 5859 963 5910 Hic
998 5861 1219 5924 quandam
1259 5861 1468 5915 deerant
1488 5861 1537 5910 iu
1564 5860 1760 5922 Μυῖα,
1793 5876 1905 5924 qua
1927 5875 1989 5910 ex
2016 5869 2211 5911 caeteris

731 5935 748 5969 ι
847 5955 861 5968 .

1338 339 1396 397 S.
1426 339 1713 398 JOANNIS
1745 337 2240 396 ειιῐιγδοετοιιι
2271 338 2598 406 ARCHIEP.
2628 337 3182 396 CONSTANTINOP.
3845 347 3924 404 53$

2336 455 2564 525 λιάρχφ
2593 454 2942 527 ἀπήγγειλε,
2977 458 3192 526 λέγων·
3229 454 3376 524 Ὅρα
3403 455 3462 508 τί
3504 455 3730 525 μέλλεις
3755 463 3921 515 ποιεῖν·

2334 546 2370 597 ό
2398 545 2506 614 γὰρ
2535 543 2844 612 ἄνθρωπος
2897 539 3076 610 οὗτος
3120 543 3398 612 Ῥωμαῖός
3429 542 3576 597 ἐστι.
3632 547 3924 612 Προσελθὼν

2331 630 2400 684 δὲ
2431 634 2463 684 ό
2484 633 2796 701 χιλίαρχος
2811 628 2982 686 εἶπεν
3018 629 3198 696 αὐτῷ·
3221 629 3366 700 Λέγε
3374 648 3496 700 μοι,
3521 635 3573 684 εὶ
3599 631 3674 685 σὺ
3703 633 3922 704 Ῥωμαῖος

2331 715 2421 782 εἷ;
2465 719 2526 771 '0
2590 718 2657 772 δὲ
2707 719 2843 788 ἔφη·
2891 719 3025 773 Ναί.
3069 717 3371 785 Ἀπεκρίθη
3397 721 3430 772 ό
3464 719 3768 788 χιλίαρχος·
3817 723 3923 792 Ἐγὼ

2331 807 2567 861 πολλοῦ
2606 808 2936 876 κεφαλαίου
2967 806 3083 874 τὴν
3106 807 3419 860 πολιτείαν
3473 808 3687 869 ταύτην
3723 807 3922 877 ὲκτησὼ

2327 908 2472 960 μην.
2519 891 2571 943 '0
2606 891 2674 944 δὲ
2692 892 2932 958 Παῦλός
2958 907 3169 961 φησιν·
3229 892 3376 959 Ἐγὼ
3401 888 3470 944 δὲ
3496 892 3588 944 καὶ
3616 893 3922 962 γεγέννημαι.

2332 977 2569 1045 Εὐθέως
2595 978 2664 1032 δὲ
2690 977 3048 1044 ἀπέστησαν
3090 979 3194 1032 ἀπ’
3217 978 3404 1034 αὑτοῦ
3435 981 3490 1032 οἱ
3523 978 3820 1048 μέλλοντες
3852 985 3926 1036 ἀν-

2331 1065 2557 1128 ετάζειν
2580 1067 2787 1123 αὐτόν.
2809 1068 2918 1122 Καὶ
2941 1071 2974 1122 ό
2992 1069 3304 1137 χιλίαρχος
3331 1065 3661 1136 δὲέεοοϐήθη
3683 1069 3924 1139 ἐπιγνοὺς,

2333 1153 2423 1208 ὅτι
2457 1155 2740 1224 Ῥωμαῖός
2764 1155 2916 1221 ἐστι,
2940 1156 3039 1209 καὶ
3087 1155 3175 1209 ὅτι
3203 1153 3281 1226 ἦν
3307 1157 3496 1210 αὑτὸν
3540 1155 3789 1224 δεδεκώς.
3819 1159 3926 1229 Ἐγὼ

2332 1242 2422 1310 δὲ,
2437 1245 2693 1314 (malam
2716 1245 3249 1318 γεγέννημαι.Ἀρα
3270 1248 3364 1300 καὶ
3393 1246 3596 1317 πατρὸς
3620 1242 3924 1319 ἧνῬωμαίον.

2333 1331 2400 1384 Τί
2440 1327 2534 1385 οῦν
2589 1332 2697 1386 ἀπὸ
2743 1332 2937 1386 τούτου
2981 1333 3228 1403 γίνεται;
3268 1332 3453 1398 Λύσας
3489 1336 3776 1404 κατήγαγεν
3807 1337 3928 1389 αὑτὸν

2333 1419 2472 1491 πρὸς
2493 1420 2619 1483 τοὺς
2653 1421 2961 1485 Ἰουδαίους.
3017 1420 3209 1486 Οὕτως
3245 1421 3348 1475 οὑκ
3379 1416 3448 1492 ἢν
3490 1421 3675 1492 ψεῦδος
3712 1423 3764 1477 τὸ
3796 1425 3926 1477 εἰπεῖν

2333 1507 2522 1561 ἐαυτὸν
2559 1507 2850 1580 Ῥωμαῖον,
2875 1509 2956 1563 ὅτι
2984 1509 3080 1564 καὶ
3106 1508 3368 1564 ἀπώνατο
3395 1511 3490 1564 ἀπ’
3519 1511 3676 1564 αὑτοῦ
3696 1510 3846 1576 λυθεὶς
3861 1513 3927 1566 τοῦ

2332 1593 2553 1667 δεσμοῦ·
2589 1598 2684 1652 καὶ
2714 1597 2850 1662 πῶς,
2881 1597 3071 1652 ἄκουε·
3123 1595 3202 1666 Τῇ
3230 1596 3299 1652 δὲ
3325 1597 3611 1666 ἐπαύριον
3622 1599 3928 1669 ,ϐουλόμενος

2333 1684 2556 1755 γνῶναι
2600 1684 2668 1739 τὸ
2714 1686 3014 1756 ἀσφαλὲς,
3068 1686 3138 1741 τὸ
3191 1685 3248 1739 τί
3290 1689 3692 1755 κατηγορεῖται
3719 1689 3820 1742 ὑπὸ
3843 1687 3927 1740 τῶν

2346 1772 2669 1840 Ἰουδαίων,
2701 1773 2930 1828 ἔλυσεν
2955 1772 3162 1840 αὑτὸν,
3208 1773 3307 1828 καί
3355 1773 3637 1829 ἐκέλευσε
3671 1775 3928 1830 συνελθεῖν

2334 1858 2476 1926 τοὺς
2501 1861 2792 1929 ἀρχιερεῖς
2829 1861 2929 1916 καὶ
2975 1860 3099 1916 πᾶν
3130 1862 3196 1915 τὸ
3222 1863 3565 1930 συνέδριον·
3609 1864 3700 1916 καί
3735 1881 3928 1932 scamm-

2333 1939 2468 2011 γὼν
2490 1945 2596 1998 τὸν
2621 1944 2888 2009 Παῦλον,
2915 1945 3180 2010 ἔστησεν
3213 1949 3298 2013 εἱς
3321 1948 3560 2014 αὐτούς.
3602 1948 3866 2013 Ἀτενίσας
3882 1947 3929 2000 δὲ

2332 2030 2573 2096 Παῦλος
2611 2030 2691 2097 τῷ
2717 2031 3013 2100 συνεδρίῳ
3041 2028 3227 2086 εἶπεν.
3266 2035 3470 2087 υὺκέτι
3497 2035 3627 2105 πρὸς
3661 2035 3742 2088 τὸν
3767 2035 3928 2106 χιλίαρ-

2333 2135 2447 2188 χον,
2483 2118 2619 2172 ἀλλά
2668 2119 2804 2192 πρὸς
2847 2121 2909 2173 τὸ
2937 2120 3139 2191 πλῆθος
3171 2121 3265 2174 καὶ
3295 2123 3388 2174 τὸν
3419 2123 3587 2193 δῆμον
3617 2122 3775 2176 πάντα
3796 2122 3928 2174 διαλέ·

2331 2225 2504 2277 γεται.
2531 2209 2640 2262 Kal
2654 2209 2708 2261 τί
2734 2225 2931 2279 φησιν;
2965 2209 3204 2276 Ἄνδρες
3225 2209 3499 2279 ἀδελφοί,
3523 2209 3792 2280 ἐγὼπάσῃ
3820 2225 3927 2264 συν-

2331 2296 2562 2364 ειδήσει
2633 2296 2828 2368 ἀγαθῇ
2857 2299 3284 2365 πεπολίτευμαι
3308 2296 3390 2362 τῷ
3418 2296 3536 2363 Θεῷ
3591 2297 3718 2366 ἄχρι
3761 2298 3927 2362 ταύτης

2331 2384 2443 2454 τῆς
2473 2385 2718 2455 ἡμέρας.
2761 2388 2825 2440 ’Ὀ
2855 2385 3024 2454 λέγει,
3047 2386 3205 2439 τοῦτό
3236 2388 3407 2438 ἐστιν·
3429 2387 3501 2439 Οὐ
3529 2384 3730 2440 σύνοιδα
3757 2383 3926 2456 ἐμαυτῷ

2331 2491 2384 2527 τι
2419 2472 2698 2543 ἠδικηκὼς
2724 2474 2888 2544 ὑμᾶς,
2913 2473 3034 2526 οὺδέ
3058 2472 3207 2537 ἀξιον
3230 2473 3340 2525 τῶν
3363 2474 3576 2545 δεσμῶν
3593 2473 3777 2527 τούτων
3805 2473 3928 2543 πράτ-

2330 2578 2459 2614 των.
2495 2561 2562 2615 Τί
2592 2557 2686 2614 οὖν
2714 2563 2742 2614 6
2773 2561 3063 2632 ἀρχιερεύς
3088 2579 3102 2627 ;
3133 2562 3260 2614 Δέον
3289 2562 3651 2633 κατανυγῆναι
3689 2563 3765 2631 ἐφ’
3787 2556 3851 2624 οἷς
3870 2561 3926 2622 εἰς

2332 2649 2491 2720 χάριν
2526 2649 2706 2702 αὐτῶν
2733 2648 2934 2712 ἀδίκως
2959 2649 3193 2712 ἐδέδετο,
3238 2652 3265 2703 6
3316 2650 3376 2704 δέ
3417 2652 3511 2703 καὶ
3556 2649 3923 2718 προσεπιτίθησι,

2332 2737 2424 2788 καὶ
2445 2735 2657 2789 κελεύει
2690 2735 2987 2788 τύπτεσθαι
3009 2736 3190 2789 αὐτόν·
3220 2737 3248 2790 ὃ
3271 2741 3368 2790 καὶ
3391 2739 3544 2808 δῆλον
3567 2737 3622 2802 ἐξ
3651 2731 3718 2790 ὧν
3760 2737 3925 2806 ὑπήγα-

2330 2839 2444 2892 γεν.
2490 2822 2552 2876 Ὀ
2588 2821 2657 2875 δὲ
2713 2822 3026 2891 ἀρχιερεὺς
3102 2823 3386 2891 Ἀνανίας
3439 2825 3561 2892 τοῖς
3609 2823 3924 2893 παρεστῶσιν

2329 2909 2519 2965 αὐτὸν
2550 2910 2803 2976 ἐπέταξε
2850 2912 3097 2964 τύπτειν
3135 2912 3323 2966 αὑτοῦ
3371 2913 3438 2966 τὸ
3486 2913 3685 2982 στόμα.
3713 2911 3841 2966 Καλὰ
3863 2925 3922 2978 γε·

2329 2997 2578 3068 ἐπιεικὴς
2609 3001 2637 3052 6
2657 2999 2961 3069 ἀρχιερεύς.
2995 3001 3133 3052 Τότε
3158 3002 3191 3052 ό
3209 2999 3452 3066 Παῦλος
3467 3002 3611 3070 πρὸς
3630 3001 3796 3054 αὐτὸν
3809 2995 3920 3052 εἶπε·

2333 3086 2484 3159 [560]
2517 3089 2768 3142 Τύπτειν
2790 3103 2863 3139 σε
2887 3087 3098 3156 μέλλει
3121 3091 3152 3142 ό
3184 3089 3352 3154 Θεὸς,
3389 3090 3548 3159 τοῖχε
3585 3087 3921 3155 κεκονιαμένε.

2328 3174 2440 3227 Kal
2466 3173 2546 3228 σὺ
2580 3173 2732 3242 κάθῃ
2759 3173 2977 3241 κρίνων
3008 3191 3080 3242 με
3101 3178 3252 3230 κατὰ
3289 3178 3401 3230 τὸν
3427 3180 3626 3248 νόμον,
3669 3176 3755 3230 καὶ
3779 3189 3920 3242 παραι-

2327 3259 2530 3327 νομῶν
2561 3262 2824 3326 κελεύεις
2875 3276 2952 3328 με
3002 3263 3363 3330 τύπτεσθαι;
3413 3269 3477 3319 Ol
3519 3265 3584 3318 δέ
3611 3260 3920 3332 παρεστῶτες

2329 3345 2523 3403 εἷπον·
2557 3350 2667 3402 Τὸν
2684 3347 2958 3416 ἀρχιερέα
2986 3349 3092 3402 τοῦ
3123 3350 3270 3404 Θεοῦ
3329 3351 3648 3420 λοιδορεῖς;
3672 3352 3804 3418 Ἔφη
3833 3347 3920 3399 τεό

2327 3436 2588 3502 Παῦλος·
2621 3437 2741 3488 Οὐκ
2778 3435 2970 3503 ᾔδειν,
3004 3435 3276 3506 ἀδελφοὶ,
3331 3439 3422 3494 ὅτι
3453 3441 3618 3494 ἐστὶν
3653 3435 3916 3506 ἀρχιερεύς·

2328 3524 2652 3595 γέγραπται
2687 3521 2820 3592 γάρ·
2859 3523 3158 3591 ’Ἄρχοντα
3196 3526 3303 3580 τοῦ
3333 3527 3488 3582 λαοῦ
3529 3543 3640 3580 σου
3683 3527 3778 3578 οὐκ
3805 3519 3920 3590 ἐρεῖς

2327 3611 2542 3677 κακῶς.

2403 3699 2470 3770 β’.
2491 3700 2652 3764 Τινές
2673 3700 2772 3772 μὲν
2800 3697 2893 3757 οῦν
2913 3721 3095 3773 φασιν,
3127 3704 3208 3757 ὅτι
3229 3702 3388 3768 είδὼς
3407 3705 3748 3776 εἰρωνεύεται·
3766 3695 3861 3769 ἐμοὶ
3875 3694 3916 3746 δὲ

2325 3784 2490 3849 δοκεῖ,
2506 3785 2585 3838 ὅτι
2602 3786 2724 3839 οὑδέ
2739 3786 2874 3853 ὅλως
2895 3789 3029 3860 ᾔδει,
3043 3790 3125 3842 ὃτι
3141 3790 3289 3843 ἐστὶν
3305 3791 3612 3863 ἀρχιερεύς·
3629 3786 3661 3861 ἦ
3678 3787 3767 3857 γὰρ
3781 3786 3830 3838 ἂν
3847 3778 3916 3833 καὶ

2325 3873 2575 3945 ἐτίμησε·
2607 3874 2688 3927 διὸ
2713 3877 2805 3930 καὶ
2831 3877 3176 3946 ἀπολογεῖται
3203 3878 3278 3942 ὼς
3303 3881 3634 3952 κατηγορίας
3660 3877 3820 3946 οὔσης,
3844 3867 3913 3952 {Kal

2325 3960 2541 4030 ἐπάγει·
2551 3962 2848 4030 ’Ἄρχοντα
2866 3965 2969 4018 τοῦ
2980 3964 3134 4019 λαοῦ
3146 3980 3262 4019 σου
3273 3951 3552 4036 οὐκέρεῖς
3560 3966 3746 4029 κακῶς.
3758 3959 3807 4012 Τί
3819 3951 3905 4019 οὑνὶ

2325 4049 2492 4118 φησίν
2514 4068 2526 4080 ⁶
2552 4050 2601 4102 εἶ
2628 4048 2738 4121 γὰρ
2773 4049 2847 4120 μὴ
2873 4050 3054 4122 ἄρχων
3079 4049 3168 4124 ἧν,
3190 4052 3351 4106 ἀλλον
3382 4055 3564 4118 ἁπλῶς
3590 4051 3789 4121 ὑϐρίζειν
3807 4042 3903 4099 ἔδεις

2325 4135 2612 4205 Οὐδαμῶς,
2635 4135 2773 4190 ἀλλὰ
2796 4138 2890 4190 καὶ
2912 4137 3267 4209 ὑϐριζόμενον
3291 4141 3490 4210 μᾶλλον
3516 4139 3749 4208 ἐνεγκεῖν.
3771 4128 3905 4192 Ἄξιον

2322 4221 2378 4274 δὲ
2401 4223 2654 4293 ζητῆσαι,
2681 4224 2798 4288 πῶς
2829 4225 3062 4296 ἀλλαχοῦ
3088 4228 3116 4278 6
3143 4226 3303 4289 αὐτὸς
3324 4227 3518 4296 λέγων,
3541 4221 3910 4292 Λοιδορούμενοι

2321 4311 2708 4380 εὐλογοῦμεν,
2745 4311 3090 4382 διωκόμενοι
3121 4314 3475 4384 ἀνεχόμεθα,
3509 4311 3717 4367 ἐνταῦθα
3741 4307 3910 4360 τούναν-

2320 4399 2436 4452 τίον
2465 4398 2675 4464 ποιεῖά,
2705 4401 2801 4452 καὶ
2830 4401 2891 4454 οὑ
2919 4401 3239 4472 λοιδορεῖται
3267 4404 3448 4472 μόνον,
3483 4401 3613 4456 ἀλλά
3643 4397 3724 4452 καὶ
3751 4387 3910 4458 impi-

2320 4504 2443 4552 ταις
2480 4489 2693 4556 Ἀπαγε
2717 4527 2732 4553 ,
2785 4488 3063 4559 οὐδέτερον
3098 4488 3302 4572 τρύτων
3351 4489 3594 4560 φαίνεται
3629 4475 3908 4570 πεποιηκώς·

2321 4574 2456 4626 ἀλλὰ
2477 4573 2555 4643 τῷ
2585 4574 2829 4641 ἀκριϐῶς
2865 4569 3154 4628 σκοποῦντί
3198 4577 3511 4648 παρρησίας
3541 4570 3723 4646 μᾶλλόν
3746 4569 3837 4619 ἐστι
3859 4575 3908 4612 τα

2323 4663 2546 4732 ῥήματα
2566 4663 2600 4732 ἦ
2621 4663 2815 4732 θυμοῦ·
2840 4662 3016 4725 ἄλλως
3037 4663 3092 4715 δέ
3120 4665 3218 4716 οὐκ
3243 4665 3493 4716 ἐϐούλετο
3511 4653 3908 4725 εὐκαταφρόνητος

2321 4749 2555 4820 φανῆναι
2596 4749 2674 4820 τῷ
2698 4750 2982 4822 χιλιάρχῳ.
3016 4751 3078 4803 El
3108 4751 3216 4821 γὰρ
3247 4751 3410 4814 αὐτὸς
3439 4751 3536 4821 μὲν
3583 4746 3802 4816 ἐφείσατο
3827 4751 3904 4822 μα·

2322 4836 2500 4901 στίξαι
2528 4837 2602 4900 ὼς
2622 4837 2686 4908 δὴ
2708 4841 2819 4900 τοῖς
2859 4838 3134 4900 Ἰουδαίοις
3159 4839 3458 4893 ἐκδίδοσθαι
3485 4836 3742 4908 μέλλοντα,
3758 4827 3807 4880 τὸ
3827 4821 3906 4875 ὑπὸ

2320 4925 2426 4978 τῶν
2450 4926 2675 4978 οἰκετῶν
2706 4924 3034 4989 τύπτεσθαι,
3071 4925 3268 4994 μᾶλλον
3302 4925 3368 4979 ἂν
3405 4926 3602 4977 ἐκεῖνον
3637 4914 3904 4990 θρασύτερον

2321 5013 2646 5081 εἰργάσατο·
2679 5013 2764 5065 διὰ
2800 5013 2958 5064 τοῦτο
2990 5011 3109 5064 οὐδὲ
3142 5013 3276 5083 πρὸς
3306 5012 3398 5065 τὸν
3431 5010 3588 5064 παῖδα
3609 5001 3904 5060 ἀποτείνεται,

2319 5098 2456 5152 ἀλλὰ
2483 5099 2620 5175 πρὸς
2645 5098 2808 5150 αὑτὸν
2835 5098 2924 5151 τὸν
2959 5097 3310 5162 ἐπιτάξαντα,
3343 5097 3499 5151 τοῦτο
3532 5083 3900 5149 κατασκευάζωνι

2318 5188 2362 5240 Τ
2364 5187 2392 5236 ὸ
2441 5186 2520 5252 δὲ,
2573 5185 2737 5253 Τοῖχε
2769 5183 3175 5255 κεκονιαμένε,
3221 5184 3320 5238 καὶ
3358 5184 3438 5239 σὺ
3469 5183 3612 5250 κάθῃ
3645 5177 3904 5246 κρίνωνμε

2317 5275 2467 5329 κατὰ
2496 5275 2602 5329 τὸν
2639 5278 2848 5342 νόμον,
2881 5267 3026 5337 εἷπε,
3076 5273 3356 5344 μονονουχὶ
3400 5269 3553 5324 τοῦτο
3582 5264 3714 5334 αὐτῷ
3752 5258 3899 5348 RW)"

2326 5364 2658 5426 ’Υπεύθυνος
2686 5362 2762 5416 ὢν
2809 5363 2902 5415 καὶ
2951 5363 3159 5433 μυρίων
3200 5359 3422 5432 πληγῶν
3459 5357 3617 5424 ἄξιος.
3654 5353 3774 5420 Ὅρα
3804 5354 3902 5433 γῑξυν

2316 5452 2434 5516 πῶς
2457 5451 2622 5505 αὑτοῦ
2651 5428 3074 5520 κατεπλάγησαν
3102 5450 3202 5521 τὴν
3233 5428 3537 5520 παρρησίαν
3559 5445 3586 5496 6
3612 5441 3775 5510 δῆμοςο
3791 5428 3902 5521 Mf?

2315 5513 2426 5611 γάῤ
2457 5539 2755 5608 ἀνατρέψαι
2793 5538 2855 5591 τὸ
2891 5513 3019 5601 πάν,
3066 5513 3382 5607 παροινοῦσι
3403 5513 3432 5573 ἒ
3462 5531 3664 5604 μᾶλλον.
3691 5519 3835 5611 Αύτδξ
3856 5513 3900 5566 δὲ

2315 5604 2410 5682 καί
2445 5628 2537 5680 τὸν
2563 5604 2724 5696 νόμον
2765 5604 3204 5694 ὑπαναγινώσκ-ει
3225 5665 3239 5688 ,
3267 5622 3449 5693 ἐπειδὴ
3488 5617 3713 5704 βούλετιιι
3747 5604 3898 5704 δξῖξίξιι

2313 5719 2395 5771 ὅτι
2420 5716 2480 5769 οὑ
2503 5695 2668 5769 διὰτὸ
2690 5714 3013 5785 φοϐηθῆναι,
3038 5714 3158 5768 οὑδέ
3183 5713 3271 5767 διὰ
3295 5712 3354 5766 τδ
3381 5710 3453 5782 μὴ
3470 5708 3609 5771 ἀξιον
3628 5695 3750 5754 εῖναι
3769 5695 3898 5751 ἁκου·

2368 5860 2559 5932 ρῐῐοιεῖ
2595 5860 2740 5910 deest
2775 5861 2824 5909 in
2884 5873 2982 5910 uno
3014 5859 3121 5910 cod.
3210 5872 3233 5900 ο
3260 5858 3406 5909 Savil.
3433 5861 3481 5905 el.
3509 5862 3624 5902 unus
3652 5841 3894 5896 οοάπαραλ

2313 5942 2464 5974 νοιισι.
