3948 6482
216 463 508 519 elationem
552 467 704 514 erant
735 454 1131 527 prophetizaus,
1158 466 1257 506 nec
1290 466 1352 505 ea
1386 465 1506 519 qua:
1548 458 1676 502 tunc
1716 443 1809 499 tie-

216 560 349 615 hant
369 555 682 627 respiciens,
708 551 800 607 sed
819 550 993 605 futura
1014 546 1336 617 prievidens.
1356 541 1633 612 Quomodo
1654 539 1812 609 igitur

214 652 368 716 dicit,
408 647 590 705 Coram
614 645 843 716 gentibus
870 651 916 697 et
945 640 1147 711 regibus
1169 649 1215 693 et
1244 638 1364 708 ﬁliis
1393 636 1559 690 Israel
1592 631 1810 705 portabit

213 759 400 798 nomen
427 739 633 795 meum?
662 736 918 800 Portabit,
951 733 1142 803 inquit,
1189 746 1288 786 nec
1331 730 1549 783 omnino
1587 738 1810 797 persua-

212 834 364 888 debit
403 852 419 888 :
462 828 701 898 alioquin
749 840 880 880 vero
929 823 1099 879 Judaei
1144 822 1269 877 alibi
1328 817 1806 890 persuadebantur,

213 927 305 981 hic
338 938 469 979 vero
495 922 736 976 minime.
780 918 910 972 Cum
947 914 1273 985 oportuisset
1312 910 1543 965 maxime
1586 920 1808 977 persua-

216 1017 362 1083 deri,
409 1015 652 1069 videntes
696 1011 812 1080 ejus
847 1007 1129 1079 pristinum
1171 1005 1463 1068 fervorem,
1519 1011 1646 1056 tunc
1695 1015 1801 1053 non

215 1106 705 1180 persuadebantur.
736 1101 806 1154 Et
845 1117 960 1155 cum
998 1099 1298 1168 funderetur
1325 1094 1530 1165 sanguis
1558 1091 1808 1162 Stephani

219 1202 357 1255 testis
402 1199 496 1263 tui,
546 1212 637 1267 ego
681 1193 966 1256 adstabam,
1010 1200 1055 1244 et
1101 1187 1467 1243 consentiebant
1516 1185 1627 1238 neci
1674 1186 1804 1252 ejus.

218 1293 353 1347 Vide
404 1304 617 1345 rursum
664 1300 770 1353 quo
814 1298 994 1339 sermo
1041 1281 1271 1346 desinat,
1320 1293 1514 1347 nempe
1571 1277 1624 1329 in
1670 1277 1805 1330 vali-

206 1387 344 1440 dum
386 1391 567 1452 caput.
617 1379 735 1450 Ipse
762 1378 905 1433 enim
937 1385 1053 1430 erat
1099 1373 1189 1443 qui
1240 1371 1680 1443 persequebatur,
1709 1383 1810 1423 nec

210 1475 638 1547 persequebatur
665 1470 848 1536 modo,
881 1468 976 1523 sed
997 1476 1052 1521 et
1078 1466 1227 1520 mille
1258 1464 1503 1518 manibus
1528 1460 1808 1515 occidebat

208 1569 571 1640 Stephanum.
612 1564 840 1620 Gravem
890 1560 1092 1615 ctedem
1140 1558 1248 1613 illis
1277 1559 1330 1612 in
1370 1556 1682 1611 memoriam
1721 1570 1807 1609 re-

209 1669 391 1715 vocat.
424 1660 575 1712 Tunc
612 1670 740 1711 vero
767 1653 986 1708 minime
1014 1650 1278 1715 ferebant,
1334 1648 1458 1718 quia
1491 1648 1593 1702 hoc
1620 1646 1805 1702 redar-

208 1752 416 1821 guebat
443 1750 602 1815 illos;
632 1758 688 1802 et
711 1746 822 1816 jam
853 1743 1132 1814 prophetia
1163 1741 1508 1812 implebatnr.
1534 1740 1688 1795 Zelus
1711 1740 1808 1809 igi-

206 1852 301 1897 tur
350 1854 594 1911 magnus,
641 1848 696 1893 et
735 1837 1009 1892 accusatio
1050 1833 1343 1889 vehemens
1392 1840 1529 1897 erat,
1553 1839 1608 1887 et
1641 1839 1806 1885 testes

207 1933 458 1989 veritatis
489 1930 686 1988 Christi
713 1929 941 1983 lidcnter
962 1925 1335 1996 loquebantur.
1366 1922 1471 1978 Sed
1498 1923 1666 1978 Judzei
1698 1939 1804 1977 non

212 2026 461 2081 tulerunt
479 2024 734 2092 deinceps
767 2030 931 2075 totam
962 2019 1146 2073 audire
1171 2017 1507 2081 concionem,
1537 2032 1600 2073 ac
1625 2016 1805 2072 furore

208 2118 456 2176 succensi
486 2116 809 2173 clamabant.
831 2114 921 2169 2L
952 2112 1020 2166 Et
1060 2112 1190 2166 dixit
1218 2112 1285 2165 ad
1322 2128 1400 2164 me
1428 2130 1446 2165 :
1485 2110 1642 2179 Vade,
1688 2112 1806 2181 quia

206 2229 303 2282 ego
342 2211 411 2264 ad
453 2220 623 2280 gentes
649 2206 827 2277 procul
857 2207 1052 2259 mittam
1078 2215 1143 2258 te.
1172 2203 1262 2257 22.
1310 2203 1592 2257 Audiebant
1638 2211 1806 2256 autem

204 2319 326 2357 eum
352 2318 511 2370 usque
532 2299 601 2353 ad
621 2300 754 2353 hunc
779 2312 1077 2356 sermonem.
1095 2303 1142 2350 et
1164 2294 1447 2350 levaverunt
1468 2310 1636 2349 vocem
1660 2310 1807 2348 suam

208 2396 441 2448 dicentes
468 2408 486 2445 :
510 2390 658 2445 Tolle
686 2390 749 2442 de
775 2399 911 2442 terra
939 2386 1235 2457 hujusmodi
1264 2402 1283 2440 :
1312 2402 1412 2438 non
1444 2385 1576 2439 enim
1614 2389 1695 2455 fas
1732 2395 1806 2439 est

205 2504 324 2539 eum
356 2487 538 2538 vivere.
560 2482 651 2538 25,
689 2480 1034 2535 Clamantibus
1057 2487 1229 2531 autem
1262 2476 1387 2542 illis,
1417 2485 1464 2530 et
1492 2476 1806 2547 projicienti-

208 2579 303 2631 bus
342 2576 635 2629 vestimenta
670 2589 783 2635 sua,
828 2579 875 2624 et
902 2570 1156 2636 pulverem
1176 2566 1490 2638 jactantibus
1518 2568 1571 2621 in
1616 2584 1803 2632 aerem,

206 2668 300 2723 24.
335 2666 496 2737 jussit
541 2664 772 2718 tribunus
808 2661 980 2715 induci
1022 2677 1137 2714 eum
1176 2660 1231 2713 in
1269 2668 1471 2724 castra,
1503 2668 1550 2713 et
1589 2660 1807 2729 ﬂagellis

205 2761 361 2827 aedi,
390 2769 436 2812 et
462 2757 681 2829 torqueri
709 2772 843 2818 eum,
876 2763 932 2807 ut
967 2754 1115 2808 sciret
1161 2761 1367 2823 propter
1414 2768 1565 2821 quam
1602 2768 1808 2805 causam

204 2857 280 2909 sic
294 2862 476 2907 contra
498 2850 645 2905 illum
666 2850 963 2903 clamarent.
984 2846 1114 2901 Cum
1137 2845 1463 2914 oportuisset
1484 2853 1541 2897 ut
1563 2842 1808 2898 tribunus

207 2946 566 3007 examinaret,
607 2956 674 2994 an
704 2954 794 2994 res
818 2954 879 2993 se
902 2938 971 2991 ita
996 2936 1244 3000 haberet,
1292 2934 1518 3005 illosque
1547 2935 1695 3004 ipsos
1720 2936 1805 2989 in-

209 3043 514 3105 terrogaret
546 3051 560 3088 :
594 3033 640 3087 is
667 3031 802 3085 nihil
825 3030 1016 3083 horum
1045 3027 1273 3091 faciens,
1313 3026 1465 3094 jubet
1514 3026 1661 3080 illum
1710 3024 1805 3081 ﬂa-

209 3130 366 3199 gellis
406 3126 566 3182 czedi.
598 3122 785 3189 Iussit,
830 3122 1023 3192 inquit,
1074 3120 1222 3173 illum
1269 3118 1445 3171 induci
1472 3118 1527 3171 in
1556 3127 1722 3172 castra
1753 3126 1801 3172 et

222 3222 431 3294 ﬂagellis
458 3219 611 3284 caedi,
639 3226 695 3271 ut
723 3216 875 3271 sciret
903 3222 1109 3284 prapter
1132 3228 1282 3281 quam
1304 3227 1510 3265 causam
1529 3211 1601 3265 sic
1629 3220 1807 3266 contra

215 3314 353 3366 illum
386 3312 691 3365 clamarent.
736 3304 900 3377 Atqui
938 3304 1007 3359 ah
1046 3303 1153 3358 illis
1194 3300 1542 3357 ediscendum
1565 3312 1681 3355 erat
1710 3302 1801 3371 qui

205 3403 605 3466 occlamabant,
637 3410 691 3454 et
718 3395 1180 3467 interrogandum,
1229 3409 1357 3448 num
1387 3393 1584 3463 aliquid
1603 3410 1667 3448 ex
1688 3393 1807 3462 ejus

201 3496 365 3552 dictis
394 3491 743 3549 incusandum
768 3489 1045 3543 haberent.
1080 3486 1273 3540 Verum
1304 3485 1394 3539 ille
1420 3495 1619 3540 temere
1647 3493 1804 3555 pote-

200 3599 346 3645 state
367 3604 463 3641 sua
496 3587 686 3647 utitur,
712 3591 767 3638 et
788 3582 1000 3637 illorum
1031 3580 1257 3650 gratiam
1278 3586 1457 3648 captat
1487 3595 1500 3631 :
1529 3593 1634 3632 non
1659 3578 1802 3633 enim

199 3680 434 3737 curabat
458 3687 520 3733 ut
540 3677 684 3747 juste
705 3681 910 3745 ageret,
937 3672 1032 3727 sed
1061 3680 1118 3725 ut
1146 3670 1361 3725 illorum
1386 3668 1643 3749 injustam
1667 3668 1806 3725 furo-

200 3786 321 3825 rem
354 3769 611 3837 placaret.
651 3764 744 3821 25.
776 3762 843 3817 Et
864 3779 979 3817 cum
1002 3760 1388 3815 adstriiuctssent
1415 3776 1528 3812 eum
1551 3760 1693 3822 loris,
1726 3760 1805 3814 di-

199 3864 281 3917 xit
308 3861 537 3915 adstanti
564 3858 660 3913 sibi
691 3856 972 3911 centurioni
1008 3870 1026 3908 :
1060 3853 1120 3909 Si
1143 3853 1395 3906 hominem
1434 3850 1725 3905 Romanum
1758 3859 1804 3906 et

202 3954 559 4007 indemnatum
590 3950 703 4003 licet
745 3948 881 4003 vobis
908 3945 1218 4017 ﬂagellare?
1265 3943 1381 3998 Non
1425 3952 1506 3997 est
1550 3944 1806 3999 mentitus

206 4048 432 4111 Paulus,
478 4060 537 4100 se
563 4043 751 4099 dicens
777 4041 1076 4096 Romanum
1120 4037 1434 4099 hominem;
1475 4036 1649 4101 absit;
1700 4036 1806 4089 Ro-

210 4154 405 4194 manus
429 4137 575 4194 enim
600 4145 717 4191 erat
748 4151 761 4186 :
793 4132 913 4188 ideo
943 4130 1190 4185 tribunus
1219 4144 1277 4184 re
1303 4127 1481 4183 audita
1514 4127 1709 4181 timuit.
1741 4127 1805 4181 Et

216 4246 340 4295 cur,
370 4228 596 4298 inquies,
616 4225 830 4280 timuit?
854 4223 966 4278 Etsi
995 4220 1137 4275 nulla
1168 4220 1269 4273 alia
1297 4219 1364 4273 de
1391 4233 1573 4285 causa,
1600 4218 1802 4284 timuit,

213 4337 289 4375 ne
316 4317 814 4390 deprehenderetur
856 4322 912 4369 et
949 4312 1208 4382 majorem
1253 4310 1405 4365 daret
1448 4325 1679 4380 poenam.
1739 4311 1805 4364 Et

208 4414 512 4470 vidcznon
550 4410 864 4481 simpliciter
888 4407 1161 4471 loquitur;
1213 4405 1329 4469 sed,
1373 4404 1433 4460 Si
1487 4405 1599 4458 licet
1649 4404 1803 4459 vobis.

207 4506 338 4562 Duo
359 4503 606 4568 crimina,
637 4511 693 4556 et
728 4499 870 4570 quod
897 4499 1014 4553 sine
1039 4511 1221 4561 causa,
1254 4504 1310 4549 et
1353 4494 1496 4565 quod
1528 4494 1808 4550 Romanus

208 4597 306 4652 ille
333 4604 500 4651 esset.
546 4592 789 4663 Magnam
841 4588 1113 4644 habebant
1152 4585 1560 4657 praerogativam
1602 4586 1691 4656 qui
1730 4589 1808 4641 sic

207 4688 580 4760 dignabantur
600 4684 894 4755 appellari;
927 4697 1100 4752 neque
1126 4680 1366 4735 omnium
1406 4681 1510 4735 hoc
1547 4689 1662 4734 erat
1702 4682 1810 4750 pri—

210 4779 516 4850 vilegium;
544 4778 610 4831 ab
642 4776 913 4831 lladriano
938 4774 1082 4827 enim
1112 4772 1299 4827 dicunt
1325 4786 1511 4826 omnes
1538 4770 1809 4825 Romanos

206 4890 342 4930 esse
372 4871 593 4935 dictos;
627 4869 800 4938 prisce
838 4876 1017 4921 autem
1051 4880 1155 4918 non
1194 4864 1264 4918 ita
1300 4863 1486 4917 fuerat.
1521 4862 1619 4917 Vel
1649 4863 1807 4917 etiam

209 4970 528 5024 Romanum
580 4978 640 5018 se
685 4961 840 5028 dixit,
881 4974 942 5014 ut
986 4974 1198 5029 pmuam
1241 4955 1495 5027 effugeret
1523 4974 1536 5010 :
1566 4966 1808 5009 contem-

206 5064 365 5136 ptior
388 5060 531 5114 enim
569 5055 780 5109 futurus
815 5063 952 5112 erat,
985 5050 1030 5105 si
1077 5049 1376 5119 ﬂagellatus
1406 5047 1636 5113 fuisset;
1670 5064 1810 5102 nunc

206 5164 402 5211 autem
425 5150 529 5205 hoc
552 5147 699 5202 dicto
725 5143 983 5214 majorem
1010 5142 1115 5195 illis
1144 5139 1333 5194 incutit
1353 5146 1575 5193 metum.
1599 5137 1654 5192 Si
1683 5153 1810 5193 vero

206 5243 600 5316 flagellassent,
625 5252 739 5292 rem
768 5243 932 5290 totam
956 5232 1095 5287 forte
1124 5230 1532 5295 subvertissent,
1551 5228 1631 5283 vel
1648 5230 1808 5283 etiam

208 5335 545 5392 rmcidissent
585 5331 763 5394 illum;
799 5343 939 5381 nunc
974 5333 1153 5379 autem
1186 5340 1291 5377 non
1335 5323 1405 5375 ita
1431 5321 1629 5375 evenit.
1680 5321 1809 5377 Vide

207 5427 492 5503 quomodo
521 5426 662 5480 Deus
693 5421 954 5477 concedat
977 5419 1143 5473 multa
1172 5418 1407 5471 humano
1435 5430 1585 5469 more
1615 5415 1811 5481 [ἰοί-ἰ,οι

211 5526 275 5579 in
319 5522 408 5577 his
438 5528 493 5574 et
533 5519 585 5572 in
614 5516 750 5570 aliis.
793 5513 1063 5568 Tribunus
1108 5525 1240 5565 vero
1277 5508 1641 5580 respondens,
1698 5509 1810 5581 Ego

213 5616 384 5670 multa
417 5629 620 5668 summa
645 5610 945 5667 civilitatem
966 5614 1305 5677 consequutus
1327 5621 1468 5670 sum,
1498 5604 1728 5661 ostendit
1752 5621 1811 5661 se

214 5706 485 5778 suspicari
509 5747 524 5770 ,
558 5704 784 5759 Paulum
821 5716 879 5755 se
918 5700 1217 5753 Romanum
1270 5697 1591 5763 simulasse;
1636 5706 1692 5753 et
1732 5699 1802 5752 ita

223 5805 367 5858 forte
395 5796 769 5871 suspicabatur
796 5810 862 5851 ex
889 5792 1110 5858 vilitate,
1145 5808 1261 5863 quae
1292 5789 1344 5845 in
1384 5790 1551 5847 Paulo
1579 5806 1803 5862 appare-

1175 336 1237 391 ΙΝ
1279 336 1460 391 ACTA
1500 335 2023 397 APOSTOLORUM.
2059 332 2289 389 HOMIL.
2333 333 2562 390 XLVIII.

3396 350 3499 408 35d

1920 446 2031 504 bat.
2061 447 2151 502 26.
2197 447 2312 514 Quo
2340 450 2517 505 audito
2547 453 2795 518 centurio,
2844 457 3084 511 accedens
3128 459 3197 511 ad
3247 462 3507 517 tribunum

1917 539 2162 592 nuntiavit
2186 538 2282 605 illi,
2317 542 2488 596 dicens
2517 559 2537 596 :
2575 542 2697 599 Vide
2721 545 2848 615 quid
2880 550 3108 616 facturus
3135 566 3188 604 es
3213 566 3233 602 :
3260 552 3341 605 hic
3367 556 3503 607 enim

1916 628 2065 683 homo
2086 629 2348 687 Romanus
2378 644 2471 689 est.
2497 635 2589 689 27.
2619 635 2873 692 Accedens
2901 649 3065 694 autem
3095 642 3343 707 tribunus,
3371 646 3499 699 dixit

1914 723 1992 776 illi
2024 739 2043 776 :
2073 723 2169 779 Dic
2198 728 2341 791 milii,
2373 744 2493 781 num
2524 738 2580 783 tu
2608 728 2871 786 Romanus
2896 734 2986 787 es?
3005 732 3147 790 Dixit
3168 737 3273 803 ille,
3303 736 3495 794 Etiam;

1914 812 2005 869 28.
2037 814 2315 886 Respondit
2344 818 2571 874 tribunus
2600 837 2620 875 :
2651 822 2763 894 Ego
2791 825 2952 879 multa
2975 843 3175 883 summa
3213 831 3499 885 civilitatem

1914 906 2048 960 lianc
2076 921 2411 975 consequutus
2436 929 2568 966 sum.
2602 912 2801 971 Paulus
2825 932 2941 972 vero
2968 920 3040 972 ait
3070 935 3090 971 :
3117 918 3231 992 Ego
3259 932 3425 976 autem
3455 934 3502 977 et

1914 1008 2062 1055 natus
2082 1016 2215 1055 sunt.
2241 1001 2330 1057 29.
2364 1002 2611 1060 Protinus
2629 1018 2795 1062 autem
2826 1009 3163 1067 discesserunt
3191 1015 3384 1081 abillo,
3413 1017 3501 1087 qui

1912 1108 2024 1146 eum
2054 1095 2235 1149 torturi
2263 1106 2425 1151 erant.
2477 1096 2734 1156 Tribunus
2771 1119 2967 1175 quoque
3009 1107 3196 1175 timuit,
3233 1120 3498 1179 postquam

1911 1185 2107 1240 rescivit
2152 1189 2273 1257 quia
2308 1186 2570 1245 Romanus
2613 1202 2758 1260 esset,
2808 1204 2855 1248 et
2890 1198 3024 1263 quod
3049 1197 3196 1252 illum
3216 1200 3496 1271 alligasset.

1915 1277 2025 1348 Ego
2062 1288 2250 1343 autem,
2284 1280 2485 1351 inquit,
2513 1291 2560 1336 et
2585 1294 2735 1338 natus
2758 1301 2890 1341 sum.
2924 1288 3087 1359 Igitur
3112 1306 3179 1345 ex
3209 1297 3357 1361 pat’re
3387 1293 3497 1346 lto-

1911 1385 2079 1437 mano,
2112 1382 2247 1427 erat.
2297 1373 2435 1441 Quid
2466 1390 2595 1447 ergo
2625 1390 2809 1447 poSIea
2855 1378 3051 1436 factum
3090 1384 3210 1439 est?
3250 1384 3503 1439 Solutum

1910 1463 2062 1518 duxit
2087 1466 2150 1519 ad
2169 1466 2403 1521 Judmos.
2434 1468 2575 1540 Ergo
2600 1486 2704 1525 non
2732 1470 2867 1527 falso
2887 1472 3094 1527 dixerat
3116 1491 3177 1529 se
3197 1475 3496 1531 Romanum

1911 1571 2052 1619 esse,
2086 1559 2228 1614 unde
2258 1560 2495 1616 lucratus
2524 1572 2623 1629 est,
2669 1573 2727 1618 ut
2752 1580 2781 1619 a
2805 1566 3033 1621 vinculis
3064 1569 3397 1636 solveretur;
3442 1579 3499 1625 et

1909 1649 2180 1718 quomodo
2208 1651 2330 1706 audi
2367 1653 2492 1708 :50.
2520 1653 2733 1709 Postera
2755 1666 2923 1711 autem
2956 1658 3039 1711 die
3065 1658 3234 1714 volens
3261 1659 3390 1715 scire
3416 1660 3498 1714 di-

1909 1740 2147 1811 ligentius
2162 1758 2263 1813 qua
2283 1744 2346 1796 de
2364 1760 2519 1798 causa
2542 1757 2866 1801 accusaretur
2886 1766 2918 1801 a
2941 1747 3161 1815 ludatis,
3190 1750 3335 1804 solvit
3358 1767 3495 1817 eum,

1909 1840 1957 1883 et
1968 1832 2122 1902 jussit
2147 1833 2434 1888 sacerdotes
2459 1837 2723 1890 convenire
2743 1847 2789 1891 et
2814 1854 2962 1891 omne
2986 1840 3278 1906 concilium,
3311 1851 3359 1895 et
3386 1859 3499 1907 pro-

1910 1924 2097 1978 ducens
2120 1923 2343 1980 Paulum
2364 1929 2538 1981 statuit
2568 1928 2699 1983 inter
2725 1928 2861 1984 illos.
2891 1928 3041 2003 (Cap.
3068 1925 3190 1997 ‘23.)
3235 1933 3282 1985 l.
3316 1930 3494 1985 Inten-

1910 2018 2034 2072 dens
2059 2027 2225 2072 autem
2250 2020 2302 2073 in
2327 2022 2597 2075 concilium
2629 2021 2850 2089 Paulus,
2875 2023 3022 2080 dixit.
3053 2024 3166 2078 Non
3188 2024 3297 2093 jam
3321 2025 3461 2080 tribu
3487 2057 3493 2063 -

1910 2124 2058 2173 num,
2090 2109 2183 2164 sed
2213 2118 2377 2165 totam
2410 2112 2808 2169 multitudinem
2838 2124 2892 2169 et
2918 2115 3168 2186 populum
3188 2116 3491 2186 alloquitur.

1911 2201 1978 2255 Et
2000 2202 2124 2272 quid
2155 2203 2321 2259 dicit?
2356 2203 2464 2259 Viri
2490 2206 2693 2275 fratres,
2734 2224 2824 2278 ego
2858 2209 2998 2263 omni
3021 2210 3327 2263 conscientia
3356 2211 3489 2264 bona

1909 2305 2229 2350 conversatus
2265 2312 2374 2350 sum
2405 2307 2521 2351 ante
2554 2297 2718 2352 Deum
2751 2315 2906 2369 usque
2933 2301 2985 2354 in
3013 2301 3309 2354 hodiernum
3339 2301 3491 2355 diem.

1910 2386 1967 2441 Id
1995 2396 2097 2452 est,
2154 2387 2271 2443 Non
2316 2389 2447 2444 mihi
2496 2391 2742 2446 conscius
2780 2407 2897 2447 sum
2934 2394 3072 2462 quod
3118 2410 3213 2448 vos
3243 2394 3493 2461 Iarserim,

1910 2479 1992 2534 vel
2023 2479 2149 2549 quid
2178 2480 2262 2534 his
2286 2480 2513 2535 vinculis
2543 2480 2762 2552 dignum
2784 2482 3023 2539 fecerim.
3048 2484 3184 2553 Quid
3206 2497 3333 2554 ergo
3351 2485 3495 2554 priu-

1909 2585 2036 2642 ceps
2076 2572 2451 2628 sacerdotum?
2480 2574 2613 2629 Cum
2644 2577 2972 2645 oportuisset
2999 2577 3306 2647 compungi,
3350 2577 3492 2645 quod

1912 2660 1962 2714 in
1996 2662 2231 2730 ipsorum
2260 2664 2483 2733 gratiam
2529 2665 2727 2735 injuste
2776 2667 2968 2736 ligatus
2993 2666 3203 2731 fuisset,
3235 2668 3326 2723 ille
3351 2668 3492 2723 aliud

1910 2753 2110 2822 adjicit,
2142 2762 2197 2809 et
2225 2754 2378 2825 jubet
2402 2771 2524 2811 eum
2561 2757 2854 2822 verberari,
2886 2759 3026 2828 quod
3052 2759 3130 2814 sic
3158 2759 3491 2815 declaratur:

1909 2843 1964 2897 2.
1997 2843 2243 2916 Princeps
2285 2855 2454 2901 autem
2498 2848 2816 2903 sacerdotum
2848 2848 3075 2904 Ananias
3117 2850 3356 2919 praecepit
3394 2848 3493 2901 ad-

1910 2936 2162 2991 stantibus
2194 2937 2290 2992 sibi
2331 2946 2587 3008 percutere
2630 2956 2687 2993 οε
2728 2941 2857 3010 ejus.
2882 2940 3063 2995 Bonus
3091 2950 3240 2996 certe
3268 2951 3322 2995 et
3349 2940 3492 2995 mitis

1911 3029 2160 3099 princeps
2187 3030 2548 3085 sacerdotum.
2578 3032 2632 3086 5.
2662 3031 2804 3085 Tunc
2844 3030 3042 3085 Paulus
3081 3032 3208 3086 dixit
3245 3030 3313 3084 ad
3339 3047 3451 3085 eum
3474 3047 3492 3084 :

1910 3120 2167 3176 Percutiet
2196 3131 2245 3175 te
2273 3120 2431 3189 Deus,
2457 3123 2624 3193 paries
2650 3123 2897 3177 dealbate.
2928 3122 2996 3177 Et
3020 3131 3074 3177 tu
3100 3123 3276 3177 sedens
3287 3121 3496 3192 judicas

1910 3230 1989 3266 me
2016 3212 2291 3267 secundum
2320 3214 2500 3284 legem,
2529 3223 2577 3268 et
2602 3222 2776 3268 contra
2803 3213 2963 3285 legem
2979 3213 3130 3285 jubes
3157 3229 3236 3266 me
3261 3212 3499 3283 percuti?

1910 3306 1963 3359 4.
1997 3305 2097 3372 Qui
2128 3315 2296 3360 autem
2318 3305 2589 3359 adstabant
2614 3306 2849 3360 dixerunt
2891 3306 2938 3360 ei
2968 3322 2991 3361 :
3020 3304 3293 3361 Summum
3321 3320 3491 3358 sacer-

1910 3396 2077 3450 dotem
2100 3395 2196 3449 Dei
2219 3396 2518 3451 maledicis?
2538 3397 2593 3454 5.
2633 3395 2780 3451 Dixit
2807 3405 2975 3451 autem
2999 3395 3201 3451 Paulus
3229 3414 3249 3450 :
3279 3395 3488 3450 Nescie—

1909 3488 2044 3553 bant,
2075 3491 2278 3559 fratres,
2302 3489 2438 3559 quod
2476 3489 2706 3559 princeps
2741 3492 2805 3543 sit
2836 3489 3154 3544 sacerdotum
3193 3504 3211 3544 :
3249 3489 3495 3559 scriptum

1909 3591 1983 3634 est
2005 3582 2138 3636 enim
2162 3597 2180 3635 :
2204 3580 2499 3651 Principem
2525 3580 2705 3653 populi
2742 3582 2818 3636 tui
2852 3598 2954 3636 non
2980 3581 3248 3636 maledices
3292 3578 3487 3652 (Exod.

1908 3673 1999 3727 22.
2031 3673 2148 3744 as).

1979 3763 2034 3818 2.
2076 3763 2306 3832 Quidam
2334 3763 2517 3820 dicunt
2544 3764 2692 3819 illum
2732 3764 2991 3820 scientem
3030 3780 3126 3835 per
3154 3765 3378 3819 ironiam
3409 3764 3491 3819 ιον

1909 3863 2132 3924 quutum
2177 3869 2299 3911 esse
2345 3873 2358 3909 :
2403 3855 2535 3910 mihi
2564 3864 2747 3911 autem
2781 3856 2990 3911 videtur
3041 3856 3216 3925 ipsum
3267 3855 3490 3911 omnino

1911 3945 2203 4001 nescivisse
2226 3946 2369 4015 quod
2397 3955 2541 4002 esset
2566 3946 2812 4017 princeps
2841 3946 3178 4003 sacerdotum
3212 3961 3225 4001 :
3250 3946 3489 4017 alioquin

1911 4036 2057 4091 illum
2090 4038 2421 4092 lionorasset.
2451 4038 2575 4092 Ideo
2603 4053 2725 4097 sese
2749 4047 2949 4108 purgat
2974 4047 3277 4104 accusatus,
3305 4050 3363 4095 et
3390 4039 3495 4094 ad-

1910 4129 1990 4185 dit
2018 4148 2030 4184 :
2064 4129 2357 4201 Principem
2382 4130 2557 4202 populi
2582 4132 2663 4185 tui
2692 4147 2793 4186 non
2821 4131 3111 4187 maledicos.
3161 4131 3300 4198 Quid
3336 4145 3503 4201 ergo,

1912 4221 2156 4291 inquies?
2199 4221 2244 4275 si
2277 4222 2420 4276 enim
2460 4221 2706 4290 princeps
2733 4237 2839 4276 non
2871 4232 3053 4288 esset,
3099 4222 3260 4277 alium
3299 4229 3505 4277 contu--

1911 4312 2068 4367 melia
2098 4312 2315 4367 allicere
2343 4313 2667 4384 oportebat?
2713 4313 2974 4381 Minime;
3022 4316 3131 4370 imo
3168 4315 3499 4370 contumelia

1911 4406 2225 4459 afticientem
2265 4403 2407 4460 ferre
2436 4420 2532 4475 par
2559 4414 2695 4461 erat.
2740 4406 2870 4462 lure
2912 4406 2999 4463 hic
3031 4418 3320 4479 quaeratur,
3361 4424 3494 4479 quo-

1911 4495 2070 4551 modo
2118 4496 2185 4560 is,
2213 4496 2304 4566 qui
2342 4496 2469 4552 alibi
2506 4496 2654 4564 dicit,
2698 4496 2826 4553 Cum
2848 4497 3216 4564 maledicimur,
3244 4500 3495 4553 benedici-

1913 4604 2053 4650 mus;
2083 4604 2197 4641 cum
2226 4589 2659 4658 persequutionem
2685 4592 2925 4659 patimur,
2952 4590 3349 4660 sustmemus(l.
3369 4590 3488 4644 Cor.

1911 4682 1963 4735 4.
1999 4680 2119 4749 12);
2151 4679 2237 4735 hic
2271 4682 2595 4736 contrarium
2624 4680 2771 4749 facit,
2815 4698 2915 4737 nec
2944 4683 3105 4738 modo
3138 4683 3497 4749 conviciatur,

1911 4773 2005 4827 sed
2034 4775 2195 4828 etiam
2224 4774 2537 4829 maledicit?
2575 4776 2731 4830 Absit
2756 4794 2772 4831 :
2802 4786 3050 4832 neutrum
3080 4777 3271 4832 horum
3296 4776 3494 4832 fecisse

1912 4864 2365 4934 deprehenditur;
2410 4866 2505 4921 sed
2546 4867 2591 4921 si
2620 4867 2740 4937 quis
2777 4877 3023 4922 accurate
3047 4868 3373 4932 consideret,
3423 4867 3492 4922 Ii-

1913 4958 2041 5013 bere
2083 4958 2351 5027 loquentis
2386 4959 2555 5029 magis
2580 4969 2704 5015 sunt
2734 4961 2916 5025 verba,
2962 4976 3119 5031 quam
3156 4962 3275 5016 irati
3306 4979 3321 5018 ε
3351 4963 3492 5018 alio-

1914 5050 2041 5118 quin
2082 5064 2210 5104 vero
2244 5050 2463 5104 nolebat
2500 5050 2711 5104 tribuno
2743 5052 3158 5122 contemptibilis
3202 5053 3389 5109 videri.
3433 5054 3507 5110 Si-

1913 5144 2056 5198 euim
2082 5143 2171 5197 ille
2196 5158 2227 5201 a
2248 5142 2566 5213 ﬂagellando
2589 5142 2865 5207 abstinuit,
2896 5154 3080 5215 utpote
3101 5145 3274 5215 ipsum
3294 5146 3498 5205 Judteis

1917 5235 2224 5298 traditurus,
2275 5234 2417 5304 quod
2464 5248 2495 5289 a
2544 5234 2760 5291 famulis
2800 5234 3119 5304 caederetur,
3150 5238 3319 5308 magis
3346 5239 3494 5295 illum

1913 5326 2169 5381 audacem
2191 5325 2511 5381 reddidisset
2538 5343 2553 5381 :
2584 5325 2705 5381 ideo
2730 5342 2841 5382 non
2864 5326 3186 5396 ministrum,
3204 5331 3299 5386 sed
3320 5330 3494 5401 ipsum

1910 5419 2184 5489 jubentem
2212 5416 2540 5488 aggreditur.
2570 5416 2701 5472 Illud
2728 5434 2876 5486 vero,
2921 5418 3101 5475 Paries
3126 5420 3373 5487 dealbate.
3411 5421 3494 5476 in-

1914 5516 2049 5584 quit,
2080 5523 2131 5567 tu
2152 5512 2330 5566 sedens
2343 5513 2551 5583 judicas
2581 5529 2661 5567 me
2681 5515 2959 5568 secundum
2988 5514 3165 5586 legem,
3193 5530 3256 5568 ac
3285 5514 3330 5568 si
3351 5512 3496 5569 dico-

1913 5615 2045 5661 ret:
2079 5605 2224 5660 Reus
2267 5620 2387 5659 cum
2417 5606 2512 5671 sis,
2558 5616 2614 5661 et
2656 5606 2838 5662 multis
2885 5606 3055 5677 plagis
3093 5607 3304 5676 dignus.
3358 5604 3514 5662 Vide.

1916 5713 2066 5768 ergo,
2094 5697 2363 5768 quomodo
2383 5712 2447 5753 ex
2471 5698 2587 5769 ejus
2615 5698 2825 5755 dicendi
2848 5698 3092 5754 libertate
3117 5697 3338 5768 populus
3371 5712 3493 5768 pcr-

1920 5790 2100 5847 culsus
2130 5790 2307 5849 fuerit.
2342 5790 2473 5848 Cum
2502 5794 2645 5849 cnim
2674 5792 2998 5866 Oportuisset
3052 5801 3220 5849 totum
3270 5792 3493 5850 subver»
