3948 6514
432 345 533 403 335

433 476 571 531 tere,
616 463 795 534 potius
838 462 1257 522 debacchantur.
1316 461 1409 515 Ille
1450 475 1583 516 vero
1632 461 1803 531 legem
1844 461 2011 529 ipsam

436 555 585 625 legit,
619 564 676 609 ut
702 553 949 609 ostendat
975 568 1034 608 se
1068 567 1172 606 non
1193 568 1261 605 ex
1286 562 1451 615 metu,
1480 566 1578 606 nec
1603 551 1742 620 quod
1770 551 2017 621 indignus

436 658 582 704 esset
627 648 716 718 qui
756 648 987 713 audiret,
1037 646 1153 701 haec
1188 645 1408 712 dixisse,
1460 646 1555 700 sed
1598 646 1700 715 legi
1744 647 2019 716 obtempe-

436 755 603 799 rasve.
664 740 733 795 Et
773 740 993 795 omnino
1033 753 1317 808 persuasus
1360 752 1479 791 sum
1522 738 1813 793 neseis-isse
1843 738 2015 802 illum,

432 832 574 904 quod
603 833 850 903 princeps
878 831 1216 888 sacerdotum
1248 838 1413 896 esset,
1455 835 1599 900 quod
1645 840 1765 900 post
1804 830 2017 900 longum

435 936 646 994 tempus
673 925 937 985 rediisset.
967 938 1066 978 nec
1087 924 1392 991 frequenter
1412 922 1628 977 Iudaeos
1655 922 2016 988 convenisset,

434 1016 745 1085 videretque
787 1030 908 1070 eum
956 1014 1011 1068 in
1053 1015 1231 1069 medio
1268 1015 1494 1069 aliorum
1554 1016 1880 1070 multorum:
1913 1029 2017 1067 non

435 1108 579 1162 enim
604 1106 917 1161 manifestus
937 1115 1046 1161 erat
1072 1107 1321 1176 princeps
1347 1106 1685 1161 sacerdotum
1717 1105 1856 1160 inter
1886 1105 2022 1159 mul-

437 1211 516 1252 tos
543 1209 596 1255 et
622 1198 862 1253 diversos
890 1198 1129 1253 adstans.
1160 1199 1233 1253 Ita
1255 1199 1384 1252 mihi
1406 1198 1614 1252 videtur
1640 1198 1763 1251 illos
1793 1197 2014 1267 alloqui,

436 1289 727 1344 ostendens
753 1304 813 1343 se
843 1289 944 1359 legi
972 1290 1348 1358 obtemperare
1372 1306 1386 1353 ;
1419 1288 1642 1357 ideoque
1663 1302 1782 1343 sese
1810 1296 2018 1358 purgat.

436 1380 539 1436 Sed
567 1379 817 1450 superius
842 1382 982 1435 dicta
1008 1389 1335 1450 repetamus.
1370 1378 1553 1433 Oranti
1582 1380 1706 1433 mihi
1730 1381 1783 1433 in
1814 1380 2018 1450 templo,

440 1473 630 1543 inquit,
655 1472 841 1525 accidit
885 1481 938 1525 ut
972 1473 1026 1525 in
1069 1473 1255 1525 exstasi
1299 1472 1491 1540 ﬁerem.
1520 1470 1591 1526 Ut
1631 1471 1878 1526 ostendat
1916 1486 2019 1526 non

439 1564 770 1631 phantasiam
813 1562 996 1627 fuisse,
1054 1562 1176 1618 ideo
1223 1562 1428 1617 addidit
1468 1563 1616 1628 illud,
1659 1561 1839 1616 Oranti
1875 1563 2019 1616 mihi.

441 1656 650 1712 Festina
688 1667 733 1710 et
773 1658 853 1710 cxi
886 1657 1007 1720 cito,
1040 1658 1229 1727 inquit,
1256 1658 1375 1727 quia
1397 1658 1735 1712 testimonium
1757 1668 1897 1711 tuum
1921 1674 2023 1711 non

436 1750 695 1821 recipient.
748 1750 847 1805 llic
869 1751 1125 1817 ostendit,
1148 1766 1206 1806 se
1228 1766 1333 1805 non
1365 1752 1723 1820 periculorum
1767 1761 1911 1806 metu
1957 1751 2024 1805 ab

438 1842 548 1896 illis
568 1842 840 1912 effugisse,
877 1841 969 1896 sed
995 1841 1120 1912 quia
1152 1860 1256 1895 non
1288 1843 1586 1911 suscepturi
1616 1852 1769 1897 erant
1793 1842 2025 1896 testimo-

438 1933 584 2001 nium
611 1948 787 1988 suum.
813 1933 921 1988 Cur
943 1948 1071 1988 vero
1092 1934 1246 1997 dixit,
1268 1933 1377 2003 Ipsi
1400 1936 1584 1997 sciunt,
1608 1935 1745 2005 quod
1771 1951 1861 2004 ego
1888 1950 2025 1987 eram

438 2025 705 2096 alligans?
734 2026 849 2080 Non
870 2025 1084 2082 Christo
1105 2027 1501 2092 contradiceus,
1529 2028 1696 2093 absit;
1726 2028 1817 2082 sed
1841 2028 2025 2082 volens

438 2116 650 2177 discere
671 2126 777 2170 tam
809 2116 1053 2172 mirabile
1078 2133 1237 2187 opus.
1291 2117 1450 2178 Vade.
1480 2119 1669 2187 inquit,
1698 2120 1818 2187 quia
1841 2135 1932 2189 ego
1958 2118 2026 2171 ad

442 2219 613 2279 gentes
639 2210 818 2279 procul
836 2209 1248 2264 mittamte.Vide
1268 2225 1283 2261 :
1300 2225 1404 2263 non
1426 2209 1606 2263 docuit
1624 2226 1744 2263 eum
1763 2210 2023 2269 Christus.

440 2301 567 2371 quid
596 2310 871 2370 oporteret
888 2303 1092 2367 facere;
1119 2302 1211 2357 sed
1234 2304 1369 2357 dixit
1390 2313 1592 2357 tantum
1614 2313 1670 2356 ut
1686 2303 1877 2369 abiret,
1905 2304 2025 2357 ille-

443 2409 549 2462 que
568 2394 881 2465 obsequitur
916 2416 928 2451 :
959 2395 1094 2450 adeo
1142 2396 1438 2466 morigerus
1481 2405 1615 2451 erat.
1652 2397 1715 2449 Et
1745 2397 2026 2451 levaverunt

444 2500 610 2538 vocem
637 2502 804 2552 suam,
834 2487 1025 2556 inquit,
1057 2488 1276 2541 dicentes
1306 2504 1325 2541 :
1350 2484 1492 2541 Tolle
1539 2504 1691 2551 eum;
1747 2505 1848 2543 non
1896 2492 2029 2544 enim

451 2578 678 2630 convenit
702 2586 757 2631 ut
784 2579 934 2632 vivat.
962 2577 1006 2633 Ο
1033 2579 1310 2634 audaciam
1338 2586 1351 2634 ι
1405 2580 1562 2635 Certe
1588 2596 1685 2635 vos
1712 2582 1889 2635 vivere
1921 2598 2029 2635 non

447 2670 718 2735 convenit,
761 2686 865 2725 non
901 2672 1029 2725 item
1076 2671 1143 2725 de
1174 2672 1277 2727 hoc
1304 2672 1533 2738 dicatur,
1565 2674 1653 2743 qui
1697 2674 1749 2727 in
1781 2674 2031 2730 omnibus

444 2760 556 2814 Deo
581 2760 912 2829 obsequitur.
939 2762 983 2815 0
1006 2762 1217 2817 scelesti
1252 2772 1305 2815 et
1327 2761 1640 2818 homicidae!
1675 2763 1741 2818 Et
1770 2766 2030 2819 excutien-

447 2862 520 2905 tes
560 2862 733 2917 vestes,
783 2852 972 2922 inquit,
1004 2853 1257 2923 pulverem
1303 2855 1582 2909 mittebant.
1633 2854 1701 2910 Ut
1730 2857 2030 2925 graviorem

449 2944 748 2999 excitarent
797 2944 1137 3009 seditionem,
1171 2944 1272 2999 hoc
1322 2944 1609 3012 faciebant,
1655 2956 1748 3000 aut
1786 2956 1843 3002 ut
1882 2948 2030 3017 prin-

449 3035 625 3106 cipem
672 3045 955 3092 terrerent.
983 3037 1052 3093 Et
1074 3038 1196 3094 vide
1225 3057 1239 3092 :
1277 3053 1382 3093 non
1433 3039 1615 3093 dicunt
1643 3055 1880 3103 causam,
1908 3043 2032 3112 quia

453 3130 585 3186 nihil
642 3130 926 3187 dicendum
995 3131 1297 3197 habebant,
1345 3134 1439 3189 sed
1482 3133 1719 3187 clamore
1762 3147 1823 3189 se
1864 3144 2035 3189 terro-

448 3237 566 3279 rem
599 3224 838 3280 incutere
868 3225 1248 3295 putant:atqui
1278 3224 1345 3280 ab
1370 3227 1768 3282 accusatoribus
1787 3228 2035 3284 ediscen-

455 3317 581 3384 dum
604 3326 738 3372 erat.
767 3317 837 3371 Et
861 3317 1092 3372 tribunus
1122 3319 1306 3385 timuit,
1352 3319 1543 3389 inquit,
1575 3336 1878 3391 cognoscens
1903 3324 2037 3392 quod

453 3411 718 3465 Romanus
742 3420 887 3465 esset.
912 3410 1029 3466 Non
1056 3421 1171 3466 erat
1195 3426 1322 3482 ergo
1349 3412 1707 3479 mendacium,
1734 3414 1874 3482 quod
1898 3414 2034 3468 Pau-

462 3505 545 3559 lus
568 3505 772 3560 diceret
792 3504 1159 3559 seRomanum
1184 3519 1322 3559 esse.
1353 3504 1421 3559 Et
1437 3505 1585 3559 solvit
1609 3522 1721 3559 eum
1745 3523 1777 3559 a
1803 3507 2035 3572 vinculis,

460 3597 650 3666 inquit,
701 3605 748 3650 et
801 3598 1056 3651 adducens
1104 3598 1280 3650 statuit
1330 3613 1443 3651 eum
1489 3598 1544 3651 in
1587 3598 1875 3652 concilium.
1927 3598 2041 3654 Hoc

458 3686 741 3756 oportebat
791 3686 1001 3753 facere,
1053 3702 1227 3757 neque
1274 3687 1414 3742 velle
1463 3686 1752 3758 ﬂagellare,
1807 3689 1902 3743 sed
1950 3706 2039 3744 re-

458 3780 702 3849 linquere
755 3794 877 3835 eum
910 3821 926 3847 ,
983 3781 1075 3849 qui
1133 3780 1265 3834 nihil
1319 3781 1548 3835 vinculis
1602 3780 1820 3850 dignum
1876 3780 2037 3835 fecis-

459 3886 563 3930 set.
618 3873 685 3927 Et
730 3874 877 3927 solvit
910 3891 1045 3939 eum,
1096 3875 1281 3943 inquit,
1312 3883 1358 3928 et
1387 3875 1455 3928 ad
1480 3875 1599 3928 illos
1638 3875 1873 3928 adduxit.
1928 3875 2041 3930 Hoc

461 3965 693 4020 maxime
723 3966 739 3996 ¹
766 3966 954 4020 anxios
978 3965 1209 4021 reddidit
1259 3966 1496 4021 Judazos.
1550 3965 1825 4020 Intendens
1872 3976 2041 4020 autem

461 4058 662 4114 Paulus
703 4061 759 4116 in
794 4059 1086 4123 concilium,
1116 4060 1304 4130 inquit,
1348 4060 1476 4113 dixit
1499 4074 1518 4113 :
1555 4058 1663 4112 Viri
1692 4063 1896 4127 fratres.
1944 4060 2042 4114 llic

459 4169 521 4207 se
574 4153 822 4208 fidentem
869 4153 1123 4219 ostendit,
1167 4162 1222 4210 et
1277 4153 1714 4221 imperterritum.
1764 4151 1870 4208 Sed
1923 4152 2043 4207 vide

462 4246 674 4299 illorum
715 4246 1101 4315 petulantiam;
1141 4246 1414 4317 subjunxit
1438 4246 1581 4301 enim
1613 4264 1626 4300 :
1658 4246 1906 4315 Princeps
1950 4263 2045 4299 au-

462 4348 561 4391 tem
604 4338 922 4391 sacerdotum
953 4339 1179 4392 Ananias
1232 4340 1467 4409 praecepit
1497 4348 1552 4392 ut
1603 4349 1946 4408 percuteretur
1988 4356 2045 4395 os

468 4431 596 4497 ejus.
626 4428 736 4483 Cur
779 4430 1047 4498 percutis?
1083 4429 1208 4500 quid
1237 4430 1378 4484 enim
1404 4431 1848 4486 contumeliosum
1868 4432 2044 4486 dixit?

465 4520 509 4571 ()
540 4518 955 4588 impudentiam!
992 4535 1025 4573 ο
1049 4520 1354 4577 audaciam!
1386 4520 1525 4579 Tunc
1547 4519 1739 4578 Paulus
1765 4522 1892 4578 dixit
1913 4523 1993 4577 illi
2026 4538 2046 4578 :

470 4609 726 4666 l’crcutiet
769 4620 817 4664 te
836 4609 997 4679 Deus,
1024 4612 1191 4682 paries
1220 4610 1468 4665 dealbate.
1498 4595 1677 4681 Papia,
1706 4613 2040 4669 libertatem!

466 4703 546 4757 0b
594 4701 901 4774 hypocrisin
941 4714 995 4758 et
1050 4704 1380 4773 iniquitatem
1425 4703 1572 4758 illum
1621 4705 1891 4760 traducit:
1925 4705 2047 4761 ideo

462 4793 622 4863 etiam
671 4794 1001 4867 reprimitur.
1030 4794 1148 4864 Ipse
1175 4810 1303 4849 vero
1326 4794 1519 4852 dubius
1546 4810 1613 4850 ne
1642 4796 1803 4850 audet
1829 4796 2043 4865 quidem

466 4887 644 4957 loqui;
693 4885 789 4942 sed
833 4886 923 4958 qui
973 4888 1123 4956 juxta
1180 4887 1330 4941 illum
1358 4897 1543 4949 erant,
1587 4890 1703 4959 ejus
1746 4891 2043 4947 libertatem

466 4996 571 5055 non
602 4978 855 5034 tulerunt.
908 4980 982 5035 ita
1027 4980 1280 5036 videbant
1327 4981 1599 5038 hominem
1656 4992 1881 5038 mortem
1938 5001 2042 5040 non

466 5082 767 5137 curantem,
815 5084 869 5128 et
897 5089 1001 5127 non
1029 5075 1416 5129 sustinuerunt.
1466 5074 1789 5141 Nesciebam,
1842 5078 2040 5148 inquit,

468 5163 603 5231 quod
629 5180 855 5217 summus
894 5166 1128 5220 sacerdos
1150 5168 1234 5221 sit.
1284 5167 1425 5238 Ergo
1444 5182 1512 5223 ex
1542 5169 1835 5239 ignorantia
1867 5172 2043 5227 incre-

465 5254 612 5320 patio
638 5253 733 5307 fuit
760 5272 775 5306 :
808 5256 907 5310 nisi
934 5258 1074 5311 enim
1099 5259 1200 5313 hoc
1224 5270 1387 5325 esset,
1418 5261 1508 5315 illo
1546 5273 1768 5333 accepto
1803 5265 2042 5331 abiissct,

464 5360 565 5401 nec
593 5344 863 5411 tacuisset,
903 5357 1062 5418 atque
1090 5350 1262 5418 ipsum
1291 5352 1393 5406 illis
1430 5353 1672 5411 tribunus
1717 5356 2041 5411 tradidisset.

534 5439 589 5493 '5.
620 5437 719 5493 Hic
744 5453 909 5509 porro
932 5441 1166 5495 ostendit
1192 5458 1253 5497 se
1280 5445 1508 5500 libenter
1542 5448 1657 5502 haec
1688 5449 1794 5516 pati
1827 5465 1841 5501 :
1875 5458 2037 5520 atque

466 5530 539 5583 ita
565 5530 829 5586 rationem
852 5530 1032 5587 reddit
1057 5547 1179 5597 cum
1221 5536 1326 5590 illis
1353 5577 1369 5601 ,
1411 5536 1515 5606 legi
1539 5553 1598 5595 se
1627 5541 1847 5611 obsequi
1874 5585 1890 5609 ,
1938 5560 2041 5598 non

465 5622 574 5701 illis
615 5620 1021 5692 demonstrans;
1060 5640 1182 5679 nam
1229 5627 1351 5682 illos
1397 5629 1682 5685 admodum
1734 5635 2039 5689 damnabat.

496 5762 552 5830 sit
586 5759 643 5810 ιη
672 5753 829 5830 tribus
848 5756 997 5830 Codd.
1037 5762 1220 5830 legitur
1246 5778 1273 5830 :_
1291 5774 1388 5817 Hoc
1409 5766 1649 5829 oportebat
1680 5770 1842 5830 facere
1864 5770 1925 5821 ab
1948 5772 2041 5824 ini-

470 5820 557 5865 tio.
576 5841 598 5869 ε
614 5821 821 5874 solutum
845 5834 908 5875 aa
933 5826 1041 5877 illos
1081 5820 1311 5877 adduxit.
1334 5844 1355 5874 υ
1391 5820 1491 5880 Hoc
1515 5820 1743 5891 maxime,
1767 5842 1864 5882 etc.

1158 347 1212 402 S.
1251 345 1525 403 JOANNIS
1561 345 2030 403 CHRYSOSTOMI
2068 346 2383 402 ARCIIIEP.
2423 348 2960 407 CONSTANTINUP.

3612 360 3709 413 336

2126 461 2353 533 Pmpter
2393 464 2563 533 legem
2610 465 2771 535 igitur
2811 467 3071 520 rationem
3101 467 3302 535 reddit,
3353 487 3457 525 non
3497 485 3711 542 pTOplcr

2125 555 2417 625 populum;
2446 565 2499 610 et
2523 557 2645 625 jure
2674 557 2889 627 quidem
2922 574 2936 610 :
2970 573 3092 612 nam
3124 576 3245 614 eum
3268 602 3283 627 ,
3332 564 3423 632 qui
3468 579 3527 617 se
3575 564 3709 618 nihil

2124 646 2361 714 lmsvrat,
2391 658 2445 704 ct
2472 650 2811 706 innocentem
2842 650 3091 705 occidere
3121 652 3357 722 iniquum
3386 664 3522 709 erat.
3552 655 3715 726 igitur

2124 740 2265 810 quod
2292 742 2360 795 ab
2391 742 2480 795 illo
2505 742 2706 797 dictum
2737 752 2860 807 est,
2905 758 3014 798 non
3056 746 3380 801 contumelia
3420 758 3576 813 erat;
3610 749 3712 809 nisi

2125 831 2245 900 quis
2268 832 2411 886 dicat
2435 832 2706 889 Christum
2738 834 3120 889 contumeliam
3155 836 3416 905 proferre,
3438 852 3561 892 cum
3593 840 3668 891 ait
3696 855 3714 892 :

2135 923 2224 979 Va:
2241 926 2377 979 vobis
2400 927 2576 981 scribis
2602 936 2649 980 et
2676 926 2980 993 Pliaristeis,
3009 929 3127 999 quia
3151 927 3339 982 similes
3366 930 3484 982 estis
3509 931 3717 999 parieti-

2126 1017 2217 1073 bus
2243 1018 2489 1073 dealbatis
2530 1019 2742 1092 (Matth.
2771 1020 2864 1076 25.
2899 1020 3017 1089 27).
3050 1021 3245 1087 Etiam,
3275 1022 3518 1091 inquies;
3546 1022 3639 1077 sed
3670 1023 3716 1075 si

2126 1120 2411 1181 antequam
2436 1112 2815 1168 verberaretur
2841 1113 2945 1169 hoc
2964 1114 3209 1180 dixisset,
3242 1131 3348 1169 non
3382 1114 3570 1171 fuisset
3598 1116 3716 1174 irzc.

2126 1204 2219 1258 sed
2250 1204 2479 1259 fiduciae.
2508 1204 2707 1260 Verum
2749 1220 2963 1261 causam
3002 1206 3134 1271 dixi,
3166 1207 3307 1277 quod
3335 1207 3502 1263 nollet
3523 1206 3721 1276 despc-

2127 1298 2233 1351 ctui
2270 1297 2476 1354 haberi.
2511 1300 2669 1370 Atqui
2715 1316 2857 1370 smpe
2879 1300 3126 1356 Christus
3155 1301 3369 1356 Judaeos
3395 1301 3719 1356 contumelia

2128 1388 2340 1457 affecit,
2370 1391 2483 1459 ipse
2519 1392 2843 1447 contumelia
2886 1393 3115 1448 aﬂ‘ectus
3138 1434 3153 1458 ,
3185 1402 3241 1447 ut
3268 1409 3391 1448 cum
3418 1393 3549 1449 dicit
3578 1409 3594 1447 :
3635 1393 3720 1446 Ne

2130 1482 2315 1550 putetis
2357 1483 2491 1551 quod
2516 1499 2607 1553 ego
2648 1499 2879 1538 accusem
2906 1501 2993 1538 vos
3040 1482 3222 1556 (Joan.
3271 1484 3325 1539 5.
3355 1484 3471 1553 45).
3516 1485 3585 1538 At
3613 1483 3717 1537 hoc

2130 1574 2453 1629 contumelia
2477 1589 2580 1629 non
2598 1583 2700 1639 est,
2724 1575 2882 1629 absit.
2902 1575 3038 1630 Vide
3055 1590 3183 1645 ergo
3206 1590 3325 1629 cum
3353 1586 3548 1645 quanta
3568 1590 3719 1628 tuan-

2129 1665 2414 1720 suetudine
2443 1665 2563 1720 illos
2589 1666 2913 1735 alloquatur.
2961 1664 3261 1719 Nesciebam
3281 1707 3296 1732 ,
3330 1666 3533 1735 inquit,
3580 1664 3717 1733 quod

2128 1774 2353 1812 summus
2372 1757 2607 1811 sacerdos
2632 1758 2724 1811 Dei
2749 1767 2897 1813 esset.
2922 1758 3035 1813 Hoc
3055 1758 3209 1824 dixit,
3241 1773 3414 1827 neque
3437 1758 3522 1811 hic
3548 1757 3715 1819 stetit;

2129 1848 2224 1905 sed
2251 1849 2542 1904 ostendens
2566 1864 2625 1903 se
2648 1865 2756 1903 non
2788 1851 2990 1941 ironice
3021 1850 3186 1919 loqui,
3212 1849 3395 1904 addit:
3424 1848 3718 1918 Principem

2131 1941 2311 2011 populi
2333 1943 2406 1995 tui
2433 1959 2534 1996 non
2558 1944 2847 1997 maledices.
2880 1943 3071 1998 Viden’
3095 1943 3363 2013 quomodo
3390 1943 3542 1998 illum
3574 1943 3720 2013 prin-

2129 2032 2301 2102 cipem
2328 2034 2501 2089 adhuc
2524 2034 2847 2089 confitetur?

2205 2126 2549 2182 Mansuetudo
2574 2128 2974 2183 commendatur.
2990 2159 3061 2168 —
3081 2128 3361 2183 Discamus
3389 2142 3517 2198 ergo
3539 2135 3593 2181 et
3620 2142 3719 2180 nos

2132 2220 2616 2285 mansuetudinem,
2649 2229 2707 2273 ut
2728 2220 2780 2274 in
2806 2220 3047 2289 utrisque
3075 2220 3244 2274 simus
3273 2218 3515 2287 perfecti.
3549 2218 3714 2272 Multa

2132 2313 2274 2365 enim
2301 2312 2642 2366 accuratione
2662 2326 2797 2382 opus
2821 2319 2931 2376 est,
2958 2319 3017 2364 ut
3037 2310 3273 2364 discatur
3293 2309 3418 2379 quid
3446 2310 3567 2368 hoc.
3591 2310 3719 2378 quid

2133 2404 2265 2459 illud
2293 2404 2361 2459 sit
2402 2405 2787 2458 :accuratione
2833 2412 3011 2457 autem
3053 2417 3191 2471 opus
3231 2410 3343 2468 est,
3373 2402 3497 2471 quia
3546 2402 3721 2454 vicina

2133 2507 2259 2551 sunt
2285 2495 2569 2551 virtutibus
2596 2495 2723 2549 vitia
2746 2536 2763 2561 ,
2793 2493 3006 2550 dicendi
3038 2494 3269 2549 libertati
3297 2492 3539 2561 audacia,
3569 2508 3724 2547 man-

2132 2588 2397 2645 suetudini
2414 2589 2639 2657 ignavia.
2656 2587 2964 2643 Cavendum
2985 2595 3161 2641 autem
3185 2595 3288 2652 est,
3308 2601 3375 2641 ne
3391 2586 3509 2655 quis
3531 2586 3722 2637 vitium

2136 2692 2323 2736 tenens
2346 2681 2597 2735 virtutem
2623 2695 2682 2734 se
2713 2687 2863 2747 putet
2893 2678 3094 2732 habere
3119 2695 3133 2743 ;
3166 2687 3223 2731 ut
3247 2678 3291 2731 si
3321 2678 3441 2746 quis
3470 2676 3726 2745 opinetur

2136 2788 2195 2828 se
2210 2772 2631 2844 jungidominze,
2660 2770 2786 2824 dum
2809 2771 3049 2840 jungitur
3078 2769 3304 2824 ancillae.
3327 2768 3464 2835 Quid
3490 2778 3571 2823 est
3592 2782 3725 2836 ergo

2136 2864 2489 2920 mansuetudo
2512 2903 2531 2929 ,
2570 2872 2626 2918 et
2651 2862 2778 2932 quid
2819 2870 2901 2917 est
2932 2860 3184 2932 ignavia?
3208 2858 3344 2914 Cum
3390 2860 3523 2912 alios
3564 2860 3675 2912 best
3696 2872 3726 2912 s

2138 2972 2245 3012 non
2285 2954 2658 3021 defendimus,
2700 2953 2793 3008 sed
2835 2962 3113 3019 tacemus,
3157 2950 3290 3005 illud
3335 2960 3419 3005 est
3452 2950 3661 3021 ignavia
3704 2962 3727 3004 :

2137 3048 2353 3119 quando
2378 3055 2556 3101 autem
2584 3045 2723 3101 male
2748 3044 2925 3099 allecti
2951 3043 3241 3098 toleramus
3261 3083 3276 3107 ,
3309 3042 3437 3096 illud
3470 3052 3553 3096 est
3573 3058 3730 3095 man-

2137 3141 2386 3197 suetudo.
2428 3140 2566 3209 Quid
2605 3149 2691 3195 est
2733 3138 2986 3209 loquendi
3030 3138 3290 3193 libertas?
3332 3136 3465 3190 illud
3506 3136 3727 3203 ipsum,

2137 3250 2258 3289 cum
2285 3249 2384 3304 pro
2408 3234 2530 3288 aliis
2555 3232 2916 3287 decertamus.
2935 3230 3072 3298 Quid
3094 3229 3357 3284 audacia?
3382 3228 3609 3294 Quando
3626 3242 3732 3280 nes

2141 3327 2291 3396 ipsos
2332 3325 2513 3381 ulcisci
2544 3325 2811 3380 volumus.
2856 3322 3041 3393 Itaque
3088 3322 3250 3378 simul
3286 3321 3583 3391 junguntur
3609 3335 3729 3373 ma-

2138 3421 2460 3491 gnanimitas
2499 3428 2552 3475 et
2595 3418 2808 3473 dicendi
2848 3417 3099 3482 libertas;
3131 3417 3369 3486 itemque
3421 3414 3643 3468 audacia
3677 3423 3731 3465 et

2141 3516 2370 3586 ignavia.
2402 3515 2503 3581 Qui
2532 3514 2673 3570 enim
2702 3530 2801 3585 pro
2827 3514 3007 3584 seipso
3038 3529 3143 3567 non
3172 3511 3337 3577 dolet,
3370 3512 3455 3565 vix
3480 3526 3579 3580 pro
3608 3510 3733 3563 aliis

2141 3607 2380 3676 dolebit;
2412 3608 2503 3679 qui
2544 3623 2674 3663 vero
2708 3608 2945 3677 seipsum
2978 3621 3086 3660 non
3131 3604 3406 3659 ulciscitur
3429 3646 3444 3667 ,
3477 3604 3567 3656 vix
3593 3602 3733 3655 alios

2143 3716 2248 3755 non
2279 3701 2588 3754 ulciscetur.
2634 3700 2765 3754 Cum
2797 3699 2941 3754 enim
2969 3712 3147 3754 mores
3186 3706 3311 3751 sunt
3334 3711 3363 3749 a
3391 3695 3735 3765 passionihus

2144 3793 2259 3861 pttri
2279 3834 2293 3857 ,
2322 3792 2572 3846 virtutem
2600 3790 2907 3845 admittunt.
2935 3788 3007 3845 Ut
3035 3803 3230 3857 corpus
3271 3804 3299 3840 a
3342 3787 3476 3842 febri
3500 3785 3735 3841 liberum

2144 3885 2307 3939 robur
2345 3884 2566 3953 accipit,
2600 3883 2677 3937 sic
2723 3883 2900 3937 anima
2930 3880 3269 3952 passionihus
3296 3894 3402 3934 non
3435 3889 3697 3946 corrupta
3718 3918 3732 3940 ,

2145 3975 2508 4031 fortitudinem
2530 3974 2743 4044 accipit.
2771 3972 2972 4044 Magna:
2999 3971 3326 4026 fortitudinis
3356 3970 3620 4024 indicium
3655 3979 3735 4022 est

2146 4068 2540 4123 mansuetudo:
2568 4081 2831 4137 generosa
2870 4075 2925 4121 et
2950 4066 3085 4120 virili
3116 4065 3295 4118 anima
3334 4062 3729 4129 admodumquc

2146 4161 2360 4216 sublimi
2377 4174 2512 4230 opus
2531 4159 2692 4214 habet
2718 4156 3087 4213 mansuetudo.
3105 4157 3186 4211 An
3200 4170 3381 4226 parum
3403 4168 3527 4209 esse
3540 4163 3703 4223 putas
3718 4194 3733 4215 ,

2149 4253 2286 4307 male
2312 4250 2455 4306 allici
2484 4261 2538 4306 et
2568 4252 2673 4320 pati
2701 4292 2717 4316 ,
2758 4258 2814 4306 et
2841 4264 2949 4304 non
2989 4246 3336 4317 exasperari?
3373 4244 3487 4300 Nec
3510 4246 3736 4299 abem-

2146 4346 2319 4411 verit,
2348 4342 2439 4413 qui
2465 4357 2648 4397 curam
2666 4341 2895 4413 proximi
2916 4342 2997 4395 sui
3024 4339 3383 4395 fortitudinem
3416 4336 3736 4391 vocaverit:

2148 4435 2237 4507 qui
2264 4437 2409 4491 enim
2441 4443 2644 4489 tantum
2672 4433 2874 4499 valuit,
2904 4443 2963 4487 ut
2991 4440 3191 4486 tantam
3222 4431 3525 4500 passionem
3558 4428 3739 4482 vince-

2149 4539 2269 4595 ret,
2310 4529 2469 4584 aliam
2498 4543 2711 4599 quoque
2738 4526 2953 4597 aggredi
2977 4524 3213 4580 audebit.
3246 4523 3488 4592 Exempli
3527 4536 3691 4576 causa
3718 4561 3735 4583 ,

2148 4622 2269 4678 dum
2298 4622 2574 4692 passiones
2600 4630 2727 4677 sunt
2751 4622 2912 4676 timor
2938 4628 2994 4676 et
3018 4620 3095 4675 ira
3126 4636 3140 4673 :
3167 4618 3212 4674 si
3235 4618 3367 4672 iram
3392 4628 3739 4687 compescue-

2150 4718 2257 4784 ris,
2300 4717 2548 4772 timorem
2595 4724 2744 4771 certe
2780 4714 2997 4778 vinces;
3029 4712 3164 4768 iram
3201 4721 3377 4766 autem
3427 4709 3640 4771 vincis,
3688 4707 3738 4761 si

2151 4817 2463 4863 mansuetus
2503 4807 2578 4862 sis
2623 4825 2637 4860 :
2668 4807 2829 4877 igitur
2857 4815 2914 4860 et
2951 4804 3196 4859 timorem
3226 4803 3411 4857 vinces
3434 4844 3450 4865 ,
3489 4801 3535 4855 si
3578 4800 3739 4854 fortis

2150 4901 2335 4955 fueris.
2367 4899 2572 4954 Rursus
2617 4898 2659 4952 si
2699 4899 2835 4952 iram
2883 4912 2987 4951 non
3020 4897 3241 4960 viceris,
3283 4895 3451 4948 audax
3495 4893 3648 4957 eris;
3693 4894 3739 4947 si

2150 5004 2328 5049 autem
2360 4993 2462 5048 hoc
2492 4993 2676 5046 vitium
2721 5006 2828 5045 non
2856 4990 3225 5057 superaveris,
3272 5002 3444 5057 neque
3484 4988 3743 5039 timorem

2151 5102 2405 5157 superare
2430 5087 2630 5157 poteris
2662 5104 2675 5140 :
2705 5085 2883 5156 itaque
2906 5082 3284 5139 formidolosus
3311 5083 3450 5147 eris;
3475 5081 3743 5149 idipsum-

2150 5195 2254 5247 que
2281 5179 2506 5245 accidit,
2556 5192 2619 5233 ac
2660 5179 2704 5231 si
2745 5192 2941 5247 corpus
2968 5178 3039 5230 ita
3078 5176 3255 5230 debile
3295 5174 3454 5231 fuerit
3495 5184 3552 5229 et
3592 5174 3743 5229 male

2154 5280 2503 5341 temperatum
2524 5310 2539 5335 ,
2567 5279 2627 5325 ut
2645 5270 2852 5325 nullum
2879 5269 3051 5339 possit
3078 5266 3221 5323 ferre
3242 5266 3477 5321 laborem
3508 5283 3522 5319 :
3553 5266 3741 5319 statim

2152 5364 2237 5418 vel
2266 5378 2296 5417 a
2325 5362 2522 5434 frigore
2549 5363 2635 5418 vel
2661 5378 2691 5416 a
2721 5362 2901 5419 calore
2928 5361 3188 5431 abripitur
3219 5379 3234 5416 :
3263 5360 3368 5414 tale
3391 5374 3624 5428 namque
3655 5368 3746 5413 est

2151 5455 2205 5510 id
2248 5498 2263 5521 ,
2293 5455 2433 5527 quod
2476 5464 2560 5512 est
2593 5456 2730 5511 male
2785 5464 3170 5525 temperatum;
3198 5453 3338 5524 quod
3382 5464 3565 5507 autem
3595 5452 3747 5508 bene

2153 5559 2508 5619 temperatum
2535 5557 2649 5616 est,
2674 5551 2853 5604 omnia
2881 5547 3130 5603 sustinet.
3174 5547 3404 5602 Rursum
3452 5545 3745 5616 magnani-

2153 5643 2309 5697 mitas
2327 5643 2497 5698 virtus
2519 5653 2636 5708 est,
2658 5642 2840 5712 illique
2866 5642 3036 5696 vicina
3059 5649 3143 5697 est
3170 5640 3517 5711 prodigalitas
3546 5657 3560 5691 :
3586 5654 3744 5696 tneo-

2153 5737 2331 5789 nomia
2376 5734 2550 5789 virtus
2590 5742 2706 5797 est,
2747 5734 2954 5804 ipsique
2980 5734 3151 5788 vicina
3180 5742 3263 5788 est
3301 5732 3638 5802 parcimonia
3686 5741 3743 5786 et

2157 5826 2424 5884 sordities.
2456 5828 2568 5897 Age
2594 5842 2970 5897 ergo,rursum
2998 5826 3218 5882 virtutes
3247 5824 3587 5895 colligamus.
