3948 6504
147 393 253 455 337

222 512 349 580 Quis
367 511 432 565 sit
460 525 573 565 cere
590 484 959 581 magnanimus.
976 537 1046 547 —
1062 506 1175 561 Non
1204 522 1334 576 ergo
1355 509 1724 575 magnanimus

144 614 229 660 est
250 602 525 673 prodigus.
543 600 861 670 Quomodo?
887 599 986 666 Qui
1008 600 1152 655 mille
1175 601 1381 669 capitur
1400 597 1560 652 animi
1583 611 1723 650 mor-

144 694 260 761 bis,
291 693 563 764 quomodo
592 692 768 762 magni
802 690 961 746 fuerit
989 691 1195 745 animi?
1238 690 1421 760 Neque
1460 690 1602 744 enim
1634 688 1723 743 ille

142 788 402 857 pecunias
429 794 753 851 contemnet,
784 785 879 840 sed
905 785 1065 840 etiam
1092 784 1209 838 aliis
1232 784 1541 854 subjicietur
1561 782 1723 837 animi

143 879 384 936 morbis:
414 886 476 933 ut
514 878 558 932 si
592 879 712 948 quis
744 877 1040 932 latronibus
1067 893 1255 947 parere
1282 887 1505 947 cogatur
1525 917 1539 937 ,
1588 876 1725 931 liber

143 987 253 1026 non
282 972 387 1028 erit
411 988 427 1027 :
456 985 561 1026 non
588 971 728 1026 enim
750 985 813 1025 ex
835 969 1136 1025 divitiarum
1157 978 1461 1038 contemptu
1486 967 1542 1022 fit
1562 982 1723 1038 pecu-

141 1062 355 1116 niarum
378 1062 635 1132 profusio,
662 1061 756 1116 sed
777 1060 916 1131 quod
941 1062 1213 1131 ignoretur
1232 1101 1248 1123 ,
1271 1075 1376 1129 quo
1402 1070 1556 1129 pacto
1581 1070 1727 1115 recte

138 1152 564 1222 dispensandum
590 1152 662 1207 sit
689 1170 702 1206 :
737 1166 859 1206 nam
887 1152 932 1206 si
960 1152 1144 1206 liceret
1168 1162 1222 1206 et
1261 1152 1380 1206 illas
1405 1151 1637 1206 retinere
1671 1159 1728 1205 et

141 1243 252 1298 illis
272 1242 401 1311 frui,
432 1244 483 1298 id
510 1244 690 1314 utique
717 1244 897 1300 vellet.
925 1242 1026 1311 Qui
1053 1258 1199 1308 vero,
1225 1252 1282 1297 ut
1308 1251 1536 1313 oportet,
1566 1258 1727 1314 pecu-

141 1337 262 1391 nias
288 1335 530 1403 insumit,
557 1336 603 1391 is
623 1341 991 1406 magnanimus
1020 1344 1104 1390 est
1132 1353 1145 1389 :
1186 1350 1408 1406 magnus
1434 1336 1575 1390 enim
1602 1350 1728 1390 vere

141 1437 229 1482 est
273 1427 367 1481 ille
404 1426 652 1492 animus,
685 1426 777 1497 qui
824 1425 1036 1481 aﬂ‘ectui
1072 1442 1180 1480 non
1216 1427 1421 1491 servit,
1462 1427 1553 1497 qui
1593 1426 1726 1480 nihil

138 1527 299 1587 putat
333 1531 455 1572 esse
484 1517 759 1587 pecunias.
795 1516 1000 1572 Rursus
1027 1517 1324 1573 mconomia
1358 1517 1555 1572 bonum
1592 1527 1677 1572 est
1710 1534 1724 1571 :

138 1620 197 1666 et
218 1624 534 1665 (economus
572 1610 662 1665 ille
702 1609 936 1679 optimus
962 1607 1158 1673 fuerit,
1203 1608 1293 1679 qui
1317 1616 1375 1663 ut
1409 1617 1622 1679 oportet
1646 1611 1728 1663 in-

137 1705 347 1769 sumit,
388 1703 475 1773 qui
502 1717 609 1758 non
637 1711 839 1758 temere
869 1702 1087 1773 spargit.
1116 1703 1185 1757 At
1212 1704 1280 1758 de
1313 1703 1636 1773 parcimonia
1675 1710 1731 1757 et

138 1795 436 1850 tenacitate
461 1809 569 1848 non
598 1793 738 1849 idem
765 1793 1073 1849 dicendum.
1119 1792 1213 1848 llle
1251 1808 1481 1863 namque
1509 1794 1683 1848 onmia
1710 1835 1726 1860 ,

137 1897 201 1940 ut
239 1895 457 1955 oportet
481 1885 741 1950 insumit;
774 1885 861 1940 hic
885 1899 1014 1940 vero
1049 1900 1115 1940 ne
1145 1885 1375 1940 instante
1399 1884 1612 1955 quidem
1636 1901 1731 1940 ne-

136 1977 404 2031 cessitate
444 1978 697 2047 pecunias
725 1976 944 2046 profert.
980 1976 1321 2032 ()Economus
1347 1992 1474 2048 ergo
1515 1993 1732 2048 magna-

139 2070 276 2123 nimi
302 2069 469 2125 frater
494 2069 669 2125 fuerit.
693 2068 856 2142 igitur
876 2070 1032 2125 simul
1055 2086 1314 2140 ponemus
1336 2072 1730 2141 magnanimum

137 2176 198 2217 et
226 2179 603 2229 (nconomum;
634 2164 792 2219 simul
823 2164 1101 2235 prodigum
1126 2174 1178 2219 et
1207 2174 1448 2220 tenacem
1482 2183 1495 2219 :
1523 2166 1731 2235 utrique

136 2256 289 2309 cnim
338 2270 407 2310 ex
460 2254 751 2324 pusillitate
786 2255 949 2309 animi
987 2255 1091 2310 hoc
1130 2258 1440 2325 patiuntur;
1492 2258 1629 2311 sicut
1673 2267 1729 2313 ct

139 2346 224 2399 illi
252 2361 318 2398 ex
349 2346 805 2413 magnanimitate.
832 2345 911 2401 Ne
938 2346 1096 2417 igitur
1122 2348 1521 2417 magnanimum
1547 2348 1732 2419 appel-

141 2438 320 2490 lemus
379 2452 539 2505 eum,
578 2438 669 2508 qui
708 2446 911 2493 temere
953 2438 1242 2508 impendit,
1298 2439 1393 2494 sed
1439 2455 1561 2494 eum
1586 2481 1601 2507 ,
1641 2441 1731 2510 qui

138 2535 337 2597 erogat
362 2535 420 2580 ut
436 2536 677 2597 oportet;
708 2543 878 2599 neque
900 2543 1237 2585 (nconomum
1258 2530 1495 2585 dicamus
1516 2547 1732 2601 parcum

139 2632 195 2676 et
228 2631 473 2676 tenacem
491 2661 507 2686 ,
536 2622 629 2677 sed
657 2637 801 2687 eum,
834 2625 920 2692 qui
954 2624 1323 2694 intempestive
1346 2625 1584 2695 pecuniis
1604 2640 1729 2697 par—

141 2714 241 2767 cit.
270 2713 480 2780 Quauta
510 2712 660 2768 dives
686 2714 777 2769 ille
803 2715 1104 2784 insiimpsit,
1128 2716 1217 2786 qui
1246 2715 1559 2771 induebatur
1595 2734 1735 2786 pur-

145 2820 279 2874 pura
311 2815 369 2859 et
393 2805 599 2875 bysso(
632 2804 862 2861 Luc.i6.
894 2806 961 2861 19
987 2800 1008 2877 )
1030 2808 1053 2860 ?
1077 2806 1182 2863 Sed
1222 2822 1327 2862 non
1370 2816 1485 2863 erat
1509 2825 1730 2879 magna-

146 2900 327 2952 nimus
361 2897 585 2951 :anima
627 2912 857 2968 namque
891 2897 1007 2968 ejus
1051 2908 1105 2953 et
1148 2898 1460 2955 crudelitate
1496 2908 1549 2955 et
1588 2901 1733 2956 mille

148 2989 516 3058 voluptatibus
534 2988 901 3056 detinebatur;
928 2989 1042 3045 haec
1061 3000 1236 3046 autem
1257 2992 1523 3060 quomodo
1545 3008 1732 3062 magna

154 3081 348 3135 fuerit?
374 3080 745 3151 Magnanimus
773 3090 890 3137 erat
916 3083 1211 3148 Abraham,
1238 3083 1329 3153 qui
1357 3083 1424 3138 ad
1451 3082 1724 3153 hospitali-

164 3185 313 3227 tatem
346 3177 607 3245 pecunias
632 3174 965 3241 insumebat,
995 3176 1216 3230 vitulum
1248 3177 1532 3243 mactabat,
1562 3188 1616 3232 et
1646 3178 1733 3233 ubi

168 3282 288 3337 opus
310 3279 429 3323 erat
448 3309 465 3333 ,
495 3283 600 3323 non
630 3268 789 3323 modo
819 3269 1080 3339 pecuniis,
1111 3270 1206 3325 sed
1226 3271 1385 3325 etiam
1407 3271 1598 3325 animae
1623 3286 1735 3326 suae

161 3374 261 3413 non
287 3360 564 3428 parcebat.
604 3360 661 3416 Si
690 3376 817 3432 ergo
859 3363 1150 3417 viderimus
1189 3364 1492 3433 quempiam
1538 3365 1732 3421 lautam

153 3468 398 3507 mensam
428 3464 809 3523 apponentem,
836 3457 1153 3511 meretrices
1182 3466 1236 3511 et
1260 3458 1520 3526 parasitos
1541 3457 1740 3514 haben-

149 3552 258 3598 tem
280 3584 296 3608 ,
327 3559 397 3597 ne
418 3545 815 3614 magnanimum
844 3545 992 3599 illum
1018 3561 1303 3609 vocemus,
1330 3548 1424 3603 sed
1449 3549 1736 3604 admodum

147 3637 457 3692 sordidum.
485 3637 621 3694 Vide
650 3654 910 3708 namque,
944 3652 1074 3711 qu0t
1095 3641 1294 3697 morbis
1324 3643 1486 3697 animi
1513 3645 1733 3709 serviat,

147 3729 292 3799 gulae
317 3769 335 3794 ,
385 3728 633 3784 absurda:
674 3729 964 3800 voluptati,
997 3731 1286 3787 adulationi
1319 3750 1332 3786 :
1364 3734 1453 3803 qui
1499 3750 1626 3790 vero
1656 3734 1739 3791 his

1096 389 1163 446 IN
1201 390 1379 447 ACTA
1417 386 1935 445 APOSTOLORUM.
1976 387 2204 445 IIOMIL.
2247 386 2430 445 XLIX.

3294 392 3400 449 358

1827 501 2069 558 addictus
2110 512 2228 569 est,
2275 513 2332 559 ut
2373 517 2443 558 ne
2483 518 2645 558 unum
2693 502 2908 574 quidem
2942 521 3128 562 eorum
3168 507 3401 582 effugere

1828 597 2031 666 possit,
2068 598 2338 667 quomodo
2376 597 2497 669 quis
2545 599 2945 669 magnanimum
2987 603 3182 659 vocet?
3223 604 3402 675 Itaque

1827 687 1974 741 illum
2023 688 2146 743 hinc
2195 690 2366 758 potius
2394 690 2788 759 pusillanimum
2817 692 3123 748 vocabimus
3159 705 3402 762 ;quanto

1829 779 1979 849 plura
2002 780 2140 835 enim
2164 782 2480 850 profuderit,
2504 792 2650 838 tanto
2678 785 2845 854 magis
2885 786 3117 841 ostendit
3156 788 3400 843 vitiorum

1828 873 2038 927 illorqu
2083 874 2413 945 tyrannidem
2464 891 2476 927 :
2522 876 2623 931 nisi
2662 878 2805 933 enim
2843 877 2918 933 illi
2963 877 3118 935 valde
3169 879 3407 951 impera-

1826 975 1979 1030 rent,
2010 983 2113 1021 non
2147 975 2289 1022 tanta
2322 968 2630 1024 insumeret.

1900 1058 2233 1130 Eleemosyna
2259 1062 2653 1114 commendatur.
2677 1091 2748 1101 —
2774 1062 2999 1118 Rursum
3032 1064 3075 1118 si
3114 1064 3407 1121 vderimus

1831 1150 2134 1220 quempiam
2162 1150 2291 1205 nihil
2319 1150 2508 1205 horum
2536 1152 2727 1207 talibus
2756 1165 3062 1223 crogantem
3085 1198 3100 1222 ,
3130 1156 3223 1211 sed
3260 1172 3401 1225 pau-

1830 1256 1985 1309 peres
2023 1252 2362 1311 pascentem,
2401 1257 2597 1311 egenos
2631 1242 2941 1310 juvantem,
2984 1261 3105 1300 cum
3149 1246 3407 1316 frugalem

1829 1331 1931 1387 sibi
1973 1341 2126 1401 paret
2182 1347 2453 1395 mensam,
2502 1331 2641 1387 hunc
2679 1332 2965 1389 admodum
3011 1338 3406 1407 magnanimum

1830 1423 2070 1478 dicamus
2111 1442 2125 1478 :
2168 1425 2345 1494 magni
2393 1424 2590 1495 quippe
2634 1435 2717 1481 est
2745 1426 2907 1481 animi
2937 1443 3084 1482 suam
3131 1429 3411 1500 despicere

1831 1519 2062 1587 quietem
2088 1561 2102 1584 ,
2136 1528 2190 1574 et
2215 1519 2444 1574 alienam
2470 1533 2679 1573 curare.
2712 1520 2807 1575 Dic
2832 1521 2972 1575 enim
3001 1522 3153 1587 mihi,
3182 1525 3224 1576 si
3251 1539 3408 1593 quem

1831 1607 2042 1664 videres
2101 1618 2357 1680 tyrannos
2392 1624 2580 1665 omnes
2620 1610 3039 1680 despicientem,
3090 1613 3410 1684 illorumque

1826 1700 1973 1770 jussa
1999 1700 2145 1755 nihili
2176 1700 2457 1756 facientem
2482 1744 2496 1767 ,
2532 1717 2628 1757 eos
2655 1713 2832 1758 autem
2865 1704 2955 1773 qui
2989 1705 3056 1760 ab
3095 1705 3199 1759 illis
3226 1707 3411 1776 oppri-

1833 1805 2050 1850 muntur
2090 1796 2403 1865 eripientem
2457 1812 2473 1851 :
2520 1812 2696 1851 annon
2740 1797 2841 1852 hoc
2872 1814 3120 1867 magnum
3152 1801 3412 1868 putares?

1832 1885 1946 1941 Hoc
1969 1896 2024 1941 et
2050 1886 2135 1941 hic
2161 1888 2474 1955 cogitemus.
2510 1889 2684 1942 Animi
2711 1889 2931 1944 allectus
2956 1899 3010 1945 et
3037 1892 3205 1945 morbi
3231 1899 3413 1963 tyran-.-

1834 1978 1886 2032 111
1914 1986 2075 2041 sunt;
2106 1977 2152 2031 si
2176 1978 2294 2031 illos
2321 1978 2745 2048 despexerimus,
2780 1980 2953 2049 magni
2986 1982 3215 2047 erimus;
3246 1982 3291 2036 si
3313 1998 3411 2037 au-

1836 2078 1942 2123 tem
1972 2069 2106 2123 alios
2134 2069 2454 2139 eripiamus,
2494 2070 2650 2140 longe
2690 2072 2922 2141 majores
2953 2089 2967 2127 :
2995 2082 3049 2127 et
3074 2074 3265 2128 merito
3289 2074 3415 2143 qui-

1835 2158 1979 2214 dem.
2028 2159 2161 2214 Nam
2202 2161 2290 2229 qui
2338 2177 2441 2214 non
2471 2161 2630 2215 modo
2660 2162 2759 2216 sibi
2792 2163 3100 2229 sufficiunt,
3129 2164 3222 2219 sed
3251 2165 3413 2220 etiam

1836 2251 1976 2316 aliis,
2008 2251 2239 2320 majores
2266 2261 2391 2307 sunt
2412 2253 2535 2316 illis,
2567 2255 2657 2324 qui
2690 2264 2936 2310 neutrum
2967 2255 3183 2310 faciunt.
3208 2257 3263 2313 Si
3285 2273 3414 2315 vero

1837 2343 1955 2413 quis
2002 2359 2029 2395 a
2072 2353 2297 2415 tyranno
2331 2344 2511 2414 jussus
2547 2360 2613 2399 ex
2654 2347 2879 2400 subditis
2923 2348 3084 2401 alium
3116 2348 3406 2418 verberet,

1836 2437 1996 2491 alium
2030 2438 2234 2503 trahat,
2265 2438 2426 2491 alium
2455 2441 2777 2495 contumelia
2805 2439 3002 2495 alliciat
3021 2482 3037 2507 ,
3066 2458 3133 2496 an
3166 2443 3265 2497 hoc
3295 2459 3411 2498 ma-

1837 2529 2073 2598 gnanimi
2114 2543 2236 2583 esse
2262 2530 2539 2583 dicamus?
2566 2531 3015 2601 Haudquaquam,
3048 2544 3102 2588 et
3130 2543 3279 2588 tanto
3313 2534 3415 2589 mi.

1839 2634 1971 2685 nus,
2013 2628 2217 2688 quanto
2256 2621 2426 2689 major
2470 2620 2560 2675 ille
2611 2622 2791 2678 fuerit.
2835 2622 2908 2677 fta
2953 2638 3040 2678 res
3079 2625 3128 2677 in
3163 2625 3414 2694 pnescnti

1837 2718 1922 2765 est
1962 2731 1975 2765 :
2024 2725 2166 2764 nunc
2201 2710 2343 2765 enim
2372 2712 2684 2782 proponitur
2704 2713 2879 2768 anima
2910 2715 3104 2768 nobilis
3132 2726 3185 2770 et
3212 2716 3412 2782 libera;

1839 2802 1978 2857 hanc
2026 2803 2282 2873 prodigus
2319 2804 2477 2873 jussit
2526 2805 2729 2876 percuti
2777 2822 2807 2860 a
2852 2808 3027 2877 pravis
3074 2808 3352 2864 affectibus
3399 2828 3413 2864 :

1837 2908 2031 2948 eumne
2050 2894 2141 2964 qui
2167 2894 2399 2964 seipsum
2434 2898 2661 2965 percutit
2684 2940 2699 2964 ,
2728 2903 3120 2968 magnanimum
3142 2899 3378 2955 dicemus
3393 2903 3419 2956 ἲ

1837 2982 2203 3054 Nequaquam.
2238 2986 2377 3056 Ergo
2400 2986 2668 3043 discamus
2690 3031 2705 3054 ,
2735 2990 2862 3059 quid
2892 2990 2963 3044 sit
2987 2993 3413 3061 magnanimitas,

1839 3076 1966 3145 quid
2008 3077 2387 3147 prodigalitas;
2435 3080 2560 3149 quid
2606 3082 2991 3145 mansuetudo,
3022 3084 3147 3152 quid
3174 3085 3414 3155 ignavia;

1838 3168 1966 3237 quid
1990 3168 2201 3224 dicendi
2226 3169 2481 3238 libertas,
2509 3172 2636 3242 quid
2666 3173 2887 3228 audacia
2922 3196 2936 3229 .-
2970 3183 3026 3228 ut
3047 3174 3161 3230 haec
3193 3177 3334 3231 inter
3358 3193 3419 3234 se

1839 3261 2245 3332 distiuguentes,
2265 3279 2531 3334 possnmus
2553 3266 2777 3322 Domino
2804 3266 3072 3336 placentes
3099 3279 3416 3338 praesentem

1838 3357 2001 3410 vitam
2034 3357 2329 3427 transigere
2348 3399 2362 3423 ,
2392 3367 2448 3413 et
2472 3358 2649 3413 futura
2674 3360 2928 3429 consequi
2957 3360 3096 3414 bona
3118 3401 3132 3425 ,
3165 3362 3335 3430 gratia
3362 3372 3416 3417 et

1840 3447 2167 3518 benignitate
2205 3448 2472 3519 Unigeniti
2509 3450 2626 3519 ejus
2650 3492 2665 3518 ,
2699 3451 2910 3520 quicum
2941 3451 3084 3506 Patri
3122 3461 3176 3507 et
3198 3452 3421 3522 Spiritui

1841 3549 2030 3594 sancto
2076 3540 2244 3609 gloria
2266 3582 2281 3605 ,
2318 3540 2597 3610 imperium
2619 3583 2634 3607 ,
2665 3541 2841 3597 honor
2861 3582 2875 3607 ,
2908 3557 3049 3599 nunc
3087 3552 3142 3598 et
3170 3559 3413 3616 semper,

1840 3641 1894 3686 et
1919 3632 1972 3686 in
1999 3632 2191 3688 saecula
2223 3633 2562 3689 saeculorum.
2594 3636 2787 3691 Amen.

145 3854 3407 3879 Μ

1480 3948 1824 4010 HOMILIA
1867 3949 2101 4011 XLIX.

148 4074 291 4132 Cn.
330 4074 424 4131 25.
471 4088 527 4127 ν.
584 4073 638 4129 6.
690 4073 869 4129 Sciens
925 4084 1092 4129 autem
1141 4074 1339 4129 Paulus
1368 4116 1383 4141 ,
1431 4077 1565 4146 quod
1637 4094 1741 4131 una

240 4183 366 4236 pars
409 4175 537 4220 esset
568 4165 1007 4232 Sadducazorunt,
1055 4176 1100 4221 et
1136 4168 1296 4220 altera
1341 4165 1739 4232 Pharisaeorum,

238 4260 535 4313 mlamavit
572 4260 626 4313 in
653 4259 905 4313 concilio:
942 4257 1050 4311 Viri
1090 4260 1294 4327 fratres,
1324 4275 1413 4329 ego
1452 4258 1742 4313 Plurimus

230 4368 369 4415 sum,
393 4350 648 4405 Pharistei
686 4351 866 4415 ﬁlius;
913 4350 976 4403 de
1008 4366 1096 4420 spe
1123 4360 1169 4403 et
1204 4351 1565 4404 resurrectione
1601 4368 1742 4404 mor-

231 4455 445 4498 tuorum
465 4458 557 4514 ego
592 4444 821 4512 judicor.
865 4444 917 4496 7.
968 4442 1035 4496 Et
1071 4460 1185 4495 cum
1213 4443 1308 4496 hoc
1335 4443 1563 4507 dixisset,
1609 4448 1745 4513 facta

226 4547 304 4592 est
328 4537 578 4591 dissensio
599 4537 729 4589 inter
757 4535 1046 4588 Pharisteos
1067 4544 1113 4588 et
1138 4534 1449 4589 Sadducazos
1468 4544 1511 4587 et
1533 4535 1745 4588 discissa

228 4642 304 4687 est
350 4630 647 4684 multitudo.
676 4628 727 4684 8.
757 4628 1031 4684 Sadductei
1075 4629 1209 4681 enim
1253 4628 1448 4693 dicunt,
1494 4644 1593 4681 non
1642 4644 1748 4682 esse

228 4721 690 4785 resurrectionem,
745 4737 902 4789 neque
941 4720 1216 4791 angelum,
1264 4736 1422 4789 neque
1468 4721 1746 4789 spiritum:

229 4816 500 4872 Pharistei
522 4824 695 4868 autem
722 4825 935 4882 utraque
958 4814 1284 4881 conﬁtentur.

232 4911 287 4963 ί.
319 4908 560 4962 Rursum
608 4905 841 4959 humano
894 4920 1045 4959 more
1091 4904 1345 4969 disserit,
1397 4919 1495 4959 nec
1534 4919 1750 4974 semper

143 5000 334 5069 gratia
366 4997 566 5052 fruitur
590 5013 607 5063 ;
646 4996 741 5051 sed
765 4997 927 5050 etiam
954 4996 1155 5065 aliquid
1178 5012 1205 5048 a
1230 4997 1409 5066 seipso
1430 4998 1751 5065 permittitur

146 5091 366 5145 afferre
392 5107 410 5154 ;
438 5090 488 5144 id
516 5089 661 5159 quod
692 5103 821 5143 sane
848 5088 970 5142 facit
995 5105 1010 5141 :
1041 5099 1095 5144 et
1121 5089 1173 5142 in
1203 5088 1307 5143 hoc
1333 5098 1387 5143 et
1415 5089 1465 5142 in
1506 5090 1752 5159 sequenti

147 5184 436 5237 rationem
466 5179 681 5246 reddit,
710 5190 768 5233 ut
807 5180 1014 5235 scindat
1047 5180 1439 5235 multitudinem
1469 5190 1653 5235 contra
1694 5196 1753 5236 se

144 5276 305 5331 male
324 5274 696 5345 conjunctam.
718 5273 901 5343 Neque
931 5274 1206 5339 mentitur,
1229 5288 1348 5327 cum
1378 5288 1437 5327 se
1464 5273 1593 5327 dicit
1616 5273 1753 5327 Pha-

145 5371 426 5424 rismum:
472 5367 779 5422 Pharisaeus
833 5367 975 5421 enim
1016 5376 1130 5421 erat
1188 5382 1256 5420 ex
1304 5365 1751 5435 progenitoribus.

149 5462 290 5518 Ideo
310 5463 389 5516 ita
418 5475 539 5515 sese
586 5458 857 5515 defendit:
881 5458 1178 5513 Pharisazus
1207 5475 1298 5529 ego
1326 5475 1439 5512 sum
1459 5499 1474 5524 ,
1504 5456 1757 5511 Pharisazi

148 5554 330 5623 ﬁlius,
361 5560 416 5605 et
442 5551 508 5605 de
530 5567 622 5621 spe
649 5566 711 5603 ac
742 5551 1109 5604 resurrectione
1154 5560 1470 5604 mortuorum
1499 5565 1591 5620 ego
1608 5549 1758 5616 judi-

146 5662 276 5700 cor.
302 5644 446 5713 Quia
474 5645 620 5700 enim
652 5643 725 5697 illi
756 5642 1009 5697 nolebant
1037 5641 1217 5696 dicere
1242 5657 1339 5697 cur
1368 5642 1515 5696 illum
1542 5641 1752 5712 judica-

148 5751 314 5804 rent,
343 5739 561 5807 cogitur
580 5737 691 5806 jam
724 5735 812 5789 ille
851 5734 903 5789 id
939 5735 1238 5789 enuntiare.
1284 5734 1535 5789 Phariswi
1564 5743 1753 5797 autem,

150 5835 369 5901 inquit,
399 5839 612 5899 utraque
640 5825 967 5895 conﬁtentur.
1008 5826 1170 5898 Atqui
1208 5827 1307 5882 tria
1330 5835 1482 5882 sunt:
1512 5841 1606 5882 cur
1626 5838 1758 5894 ergo

1845 4077 1974 4132 dicit
2003 4077 2273 4151 Utraque?
2313 4078 2410 4136 Vel
2452 4079 2592 4151 quod
2640 4080 2858 4151 spiritus
2898 4090 2951 4137 et
2985 4081 3207 4153 angelus
3254 4097 3417 4143 unum

1847 4169 1989 4235 sint;
2023 4171 2103 4225 vel
2134 4171 2255 4239 quia
2278 4170 2441 4227 dictio
2484 4173 2568 4226 illa
2603 4188 2707 4227 non
2749 4173 2923 4227 solum
2955 4173 3021 4229 de
3047 4173 3255 4229 duobus
3278 4215 3293 4240 ,
3327 4174 3422 4229 sed

1847 4260 2006 4314 etiam
2034 4261 2100 4315 de
2142 4261 2311 4316 tribus
2354 4263 2633 4331 accipitur.
2678 4263 2859 4332 Itaque
2883 4264 3074 4319 latiore
3095 4279 3195 4319 usu
3230 4273 3418 4319 etnon

1848 4353 2064 4421 proprie
2105 4353 2184 4407 sic
2208 4353 2458 4423 loquutus
2491 4364 2595 4409 est.
2635 4354 2702 4408 Et
2728 4354 2887 4409 vide:
2917 4355 3131 4424 quando
3172 4370 3295 4411 cum
3318 4356 3422 4412 illis

1849 4442 1968 4509 fuit,
2017 4452 2141 4498 tunc
2174 4445 2291 4513 ejus
2337 4460 2552 4500 causam
2594 4445 2985 4501 defendendam
3029 4448 3344 4517 suscipiunt.
3370 4448 3411 4507 9.

1856 4553 1875 4586 ι
1913 4534 2104 4588 Factus
2130 4545 2231 4597 est,
2265 4535 2456 4605 inquit,
2502 4537 2707 4592 clamor
2742 4552 3004 4607 magnus;
3044 4547 3100 4592 et
3134 4548 3418 4608 surgentes

1852 4627 2042 4680 scribte
2076 4643 2141 4680 ex
2171 4635 2321 4697 parte
2348 4627 2763 4695 Pharisaeorum,
2794 4630 3100 4699 pugnabant
3142 4630 3419 4686 dicentes:

1851 4716 1992 4771 Nihil
2024 4718 2148 4772 mali
2194 4719 2494 4774 invenimus
2521 4721 2572 4774 in
2611 4720 2829 4775 homine
2860 4722 2981 4776 hoc.
3009 4720 3161 4789 Quod
3184 4723 3226 4776 si
3262 4723 3426 4792 spiri-

1855 4818 1939 4865 tus
1985 4811 2235 4880 loquutus
2274 4822 2359 4867 est
2404 4813 2454 4868 ei
2507 4814 2592 4868 vel
2644 4815 2905 4884 angelus,
2957 4830 3025 4869 ne
3070 4831 3431 4886 repugnemus

1854 4903 1984 4957 Deo.
2020 4922 2039 4956 1
2068 4904 2135 4957 Ει
2163 4918 2259 4959 cur
2291 4919 2400 4959 non
2434 4906 2662 4960 antehac
2685 4907 2832 4961 illum
2864 4905 3263 4964 defenderunt?
3291 4907 3426 4975 Quia

1856 4994 1961 5048 illis
1982 4994 2218 5049 nondum
2248 4997 2571 5050 commixtus
2598 5005 2736 5063 erat,
2784 5012 2978 5065 neque,
3002 5008 3287 5067 antequam
3311 5014 3432 5055 sese

1856 5084 2181 5151 defenderet,
2217 5097 2401 5141 notum
2433 5095 2548 5141 erat
2571 5087 2745 5155 ipsum
2774 5102 2805 5141 a
2829 5086 3124 5156 majoribus
3150 5104 3272 5145 esse
3292 5091 3431 5146 Pha-

1856 5177 2092 5233 riseum.
2120 5177 2313 5244 Vides,
2370 5178 2585 5249 quando
2629 5178 2793 5233 animi
2835 5177 3059 5233 allectus
3095 5180 3431 5250 abscedunt,

1858 5268 2125 5338 quomodo
2166 5270 2366 5324 veritas
2406 5269 2745 5339 reperiatur?
2805 5268 2920 5324 Hoc
2966 5285 3094 5325 vero
3132 5273 3435 5343 signiﬁcant

1859 5362 1935 5416 illi
1965 5360 2152 5428 :Quod
2175 5362 2378 5416 crimen
2401 5401 2417 5426 ,
2448 5363 2491 5415 si
2520 5360 2744 5431 angelus
2764 5361 3018 5432 loquutus
3057 5373 3142 5419 est
3170 5364 3241 5432 ei,
3273 5374 3364 5419 aut
3388 5365 3435 5420 si

1860 5455 2104 5525 spiritus,
2119 5463 2174 5510 et
2199 5456 2268 5510 ab
2287 5454 2379 5510 illo
2408 5454 2681 5509 institutus
2707 5454 2787 5511 sic
2810 5454 2878 5511 de
2901 5456 3305 5513 resurrectione
3328 5456 3432 5512 do-

1859 5549 2020 5603 ceat?
2062 5548 2202 5618 Ergo
2241 5547 2592 5603 abscedamus
2614 5548 2684 5605 ab
2709 5548 2822 5615 illo,
2856 5564 2946 5611 ne.
2995 5550 3042 5606 si
3068 5565 3189 5607 cum
3212 5549 3305 5604 illo
3336 5565 3437 5617 pu-

1861 5655 2107 5711 gnemus,
2124 5642 2288 5697 Deum
2315 5642 2476 5698 etiam
2497 5642 2889 5713 impugnemus.
2904 5628 3038 5700 Vide
3057 5643 3179 5698 illos
3204 5641 3438 5713 pruden-

1863 5741 1945 5787 ter
1969 5731 2334 5789 defensionem
2358 5741 2630 5805 parantes,
2660 5735 2826 5791 Paulo
2865 5735 3062 5790 nullam
3092 5735 3223 5804 ipsis
3242 5748 3429 5791 ansam

1862 5826 2162 5897 prabente.
2189 5828 2274 5885 lo.
2304 5844 2325 5883 1
2362 5829 2431 5885 At
2455 5844 2578 5886 cum
2605 5843 2797 5901 magna
2821 5828 3087 5887 dissensio
3113 5829 3253 5885 facta
3272 5835 3437 5898 esset.
