3948 6510
555 344 659 399 359

555 464 750 517 timens
778 463 1042 529 tribunus,
1073 477 1141 518 ne
1167 460 1561 532 discerperetur
1589 460 1783 514 Paulus
1810 457 1878 511 ab
1903 457 2004 521 eis,
2021 456 2134 525 jus-

555 556 621 609 sit
648 555 940 611 exercitum
965 554 1329 617 descendere;
1355 567 1646 622 rapereque
1666 551 1837 619 ipsum
1864 548 1932 603 de
1957 548 2139 603 medio

553 662 740 703 eorum
770 663 833 703 ac
861 648 1131 704 deducere
1154 647 1205 699 in
1236 655 1431 700 castra.
1471 662 1491 695 ι
1520 644 1695 697 Timet
1714 641 1928 697 demum
1961 639 2133 693 tribu-

553 755 676 807 nus,
705 756 771 796 ne
799 740 1154 809 discerpatur,
1186 740 1306 809 quia
1335 739 1545 793 dixerat
1564 752 1623 792 se
1650 737 1951 790 Romanum
1984 749 2130 789 esse:

553 831 697 886 unde
724 847 829 886 non
864 833 981 888 sine
1030 830 1267 900 periculo
1306 844 1395 883 res
1423 837 1557 883 erat.
1608 827 1797 881 Viden‘
1824 826 1975 880 illum
2011 825 2134 894 jure

556 924 751 979 fassum
778 940 898 978 esse
920 939 979 978 se
1009 938 1128 977 esse
1156 924 1451 977 Romanum
1475 923 1497 975 ?
1518 922 1751 992 alioquin
1782 937 1955 993 neque
1990 936 2134 975 nunc

555 1029 696 1072 metu
730 1029 970 1071 retentus
996 1018 1206 1071 fuisset.
1251 1018 1531 1072 Exercitus
1564 1033 1691 1071 vero
1742 1017 1957 1071 demum
1990 1016 2132 1070 abri-

553 1113 797 1179 piteum.
832 1109 901 1165 Ut
944 1120 1123 1165 autem
1169 1110 1415 1164 viderunt
1461 1111 1669 1165 scelesti
1692 1126 1877 1165 mnnes
1910 1120 2133 1165 conatus

553 1218 678 1256 suos
728 1203 907 1255 irritos
947 1217 1089 1268 esse,
1137 1218 1234 1273 per
1276 1217 1335 1258 se
1382 1204 1560 1256 omnia
1606 1204 1849 1256 faciunt:
1883 1201 2134 1256 volebant

552 1295 767 1363 quidem
806 1305 859 1349 et
888 1295 1115 1349 antehac
1142 1337 1156 1360 ,
1202 1295 1298 1350 sed
1327 1295 1547 1349 cohibiti
1596 1296 1804 1349 fuerant
1834 1312 1846 1347 :
1875 1296 1943 1349 ita
1972 1309 2128 1347 num-

552 1402 709 1455 quam
738 1388 977 1441 subsistit
1000 1388 1230 1455 nequitia
1260 1428 1275 1451 ,
1319 1395 1395 1441 tot
1436 1388 1595 1441 rebus
1625 1386 1915 1455 impedita:
1947 1401 2134 1456 quam-

553 1480 631 1532 κίε
660 1496 777 1549 qua:
820 1496 925 1533 non
968 1480 1270 1548 dispensata
1317 1491 1499 1545 erant,
1535 1489 1590 1533 ut
1622 1488 1676 1533 et
1716 1479 1945 1533 furorem
1974 1476 2131 1532 seda-

553 1580 691 1635 rent,
723 1580 777 1623 ct
806 1586 867 1624 ea
898 1570 1187 1633 discerent,
1217 1585 1311 1639 per
1340 1587 1458 1638 quae
1500 1570 1902 1638 resipiscerent!
1932 1568 2132 1623 Nihilo-

552 1661 967 1715 mimtsinstant.
1012 1662 1196 1731 Magna
1243 1671 1391 1716 certe
1436 1671 1519 1715 est
1558 1661 1801 1716 defensio
1850 1662 1962 1724 illa,
1988 1660 2128 1731 quod

553 1754 732 1819 homo,
765 1771 925 1823 quem
957 1771 1082 1809 mox
1106 1756 1427 1824 discerpturi
1455 1765 1627 1819 erant,
1658 1764 1842 1823 raptus
1872 1765 2013 1808 tanta
2041 1770 2131 1823 pe-

550 1846 713 1898 ricula
746 1845 1007 1914 effugerit.
1044 1862 1061 1895 ι
1091 1846 1177 1899 tl.
1212 1845 1463 1915 Sequenti
1496 1858 1672 1899 autem
1706 1854 1859 1899 nocte
1874 1845 2132 1898 assistens

548 1939 596 1990 ei
624 1939 895 2003 Dominus,
920 1938 994 1992 ait
1018 1955 1031 1991 :
1061 1938 1327 1993 Constans
1354 1949 1469 1992 esto
1496 1958 1509 1993 :
1538 1939 1675 1992 sicut
1705 1938 1845 1992 enim
1876 1938 2129 1993 testifica-

554 2038 635 2081 tus
657 2043 715 2081 es
754 2028 819 2083 de
851 2044 935 2081 me
974 2029 1026 2081 in
1068 2028 1363 2083 Jerusalem
1386 2072 1399 2094 ,
1432 2029 1509 2082 sic
1534 2039 1584 2083 te
1609 2038 1820 2098 oportet
1849 2040 1905 2084 et
1942 2029 2129 2083 Roma:

552 2118 844 2172 testiﬁcari.
868 2118 951 2171 l2.
977 2118 1137 2172 Facta
1168 2130 1344 2173 autem
1373 2120 1460 2174 die
1485 2121 1813 2191 collegerunt
1834 2138 1891 2176 se
1912 2122 2129 2191 quidam

547 2222 613 2260 ex
639 2208 865 2273 Judaiis,
904 2219 956 2263 et
982 2210 1315 2265 devoverunt
1339 2226 1396 2264 se
1418 2211 1673 2277 dicentes,
1708 2229 1880 2283 neque
1908 2214 2131 2268 mandu-

550 2312 767 2353 caturos
802 2317 974 2371 neque
1020 2303 1304 2369 bibituros,
1335 2304 1506 2359 donec
1552 2306 1859 2360 occiderent
1881 2307 2124 2362 Paulum.

552 2390 639 2444 15.
695 2392 856 2444 Erant
901 2402 1076 2447 autem
1133 2395 1251 2463 plus
1295 2410 1452 2464 quam
1498 2397 1844 2466 quadraginta
1889 2400 2010 2465 viri,
2040 2400 2130 2468 qui

552 2482 688 2535 hanc
718 2484 1140 2551 conjurationem
1174 2485 1434 2541 fecerunt.
1472 2489 1809 2543 Devoverunt
1831 2491 2057 2559 seipsos,
2102 2511 2121 2543 ι

550 2575 740 2645 inquit.
770 2576 958 2631 Viden‘
983 2595 1141 2648 quam
1166 2581 1273 2633 sint
1298 2582 1516 2634 violenti
1550 2592 1601 2636 et
1629 2583 1917 2637 ulciscendi
1951 2585 2128 2652 cupidi

550 2669 601 2722 in
629 2670 882 2739 nequitia.
915 2671 1049 2738 Quid
1073 2683 1174 2736 est,
1204 2673 1275 2727 Se
1291 2675 1637 2729 devoverant?
1664 2676 1716 2730 ld
1745 2686 1847 2741 est,
1875 2678 2133 2733 Dixerunt

554 2776 613 2815 se
633 2777 753 2817 esse
778 2772 927 2816 extra
952 2764 1108 2818 ﬁdem
1138 2765 1188 2818 in
1226 2766 1411 2831 Deum,
1444 2768 1546 2821 nisi
1569 2768 1711 2837 quod
1739 2768 2090 2825 decreverant
2112 2812 2126 2837 ,

549 2866 736 2910 contra
765 2854 984 2908 Paulum
1034 2857 1343 2926 implerent.
1389 2859 1531 2928 Ergo
1575 2876 1790 2928 semper
1830 2870 1953 2915 sunt
2002 2878 2131 2917 ana-

564 2945 889 2999 thematizati
916 2947 987 3001 illi
1016 2964 1027 2999 :
1061 2964 1234 3018 neque
1259 2949 1401 3004 enim
1443 2950 1754 3005 occiderunt
1788 2952 2031 3008 Paulum.
2064 2955 2132 3009 Et

549 3035 897 3106 quadraginta
925 3037 1085 3091 simul
1106 3042 1449 3094 conveniunt.
1481 3041 1626 3096 Talis
1652 3052 1831 3098 autem
1848 3060 1979 3114 gens
2005 3056 2089 3101 est
2112 3063 2126 3099 :

548 3128 762 3198 quando
790 3129 844 3183 in
877 3130 1075 3184 bonum
1104 3133 1527 3187 conveniendum
1551 3142 1652 3201 est,
1685 3150 1857 3204 neque
1884 3136 1989 3192 duo
2007 3152 2133 3193 con-

548 3229 797 3286 currunt;
830 3221 1044 3291 quando
1063 3232 1242 3277 autem
1275 3225 1326 3277 in
1355 3224 1576 3289 malum,
1610 3227 1839 3295 populus
1870 3235 2035 3288 totus.
2062 3229 2133 3284 Et

554 3314 732 3369 socios
760 3324 1040 3369 assumunt
1090 3318 1249 3371 etiam
1295 3318 1563 3387 principes
1594 3335 1609 3376 :
1637 3319 1760 3375 ideo
1796 3320 1899 3377 hoc
1923 3322 2130 3392 signiﬁ-

547 3420 678 3460 cans
707 3406 857 3461 addit
891 3426 905 3463 :
933 3408 1024 3462 M.
1062 3426 1082 3460 ι
1115 3408 1214 3476 Qui
1247 3422 1591 3466 accesserunt
1632 3413 1699 3467 ad
1740 3414 2009 3485 principes
2044 3431 2133 3470 sa-

549 3496 827 3552 cerdotum
860 3508 913 3553 et
934 3500 1175 3553 seniores
1199 3542 1212 3566 ,
1237 3510 1292 3555 et
1317 3501 1570 3557 dixerunt
1596 3522 1609 3557 :
1637 3503 1928 3560 Devotione
1957 3506 2129 3561 devo-

550 3592 728 3646 vimus
772 3606 871 3646 nos
906 3592 1040 3646 nihil
1070 3603 1396 3663 gustaturos,
1437 3595 1609 3651 donec
1660 3598 1966 3655 occidamus
1994 3600 2125 3655 Pau‘

552 3684 687 3737 lum.
719 3685 811 3740 15.
834 3684 987 3740 Nunc
1033 3702 1161 3757 ergo
1211 3703 1306 3743 vos
1340 3697 1527 3743 notum
1567 3690 1725 3747 facite
1748 3693 1962 3748 tribuno
2007 3709 2129 3747 cum

552 3777 803 3844 concilio,
836 3786 893 3832 ut
918 3779 1175 3847 producat
1204 3781 1349 3836 illum
1380 3782 1446 3836 ad
1477 3798 1603 3851 vos,
1638 3794 1904 3855 tamquam
1932 3786 2130 3857 aliquid

552 3867 752 3921 certius
779 3869 1089 3939 cognituros
1136 3870 1204 3926 de
1228 3887 1294 3926 eo
1339 3889 1353 3927 :
1393 3888 1491 3927 nos
1540 3890 1667 3928 vero
1694 3876 2001 3947 priusquam
2032 3893 2130 3947 ap-

552 3960 893 4029 propinquet,
919 3962 1090 4030 parati
1118 3978 1304 4018 sumus
1342 3965 1646 4021 interﬁcere
1674 3968 1844 4023 illum.
1876 3970 1962 4025 16.
1994 3970 2129 4026 Cum

552 4052 795 4108 audisset
846 4064 1026 4109 autem
1081 4056 1222 4111 ﬁlius
1271 4059 1473 4113 sororis
1525 4058 1673 4115 Pauli
1705 4061 2134 4128 insidias,venit

552 4154 608 4200 et
640 4146 859 4200 intravit
907 4148 960 4203 in
1013 4159 1185 4204 castra
1209 4192 1224 4215 ,
1260 4152 1628 4223 nuntiavitque
1672 4154 1857 4209 Paulo.
1910 4156 1998 4211 17.
2030 4157 2133 4212 Vo-

550 4250 683 4291 cans
712 4247 892 4293 autem
945 4238 1143 4294 Paulus
1173 4241 1241 4295 ad
1284 4256 1343 4297 se
1378 4259 1538 4298 unum
1594 4260 1662 4299 ex
1704 4248 2127 4314 centurionibus,

550 4327 624 4380 ait
656 4344 672 4381 :
698 4328 1110 4387 Adolescentem
1144 4331 1285 4387 hunc
1316 4335 1515 4402 perduc
1541 4336 1607 4391 ad
1633 4338 1940 4394 tribunum:
1968 4341 2131 4398 habet

552 4419 696 4474 enim
726 4421 924 4492 a‘liquid
953 4423 1028 4478 illi
1073 4424 1435 4481 indicandum.
1467 4429 1557 4485 18.
1590 4430 1660 4484 Et
1684 4431 1774 4487 ille
1798 4433 2013 4503 quidem
2043 4450 2133 4491 as-

558 4529 779 4569 sumens
796 4530 942 4583 eum,
975 4516 1126 4572 duxit
1152 4517 1219 4572 ad
1244 4519 1537 4575 tribunum.
1574 4540 1595 4575 ι
1638 4522 1869 4579 Rursum
1900 4525 2129 4582 humana

551 4615 799 4663 servatur
844 4610 1200 4679 providentia.
1228 4611 1298 4667 Et
1324 4612 1481 4668 vide:
1516 4614 1718 4669 nullum
1759 4616 1953 4672 Paulus
2004 4619 2131 4674 sinit

553 4701 657 4756 hoc
683 4700 928 4771 discere,
959 4718 1137 4773 neque
1178 4704 1551 4760 centurionem
1572 4747 1588 4772 ,
1621 4723 1689 4762 ne
1734 4723 1824 4764 res
1852 4711 2130 4768 manifesta

560 4793 732 4849 ﬁeret.
772 4811 792 4847 ι
827 4794 894 4849 Ει
929 4794 1153 4850 veniens
1178 4797 1425 4851 centurio
1453 4798 1718 4853 nuntiavit
1763 4800 2013 4866 tribuno,
2045 4802 2129 4857 di-

551 4898 682 4940 cens
713 4902 727 4939 :
760 4886 982 4943 Vinctus
1034 4887 1230 4943 Paulus
1269 4891 1478 4960 rogavit
1506 4906 1593 4947 me
1626 4891 1765 4947 hunc
1812 4893 2129 4950 adolescen-

553 4988 661 5034 tem
695 4979 995 5049 perducere
1021 4981 1088 5037 ad
1133 4992 1207 5050 te,
1260 4982 1547 5039 habentem
1586 4984 1783 5055 aliquid
1810 4986 1957 5056 loqui
2011 4987 2124 5041 tibi.

551 5070 642 5125 19.
664 5071 1087 5141 Apprehendens
1115 5084 1295 5130 autem
1322 5074 1568 5130 tribunus
1598 5092 1811 5131 manum
1840 5078 2005 5146 illius,
2037 5093 2128 5135 se-

552 5162 715 5217 cessit
756 5178 877 5218 cum
903 5180 969 5220 eo
994 5181 1239 5222 seorsum
1262 5209 1277 5232 ,
1308 5177 1364 5222 et
1389 5167 1738 5239 interrogavit
1782 5186 1903 5225 eum
1938 5188 1952 5226 :
1989 5172 2127 5240 Quid

552 5264 667 5317 est,
697 5256 840 5325 quod
891 5257 1055 5313 habes
1092 5260 1436 5315 indicandum
1483 5261 1768 5317 mihi?20.
1820 5262 1913 5319 Ille
1947 5274 2126 5320 autem

554 5346 720 5399 dixit:
753 5346 921 5402 Judaei
962 5352 1338 5419 conSpirarunt
1368 5361 1425 5407 ut
1470 5364 1724 5424 rogarent
1763 5364 1842 5423 te,
1893 5365 1953 5411 ut
2004 5374 2126 5413 cra-

554 5439 695 5493 stina
722 5439 809 5496 die
838 5441 1102 5511 producas
1142 5444 1364 5499 Paulum
1411 5446 1463 5500 in
1492 5448 1777 5504 concilium
1799 5491 1813 5509 ,
1848 5451 1997 5521 quasi
2025 5453 2125 5507 ali-

550 5533 677 5602 quid
704 5536 1002 5592 accuratius
1029 5537 1347 5592 sciscitaturi
1374 5540 1443 5593 ab
1490 5539 1605 5595 illo.
1653 5540 1744 5597 2|.
1774 5542 1853 5597 Tu
1892 5558 2021 5600 vero
2057 5559 2127 5601 ne

550 5639 758 5681 morem
804 5628 1034 5696 gesseris
1078 5627 1182 5684 illis
1214 5646 1228 5683 :
1259 5629 1579 5686 insidiantur
1614 5633 1758 5686 enim
1802 5648 1870 5689 ex
1918 5635 1982 5689 iis
2025 5637 2125 5693 viri

550 5715 731 5798 plures
772 5719 1158 5790 quadraginta,
1207 5721 1297 5792 qui
1341 5722 1549 5792 seipsos
1597 5723 1963 5794 devoverunt,
2018 5744 2124 5785 non

551 5809 878 5877 manducare
916 5813 1000 5871 vel
1030 5813 1249 5884 bibere,
1298 5816 1473 5875 donec
1512 5816 1838 5879 interﬁciant
1874 5837 1996 5877 cum
2021 5840 2036 5880 :
2066 5833 2123 5882 ct

1257 348 1311 402 S.
1352 343 1627 401 JOANMS
1661 340 2132 399 Clll‘tYSOSTOl‘ill
2172 340 2484 397 ARClllEP.
2524 339 3056 399 CONSTANTINOP.
3699 355 3784 409 διο

2248 469 2389 509 nunc
2426 455 2592 525 parati
2618 463 2746 509 sunt
2773 464 3151 525 exspectantes
3179 459 3493 527 promissum
3525 471 3682 521 tuum.
3708 470 3782 522 εἳ.

2249 548 2521 604 Tribunus
2566 550 2726 619 igitur
2768 550 2971 605 dimisit
3014 551 3447 618 adolescentem,
3480 558 3782 628 prmcipicns,

2242 640 2453 695 Nemini
2475 640 2695 708 dixeris,
2726 643 2868 712 quod
2900 643 3013 699 haec
3039 644 3105 699 ad
3137 662 3222 699 me
3251 647 3514 701 rctuleris.
3553 669 3571 700 ι

2312 732 2367 785 2.
2411 732 2552 788 Bene
2585 735 2828 788 tribunus
2874 736 3027 804 jubet
3053 738 3331 804 occultari,
3380 754 3446 794 ne
3500 741 3586 794 cui
3631 752 3783 798 notum

2244 823 2355 877 ﬁat.
2417 825 2483 879 Et
2540 835 2664 880 tunc
2713 826 2843 881 dicit
2899 831 3343 895 centurionibus,
3393 833 3520 900 quid
3577 847 3787 903 oporteat

2246 914 2391 981 ﬁeri;
2424 926 2477 970 et
2518 917 2745 971 mittitur
2785 916 3086 974 Cwsaream
3114 961 3129 988 ,
3156 931 3215 975 ut
3252 921 3362 975 illic
3391 922 3598 977 theatro
3626 928 3671 978 in
3698 944 3788 980 ma-

2236 1007 2356 1077 jore
2418 1008 2680 1075 disserat,
2721 1019 2774 1064 et
2827 1012 2880 1065 in
2927 1012 3224 1083 frequentia
3285 1017 3641 1085 splendidiore
3684 1040 3696 1073 :
3733 1042 3785 1077 ne

2242 1111 2460 1170 possent
2487 1103 2666 1158 dicere
2691 1103 2858 1159 Judsci
2885 1121 2898 1156 :
2930 1106 2986 1161 Si
3011 1107 3328 1163 vidissemus
3356 1109 3577 1165 Paulum
3596 1154 3610 1176 ,
3639 1117 3785 1169 credi-

2240 1192 2525 1259 disscmus,
2576 1197 2620 1249 si
2652 1196 2988 1252 audissemus
3031 1199 3334 1255 docentem.
3394 1202 3520 1257 lliec
3566 1219 3683 1274 ergo
3707 1209 3788 1263 illis

2240 1287 2515 1341 excusatio
2545 1288 2749 1342 sublata
2782 1299 2884 1344 est.
2942 1288 3006 1342 Et
3053 1291 3281 1357 adstans,
3332 1295 3526 1364 inquit,
3574 1295 3789 1354 Dominus

2241 1376 2370 1429 dixit
2395 1378 2439 1429 ei
2464 1395 2482 1431 :
2514 1378 2765 1433 Constans
2787 1391 2892 1434 esto
2916 1397 2935 1444 ,°
2975 1384 3103 1435 sicut
3134 1384 3266 1437 enim
3293 1388 3594 1454 testiﬁcatus
3626 1406 3672 1441 es
3690 1393 3787 1444 mihi

2246 1469 2300 1521 in
2324 1469 2636 1535 Jerusalem,
2684 1473 2754 1524 ita
2800 1483 2995 1542 oportet
3046 1486 3094 1529 te
3143 1477 3293 1529 etiam
3314 1477 3495 1531 Romtc
3544 1482 3786 1545 testiﬁcari.

2240 1558 2393 1625 Vide,
2426 1562 2583 1615 etiam
2631 1571 2912 1633 postquam
2959 1568 3203 1635 apparuit
3246 1570 3314 1632 ei,
3367 1570 3560 1623 iterum
3605 1576 3789 1640 permit-

2244 1650 2307 1704 tit
2333 1667 2455 1705 eum
2503 1652 2737 1708 humano
2777 1671 2928 1710 more
2968 1658 3191 1711 servari.
3225 1659 3292 1713 Et
3316 1660 3438 1727 jure
3474 1661 3685 1716 Paulum
3714 1666 3779 1718 ad-

2239 1743 2514 1810 miremur,
2548 1748 2822 1815 quomodo
2848 1765 2951 1803 non
2978 1750 3220 1804 turbatus
3249 1753 3406 1808 fuerit
3426 1795 3441 1816 ,
3474 1769 3643 1821 neque
3662 1755 3786 1813 dixe-

2238 1835 2307 1888 rit
2340 1854 2351 1889 :
2383 1834 2519 1902 Quid
2565 1840 2665 1891 hoc
2706 1838 2831 1893 est?
2869 1856 2994 1893 num
3041 1839 3297 1913 deceptus
3338 1859 3462 1897 sum
3506 1860 3535 1897 a
3565 1844 3789 1900 Christo?

2238 1926 2341 1982 Sed
2366 1929 2493 1982 nihil
2524 1929 2822 1999 hujusmodi
2850 1934 3140 2002 cogitavit,
3171 1936 3254 1990 vel
3283 1937 3482 1991 accidit
3513 1938 3587 2004 ei,
3615 1938 3698 1993 sed
3721 1955 3789 1993 so-

2237 2020 2344 2071 lum
2373 2022 2640 2086 credidit;
2683 2038 2857 2093 neque
2900 2034 3077 2080 tamen
3105 2028 3227 2096 quia
3256 2028 3519 2095 credidit,
3569 2032 3788 2085 dormita-

2237 2110 2333 2175 vit,
2365 2111 2457 2165 sed
2486 2129 2605 2182 qua:
2637 2113 2867 2168 humana
2906 2118 3170 2185 sapientia
3226 2120 3494 2189 provideri
3542 2133 3784 2190 poterant,

2238 2216 2340 2255 non
2372 2204 2731 2270 printcrmisit.
2765 2206 2831 2259 Et
2858 2208 3149 2275 perpende,
3194 2212 3463 2279 quomodo
3488 2212 3561 2265 illi
3585 2217 3785 2267 necessi-

2238 2300 2397 2346 tatem
2421 2294 2703 2362 quamdam
2726 2296 2825 2349 sibi
2856 2297 3225 2365 imposuerint,
3270 2316 3390 2354 cum
3433 2316 3556 2356 sese
3583 2303 3784 2358 devove-

2238 2391 2380 2436 runt.
2411 2384 2547 2439 Ecce
2571 2386 2832 2455 jejunium
2867 2389 3139 2444 homicidii
3179 2402 3368 2447 mater.
3402 2393 3554 2448 Sicut
3581 2395 3785 2450 Herodes

2239 2491 2333 2543 per
2358 2476 2722 2545 juramcntum
2782 2481 3158 2537 necessitatem
3185 2484 3286 2537 sibi
3339 2485 3623 2553 imposuit,
3662 2488 3787 2541 sice:

2238 2567 2344 2620 isti.
2368 2568 2526 2621 Tales
2549 2570 2693 2623 enim
2722 2581 2847 2625 sunt
2876 2573 3075 2626 diaboli
3108 2575 3335 2629 venandi
3381 2587 3564 2641 artes;
3606 2579 3785 2647 pictatis

2237 2662 2485 2715 nimirum
2509 2665 2687 2733 specie
2714 2665 2932 2735 laqueos
2974 2668 3163 2721 tendit.
3211 2671 3371 2737 Atqui
3407 2673 3784 2738 oportuitacce-

2238 2752 2384 2819 dcre,
2412 2754 2655 2809 incusare
2678 2799 2691 2821 ,
2724 2756 2935 2825 judiccs
2987 2774 3179 2829 cogere
3205 2779 3217 2814 :
3254 2760 3367 2815 haec
3393 2763 3539 2815 enim
3566 2778 3663 2817 non
3687 2774 3784 2818 SUltl

2237 2844 2595 2911 sacerdotum,
2623 2847 2718 2901 sed
2752 2848 3015 2903 latronum
3045 2866 3059 2915 ;
3094 2851 3208 2905 hinc
3237 2869 3339 2905 non
3376 2854 3687 2924 principum,
3708 2855 3781 2907 sed

2239 2935 2680 2991 facinorosorum.
2708 2938 2773 2992 Et
2795 2940 2914 2995 vide
2945 2942 3235 3011 nequitiam
3260 2944 3535 3015 ingentem
3562 2964 3573 2997 :
3596 2963 3688 2999 non
3715 2961 3782 2999 sa-

2240 3027 2304 3082 tis
2332 3028 2545 3095 habent,
2570 3030 2711 3100 quod
2736 3047 2855 3087 sese
2884 3044 3067 3087 mutuo
3113 3046 3487 3105 corrumpant,
3530 3038 3618 3091 sed
3649 3042 3779 3092 etiam

2237 3121 2525 3190 principem
2556 3139 2659 3176 una
2686 3139 3037 3195 corrumpere
3067 3136 3321 3198 satagunt
3346 3146 3361 3182 ;
3388 3129 3613 3199 ideoque
3640 3131 3782 3199 provi-

2237 3226 2353 3267 sum
2382 3224 2485 3279 cst,
2519 3223 2577 3268 ut
2598 3216 2688 3270 ille
2709 3218 2867 3271 etiam
2899 3218 3135 3275 disceret
3175 3220 3414 3290 ipsorum
3443 3223 3674 3278 insidias.
3698 3225 3780 3292 Ipsi

2238 3322 2368 3362 vero
2392 3324 2498 3362 non
2548 3311 2722 3365 solum
2743 3326 2808 3366 ex
2852 3328 2938 3379 eo,
2988 3314 3129 3383 quod
3159 3315 3294 3370 nihil
3322 3316 3607 3371 dicendum
3651 3318 3781 3372 habe-

2237 3411 2375 3467 rent,
2410 3402 2502 3457 sed
2534 3405 2692 3459 etiam
2713 3422 2779 3460 ex
2808 3422 2895 3473 eo,
2927 3408 3072 3477 quod
3094 3410 3229 3464 clam
3252 3411 3590 3475 molirentur,
3620 3427 3779 3482 argue-

2236 3506 2361 3551 runt
2387 3512 2446 3551 se
2472 3498 2625 3552 nihili
2656 3514 2797 3555 esse.
2830 3500 3135 3557 Verisimile
3162 3514 3340 3559 autem
3386 3515 3473 3559 est
3504 3506 3637 3569 illus,
3665 3514 3777 3573 post-

2238 3604 2402 3658 quam
2433 3590 2633 3645 Paulus
2684 3592 3003 3648 amandatus
3043 3604 3163 3661 est,
3214 3610 3461 3652 summos
3515 3598 3778 3652 sacerdotes

2237 3680 2454 3748 adiisse,
2502 3690 2557 3736 et
2602 3698 2662 3737 re
2707 3682 2905 3738 infecta
2955 3685 3158 3755 pudore
3200 3686 3435 3742 suﬂ‘nsos
3476 3690 3777 3743 abscessisse.

2237 3770 2367 3826 Jure
2411 3782 2591 3828 autem
2643 3772 2747 3829 hoc
2792 3774 2919 3830 facit
2967 3776 3252 3831 tribunus:
3286 3778 3507 3833 nolebat
3553 3781 3680 3834 enim
3714 3779 3770 3832 vel

2235 3865 2523 3934 gratiﬁcari
2554 3867 2639 3921 vel
2668 3882 2926 3924 annucre.
2968 3868 3034 3923 Et
3059 3870 3347 3939 quomodo,
3382 3872 3620 3942 inquies,
3642 3870 3773 3926 credi-

2235 3954 2316 4009 dit
2340 3970 2462 4010 vera
2486 3972 2627 4024 esse,
2659 3974 2780 4029 qua:
2807 3960 2874 4014 ab
2899 3959 3246 4018 adolescente
3288 3965 3697 4019 nuntiabantur?
3718 3965 3770 4017 Ex

2237 4047 2325 4110 iis,
2354 4063 2472 4118 qua:
2493 4048 2602 4118 jam
2633 4063 2947 4117 evenerant,
2975 4054 3334 4123 conjectabat,
3364 4058 3491 4127 quia
3517 4068 3569 4113 et
3590 4059 3678 4112 hoc
3696 4058 3768 4111 lac-

2240 4150 2393 4196 turos
2420 4142 2541 4197 illos
2558 4158 2677 4198 esse
2717 4146 3010 4210 verisimile
3052 4156 3187 4202 erat.
3213 4149 3279 4203 Et
3311 4149 3435 4205 vide
3488 4153 3765 4222 nequitiam:

2236 4236 2388 4305 quasi
2434 4239 2808 4293 necessitatem
2863 4240 3088 4296 summis
3114 4243 3486 4300 sacerdotibus
3508 4245 3767 4300 intulerunt.

2239 4328 2305 4382 Et
2335 4343 2403 4382 ne
2432 4328 2644 4383 mireris
2672 4346 2685 4381 :
2722 4345 2843 4384 nam
2872 4331 2917 4385 si
2943 4340 3145 4386 tantum
3174 4333 3225 4387 in
3255 4349 3314 4388 se
3336 4347 3675 4405 susceperunt
3697 4334 3765 4395 illi,

2236 4429 2292 4475 et
2319 4434 2480 4475 omne
2522 4422 2815 4489 periculum
2872 4432 3251 4493 acceptarunt,
3284 4426 3457 4481 multo
3508 4428 3661 4497 magis
3682 4426 3768 4478 illos

2240 4512 2471 4581 idipsum
2492 4513 2728 4569 facturos
2755 4530 2877 4570 esse
2918 4518 3216 4573 verisimile
3235 4528 3372 4574 erat.
3428 4520 3627 4583 Viden‘,
3662 4534 3765 4586 quo-

2236 4603 2398 4658 modo
2438 4613 2787 4661 externorum
2828 4608 3095 4663 sententia
3140 4609 3399 4665 innocens
3442 4621 3557 4667 erat
3595 4610 3764 4669 Paulus,

2238 4705 2297 4750 ut
2323 4706 2378 4751 et
2402 4695 2654 4753 Christus
2690 4698 2831 4767 apud
2863 4698 3131 4754 Pilatum?
3176 4700 3282 4757 Sed
3298 4704 3420 4757 vide
3470 4703 3765 4773 nequitiama

2237 4790 2410 4859 seipsa
2451 4800 2805 4861 expugnatam
2833 4808 2847 4845 :
2876 4807 2997 4847 nam
3023 4793 3358 4850 tradiderunt
3383 4796 3553 4859 illum,
3581 4806 3629 4849 ut
3645 4794 3750 4847 dam

2237 4895 2429 4940 narent
2474 4885 2931 4957 oeciderentque:
2972 4897 3028 4943 et
3072 4890 3403 4943 contrarium
3445 4891 3640 4952 evenit;
3680 4888 3761 4954 ipse

2236 4990 2466 5046 namque
2505 4976 2684 5032 salvus
2730 4977 2926 5037 evadit.
2963 4986 3020 5034 et
3063 4978 3321 5035 innocens
3362 4981 3634 5050 reperitur.
3679 4976 3762 5031 Nisi

2235 5067 2379 5121 enim
2429 5067 2498 5121 ita
2543 5067 2864 5132 accidisset,
2896 5068 3200 5140 discerptus
3241 5070 3533 5127 fuisset:si
3572 5086 3662 5125 non
3692 5069 3761 5127 ita.

2236 5159 2486 5229 periisset
2511 5167 2569 5215 et
2588 5159 2873 5216 damnatus
2923 5162 3132 5217 fuisset.
3182 5162 3300 5217 Non
3339 5164 3508 5218 solum
3538 5174 3692 5216 autem
3712 5157 3764 5210 ab

2235 5251 2339 5306 hoc
2364 5251 2566 5322 impetu
2587 5252 2779 5307 liberat
2802 5254 2973 5323 ipsum
2998 5254 3273 5319 tribunus;
3302 5256 3395 5311 sed
3427 5257 3582 5312 etiam
3605 5255 3758 5323 juvat,

2235 5354 2294 5399 ut
2335 5345 2453 5400 sine
2473 5346 2715 5415 periculo
2763 5360 2885 5400 cum
2926 5356 3071 5401 tanta
3113 5348 3339 5403 militum
3382 5360 3549 5403 turma
3589 5344 3757 5401 evadat.

2235 5436 2306 5492 Et
2326 5436 2615 5506 quomodo,
2645 5437 2770 5491 audi
2805 5437 3120 5509 :subjungit
3162 5440 3308 5494 enim
3334 5440 3436 5496 :23
3469 5459 3488 5491 ι
3526 5439 3587 5494 Et
3608 5450 3756 5491 accer-

2233 5529 2352 5584 sitis
2381 5529 2591 5584 duobus
2615 5530 2933 5599 quibusdam
2975 5533 3379 5589 centurionibus
3400 5575 3415 5599 ,
3443 5533 3573 5587 dixit
3603 5550 3615 5586 :
3643 5530 3759 5584 Pae-

2233 5631 2421 5691 parate
2471 5622 2600 5676 mihi
2673 5623 2871 5678 milites
2922 5624 3217 5686 ducentos.
3278 5635 3337 5679 ut
3402 5624 3758 5695 proficiscantur

2232 5712 2531 5768 Caesaream
2554 5754 2570 5779 ,
2600 5723 2656 5769 et
2684 5714 2893 5784 equites
2918 5717 3273 5786 septuaginta,
3305 5726 3357 5773 ct
3382 5714 3657 5771 lancearios
3677 5710 3754 5765 du-

2234 5815 2443 5872 centos,
2472 5820 2503 5862 a
2536 5807 2691 5862 tertia
2714 5806 2844 5863 hora
2875 5807 3045 5863 nocds
3076 5827 3088 5861 :
3128 5808 3217 5865 21.
3244 5820 3293 5866 et
3320 5810 3553 5881 jumenta
3578 5818 3752 5879 [ir-mpo-
