4098 6354
185 305 297 362 539

177 422 432 490 Παῦλος
455 423 559 480 ὐπ’
581 423 801 489 αὐτῶν,
825 425 1110 481 ἐκέλευσε
1136 423 1204 479 τό
1225 425 1566 496 στράτευμα
1592 424 1858 480 καταϐὰν

170 512 456 576 ἁρπάσαι
512 512 702 566 αὐτὸν
752 513 821 567 ἐκ
866 509 1063 581 μέσου
1116 513 1336 581 αὐτῶν,
1385 514 1630 584 ἀγαγεῖν
1667 530 1734 567 τε
1764 515 1853 580 είς

174 595 300 662 τὴν
323 599 742 667 παρεμϐολήν.
793 599 1040 653 Φοσεῖται
1094 600 1278 654 λοιπὸν
1340 603 1369 654 ὁ
1428 602 1728 672 χιλίαρχος,
1781 601 1856 673 μὴ

171 685 519 758 διασπασθῇ,
561 687 750 760 ἐπειδὴ
771 684 944 754 εἶπεν,
967 690 1050 743 ὅτι.
1089 691 1354 760 Ῥωμαῖός
1387 691 1535 744 ἐστιν
1563 707 1577 720 ⁶
1607 690 1730 744 ὅθεν
1760 691 1858 744 καὶ

171 774 282 826 οῦκ
311 774 600 828 ἀκίνδυνον
639 771 708 846 ἦν
745 775 805 829 τὸ
829 777 1080 848 πρᾶγμα.
1126 777 1310 848 Ὁρᾷς,
1341 777 1422 830 ὅτι
1450 777 1672 840 δικαίως
1707 776 1856 848 ὡμοο

173 861 418 930 λόγησεν
469 863 661 916 ἑαυτὸν
693 865 962 934 Ῥωμαῖον
1014 860 1182 932 εἷναι;
1233 861 1269 936 ἦ
1315 865 1424 936 γὰρ
1470 865 1537 918 ἂν
1591 865 1710 918 οὐδὲ
1763 863 1858 917 νῦν

172 949 456 1020 ἐφοϐήθη.
483 951 593 1004 Καὶ
619 951 682 1004 τὸ
713 952 814 1021 μὲν
839 952 1154 1024 στράτευμα
1181 953 1367 1007 λοιπὸν
1393 953 1632 1023 ἁρπάζει
1673 953 1854 1007 αὐτόν.

184 1034 283 1100 Ὠς
315 1036 374 1089 δὲ
398 1032 543 1091 εἶδον
588 1038 640 1091 οἱ
689 1040 874 1109 μιαροὶ
929 1040 1105 1094 πάντα
1157 1043 1417 1113 ἀνήνυτα,
1462 1041 1540 1093 δι’
1563 1041 1770 1094 ἑαυτῶν
1797 1039 1860 1093 τὸ

173 1130 295 1181 πᾶν
328 1129 571 1188 ποιοῦσι.
599 1127 956 1199 βουληθέντες
993 1129 1092 1200 μὲν
1151 1131 1246 1184 καὶ
1300 1131 1408 1202 πρὸ
1434 1130 1646 1194 τούτου,
1679 1129 1859 1183 κωλυ-

175 1215 373 1281 θέντες
397 1216 456 1270 δέ
487 1233 501 1245 ·
534 1216 711 1279 οὕτως
766 1217 1004 1288 οὐδαμοῦ
1061 1218 1273 1271 ἵσταται
1303 1219 1336 1289 ή
1367 1219 1534 1272 κακία
1583 1218 1860 1280 τοσούτοις

177 1301 574 1375 ἐγκοπτομένη
602 1322 616 1335 ·
653 1303 828 1358 καίτοι
880 1305 1022 1358 πόσα
1072 1305 1416 1376 ᾠκονομήθη,
1474 1304 1614 1359 ὥστε
1647 1306 1742 1358 καὶ
1764 1303 1859 1357 τοῦ

177 1391 361 1462 θυμοῦ
397 1391 740 1461 καθυφεῖναι,
787 1393 882 1446 καὶ
914 1393 1105 1463 μαθεῖν
1149 1394 1228 1447 δι’
1265 1387 1340 1447 ὧν
1371 1393 1620 1446 ἐδύναντο
1642 1392 1863 1460 ἀνενεγ-

179 1483 321 1534 κεῖν.
368 1480 514 1532 Ἀλλ’
532 1480 686 1533 οὐδὲν
710 1475 872 1553 ἦττον
915 1481 1255 1549 ἐφίστανται.
1301 1481 1478 1552 Ὶκανὴ
1519 1480 1648 1549 γοῦν
1676 1479 1858 1550 ἐκείνη

179 1572 213 1639 ἠ
243 1569 542 1637 ἀπολογία,
573 1569 636 1621 τὸ
667 1569 930 1639 μέλλοντα
954 1568 1286 1622 διασπᾶσθαι
1323 1568 1414 1622 τὸν
1447 1568 1730 1638 ἄνθρωπον
1758 1568 1860 1636 ἀρ-

182 1660 488 1724 πάζεσθαι,
519 1662 614 1712 καὶ
651 1661 938 1724 τοσούτους
975 1670 994 1691 ⁸
1026 1661 1300 1724 κινδύνους
1322 1661 1602 1730 διαφυγεῖν
1637 1675 1652 1690 ·
1692 1658 1772 1727 Τῇ
1795 1658 1862 1712 δὲ

181 1749 449 1816 ἐπιούσῃ
479 1749 651 1802 νυκτί
673 1749 925 1815 ἐπιστὰς
947 1748 1104 1814 αὐτῷ
1129 1752 1162 1803 ό
1185 1751 1414 1817 Κύριος,
1437 1746 1588 1802 εἷπε·
1614 1747 1830 1816 Θάρσει
1846 1764 1859 1776 ·

183 1835 264 1900 ὡς
299 1835 418 1903 γὰρ
466 1835 831 1904 διεμαρτύρω
862 1837 938 1890 τὰ
978 1838 1112 1904 περὶ
1140 1837 1287 1905 ἐμοῦ
1319 1839 1406 1902 εἰς
1444 1835 1859 1906 Ἰερουσαλὴμ,

185 1924 342 1976 οὕτω
367 1939 446 1976 σε
476 1922 570 1976 δεῖ
617 1924 715 1979 καὶ
749 1926 835 1988 είς
874 1923 1106 1993 Ῥώμην
1147 1925 1546 1994 μαρτυρῆσαι.
1602 1923 1864 1992 Γενομέ-

184 2029 298 2080 νης
327 2010 398 2064 δὲ
428 2009 679 2079 ἡμέρας,
709 2011 1072 2078 ποιήσαντες
1105 2015 1159 2066 οἱ
1195 2012 1457 2066 Ἰουδαῖοι
1483 2012 1862 2081 συστροφὴν,

189 2097 641 2167 ἀνεθεμάτισαν
670 2098 922 2164 ἑαυτοὺς
950 2099 1037 2167 μὴ
1084 2100 1298 2168 φαγεῖν
1333 2100 1490 2169 μηδὲ
1525 2100 1684 2154 πιεῖν
1705 2143 1719 2166 ,
1754 2100 1868 2166 ἓως

195 2184 264 2243 οὗ
287 2187 558 2240 ἀνέλωσι
591 2184 700 2238 τὸν
729 2185 994 2241 Παῦλον.
1031 2180 1234 2240 τΗσαν
1250 2188 1318 2240 δὲ
1365 2187 1614 2252 πλείους
1646 2202 1868 2241 τεσσα-

197 2274 460 2343 ράκοντα
495 2279 550 2330 οι
583 2276 812 2342 ταύτην
849 2272 964 2340 τὴν
1013 2274 1408 2344 συνωμοσίαν
1453 2275 1863 2341 πεποιηκότες.

208 2362 675 2431 Ἀνεθεμάτισαν
722 2362 998 2428 ἑαυτοὺς,
1036 2363 1223 2432 φησίν.
1267 2363 1428 2434 Ὀρᾷς
1449 2363 1565 2427 πῶς
1593 2363 1698 2416 εισι
1745 2379 1870 2431 σφο-

201 2453 318 2524 ὅροι
381 2454 474 2505 καὶ
512 2453 802 2522 ἀμυντικοὶ
828 2452 856 2492 δ
885 2453 1013 2523 περὶ
1041 2451 1138 2522 τήν
1171 2451 1402 2516 κακίαν;
1438 2452 1502 2505 Τί
1541 2453 1707 2512 ἐστιν,
1747 2451 1870 2505 Ἄν-

195 2539 563 2609 εθεμάτισαν
578 2555 598 2603 ;
624 2539 773 2592 Ἀντὶ
799 2537 1068 2604 τοῦ,Ἒξω
1098 2535 1236 2592 εἶναι
1257 2539 1355 2610 τῆς
1376 2542 1456 2602 εἰς
1481 2539 1611 2592 Θεὸν
1636 2541 1872 2602 πίστεως

197 2621 381 2691 εἷπον,
420 2629 473 2681 εί
517 2627 592 2698 μὴ
643 2627 704 2680 τὸ
756 2626 912 2692 δόξαν
965 2627 1106 2681 κατά
1146 2626 1360 2680 Παύλου
1389 2629 1689 2696 ποιήσαιεν.
1731 2628 1872 2696 Ἀρα

171 2713 501 2780 ¹διαπαντός
549 2718 688 2769 εἰσιν
735 2714 1296 2784 άνατεθεματισμένοι
1355 2718 1552 2768 ἐκεῖνοι
1587 2731 1602 2746 ·
1647 2715 1708 2768 ού
1765 2714 1874 2785 γὰρ

196 2805 534 2857 ἀπέκτειναν
561 2803 652 2856 τὸν
677 2803 909 2857 Παῦλον.
951 2803 1062 2856 Καὶ
1091 2802 1497 2872 τεσσαράκοντα
1520 2801 1654 2873 ὁμοῦ
1683 2802 1874 2872 συνέρ-

197 2910 394 2961 χονται
424 2903 473 2946 ο.
496 2891 747 2945 Τοιοῦτον
782 2892 892 2960 γὰρ
925 2891 986 2943 τὸ
1029 2890 1198 2956 ἔθνος,
1245 2891 1372 2943 ὅταν
1423 2890 1521 2961 μὲν
1553 2892 1645 2942 ἐπὶ
1689 2890 1876 2960 ἀγαθῴ

197 2981 294 3050 δὲῃ
333 2980 722 3049 συμφωνῆσαι,
761 2979 882 3030 οὐδὲ
922 2977 1015 3030 δύο
1058 2978 1438 3048 συντρέχουσιν
1469 2996 1482 3009 ·
1517 2978 1644 3032 ὅταν
1683 2978 1738 3032 δὲ
1785 2979 1878 3030 ἐπὶ

200 3068 389 3138 κακῷ,
420 3067 592 3138 δῆμος
617 3066 924 3137 ὁλόκληρος.
959 3067 1068 3118 Καὶ
1107 3065 1442 3135 λαμϐάνουσι
1472 3066 1759 3129 κοινωνοὺς
1785 3067 1880 3118 καὶ

200 3157 334 3218 τοὺς
358 3158 629 3225 ἄρχοντας
657 3170 669 3183 ·
702 3155 781 3208 διὸ
801 3155 894 3206 καὶ
926 3154 1083 3207 τοῦτο
1111 3152 1284 3222 δηλῶν
1315 3153 1616 3221 ἐπήγαγεν*
1651 3154 1882 3215 Οῗτινες

204 3245 657 3311 προσελθόντες
692 3242 816 3308 τοῖς
850 3240 1192 3311 ἀρχιερεῦσι
1234 3241 1332 3294 καὶ
1387 3241 1512 3306 τοῖς
1558 3240 1883 3308 πρεσϐυτέ⁴

201 3349 338 3396 ροις
394 3327 570 3384 εἷπον
612 3347 628 3362 ·
679 3328 1024 3397 Ἀναθέματι
1077 3328 1586 3397 ἀνεθεματίσαμεν
1631 3327 1883 3394 ἑαυτοὺς

200 3420 480 3488 μηδενὸς
507 3421 859 3489 γεύσασθαι,
882 3417 993 3483 ἕως
1021 3413 1090 3472 οὗ
1118 3417 1566 3485 ἀποκτείνωμεν
1598 3415 1704 3469 τὸν
1727 3416 1884 3470 Παῦ-

204 3513 348 3561 λον.
385 3508 518 3561 Νῦν
545 3503 660 3562 οὖν
675 3505 846 3574 ὑμεῖς
872 3504 1242 3573 ἐμφανίσατε
1265 3503 1518 3569 ἑαυτοὺς
1544 3502 1626 3568 τῷ
1664 3502 1886 3572 χιλιάρ-

208 3611 302 3663 Σεξφ
330 3596 404 3648 ἐν
431 3593 513 3658 τῷ
555 3593 872 3660 συνεδρίῳ,
929 3592 1089 3656 ὅπως
1147 3591 1334 3644 αὐτὸν
1393 3591 1696 3661 καταγάγῃ
1736 3592 1886 3660 πρὸς

209 3681 398 3752 ὑμᾶς,
426 3683 507 3746 ὡς
534 3680 876 3749 μέλλοντας
914 3678 1329 3748 διαγινώσκειν
1359 3680 1780 3749 ἀκριϐέστερον
1817 3681 1887 3733 τὰ

222 3771 353 3840 τερὶ
388 3769 576 3823 αὐτοῦ
595 3787 610 3799 ·
654 3768 826 3837 ἡμεῖς
847 3767 934 3829 δὲ,
958 3767 1070 3834 πρὸ
1103 3766 1209 3821 τοῦ
1239 3767 1476 3837 ἐγγίσαι
1505 3769 1710 3830 αὑτὸν,
1741 3768 1889 3822 ἕτοι-

209 3859 318 3926 μοί
349 3858 542 3926 ἐσμεν
580 3855 686 3909 τοῦ
737 3854 979 3911 ἀνελεῖν
1013 3854 1218 3909 αὐτόν.
1261 3856 1546 3922 Ἀκούσας
1585 3856 1652 3909 δὲ
1699 3860 1732 3910 ό
1758 3857 1889 3921 υίὸς

214 3946 332 4015 τῆς
376 3944 652 4013 ἀδελφῆς
693 3945 940 3998 Παύλου
986 3943 1055 3997 τὸ
1097 3942 1364 4011 ἕνεδρον,
1409 3945 1891 4014 παραγενόμενος

218 4035 322 4087 καί
347 4032 645 4087 εἰσελθὼν
682 4033 770 4098 είς
829 4031 944 4098 τὴν
990 4031 1408 4100 παρεμϐολὴν,
1447 4031 1776 4101 ἀπήγγειλε
1811 4032 1890 4097 τῷ

222 4123 469 4187 Παύλῳ.
511 4119 1094 4188 Προσκαλεσάμενος
1149 4119 1217 4172 δὲ
1272 4122 1306 4173 ὀ
1356 4119 1596 4186 Παῦλος
1623 4120 1730 4174 ἕνα
1772 4120 1892 4174 τῶν

222 4208 702 4278 ἑκατοντάρχων,
732 4209 880 4276 ἔφη·
927 4208 1039 4262 Τὸν
1077 4209 1327 4261 νεανίαν
1368 4207 1586 4262 τοῦτον
1625 4208 1894 4279 ἀπάγαγε

222 4296 381 4361 πρὸς
411 4295 516 4348 τὸν
559 4295 872 4362 χιλίαρχον
902 4309 915 4322 ·
947 4293 1072 4362 ἔχει
1105 4292 1215 4362 γάρ
1236 4311 1291 4346 τι
1325 4293 1678 4364 ἀπαγγεῖλαι
1712 4293 1891 4360 αὐτῷ.

232 4384 300 4436 '0
317 4383 438 4451 μὲν
460 4376 573 4436 οὖν
611 4379 974 4448 παραλαϐὼν
1004 4379 1209 4444 αὐτὸν,
1241 4379 1426 4450 ἤγαγε
1479 4383 1630 4450 πρὸς
1674 4382 1782 4436 τὸν
1807 4401 1897 4452 χι-

222 4473 506 4539 λίαρχον.
537 4469 706 4522 Πάλιν
757 4469 834 4522 δι’
875 4468 1220 4539 ἀνθρωπίνης
1257 4469 1484 4534 σώζεται
1533 4471 1891 4541 προμηθείας.

225 4561 340 4613 Καὶ
381 4561 489 4625 ὅρα
517 4575 532 4589 ·
572 4561 599 4610 0
632 4555 842 4620 Παῦλος
896 4557 1087 4610 οὐδένα
1133 4557 1323 4629 ἀφίησι
1379 4559 1590 4628 μαθεῖν,
1655 4560 1777 4612 οὑδέ
1805 4560 1894 4614 τὸν

224 4649 646 4716 ἑκατόνταρχον,
660 4645 798 4698 ὥστε
824 4644 897 4715 μή
926 4645 985 4696 τὸ
1002 4646 1231 4714 πρᾶγμα
1249 4645 1499 4712 γενέσθαι
1517 4646 1893 4717 διάδηλον.Και

223 4735 424 4790 ἐλθὼν
447 4740 478 4788 0'
505 4733 651 4806 [566]
671 4734 1121 4801 ἑκατόνταρχος,
1153 4731 1466 4802 ἀνήγγειλε
1490 4734 1568 4800 τῷ
1589 4735 1895 4803 χιλιάρχῳ,

223 4826 430 4894 λέγων
455 4839 469 4851 ·
528 4823 590 4876 '0
627 4821 871 4890 δέσμιος
905 4822 1142 4888 Παῦλος
1179 4823 1754 4893 προσκαλεσάμενός
1795 4842 1896 4894 με,

225 4912 509 4980 ἠρώτησε
565 4909 781 4963 τοῦτον
835 4908 943 4962 τὸν
1009 4897 1258 4962 νεανίαν
1307 4909 1551 4979 ἀγαγεῖν
1609 4911 1758 4978 πρὸς
1803 4911 1896 4976 σὲ,

224 4998 455 5068 ἔχοντά
483 5015 536 5050 τι
558 4995 830 5064 λαλῆσαί
861 5013 978 5050 σοι.
1028 4997 1490 5065 Ἐπιλαϐόμενος
1537 4997 1605 5050 δὲ
1644 4997 1753 5067 τῆς·
1781 5017 1902 5068 χει-

219 5088 334 5154 ρὸς
357 5086 550 5140 αὐτοῦ
579 5089 612 5139 d
651 5086 961 5154 χιλίαρχος
987 5085 1083 5137 καὶ
1131 5084 1529 5154 ἀναχωρήσας
1558 5085 1685 5138 κατ’
1721 5087 1897 5151 ἰδίαν,

224 5175 608 5228 ἐπυνθάνετο
642 5189 657 5203 ο
705 5173 766 5226 Τί
815 5173 1006 5236 ἐστιν,
1063 5171 1094 5224 ὃ
1147 5173 1307 5239 ἔχεις
1359 5173 1716 5242 ἀπαγγεῖλαί
1766 5193 1898 5243 μοι;

229 5261 382 5318 Εἷπε
405 5262 492 5321 δὲ,
520 5260 609 5314 ὅτι
645 5260 917 5314 Ἰουδαῖοι
950 5259 1274 5314 συνέθεντο
1328 5261 1436 5315 τοῦ
1483 5261 1777 5329 ἐρωτῆσαί
1807 5278 1900 5326 σε,

229 5361 394 5424 ὅπως
419 5359 632 5426 αὔριον
663 5357 771 5411 τὸν
814 5357 1060 5412 Παῦλον
1109 5359 1448 5428 καταγάγῃς
1504 5361 1590 5424 είς
1638 5357 1704 5411 τό
1759 5360 1904 5414 συν-

229 5447 433 5516 έδριον
464 5447 545 5512 ὠς
575 5449 926 5515 μελλόντων
944 5463 998 5501 τι
1037 5445 1457 5515 ἀκριϐέστερον
1497 5448 1905 5501 πυνθάνεσθαι

230 5536 369 5605 παρ’
440 5535 649 5590 αὑτοῦ.
713 5534 798 5588 Σὺ
853 5534 967 5589 οῦν
1034 5533 1120 5604 μὴ
1181 5534 1435 5602 πεισθῇς
1487 5536 1690 5602 αὐτοῖς
1739 5553 1754 5568 ·
1811 5538 1906 5591 ἑν-

229 5623 553 5691 εδρεύουσι
605 5622 714 5692 γὰρ
742 5621 811 5687 ἐξ
847 5619 1046 5676 αὐτῶν
1072 5620 1285 5689 ἄνδρες
1331 5623 1581 5688 πλείους
1615 5625 1909 5693 τεσσαρά-

299 5747 326 5774 ⁸
342 5745 484 5809 Unus
506 5746 612 5794 cod.
625 5782 635 5799 .
648 5746 703 5794 τὸ
715 5747 1003 5809 διασωθῆναι
1025 5745 1655 5809 μέλλοντα-διασπᾶσθαιτὸν
1666 5746 1909 5809 ἄνθρωπον

232 5809 317 5854 καὶ
339 5808 467 5862 τούς.
539 5809 660 5870 δὸὶο
681 5815 786 5856 tres
804 5807 942 5870 codd.
970 5813 1024 5855 et
1043 5806 1191 5870 S_avi|.
1218 5819 1232 5866 ;
1259 5806 1424 5857 Monlf.
1452 5806 1905 5870 (natmnxoilﬁnu.

235 5870 261 5899 ⁸
282 5869 594 5933 Συνέρχονται
634 5867 684 5918 in
726 5868 1016 5930 quibusdam
1056 5868 1214 5918 deest.

1255 309 1325 366 IN
1360 311 1539 368 ACTA
1580 310 2112 372 APOSTOLORUM.
2151 311 2389 372 HOMIL.
2427 313 2618 371 XLIX.

1977 3865 2266 3934 ,χιλίαρχος
2301 3880 2312 3891 ·

3510 317 3618 376 340

1960 445 2168 494 κοντα,
2201 429 2422 496 οἵτινες
2461 426 2902 499 ἀνεθεμάτισαν
2943 426 3196 495 ἑαυτοὺς
3219 431 3373 499 μήτε
3408 438 3620 507 φαγεῖν

1953 516 2108 585 μήτε
2133 516 2312 582 πιεῖν,
2341 516 2451 582 ἕως
2497 512 2570 572 οὗ
2623 515 2885 570 ἀνέλωσι
2916 515 3024 570 τὸν
3052 517 3298 573 Παῦλον
3321 533 3338 549 ⁸
3360 524 3461 577 καί
3501 525 3618 580 νῦν

1955 602 2180 672 ἕτοιμοί
2200 607 2322 658 εισι
2360 604 2828 674 προσδεχόμενοι
2881 603 2999 671 τὴν
3036 606 3196 672 παρὰ
3216 606 3334 661 σοῦ
3370 609 3621 681 ἐπαγγε-

1955 691 2118 748 λίαν.
2162 691 2226 746 '0
2244 692 2363 761 μὲν
2395 689 2510 747 οὖν
2546 693 2856 761 χιλίαρχος
2893 690 3168 746 ἀπέλυσε
3216 695 3324 749 τὸν
3347 700 3621 764 νεανίαν,

1957 781 2358 850 παραγγείλας
2417 779 2633 850 μηδενὶ
2704 780 3062 849 ἐκλαλῆσαι,
3117 781 3207 837 ὅτι
3260 784 3626 856 ἐνεφάνισας

1956 870 2144 924 ταῦτα
2171 870 2320 936 πρός
2335 885 2432 937 με.

2029 959 2094 1029 β’.
2130 956 2324 1022 Καλῶς
2351 959 2379 1009 0
2402 956 2676 1027 χιλίαρχος
2717 957 2927 1011 κελεύει
2965 958 3208 1030 κρύψαι,
3247 961 3388 1017 ὥστε
3430 965 3504 1035 μὴ
3534 981 3626 1035 γε-

1958 1044 2142 1099 νέσθαι
2164 1044 2342 1114 δῆλον.
2368 1045 2479 1097 Καὶ
2510 1044 2632 1097 τότε
2651 1045 2798 1112 λέγει
2823 1048 2935 1110 τοῖς
2957 1049 3396 1122 ἑκατοντάρχοις,
3414 1053 3501 1105 ὅτε
3531 1054 3627 1105 καὶ

1958 1133 2212 1203 γενέσθαι
2241 1133 2427 1202 ἐχρῆν·
2460 1133 2555 1185 καὶ
2582 1134 2858 1201 πέμπεται
2876 1131 3058 1186 λοιπὸν
3089 1137 3144 1188 ἐν
3175 1138 3500 1210 Καισαρείᾳ,
3539 1140 3629 1193 ἵνα

1960 1222 2122 1274 κάκεῖ
2149 1218 2401 1290 διαλεχθῇ
2433 1218 2525 1272 ἐπὶ
2567 1217 2809 1289 μείζονος
2845 1218 3072 1290 θεάτρου
3105 1223 3200 1274 καὶ
3244 1223 3628 1297 λαμπροτέρου

1959 1308 2055 1363 τοῦ
2094 1308 2462 1379 ἀκροατηρίου
2487 1321 2501 1334 °
2543 1307 2630 1360 ῖνα
2660 1305 2734 1377 μὴ
2768 1307 2931 1377 ἔχωσι
2971 1307 3149 1376 λέγειν
3174 1311 3224 1363 οἱ
3260 1312 3517 1376 Ἰουδαῖοι,
3545 1315 3629 1367 ὅτι

1959 1397 2010 1449 εί
2033 1395 2246 1464 εἴδομεν
2274 1393 2504 1457 Παῦλον,
2547 1393 2947 1464 ἐπιστεύσαμεν
2968 1395 3053 1460 ἂν,
3087 1397 3134 1447 εί
3188 1399 3503 1468 ἠκούσαμεν
3535 1401 3633 1452 αύ-

1960 1485 2056 1538 τοῦ
2083 1485 2441 1547 διδάσκοντος.
2477 1484 2584 1537 Καὶ
2611 1481 2750 1554 αὕτη
2799 1479 2891 1536 οὖν
2925 1484 3107 1548 αὐτοῖς
3146 1485 3395 1540 ἐντεῦθεν
3428 1489 3460 1558 ή
3493 1491 3630 1542 ἀπο-

1961 1575 2116 1642 λογία
2150 1574 2495 1627 ἐκκόπτεται.
2519 1572 2628 1626 Καὶ
2649 1573 2922 1637 ἐπιστὰς,
2947 1573 3134 1642 φησὶν,
3169 1577 3200 1627 ό
3229 1577 3442 1642 Κύριος
3462 1571 3633 1629 εἶπεν

1963 1661 2124 1726 αὐτῷ
2149 1679 2163 1692 ·
2195 1662 2412 1730 Θάρσει
2435 1678 2451 1692 υ
2483 1663 2562 1726 ὼς
2591 1661 2698 1730 γὰρ
2733 1660 3096 1730 διεμαρτύρω
3123 1662 3194 1714 τὰ
3222 1664 3354 1732 περὶ
3379 1665 3524 1735 ἐμοῦ
3544 1669 3632 1732 είς

1975 1750 2393 1818 Ἰερουσαλὴμ,
2422 1749 2577 1802 οὕτω
2611 1764 2684 1802 σε
2709 1749 2804 1802 δεῖ
2823 1749 2919 1803 καὶ
2963 1753 3048 1815 εὶς
3079 1750 3312 1820 Ῥώμην
3330 1753 3634 1822 μιιρτυρῆ..

1965 1855 2089 1893 σαι.
2132 1839 2292 1909 Ὅρα,
2330 1838 2422 1890 καὶ
2461 1837 2598 1906 μετά
2639 1837 2700 1890 τὸ
2737 1838 3001 1907 φανῆναι,
3034 1838 3197 1891 πάλιν
3224 1841 3447 1908 ἀφίησιν
3477 1840 3635 1894 αὐτὸν

1964 1926 2319 1997 ἀνθρωπίνως
2343 1925 2601 1994 σωθῆναι.
2624 1925 2734 1978 Καὶ
2755 1923 2900 1989 ἀξιον
2917 1925 3252 1994 ἐκπλαγῆναι
3281 1927 3371 1979 τὸν
3401 1926 3634 1992 Παῦλον,

1965 2011 2081 2074 πῶς
2106 2012 2204 2064 οὐκ
2227 2010 2547 2083 ἐθορυϐήθη,
2585 2012 2702 2064 οὐδὲ
2726 2007 2865 2063 εἷπε⁸
2884 2012 2947 2063 Τί
2969 2011 3030 2080 δὴ
3059 2013 3214 2066 τοῦτό
3243 2016 3408 2078 ἐστιν;
3430 2009 3536 2086 ἆρα
3562 2013 3638 2086 μὴ

1965 2099 2252 2167 ἠπάτημαι
2276 2097 2426 2166 παρά
2447 2097 2539 2149 τοῦ
2559 2096 2816 2166 Χριστοῦ;
2835 2096 2956 2148 Ἀλλ
2973 2097 2985 2112 ⁹
2999 2097 3148 2150 οὐδὲν
3160 2099 3398 2152 τοιοῦτον
3421 2101 3638 2169 ἐνενόη-

1969 2205 2080 2249 σεν,
2099 2188 2218 2240 ούδέ
2230 2186 2447 2249 ἔπαθεν,
2463 2187 2598 2239 ἀλλά
2614 2187 2767 2254 μόνον
2781 2187 3182 2241 ἐπίστευσεν·ού
3200 2189 3303 2259 μὴν
3320 2189 3505 2258 ἐπειδὴ
3519 2188 3640 2240 ἐπί-

1971 2293 2191 2330 στευσεν
2206 2317 2220 2340 ,
2256 2274 2503 2327 ὕπνωσεν
2526 2316 2539 2339 ,
2571 2275 2705 2327 ἀλλά
2719 2275 2786 2328 τά
2804 2267 2990 2327 ἐνόντα
3003 2274 3062 2337 ἐξ
3088 2275 3430 2346 ἀνθρωπίνης
3449 2274 3641 2344 σοφίας

1971 2363 2200 2416 συνιδεῖν
2241 2363 2302 2414 οὐ
2350 2361 2582 2432 προῆκε.
2632 2361 2742 2412 Καὶ
2789 2361 2982 2413 σκόπει
3041 2360 3155 2425 πῶς
3185 2362 3432 2432 ἀνάγκην
3462 2361 3583 2414 τινά
3609 2361 3639 2400 ἀ

1971 2454 2182 2513 ἑαυτοῖς
2205 2451 2402 2504 ἐκεῖνοι
2430 2449 2765 2520 περιέθηκαν
2791 2449 2877 2503 διὰ
2898 2449 2991 2502 τοῦ
3019 2449 3486 2520 ἀναθεματισμοῦ.
3507 2449 3640 2503 Ἰδοὺ
3693 2519 3696 2523 _

1971 2539 2197 2610 νηστεία
2227 2538 2580 2608 ἀνδροφονίας
2614 2539 2813 2610 μήτηρ.
2839 2537 3102 2606 Καθάπερ
3136 2538 3164 2588 0
3195 2536 3443 2607 Ἡρώδης
3470 2536 3632 2604 ἀνάγ-

1973 2646 2077 2697 κην
2099 2628 2199 2698 τήν
2243 2627 2350 2680 ἀπὸ
2388 2626 2480 2679 τοῦ
2517 2626 2682 2698 ὅρκου
2724 2624 2902 2694 ἐαυτῷ
2943 2625 3211 2694 ἐπέθηκεν
3239 2640 3252 2654 ·
3295 2624 3437 2677 οὕτω
3461 2624 3644 2696 δήκαὶ

1977 2710 2146 2769 οῦτοι.
2173 2713 2412 2767 Τοιαῦτα
2441 2715 2548 2783 γὰρ
2568 2713 2637 2766 τά
2664 2713 2948 2766 διαϐολικά
2977 2713 3226 2782 θήρατρα
3246 2728 3260 2743 ο
3295 2715 3650 2783 προσχήματι

1975 2807 2134 2879 δῆθεν
2164 2807 2448 2868 εὐλαϐείας
2505 2806 2604 2869 τὰς
2658 2805 2892 2872 παγίδας
2943 2804 3146 2874 τίθησι.
3191 2802 3301 2855 Καὶ
3341 2801 3445 2872 μὴν
3476 2801 3646 2871 ἐχρῆν

1978 2895 2320 2968 προσελθεῖν,
2352 2895 2518 2965 ἐχρῆν
2558 2893 2939 2956 αἰτιάσασθαι,
2970 2891 3316 2960 δικαστήριον
3344 2889 3649 2960 συγκροτῆο

1981 3002 2108 3038 σαι·
2140 2985 2314 3037 ταῦτα
2365 2983 2472 3053 γὰρ
2530 2982 2628 3051 οὐχ
2675 2982 2886 3052 ἱερέων,
2937 2979 3071 3033 ἀλλά
3103 2979 3444 3048 λῃστάρχων,
3475 2976 3650 3030 ταῦτα

1979 3074 2079 3127 οὐκ
2105 3073 2398 3142 ἀρχόντων,
2425 3070 2559 3123 ἀλλὰ
2604 3068 2916 3138 λυμεώνων.
2969 3067 3078 3119 Καὶ
3111 3067 3212 3135 ὅρα
3251 3065 3448 3127 κακίας
3476 3064 3649 3133 ὑπερ-

1982 3162 2162 3232 ϐολήν.
2215 3161 2289 3212 Οὐ
2339 3157 2496 3228 μόνον
2548 3157 2807 3226 ἀλλήλους
2873 3153 3284 3223 διαφθείραντες
3327 3151 3643 3221 ἀρκοῦνται,

1982 3249 2120 3303 ἀλλά
2151 3247 2244 3299 καὶ
2273 3246 2364 3298 τὸν
2409 3247 2646 3315 ἄρχοντα
2694 3241 3102 3311 συνδιαφθεῖραι
3149 3238 3479 3308 ἐπιχειροῦσι
3512 3254 3526 3268 ·
3554 3236 3642 3289 διὰ.

1982 3339 2141 3392 τοῦτο
2162 3334 2486 3407 ᾠκονομήΟη
2520 3333 2658 3385 ὥστε
2687 3334 2935 3385 κάκεῖνον
2978 3330 3167 3400 μαθεῖν
3195 3326 3373 3379 αὐτῶν
3402 3326 3496 3397 τὴν
3525 3327 3648 3377 ἐπι-

1984 3426 2198 3497 ϐουλήν.
2229 3423 2391 3476 Αὐτοὶ
2427 3421 2483 3474 δὲ
2515 3421 2576 3474 οὑ
2619 3421 2776 3490 μόνον
2823 3421 2885 3470 ἐκ
2912 3416 3006 3470 τοῦ
3053 3417 3215 3487 μηδὲν
3264 3414 3406 3484 ἔχειν
3451 3415 3644 3478 εἰπεῖν,

1988 3513 2122 3568 ἁλλά
2155 3514 2250 3566 καὶ
2273 3513 2336 3564 ἐκ
2362 3509 2454 3563 τοῦ
2481 3509 2655 3581 λάθρα
2694 3509 2990 3577 ἐπιχειρεῖν
3034 3504 3265 3574 ἤλεγξαν
3300 3503 3526 3565 ἑαυτοὺς
3560 3501 3654 3553 οὐ-

1987 3603 2072 3654 δὲν
2112 3601 2289 3662 ὂντας.
2313 3598 2474 3660 Εἰκὸς
2514 3596 2568 3649 δέ
2617 3597 2710 3649 καὶ
2745 3595 2884 3665 μετά
2943 3592 3003 3645 τὸ
3045 3591 3414 3661 ἀποσταλῆναι
3473 3588 3656 3654 αὐτὸν,

1991 3689 2302 3761 προσελθεῖν
2335 3687 2460 3748 τοὺς
2486 3685 2759 3754 ἀρχιερεῖς
2798 3679 3101 3744 αἰτοῦντας,
3135 3679 3228 3731 καὶ
3260 3676 3659 3748 καταισχυνθῆ-

1990 3796 2076 3830 ναι
2109 3776 2425 3845 ἀπράκτους
2472 3771 2863 3832 ἀπολυθέντας.
2910 3768 3149 3835 Εἰκότως
3176 3767 3232 3819 δὲ
3263 3767 3418 3818 τοῦτο
3458 3767 3602 3818 ποιεῖ
3628 3765 3660 3817 0

2355 3862 2415 3912 ού
2465 3859 2571 3927 γὰρ
2610 3857 2675 3927 δὴ
2715 3855 2964 3907 ἐϐούλετο
3010 3855 3132 3906 οὗτε
3179 3853 3505 3922 χαρίσασθαι
3536 3850 3656 3904 οὔτε

1993 3949 2292 4004 ἐπινεῦσαι.
2324 3948 2434 4000 Καὶ
2461 3947 2596 4010 πῶς,
2627 3944 2822 4013 φησὶν,
2872 3943 3190 3994 ἐπίστευσεν
3225 3941 3398 4010 ἀληθῆ
3429 3936 3660 3992 εἶναιτὰ

1994 4036 2397 4106 ἐπαγγελθέντα
2420 4035 2571 4104 παρά
2591 4032 2682 4084 τοῦ
2724 4030 2972 4093 νεανίους
3017 4030 3110 4081 Ἐκ
3149 4027 3256 4079 τῶν
3295 4027 3395 4097 ἤδη
3435 4027 3661 4096 γενομέ-

1993 4142 2099 4178 νων
2124 4123 2473 4193 ἐστοχάσατο,
2501 4121 2582 4172 ὂτι
2615 4119 2710 4171 καὶ
2736 4115 2894 4169 τοῦτο
2926 4115 3072 4177 εἰκὸς
3091 4111 3158 4185 ἦν
3192 4114 3390 4177 αὐτοὺς
3411 4113 3657 4183 ποιῆσαι.

1995 4213 2104 4268 Καὶ
2131 4213 2230 4282 ὅρα
2258 4210 2355 4281 τὴν
2391 4206 2738 4279 κακουργίαν
2776 4202 2925 4276 [567]
2947 4203 3134 4274 ὥσπερ
3164 4203 3408 4271 ἀνάγκην
3435 4201 3528 4254 καὶ
3551 4202 3662 4262 τοῖς

1996 4298 2338 4374 ἀρχιερεῦσιν
2389 4297 2713 4365 ἐπέστησαν.
2756 4293 2866 4347 Καὶ
2929 4292 3004 4363 μὴ
3034 4290 3319 4361 θαυμάσῃς
3341 4301 3364 4328 ε
3391 4305 3404 4316 θ
3435 4290 3484 4341 εἰ
3553 4287 3665 4358 γὰρ

1996 4388 2246 4442 τοσοῦτον
2295 4385 2498 4437 εἵλοντο
2527 4381 2702 4443 αὐτοὶ,
2754 4381 2846 4433 καὶ¹
2903 4379 2993 4432 τὸν
3048 4379 3288 4430 κίνδυνον
3350 4375 3667 4438 ἀνεδέξαντο

1999 4478 2198 4539 πάντα,
2236 4473 2418 4544 πολλῷ
2449 4471 2648 4542 μᾶλλον
2682 4469 2777 4522 καὶ
2801 4468 3041 4530 ἐκείνους
3074 4465 3231 4518 τοῦτο
3265 4464 3489 4534 ποιῆσαι
3519 4462 3664 4523 εἰκὸς

1996 4561 2085 4635 ἦν.
2132 4563 2314 4632 Ὁρᾷς,
2372 4560 2488 4621 πῶς
2515 4557 2602 4610 διὰ
2635 4557 2735 4626 τῆς
2756 4555 2938 4625 ψήφου
2980 4553 3088 4606 τῶν
3125 4552 3228 4616 ἔξω
3253 4551 3428 4613 ἀθῶος
3458 4549 3666 4616 γίνεται

1999 4653 2027 4704 0
2053 4650 2284 4712 Παῦλος,
2311 4648 2385 4710 ὼς
2412 4647 2505 4700 καὶ
2535 4648 2562 4698 ὁ
2599 4643 2834 4714 Χριστὸς
2879 4641 3030 4710 παρά
3069 4639 3303 4693 Πιλάτου
3330 4654 3343 4701 ;
3390 4635 3524 4688 Ἀλλ’
3565 4635 3666 4703 ὅρα

2000 4741 2093 4792 καὶ
2142 4737 2237 4808 τὴν
2275 4736 2473 4788 κακίαν
2519 4732 2608 4802 ὑφ’
2651 4732 2848 4800 ἑαυτῆς
2874 4725 3292 4797 ἀναιρουμένην.
3333 4722 3668 4790 Παρέδωκαν

2005 4828 2102 4898 μὲν
2126 4807 2234 4895 γὰρ
2258 4823 2440 4888 αὐτὸν,
2467 4821 2606 4874 ὥστε
2665 4819 2758 4872 καὶ
2794 4817 3000 4870 ἀνελεῖν
3033 4815 3123 4866 καὶ
3154 4811 3511 4864 καταδικάσαι
3537 4825 3550 4838 ο
3582 4807 3666 4875 γί-

2002 4895 2148 4969 νεται
2169 4914 2224 4966 δὲ
2239 4909 2564 4970 τούναντίον,
2582 4907 2672 4960 καὶ
2691 4903 2941 4968 σώζεται,
2956 4904 3046 4954 καὶ
3065 4899 3236 4962 άθῶος
3253 4897 3582 4968 εὑρίσκεται.
3604 4895 3667 4947 Εἰ

2002 5003 2110 5074 γὰρ
2148 5000 2221 5072 μὴ
2248 4999 2409 5061 οὕτω,
2434 4997 2536 5050 κᾶν
2557 4993 2855 5062 διεσπάσθη
2883 5007 2893 5017 ·
2917 4991 2963 5042 εἰ
2984 4988 3057 5059 μὴ
3075 4986 3236 5048 οὕτω,
3277 4984 3379 5037 κᾶν
3397 4981 3664 5042 ἀπώλετο,

2004 5071 2106 5146 κᾶν
2119 5071 2498 5152 κατεδικάσθη.
2515 5085 2588 5135 Οὐ
2606 5079 2826 5152 μόνονδέ
2842 5077 3052 5147 ἐκείνης
3065 5075 3222 5130 αὑτὸν
3236 5075 3331 5144 τῆς
3345 5071 3519 5143 ὁρμῆς
3534 5071 3670 5136 ἐξαι-

2008 5183 2178 5251 ρεῖται
2197 5181 2224 5230 0
2242 5177 2515 5250 χιλίαρχος
2534 5213 2547 5232 ,
2566 5169 2701 5223 ἀλλά
2731 5168 2823 5221 καὶ
2838 5165 3111 5236 ὑπηρέτης
3129 5161 3512 5251 αύτῴγίνεται,
3529 5160 3668 5251 ὥστε

2003 5247 2296 5327 ἀκινδύνως
2320 5257 2646 5327 διασωθῆναι
2681 5255 2818 5325 μετά
2840 5254 3108 5322 τοσαύτης
3135 5249 3518 5323 παρατάξεως’
3576 5247 3671 5301 καὶ

2004 5356 2169 5415 ὅπως,
2191 5351 2374 5404 ἄκουε·
2390 5347 2724 5414 ἐπάγειγάρ·
2744 5341 2853 5396 Καὶ
2875 5340 3443 5410 προσκαλεσάμενος
3456 5335 3562 5389 δύο
3584 5351 3670 5387 τι-

2005 5442 2114 5506 νίις
2133 5438 2251 5492 τῶν
2276 5432 2743 5502 ἑκατοντάρχων,
2762 5427 2890 5484 εἷπε
2915 5444 2927 5458 ⁸
2966 5425 3350 5495 Ἑτοιμάσατὲ
3365 5442 3463 5494 μοι
3488 5439 3668 5489 στρα-

2007 5527 2214 5591 τιώτας
2229 5523 2595 5586 διακοσίους,
2615 5517 2774 5586 ὅπως
2786 5516 3158 5588 πορευθῶσιν
3185 5518 3270 5578 εὶς
3288 5509 3666 5576 Καισάρειαν,

2008 5614 2107 5670 καὶ
2145 5611 2346 5676 ίππεῖς
2396 5607 2826 5678 ἐϐδομήκοντα,
2875 5606 2975 5659 καί
3026 5600 3405 5667 δεξιολάϐους
3466 5595 3664 5650 διακο-

2093 5807 2120 5848 ιι
2143 5808 2364 5868 Quidam,
2388 5806 2574 5869 σοφίας,
2615 5805 2670 5853 οὐ
2709 5803 2986 5869 προέδωκαν
3021 5797 3229 5862 ἀνάγκην
3251 5797 3369 5847 τινά.
3441 5807 3465 5836 θ
3485 5794 3580 5846 Καὶ
3604 5792 3670 5856 μὴ

2015 5871 2260 5928 θαυμάσῃς
2301 5871 2443 5920 deest
2462 5867 2517 5918 'iu
2539 5879 2638 5918 uno
2678 5867 2864 5916 codice.
