4098 6354
535 221 632 277 διι

533 336 728 403 σίους,
752 335 871 391 ἀπὸ
891 335 1092 405 τρίτης
1111 334 1269 404 ὥρας
1297 337 1409 406 τῆς
1450 336 1692 401 νυκτὸς,
1738 332 1926 403 κτήνη
1977 351 2043 387 τε
2073 346 2186 387 πα-

532 422 856 491 ραστῆσαι,
894 424 995 477 ἵνα
1024 422 1478 489 ἐπιϐιϐάσαντες
1501 428 1607 476 τὸν
1636 423 1899 484 Παῦλον,
1924 420 2189 490 ἀγάγωσι

535 512 683 577 πρὸς
707 511 937 580 Φήλικα
972 512 1079 565 τὸν
1114 512 1377 580 ἡγεμόνα
1400 528 1413 541 ·
1455 510 1687 580 γράψας
1714 509 2073 576 ἐπιστολὴν,
2098 522 2193 561 πε-

534 597 863 667 ριέχουσαν
896 600 1002 653 τὸν
1028 600 1220 653 τύπον
1257 599 1490 653 τοῦτον
1534 598 1832 664 Κλαύδιος
1861 599 2091 663 Λυσίας
2114 596 2194 663 τῷ

537 686 830 752 κρατίστῳ
850 687 1093 754 ἡγεμόνι
1111 686 1322 753 Φήλικι
1346 686 1597 754 χαίρειν.
1635 686 1746 739 Τὸν
1770 685 1957 752 ἄνδρα
1980 684 2194 738 τοῦτον

538 775 966 840 συλληφθέντα
1013 773 1127 825 ὑπὸ
1179 771 1298 826 τῶν
1348 772 1677 835 Ἰουδαίων,
1728 770 1827 823 καὶ
1894 770 2196 840 μέλλοντα

539 856 905 924 ἀναιρεῖσθαι
951 860 1064 912 ὑπ’
1095 858 1315 921 αὐτῶν,
1353 860 1604 926 ἐπιστὰς
1638 861 1761 915 σὺν
1805 861 1883 926 τῷ
1909 860 2195 928 στρατεύ-

536 958 672 1010 ματι
696 942 1011 1011 ἐξειλόμην
1031 946 1257 1014 μαθὼν,
1288 948 1375 999 ὅτι
1410 948 1683 1015 Ῥωμαῖός
1702 950 1833 1004 ἐστι
1860 967 1872 979 °
1892 950 2193 1014 βουλόμε-

539 1046 646 1095 νος
668 1030 735 1083 δὲ
761 1031 979 1099 γνῶναι
1023 1033 1137 1099 τὴν
1167 1035 1381 1098 αἰτίαν,
1431 1036 1505 1088 δι’
1532 1035 1611 1103 ἢν
1648 1037 1979 1091 ἐνεκάλουν
2011 1032 2194 1098 αὐτῷ,

541 1116 881 1186 κατήγαγον
939 1119 1127 1172 αὑτὸν
1194 1122 1279 1185 είς
1337 1120 1401 1173 τὸ
1446 1123 1765 1191 συνέδριον
1806 1123 2023 1178 αὐτῶν.
2086 1123 2196 1174 Ὃν

541 1199 719 1271 εὖρον
769 1206 1213 1274 ἐγκαλούμενον
1276 1208 1408 1275 περὶ
1464 1207 1802 1278 ζητημάτων
1851 1210 1957 1263 τοῦ
2008 1209 2196 1277 νόμου

542 1288 758 1352 αὐτῶν.
789 1294 984 1360 μηδὲν
1030 1294 1201 1353 ἄξιον
1241 1294 1499 1349 θανάτου
1549 1296 1587 1363 ἢ
1647 1295 1884 1365 δεσμῶν
1930 1297 2199 1364 ἔγκλημα

542 1377 780 1446 ἔχοντα.
854 1381 1237 1446 Μηνυθείσης
1299 1380 1365 1433 δέ
1421 1399 1523 1450 μοι
1571 1383 1897 1448 ἐπιϐουλῆς
1948 1382 2200 1451 μέλλειν

544 1463 793 1517 ἔσεσθαι
815 1468 899 1530 είς
918 1466 1024 1519 τὸν
1045 1466 1233 1534 ἄνδρα
1257 1467 1375 1522 ὑπὸ
1405 1468 1523 1521 τῶν
1567 1471 1873 1525 Ἰουδαίων
1892 1470 1961 1534 ἐξ
1979 1469 2197 1537 αὐτῶν,

545 1548 785 1618 ἔπεμψα
800 1552 949 1618 πρὸς
975 1557 1070 1614 σε,
1104 1556 1503 1623 παραγγείλας
1539 1557 1637 1610 καὶ
1674 1557 1799 1623 τοῖς
1846 1557 2196 1625 κατηγόροις

546 1639 747 1705 λέγειν
773 1639 842 1692 τὰ
879 1641 1026 1706 πρὸς
1054 1641 1240 1695 αὐτὸν
1261 1642 1357 1695 ἐπὶ
1399 1643 1537 1697 σοῦ.
1564 1645 1823 1713 Ἔρρωσο
1860 1657 1907 1685 ι’
1936 1645 2079 1715 Ὅρα
2105 1644 2200 1696 καὶ

546 1724 645 1795 τὴν
690 1725 975 1797 ἐπιστολὴν
1026 1727 1322 1796 ἀπολογίαν
1386 1729 1613 1799 ἔχουσαν
1678 1731 1775 1800 μέν
1833 1731 1973 1801 ὑπὲρ
2030 1730 2199 1783 αὐτοῦ

548 1810 767 1879 (Οὐδὲν
788 1812 916 1883 γὰρ,
960 1814 1145 1884 φησὶν,
1187 1812 1372 1883 εὗρον
1404 1817 1577 1881 ἄξιον
1623 1818 1883 1873 θανάτου
1929 1818 2201 1888 ἔγκλημα

547 1897 809 1970 ἔχοντα),
856 1903 1183 1972 κατηγορίαν
1222 1903 1279 1955 δὲ
1317 1904 1437 1957 κατ’
1468 1903 1749 1975 ἐκείνωνῆ
1782 1905 1923 1959 κατά
1965 1905 2155 1958 τούτου
2180 1921 2195 1936 ·

546 1986 722 2051 οὕτως
747 1988 1038 2045 ἐθανάτων.
1064 1992 1173 2045 Καὶ
1209 1991 1424 2062 πρῶτον
1448 1992 1545 2062 μέν
1569 2011 1754 2064 φησιν,
1776 1995 1856 2047 δτι
1885 1994 2201 2049 Μέλλοντα

548 2072 916 2142 ἀναιρεῖσθαι
966 2072 1083 2130 ὑπὸ
1132 2076 1251 2131 τῶν
1304 2080 1607 2135 Ἰουδαίων
1660 2081 1979 2149 ἐξειλόμην
2016 2097 2031 2111 °
2082 2076 2201 2134 εἶτα

550 2162 921 2233 προστίθησιν,
954 2165 1035 2217 ὅτι
1066 2167 1171 2219 Καὶ
1199 2167 1539 2236 κατήγαγον
1563 2168 1751 2223 αὐτὸν
1773 2169 1923 2236 πρὸς
1947 2169 2167 2233 αὐτούς
2183 2182 2199 2201 ⁸

550 2250 643 2302 καὶ
669 2251 775 2303 οὐδ’
814 2250 985 2316 οὕτως
1018 2246 1175 2324 εὗρόν
1220 2272 1272 2307 τι
1327 2254 1625 2321 ἐγκαλέσαι
1677 2256 1908 2309 ἐκεῖνοι·
1955 2256 2050 2309 καὶ
2086 2256 2205 2309 δέον

550 2335 691 2407 ὑπὲρ
715 2335 809 2389 τοῦ
835 2340 1102 2411 προτέρου
1140 2342 1560 2411 καταπλαγῆναι
1586 2344 1681 2396 καὶ
1724 2343 2202 2414 καταισχυνθῆναι,

551 2424 713 2477 πάλιν
736 2426 1103 2497 ἐπιχειροῦσιν
1128 2429 1357 2493 ἀνελεῖν,
1386 2430 1526 2483 ὥστε
1546 2431 1706 2483 πάλιν
1728 2431 2101 2503 λαμπρότερον
2117 2448 2207 2499 γε·

551 2511 735 2566 νέσθαι
766 2513 856 2566 τὸν
880 2514 1019 2585 ὑπὲρ
1047 2515 1211 2567 αὑτοῦ
1250 2517 1423 2583 λόγον.
1472 2518 1581 2571 Καὶ
1610 2518 1663 2570 τί
1693 2518 1890 2588 δήποτε
1927 2520 2052 2580 τοὺς
2082 2534 2209 2571 κατ-

550 2600 785 2671 ηγόρους
829 2600 1070 2669 πέμπεις
1103 2603 1220 2656 Ἵνα
1265 2605 1322 2655 ἐν
1348 2602 1426 2674 τῷ
1465 2603 1827 2674 δικαστηρίῳ,
1875 2603 2002 2658 ἔνθα
2035 2604 2208 2658 ταῦτα

551 2688 941 2759 ἀκριϐέστερον
1008 2690 1384 2759 γυμνάζεται,
1441 2690 1617 2755 ἀθῶος
1671 2692 1916 2763 γένηται.
1981 2693 2207 2762 Ἰδωμεν

551 2777 732 2830 τοίνυν
777 2776 983 2830 ἄνωθεν
1044 2777 1112 2830 τὰ
1163 2780 1446 2848 εἰρημένα.
1490 2780 1659 2849 Ἐγὼ,
1704 2780 1858 2851 φησὶ,
1893 2781 2209 2848 Φαρισαῖός

553 2866 690 2933 ειμι.
731 2863 899 2917 Τοῦτο
922 2861 1093 2927 εἶπεν,
1116 2864 1255 2917 ὥστε
1290 2868 1487 2930 αὐτοὺς
1508 2868 1935 2922 ἐπισπάσασθαι.
1970 2866 2103 2924 Εἶτα
2122 2870 2209 2924 ἵνα

558 2952 633 3023 μὴ
663 2951 786 3022 δόξῃ
815 2952 1146 3012 κολακεύειν.
1166 2953 1379 3021 ἐπάγει’
1406 2956 1544 3023 Περὶ
1567 2955 1812 3022 ἐλπίδος
1834 2956 1930 3009 καὶ
1957 2957 2210 3011 ἀναστά-

555 3054 709 3105 σεως
734 3038 960 3107 νεκρῶν
986 3040 1101 3109 ἐγὼ
1131 3041 1422 3109 κρίνομαι.
1476 3042 1608 3095 Ἀπὸ
1632 3043 1731 3113 τῆς
1757 3044 2090 3116 κατηγορίας
2115 3046 2211 3099 αὐ-

554 3126 665 3180 τῶν
691 3128 784 3181 καὶ
826 3129 923 3198 τῆς
962 3128 1215 3197 διαϐολῆς
1262 3130 1568 3199 συνίστησιν
1609 3132 1798 3184 ἑαυτόν
1824 3148 1840 3163 ·
1869 3133 2209 3186 Σαδδουκαῖοι

560 3214 660 3285 μὲν
680 3215 787 3285 γὰρ
815 3214 1032 3282 λέγουσι
1065 3217 1138 3287 μὴ
1167 3211 1305 3269 εἶναι
1328 3216 1579 3285 ἄγγελον,
1610 3219 1745 3288 μήτε
1773 3218 2008 3289 πνεῦμα.
2046 3220 2211 3273 Οὐδὲν

558 3300 847 3370 ἀσώματον
893 3302 1039 3354 ῐσασι
1080 3303 1441 3366 Σαδδουκαῖοι,
1490 3305 1627 3373 τάχα
1651 3305 1770 3358 οῦδέ
1801 3306 1890 3359 τὸν
1926 3307 2077 3367 Θεὸν,
2109 3326 2212 3361 πα-

557 3386 674 3452 χεῖς
699 3400 842 3447 τινες
871 3384 1018 3448 ὄντες
1043 3402 1056 3416 ο
1083 3385 1205 3439 ὅθεν
1262 3386 1382 3439 οὐδὲ
1431 3388 1725 3442 ἀνάστασιν
1768 3388 2043 3458 βούλονται
2074 3387 2210 3445 εἶναι

560 3470 855 3524 πιστεύειν.
908 3473 1019 3525 Καὶ
1075 3473 1467 3539 ἀναστάντες,
1516 3478 1668 3545 φησὶ,
1726 3477 2079 3547 γραμματεῖς
2105 3479 2210 3533 τοῦ

554 3556 777 3627 μέρους
801 3558 920 3610 τῶν
939 3559 1293 3625 Φαρισαίων,
1316 3559 1667 3629 διεμάχοντο
1692 3562 1999 3632 λέγοντεςο
2024 3564 2214 3618 Οὐδὲν

560 3643 752 3697 κακὸν
775 3644 1133 3712 εὑρίσκομεν
1164 3644 1234 3696 ἐν
1252 3644 1332 3709 τῷ
1352 3645 1642 3713 ἀνθρώπῳ
1674 3649 1878 3711 τούτῳ.

632 3730 785 3803 [568]
809 3739 877 3799 γ’.
908 3731 1270 3801 Ὀραοάκούει
1286 3732 1380 3785 καὶ
1404 3735 1431 3787 6
1455 3733 1750 3804 χιλίαρχος,
1768 3735 1849 3787 ὅτι
1872 3733 2030 3788 αὑτὸν
2046 3737 2216 3808 ἀπήλ-

559 3819 725 3885 λαξαν
757 3819 1115 3891 ἐγκλημάτων
1152 3821 1203 3873 οἱ
1244 3822 1558 3892 Φαρισαῖοι,
1594 3822 1685 3875 καὶ
1724 3822 2026 3893 ἐψηφίσατο
2074 3825 2214 3897 ὑπὲρ

559 3906 747 3971 αὐτοῦ,
770 3907 863 3961 καὶ
890 3906 1027 3978 μετὰ
1055 3907 1294 3972 πλείονος
1315 3908 1626 3981 παρρησίας
1652 3910 1885 3979 ἁρπάζει
1907 3911 2086 3965 αὐτόν.
2106 3914 2217 3966 Καὶ

561 3998 699 4052 αὐτὰ
709 3997 765 4049 δὲ
777 4000 895 4068 είρη
905 3998 1037 4067 μένα
1052 3997 1246 4068 Παύλῳ
1263 3998 1574 4068 φιλοσοφίας
1588 3998 1677 4067 ἐγε
1684 4016 1750 4069 με
1759 4038 1771 4053 .
1793 3999 1869 4068 Τῇ
1883 4000 1951 4053 δέ
1962 4002 2214 4069 ἐπιούσῃ

560 4085 734 4139 νυκτὶ
762 4084 1011 4151 ἐπιστὰς
1038 4083 1245 4149 αὺτῷό
1279 4086 1493 4155 Κύριος
1519 4082 1649 4140 εἷπε
1679 4102 1693 4117 ο
1726 4086 1961 4153 Θάρσει,
1990 4088 2211 4141 Παῦλε·

561 4172 643 4237 ὡς
671 4174 779 4240 γὰρ
827 4171 1186 4239 διεμαρτύρω
1210 4172 1281 4225 τὰ
1329 4172 1461 4240 περὶ
1497 4173 1641 4241 ἐμοῦ
1681 4175 1768 4238 είς
1802 4174 2215 4244 Ἰερουσαλὴμ,

563 4260 716 4313 οὕτω
735 4275 806 4312 σε
830 4258 919 4311 δεῖ
962 4260 1061 4311 καὶ
1102 4260 1189 4322 εις
1232 4258 1460 4327 Ῥώμην
1478 4257 1874 4328 μαρτυρῆσαι.
1909 4262 2051 4331 Ὅρα
2076 4262 2216 4334 πόση

564 4348 599 4416 ἠ
636 4344 977 4418 παράκλησις
1000 4361 1013 4375 ο
1041 4343 1256 4414 πρῶτον
1287 4344 1446 4397 αὐτὸν
1468 4348 1698 4409 ἐπαινεῖ,
1722 4341 1840 4399 εἶτα
1861 4347 1960 4400 οὐκ
1995 4347 2217 4417 ἀφίησιν

563 4434 682 4488 οῦδέ
711 4434 770 4486 τὸ
792 4432 981 4502 ἄδηλον
1016 4431 1115 4500 τῆς
1153 4431 1460 4502 ἀποδημίας
1500 4433 1800 4504 φοϐηθῆναι
1826 4435 1925 4505 τῆς
1959 4436 2051 4487 ἐπὶ
2085 4435 2220 4489 Ῥώ-

568 4539 674 4593 μην
711 4537 725 4551 ’
763 4519 837 4583 ὡς
880 4521 928 4572 εί
970 4518 1152 4586 ἔλεγεν
1182 4534 1195 4549 ⁸
1237 4518 1349 4570 Οὐκ
1380 4517 1654 4591 ἀπελεύσῃ
1686 4521 1844 4589 μόνον
1880 4525 2059 4586 κακεῖ,
2085 4523 2219 4577 ἀλλά

565 4610 658 4662 καὶ
678 4607 912 4679 τοσαύτῃ
942 4608 1117 4678 χρήσῃ
1150 4606 1449 4676 παρρησία.
1501 4606 1774 4661 Ἐντεῦθεν
1794 4610 1890 4679 οὐχ
1922 4612 2005 4663 ὅτι
2042 4612 2216 4683 σωθιή⁴

568 4714 719 4750 σεται
741 4695 1014 4767 ἐδηλοῦτο,
1038 4695 1153 4747 ἀλλ’
1175 4695 1255 4746 ὅτι
1286 4698 1379 4747 καὶ
1415 4695 1509 4747 ἐπὶ
1533 4694 1789 4764 μεγάλοις
1822 4699 2159 4767 μαρτυρήσει
2192 4698 2220 4739 ι»

569 4784 849 4852 στεφάνοις
886 4784 944 4835 ἐν
979 4784 1044 4853 τῇ
1109 4780 1321 4854 μεγάλῃ
1372 4782 1543 4835 πόλει.
1585 4782 1684 4835 Διὰ
1723 4782 1775 4834 τί
1820 4783 1875 4835 δὲ
1920 4784 1981 4835 οὐ
2026 4784 2217 4856 πρὶνῆ

567 4872 823 4939 ἐμπεσεῖν
846 4871 924 4933 εἰς
945 4870 1038 4923 τὸν
1062 4869 1325 4930 κίνδυνον,
1350 4868 1521 4940 ἐφάνη
1544 4869 1690 4939 αὐτῷ
1712 4887 1726 4935 ;
1759 4870 1880 4923 ’Ότι
1911 4872 1997 4924 ἀεὶ
2021 4873 2079 4925 ἐν
2103 4876 2223 4935 ταῖς

570 4957 776 5026 θλίψεσι
810 4957 1112 5027 παρακαλεῖ
1142 4960 1170 5009 6
1203 4956 1334 5019 Θεὸς
1366 4956 1505 5022 (τότε
1552 4957 1657 5028 γὰρ
1699 4958 2069 5031 ποθεινότερος
2093 4962 2220 5027 φαί-

570 5043 762 5109 νεται),
785 5044 877 5095 καὶ¹
916 5044 973 5095 ἐν
1009 5048 1118 5105 τοῖς
1152 5042 1413 5107 κινδύνοις
1451 5044 1782 5115 ἐγγυμνάςει
1821 5048 1987 5117 ἡμᾶς.
2013 5047 2221 5112 ’Ἄλλως

569 5132 626 5184 δὲ
651 5130 771 5182 τότε
804 5130 902 5199 μὲν
926 5132 980 5182 ἐν
1013 5132 1189 5184 ἀνέσει
1221 5128 1288 5202 ἦν
1308 5173 1323 5196 ,
1357 5134 1578 5203 ἀφεθεὶς
1611 5135 1717 5189 τῶν
1747 5136 1959 5204 δεσμῶν
1990 5155 2001 5167 ·
2037 5137 2131 5192 νῦν
2165 5138 2221 5191 δὲ

571 5218 792 5289 ἔμελλεν
826 5217 984 5269 αὑτὸν
1006 5217 1339 5287 διαδέχεσθαι
1364 5221 1527 5277 δεινά.
1557 5224 1676 5277 Ὅτι
1711 5226 2221 5295 ἀνεθεματίσαμεν

571 5303 843 5368 ἑαυτοὺς.
871 5303 1021 5373 φησὶ,
1054 5304 1138 5372 μὴ
1183 5307 1393 5373 φαγεῖν
1417 5310 1571 5377 μηδέ
1638 5313 1813 5366 πιεῖν.
1862 5313 2053 5379 Βαϐαὶ,
2083 5314 2220 5384 πόση

578 5393 739 5464 μανία
768 5394 779 5445 Ι
810 5391 1031 5452 ἑαυτοὺς
1057 5390 1133 5460 τῷ
1158 5391 1459 5463 ἀναθέματι
1480 5398 1864 5452 ὑποϐάλλουσιν
1900 5401 2216 5470 ἀλογίστως.

575 5482 773 5545 “οπως
794 5477 1092 5546 καταγάγῃ
1122 5479 1328 5543 αὐτὸν,
1366 5483 1517 5552 φησι,
1557 5484 1705 5550 πρὸς
1745 5486 1921 5555 ὑμᾶς,
1967 5488 2047 5553 ὡς
2076 5488 2223 5556 μέλ-

573 5570 793 5630 λοντας
837 5565 1258 5632 ἀκριϐέστερον
1301 5566 1713 5636 διαγινώσκειν
1754 5571 1825 5623 τὰ
1852 5574 1985 5640 περὶ
2012 5576 2219 5628 αὐτοῦ.

575 5655 639 5707 Τί
677 5654 887 5720 λέγεις;
920 5654 1037 5721 οὐχὶ
1082 5652 1332 5724 δεύτερον
1388 5654 1521 5725 πρὸς
1574 5657 1718 5725 ὑμᾶς
1776 5658 2220 5733 ἐδημηγόρησεν;

638 5751 664 5778 ⁸
687 5748 855 5798 Morel.
884 5749 1100 5813 ἔῤῥωσθε.
1168 5750 1193 5791 b
1217 5750 1268 5799 In
1288 5765 1384 5800 uno
1404 5768 1686 5815 μαρτυρησει
1710 5753 1871 5803 deest.

1328 221 1387 277 S.
1427 218 1707 276 JOANNIS
1743 212 2207 276 σηιιῖεοετοιιῖ

2308 214 2586 273 BCHIEP.
2624 210 3172 273 CONSTANTINOP.
3815 203 3898 262 ιιι

2292 333 2413 403 οὐχὶ
2439 332 2727 405 Φαρισαῖον
2752 330 2939 384 ἑαυτὸν
2975 323 3126 393 εἶπες
3152 325 3205 379 τί
3241 318 3336 378 οὗν
3361 321 3425 376 τὸ
3450 318 3688 392 περιττὸν
3705 361 3718 384 ,
3751 320 3897 384 Οῦτως

2290 420 2446 473 οὐδὲν
2472 419 2781 489 ἐφοϐοῦντο,
2806 418 2865 471 οὐ
2888 416 3233 485 δικαστήρια,
3256 414 3319 465 οὐ
3346 412 3545 482 νόμους
3568 425 3584 441 σ
3610 408 3764 472 οὕτως
3783 409 3897 461 οὐδὲν

2292 508 2477 571 αὐτοῖς
2504 508 2808 579 ἀτόλμητον
2836 502 2924 576 ῆν.
2960 504 3070 557 Καὶ
3096 506 3194 573 τὴν
3217 500 3447 571 γνώμην
3475 497 3813 569 εἰσηγοῦνται,
3829 499 3899 549 καὶ

2288 596 2387 665 τὴν
2434 597 2632 667 πρᾶξιν
2673 594 3121 663 ἐπαγγέλλονται.
3169 590 3459 654 Ἀκούσας
3499 586 3566 640 δὲ
3612 588 3643 640 ό
3684 584 3797 650 υίὸς
3819 582 3899 651 τῆς

2292 682 2559 751 ἀδελφῆς
2575 684 2816 736 Παύλου
2844 681 2908 733 τὸ
2942 679 3207 747 ἐνεδρον.
3232 676 3404 728 Τοῦτο
3427 674 3525 743 τῆς
3553 671 3643 725 τοῦ
3662 670 3781 724 Θεοῦ
3798 673 3901 723 οἱκο-

2292 771 2481 839 νομίας
2507 766 2574 839 ἦν
2593 769 2794 832 λοιπὸν,
2828 767 2888 820 τὸ
2930 766 3005 837 μὴ
3052 763 3280 816 συνιδεῖν
3305 760 3506 823 αὐτοὺς
3539 759 3618 812 ὃτι
3641 758 3897 827 ἀκούσεται.

2363 857 2427 909 Τί
2442 852 2532 910 οὖν
2546 860 2574 909 6
2591 856 2820 918 Παῦλος;
2839 855 2951 907 Οὐκ
2965 851 3264 923 ἐθορυϐήθη
3277 892 3288 907 .
3306 848 3444 902 ἀλλά
3462 848 3706 911 συνεῖδεν,
3719 845 3900 898 ὃτιΘεοῦ

2297 944 2443 997 ἐστιν
2468 944 2624 1015 ἔργον
2646 942 2823 996 τοῦτο·
2850 944 2945 995 καὶ
2971 941 3032 994 τὸ
3066 942 3173 993 πᾶν
3211 936 3295 990 ἐπ’
3322 935 3489 989 αὑτὸν
3527 932 3700 1003 ῥίψας,
3727 928 3903 1001 εἷχενέξ

2293 1030 2455 1101 ἐργού
2486 1031 2582 1100 τὴν
2602 1029 2892 1098 σωτηρίαν.
2918 1029 3028 1081 Καὶ
3050 1027 3240 1079 σκόπει
3268 1024 3389 1084 πῶς
3410 1023 3490 1085 είς
3510 1021 3702 1089 ἀγαθὸν
3727 1021 3904 1073 πάνταό

2293 1117 2425 1180 Θεὸς
2452 1118 2817 1188 ᾠκονόμησεν.
2844 1112 3008 1168 Εἶπεν
3036 1117 3063 1167 6
3088 1114 3303 1176 νεανίας
3352 1112 3453 1181 τὴν
3484 1107 3776 1177 ἐπιϐουλὴν,
3817 1109 3905 1158 ἐπι-

2296 1204 2492 1275 στεύθη
2503 1246 2516 1265 ,
2533 1205 2625 1257 καὶ
2636 1204 2774 1256 οὕτω
2790 1202 2973 1255 λοιπὸν
2990 1200 3310 1263 διασώζεται
3329 1197 3562 1259 Παῦλος.
3580 1195 3685 1249 Καὶ
3698 1193 3903 1262 είάφὲθη,

2294 1294 2447 1364 φησὶ,
2475 1293 2573 1361 τῆς
2601 1290 2905 1353 αἱτίας,διὰ
2926 1292 2979 1342 τί
3004 1291 3126 1351 τοὺς
3151 1288 3489 1358 κατηγόρους
3504 1284 3906 1353 ἐπεμψαν;Ὥστε

2295 1374 2686 1452 ἀκριϐεστέραν
2706 1379 2953 1446 γενέσθαι
2977 1377 3068 1447 τὴν
3100 1378 3363 1442 ἐξέτασιν*
3385 1375 3525 1427 ὥστε
3542 1372 3727 1443 μᾶλλον
3750 1370 3906 1452 καθαρ-

2297 1450 2454 1539 θῆναι
2475 1479 2497 1507 ο
2520 1467 2610 1520 τὸν
2625 1467 2810 1537 ἄνδρα.
2829 1466 3079 1520 Τοιαῦται
3100 1467 3154 1519 αἱ
3172 1464 3265 1517 τοῦ
3276 1463 3413 1516 Θεοῦ
3434 1460 3741 1530 οἰκονομίαι·
3773 1458 3835 1511 δι’
3852 1450 3907 1509 ὧν

2300 1555 2650 1627 βλαπόμεθα
2671 1594 2685 1618 ,
2718 1554 2807 1608 διὰ
2834 1554 3039 1608 τούτων
3066 1551 3445 1622 ὠφελούμεθα.
3474 1549 3627 1603 Οὕτω
3654 1546 3905 1615 καὶΊωσὴφ

2297 1642 2682 1697 ἐπεϐουλεύετο
2750 1642 2855 1695 ὑπὸ
2912 1644 3011 1712 τῆς
3091 1640 3380 1710 δεσποίνης
3412 1654 3429 1671 ο
3495 1636 3585 1689 καὶ
3641 1635 3794 1687 ἐδόκει
3836 1633 3909 1703 μὲν

2300 1731 2690 1795 ἐπιϐουλεύειν,
2723 1729 3140 1784 ἐπιϐουλεύουσα
3159 1728 3216 1781 δὲ
3248 1728 3307 1779 ἐν
3336 1724 3607 1795 ἀσφαλείᾳ
3636 1722 3906 1791 κατέστησεν

2298 1817 2460 1873 αὐτόν
2485 1835 2498 1850 ⁸
2547 1818 2649 1886 τῆς
2686 1817 2795 1887 γὰρ
2844 1817 3040 1879 οἰκίας,
3092 1815 3219 1868 ἔνθα
3256 1814 3318 1867 τὸ
3357 1812 3543 1883 θηρίον
3582 1812 3743 1862 ἐκεῖνο
3790 1808 3907 1877 ἐτρέ-

2300 1924 2451 1977 φετο,
2484 1906 2663 1976 πολλῷ
2693 1907 2754 1959 τὸ
2793 1907 3162 1975 δεσμωτήριον
3189 1901 3540 1973 ἡμερώτερον
3572 1894 3659 1970 ἦν.
3686 1899 3811 1952 Ἐκεῖ
3836 1897 3906 1967 μὲν

2298 1994 2406 2065 γὰρ
2432 1993 2527 2056 ὣν,
2550 1995 2597 2045 εἰ
2619 1994 2712 2046 καὶ
2734 1993 2792 2045 ἐν
2817 1986 3174 2063 θεραπείᾳῆν,
3197 1989 3323 2042 ἀλλ’
3350 1991 3407 2042 ἐν
3430 1987 3577 2057 φόδῳ
3602 1986 3825 2055 διηνεκεῖς
3853 1982 3905 2052 μή

2299 2098 2429 2134 ποτε
2454 2081 2709 2149 ἐπίθηται
2736 2082 2768 2150 ἡ
2791 2080 3068 2143 δέσποινα,
3115 2078 3207 2131 καὶ
3251 2075 3626 2145 δεσμωτηρίου
3654 2070 3905 2143 χαλεπώτε-

2305 2183 2395 2237 ρον
2420 2169 2449 2221 6
2479 2166 2641 2236 φόϐος
2662 2165 2808 2236 αὐτῷ
2842 2165 3090 2218 ἐπέκειτο
3114 2179 3128 2194 ⁸
3160 2162 3300 2234 μετά
3330 2162 3389 2216 δὲ
3428 2161 3526 2232 τὴν
3556 2158 3848 2229 κατηγορίαν
3865 2158 3905 2206 ἐν

2302 2254 2455 2326 ἀδείᾳ
2482 2255 2668 2308 λοιπὸν
2699 2256 2793 2307 καὶ
2828 2252 3028 2324 ἡσυχίᾳ
3050 2248 3138 2322 ῆν,
3166 2249 3503 2318 ἀπαλλαγεὶς
3528 2247 3724 2300 ἐκείνου
3746 2242 3823 2297 τοῦ
3844 2242 3907 2310 θη-

2303 2342 2416 2413 ρίου
2452 2343 2545 2395 καὶ
2574 2342 2671 2412 τῆς
2697 2339 3087 2411 ἀσχημοσύνης
3118 2338 3214 2391 καὶ
3252 2336 3356 2406 τῆς
3381 2333 3667 2403 ἐπιϐουλῆς
3697 2348 3712 2362 ’
3745 2328 3903 2399 βέλτιον

2303 2429 2412 2499 γὰρ
2436 2428 2580 2498 αὐτῷ
2606 2425 2673 2500 ἦν
2706 2425 3277 2496 τεταλαιπωρημένοις
3308 2422 3617 2491 ἀνθρώποις
3646 2414 3905 2482 omnium}

2308 2517 2608 2588 μαινομένῃ
2663 2516 2938 2587 δεσποίνῃ.
2987 2515 3253 2569 Ἐνταῦθα
3316 2516 3415 2585 μὲν
3467 2509 3558 2567 οὖν
3604 2507 3904 2577 παρεμυθεῖτο

2305 2602 2518 2666 ἐαυτὸν,
2551 2603 2630 2655 ὅτι
2658 2603 2743 2655 διὰ
2768 2602 3121 2671 σωφροσύνην
3146 2601 3405 2654 ἐνέπεσεν
3424 2616 3437 2631 °
3472 2597 3654 2652 ἐκεῖδέ
3682 2593 3902 2650 ἐδεδοίκει.

2310 2691 2383 2761 μὴ
2410 2690 2537 2761 περὶ
2564 2689 2660 2760 τὴν
2686 2689 2862 2759 ψυχὴν
2889 2686 3024 2759 λάϐῃ
3043 2689 3141 2759 τὴν
3167 2689 3404 2759 πληγήν*
3433 2687 3582 2740 οὐδὲν
3606 2684 3706 2753 γὰρ
3721 2677 3902 2748 ἐπαχθέ-

2308 2794 2496 2847 στερον
2530 2776 2807 2848 ἐρωμένης
2841 2775 2992 2847 [569]
3012 2776 3116 2845 νέῳ
3149 2776 3222 2846 μὴ
3256 2770 3736 2847 βουλομένῳ,οῶἐν
3763 2763 3903 2831 ἐναγέ-

2308 2880 2521 2935 στερον,
2546 2863 2697 2915 οὐδὲν
2732 2862 3029 2935 βαρύτερον
3054 2880 3068 2893 ο
3109 2863 3326 2916 πάντων
3365 2861 3577 2931 δεσμῶν
3620 2857 3761 2911 τοῦτο
3782 2852 3901 2923 χαλε-

2307 2952 2570 3021 πώτερον.
2603 2952 2763 3004 Ὥστε
2807 2952 2908 3004 οὐκ
2972 2952 3053 3013 εἰς
3098 2951 3475 3022 δεσμωτήριον
3515 2947 3765 3005 ἐνέπεσεν,
3804 2938 3901 2993 ἀλλά

2307 3038 2676 3109 δεσμωτηρίου
2700 3038 2988 3109 ἀπηλλάγη
3010 3057 3024 3070 ο
3053 3037 3461 3108 ἐξεπολέμωσεν
3483 3033 3626 3103 αὑτῷ
3654 3032 3735 3085 τὸν
3753 3025 3900 3082 δεσπό-

2306 3144 2426 3196 την,
2459 3125 2595 3179 ἀλλὰ
2626 3125 2923 3195 κατήλλαξε
2961 3128 3051 3179 τὸν
3085 3126 3234 3189 Θεὸν,
3294 3124 3615 3193 οἰκειότερον
3638 3117 3778 3172 αὐτὸν
3802 3129 3899 3167 κατ-

2310 3214 2507 3285 έστησε
2563 3214 2640 3284 τῷ
2670 3215 2838 3277 ὅντως
2902 3213 3148 3285 Δεσπότῃ
3201 3212 3278 3282 τῷ
3314 3210 3549 3282 ἀληθινῷ
3574 3223 3588 3238 ⁸
3616 3203 3811 3271 ἐξέϐαλε
3831 3199 3901 3266 τῆς

2307 3303 2629 3366 ἐπιστασίας
2650 3303 2747 3373 τῆς
2775 3304 2832 3355 ἐν
2858 3306 2922 3374 τῇ
2952 3303 3117 3373 οἰκίᾳ,
3161 3302 3288 3355 ἀλλ’
3318 3301 3559 3373 ᾡκείωσε
3586 3297 3659 3367 τῷ
3688 3290 3897 3358 Δεσπόττί

2308 3391 2475 3444 Πάλιν
2502 3393 2550 3443 οἱ
2578 3391 2792 3460 ἀδελφοὶ
2816 3390 3121 3459 ἐπώλησαν,
3139 3390 3264 3443 ἀλλ’
3289 3388 3600 3461 ἀπήλλαξαν
3634 3381 3775 3437 αὐτὸν
3806 3392 3898 3430 συν·

2312 3478 2599 3532 οικούντων
2644 3478 2877 3550 ἐχθρῶν,
2923 3479 3118 3545 φθόνου
3150 3478 3245 3531 καὶ⁴
3285 3476 3579 3547 βασκανίας
3600 3465 3897 3556 πολλῆς,ὲτξῑ·

2310 3561 2508 3629 δουλῆς
2562 3562 2957 3633 καθημερινῆς,
3017 3560 3236 3631 μακρὰν
3289 3561 3626 3628 κατέστησαν
3668 3550 3897 3607 αὑτὸντῶν

2314 3649 2629 3720 μισούντων.
2659 3648 2721 3701 Τί
2766 3648 2873 3719 γὰρ
2921 3648 3114 3701 τούτου
3167 3652 3369 3719 χεῖρον,
3420 3648 3544 3701 ὅταν
3587 3659 3664 3704 τις
3706 3634 3896 3720 ἀδελφοξς

2316 3738 2571 3808 φθονοῦσι
2596 3741 2859 3791 συνοικεῖν
2916 3738 3307 3806 ἀναγκάζηται,
3367 3737 3493 3790 ὅταν
3535 3733 3609 3785 δι’
3634 3726 3830 3808 ὑποψίας
3852 3716 3891 3788 ἦν

2311 3826 2439 3879 ὃταν
2464 3825 2913 3895 ἐπιϐουλεύηται;
2946 3826 3109 3877 Ὥστε
3137 3825 3306 3894 ’ἐτερα
3332 3825 3430 3894 μὲν
3461 3820 3666 3874 ἐποίουν
3696 3802 3893 3895 καὶοῦτοι

2313 3912 2559 3981 κάκείνη,
2588 3893 2837 3981 ἕτεραδὲ
2872 3912 3205 3982 ᾠκονομεῖτο
3239 3893 3384 3982 ῦπέρ
3433 3909 3524 3962 τοῦ
3561 3903 3745 3960 δικαίου
3770 3893 3881 3967 μεγά-

2313 4000 2400 4055 λα.
2428 4001 2557 4053 Ὅτε
2588 3995 2655 4070 ἦν
2682 4003 2737 4052 ἐν
2753 4003 2904 4070 τιμῇ,
2939 4000 3059 4052 τότε
3101 3996 3168 4069 ἦν
3185 4002 3240 4052 ἐν
3261 3999 3488 4068 κινδύνῳ
3521 4013 3534 4026 ο
3565 3997 3646 4048 ὅτε
3662 3987 3720 4061 ἦν
3749 3989 3795 4077 ἐν
3808 3983 3886 4077 dii:

2318 4088 2415 4160 μίᾳ
2445 4087 2498 4152 ά,
2527 4062 2648 4141 τότε
2673 4083 2739 4156 ῆν
2762 4062 2822 4140 ἐν
2857 4062 3136 4157 ἀσφαλείᾳ.
3157 4103 3170 4117 ο
3210 4087 3311 4139 οῦκ
3339 4062 3686 4156 ἐμνημόνευον
3711 4062 3886 4161 αὐτοῦ

2324 4174 2568 4245 εὐνοῦχοι
2604 4192 2618 4207 ο
2666 4176 2759 4227 καὶ
2804 4173 3001 4239 καλῶς,
3063 4173 3148 4226 ἵνα
3198 4171 3551 4243 λαμπροτέρα
3598 4162 3889 4253 γένηται

2316 4236 2517 4327 ἐξόδου,
2549 4263 2583 4332 ἡ
2628 4260 2881 4324 ὑπόθεσις
2911 4276 2925 4290 ·
2964 4236 3048 4313 ἵνα
3096 4260 3169 4330 μὴ
3222 4236 3406 4329 χάριτι
3464 4236 3760 4324 ἀνθρωπίνῃ»

2316 4320 2593 4420 οίκονομίέι
2639 4349 2758 4420 θείᾳ
2805 4320 2873 4401 τὸ⁷
2908 4350 3013 4400 πᾶν
3059 4320 3337 4415 λογίζητάι
3380 4361 3392 4375 ’
3430 4345 3515 4398 ἵνα
3562 4320 3887 4425 ὲὺκαξρωςμῖίξ

2316 4408 2508 4508 χρείαν
2528 4408 2802 4499 καταστάς
2844 4436 3084 4505 ἐξαγάγῃ
3122 4408 3142 4464 ’⁷
3190 4408 3281 4488 ῖνα
3348 4433 3422 4504 μὴ
3474 4421 3759 4497 εὐεργετῶν,
3779 4408 3863 4508 lia)

2316 4498 2972 4591 ἔύεργετούμενοςῗαῦτὸν
3023 4498 3227 4591 ἐκϐάλῃ
3279 4498 3371 4573 τοῦ
3410 4498 3888 4591 γδεσμωτηρίονιι-ὁῃθφ

2322 4582 2624 4683 ραώίΟὐί
2665 4582 2769 4662 ἔδει
2815 4609 2997 4661 δοῦλον
3054 4582 3308 4676 γενέσθαι
3367 4607 3427 4659 τὸ
3485 4582 3659 4671 δῶρον’

2318 4680 2562 4766 ἀνάγκην
2592 4697 2927 4761 καταστῆναι
2966 4696 3054 4748 τὸν
3091 4695 3313 4765 βασιλέα
3347 4712 3360 4725 '
3393 4695 3497 4746 ἔδει
3539 4680 3745 4768 φανερᾷν
3763 4680 3884 4768 εξῦτου

2319 4785 2564 4854 γενέσθαι
2593 4788 2690 4852 τὴν
2715 4785 2923 4853 σοφίαν.
2984 4783 3081 4836 Διὰ
3129 4782 3287 4835 τοῦτο
3340 4778 3578 4833 λανθάνει
3609 4774 3634 4824 6
3677 4767 3882 4854 εὐγοξχοςν

2322 4845 2406 4927 {va
2437 4874 2509 4943 μὴ
2534 4845 2671 4945 mei}
2713 4845 3001 4941 Αιγυπτος,
3036 4872 3120 4924 ἵνα
3174 4872 3248 4941 μὴ
3287 4868 3524 4937 ἀγνοήσῃ
3559 4850 3743 4915 αὖτδνδ
3776 4845 3883 4945 Ρασῗ

2318 4934 2461 5025 λεύς.
2492 4934 2552 5014 is:
2582 4934 2701 5013 τότε
2727 4934 3011 5031 ἐξηνέχθη,
3045 4934 3186 5021 ἴσως·
3210 4934 3275 5012 εἰν
3303 4957 3396 5011 καὶ
3442 4934 3747 5015 ἐπεθύμησεν
3768 4934 3883 5031 mf

2321 5049 2433 5102 θεῖν
2478 5052 2557 5113 είς
2578 5050 2675 5120 τὴν
2710 5028 2922 5102 αὐτοῦς
2957 5028 3043 5101 διὰ
3088 5046 3246 5100 τοῦτο
3282 5044 3499 5115 μυρίαις
3535 5036 3761 5099 ἀνάγκαις
3783 5028 3878 5120 χέῃ

2320 5104 2767 5211 έχεταιίπρῶτον
2790 5142 2854 5210 τῇ
2882 5137 3189 5208 δεσποτεία,
3212 5104 3459 5206 δεῦτε-ρον
3485 5128 3557 5197 τῷ
3579 5104 3876 5211 δεσιξξοτξλξξίς

2318 5195 2580 5299 τρίτονιέν
2600 5195 2668 5297 τῇ
2706 5195 2972 5297 βασιλείᾳ,
3003 5226 3090 5277 ἵνα
3111 5195 3283 5276 ταῦτα
3315 5195 3643 5285 οἰκονομῆθῇ·
3678 5195 3877 5299 modii“,

2329 5272 2495 5299 ’π’-*ν
2525 5272 2575 5280 ν’
2612 5272 2668 5297 ’τι
2706 5272 2972 5297 Γ-ν---ν-τν
3007 5272 3089 5277 ν-ν-
3124 5272 3280 5276 ν--ννν
3325 5272 3379 5275 νη
3493 5272 3504 5285 1
3552 5272 3562 5281 -
3600 5272 3623 5278 -ν

2320 5311 2410 5368 οὖν
2438 5332 2557 5367 τινα
2612 5316 2853 5382 γενναῖον
2895 5312 3070 5365 πῶλον
3112 5311 3415 5380 ἐκπηδῆσαι
3462 5272 3876 5395 βουλόμενξὶνὶ

2320 5403 2448 5464 τοὺς
2472 5401 2656 5465 αὐτοῦ,
2686 5403 2934 5469 κατεῖχεν
2967 5400 2993 5450 6
3038 5398 3167 5462 Θεὸς
3218 5398 3334 5450 ἐκεῖ
3393 5393 3468 5447 δι’
3494 5372 3874 5478 αἰτιῶγὶξνξοξίέξ

2324 5458 2447 5540 Ὅτι
2475 5489 2580 5557 γὰρ
2620 5458 2881 5556 ἐπεθύμᾶ
2904 5486 2991 5538 τὸν
3024 5458 3235 5555 πατέρα
3271 5485 3398 5536 ἰδεῖν
3420 5480 3507 5533 καὶ
3540 5459 3791 5527 ἀπαλλάξαι
3807 5458 3876 5515 της

2322 5575 2531 5643 ὀδύνης,
2563 5574 2719 5643 δῆλον
2747 5576 2809 5626 ἐκ
2840 5573 2932 5625 τοῦ
2962 5573 3182 5625 καλέσαι
3208 5572 3368 5625 αὑτὸν
3392 5567 3515 5621 ἐκεῖ.

2391 5618 3335 5730 si.““30556510'grg'ggz‘égg
3350 5618 3645 5709 ὲτὶὶιουλάς,
3686 5636 3751 5687 ὅτι
3776 5618 3876 5687 ὑπὲρ

2383 5756 2404 5779 ⁸
2430 5755 2601 5805 Morel.
2620 5791 2634 5816 ,
2655 5756 2933 5819 καθαρῆναι,
2956 5756 3107 5807 male.
3187 5756 3215 5797 ιι
3235 5753 3428 5811 Morel.,
3451 5749 3495 5796 ἐν
3511 5736 3663 5801 ἀθυμίφ
