3948 6506
548 365 657 426 διδ

550 480 707 536 nobis
736 476 865 533 flant
884 518 899 541 ,
927 491 1034 533 non
1064 472 1223 529 modo
1248 473 1389 543 quod
1418 471 1720 528 mercedem
1752 471 2002 537 habeant,
2033 471 2128 527 sed

550 572 712 627 etiam
746 572 797 624 iu
834 570 950 640 ipso
974 579 1214 637 tempore
1243 582 1339 637 pro
1367 567 1520 622 nobis
1545 565 1774 620 faciant?
1801 565 1966 635 Hujus
1994 566 2128 635 patri

554 676 772 737 patruus
802 664 964 734 ipsius
988 661 1263 716 insidiatus
1282 668 1387 723 est,
1415 668 1472 715 et
1488 674 1611 715 eum
1639 674 1666 712 a
1698 658 1867 727 patria
1892 657 2127 727 expulit:

548 759 678 829 quid
708 760 869 829 ergo?
892 756 1063 826 Ipsum
1084 768 1294 823 quoque
1310 752 1493 823 procul
1517 768 1545 806 a
1565 751 1803 823 periculo
1822 750 2126 815 constituit;

553 866 675 904 nam
716 850 769 904 in
810 858 923 902 tuto
954 847 1043 902 ille
1086 847 1183 901 fuit
1210 863 1223 899 :
1255 844 1488 901 reddidit
1531 860 1653 901 eum
1692 846 1860 915 magis
1896 844 2130 915 philoso-

551 939 739 1008 phum,
763 938 887 992 fecit
908 946 966 991 ut
986 932 1191 991 videret
1208 936 1495 991 somnium.
1518 935 1625 991 Sed
1646 936 1865 991 servivit
1882 936 1931 988 in
1956 935 2130 989 aliena

550 1029 734 1085 terra?
768 1029 959 1084 Verum
986 1028 1054 1082 ad
1082 1043 1208 1083 suos
1234 1026 1503 1097 profectus
1526 1042 1778 1096 sponsam
1804 1028 1996 1096 accipit
2016 1027 2127 1092 ille,

550 1128 607 1174 et
634 1120 824 1189 dignus
854 1118 1062 1173 videtur
1090 1132 1298 1173 socero.
1326 1117 1431 1174 Sed
1459 1118 1669 1187 decepit
1692 1126 1747 1172 et
1773 1118 1895 1173 ille?
1926 1117 2032 1172 Sed
2062 1117 2130 1171 il-

551 1212 641 1267 iud
672 1214 721 1265 iu
751 1212 947 1266 bonum
974 1212 1167 1275 cessit,
1198 1220 1256 1265 ut
1284 1211 1569 1265 multorum
1599 1211 1825 1265 filiorum
1857 1220 2007 1280 pater
2032 1211 2129 1265 lie-

551 1315 656 1359 ret.
684 1304 787 1360 Sed
811 1306 977 1359 voluit
1001 1305 1278 1359 insidiari?
1306 1305 1375 1358 At
1412 1303 1514 1358 hoc
1542 1304 1703 1358 etiam
1737 1304 1787 1357 in
1814 1303 2011 1358 bonum
2042 1318 2132 1358 ce-

553 1396 652 1459 dit,
684 1405 740 1449 ut
770 1396 983 1450 demqu
1008 1396 1072 1449 ad
1097 1405 1291 1450 terram
1326 1409 1477 1450 suam
1508 1395 1739 1450 rediret:
1768 1412 1887 1449 nam
1916 1397 1959 1450 si
1995 1395 2045 1450 in
2072 1411 2132 1450 re

553 1498 810 1556 prOSpera
842 1488 1063 1553 fuisset,
1097 1502 1200 1541 non
1240 1488 1308 1541 ita
1348 1487 1569 1556 patriam
1610 1485 1986 1541 desiderasset.
2026 1486 2131 1541 Sed

556 1577 857 1633 mercedem
886 1578 957 1631 illi
990 1578 1239 1633 abstulit?
1260 1580 1328 1632 At
1349 1577 1520 1647 major
1544 1578 1737 1633 deinde
1763 1577 1880 1631 fuit.
1905 1577 1993 1632 Sic
2019 1578 2135 1632 ubi-

551 1686 656 1738 que
685 1680 886 1740 quanto
912 1672 1081 1741 magis
1108 1670 1313 1725 insidiis
1351 1671 1761 1740 impetebantur,
1790 1679 1936 1724 tanto
1966 1671 2134 1739 magis

557 1776 645 1815 res
683 1762 916 1830 ipsorum
944 1762 1227 1817 florebant.
1261 1761 1372 1816 Nisi
1407 1762 1662 1831 majorem
1707 1761 1978 1827 duxisset,
2025 1777 2131 1816 nou

552 1855 663 1906 cito
692 1852 878 1907 fuisset
910 1862 987 1907 tot
1018 1854 1248 1908 filiorum
1278 1862 1459 1923 pater:
1492 1853 1585 1908 sed
1615 1852 1667 1907 in
1697 1852 1924 1908 orbitate
1950 1854 1967 1885 ¹
1999 1854 2135 1908 mul-

556 1953 667 1998 tum
696 1945 953 2013 temporis
983 1944 1278 2014 exegisset,
1311 1952 1365 1997 et
1395 1943 1623 1999 luxisset
1647 1955 1707 1998 ut
1735 1959 1876 1999 uxor
1898 1959 2013 1998 sua.
2042 1943 2132 1998 Illa

554 2056 787 2109 namque
830 2040 1020 2093 merito
1057 2038 1302 2108 lugebat,
1335 2052 1401 2092 co
1428 2037 1570 2107 quod
1606 2052 1712 2092 non
1752 2047 1893 2093 esset
1931 2048 2131 2103 mater;

557 2131 671 2197 ipse
702 2146 827 2184 vero
858 2130 1280 2184 consolationem
1320 2129 1478 2184 habet
1512 2147 1524 2181 :
1555 2130 1675 2183 ideo
1710 2131 1875 2199 ipsam
1903 2131 2131 2199 repellit.

556 2222 758 2275 Rursus
788 2221 833 2274 si
873 2238 977 2275 non
1009 2222 1153 2275 illum
1180 2237 1211 2275 a
1242 2221 1490 2276 mercede
1519 2220 1797 2289 privasset,
1828 2236 1933 2275 nou
1957 2232 2137 2290 optas-

556 2324 638 2368 set
663 2314 845 2368 videre
869 2322 1060 2367 terram
1092 2328 1265 2376 suam,
1290 2329 1463 2382 neque
1491 2314 1819 2383 philosophia
1844 2316 1939 2367 viri
1969 2331 2134 2384 appa-

559 2406 784 2469 ruisset,
819 2421 917 2459 nec
945 2408 1113 2475 magis
1142 2406 1216 2459 illi
1254 2405 1542 2461 familiares
1573 2406 1692 2460 facti
1723 2406 1969 2461 fuissent.
2005 2407 2135 2463 Vide

556 2514 784 2567 namque
822 2499 946 2568 quid
981 2498 1160 2553 dicant
1188 2517 1199 2551 :
1233 2499 1535 2553 Devorando
1565 2500 1817 2553 devoravit
1842 2517 1935 2553 nos
1969 2511 2017 2554 et
2049 2517 2137 2555 ar-

554 2600 759 2658 gentum
781 2602 1003 2644 nostrum
1024 2589 1178 2660 (Gen.
1197 2593 1258 2646 5i
1273 2631 1287 2644 .
1308 2592 1422 2661 15).
1444 2592 1624 2662 Itaque
1643 2594 1742 2648 hoc
1760 2595 1958 2647 amoris
1976 2609 2137 2650 causa

550 2681 676 2735 fuit.
707 2682 940 2735 Ancillas
966 2682 1182 2736 demum
1211 2682 1395 2737 habuit
1424 2699 1517 2752 pro
1545 2684 1832 2751 uxoribus,
1869 2695 1922 2739 et
1947 2686 2136 2756 dilige-

548 2774 711 2827 batur
739 2775 806 2827 ab
830 2775 963 2839 illis,
996 2776 1079 2830 cui
1107 2776 1431 2845 possessioni
1462 2777 1603 2830 nulla
1632 2779 1865 2832 conferri
1901 2780 2096 2847 poterit
2120 2796 2134 2833 :

558 2864 687 2917 nihil
715 2866 855 2919 enim
882 2868 1164 2935 pretiosius
1191 2882 1347 2936 quam
1375 2870 1538 2922 amari
1564 2868 1631 2921 ab
1662 2884 1847 2934 uxore,
1876 2881 1928 2924 et
1958 2885 2139 2925 amare

558 2954 724 3007 illam.
752 2953 816 3007 Et
848 2972 997 3021 uxor,
1023 2956 1212 3026 inquit,
1240 2958 1347 3011 viro
1373 2960 1689 3013 consentiens
1719 2958 1910 3029 (Eccli.
1936 2961 2027 3014 25.
2053 2959 2134 3030 2).

559 3047 706 3100 llauc
740 3064 897 3101 unam
937 3049 1073 3103 inter
1100 3050 1455 3105 beatitudines
1482 3053 1627 3120 ponit
1662 3052 1884 3121 Sapiens
1910 3070 1923 3107 :
1952 3056 2004 3106 in
2035 3051 2139 3109 hoc

557 3139 699 3191 enim
740 3156 926 3193 omnes
958 3141 1190 3207 divitiae,
1235 3144 1410 3196 omnis
1437 3142 1661 3197 felicitas
1692 3145 1973 3199 consistit:
2003 3146 2142 3199 sicut

558 3232 601 3284 si
631 3232 755 3285 illud
787 3249 889 3286 non
920 3234 1009 3297 sit,
1040 3234 1138 3287 alia
1169 3234 1301 3287 nihil
1327 3235 1546 3303 juvant,
1577 3236 1669 3289 sed
1701 3236 1951 3291 subversa
1981 3246 2135 3302 sunt,

557 3334 614 3377 et
655 3326 967 3379 insuavitate
998 3327 1415 3395 confusioneque
1447 3327 1622 3395 plena.
1650 3327 1810 3397 Igitur
1831 3337 1885 3382 et
1911 3343 2009 3382 nos
2040 3328 2142 3383 hoc

560 3433 671 3485 przn
697 3419 943 3471 omnibus
980 3435 1302 3487 quzeramus.
1342 3420 1440 3485 Qui
1478 3422 1730 3489 pecunias
1765 3422 1953 3490 quarrit
1976 3463 1990 3485 ,
2035 3436 2141 3475 non

561 3512 661 3563 hoc
689 3512 898 3579 quaerit.
930 3511 1055 3564 ilice
1079 3526 1401 3580 quaeramus,
1432 3528 1550 3581 qua:
1573 3513 1723 3565 firma
1748 3526 1868 3567 esse
1895 3524 2138 3582 possunt.

563 3666 640 3775 bi:
660 3667 842 3774 (Morel.
869 3674 920 3715 et
942 3666 1135 3729 quidam
1159 3666 1239 3716 alii
1267 3666 1456 3730 legunt,
1493 3669 1875 3733 peregrinatione
1892 3706 1907 3730 ,
1927 3685 2034 3734 pro,
2060 3684 2139 3721 or-

630 3742 657 3774 ιι
678 3742 721 3774 ι’.

630 3742 721 3774 ιιιιν.

1275 359 1332 417 S.
1372 357 1648 417 JOANNIS
1682 356 2153 414 CHRYSOSTOMI
2194 356 2507 413 ARCHIEP.
2545 356 3069 414 CONSTANTINOP.

3718 357 3836 415 SM

2311 470 2454 525 Uxor
2479 487 2709 541 quianam
2728 472 2981 526 ducenda.
3002 501 3073 512 -—
3089 470 3168 527 Ne
3184 487 3491 543 qummus
3511 474 3735 542 nuptias
3763 491 3835 528 ex

2235 562 2502 632 opulentis
2517 603 2531 627 ,
2564 578 2632 617 ue
2651 578 2784 633 opes
2809 564 2987 618 nimia:
3008 565 3158 619 uxori
3184 564 3443 621 suadeant
3461 574 3522 620 ut
3543 566 3725 619 altum
3750 579 3838 618 sa-

2238 655 2365 725 piat,
2397 668 2466 709 ne
2492 668 2684 709 sensus
2712 655 2800 709 ille
2827 670 2988 710 causa
3018 657 3088 711 sit
3115 657 3494 727 corruptionis.
3523 656 3647 712 Non
3679 657 3838 711 vides

2235 749 2364 819 quid
2407 749 2597 804 fecerit
2634 749 2815 804 Deus?
2843 748 3111 819 quomodo
3153 749 3299 803 illam
3337 750 3647 805 subdiderit
3672 750 3703 803 ἲ
3727 749 3841 803 Cur

2237 841 2479 912 ingratus
2497 841 2593 896 es?
2614 856 2711 896 cur
2733 842 2851 896 sine
2870 842 3066 897 sensu?
3091 841 3245 909 Quod
3272 842 3363 896 tibi
3386 858 3454 896 ex
3480 852 3683 895 natura
3705 856 3843 895 eon-

2235 933 2432 998 cessit,
2462 932 2565 988 hoc
2604 942 2659 987 tu
2699 949 2767 987 ne
2804 948 3114 1003 corrumpas
3142 933 3415 987 auxilium.
3454 933 3575 988 Non
3609 942 3676 987 ut
3703 949 3842 1001 opo-

2238 1026 2434 1079 lentam
2465 1039 2708 1094 quaerere
2736 1033 2968 1096 Oportet,
2997 1024 3091 1080 sed
3117 1035 3175 1079 ut
3192 1025 3315 1079 vita:
3334 1036 3653 1080 consortem
3682 1023 3759 1078 ad
3783 1022 3846 1077 li-

2237 1120 2396 1173 beros
2425 1118 2805 1188 procreandos.
2837 1118 2951 1173 Non
2984 1118 3105 1173 ideo
3136 1133 3357 1173 uxorem
3385 1118 3537 1173 dedit
3569 1117 3755 1179 Deus,
3788 1126 3848 1171 ιιι

2238 1211 2490 1280 pecunias
2514 1210 2749 1276 afferret,
2780 1210 2878 1265 sed
2903 1220 2960 1265 ut
2983 1210 3213 1280 adjutrix
3235 1220 3397 1265 esset.
3428 1212 3568 1278 Quae
3588 1223 3733 1264 vero
3754 1220 3850 1278 pe

2237 1302 2420 1356 cuuias
2444 1300 2615 1367 affert,
2635 1303 2796 1358 etiam
2813 1302 3092 1358 insidiatur
3109 1302 3126 1333 ⁸
3151 1301 3227 1374 [et
3249 1302 3461 1357 domina
3482 1303 3545 1357 fit
3571 1316 3681 1372 pro
3706 1316 3818 1356 con

2232 1393 2392 1463 juge;
2426 1395 2533 1448 imo
2555 1393 2724 1449 bestia
2754 1410 2850 1464 pro
2871 1395 3093 1449 muliere
3118 1393 3169 1467 ],
3200 1396 3474 1465 altumque
3498 1410 3711 1464 sapere
3735 1395 3853 1449 vult

2238 1485 2307 1539 ob
2333 1485 2565 1540 divitias.
2596 1485 2737 1539 Nihil
2761 1487 2966 1557 turpius
2994 1486 3131 1550 viro,
3159 1486 3251 1556 qui
3278 1487 3348 1540 ita
3378 1487 3662 1541 ditescere
3693 1487 3845 1541 velit.

2238 1576 2369 1632 Nam
2400 1579 2443 1632 si
2468 1579 2577 1647 ipsa
2601 1578 2947 1647 pecuniarum
2977 1578 3239 1647 cupiditas
3261 1579 3662 1633 tentationibus
3686 1580 3849 1647 plena

2238 1676 2342 1731 est,
2373 1668 2439 1721 de
2464 1668 2762 1737 hujusmodi
2788 1667 2987 1721 divitiis
3011 1668 3136 1736 quid
3162 1668 3441 1723 dicemus?
3470 1668 3557 1723 Ne
3583 1670 3743 1723 enim
3776 1682 3854 1720 at—

2242 1762 2447 1827 tendas,
2480 1762 2524 1815 si
2553 1777 2674 1815 raro
2695 1761 2934 1827 accidat,
2968 1762 3013 1817 si
3035 1778 3185 1828 casu,
3222 1763 3265 1816 si
3296 1772 3492 1832 praeter
3520 1764 3811 1817 rationem
3836 1780 3850 1814 :

2240 1868 2414 1922 neque
2434 1853 2575 1907 enim
2605 1854 2726 1908 aliis
2752 1854 2933 1918 rebus,
2958 1854 3150 1924 quibus
3178 1854 3426 1909 fruuntur
3446 1856 3647 1924 aliqui,
3674 1865 3740 1909 et
3770 1856 3854 1908 in-

2240 1955 2453 2015 sperato
2476 1945 2750 2012 obtinent,
2783 1946 3169 2001 attendendum
3199 1956 3311 2012 est;
3343 1947 3438 2002 sed
3467 1947 3607 2018 quid
3644 1962 3855 2001 secun-

2240 2036 2363 2091 dum
2388 2038 2645 2093 rationem
2667 2038 2737 2092 sit
2762 2037 3059 2106 videamus,
3086 2054 3264 2093 annon
3287 2039 3432 2093 mille
3458 2039 3748 2093 molesﬁis
3768 2054 3855 2093 res

2241 2130 2397 2199 plena
2427 2131 2516 2185 sit.
2544 2130 2659 2185 Non
2692 2131 2840 2185 solus
2868 2132 3053 2201 ipsein
3083 2131 3370 2201 ignominia
3390 2132 3524 2197 eris,
3550 2131 3654 2185 sed
3684 2132 3853 2185 etiam

2242 2221 2382 2276 filios
2416 2221 2700 2292 deturpas,
2736 2237 2996 2293 pauperes
3026 2224 3364 2293 relinquens,
3397 2223 3440 2277 si
3466 2224 3781 2292 contigerit
3805 2233 3853 2276 te

2243 2314 2474 2383 priorem
2504 2314 2672 2379 mori;
2705 2314 2935 2385 hincque
2964 2314 3159 2368 multas
3184 2314 3280 2368 das
3308 2314 3460 2368 uxori
3490 2315 3850 2374 occasiones.

2244 2418 2301 2461 ut
2322 2409 2549 2461 alterum
2573 2418 2775 2477 quaerat
2798 2408 3068 2462 maritum.
3091 2408 3282 2462 Annon
3310 2405 3480 2468 vides.
3505 2408 3660 2459 hanc
3686 2405 3852 2460 fuisse

2242 2500 2424 2554 multis
2451 2499 2809 2555 secundarum
2840 2498 3143 2568 nuptiarum
3178 2513 3391 2554 causam
3412 2541 3429 2564 ,
3468 2508 3530 2551 ut
3566 2513 3687 2551 non
3719 2514 3851 2552 cun-

2243 2599 2627 2655 temnerentur,
2660 2599 2713 2645 et
2738 2602 2796 2644 ut
2815 2600 3120 2661 quaererent
3138 2591 3275 2645 alios
3298 2592 3386 2659 qui
3415 2606 3535 2645 rem
3569 2605 3741 2644 suam
3763 2606 3852 2643 cu-

2243 2686 2458 2738 rarent?
2483 2682 2559 2737 Ne
2585 2682 2765 2752 igitur,
2793 2696 2996 2752 quaeso,
3029 2691 3248 2753 propter
3284 2697 3412 2752 opes
3450 2690 3607 2735 tanta
3639 2696 3846 2749 Opere-

2244 2792 2425 2831 remur
2462 2776 2638 2841 mala;
2684 2775 2779 2830 sed
2828 2775 3006 2829 omnia
3051 2775 3453 2844 relinquamus,
3495 2782 3557 2827 et
3603 2774 3850 2827 animam

2243 2883 2547 2939 quaeramus
2576 2868 2767 2923 bonam
2788 2910 2804 2935 ,
2838 2878 2895 2922 ut
2933 2876 2987 2923 et
3022 2867 3299 2922 caritatem
3334 2880 3731 2937 assequamur.
3765 2865 3852 2919 Ha:

2244 2970 2371 3016 sunt
2396 2977 2601 3033 magna:
2624 2960 2842 3026 divitiae,
2874 2959 2962 3015 hic
2996 2974 3221 3030 magnus
3250 2958 3569 3021 thesaurus,
3609 2957 3743 3011 hac
3774 2958 3850 3011 in-

2246 3068 2469 3107 numera
2504 3053 2641 3106 bona
2667 3070 2681 3104 :
2714 3052 2906 3121 quibus
2936 3052 3138 3105 utinam
3168 3065 3265 3105 nos
3298 3065 3485 3104 omnes
3514 3048 3781 3103 fruamur
3805 3059 3851 3101 ri

2246 3144 2537 3198 secundum
2565 3143 2709 3213 leges
2736 3142 2828 3198 Dei
2852 3145 3114 3206 vivamus,
3143 3152 3199 3196 ut
3219 3152 3273 3195 et
3296 3142 3473 3195 futura
3502 3142 3650 3195 bona
3682 3143 3853 3210 possi-

2246 3252 2365 3289 mus
2388 3235 2631 3305 adipisci,
2658 3236 2827 3306 gratia
2850 3246 2903 3289 et
2928 3236 3254 3305 benignitate
3277 3236 3485 3289 Domini
3515 3237 3703 3288 nostri
3728 3237 3850 3289 Jesu

2246 3328 2463 3395 Christi,
2495 3328 2707 3397 quicum
2741 3328 2882 3381 Patri
2901 3337 2953 3381 et
2980 3327 3199 3397 Spiritui
3229 3336 3413 3381 sancto
3436 3328 3641 3397 gloria,
3679 3327 3850 3396 impe-

2247 3424 2384 3477 rium
2404 3464 2419 3484 ,
2451 3421 2644 3485 honor,
2678 3434 2819 3474 nunc
2855 3428 2909 3474 et
2948 3434 3180 3490 semper,
3204 3428 3259 3474 et
3288 3420 3341 3473 in
3377 3418 3580 3473 swcula
3611 3418 3850 3473 saeculo-

2248 3530 2387 3567 rum.
2413 3514 2602 3566 Amen.

2314 3674 2330 3703 ¹
2356 3678 2469 3780 quae
2500 3670 2690 3719 uncinis
2712 3666 3015 3727 clauduntur,
3040 3667 3221 3717 desunt
3242 3666 3292 3714 in
3326 3664 3511 3725 Montf.,
3538 3674 3597 3715 et
3620 3679 3651 3715 e
3698 3665 3845 3716 (ἰωὰ.

2314 3750 2371 3780 on
2393 3742 2471 3780 eta
2494 3739 2624 3780 sunt.

2248 3742 2471 3797 suppleta
2494 3742 2624 3781 sunt.

1968 3933 2315 3998 HOMILIA
2371 3930 2444 3991 L.

560 4075 686 4129 Car.
712 4074 801 4128 9.5.
831 4090 883 4127 v.
912 4074 998 4127 5|.
1037 4072 1224 4127 Milites
1261 4091 1402 4144 ergo,
1450 4084 1503 4127 ut
1531 4086 1835 4145 praeceptum
1872 4087 1981 4131 erat
2023 4078 2137 4143 sibi,

631 4176 937 4219 assumentes
966 4164 1209 4227 Paulum,
1238 4167 1489 4219 duxerunt
1517 4184 1603 4235 per
1638 4179 1831 4221 tractem
1860 4169 2141 4241 Antipatri-

631 4259 764 4311 dem.
796 4257 884 4311 52.
913 4256 978 4309 Et
1006 4268 1204 4324 postera
1245 4260 1327 4311 die
1368 4260 1556 4313 relictis
1595 4262 1836 4329 equitibus
1866 4272 1919 4315 ut
1944 4280 2056 4316 cum
2082 4280 2140 4317 eo

632 4348 780 4412 irent,
812 4349 993 4401 reversi
1008 4358 1124 4400 sinit
1153 4350 1221 4401 ad
1232 4359 1417 4402 castra.
1450 4352 1537 4404 55.
1570 4352 1632 4403 At
1650 4351 1727 4405 illi
1755 4370 1867 4405 cum
1896 4356 2141 4407 venissent

632 4440 945 4498 Cwsaream.
971 4450 1018 4493 et
1046 4440 1372 4494 tradidissent
1397 4442 1661 4511 epistolam
1690 4445 1894 4514 praesidi
1915 4486 1930 4511 ,
1954 4454 2141 4499 statue-

633 4542 749 4584 runt
775 4541 890 4582 ante
919 4530 1064 4583 illum
1080 4540 1127 4583 et
1145 4528 1387 4583 Paulum.

634 4625 685 4677 1.
727 4622 889 4690 Quasi
947 4636 1127 4691 regem
1167 4621 1452 4691 quemdam
1498 4623 1817 4679 satellitibus
1863 4626 2137 4694 stipatum,

561 4715 928 4769 transmittunt
989 4728 1110 4767 cum
1162 4722 1307 4767 tanta
1353 4713 1691 4768 multitudine
1746 4725 1802 4769 et
1856 4715 1908 4769 in
1960 4725 2134 4779 nocte,

563 4808 812 4861 timentes
862 4806 993 4859 iram
1033 4815 1087 4859 et
1116 4804 1370 4874 impetum
1403 4805 1605 4874 populi.
1648 4806 1933 4875 Postquam
1979 4808 2139 4877 igitur

558 4899 833 4967 ejecerunt
875 4896 1021 4950 illum
1067 4911 1132 4950 ex
1188 4896 1422 4961 civitate,
1475 4904 1599 4949 tunc
1644 4897 1926 4952 desistunt.
1956 4898 2138 4969 Neque

560 4991 806 5045 tribunus
833 5004 955 5044 cum
988 4998 1130 5043 tanta
1155 4989 1301 5043 illum
1347 4988 1579 5043 misisset
1623 4991 1929 5057 securitate,
1960 4993 2059 5046 nisi
2086 5003 2141 5047 et

561 5084 733 5152 ipsum
772 5083 1047 5136 innoxium
1089 5088 1366 5150 putasset,
1402 5089 1457 5134 et
1486 5080 1698 5134 illorum
1741 5084 2136 5150 sanguinarium

560 5176 794 5228 animum
821 5174 1074 5228 novisset.
1106 5191 1125 5223 ι
1154 5174 1243 5228 54.
1262 5174 1393 5228 Cum
1424 5182 1601 5227 autem
1628 5175 1863 5243 legisset,
1890 5186 1944 5229 et
1970 5176 2137 5231 inter-

561 5275 802 5334 rogasset
827 5266 893 5319 de
920 5282 1021 5334 qua
1054 5266 1321 5333 provincia
1352 5276 1515 5332 esset,
1540 5264 1882 5336 audissetque
1904 5267 2045 5335 quod
2071 5284 2137 5322 ex

558 5357 742 5410 Cilicia
776 5374 789 5408 :
818 5357 907 5413 55.
941 5356 1165 5410 Audiam
1194 5368 1262 5423 te,
1302 5358 1491 5426 inquit,
1523 5372 1644 5411 cum
1693 5368 2033 5413 accusatores
2062 5360 2134 5414 tui

558 5450 805 5506 venerint
835 5467 849 5505 :
876 5449 1139 5519 jussitque
1162 5451 1309 5504 illum
1337 5454 1387 5505 iu
1425 5452 1675 5520 praetorio
1704 5452 1932 5507 Herodis
1953 5464 2135 5508 custo-

557 5544 685 5603 diri,
715 5559 733 5592 ι
756 5541 872 5597 Jain
902 5556 997 5609 pro
1015 5542 1105 5595 illo
1126 5543 1384 5596 rationem
1406 5544 1626 5599 dederat
1646 5544 1869 5616 Lysias;
1899 5555 2134 5601 attamen

561 5634 735 5689 adhuc
767 5633 875 5688 illic
903 5633 1051 5687 illum
1082 5632 1249 5688 Judaei
1281 5633 1596 5689 adoriuntur
1616 5678 1633 5703 ,
1678 5648 1732 5692 et
1760 5650 2136 5709 prmoccupant

558 5727 877 5793 auditorem,
920 5735 977 5782 et
1016 5724 1207 5780 iterum
1255 5727 1310 5780 in
1354 5726 1564 5782 vincula
1610 5728 1893 5799 conjicitur
1949 5749 1964 5786 :
2010 5731 2133 5785 audi

560 5818 867 5887 quomodo:
902 5815 1055 5888 (Cap.
1083 5817 1205 5888 24.)
1260 5818 1314 5873 1.
1368 5816 1494 5873 Post
1548 5822 1767 5891 quinque
1817 5837 1981 5877 autent
2022 5825 2128 5877 dies

2243 4071 2497 4127 descendit
2532 4069 2764 4140 princeps
2790 4067 3107 4121 sacerdotum
3132 4066 3357 4119 Ananias
3396 4082 3513 4118 cum
3559 4068 3829 4119 senior-im

2243 4176 2289 4219 et
2340 4165 2565 4218 Tertullo
2612 4162 2828 4230 quodam
2872 4170 3107 4224 oratore,
3156 4162 3242 4230 qui
3282 4160 3516 4213 adierunt
3575 4162 3825 4227 preside»:

2244 4258 2481 4310 adversus
2521 4254 2766 4307 Paulum.
2790 4252 2924 4306 Vide
2964 4253 3231 4321 quomodo
3281 4267 3455 4321 neque
3496 4252 3571 4305 ita
3615 4252 3829 4305 destitr-

2243 4359 2389 4415 runt,
2434 4349 2526 4403 sed
2578 4348 2820 4411 veniunt,
2862 4347 2987 4399 licet
3039 4346 3183 4399 mille
3228 4354 3515 4398 occurrant
3543 4345 3753 4410 obices,
3784 4354 3834 4396 ut

2243 4445 2353 4499 illic
2401 4442 2813 4497 confundantur.
2857 4460 2876 4493 ι
2910 4441 2964 4494 2.
3016 4441 3082 4495 Ει
3112 4443 3277 4495 citato
3324 4442 3418 4494 illo
3466 4444 3637 4510 (:(Bpii.
3676 4458 3835 4496 accu-

2244 4550 2365 4589 sare
2391 4534 2679 4596 Tertullus,
2709 4533 2894 4588 dicens
2926 4550 2939 4586 :
2972 4534 3106 4587 Cum
3138 4534 3191 4587 in
3241 4533 3405 4587 multa
3438 4548 3570 4601 pace
3614 4548 3836 4603 agamus

2243 4643 2341 4697 per
2366 4636 2439 4693 te,
2463 4635 2518 4682 et
2564 4627 2726 4681 multa
2779 4625 2918 4681 bona
2955 4640 3116 4693 Opera
3159 4625 3289 4680 fiant
3318 4626 3371 4680 in
3408 4625 3508 4681 bac
3548 4638 3715 4691 gente
3745 4643 3839 4696 per

2245 4728 2387 4773 tuam
2417 4718 2829 4789 providentiam,
2859 4720 2912 4772 3.
2938 4732 3151 4787 seraper
3179 4728 3232 4773 et
3258 4719 3456 4788 ubique
3476 4720 3833 4788 suscipimus,

2243 4812 2447 4881 Optime
2479 4811 2650 4878 Felix,
2681 4827 2801 4867 cum
2844 4812 2989 4865 omni
3032 4812 3322 4881 gratiarum
3365 4813 3602 4866 actione.
3647 4814 3707 4867 4.
3758 4812 3836 4867 Ne

2243 4902 2442 4957 diutius
2467 4914 2642 4956 autem
2674 4912 2727 4956 te
2754 4901 3079 4971 protrahunt,
3112 4916 3230 4969 oro,
3255 4902 3490 4957 breviter
3510 4903 3705 4958 audias
3732 4919 3833 4958 nos

2244 5011 2341 5064 pro
2392 5006 2477 5050 tua
2526 4996 2835 5050 clementia.
2875 5012 2895 5046 ι
2940 4996 3096 5065 Atqui
3126 5009 3222 5049 vos
3262 4994 3365 5050 hoc
3417 4995 3672 5051 fecistis:
3706 4997 3832 5067 quid

2244 5089 2404 5158 igitur
2432 5103 2567 5155 opus
2593 5097 2711 5142 erat
2735 5087 2985 5141 oratore?
3016 5086 3149 5141 Vide
3174 5087 3445 5155 quomodo
3494 5088 3587 5143 hic
3616 5103 3832 5159 quoque

2241 5179 2419 5234 statim
2448 5180 2516 5232 ab
2541 5179 2762 5233 exordio
2789 5179 2938 5233 illum
2959 5189 3017 5232 ut
3037 5189 3345 5233 uovatorem
3373 5180 3692 5236 seditiosum
3720 5183 3833 5235 vult

2243 5274 2540 5338 traducere,
2562 5271 2801 5325 laudibus
2818 5287 2947 5326 vero
2970 5272 3201 5341 judicem
3225 5282 3582 5341 praeoccupat.
3603 5274 3825 5337 Deinde,

2239 5365 2389 5434 quasi
2444 5364 2609 5418 multa
2651 5362 2877 5418 dicenda
2926 5362 3136 5428 habeat,
3186 5366 3572 5434 prmtercurrit,
3627 5377 3682 5420 et
3727 5364 3829 5419 hoc

2241 5474 2402 5510 unum
2446 5456 2573 5511 dicit
2604 5472 2618 5508 :
2648 5454 2730 5509 Ne
2779 5456 2971 5509 diutius
3018 5464 3188 5508 autent
3236 5466 3283 5509 te
3329 5458 3649 5523 protrahas.
3692 5456 3830 5510 Vide

2238 5548 2508 5617 quomodo
2540 5547 2790 5617 puniendi
2818 5546 3143 5601 desiderium
3165 5547 3328 5615 judici
3353 5548 3631 5611 immittat,
3663 5549 3825 5618 quasi

2238 5637 2696 5707 comprehensum
2747 5652 2908 5703 eum,
2966 5637 3055 5706 qui
3106 5638 3291 5692 orbem
3345 5637 3724 5701 subverteret,
3772 5648 3824 5691 et

2238 5731 2394 5799 quasi
2437 5728 2507 5783 de
2556 5728 2814 5799 prmclaro
2855 5743 3018 5798 opere
3061 5730 3318 5783 sentiunt.
3368 5747 3391 5782 ι
3427 5732 3483 5785 5.
3518 5730 3823 5787 Invenimus

2241 5827 2379 5880 hunc
2411 5824 2680 5879 hominem
2708 5821 3040 5892 pestiferum,
3070 5830 3123 5876 et
3146 5823 3503 5878 concitantem
3527 5823 3819 5880 seditiones
