3948 6540
108 427 201 484 345

106 534 345 590 ontnibus
372 532 576 589 ludatis
602 533 654 587 in
681 531 930 588 universo
957 529 1110 596 orbe,
1142 538 1198 583 et
1226 537 1499 583 auctorem
1528 524 1673 580 sedi-

108 629 257 681 tionis
300 636 467 682 secta:
511 625 928 689 Nazarenorum,
978 622 1031 678 ϐ.
1082 623 1173 693 qui
1220 622 1380 676 etiam
1424 619 1677 689 templum

104 720 300 773 violare
320 725 548 773 conatus
571 725 655 772 est
676 735 693 772 :
722 730 882 786 quem
907 722 962 768 et
995 713 1387 783 apprehensum
1414 711 1680 765 voluimus

106 810 400 864 secundum
432 809 603 878 legem
630 816 868 862 nostram
913 804 1176 874 judicare.
1205 804 1259 857 7.
1287 803 1681 873 Superveniens

1123 416 1189 471 ΙΝ
1225 414 1409 471 ACTA
1448 409 1963 469 APOSTOLORUM.
2008 411 2234 469 HOMIL.
2275 410 2337 468 L.

3255 415 3359 470 3‘6

1783 540 1896 578 cum
1926 525 2097 596 aliquo
2137 527 2498 597 disputantem.
2537 527 2688 595 Quod
2734 529 2899 611 etiam
2925 541 3107 585 verum
3134 541 3267 586 erat.
3302 531 3367 587 Et

1784 616 1875 671 ille
1902 618 2118 688 quidem
2152 620 2298 675 illum
2322 619 2615 691 Principem
2637 622 2788 687 dicit,
2815 623 2965 693 quasi
2995 624 3047 678 in
3072 639 3246 693 pugna
3272 634 3367 680 aut

1783 714 2045 773 tumultu;
2076 714 2162 769 hic
2187 729 2317 771 vero
2350 716 2473 772 vide
2495 731 2655 786 quam
2684 725 2961 773 mansuete
2999 718 3321 786 respondeat
3348 735 3362 772 :

1790 823 1810 858 ι
1850 807 1939 862 14.
1987 805 2263 862 Conﬁteor
2305 818 2482 864 autent
2525 809 2619 864 tibi
2665 809 2807 879 quod
2856 810 3151 865 secundum
3201 811 3363 875 viam.

102 913 275 958 autem
322 901 570 956 tribunus
614 899 822 970 Lysias,
869 912 989 953 cum
1017 897 1068 950 vi
1107 910 1295 965 magna
1338 892 1532 962 eripuit
1558 906 1679 947 eum
1783 911 1941 967 quam
1972 907 2162 953 vocant
2190 899 2458 967 haeresim,
2486 902 2565 956 sic
2594 904 2765 971 patrio
2788 903 2895 957 Deo
2912 901 3109 964 servio.
3138 903 3368 958 credens

100 996 161 1048 de
189 991 445 1049 manibus
474 991 694 1057 nostris,
722 990 775 1045 8.
804 987 1005 1059 jubens
1032 996 1373 1042 accusatores
1401 984 1516 1054 ejus
1537 982 1602 1037 ad
1633 992 1684 1036 te

105 1084 285 1138 venire
311 1100 329 1149 ;
357 1098 389 1139 a
418 1098 524 1154 quo
550 1082 750 1151 poteris
781 1080 897 1150 ipse
917 1080 1168 1150 judicans
1212 1078 1281 1132 de
1309 1077 1556 1131 omnibus
1578 1073 1685 1131 illis

100 1189 449 1244 cognoscere,
491 1172 557 1228 de
593 1172 786 1243 quibus
830 1186 929 1226 nos
957 1183 1271 1226 accusamus
1298 1182 1444 1223 eum.
1468 1164 1683 1223 .Conci-

102 1277 323 1330 tantem,
360 1285 382 1319 s
435 1266 645 1335 inquit,
698 1283 718 1317 s
752 1264 1046 1319 seditiones
1084 1261 1332 1317 omnibus
1369 1257 1570 1317 Judaais
1629 1257 1684 1313 in

103 1359 353 1413 universo
378 1357 528 1411 orbe.
566 1373 586 1407 ι
623 1355 688 1410 Ut
718 1353 1031 1426 pestiferum
1059 1361 1114 1409 et
1145 1365 1483 1407 communem
1509 1346 1685 1418 gentis

103 1454 309 1506 hostem
338 1451 491 1505 illum
531 1449 961 1514 calumniantur,
992 1461 1056 1503 ac
1083 1454 1248 1502 secta:
1289 1443 1683 1498 Nazarenorum

102 1548 504 1620 principemt(a)
526 1547 663 1619 [lloc
689 1545 976 1600 maximum
1004 1543 1209 1598 crimen
1234 1539 1516 1595 videbatur
1544 1534 1685 1606 quod

100 1651 243 1696 esset
270 1632 632 1706 Nazarcnus.]
691 1636 814 1692 ideo
841 1636 943 1690 hoc
964 1634 1346 1705 produxerunt,
1368 1639 1424 1685 et
1448 1645 1511 1684 ea
1536 1628 1603 1683 de
1627 1641 1688 1682 re

102 1735 295 1786 iterum
324 1730 786 1786 calumniabantur
805 1743 958 1790 eum;
988 1726 1213 1784 Nazaret
1239 1726 1379 1780 enim
1402 1722 1520 1779 vilis
1550 1732 1684 1779 erat.

102 1823 166 1876 Et
194 1824 531 1886 invenientes,
565 1822 757 1891 inquit.
792 1819 925 1875 Vide
947 1860 961 1883 ,
993 1833 1154 1887 quam
1194 1825 1411 1873 versute
1453 1815 1600 1871 illum
1630 1821 1690 1867 ut

100 1913 396 1987 proiiigum
444 1913 861 1977 calumnientur,
895 1910 978 1965 vix
1028 1909 1175 1963 illum
1225 1906 1518 1977 assequuti,
1566 1918 1686 1958 cum

99 2016 310 2077 septem
338 2005 529 2061 diebus
555 2004 607 2061 in
638 2003 836 2074 templo
860 2002 1039 2060 fuerit.
1065 2001 1225 2068 Quem
1245 2008 1290 2053 et
1317 1997 1689 2069 apprehensum

98 2102 356 2155 coluimus
384 2098 661 2154 secundum
688 2097 846 2166 legem
872 2103 1093 2149 nostram
1113 2092 1370 2163 judicare.
1396 2089 1527 2145 Vide
1554 2102 1690 2158 quo-

99 2192 270 2247 modo
296 2200 356 2249 ot
378 2191 549 2263 legem
568 2188 892 2247 contumelia
920 2186 1157 2241 afficiant
1188 2204 1202 2240 :
1231 2184 1332 2242 nisi
1359 2184 1585 2243 fortasse
1605 2196 1691 2237 se-

99 2283 342 2340 cundum
391 2282 563 2355 legem
612 2291 751 2347 erat,
779 2280 1087 2345 verberare,
1128 2275 1397 2341 occidere,
1429 2273 1687 2331 insidiari.

101 2376 361 2447 Sequitur
387 2374 562 2446 Lysia:
588 2374 876 2430 accusatio.
925 2371 1295 2442 Superveniens
1318 2378 1487 2421 autem
1509 2366 1693 2438 Lysias

104 2468 339 2521 tribunus
359 2482 475 2519 cum
499 2465 549 2520 vi
577 2480 765 2536 magna
784 2462 966 2533 eripuit
992 2478 1106 2516 eum
1133 2476 1197 2515 ea:
1220 2459 1450 2517 manibus
1486 2460 1689 2513 nostris.

105 2560 217 2616 Non
246 2558 612 2616 conveniebat
639 2557 739 2623 illi,
772 2556 965 2627 inquit,
995 2570 1110 2610 rem
1138 2554 1277 2612 hanc
1302 2553 1501 2619 facere,
1534 2567 1693 2623 quam

105 2663 293 2706 tamen
321 2649 469 2706 fecit.
508 2648 588 2703 Ea:
612 2665 712 2718 quo
740 2648 926 2719 poteris
947 2648 1189 2717 judicans
1231 2647 1295 2699 de
1341 2645 1421 2701 his
1464 2644 1696 2701 omnibus

105 2759 435 2814 cognoscere,
464 2745 527 2797 de
552 2742 734 2812 quibus
763 2757 855 2796 nos
887 2754 1185 2793 accusamus
1200 2738 1368 2791 illum.
1395 2735 1449 2793 9.
1482 2736 1696 2806 Adjece-

102 2848 220 2891 runt
250 2847 427 2890 autem
460 2846 507 2890 et
532 2834 735 2899 Judazi,
769 2834 987 2890 dicentes
1012 2832 1120 2888 haec
1147 2831 1217 2883 ita
1251 2846 1306 2884 se
1332 2828 1531 2883 habere.
1560 2826 1696 2895 Quid

104 2944 232 2998 ergo
265 2926 505 2982 Paulus?
535 2941 660 2981 num
683 2925 749 2979 ad
778 2924 891 2980 hare
935 2922 1113 2978 tacet?
1142 2921 1377 2986 Minime,
1408 2920 1502 2975 sed
1530 2920 1698 2973 libere

106 3022 349 3092 loquitur
376 3021 571 3074 iterum
600 3028 654 3073 et
683 3016 993 3087 reSpondet,
1023 3015 1182 3085 idque
1204 3013 1420 3068 volente
1445 3011 1694 3081 prmside;

107 3113 351 3169 subdidit
377 3112 525 3167 enim
558 3129 571 3165 :
607 3129 626 3162 ι
666 3110 754 3167 10.
781 3108 1082 3180 Βοεροηόίι
1126 3115 1305 3161 autem
1336 3105 1532 3160 Paulus
1553 3146 1568 3171 ,
1599 3119 1701 3159 an-

111 3216 318 3262 nuente
342 3205 447 3260 sibi
488 3205 713 3275 praiside
751 3214 808 3257 ut
850 3202 1091 3258 diceret:
1122 3200 1202 3254 Ex
1247 3198 1428 3253 multis
1466 3198 1618 3252 annis
1648 3205 1701 3251 te

113 3315 225 3354 esse
246 3300 462 3368 justum
480 3296 713 3365 judicem
741 3293 889 3363 genti
915 3291 1043 3349 huic
1077 3293 1256 3348 sciens
1282 3331 1296 3355 ,
1343 3289 1485 3345 bono
1522 3288 1703 3347 animo

115 3408 201 3461 pro
227 3406 327 3445 me
357 3386 706 3443 satisfaciam.
738 3386 825 3440 11.
855 3384 1014 3439 Pales
1034 3383 1178 3439 enim
1200 3395 1546 3453 cognoscere,
1580 3379 1701 3454 quia

110 3498 209 3536 non
279 3481 405 3552 plus
454 3487 576 3533 sunt
640 3477 767 3531 mihi
816 3475 973 3543 dies,
1048 3490 1208 3545 quam
1252 3473 1572 3537 duodecim,
1638 3486 1705 3526 ex

108 3591 213 3645 quo
240 3572 469 3628 ascendi
495 3571 720 3624 adorare
765 3569 817 3624 in
857 3568 1155 3625 Jerusalem
1191 3585 1204 3623 :
1239 3568 1325 3627 12.
1358 3577 1413 3623 et
1446 3583 1617 3638 neque
1650 3568 1702 3625 in

108 3666 322 3736 templo
372 3664 694 3718 invenerunt
722 3675 808 3715 me
842 3674 962 3715 cum
1004 3659 1183 3732 aliquo
1226 3659 1584 3731 disputantem
1614 3669 1707 3715 aut

107 3771 446 3813 concursum
478 3754 759 3808 facientem
786 3751 977 3816 turbm,
1000 3766 1174 3822 neque
1196 3751 1247 3807 in
1279 3752 1582 3822 synagogis,
1616 3753 1704 3809 15.

108 3866 294 3921 neque
338 3850 392 3903 in
435 3847 694 3903 civitate:
732 3860 903 3916 neque
943 3844 1170 3914 probare
1209 3853 1432 3914 possunt
1489 3861 1588 3911 ea,
1640 3846 1710 3903 de

108 3944 317 4012 quibus
346 3954 492 3995 nunc
515 3954 602 3993 me
627 3944 897 3993 accusant.
932 3956 952 3988 ι
995 3935 1110 3990 Non
1141 3945 1266 3991 sunt
1298 3937 1412 3991 haec
1442 3938 1709 3993 adulatio-

111 4040 197 4092 nis
226 4036 424 4101 verba,
459 4032 735 4089 testiﬁcari
757 4031 916 4102 judici
940 4031 1201 4101 justitiam
1226 4047 1241 4097 ;
1272 4031 1369 4089 sed
1398 4032 1486 4090 illa
1508 4033 1709 4103 pOtius,

106 4132 249 4185 Cum
279 4130 339 4182 in
383 4127 543 4181 multa
586 4141 709 4195 pace
745 4140 954 4195 agamus
997 4139 1087 4194 per
1128 4132 1193 4178 te.
1226 4122 1334 4179 Cur
1360 4139 1490 4195 ergo
1518 4125 1714 4195 injuste

107 4221 428 4275 seditiones
452 4216 651 4287 agitis?
682 4214 960 4284 Perpende
980 4224 1184 4282 autem,
1219 4214 1294 4269 illi
1313 4216 1378 4268 ad
1399 4216 1712 4285 injustitiam

113 4309 433 4379 pellebant,
465 4308 552 4361 hic
593 4306 854 4376 justitiam
887 4306 1177 4371 'qumrcbat
1218 4323 1233 4360 :
1282 4305 1405 4362 ideo
1455 4306 1713 4365 dicebat:

106 4403 276 4458 Bono
323 4402 489 4454 animo
534 4417 627 4471 pro
679 4416 759 4453 me
795 4398 1140 4467 satisfaciam;
1180 4397 1372 4456 deinde
1415 4414 1444 4453 a
1478 4410 1718 4471 tempore

105 4497 458 4551 corylis-mat:
494 4493 560 4546 Et
591 4492 762 4547 multis
795 4492 964 4560 annis,
998 4491 1190 4561 inquit,
1218 4501 1267 4545 te
1281 4492 1512 4562 judicem
1535 4497 1715 4551 sciens.

110 4589 183 4644 Et
220 4586 367 4660 quid
400 4586 504 4641 hoc
544 4585 609 4640 ad
650 4584 1161 4642 demonstrationem
1193 4585 1721 4644 conducebat?Mul-

108 4692 231 4734 tum
267 4697 285 4732 :
322 4676 567 4732 ostendit
609 4676 753 4730 enim
780 4675 956 4750 ipsum
1005 4691 1219 4746 quoque
1262 4677 1436 4743 scire,
1488 4680 1620 4733 nihil
1663 4696 1722 4736 se

105 4786 319 4826 eorum
369 4768 604 4830 fecisse,
642 4767 710 4821 de
746 4767 938 4836 quibus
973 4771 1339 4823 accusabatur.
1389 4770 1445 4824 Si
1486 4787 1615 4826 vero
1640 4788 1726 4828 se-

106 4865 395 4918 ditionem
423 4860 767 4919 concitasset,
796 4858 909 4929 ipse
932 4859 1095 4929 judvx
1126 4870 1343 4927 nosset,
1372 4878 1544 4932 neque
1576 4865 1724 4921 illum

107 4965 268 5010 tanta
301 4969 397 5008 res
426 4954 641 5005 lateret.
673 4951 876 5004 Deinde
905 4952 1027 5020 quia
1047 4963 1323 5006 accusator
1346 4953 1474 5007 nihil
1497 4955 1722 5025 probare

106 5057 389 5120 potuerat
430 5046 815 5117 Jerosolymis,
844 5046 967 5101 vide
996 5047 1118 5116 quid
1152 5048 1293 5102 dicat
1322 5067 1335 5102 :
1374 5049 1616 5104 Omnibus
1642 5054 1727 5122 qui

105 5145 161 5197 in
212 5151 341 5196 toto
372 5140 497 5192 urbe
522 5148 641 5191 sunt
676 5136 898 5203 Judteis,
934 5140 1266 5202 mendacium
1308 5143 1587 5197 mendacio
1629 5145 1727 5198 ad-

107 5239 254 5291 dens
286 5238 337 5288 ³.
369 5234 499 5288 Ideo
528 5232 723 5286 Paulus
750 5232 874 5287 inde
900 5232 1045 5286 illttm
1067 5233 1379 5300 dcturbans,
1413 5235 1486 5289 ait
1533 5253 1547 5288 :
1588 5237 1726 5291 Ado-

106 5339 341 5382 iaturus
368 5324 579 5378 ascendi
596 5339 617 5388 ;
647 5325 797 5394 quasi
822 5339 882 5378 se
912 5325 989 5379 sic
1015 5341 1245 5396 purgans
1271 5325 1527 5381 :Tantum
1556 5331 1729 5399 abest,

110 5430 167 5473 nt
198 5417 532 5473 seditiones
561 5416 788 5470 excitem
818 5431 834 5481 ;
864 5426 916 5471 et
948 5417 1001 5470 in
1034 5418 1136 5473 hoc
1165 5430 1403 5473 moratur
1430 5421 1731 5490 ratiocinio,

106 5512 265 5581 quod
295 5518 464 5564 certe
485 5506 720 5561 validum
742 5517 897 5573 erat;
931 5509 1077 5563 addit
1107 5512 1247 5565 enim
1281 5528 1293 5563 :
1327 5510 1506 5582 Neque
1528 5515 1581 5567 in
1612 5525 1737 5569 tem-

111 5608 223 5675 plo,
257 5619 443 5668 neque
467 5602 518 5655 in
540 5601 760 5665 civitate,
784 5617 939 5670 neque
958 5602 1009 5655 in
1038 5604 1307 5673 synagogis
1336 5604 1628 5660 invenerunt
1657 5625 1736 5662 me

181 5743 199 5773 ³
246 5737 419 5795 illud,
444 5736 775 5797 mendacitun,
794 5736 1048 5787 mendacio
1069 5737 1273 5797 addens,
1313 5739 1459 5789 deest
1482 5740 1532 5789 in
1554 5755 1672 5791 uno.

176 5806 261 5863 (α)
283 5808 421 5859 Qua:
448 5800 576 5868 inter
601 5801 804 5868 uncinos
824 5799 985 5868 clausa
1002 5806 1115 5851 sunt
1132 5814 1224 5850 non
1249 5799 1479 5866 leguntur
1488 5804 1538 5853 in
1554 5804 1736 5868 Montf.,

107 5861 277 5929 argue
308 5876 347 5911 e
369 5861 548 5910 Saviho
564 5861 789 5923 stippleta
811 5865 943 5911 sunt.

1789 990 2055 1055 omnibus,
2087 1006 2207 1062 quae
2234 993 2286 1047 in
2318 993 2436 1064 lege
2464 1005 2518 1050 et
2537 996 2817 1065 prophetis
2846 997 3042 1067 scripta
3070 1007 3195 1051 sunt
3220 1014 3236 1064 ;
3273 997 3365 1059 1,5.

1786 1096 1937 1151 spem
1961 1082 2165 1139 habens
2187 1085 2239 1161 in
2271 1084 2438 1141 Deum
2458 1126 2474 1152 ,
2503 1102 2663 1157 quam
2704 1096 2760 1143 et
2810 1089 2909 1157 ipsi
2950 1090 3365 1160 amplectuntur,

1788 1173 2019 1230 futuram
2050 1177 2500 1232 resurrectionem
2524 1179 2790 1247 juStorum
2818 1191 2871 1234 et
2896 1181 3238 1250 injustorum.
3271 1201 3291 1234 ι

1830 1266 1909 1329 ,2.
1950 1267 2118 1324 Vide:
2152 1270 2321 1339 ipsum
2354 1270 2427 1325 illi
2452 1270 2794 1340 separabant,
2820 1271 2904 1327 hic
2930 1288 3057 1329 vero
3083 1288 3141 1329 se
3169 1274 3362 1343 adjun-

1789 1359 1864 1429 git
1902 1360 2001 1431 legi
2045 1376 2167 1415 sese
2197 1361 2489 1431 purgando.
2521 1362 2590 1417 Et
2624 1361 2767 1432 quod
2789 1362 2994 1419 dixerat
3024 1364 3368 1433 confirmans,
3396 1434 3399 1437 γ

1790 1452 1982 1507 iterum
2012 1453 2194 1522 adjicit
2221 1469 2236 1509 :
2265 1453 2353 1508 16.
2385 1453 2450 1507 In
2474 1454 2567 1507 hoc
2594 1464 2638 1508 et
2663 1455 2770 1523 ipse
2797 1455 2976 1509 studeo
3005 1456 3113 1512 sine
3143 1456 3369 1524 o/fendi-

1788 1544 1905 1599 culo
1930 1546 2281 1599 conscientiam
2321 1545 2503 1600 habere
2527 1546 2593 1599 ad
2622 1545 2788 1600 Deum
2814 1557 2862 1601 et
2887 1548 2955 1601 ad
2992 1548 3216 1602 homines
3242 1566 3376 1603 sem-

1791 1653 1899 1702 per.
1926 1636 2009 1691 17.
2042 1634 2163 1690 Post
2188 1652 2348 1690 annos
2367 1649 2534 1691 autem
2551 1638 2739 1706 plures,
2759 1640 3099 1709 eleemosynas
3143 1626 3375 1711 facturus

1788 1727 1841 1781 in
1876 1737 2072 1799 gentem
2111 1744 2294 1793 meam,
2346 1728 2475 1791 ueni,
2517 1739 2562 1783 et
2609 1728 2904 1784 oblationes.
2949 1730 3038 1785 18.
3085 1729 3150 1785 In
3194 1732 3374 1801 quibus

1789 1818 2081 1873 invenerunt
2114 1835 2193 1871 me
2228 1819 2553 1888 puriﬁcatam
2593 1820 2647 1874 in
2674 1821 2860 1889 templo
2883 1862 2900 1887 ,
2933 1838 3035 1876 non
3064 1838 3179 1876 cum
3203 1823 3367 1886 turba,

1789 1926 1946 1977 neque
1971 1925 2083 1966 cum
2107 1910 2341 1964 tumultu.
2374 1910 2483 1965 Cur
2505 1926 2633 1981 ergo
2659 1911 2944 1967 ascendisti
2965 1913 2989 1967 ?
3012 1927 3109 1968 cur
3133 1914 3325 1969 Venisti
3350 1915 3375 1968 ?

1789 2001 2124 2067 Adoraturus,
2143 2002 2501 2073 elemosynas,
2521 2003 2708 2074 inquit,
2728 2009 2977 2075 facturus.
2996 2005 3176 2078 Itaque
3197 2007 3248 2061 id
3268 2023 3373 2063 non

1791 2104 1909 2152 erat
1936 2095 2198 2151 seditiosi.
2243 2095 2447 2152 Deinde
2475 2097 2686 2152 illorum
2734 2098 2916 2169 (lejicit
2941 2115 3256 2169 personam,
3284 2102 3375 2156 di-

1793 2204 1923 2245 cens
1952 2188 2457 2265 sinediscrimine:
2510 2189 2578 2244 In
2602 2192 2780 2261 quibus
2824 2208 2904 2246 me
2946 2194 3240 2250 invenerunt
3283 2195 3373 2249 19.

1793 2279 1999 2347 quidam
2029 2268 2091 2333 ea:
2135 2278 2257 2334 Asia
2280 2277 2315 2331 .1
2322 2279 2473 2344 udtei,
2497 2296 2623 2349 quos
2660 2282 2922 2351 Oportebat
2943 2284 3085 2352 apud
3114 2294 3160 2337 te
3187 2294 3373 2354 priuato

1795 2386 1926 2433 esse,
1973 2379 2020 2423 et
2067 2385 2304 2424 accusare
2328 2409 2344 2437 ,
2366 2371 2409 2423 si
2428 2370 2554 2440 quid
2580 2371 2817 2426 haberent
2843 2372 3109 2427 adversum
3147 2391 3226 2429 me
3246 2391 3265 2427 :
3282 2375 3375 2433 20.

1795 2469 1882 2514 aut
1911 2460 1963 2514 lii
1992 2459 2090 2529 ipsi
2117 2460 2319 2525 dicant,
2351 2461 2395 2514 si
2418 2461 2540 2529 quid
2561 2461 2855 2516 inuenerunt
2887 2463 2940 2517 in
2967 2480 3046 2518 me
3075 2465 3375 2531 iniquitatis,

1795 2571 1908 2609 cum
1932 2563 2053 2607 stem
2073 2554 2125 2606 in
2140 2554 2376 2618 concilio,
2395 2553 2485 2608 21.
2509 2554 2607 2612 nisi
2636 2555 2700 2608 de
2726 2555 2822 2610 hac
2848 2573 2951 2610 una
2975 2573 3115 2623 voce,
3143 2574 3244 2624 qua
3268 2559 3380 2611 cla-

1796 2646 1931 2697 mavi
1968 2644 2099 2699 inter
2123 2659 2207 2698 eos
2228 2653 2370 2698 stans
2409 2659 2427 2698 :
2459 2644 2521 2698 de
2549 2647 2909 2702 resurrectione
2937 2656 3250 2702 mortuorum
3286 2665 3380 2720 ego

1798 2736 1948 2792 hodie
1958 2736 2165 2806 judicor
2189 2753 2220 2790 a
2240 2737 2398 2792 vobis.
2427 2736 2552 2793 Haec
2571 2747 2654 2793 est
2681 2740 2898 2809 cepiosa
2914 2740 3244 2810 jnstiticatio,
3275 2758 3380 2799 non

1799 2827 1983 2897 fugere
2008 2827 2077 2884 ab
2106 2828 2541 2895 accusatoribus,
2587 2829 2680 2886 sed
2712 2840 2952 2899 paratum
2980 2846 3099 2888 esse
3139 2832 3207 2887 ad
3253 2833 3379 2908 red:

1798 2919 2028 2975 dendam
2055 2920 2300 2977 omnibus
2328 2920 2609 2976 rationem.
2641 2920 2720 2975 De
2751 2924 3114 2979 resurrectione
3154 2934 3381 2979 mortuo-

1799 3027 1914 3066 rum
1954 3026 2068 3082 ego,
2100 3012 2292 3082 inquit,
2328 3010 2479 3069 hodie
2508 3012 2717 3083 judicor
2740 3014 2949 3070 avobis.
2989 3016 3054 3070 Et
3082 3014 3208 3072 nihil
3253 3017 3388 3072 dixit

1800 3115 2009 3168 eorum,
2041 3115 2161 3171 quze
2184 3100 2304 3171 jure
2335 3110 2543 3172 poterat
2561 3101 2741 3159 dicere
2766 3123 2780 3163 :
2806 3105 2947 3174 quod
2977 3106 3211 3162 insidiati
3238 3118 3387 3175 sunt,

1802 3192 2148 3249 detinuerunt
2189 3194 2383 3264 ipsum,
2425 3193 2645 3254 insidias
2674 3204 2984 3255 struxerunt
3032 3197 3187 3268 (hinc
3239 3199 3387 3256 enim

1803 3285 1872 3341 ab
1900 3286 2033 3354 ipsis
2063 3284 2200 3341 facta
2242 3295 2558 3352 narrantur;
2591 3287 2658 3342 ab
2684 3287 2788 3343 hoc
2814 3299 2993 3347 autem
3013 3332 3027 3355 ,
3056 3292 3180 3349 licet
3204 3291 3255 3347 in
3286 3309 3386 3363 pe-

1803 3378 1973 3439 riculo
1999 3388 2243 3435 versante
2262 3420 2276 3443 ,
2304 3395 2413 3434 non
2437 3379 2626 3451 item),
2681 3381 2775 3437 sed
2806 3391 2964 3448 tacet,
2991 3392 3047 3438 et
3069 3384 3241 3440 solum
3268 3401 3389 3441 sese

1807 3478 2019 3541 purgat,
2051 3481 2104 3526 et
2133 3470 2178 3525 si
2205 3470 2481 3526 innumera
2504 3470 2685 3527 dicere
2706 3473 2985 3542 potuisset.
3012 3474 3125 3533 Hoc
3153 3475 3304 3531 illum
3334 3478 3389 3531 in

1805 3563 2049 3619 Cmsarea
2088 3562 2292 3617 clarum
2322 3562 2613 3627 reddebat,
2642 3565 2785 3634 quod
2816 3580 2938 3623 cum
2978 3574 3128 3622 tanto
3176 3568 3392 3638 agmine

1806 3654 2065 3711 venisset.
2093 3652 2157 3707 In
2178 3654 2358 3721 quibus
2390 3655 2683 3709 invenerunt
2708 3673 2808 3722 me,
2837 3657 3034 3725 inquit,
3068 3659 3394 3729 puriﬁcatam

1806 3749 1862 3800 in
1905 3748 2108 3818 templo.
2159 3746 2436 3816 Quomodo
2464 3762 2593 3817 ergo
2639 3747 2892 3804 violavit?
2926 3766 3033 3809 non
3059 3753 3203 3808 enim
3238 3753 3382 3825 ejus-

1808 3839 1930 3898 dem
1972 3840 2203 3895 hominis
2228 3850 2371 3908 erat,
2430 3842 2721 3911 purilicari,
2749 3843 3008 3910 adorare,
3038 3854 3092 3899 et
3126 3845 3249 3901 ideo
3295 3862 3391 3903 ve-

1811 3935 1962 4001 nire,
2020 3942 2076 3989 et
2145 3933 2367 3989 violare.
2437 3934 2552 3990 Hoc
2606 3945 2783 3990 autem
2834 3937 2901 3991 ad
2960 3938 3393 4009 justiﬁcationem
3450 3952 3462 3969 '

1812 4028 2059 4085 conferre
2104 4027 2368 4090 videatur,
2400 4028 2541 4098 quod
2571 4043 2674 4082 non
2702 4028 2757 4087 in
2788 4030 3005 4101 longum
3048 4032 3248 4090 incidat
3275 4049 3397 4089 ser-

1814 4135 2051 4182 monem.
2091 4121 2158 4174 Et
2192 4119 2525 4189 gratiﬁcantur
2567 4119 2756 4189 judici.
2789 4120 2915 4175 Mihi
2963 4131 3139 4177 autem
3189 4124 3398 4180 videtur

1815 4211 1975 4267 etiam
2004 4210 2107 4265 hoc
2149 4208 2517 4264 defensionem
2541 4223 2690 4264 suam
2723 4210 3060 4267 contrahere.
3092 4212 3197 4270 Sed
3234 4230 3398 4285 sape.

1816 4304 1928 4358 rius
1954 4302 2094 4358 dicta
2125 4310 2452 4373 repetamus.
2479 4301 2614 4369 Quia
2644 4304 2874 4359 antehac
2913 4306 3136 4363 multum
3178 4309 3398 4363 concio-

1818 4403 1974 4449 natus
1992 4398 2110 4448 erat
2124 4392 2412 4461 Tertullus,
2437 4392 2726 4450 ostendens
2747 4410 2808 4451 sc
2825 4398 3141 4466 compendio
3161 4400 3399 4468 studere,

1819 4504 1925 4546 non
1953 4487 2107 4553 dixit,
2138 4486 2275 4542 Audi
2302 4501 2453 4552 rem;
2486 4487 2602 4553 sed,
2634 4486 2718 4543 Ne
2749 4498 2798 4543 te
2842 4490 3032 4547 diutius
3056 4508 3245 4561 morer,
3280 4510 3403 4565 rogo

1820 4579 2000 4633 audias
2025 4595 2116 4633 nos
2141 4594 2233 4649 pro
2259 4587 2347 4632 tua
2375 4578 2705 4633 humanitate.
2752 4580 2914 4637 Forte
2939 4591 2995 4637 ut
3020 4588 3241 4653 gratiam
3288 4587 3406 4655 ejus

1822 4679 2114 4738 aucupetur
2161 4669 2239 4730 sic
2284 4683 2585 4725 sermonem
2625 4681 2895 4741 apparat:
2930 4676 3010 4728 vel
3054 4678 3214 4729 etiam
3244 4693 3400 4730 mane

1825 4763 2119 4818 suetudinis
2145 4762 2354 4831 signum
2394 4772 2498 4829 est,
2526 4779 2648 4818 eum
2670 4765 2788 4836 quis
2816 4766 2965 4833 plura
2992 4767 3174 4824 dicere
3200 4768 3406 4832 valens,

1826 4869 1991 4924 pauca
2020 4853 2167 4917 dicit,
2202 4861 2258 4905 ut
2309 4868 2377 4908 ne
2406 4853 2703 4907 molestiam
2736 4858 2928 4923 pariat.
2962 4855 3281 4923 Invenimus,
3326 4860 3409 4912 in-

1827 4947 1961 5017 quit,
1994 4946 2125 4998 hunc
2154 4946 2315 4997 virum
2356 4945 2650 5015 pestiferum
2679 4962 2699 5000 :
2727 4947 2832 5016 qui,
2869 4948 3059 5015 inquit,
3096 4959 3142 5001 et
3165 4950 3409 5020 templum

1834 5039 2023 5090 violare
2044 5037 2265 5090 tentavit.
2291 5036 2432 5106 Ergo
2450 5050 2554 5090 non
2577 5037 2813 5091 violavit.
2848 5038 2984 5104 Quid
3004 5040 3181 5109 igitur,
3210 5043 3257 5099 si
3286 5042 3411 5099 alibi

1834 5128 1937 5183 hoc
1966 5128 2131 5183 fecit?
2160 5127 2376 5182 Minime
2403 5144 2417 5178 :
2445 5127 2577 5181 alias
2599 5129 2741 5183 enim
2791 5129 3042 5197 dixisset;
3090 5131 3200 5204 jam
3247 5150 3374 5190 vero
3398 5177 3412 5201 ,

1835 5216 2084 5286 Tenlauit,
2120 5217 2287 5283 dicit;
2315 5232 2421 5288 quo
2442 5227 2621 5271 autem
2647 5218 2828 5285 modo,
2860 5234 2967 5275 non
2996 5220 3165 5281 addit.
3200 5223 3265 5278 Et
3288 5241 3408 5295 quae

1836 5310 2058 5366 Paulum
2088 5310 2304 5382 quidem
2344 5310 2697 5381 spectabant,
2729 5311 2806 5367 sic
2835 5314 3056 5379 extulit;
3088 5316 3209 5373 vide
3236 5329 3414 5379 autem

1835 5403 2104 5475 quomodo
2129 5418 2249 5473 qua:
2273 5416 2367 5457 sua
2396 5411 2520 5457 sunt
2536 5403 2759 5456 minuat.
2787 5404 2947 5469 Quem
2965 5408 3413 5477 apprehendimus,

1837 5494 2027 5563 inquit,
2058 5502 2104 5546 et
2133 5493 2378 5546 voluimus
2410 5494 2647 5564 judicare
2673 5501 2946 5550 secundant
2989 5498 3145 5568 legem
3169 5513 3411 5554 nostram.

1839 5586 2206 5656 Superveniens
2235 5594 2404 5637 autem
2433 5584 2613 5655 Lysias
2663 5588 2893 5643 tribunus
2944 5606 3058 5643 cum
3088 5594 3246 5645 multa
3274 5594 3321 5646 vi
3349 5609 3414 5649 ea:

1840 5674 2069 5730 manibus
2092 5679 2275 5730 nostris
2313 5678 2553 5749 abripuit.
2592 5679 2687 5734 llic
2707 5681 2973 5749 ostendit,
3003 5683 3102 5737 sibi
3133 5685 3415 5745 molestum

1840 5781 1960 5824 esse
1989 5770 2055 5824 ad
2085 5779 2339 5825 extranea
2386 5773 2668 5827 tribunalia
2696 5776 2899 5839 venire,
2931 5784 2985 5829 et
3009 5775 3147 5845 quod
3178 5793 3282 5832 non
3316 5779 3411 5847 ipsi

1843 5861 2052 5918 molesti
2106 5862 2354 5933 fuissent,
2402 5866 2504 5921 nisi
2557 5867 2668 5936 ipse
2716 5868 3005 5937 coegisset,
3035 5868 3280 5941 quodque
3308 5886 3413 5931 non
