3948 6506
521 411 622 468 3ίῖ

519 528 584 584 ad
629 525 777 581 illum
830 525 1123 596 pertineret
1171 524 1341 578 virum
1391 521 1636 591 abripere
1667 536 1682 573 :
1713 532 1833 571 nam
1889 514 2100 583 injuria:

519 629 703 674 contra
729 632 831 674 nos
855 627 1028 683 erant,
1053 627 1108 671 et
1137 615 1395 685 judicium
1429 611 1567 683 apud
1600 625 1697 665 nos
1740 608 1852 665 fieri
1883 612 2101 677 oporte-

521 713 554 765 b
572 723 628 766 ιι.
657 711 809 778 Quod
826 720 1003 764 autem
1027 723 1116 764 res
1137 710 1214 763 sic
1243 707 1458 772 habeat,
1487 705 1761 774 sequentia
1790 702 1909 757 vide
1934 718 1948 756 :
1979 701 2106 754 Cum

519 806 681 860 multa
701 807 771 873 vi,
802 805 996 874 inquit.
1029 803 1117 858 Vis
1142 803 1283 858 enim
1312 811 1446 855 erat.
1495 801 1530 853 Α
1562 816 1661 869 quo
1706 797 1891 868 poteris
1919 812 2107 867 cogno—
2134 869 2141 874 .

514 916 675 953 scere.
705 899 888 970 Neque
916 913 1170 952 accusare
1200 895 1364 951 audet
1387 912 1400 948 :
1420 904 1534 950 erat
1555 895 1696 948 enim
1723 895 1806 947 vir
1830 892 2101 948 clemens:

523 1007 697 1062 neque
737 993 855 1046 sine
884 1006 1044 1045 causa
1074 989 1456 1060 praetercurrit.
1511 985 1713 1042 Deinde
1758 987 1984 1048 iterum,
2037 999 2105 1038 ne

523 1083 735 1136 mentiri
767 1081 1066 1144 videretur,
1101 1082 1274 1151 ipsum
1317 1080 1536 1134 Paulum
1581 1078 1659 1132 sui
1695 1077 1859 1144 ipsius
1885 1090 2105 1129 accusa-

517 1185 688 1228 torem
721 1173 943 1228 inducit.
975 1174 1018 1226 A
1057 1189 1154 1240 quo
1186 1183 1324 1242 potes
1350 1212 1364 1236 ,
1420 1171 1606 1240 inquit,
1657 1171 1718 1223 de
1767 1169 1844 1222 his
1873 1169 2102 1222 euntibus

519 1269 807 1336 dijudicans
851 1282 1171 1337 cognoscere.
1206 1265 1482 1319 Accedunt
1521 1271 1701 1331 postea
1730 1261 1991 1315 dictorum
2023 1270 2104 1314 te-

517 1371 631 1414 stes
665 1377 678 1414 :
710 1358 1015 1430 Adjecerunt
1045 1367 1210 1410 autent
1233 1367 1278 1410 et
1304 1355 1496 1418 JUdll’i,
1531 1355 1750 1407 dicentes
1796 1354 1902 1406 ha’c
1940 1352 2012 1406 ita
2052 1367 2106 1406 se

523 1450 722 1504 habere.
752 1454 1107 1505 Accusatores
1127 1458 1252 1502 sunt
1282 1457 1335 1502 et
1366 1457 1531 1502 testes
1558 1456 1612 1501 et
1638 1455 2000 1501 accusatores.
2035 1445 2106 1498 At

511 1544 716 1599 Paulus
747 1542 1033 1612 respondet
1065 1559 1078 1594 :
1111 1541 1287 1597 Sciens
1315 1557 1376 1594 ea:
1405 1539 1577 1593 nniltis
1600 1540 1746 1592 annis
1788 1549 1834 1591 te
1874 1554 1979 1592 esse
2012 1538 2108 1607 ju-

519 1650 651 1690 stum
669 1638 918 1708 judicent.
948 1636 1062 1689 Non
1095 1650 1223 1705 ergo
1255 1634 1566 1703 peregrinus
1597 1643 1676 1686 est
1703 1647 1872 1698 neque
1899 1631 2104 1684 alienus

519 1747 695 1801 neque
737 1740 982 1794 novator,
1012 1731 1053 1781 si
1084 1744 1112 1781 a
1143 1728 1322 1781 multis
1351 1727 1508 1780 annis
1554 1725 1702 1779 novit
1728 1721 1982 1793 judicem.
2037 1721 2106 1775 Et

521 1833 666 1878 recte
693 1822 894 1876 addidit
923 1821 1074 1886 illud,
1105 1819 1334 1886 Justum,
1364 1830 1419 1873 ut
1443 1835 1508 1872 ne
1537 1819 1601 1871 ad
1625 1831 1889 1870 summmn
1921 1815 2100 1885 ponti-

517 1921 674 1972 ficem
707 1917 1019 1985 reSpicL-rct,
1064 1915 1144 1969 vel
1175 1916 1239 1967 ad
1277 1913 1530 1982 populum
1558 1953 1572 1977 ,
1607 1913 1688 1964 vel
1723 1910 1788 1964 ad
1821 1915 2103 1964 accusato-

522 2026 658 2066 rem.
693 2010 848 2073 Vide,
882 2007 1153 2079 quomodo
1181 2022 1284 2061 non
1318 2006 1581 2075 processit
1605 2002 1670 2057 ad
1700 2002 2102 2064 contumeliam,

511 2104 620 2159 etsi
653 2103 943 2157 necessitas
971 2110 1135 2155 esset.
1166 2100 1404 2162 Credens,
1440 2098 1628 2166 inquit,
1678 2097 1943 2160 omnibus,
1994 2109 2106 2164 qua:

519 2197 572 2248 in
595 2196 702 2264 lege
721 2203 852 2246 sunt.
885 2192 994 2246 Hoc
1023 2192 1194 2254 dixit,
1234 2190 1526 2245 ostendens
1556 2189 1761 2242 nullum
1804 2187 2098 2252 hominem,

521 2286 610 2354 qui
660 2285 842 2339 credat
885 2285 1332 2338 resurrectionem
1359 2281 1623 2345 futuram,
1667 2282 1790 2335 talia
1842 2280 2102 2335 facturum

519 2375 857 2445 csse;'qo:un
890 2385 943 2429 et.
981 2375 1053 2429 illi
1079 2384 1410 2445 exspectant.
1443 2373 1557 2428 Non
1577 2373 1710 2428 dixit
1733 2373 1800 2428 de
1832 2373 1932 2436 his,
1963 2373 2104 2442 quod

501 2469 744 2523 rredaot
787 2468 869 2530 iis,
912 2482 1032 2536 qua:
1063 2467 1114 2520 in
1168 2465 1444 2537 prophetis
1484 2465 1680 2535 scripta
1722 2476 1848 2520 sunt
1894 2472 2106 2535 (neque

525 2562 665 2615 enim
694 2560 1049 2630 credebant);
1101 2559 1194 2616 sed
1228 2560 1313 2616 llic
1354 2561 1602 2615 omnibus
1643 2561 1933 2624 credebat,
2001 2575 2104 2616 Imtt

525 2654 599 2706 illi
633 2654 945 2722 :quomodo
997 2662 1199 2717 autem,
1248 2653 1460 2721 longum
1514 2663 1659 2708 esset
1716 2667 1858 2706 nunc
1905 2639 2102 2706 dicere.

516 2744 694 2798 "l‘anta
721 2745 874 2809 dixit,
916 2755 969 2800 et
994 2760 1254 2815 nusquam
1285 2744 1479 2800 Christi
1509 2746 1771 2802 meminit.
1807 2746 1901 2801 llic
1930 2756 2106 2800 autem

525 2847 584 2891 nt
609 2837 760 2900 dixit,
785 2839 1032 2904 Credens,
1061 2840 1220 2892 etiam
1243 2853 1326 2903 ea,
1353 2853 1470 2908 qua:
1487 2835 1755 2893 Christum
1773 2837 2106 2906 spectabant,

526 2930 928 3001 complectitur;
965 2931 1058 2985 sed
1087 2931 1298 2987 interim
1344 2931 1394 2984 in
1423 2931 1831 2986 resurrectionis
1859 2947 2109 2986 sermone

527 3029 788 3086 moratur,
819 3023 958 3094 quod
987 3024 1179 3094 dogma
1199 3025 1328 3095 ipsis
1350 3040 1636 3080 commune
1657 3036 1790 3088 erat,
1821 3036 1874 3080 et
1893 3041 2107 3081 omnem

526 3115 805 3172 seditionis
825 3118 1184 3186 suSpicionem
1216 3118 1408 3174 aufert.
1445 3117 1645 3173 Deinde
1665 3133 1921 3173 ascensus
1948 3133 2110 3172 causa

527 3209 784 3276 sequitur.
809 3209 1185 3282 Eleemosynas,
1205 3211 1396 3281 inquit,
1423 3221 1472 3266 et
1493 3211 1768 3266 oblationes
1797 3215 2029 3282 facturus
2056 3213 2110 3266 in

514 3313 722 3369 ﬂentem
762 3317 946 3366 meam,
972 3303 1106 3366 veni,
1134 3301 1283 3371 idque
1306 3319 1396 3372 per
1416 3318 1575 3356 annos
1608 3303 1796 3372 plures.
1830 3303 2111 3371 Quomodo

501 3407 654 3461 «ergo
704 3393 970 3448 turbasset.
1016 3409 1144 3457 eos,
1202 3393 1395 3464 quibus
1437 3393 1834 3466 elecnmsynam
1887 3395 2110 3450 daturus

531 3493 733 3536 tantum
767 3484 867 3538 iter
904 3484 1258 3552 susceperat?
1289 3483 1410 3538 Non
1440 3502 1554 3538 cum
1583 3485 1749 3550 turba,
1782 3486 1989 3555 inquit,
2020 3503 2110 3540 nec

527 3591 644 3626 cum
671 3573 904 3630 tumultu.
941 3575 1146 3644 Ubique
1173 3575 1489 3632 seditionem
1512 3578 1794 3633 inficiatur.
1825 3577 1989 3633 Recte
2017 3593 2110 3632 au-

528 3678 638 3722 tem
675 3662 893 3723 advocat
923 3678 1266 3724 accusatores
1292 3671 1379 3740 qui
1406 3670 1474 3725 ab
1503 3671 1660 3737 Asia,
1707 3673 1892 3727 dicens
1923 3691 1934 3726 :
1972 3671 2111 3739 Quos

525 3762 790 3830 Oportebat
813 3761 952 3831 apud
978 3772 1024 3815 te
1047 3778 1303 3828 accusare,
1335 3763 1378 3817 si
1422 3764 1545 3832 quid
1571 3763 1807 3818 haberent
1846 3766 2112 3818 adversum

530 3872 629 3909 me.
663 3853 736 3910 Ita
763 3854 1098 3923 confidebat,
1130 3869 1188 3909 se
1217 3855 1470 3933 mundum
1513 3871 1634 3912 esse
1678 3871 1709 3910 a
1762 3857 2004 3922 crimine,
2055 3867 2112 3912 ut

489 3934 502 3949 ’
529 3947 692 4000 etiam
722 3955 974 4018 provocet
1007 3961 1122 4002 eos.
1151 3947 1220 4002 Et
1251 3962 1355 4002 non
1384 3961 1478 4001 eos
1507 3948 1714 4012 solum,
1749 3950 1840 4018 qui
1887 3950 1956 4004 ab
1985 3951 2110 4004 Asia

527 4049 919 4105 erant,-verum
959 4039 1119 4094 etiam
1149 4054 1262 4105 eos,
1287 4041 1372 4109 qui
1403 4056 1468 4094 ex
1483 4039 1803 4106 Jerusalem,
1833 4051 2114 4096 accusato-

523 4145 620 4184 res
637 4145 746 4185 non
768 4130 971 4200 rejicit;
1001 4131 1093 4186 sed
1119 4131 1216 4185 hos
1242 4147 1455 4201 quoque
1476 4141 1664 4187 evocat
1683 4132 1941 4203 adjiciens
1967 4151 1979 4187 :
2012 4134 2111 4188 Aut

531 4223 589 4274 hi
614 4221 714 4292 ipsi
756 4222 946 4275 dicant.
979 4222 1190 4276 Etenim
1237 4223 1356 4276 ideo
1395 4222 1462 4276 ab
1488 4221 1639 4277 initio
1668 4239 1809 4293 aegre
1848 4223 2108 4288 ferebant,

532 4313 674 4383 quod
705 4315 1152 4370 resurrectionem
1192 4315 1530 4385 pnedicaret.
1563 4317 1628 4370 Et
1674 4317 1809 4372 bene
1838 4317 1916 4372 sic
1947 4316 2110 4373 facie-

531 4409 623 4462 bat
647 4427 661 4462 :
685 4407 786 4462 hoc
813 4408 954 4462 enim
976 4417 1215 4472 ostenso,
1247 4408 1398 4463 facile
1425 4417 1479 4464 et
1502 4407 1770 4464 Christum
1794 4419 1848 4464 et
1871 4426 2110 4465 resurre-

531 4498 764 4554 CIionem
794 4499 912 4566 ejus
957 4497 1260 4553 inducebat.
1298 4499 1434 4566 Quid
1473 4500 1787 4564 invenerunt,
1822 4502 2026 4572 inquit,
2058 4503 2111 4557 in

530 4607 610 4644 me
648 4590 930 4662 injustititc,
965 4606 1080 4643 cum
1105 4600 1288 4643 starem
1310 4591 1362 4644 in
1385 4591 1638 4646 concilio?
1670 4590 1730 4645 In
1757 4595 1991 4661 concilio,
2024 4595 2109 4649 in-

528 4683 680 4752 quit,
711 4680 1002 4736 ostendens
1030 4683 1147 4735 illos
1178 4680 1310 4735 nihil
1355 4682 1641 4748 invenisse,
1698 4699 1803 4737 non
1862 4685 2106 4754 privatim

529 4772 875 4844 inquisitione
898 4775 1053 4839 facta,
1088 4773 1182 4828 sed
1207 4774 1546 4829 multitudine
1574 4785 1838 4845 praesente
1866 4787 1920 4832 et
1948 4793 2108 4833 accu-

526 4877 643 4923 rate
669 4866 1011 4937 dijudicante.

597 4959 652 5014 3.
692 4958 841 5026 Quod
869 4967 1046 5013 autem
1079 4957 1194 5012 haec
1223 4973 1349 5012 vera
1392 4959 1517 5022 sint,
1550 4960 1897 5015 testificantur
1923 4963 1988 5029 ii,
2021 4964 2107 5034 qui

527 5053 596 5107 de
625 5052 724 5106 hoc
747 5062 1017 5107 accusant.
1048 5051 1171 5106 Ideo
1196 5052 1408 5106 dicebat
1433 5070 1446 5106 :
1477 5051 1544 5105 In
1575 5051 1668 5106 hoc
1698 5063 1865 5107 autem
1895 5057 2092 5120 studeo,

529 5153 583 5198 ut
607 5146 716 5198 sine
739 5144 1043 5211 offendicqu
1072 5145 1432 5199 conscientiam
1476 5146 1686 5200 habeam
1715 5163 1837 5218 erga
1868 5148 2029 5201 Deum
2063 5158 2110 5202 et

529 5255 651 5310 erga
688 5239 932 5292 homines.
964 5238 1200 5294 Perfecta
1226 5239 1366 5294 enim
1397 5240 1512 5295 luce
1539 5240 1707 5295 virtus
1738 5253 1820 5296 est
1842 5284 1856 5307 ,
1898 5244 2110 5312 quando

534 5329 837 5386 hominibus
882 5331 1193 5385 occasiones
1238 5349 1344 5386 non
1390 5332 1614 5398 damus,
1661 5341 1715 5386 et
1757 5334 1897 5405 apud
1942 5336 2107 5390 Deum

529 5424 807 5480 studemus
833 5438 954 5478 esse
980 5423 1096 5477 sine
1123 5421 1464 5478 offendicula.
1492 5423 1606 5491 Qua
1628 5425 1842 5479 clamavi
1867 5428 1918 5480 in
1943 5428 2110 5482 conci-

532 5523 636 5586 lio,
680 5519 868 5590 inquit.
911 5517 1230 5572 Violentiam
1270 5517 1482 5573 illorum
1521 5521 1754 5575 ostendit
1781 5536 1900 5576 cum
1940 5521 2104 5588 dicit,

531 5609 758 5670 Clematii
777 5629 797 5678 ;
825 5626 889 5666 ac
912 5610 956 5664 si
987 5609 1193 5664 diceret
1217 5624 1230 5662 :
1259 5609 1375 5664 Non
1404 5621 1627 5679 possunt
1652 5611 1833 5668 dicere
1861 5628 1946 5669 me
1971 5613 2112 5669 elee—

531 5718 770 5776 mosyna:
795 5703 1015 5758 obtentu
1045 5701 1160 5755 haec
1191 5698 1419 5756 fecisse:
1462 5717 1568 5757 non
1595 5703 1736 5757 enim
1766 5717 1886 5758 cum
1916 5705 2066 5762 turba
2091 5745 2106 5770 ,

531 5812 703 5867 neque
739 5811 859 5854 cum
889 5795 1117 5854 tumultu
1145 5794 1247 5852 hoc
1273 5793 1528 5850 faciebam
1557 5812 1571 5849 :
1620 5793 1853 5868 alioquin
1878 5812 2004 5854 vero
2031 5797 2110 5852 in-

1225 407 1279 463 S.
1320 404 1597 462 JOANNIS
1631 397 2107 458 CllltYSOSTOMI
2145 398 2462 456 ARCHIEP.
2504 401 3034 459 CONSTANTINOP.

3689 407 3784 462 358

2213 516 2500 585 quisitione
2539 517 2636 572 hac
2677 519 2744 575 de
2774 535 2834 574 re
2862 519 2994 574 facta
3017 563 3031 583 ,
3060 519 3189 574 nihil
3233 521 3352 591 plus
3396 519 3782 577 inveniebatur.

2214 607 2402 663 Vidisti
2441 610 2494 664 in
2524 613 2772 679 periculis
2815 613 3322 669 mansuetudinem?
3346 615 3524 669 vidisti
3557 615 3784 685 linguam

2212 701 2438 757 honesta
2469 703 2774 772 loquentem
2796 747 2810 770 ,
2841 716 2894 760 et
2923 705 3192 774 quomodo
3224 721 3386 759 unum
3419 715 3625 760 tantum
3652 723 3788 776 qum-

2211 805 2334 861 rat,
2387 805 2444 850 ut
2489 798 2591 851 sibi
2634 797 2842 868 objecta
2888 798 3123 864 refutet,
3169 814 3270 854 nec
3315 800 3434 852 illos
3479 799 3791 854 criminibus

2209 889 2438 955 obruat,
2489 891 2587 944 nisi
2617 905 2739 944 cum
2767 891 2832 944 ad
2863 891 3231 946 defensionem
3271 893 3599 963 cogeretur?
3643 902 3700 947 ut
3742 902 3794 947 et

2207 981 2455 1036 Christus
2481 982 2694 1037 dicebat
2722 1001 2734 1037 :
2769 982 2877 1053 Ego
2907 983 3212 1037 daemonium
3237 1001 3335 1038 non
3366 987 3524 1038 habeo
3546 1028 3560 1051 ,
3589 987 3681 1038 sed
3708 987 3793 1038 ho-

2208 1075 2420 1141 noriﬁco
2451 1075 2662 1129 Patrem
2691 1093 2856 1129 meum
2878 1117 2891 1135 .
2922 1087 2966 1131 et
2993 1094 3078 1130 vos
3105 1077 3447 1132 inhonorastis
3473 1096 3552 1132 me
3590 1081 3608 1146 (
3633 1077 3788 1132 Joan.

2208 1168 2260 1222 8.
2289 1168 2402 1237 49).
2453 1169 2603 1223 llunc
2630 1180 2682 1224 et
2723 1185 2822 1224 nos
2851 1171 3160 1226 imitemur:
3202 1173 3324 1242 quia
3352 1181 3407 1226 et
3445 1175 3558 1241 ipse
3597 1173 3793 1228 ChriSti

2209 1259 2450 1314 imitator
2479 1271 2613 1314 erat.
2665 1261 2720 1317 Si
2753 1262 2844 1316 ille
2871 1263 3003 1316 nihil
3035 1264 3100 1317 iis
3124 1305 3140 1330 ,
3185 1265 3273 1332 qui
3301 1264 3366 1318 ad
3396 1264 3599 1319 ca'dcm
3627 1281 3793 1320 vene-

2210 1360 2352 1418 rant,
2384 1368 2633 1422 asperum
2665 1354 2818 1420 dixit,
2848 1371 2950 1424 qua
2978 1370 3077 1409 nos
3102 1357 3252 1410 venia
3279 1356 3424 1426 digni
3450 1357 3659 1411 erimus
3683 1401 3699 1423 ,
3746 1359 3795 1410 in

2209 1445 2467 1499 conviciis
2497 1455 2552 1499 et
2594 1447 2934 1501 contumeliis
2975 1447 3202 1512 efferati,
3246 1449 3336 1518 qui
3380 1449 3641 1504 scelestos
3679 1464 3797 1503 sce-

2210 1537 2634 1608 lestissimosque
2662 1554 2915 1594 vocamus
2945 1540 3188 1594 inimicos
3216 1542 3474 1595 nostros?
3513 1557 3674 1612 quam
3707 1543 3800 1596 de-

2208 1627 2500 1684 fensionem
2522 1630 2855 1694 habebimus,
2876 1633 2963 1701 qui
2983 1632 3228 1688 inimicos
3243 1634 3460 1688 omnino
3481 1634 3802 1689 habeamus?

2209 1723 2401 1777 Annon
2427 1723 2580 1777 audis
2604 1739 2726 1777 eum
2753 1765 2768 1788 ,
2801 1724 2891 1794 qui
2924 1725 3150 1779 honorat
3174 1766 3188 1788 ,
3217 1725 3449 1795 seipsum
3482 1725 3757 1782 honorare
3781 1727 3802 1778 ἲ

2209 1814 2317 1870 Nos
2343 1825 2520 1870 autem
2552 1831 2650 1871 nos
2681 1817 2824 1886 ipsos
2850 1818 3172 1872 contumelia
3200 1818 3480 1872 affieiinus.
3529 1820 3799 1881 Accusas,

2209 1907 2349 1976 quod
2395 1907 2717 1962 contumelia
2747 1908 2970 1963 affectus
2995 1909 3068 1963 sis
3098 1927 3112 1964 :
3161 1925 3256 1964 cur
3284 1909 3440 1980 igitur
3474 1911 3590 1979 ipse
3619 1911 3670 1963 in
3702 1909 3802 1964 hoc

2209 2001 2411 2055 crimen
2441 2000 2673 2055 incidis?
2698 2015 2793 2055 cur
2815 2002 3039 2071 teipsum
3066 2002 3346 2056 confodis?
3372 2003 3523 2056 Mane
3553 2005 3802 2071 passione

2211 2107 2433 2158 vacuus,
2463 2108 2620 2148 mane
2648 2092 3012 2149 invulneratus
3041 2113 3054 2149 :
3084 2112 3172 2160 ne,
3201 2096 3325 2149 dum
3353 2097 3433 2149 vis
3463 2097 3697 2151 alterum
3734 2102 3801 2151 fe-

2210 2186 2337 2251 rire,
2369 2187 2597 2256 teipsum
2625 2187 2780 2242 malis
2805 2188 3065 2243 involvas.
3110 2188 3224 2242 Non
3256 2189 3453 2244 sufficit
3483 2191 3639 2244 nobis
3665 2191 3804 2244 alios

2207 2277 2371 2330 animi
2389 2278 2665 2340 tumultus,
2691 2279 2902 2335 nemine
2928 2279 3230 2334 concitante
3253 2290 3448 2345 motus,
3475 2290 3531 2334 ut
3551 2282 3804 2335 absurdae

2209 2371 2679 2439 concupiscentim,
2709 2385 2994 2438 mmrores,
3027 2373 3257 2428 tristitia:
3285 2385 3339 2429 et
3368 2374 3586 2441 similia,
3617 2387 3678 2429 ut
3706 2377 3804 2430 alia

2210 2464 2366 2518 nobis
2401 2465 2842 2520 accumulemus?

2285 2556 2612 2612 Contumelia:
2637 2560 2888 2629 quomodo
2918 2558 3156 2628 ferenda’.
3186 2591 3256 2600 —
3283 2559 3350 2614 Et
3378 2562 3652 2632 quomodo
3688 2579 3808 2632 pos-

2211 2651 2366 2705 sibile
2407 2662 2529 2718 est,
2581 2652 2824 2722 inquies,
2866 2652 3219 2706 contumelias
3251 2653 3431 2709 ferre?
3479 2655 3807 2721 Quomodo,

2211 2757 2394 2811 (11111130
2414 2782 2429 2809 ,
2464 2743 2791 2811 impossibile
2817 2745 2936 2798 est?
2967 2744 3157 2799 vulnus
3186 2744 3341 2800 nobis
3364 2761 3394 2801 a
3423 2747 3604 2802 verbis
3633 2750 3809 2801 nasci-

2215 2835 2343 2888 tur?
2371 2835 2648 2890 cieatriccs
2678 2835 2729 2889 in
2761 2836 3072 2906 corporibus
3100 2845 3224 2892 sunt
3243 2839 3266 2890 ?
3285 2839 3439 2909 quale
3466 2840 3630 2908 igitur
3657 2840 3809 2894 nobis

2213 2926 2467 2980 damnum
2497 2927 2735 2982 accidit?
2763 2927 2946 2999 Itaque
2975 2931 3018 2983 si
3049 2929 3291 2996 velimus,
3324 2933 3464 2986 ferre
3493 2947 3809 3001 possumus.

2215 3017 2483 3073 Ponamus
2522 3019 2678 3073 nobis
2723 3019 2894 3090 legem
2944 3037 3012 3075 ne
3059 3021 3374 3087 doleamus,
3418 3033 3473 3078 et
3508 3026 3812 3079 sustinebi-

2214 3126 2334 3164 mus
2360 3129 2373 3166 :
2409 3111 2565 3166 nobis
2596 3111 2727 3182 ipsis
2753 3113 2994 3169 dicamus
3019 3131 3032 3166 :
3055 3114 3170 3169 Non
3197 3125 3278 3170 est
3307 3116 3623 3185 inimicitia},
3656 3121 3811 3173 infir-

2214 3203 2415 3257 mitatis
2457 3213 2580 3259 est:
2625 3220 2753 3260 vere
2792 3206 2936 3261 enim
2978 3206 3303 3263 infirmitatis
3334 3219 3434 3263 est.
3481 3208 3619 3263 Nam
3670 3211 3814 3281 quod

2217 3314 2322 3352 non
2351 3296 2420 3353 Sit
2445 3313 2511 3353 ex
2542 3299 2818 3353 inimicitia
2849 3299 2935 3356 vel
2966 3300 3312 3370 malignitate,
3345 3303 3705 3357 voluitetiam
3731 3305 3815 3358 ille

2214 3407 2274 3446 se
2311 3391 2599 3456 cohibere,
2645 3394 2890 3462 quamvis
2931 3394 2983 3447 in
3030 3394 3208 3449 multis
3249 3395 3317 3449 sit
3368 3395 3550 3451 laesus.
3607 3399 3665 3453 Si
3717 3397 3814 3453 hoc

2213 3485 2616 3540 consideremus
2644 3487 2820 3540 solum
2844 3527 2860 3552 ,
2892 3485 3032 3556 quod
3061 3501 3126 3542 ex
3164 3487 3472 3544 infirmitate
3500 3491 3577 3544 sit
3601 3533 3616 3555 ,
3670 3491 3814 3548 fere-

2215 3591 2334 3632 mus
2361 3618 2376 3642 ,
2410 3585 2464 3632 et
2507 3578 2846 3648 ignoscemus
2885 3578 3102 3648 quidem
3134 3579 3246 3644 illi,
3279 3581 3713 3652 conabimurque
3751 3600 3814 3638 ne

2215 3679 2268 3723 ct
2297 3669 2397 3739 ipsi
2443 3669 2715 3725 cadamus.
2755 3669 2886 3724 Nam
2917 3685 3107 3726 omnes
3129 3711 3146 3737 ,
3187 3671 3275 3741 qui
3308 3685 3606 3742 praesentes
3645 3686 3811 3741 sunt,

2216 3761 2560 3829 interrogabo
2590 3779 2603 3815 :
2644 3776 2773 3816 num
2806 3762 2876 3816 ita
2905 3761 3266 3832 philosophari
3295 3767 3520 3834 potestis
3542 3807 3557 3828 ,
3592 3778 3652 3820 ut
3683 3785 3811 3822 eon-

2218 3854 2468 3909 tumelias
2499 3852 2722 3908 feratis?
2767 3853 2964 3925 Utique
3001 3865 3148 3926 puto.
3194 3855 3333 3925 Ergo
3381 3857 3469 3911 ille
3516 3857 3723 3914 invitus
3763 3871 3811 3914 te

2215 3945 2539 4000 contumelia
2569 3944 2783 4009 affecit,
2818 3960 2926 4000 non
2955 3946 3138 4002 volens
3161 3987 3177 4013 ,
3207 3947 3300 4002 sed
3341 3948 3409 4002 ab
3447 3949 3651 4005 affectu
3692 3966 3807 4006 co:-

2216 4047 2333 4092 ctus
2363 4055 2375 4091 :
2414 4045 2467 4092 te
2496 4037 2732 4092 contine.
2775 4035 2892 4092 Non
2925 4037 3075 4093 vides
3104 4037 3508 4094 dmmoniacos?
3540 4041 3696 4096 Sicut
3722 4044 3800 4096 ille

2217 4146 2323 4186 non
2363 4141 2468 4185 tam
2497 4147 2563 4187 ex
2594 4131 2867 4186 inimicitia
2888 4172 2904 4198 ,
2932 4146 3089 4202 quam
3117 4147 3181 4186 ex
3212 4132 3528 4188 infirmitate
3573 4135 3674 4191 hoc
3693 4151 3795 4190 sus-

2219 4223 2350 4278 tinet
2385 4240 2398 4278 :
2427 4222 2506 4278 sic
2529 4231 2586 4277 et
2624 4237 2724 4278 nos
2765 4237 2871 4277 non
2921 4231 3026 4278 tam
3057 4237 3087 4278 a
3122 4225 3579 4281 contumeliarum
3627 4239 3801 4281 natura

2216 4329 2529 4380 movemur,
2561 4330 2722 4384 quam
2747 4329 2778 4370 a
2809 4314 2965 4370 nobis
2991 4315 3139 4386 ipsis.
3169 4315 3694 4388 Etenim-quomodo
3735 4321 3805 4373 in-

2216 4408 2486 4462 sanientes
2516 4407 2733 4462 easdem
2777 4408 3130 4464 contumelias
3155 4409 3442 4464 inferentes
3471 4412 3810 4466 toleramus?

2215 4500 2422 4555 Rursus
2451 4500 2495 4554 si
2522 4500 2680 4556 amici
2705 4509 2831 4556 sunt
2859 4501 2915 4566 ii,
2943 4501 3034 4572 qui
3063 4502 3412 4557 contumelias
3439 4501 3703 4571 inferunt,
3730 4508 3814 4559 vel

2215 4595 2258 4649 si
2286 4593 2517 4664 majores
2540 4635 2554 4659 ,
2599 4593 2857 4649 ferimus:
2890 4594 3160 4664 quomodo
3188 4611 3316 4665 ergo
3361 4610 3467 4650 non
3510 4598 3814 4654 absurdum

2214 4684 2408 4750 fuerit,
2440 4700 2560 4741 cum
2592 4695 2701 4741 tres
2730 4686 2837 4740 sint
2858 4727 2876 4753 ,
2905 4702 3097 4756 nempe
3121 4686 3314 4754 amici,
3347 4687 3522 4743 insani
3552 4699 3607 4743 et
3636 4691 3814 4759 majo—

2214 4793 2323 4844 res,
2353 4777 2495 4834 ferre
2520 4779 2674 4844 illos;
2707 4794 2860 4849 pares
2885 4789 3064 4834 autem
3093 4780 3174 4835 vel
3205 4781 3442 4836 minores
3472 4798 3587 4838 non
3623 4784 3819 4840 ferre?

2214 4872 2369 4942 Stepe
2399 4871 2514 4927 dixi
2542 4891 2555 4926 :
2597 4871 2860 4930 Momeota
2891 4887 2966 4927 .ea
2994 4887 3080 4927 res
3109 4881 3192 4927 est
3218 4883 3273 4928 et
3311 4874 3484 4928 subita
3512 4876 3770 4946 abreptio
3799 4893 3814 4930 :

2214 4979 2402 5036 parum
2429 4965 2738 5030 toleremus,
2766 4974 2821 5020 et
2840 4974 3008 5018 totum
3033 4965 3373 5040 perfecimus.
3403 4965 3622 5032 Quanto
3641 4972 3818 5040 magis

2212 5056 2588 5111 contumeliam
2613 5055 2792 5121 infert,
2813 5065 2959 5111 tanto
2976 5055 3236 5110 inﬁrmior
3250 5055 3580 5113 cst.Nostin‘
3594 5060 3821 5130 quando

2212 5162 2458 5222 oporteat
2483 5151 2710 5206 dolere?
2737 5151 2960 5218 Quando
2986 5152 3137 5208 nobis
3158 5155 3540 5210 contumeliam
3574 5159 3823 5214 inferen-

2213 5243 2355 5303 tibus
2384 5247 2470 5301 ille
2501 5247 2729 5313 tacebit;
2777 5253 2902 5300 tunc
2931 5246 3071 5300 enim
3102 5247 3190 5301 ille
3220 5247 3435 5317 quidem
3465 5247 3622 5304 fortis
3652 5294 3669 5316 ,
3721 5269 3830 5306 nos

2213 5349 2389 5394 autem
2419 5339 2615 5393 infirmi
2643 5354 2828 5393 sumus
2854 5356 2868 5393 :
2912 5339 2955 5393 si
2984 5355 3112 5394 vero
3138 5341 3468 5395 contrarium
3497 5343 3784 5399 efficiatur
3807 5389 3824 5410 ,

2213 5431 2371 5485 etiam
2415 5429 2649 5500 gaudere
2687 5439 2937 5499 oportet:
2981 5441 3266 5494 coronatus
3302 5447 3394 5497 es,
3444 5436 3828 5503 proclamatus

2213 5538 2309 5586 es;
2364 5538 2469 5597 non
2508 5523 2560 5576 in
2609 5539 2834 5592 agonem
2878 5509 3069 5578 ductus
3095 5565 3110 5590 ,
3145 5540 3250 5578 non
3278 5526 3409 5581 solis
3482 5528 3779 5584 radiorum
3810 5574 3826 5594 ,

2214 5615 2445 5683 pulveris
2471 5614 2715 5668 molestia
2744 5613 2989 5679 affectus,
3022 5631 3130 5670 non
3155 5619 3419 5673 consertis
3446 5621 3714 5675 manibus
3739 5623 3827 5676 vel

2212 5707 2360 5762 ansis
2409 5707 2588 5773 datis;
2635 5708 2730 5764 sed
2773 5710 3050 5764 voluntate
3096 5718 3299 5765 tantum
3326 5752 3340 5777 ,
3373 5721 3430 5766 et
3477 5713 3694 5768 sedens
3739 5716 3831 5772 vel

2213 5810 2397 5868 sums,
2441 5815 2685 5871 magnam
2728 5800 2979 5871 accepisti
3010 5816 3301 5870 coronam;
3347 5820 3446 5861 nec
3476 5806 3650 5862 modo
3699 5826 3830 5864 rm—
