4098 6354
216 241 326 294 317

212 355 440 409 Παῦλον
464 369 512 411 ιι.
563 360 707 427 Παρ⁹
739 361 834 424 οὗ,
891 363 1043 433 φησὶ,
1096 363 1352 422 δύνασαι
1383 369 1709 438 ἀνακρίνας
1757 370 1892 437 ,περὶ

208 441 467 496 πάντων
516 447 741 500 τούτων
767 449 1107 518 ἐπιγνῶναι.
1148 448 1280 505 Είτα
1309 455 1402 508 καὶ
1457 456 1731 526 μάρτυρες
1775 454 1885 508 τῶν

207 529 558 600 εἰρημένων·
600 535 1009 590 Συνεπέθεντο
1037 537 1106 590 δὲ
1126 539 1223 592 καὶ
1248 543 1301 593 οι
1327 540 1589 596 Ἰουδαῖοι
1617 535 1886 612 φάσκον-

207 634 316 682 τες
349 618 538 673 ταῦτα
568 621 756 688 οὕτως
783 623 964 693 ἔχειν.
997 624 1063 680 Οἱ
1090 627 1404 699 κατήγοροι,
1438 630 1590 682 αὑτοὶ
1625 631 1716 684 καὶ
1748 630 1885 701 μάρ⁸

203 721 380 771 τυρες
422 708 516 760 καὶ
570 711 882 781 κατήγοροι.
944 713 1084 766 Ἀλλ’
1130 715 1158 767 6
1217 715 1446 779 Παῦλος,
1483 717 1584 770 Ἐκ
1641 717 1888 771 πολλῶν

200 790 367 843 ἐτῶν
399 792 545 846 ὄντα
569 810 642 849 σε
667 796 880 865 κριτὴν
904 798 1304 870 ἐπιστάμενος
1327 801 1578 868 δίκαιον,
1597 804 1887 874 ἀποκρίνε-

199 893 324 931 ται.
369 880 487 932 Οὑκ
516 882 623 950 ἄρα
651 883 802 949 ξένος
823 885 906 948 τίς
935 886 1102 952 ἐστιν,
1133 889 1253 942 οὑδέ
1280 889 1575 960 ἀλλότριος,
1607 891 1729 944 οὑδέ
1757 909 1887 944 νεω-

199 969 522 1036 τεροποιὸς,
557 970 610 1021 εί
637 987 700 1038 γε
731 973 794 1024 ἐκ
820 973 1030 1028 πολλῶν
1052 976 1187 1030 ἐτῶν
1215 973 1322 1031 οἶδε
1347 977 1437 1033 τὸν
1467 980 1744 1050 δικαστήν.
1777 982 1885 1034 Καὶ

199 1053 398 1116 καλῶς
426 1056 673 1124 ἐπήγαγε
705 1058 785 1122 τὸ,
813 1061 1070 1126 Δίκαιον,
1102 1063 1187 1116 ἵνα
1214 1065 1288 1134 μὴ
1329 1065 1463 1136 πρὸς
1499 1067 1589 1120 τὸν
1624 1068 1886 1138 ἀρχιερέα

199 1141 322 1211 ῐδῃ.
359 1143 500 1212 μηδὲ
538 1144 674 1214 πρὸς
706 1146 796 1200 τὸν
830 1147 1022 1218 δῆμον,
1065 1151 1200 1222 μηδὲ
1259 1153 1396 1223 πρὸς
1427 1154 1516 1208 τὸν
1558 1157 1882 1226 κατήγορον.

205 1228 382 1297 Ὅρα,
415 1228 535 1292 πῶς
557 1231 618 1283 οὑ
654 1233 902 1305 προήχθη
952 1238 1030 1298 είς
1058 1235 1214 1308 ὓϐριν
1234 1253 1249 1268 ·
1289 1240 1467 1292 καίτοι
1499 1256 1562 1308 γε
1594 1243 1686 1294 καὶ
1716 1242 1885 1309 ἀνάγ-

201 1331 312 1384 κης
346 1315 538 1387 οὔσης.
601 1323 922 1387 Ιιιστεύων,
965 1325 1121 1394 φησὶ,
1160 1325 1312 1380 πᾶσι
1339 1329 1462 1393 τοῖς
1495 1331 1646 1383 κατὰ
1673 1331 1878 1399 νόμον.

198 1403 387 1457 Τοῦτο
445 1405 590 1470 εἶπε,
620 1407 852 1473 δεικνὺς,
905 1412 986 1464 ὅτι
1019 1413 1118 1467 οὑκ
1152 1413 1217 1468 ἂν
1251 1415 1555 1487 ἄνθρωπος,
1613 1420 1882 1472 πιστεύων

196 1493 514 1576 ἀνάστασιν
554 1495 791 1563 ἔσεσθαι,
830 1500 1050 1554 τοιαῦτα
1082 1502 1304 1572 πράξειέ
1339 1521 1487 1571 ποτε,
1507 1506 1574 1576 ἢν
1607 1507 1701 1560 καὶ
1729 1509 1882 1560 αὑτοὶ

196 1571 356 1631 οὗτοι
381 1580 714 1650 ἐκδέχονται.
756 1585 869 1638 υὺκ
899 1583 1020 1639 εἷπε
1048 1591 1174 1659 περὶ
1197 1587 1422 1655 τούτων,
1451 1591 1533 1642 ὅτι
1568 1592 1880 1646 πιστεύουσι

199 1669 316 1729 τοῖς
355 1669 420 1719 ἐν
451 1673 561 1732 τοῖς
609 1673 910 1743 προφήταις
943 1676 1348 1747 γεγραμμένοις
1404 1678 1542 1748 (οὑδέ
1599 1681 1706 1749 γάρ
1757 1682 1879 1733 ἐπί-

199 1761 447 1824 στευον)’
495 1757 608 1810 ἀλλ’
640 1755 791 1822 οὗτος
826 1763 988 1815 πᾶσιν
1025 1765 1329 1829 ἐπίστευεν,
1368 1767 1469 1819 οὑκ
1501 1768 1728 1820 ἐκεῖνοιο
1765 1769 1880 1832 πῶς

195 1841 281 1902 δὲ,
315 1844 540 1914 μακροῦ
571 1846 638 1898 ἂν
682 1848 766 1916 εἴη
805 1848 963 1918 λόγου
992 1850 1156 1903 τανῦν
1206 1851 1402 1920 λέγειν.
1451 1854 1699 1908 Τοσαῦτα
1737 1852 1877 1922 εἷπε,

193 1930 300 1982 καὶ
331 1931 579 2002 οὐδαμοῦ
612 1933 702 1986 τοῦ
764 1936 1001 2006 Χριστοῦ
1055 1937 1346 2009 μέμνηται.
1383 1940 1646 1995 Ἐνταῦθα
1674 1943 1750 2007 δὲ,
1780 1947 1880 1996 Πι-

199 2017 467 2083 στεύων,
507 2019 697 2086 εἰπὼν,
729 2022 823 2074 καὶ
882 2022 949 2076 τὰ
981 2024 1124 2077 κατά
1169 2025 1258 2078 τὸν
1304 2027 1536 2098 Χριστὸν
1563 2030 1874 2098 εἰσήγαγεν,

206 2103 347 2156 ἀλλά
384 2106 526 2168 τέως
553 2105 631 2177 τῷ
660 2109 756 2178 τῆς
785 2109 1134 2175 ἀναστάσεως
1159 2113 1477 2184 ἐνδιατρίϐει
1525 2115 1687 2186 λόγῳ,
1717 2116 1745 2168 ὃ
1773 2134 1878 2169 κοι-

211 2188 390 2262 νονῆν
424 2195 614 2257 αὑτοῖς
642 2195 835 2266 δόγμα,
886 2199 980 2250 καὶ
1005 2199 1184 2270 πάσης
1219 2201 1460 2265 στάσεως
1511 2203 1746 2272 ὑποψίαν
1779 2207 1874 2257 ἀν-

215 2277 356 2348 ῄρει.
398 2276 528 2333 Εἶτα
559 2282 652 2335 καὶ
684 2284 717 2352 ἡ
740 2285 890 2337 αἰτία
916 2285 1014 2355 τῆς
1044 2286 1254 2340 ἀνόδου.
1286 2289 1748 2360 Ἐλεημοσὺνας,
1782 2310 1877 2363 φη-

208 2366 284 2430 σι,
321 2368 419 2421 καί
447 2370 799 2438 προσφορὰς
830 2372 1102 2438 ποιήσων
1125 2377 1212 2441 εἰς
1242 2375 1310 2429 τὸ
1343 2377 1516 2443 ἔθνος
1561 2397 1701 2447 μου,
1731 2396 1876 2447 παρ-

198 2457 526 2524 εγενόμην,
577 2460 672 2510 καὶ
704 2459 858 2513 τοῦτο
899 2460 972 2514 δι’
996 2460 1147 2514 ἐτῶν
1179 2465 1492 2519 πλειόνων.
1533 2465 1659 2530 Πῶς
1687 2467 1753 2520 ἂν
1781 2465 1874 2520 οὖν

195 2544 495 2612 ἐτάραξεν,
523 2541 604 2608 οἷς
627 2545 768 2599 ῶστε
792 2549 1159 2619 ἐλεημοσύνην
1183 2551 1404 2621 ποιῆσαι
1427 2553 1692 2624 τοσαύτην
1712 2551 1874 2626 ἦλθεν

193 2631 358 2692 ὸδόν;
398 2634 485 2684 Οὐ
533 2632 684 2701 μετὰ
732 2634 943 2702 ὄχλου,
991 2638 1178 2706 φησὶν,
1215 2638 1355 2691 οὐδὲ
1399 2641 1549 2707 μετὰ
1597 2643 1869 2710 θορύϐου.

195 2719 495 2788 Πανταχοῦ
548 2722 648 2790 τὴν
681 2723 868 2775 στάσιν
907 2723 1138 2794 ἀναιρεῖ.
1173 2726 1367 2790 Καλῶς
1395 2728 1452 2780 δέ
1509 2729 1605 2782 καὶ
1633 2747 1876 2800 προσκαο

191 2808 376 2862 λείται
405 2811 535 2871 τοῦς
577 2813 912 2882 κατηγόρους
948 2815 1074 2874 τοὺς
1102 2814 1209 2866 ἀπὸ
1243 2815 1344 2884 τῆς
1379 2815 1559 2880 Ἀσίας
1587 2817 1637 2883 Ι),
1664 2818 1835 2887 λέγων
1857 2835 1869 2849 ·

197 2899 323 2963 Οὓς
368 2898 465 2951 δεῖ
488 2899 586 2951 ἐπὶ
616 2900 732 2953 σοῦ
778 2901 1148 2970 κατηγορεῖν,
1178 2902 1234 2956 εἶ
1266 2921 1318 2956 τι
1360 2905 1558 2973 ἔχοιεν
1601 2908 1749 2974 πρός
1771 2925 1868 2976 με.

190 2985 393 3048 υῦτως
455 2986 679 3056 ἐθάρρει
737 2988 976 3058 καθαρὸς
1029 2987 1169 3042 εἶναι
1213 2991 1350 3062 πρὸς
1399 2991 1435 3045 ἂ
1494 2998 1870 3066 κατηγορεῖτο,

188 3075 280 3126 ὅτι
315 3075 414 3125 καὶ
473 3075 857 3144 προσκαλεῖται
904 3077 1120 3140 αὑτούς.
1153 3079 1227 3131 Οὑ
1265 3080 1388 3142 τοὺς
1416 3079 1524 3133 ἀπὸ
1565 3081 1664 3150 τῆς
1692 3083 1872 3146 Ἀσίας

188 3162 254 3214 δὲ
307 3162 494 3230 μόνον,
526 3162 662 3215 ἀλλά
704 3163 797 3215 καὶ
837 3163 962 3227 τοὺς
991 3164 1050 3228 ἐξ
1088 3165 1438 3236 Ἰερουσαλὴμ
1487 3168 1585 3219 οὑκ
1623 3169 1871 3222 ἐκϐάλλει

191 3249 566 3320 κατηγόρους,
623 3249 759 3302 ἀλλά
821 3251 914 3302 καὶ
959 3251 1176 3314 τούτους
1237 3253 1622 3323 προσκαλεῖται
1684 3257 1869 3321 πάλιν,

189 3338 461 3404 ἐπάγων-
521 3337 590 3392 Ἣ
613 3338 784 3391 αὐτοὶ
835 3333 1001 3393 οὗτοι
1050 3340 1409 3396 εἰπάτωσαν.
1475 3341 1578 3395 Καὶ
1614 3343 1720 3416 γὰρ
1783 3346 1870 3399 διά

189 3425 359 3478 τοῦτο
413 3425 473 3488 ἐξ
527 3426 701 3494 ἀρχῆς
753 3425 1112 3490 διεπονοῦντο,
1159 3429 1239 3480 ὅτι
1273 3429 1370 3498 τὴν
1399 3429 1692 3484 ἀνάστασιν
1741 3435 1872 3504 ἐκή-

191 3532 386 3584 ρυττε.
418 3515 524 3566 Καὶ
551 3514 730 3576 καλῶς
752 3514 923 3578 οὕτως
947 3516 1154 3568 ἐποίει·
1186 3517 1375 3569 τούτου
1404 3519 1511 3588 γάρ
1547 3520 1866 3589 δειχθέντος,

189 3603 438 3664 εὐκόλως
467 3602 558 3655 καὶ
589 3601 657 3654 τὰ
677 3601 768 3653 τοῦ
792 3603 1028 3671 Χριστοῦ
1062 3604 1404 3674 ἐπεισήγετο,
1437 3606 1520 3658 ὅτι
1548 3607 1770 3676 ἀνέστη.
1812 3608 1871 3660 Τί

188 3687 402 3756 εὗρον,
442 3692 627 3760 φησὶν,
657 3690 725 3741 ἐν
753 3690 882 3758 ἐμοὶ
902 3691 1182 3759 ἀδίκημα,
1208 3693 1470 3756 στάντος
1495 3712 1614 3763 μου
1639 3695 1738 3747 ἐπὶ
1763 3695 1869 3749 τοῦ

191 3776 561 3842 συνεδρίου;
598 3776 695 3829 Ἐν
739 3777 817 3842 τῷ
861 3779 1158 3846 συνεδρίῳ
1194 3775 1352 3832 εἴπεο
1400 3780 1634 3844 δεικνὺς,
1677 3782 1870 3835 ὄτιοὺ-

190 3868 285 3918 ὁὲν
315 3859 478 3934 εὗρον
493 3865 611 3933 οὑχὶ
639 3864 756 3916 κατ’
783 3864 916 3917 ίδίαν
945 3867 1043 3935 τῆς
1069 3865 1367 3930 ἐξετάσεως
1390 3868 1710 3939 γενομένης,
1733 3869 1868 3922 ἀλλά

193 3957 474 4026 παρόντος
523 3952 618 4004 τοῦ
656 3952 892 4023 πλήθους
926 3955 1019 4008 καὶ
1060 3955 1304 4024 ἀκριϐῶς
1331 3956 1734 4026 ἀνακρίνοντος.

269 4041 428 4113 [57ῖὶ]
457 4047 525 4109 γ’.
553 4042 758 4094 ’Ότιδέ
797 4041 970 4094 ταῦτα
1011 4041 1183 4112 ἀληθῆ
1224 4041 1366 4109 λέγω
1386 4082 1398 4104 ,
1429 4043 1792 4115 μαρτυροῦσιν
1818 4046 1868 4097 οί

193 4149 266 4184 πε
275 4133 330 4202 ρὶ
348 4129 538 4182 τούτου
561 4129 938 4197 ἐγκαλοῦντες.
955 4129 1052 4182 Διά
1066 4128 1224 4182 τοῦτο
1245 4131 1338 4182 κα)⁹
1355 4130 1554 4198 ἐλεγενν
1573 4131 1668 4184 Ἐν
1683 4132 1874 4197 τούτῳ

189 4219 264 4274 δὲ
285 4220 476 4284 αὐτὸς
504 4213 694 4279 ἀσκῶ,
715 4218 1108 4285 ἀπρόσκοπον
1143 4217 1505 4286 συνείδησιν
1531 4217 1691 4288 ἔχων
1721 4221 1868 4288 πρός

192 4326 258 4362 τε
282 4309 398 4362 τὸν
427 4307 577 4360 Θεὸν
606 4305 700 4360 καί
729 4305 870 4372 τοὺς
900 4304 1267 4374 ἀνθρώπους.
1309 4304 1376 4357 Ἡ
1397 4304 1578 4356 τελεία
1599 4303 1707 4375 γὰρ
1727 4304 1867 4374 αῦτη

192 4396 396 4467 ἀρετή,
424 4395 554 4447 ὅταν
593 4393 730 4464 μηδέ
774 4391 1082 4463 ἀνθρώποις
1123 4391 1354 4460 διδῶμεν
1381 4389 1572 4456 λαϐὰς,
1599 4389 1692 4443 καὶ
1721 4393 1869 4460 παρὰ

189 4484 317 4553 Θεῷ
357 4480 748 4550 σπουδάζωμεν
781 4479 918 4533 εἶναι
977 4479 1333 4548 ἀπρόσκοποι.
1391 4473 1498 4543 Ἦς
1551 4477 1865 4544 ἐκέκραξα,

192 4574 386 4644 φησὶν,
418 4571 491 4624 ἐν
523 4569 602 4634 τῷ
634 4567 952 4636 συνεδρίῳ.
1003 4567 1104 4620 Καὶ
1134 4567 1233 4636 τὴν
1273 4565 1390 4634 βίαν
1420 4565 1598 4619 αὐτῶν
1629 4565 1784 4636 δηλοῖ
1806 4567 1868 4618 ἐκ

190 4660 287 4714 τοῦ
316 4660 518 4721 εἰπεῖν,
536 4656 880 4724 Ἐκέκραξα,
921 4655 1118 4708 ὡσανεὶ
1147 4653 1330 4721 έλεγεν
1350 4671 1361 4682 ”
1400 4655 1513 4706 Οὑκ
1556 4652 1767 4723 ἔχουσιν
1792 4655 1868 4705 εί-

193 4751 346 4811 πεῖν,
370 4749 458 4800 ὅτι
486 4747 842 4816 Προσχήματι
885 4741 1253 4812 ἐλεημοσύνης
1275 4741 1453 4794 ταῦτα
1502 4741 1707 4803 ἐποίεις
1729 4755 1741 4769 ’
1805 4741 1865 4792 οὑ

193 4838 306 4904 γὰρ
342 4833 484 4905 μετά
513 4833 669 4902 δχλου
695 4833 814 4884 οὑδέ
850 4831 986 4900 μετὰ.
1017 4827 1246 4898 θορύϐου
1277 4826 1432 4880 τοῦτο
1455 4827 1670 4880 ἐποίουν
1698 4839 1743 4864 ε’
1778 4826 1868 4878 ἄλ-

192 4925 302 4986 λως
351 4939 433 4983 τε,
472 4921 565 4973 καὶ
607 4919 902 4984 ἐξετάσεως
949 4915 1244 4984 γενομένης
1287 4915 1416 4984 περὶ
1457 4914 1668 4977 τούτου,
1716 4914 1868 4966 οὐδὲν

194 5011 362 5062 πλέον
421 5007 725 5076 εὑρίσκετο.
777 5001 931 5066 Εἶδες
983 5004 1303 5063 ἐπιείκειαν,
1356 5001 1613 5053 κινδύνων
1667 5001 1865 5064 δντων;

195 5094 339 5159 εἶδες
368 5095 618 5164 εῦφημον
645 5093 911 5161 γλῶτταν,
938 5092 1030 5144 καὶ
1057 5091 1170 5154 πῶς
1205 5089 1261 5142 ἓν
1296 5088 1449 5158 ζητεῖ
1477 5088 1634 5158 μόνον
1668 5088 1869 5141 ἀπολύ-

197 5185 399 5238 σασθαι
428 5185 494 5235 τά
517 5180 732 5244 ἐαυτοῦ,
757 5180 877 5249 οὐχὶ
899 5179 1178 5240 κάκείνους
1201 5177 1506 5247 ἐγκλήμασι
1533 5175 1862 5248 περιϐαλεῖν,

197 5272 339 5340 πλὴν
371 5270 428 5323 εἴ
455 5287 557 5322 που
588 5267 968 5334 ἀναγκάζοιτο,
998 5264 1463 5334 ἀπολογούμενος;
1500 5263 1686 5334 ῶσπερ
1719 5264 1811 5316 καὶ
1839 5265 1867 5315 6

201 5359 434 5429 Χριστὸς
457 5357 658 5424 ἔλεγεν·
696 5355 836 5425 Ἐγὼ
866 5354 1174 5418 δαιμόνιον
1212 5354 1323 5407 οὑκ
1369 5351 1508 5421 ἔχω,
1537 5352 1696 5406 ἀλλὰ
1725 5351 1868 5420 τιμῶ

197 5446 307 5498 τὸν
334 5443 566 5512 Πατέρα
612 5460 725 5510 μου
745 5459 762 5473 ⁸
795 5442 964 5512 ὑμεῖς
993 5441 1059 5494 δὲ
1089 5437 1391 5509 ἀτιμάζετέ
1419 5457 1508 5507 με.
1551 5438 1750 5494 Τοῦτον
1779 5457 1867 5506 μι-

200 5532 436 5603 μώμεθα
464 5531 556 5584 καὶ
584 5533 762 5601 ἡμεῖς,
808 5529 995 5601 ἐπειδὴ
1031 5529 1124 5582 καὶ
1155 5529 1314 5592 αὑτὸς
1352 5527 1586 5600 Χριστοῦ
1625 5527 1866 5599 μιμητὴς

265 5744 290 5772 ⁸
321 5743 458 5793 [nus
486 5745 595 5792 rod.
622 5747 884 5806 κατήγορον
907 5747 1016 5791 ὄντα
1045 5743 1252 5792 Παῦλον.
1320 5743 1348 5786 1›
1373 5745 1566 5805 Μοίρι,
1591 5752 1670 5802 τῆς
1697 5744 1874 5803 αἰτίας,

204 5807 349 5856 male.
423 5811 442 5839 ε
471 5807 626 5857 Τοῦτο
654 5808 839 5855 ἐποίουν
867 5806 1009 5856 deest
1045 5821 1090 5855 lu
1116 5819 1233 5860 uno.

1290 252 1358 309 |N
1396 253 1578 310 ACTA
1619 249 2166 310 APOSTOLORUM.
2211 247 2440 303 llOMlL.
2478 248 2540 301 L.

3551 252 3656 307 558

1999 364 2090 436 ἦν.
2139 367 2200 418 Εἰ
2239 366 2352 426 τοῖς
2383 365 2543 432 μέχρι
2575 361 2734 430 φόνου
2764 360 2858 414 καὶ
2894 363 3110 430 σφαγῆς
3161 363 3468 434 χωρήσασιν
3505 367 3655 418 οὐδὲν

1997 451 2149 506 εἶπεν
2183 455 2388 514 ἐκεῖνος
2434 449 2690 519 ἐπαχθὲς,
2735 449 2878 512 τίνος
2908 447 2972 502 ἂν
3003 450 3192 520 εἴημεν
3226 452 3385 520 ἡμεῖς
3416 453 3657 520 συγγνώ-

1999 556 2105 610 μης
2135 538 2294 603 ἄξιοι,
2321 540 2378 590 ἐν
2400 537 2638 607 λοιδορίᾳ
2669 537 2762 589 καὶ
2796 535 3016 606 ὕϐρεσιν
3038 536 3467 609 ἐκθηριούμενοι,
3526 557 3654 608 μια-

1997 625 2124 695 ροὺς
2157 625 2251 678 καὶ
2280 624 2632 694 παμμιάρους
2679 622 3077 687 ἀποκαλοῦντες
3105 626 3232 688 τοὺς
3267 625 3492 697 ἐχθροὺς
3527 628 3656 690 τοὺς

1995 711 2328 782 ἡμετέρους;
2388 710 2508 763 τίνα
2571 710 2628 763 δέ
2677 710 2974 778 ἀπολογίαν
3012 710 3207 780 ἕξομεν
3247 711 3473 783 ἐχθροὺς
3517 714 3655 776 ὅλως

1995 799 2239 869 ἔχοντεςς
2265 798 2378 851 υὺκ
2405 797 2642 863 ἀκούεις,
2671 798 2752 851 ὅτι
2778 799 2807 850 6
2833 797 3027 868 τιμῶν,
3057 798 3249 852 ἐαυτὸν
3268 801 3436 870 τιμᾷ;
3464 800 3668 870 Ἡμεῖς·

1992 885 2310 948 δὲ’ἐαυτοὺς
2345 884 2654 956 ὑϐρίζομεν.
2701 885 2997 953 Ἑγκαλεῖς,
3029 886 3110 940 ὅτι
3154 885 3446 957 ὑϐρίσθηςο
3479 887 3533 940 τί
3561 883 3655 942 οὖν

1994 973 2341 1044 περιπίπτεις
2390 971 2468 1042 τῷ
2489 971 2826 1042 ἐγκλήματι;
2873 973 2924 1025 τί
2966 973 3158 1026 σαυτὸν
3185 973 3366 1046 πληγῇ
3400 974 3659 1045 περιϐάλ-

1993 1061 2139 1127 λεις;
2184 1063 2377 1115 Μεῖνον
2409 1061 2646 1130 ἀπαθὴς,
2671 1063 2848 1130 μεῖνον
2877 1063 3148 1134 ἄτρωτος’
3203 1065 3300 1136 μὴ,
3336 1065 3665 1135 βουλόμενος,

1993 1150 2176 1218 ἕτερον
2196 1148 2415 1218 πλῆξαι,
2448 1148 2639 1201 σαυτὸν
2665 1148 2959 1218 περιϐάλῃς
2981 1149 3056 1219 τῷ
3087 1150 3259 1220 κακῷ.
3288 1152 3361 1203 Οὑ
3395 1153 3504 1222 γάρ
3547 1154 3650 1223 ἀρ-

1992 1238 2078 1289 κεῖ
2103 1237 2233 1306 ἡμῖν
2257 1237 2284 1287 6
2318 1236 2499 1306 ἕτερος
2529 1233 2751 1304 θόρυϐος
2776 1235 2874 1304 τῆς
2903 1235 3077 1306 ψυχῆς
3101 1239 3128 1289 ὁ
3173 1239 3398 1307 μηδενὸς
3442 1239 3654 1293 κινοῦν-

1990 1339 2081 1386 τος
2111 1322 2456 1391 κινούμενος·
2489 1317 2617 1384 οἷον,
2652 1322 2705 1374 αἱ
2738 1321 3024 1390 ἐπιθυμίαι
3057 1325 3111 1375 αί
3150 1325 3361 1389 ἄτοποι,
3387 1327 3443 1379 αἱ
3487 1325 3653 1380 λῦπαι

1992 1410 2084 1462 καὶ
2104 1411 2159 1461 αἱ
2187 1409 2413 1478 ἀθυμίαι
2452 1410 2543 1462 καὶ
2575 1409 2673 1461 ὅσα
2725 1409 2946 1462 τοιαῦτα
2967 1425 2980 1439 ·
3020 1409 3154 1463 ἀλλά
3185 1412 3280 1464 καὶ
3315 1413 3505 1484 ἐτέρας
3534 1416 3656 1468 ἐπι-

1995 1495 2324 1566 σωρεύομεν.

2063 1583 2168 1636 Καὶ
2207 1582 2321 1645 πῶς
2343 1581 2562 1635 δυνατὸν
2591 1580 2941 1652 ὑϐριζόμενον
2969 1582 3174 1653 φέρειν,
3212 1583 3344 1654 φησί
3361 1600 3375 1650 ;
3441 1583 3566 1647 Πῶς
3596 1584 3653 1638 δὲ

1989 1670 2050 1723 οὑ
2081 1669 2323 1734 δυνατὸν,
2355 1670 2474 1722 εἰπέ
2508 1687 2630 1739 μοις
2680 1668 2902 1738 τραῦμα
2952 1671 3083 1740 ἡμῖν
3124 1670 3366 1724 τίκτεται
3395 1672 3503 1725 ἀπὸ
3544 1673 3658 1725 τῶν

1991 1757 2284 1829 ῥημάτων;
2324 1756 2591 1826 μώλωπες
2616 1756 2743 1826 περὶ
2788 1757 2858 1808 τά
2885 1755 3148 1826 σώματα;
3198 1757 3326 1812 ποία
3346 1758 3525 1812 τοίνυν
3567 1760 3656 1826 γε-

1989 1863 2135 1899 νεται
2161 1847 2290 1916 ἡμῖν
2317 1845 2521 1916 βλάϐης
2572 1845 2757 1906 Ὥστε,
2777 1843 2843 1897 ἂν
2884 1844 3224 1915 βουλώμεθα,
3258 1846 3534 1915 δυνάμεθα
3566 1848 3654 1898 ἐνο

1987 1937 2170 2001 εγκεῖν
2194 1934 2245 1988 ἀ.
2275 1933 2470 2004 Θῶμεν
2501 1934 2712 1996 ἑαυτοῖς
2742 1931 2905 2002 νόμον
2935 1933 3012 2005 μὴ
3033 1934 3240 2002 ἀλγεῖν,
3275 1935 3368 1987 καὶ
3395 1933 3614 2004 οἴσομεν
3637 1949 3650 1961 ’

1987 2022 2229 2090 εἴπωμεν
2254 2021 2390 2091 πρὸς
2418 2022 2566 2092 ἡμᾶς
2617 2019 2835 2082 αὐτούς’
2875 2021 2988 2072 υὺκ
3039 2020 3182 2074 ἐστιν
3227 2020 3444 2090 ἔχθρας,
3490 2020 3657 2074 ἀσθε-

1986 2109 2133 2172 νείας
2181 2110 2329 2163 ἐστίν
2351 2127 2362 2138 ·
2410 2108 2695 2172 ἀσθενείας
2723 2110 2816 2162 καὶ
2859 2109 2966 2180 γὰρ
3003 2108 3170 2171 ὅντως
3197 2107 3372 2161 ἐστίν·
3421 2109 3543 2160 ἐπεὶ¹
3571 2109 3654 2162 ὅτι

1985 2197 2183 2269 ἔχθρας
2230 2198 2331 2250 οὑκ
2381 2196 2528 2249 ἐστιν
2573 2196 2692 2249 οὐδὲ
2737 2195 3084 2266 κακοηθείας,
3126 2193 3372 2246 ἐϐούλετο
3406 2195 3655 2258 κάκεῖνος

1989 2286 2295 2354 κατασχεῖν,
2319 2284 2366 2335 εί
2399 2283 2491 2335 καὶ
2523 2281 2689 2353 μυρία
2711 2282 3034 2352 ἠδικημένος
3063 2276 3258 2352 ἦν.“¹Αν
3280 2279 3437 2333 τοῦτο
3466 2281 3658 2351 ἐννοή-

1987 2385 2166 2439 σωμεν
2220 2369 2408 2439 μόνον,
2470 2370 2550 2422 ὄτι
2587 2367 2868 2432 ἀσθενείας
2915 2371 3084 2432 ἐστὶν,
3117 2369 3355 2436 οῐσομεν,
3393 2367 3487 2420 καὶ
3521 2383 3653 2432 συγ-

1984 2457 2302 2526 γνωσόμεθα
2333 2457 2432 2526 μὲν
2468 2455 2681 2526 ἐκείνῳ,
2711 2454 3085 2525 πειρασόμεθα
3124 2454 3182 2507 δὲ
3230 2453 3304 2524 μὴ
3334 2457 3654 2525 περιπεσεῖν

1983 2545 2076 2598 καὶ
2114 2543 2286 2598 αὐτοί.
2331 2543 2483 2596 Ἐπεὶ
2515 2541 2702 2614 ἐρωτῶ
2755 2543 2962 2604 πάντας
2994 2543 3118 2604 τοὺς
3167 2541 3440 2611 παρόντας
3465 2558 3476 2569 °
3516 2537 3648 2612 ἆρα,

1981 2630 2048 2684 ἂν
2077 2629 2392 2700 ἐθελήσητε,
2417 2629 2558 2682 οὕτω
2592 2629 2903 2697 φιλοσοφεῖν
2929 2627 3156 2682 δύνασθε
3195 2641 3243 2690 ο,
3278 2630 3418 2682 ὥστε
3461 2628 3660 2699 φέρειν

1980 2721 2105 2780 τοὺς
2134 2717 2488 2786 ὑϐρίζοντας;
2514 2717 2727 2784 Ἔγωγε
2757 2711 2933 2786 οἶμαι.
2961 2715 3172 2768 Οὑκοῦν
3205 2717 3351 2770 ἄκων
3377 2732 3434 2768 σε
3459 2715 3660 2785 ὕϐρισε.

1983 2805 2148 2857 καὶοὺ
2177 2803 2516 2874 βουλόμενος,
2548 2803 2685 2857 ἀλλά
2701 2804 3146 2872 ἀναγκαζόμενος
3178 2803 3281 2856 ὑπὸ
3304 2802 3396 2856 τοῦ
3425 2803 3650 2866 πάθουςο

1983 2892 2226 2962 ἐπίσχες.
2279 2893 2390 2961 Οὐχ
2418 2894 2550 2962 ὁρᾷς
2582 2893 2706 2955 τοὺς
2749 2892 3154 2962 δαιμονῶντας;
3207 2893 3414 2964 Ὥσπερ
3445 2896 3651 2957 ἐκεῖνος

1981 2980 2080 3032 οὑκ
2130 2979 2239 3033 ἀπὸ
2272 2979 2470 3049 ἔχθρας
2502 2980 2782 3045 τοσοῦτον,
2835 2981 2958 3032 ὅσον
3001 2979 3108 3032 ἀπὸ
3139 2979 3443 3044 ἀσθενείας,
3495 2981 3654 3034 τοῦτο

1981 3067 2268 3138 ὑπομένει·
2300 3066 2443 3121 οὑτω
2498 3068 2590 3120 καὶ
2625 3069 2785 3136 ἡμεῖς
2841 3069 2940 3120 οὑκ
2971 3066 3078 3119 ἀπὺ
3137 3066 3237 3137 τῆς
3284 3067 3498 3134 φύσεως
3544 3069 3654 3120 τῶν

1981 3153 2190 3224 ’ὑϐρεων
2216 3154 2530 3224 κινούμεθα,
2548 3153 2699 3225 [576]
2717 3157 2840 3207 ὅσον
2863 3155 2955 3222 ἀφ’
2976 3156 3007 3222 ἡ
3017 3154 3130 3223 μῶν
3156 3154 3352 3206 αὑτῶν·
3376 3155 3498 3207 ἐπεὶ
3532 3157 3652 3217 πῶς

1979 3241 2087 3294 τῶν
2111 3242 2452 3313 μαινομένων
2473 3243 2540 3295 τά
2570 3242 2706 3296 αὑτά
2741 3241 3068 3311 ὑϐριζόντων
3097 3243 3367 3312 φέρομεν;
3403 3243 3572 3294 Πάλιν
3601 3248 3650 3296 εἰ

1981 3332 2122 3400 φίλοι
2139 3327 2247 3384 εἶεν
2272 3332 2321 3384 οί
2353 3331 2708 3402 ὑϐρίζοντεςῆ
2739 3332 2832 3383 καὶ
2853 3328 3092 3400 μείζους,
3113 3331 3206 3384 καὶ
3223 3329 3366 3383 οὓτω
3389 3323 3654 3399 φέρομεν·’

1981 3418 2096 3480 πῶς
2121 3413 2212 3470 οὖν
2228 3419 2327 3470 οὑκ
2351 3419 2568 3482 ἄτοπον,
2591 3419 2758 3489 τριῶν
2787 3419 2884 3488 μὲν
2915 3418 3118 3470 τούτων
3145 3418 3333 3482 ὅντων,
3360 3418 3454 3470 καὶ
3481 3419 3650 3486 φίλων

1980 3501 2071 3553 καὶ
2125 3502 2464 3572 μαινομένων
2491 3503 2585 3556 καὶ
2616 3502 2899 3572 μειζόνων,
2961 3503 3167 3574 φέρειν,
3206 3502 3482 3574 ὁμοτίμων
3513 3502 3572 3554 δὲ
3613 3501 3648 3570 ἢ

1980 3589 2069 3641 καὶ
2099 3591 2336 3659 ἡττόνων
2367 3589 2442 3659 μὴ
2471 3595 2688 3658 φέρειν;
2728 3590 2992 3653 Πολλάκις
3022 3585 3174 3645 εἶπον
3193 3606 3209 3622 ο
3254 3589 3506 3660 ροπήπτίς
3532 3592 3648 3642 ἐστι

1979 3678 2071 3730 καὶ
2104 3694 2381 3748 συναρπαγ
2394 3663 2508 3747 ἡτὸ
2541 3680 2773 3747 πρᾶγμα
2793 3693 2805 3704 ο
2844 3680 3274 3748 καρτερήσωμεν
3308 3679 3520 3748 μικρὸν,
3554 3679 3660 3729 καὶ·

1977 3764 2038 3816 τὸ
2083 3765 2189 3816 πᾶν
2241 3763 2536 3834 ἡνύσαμεν.
2572 3763 2724 3834 ’Όσῳ
2751 3764 2816 3816 ἂν
2871 3765 3067 3834 ὑϐρίζῃ
3115 3765 3357 3833 μείζονα,
3408 3765 3659 3829 τοσούτῳ

1983 3852 2182 3921 μᾶλλόν
2241 3853 2386 3902 ἐστιν
2427 3851 2676 3920 ἀσθενής.
2733 3848 2894 3913 Οἶδας
2925 3851 3053 3902 πότε
3085 3850 3267 3917 ἀλγεῖν
3298 3851 3440 3919 χρή;
3478 3840 3650 3902 Ὅταν

1979 3939 2314 4010 ὑϐρισάντων
2340 3939 2496 4007 ἡμῶν
2526 3940 2729 4000 ἐκεῖνος
2763 3939 2960 4008 σιγήσῃ
2984 3955 2995 3968 ’
3032 3938 3151 3989 τότε
3189 3937 3297 4006 γὰρ
3327 3938 3488 3999 αὑτὸς
3542 3939 3644 4008 μὲν

1981 4027 2218 4098 ἰσχυρὸς,
2250 4028 2408 4095 ἡμεῖς
2441 4025 2494 4078 δὲ
2527 4024 2806 4087 ἀσθενεῖς’
2864 4023 2930 4076 ἂν
2974 4025 3030 4076 δέ
3060 4025 3366 4077 τούναντίον
3397 4025 3644 4096 γένηται,

1978 4115 2072 4167 καὶ
2122 4114 2332 4184 χαίρειν
2361 4114 2470 4166 δεῖ·
2520 4111 2917 4180 ἐστεφανώθης,
2967 4111 3374 4182 ἁνεκηρύχθης·
3413 4114 3513 4166 οὑκ
3564 4109 3652 4176 είς

1977 4204 2166 4270 ἀγῶνα
2223 4201 2533 4271 καταχθεὶς,
2591 4200 2712 4253 οὑδέ
2759 4200 2910 4270 ἡλίου
2944 4201 3038 4253 καὶ
3066 4203 3282 4264 ἀκτῖνος
3312 4201 3404 4253 καὶ
3444 4200 3648 4263 κόνεως

1978 4289 2270 4360 ἐπάχθειαν
2297 4288 2555 4356 ἐνεγκὼν,
2585 4287 2707 4341 οὑδέ
2745 4287 3104 4357 συμπλακεὶς,
3140 4290 3232 4340 καὶ
3282 4287 3450 4352 λαϐὰς
3496 4287 3643 4350 δοὺς,

1975 4377 2110 4431 ἀλλά
2147 4377 2377 4447 θελήσας
2423 4377 2601 4446 μόνον,
2665 4378 2757 4429 καὶ
2810 4375 3114 4446 καθήμενος
3149 4378 3186 4447 ἢ
3215 4375 3405 4442 ἐστὼς,
3453 4375 3646 4438 ἔλαϐες

1979 4466 2153 4536 μέγαν
2183 4466 2272 4517 τὺν
2320 4464 2612 4532 στέφανον·
2659 4465 2752 4518 καὶ
2787 4465 2885 4533 οὑχ
2938 4463 3122 4526 ἁπλῶς
3188 4463 3372 4532 μέγαν.
3409 4463 3453 4523 τ,
3508 4462 3645 4516 ἀλλά

1977 4552 2155 4622 πολλῷ
2179 4551 2397 4622 μείζονα
2427 4553 2676 4604 ἐκείνων⁸
2711 4552 2772 4603 οὑ
2795 4553 2901 4622 γάρ
2932 4553 3079 4602 ἐστιν
3102 4551 3213 4603 ἴσον
3241 4548 3432 4619 ἐχθρὸν
3460 4549 3641 4618 βαλεῖν

1976 4639 2286 4700 ἀντίπαλον,
2344 4639 2441 4692 καὶ
2497 4639 2605 4690 τῶν
2648 4639 2746 4708 τῆς
2793 4640 2960 4710 ὀργῆς
3007 4636 3384 4704 περιγενέσθαι
3447 4635 3635 4704 βελῶν.

1974 4729 2260 4798 Ἐνίκησας
2286 4727 2405 4778 οὑδέ
2436 4726 2603 4795 λαϐὴν
2633 4725 2776 4788 δοὺς,
2830 4724 3127 4784 κατέϐαλες
3164 4723 3223 4774 τὸ
3266 4724 3436 4784 πάθος
3465 4722 3525 4774 τὸ
3581 4725 3639 4773 ἐν

1977 4818 2078 4880 σοὶ,
2136 4815 2452 4882 ἀπέσφαξας
2481 4814 2540 4865 τὸ
2588 4812 2775 4882 θηρίον
2813 4810 3191 4878 κεκινημένον,
3234 4809 3326 4860 καὶ
3363 4808 3641 4861 λυττῶντα

1972 4906 2064 4958 τὸν
2111 4903 2280 4972 θυμὸν
2309 4901 2692 4969 ἐπεστόμισας,
2725 4899 2974 4968 καθάπερ
3001 4913 3086 4958 τις
3134 4897 3354 4964 ἄριστος
3397 4895 3594 4965 νομεύς
3619 4912 3633 4926 ·

1974 4991 2234 5061 ἐμφύλιος
2255 4989 2474 5060 ἔμελλεν
2505 4989 2536 5058 ἡ
2570 4988 2718 5057 μάχη
2747 4983 2904 5046 εἷναι,
2937 4986 3134 5046 οἰκεῖος
3161 4983 3189 5034 6
3226 4983 3480 5054 πόλεμος.
3519 4986 3636 5036 Κα-

1976 5079 2149 5148 θάπερ
2199 5079 2306 5148 γάρ
2337 5079 2384 5129 οί
2423 5076 2590 5144 τείχει
2630 5073 3072 5142 προσκαθήμενοι
3099 5071 3192 5124 καὶ
3228 5069 3634 5142 πολιορκοῦντες

1974 5165 2192 5231 ἔξωθεν,
2217 5163 2496 5233 ἐμφυλίοις
2522 5160 2902 5230 περιϐάλλουσι
2921 5159 3193 5229 πολέμοις,
3225 5159 3316 5211 καὶ
3339 5158 3460 5211 τότε
3485 5175 3636 5228 περι-

1973 5255 2243 5322 γίνονται⁸
2275 5250 2414 5304 οὑτω
2450 5249 2514 5319 δὴ
2547 5249 2638 5301 καὶ
2663 5249 2690 5301 ὁ
2719 5247 3040 5317 ἐνυϐρίζων,
3080 5245 3146 5299 ἂν
3202 5247 3276 5316 μὴ
3310 5246 3371 5298 τὸ
3414 5248 3470 5297 ἐν
3500 5247 3634 5314 ἡμῖν

1973 5339 2162 5411 ἐγείρῃ
2193 5337 2379 5399 πάθος,
2402 5337 2461 5388 οὑ
2487 5335 2767 5405 δυνήσεται
2801 5332 3207 5404 περιγενέσθαι·
3242 5332 3337 5384 ἐὰν
3375 5330 3447 5401 μὴ
3473 5332 3631 5400 ἡμεῖς

1974 5427 2198 5489 ἑαυτοὺς
2257 5423 2650 5494 ἐμπρήσωμεν,
2704 5421 2910 5483 ἐκεῖνος
2976 5420 3233 5492 οὐδεμίαν
3285 5419 3434 5488 ἰσχὺν
3493 5417 3628 5486 ἔχει.

2869 5687 2890 5714 ο
2923 5675 3032 5724 "me
3075 5677 3151 5721 est
3176 5669 3622 5735 scripulyaﬁmilll,

2032 5679 2058 5720 ἀ
2085 5681 2256 5729 Morel.
2283 5679 2516 5740 δυνάμεθα
2540 5677 2770 5738 ἐγκαλεῖν.
2869 5687 2890 5714 ο
2923 5677 3032 5724 Ηωι-
3075 5677 3151 5721 est
3176 5677 3412 5735 scriplura
3438 5677 3622 5718 Rmuli.

2040 5744 2131 5783 mlf
2151 5780 2160 5783 _
2185 5743 2275 5783 Enna
2324 5743 2379 5783 ἂν
2407 5742 2530 5783 οὕτω
2556 5738 2822 5783 σιὸοσοωεῖν
2867 5738 3080 5783 δύνησθε.
3125 5735 3256 5783 Ευιῐ.
3346 5732 3365 5772 ί
3391 5733 3520 5783 Haec.
3543 5731 3623 5780 καὶ

1975 5744 2131 5792 Μυυιῑ
2151 5780 2162 5800 ,
2185 5743 2275 5804 ἆρα
2324 5743 2379 5787 ἀν
2403 5735 2530 5804 οὕτω
2556 5735 2831 5804 ᾠὸοσοφεῖν
2867 5738 3097 5804 δύνησθε..
3125 5735 3256 5784 Eun.

1976 5806 2059 5863 667~
2083 5797 2241 5857 ἁπλῶς
2278 5806 2438 5862 μέγαν,
2460 5797 2594 5860 ἀλλά,
2619 5797 2792 5848 ἀηθείῃ(
2823 5798 2869 5846 in
2891 5797 3192 5857 quibusdam.
