3948 6464
232 343 324 402 539
1220 338 1282 394 IN
1324 337 1498 394 ACTA
1542 335 2062 394 APOSTOLORUM.
2105 335 2331 394 llOMIL.
2374 336 2436 393 L.

227 479 398 535 gnam,
427 461 512 518 sed
544 460 647 518 illis
684 461 839 533 longe
866 461 1119 531 majorem
1145 461 1161 493 ¹
1193 477 1207 514 :
1241 476 1346 516 non
1378 477 1471 530 par
1508 469 1588 515 est
1628 461 1770 514 enim

231 557 477 611 inimicum
523 567 917 625 Oppuguanteiu
960 555 1157 620 ferire,
1198 564 1253 608 et
1293 555 1396 608 tela
1425 556 1519 608 ira:
1544 555 1777 608 vincere.

231 649 392 703 Vicisti
432 647 568 702 nulla
608 649 730 702 data
767 664 893 703 ansa
915 691 930 713 ,
965 649 1212 703 morbum
1241 649 1404 702 animi
1444 658 1591 703 tuum
1630 647 1780 717 deje-

224 741 330 794 cisti
351 779 364 802 ,
393 748 709 794 commotam
740 743 903 793 feram
932 739 1183 809 jugulasti
1207 779 1224 805 ,
1255 749 1310 795 ct
1341 737 1572 797 furorem
1621 752 1783 792 com—

225 831 484 900 pressisti,
528 839 585 884 ut
628 841 812 899 pastor
843 831 1056 900 quidam
1092 830 1361 899 optimus:
1402 829 1557 885 civile
1586 828 1781 884 bellum

225 921 442 975 futurum
480 930 627 986 erat,
659 921 949 975 domestica
996 936 1189 991 pugna.
1220 919 1351 975 Nam
1397 921 1535 975 sicut
1576 919 1648 982 ii,
1692 919 1783 989 qui

223 1014 402 1068 nitenia
444 1013 569 1068 foris
617 1013 866 1068 obsident
894 1055 908 1076 ,
958 1013 1116 1067 civile
1162 1011 1361 1066 bellum
1411 1011 1681 1077 excitant,
1730 1020 1785 1066 et

224 1107 287 1159 ita
315 1106 528 1158 vincunt
554 1121 567 1157 :
620 1103 699 1159 sic
728 1104 816 1174 qui
847 1103 1225 1159 contumeliam
1257 1102 1457 1167 infert,
1503 1103 1548 1156 si
1578 1101 1782 1172 passio-

228 1213 338 1253 nem
369 1198 419 1250 in
451 1196 605 1251 nobis
633 1211 739 1251 non
770 1197 998 1262 excitet,
1029 1198 1243 1252 vincere
1283 1211 1388 1250 non
1421 1195 1652 1264 poterit;
1683 1194 1785 1249 nisi

225 1308 312 1345 uos
340 1291 434 1360 ipsi
468 1305 567 1344 nos
598 1289 976 1356 incendamus,
1007 1291 1097 1346 ille
1125 1289 1326 1346 nullam
1355 1290 1459 1343 vim
1497 1287 1674 1344 habet.
1706 1289 1789 1344 Sit

222 1384 352 1439 enim
385 1381 539 1436 nobis
570 1383 664 1436 ira:
693 1382 924 1438 scintilla
952 1423 969 1449 ,
1007 1392 1064 1436 ut
1091 1390 1390 1452 opportune
1426 1380 1746 1435 accendatur
1769 1421 1785 1444 .

225 1490 319 1528 non
345 1481 528 1528 contra
561 1488 659 1527 nos
681 1473 846 1542 ipsos,
872 1487 939 1527 ne
960 1487 1058 1527 nos
1085 1472 1376 1527 innumeris
1402 1471 1593 1526 afliciat
1614 1471 1785 1525 malis.

151 1593 154 1600 -
223 1567 324 1625 Non
351 1565 540 1620 videtis
566 1566 618 1620 in
648 1565 896 1621 domibus
923 1565 1098 1636 ignem
1138 1567 1465 1621 reconditum
1492 1605 1506 1630 ,
1537 1579 1636 1620 nec
1670 1565 1789 1618 iihi-

222 1673 313 1726 quc
340 1657 672 1726 projectum,
708 1673 811 1710 non
843 1657 895 1711 in
931 1658 1110 1730 foeno,
1143 1673 1248 1712 non
1281 1657 1332 1712 in
1363 1657 1598 1712 vestibus
1623 1698 1638 1721 ,
1685 1671 1788 1711 non

226 1759 410 1802 temere
435 1790 448 1811 ,
480 1763 550 1803 ue
578 1749 737 1803 flante
767 1757 928 1803 ventu
957 1749 1272 1804 incendatur
1297 1765 1310 1813 ;
1343 1749 1436 1804 sed
1466 1749 1578 1804 sive
1602 1749 1790 1802 ancilla

227 1840 480 1893 lucernam
517 1838 712 1894 habeat
735 1882 749 1906 ,
790 1839 904 1896 sive
931 1855 1092 1898 coctis
1127 1840 1420 1906 accendat,
1451 1841 1794 1896 denuntiatur

225 1932 332 1998 illis,
361 1948 426 1986 ne
452 1933 521 1984 ad
554 1941 792 1998 ventum,
827 1949 894 1988 ne
925 1949 1093 2004 prope
1125 1935 1378 1997 tabulam,
1412 1951 1478 1989 ue
1507 1945 1664 1990 noctu
1693 1934 1794 1989 hoc

227 2022 446 2090 faciant;
479 2024 578 2092 sed
602 2025 924 2080 adveniente
956 2035 1111 2081 nocte
1139 2026 1315 2096 ignem
1343 2027 1612 2096 sapimus,
1641 2028 1793 2082 veriti

224 2130 282 2168 ne
319 2115 448 2170 forte
483 2116 877 2173 dormientibus
916 2119 1070 2174 nobis
1109 2128 1164 2174 et
1201 2122 1414 2175 nemine
1441 2130 1659 2177 curante
1701 2135 1794 2176 ac-

222 2209 464 2264 cendatur
483 2252 500 2276 ,
538 2220 593 2264 et
628 2225 819 2266 omnes
847 2212 1079 2268 exurat?
1110 2212 1222 2267 l-loc
1249 2212 1300 2268 in
1328 2212 1405 2267 ira
1430 2229 1640 2283 quoque
1667 2214 1754 2268 liat
1779 2231 1792 2266 :

225 2317 282 2353 ue
307 2303 524 2355 omnino
553 2303 604 2355 in
633 2303 1046 2371 cogitationibus
1071 2305 1272 2359 nostris
1298 2304 1636 2375 dlspergatui'
1655 2345 1672 2367 ,
1699 2304 1794 2360 sed

223 2396 268 2446 in
295 2393 520 2462 quodam
551 2396 746 2449 mentis
779 2395 1041 2464 profundo
1072 2405 1332 2465 ponatur,
1361 2406 1418 2451 ut
1447 2412 1514 2452 ne
1537 2405 1729 2451 ventus
1766 2411 1798 2450 a

224 2485 383 2539 verbis
412 2486 710 2540 adversarii
754 2487 909 2542 facile
947 2488 1224 2552 adveniat,
1255 2487 1350 2542 sed
1379 2503 1408 2542 a
1441 2489 1596 2543 nobis
1625 2489 1797 2544 susci-

223 2577 382 2646 piatur
408 2590 624 2642 ventus,
655 2581 950 2635 scientibus
977 2581 1124 2634 illum
1153 2589 1448 2651 temperate
1472 2591 1528 2637 et
1553 2589 1666 2636 tuto
1685 2597 1800 2636 mo-

225 2685 350 2723 vere.
389 2672 443 2725 Si
473 2670 683 2726 deforis
714 2682 929 2727 ventum
959 2673 1206 2742 accipiat,
1239 2673 1410 2728 nescit
1435 2672 1674 2739 modum,
1704 2673 1799 2728 sed

223 2763 384 2815 omnia
413 2763 711 2817 accendet:
741 2779 885 2831 saipe
913 2763 1068 2818 nobis
1094 2763 1478 2820 dormientibus
1504 2774 1690 2820 ventus
1712 2764 1801 2819 ille

226 2853 409 2908 incidet
449 2864 506 2908 ct
542 2855 724 2909 omnia
747 2856 1046 2911 comburet.
1094 2855 1174 2911 Sit
1203 2872 1332 2927 ergo
1363 2857 1515 2914 nobis
1556 2865 1757 2912 tantum
1781 2899 1798 2922 ,

224 2955 272 2999 ut
295 2947 458 3001 lucem
482 2948 787 3002 accendat:
821 2948 993 3003 lucem
1023 2949 1165 3004 enim
1194 2949 1437 3004 accendit
1462 2950 1558 3015 ira,
1587 2949 1803 3019 quando

224 3039 462 3094 decenter
482 3051 736 3096 movetur
761 3059 774 3096 :
796 3051 844 3097 et
871 3040 1017 3095 faces
1043 3041 1336 3096 habeamus
1355 3051 1540 3096 contra
1568 3057 1684 3107 cos,
1713 3044 1800 3111 qui

224 3133 343 3186 alios
370 3133 576 3188 laedunt
595 3175 610 3198 ,
633 3143 820 3188 contra
848 3133 1139 3188 diabolum.
1167 3133 1244 3188 Nc
1269 3135 1460 3204 ubique
1481 3136 1679 3204 jaceat,
1706 3149 1805 3190 nec

226 3225 530 3292 projiciatur
564 3225 819 3290 scintilla,
846 3224 942 3279 sed
984 3225 1035 3279 in
1075 3225 1255 3284 cinere
1286 3241 1560 3282 servemus
1586 3245 1599 3281 :
1629 3226 1680 3280 in
1709 3226 1804 3281 hu-

224 3315 423 3370 milibus
459 3317 879 3386 cogitationibus
923 3317 1195 3386 sopiamus
1241 3318 1402 3371 illam.
1434 3317 1549 3372 Non
1593 3332 1807 3387 semper

227 3408 300 3461 illa
322 3423 452 3478 epus
477 3409 765 3474 habemus,
792 3409 886 3463 sed
914 3408 1128 3478 quando
1149 3410 1358 3478 operari
1379 3410 1503 3479 quid
1521 3418 1733 3479 oportet
1753 3418 1808 3464 et

224 3500 452 3554 emollire
473 3543 488 3564 ,
519 3499 740 3570 quando
770 3501 1114 3570 pertinaciam
1143 3515 1422 3570 superare,
1451 3500 1664 3571 quando
1692 3502 1808 3556 ani-

227 3608 351 3644 inaui
380 3592 729 3662 redarguere.

288 3684 337 3739 4.
372 3684 742 3738 licconciliatio
766 3685 1017 3755 quomodo
1040 3686 1615 3756 quwrenda.-—Quaiita
1635 3687 1710 3742 ira
1729 3685 1809 3742 fu-

228 3793 408 3845 rorque
430 3778 576 3832 mala
596 3788 914 3847 pepererunt
940 3779 954 3832 !
975 3779 1233 3848 Quodque
1247 3780 1460 3848 gravius
1475 3789 1577 3844 est,
1594 3780 1809 3850 quando

234 3871 508 3938 surgimus,
550 3883 658 3924 non
685 3869 822 3924 ultra
852 3870 1011 3924 simul
1038 3871 1325 3926 convenire
1352 3872 1677 3940 poterimus,
1713 3871 1809 3927 sed

231 3961 350 4014 alios
376 3970 761 4031 exspectamus
789 3978 803 4014 :
833 3961 1196 4031 unusquisque
1225 3961 1570 4017 confunditur
1597 3971 1654 4017 et
1681 3978 1809 4018 eru-

235 4051 383 4104 bescit
409 4051 633 4106 rediens
657 4052 724 4106 ad
751 4053 1211 4108 recoueiliandum
1239 4053 1425 4107 alium.
1455 4053 1614 4118 Vide,
1646 4054 1809 4109 dividi

240 4153 286 4197 et
304 4145 520 4200 discindi
558 4161 666 4200 non
693 4145 982 4212 erubescit,
1014 4146 1108 4202 sed
1139 4146 1198 4200 lit
1223 4147 1346 4201 mali
1376 4148 1484 4202 dux
1509 4164 1524 4214 ;
1553 4147 1812 4203 accedere

245 4245 392 4291 autem
421 4248 475 4293 et
503 4237 742 4294 scissum
773 4253 1036 4294 censuere
1060 4239 1348 4293 erubescit.
1379 4239 1555 4309 Atque
1580 4239 1810 4309 idipsum

243 4329 458 4399 contigit,
483 4345 557 4386 ac
582 4329 628 4384 si
655 4331 774 4400 quis
802 4330 1100 4384 membrum
1124 4330 1338 4400 quidem
1364 4329 1678 4386 abscindere
1704 4346 1812 4386 non

239 4432 468 4486 gravetur
491 4464 508 4486 ,
555 4422 888 4492 conjungere
923 4431 1101 4478 autem
1143 4422 1442 4478 erubescat.
1471 4422 1607 4490 Quid
1638 4423 1772 4478 dicis
1793 4462 1810 4487 ,

240 4513 426 4568 homo?
456 4514 688 4570 multum
719 4514 900 4569 liesisti
921 4556 936 4579 ,
964 4523 1020 4570 et
1048 4514 1160 4584 ipse
1187 4523 1372 4569 auctor
1399 4513 1542 4568 fuisti
1583 4513 1813 4584 pugnas?

240 4605 404 4675 Itaque
443 4609 572 4677 jure
599 4607 746 4676 prior
774 4621 870 4663 eas
903 4618 958 4662 ct
984 4607 1347 4663 reconcilieris
1368 4648 1384 4674 ,
1411 4614 1596 4677 utpote
1623 4607 1714 4678 qui
1758 4607 1814 4662 in

237 4714 384 4753 causa
412 4699 604 4755 fueris.
634 4701 703 4755 At
744 4700 904 4755 ιδεδιιε
942 4715 1002 4754 es
1025 4740 1041 4765 ,
1073 4708 1131 4756 et
1175 4701 1262 4754 ille
1303 4701 1356 4754 in
1395 4715 1555 4755 causa
1583 4701 1710 4755 est?
1747 4699 1816 4755 Et

240 4789 348 4845 ideo
373 4793 536 4864 igitur
558 4833 576 4859 ,
609 4801 670 4846 ut
705 4792 876 4862 magis
901 4791 1243 4846 admirationi
1272 4792 1516 4847 habearis
1536 4833 1552 4856 ,
1582 4800 1641 4846 ut
1668 4801 1722 4847 et
1760 4792 1813 4846 in

240 4883 401 4950 primo
428 4893 486 4939 et
511 4884 568 4939 in
594 4883 833 4938 secundo
859 4885 1056 4953 primas
1086 4883 1304 4938 habeas.
1333 4883 1445 4938 Non
1471 4883 1617 4938 fuisti
1642 4883 1817 4938 inimi-

241 4975 368 5028 citia:
401 4991 568 5031 causa
589 5017 605 5042 ,
650 4975 722 5030 ita
766 4991 867 5030 nec
892 4991 1052 5031 causa
1079 4985 1197 5030 esto
1223 4976 1362 5044 quod
1389 4991 1450 5030 ea
1479 4977 1698 5032 ulterius
1721 4992 1818 5031 ex-

241 5067 516 5122 tendatur:
565 5069 804 5123 fortassis
847 5077 902 5122 ct
948 5067 1040 5122 ille
1088 5068 1376 5122 multorum
1421 5067 1523 5123 sibi
1568 5069 1817 5124 conscius

239 5159 519 5214 erubescit.
554 5159 659 5215 Sed
687 5174 945 5230 arrogans
973 5159 1097 5215 est?
1135 5159 1260 5214 Ideo
1289 5159 1518 5215 maxime
1545 5174 1612 5216 ne
1639 5161 1818 5231 segnis

240 5250 309 5306 sis
337 5251 404 5308 ad
432 5251 798 5307 accedendum
825 5270 838 5305 :
867 5268 989 5307 nam
1015 5251 1210 5324 duplex
1240 5261 1324 5309 est
1350 5253 1489 5323 apud
1516 5253 1663 5308 illum
1696 5269 1816 5324 pas-

241 5342 350 5408 sio,
399 5344 705 5413 arrogantia
753 5354 806 5398 et
855 5345 952 5398 ira.
999 5343 1079 5398 Tu
1109 5345 1322 5412 quidem
1352 5360 1568 5402 causam
1595 5345 1816 5414 dixisti,

244 5445 456 5504 propter
485 5450 646 5503 quam
677 5435 821 5504 prior
847 5435 1107 5490 accedere
1143 5435 1310 5490 debes
1333 5477 1348 5500 ,
1376 5437 1495 5505 quia
1527 5450 1688 5492 sanus
1717 5453 1776 5492 es
1801 5480 1816 5504 ,

245 5525 358 5591 quia
387 5525 576 5580 vldcrc
607 5535 756 5596 potes
782 5544 796 5579 :
830 5526 921 5582 ille
950 5542 1178 5596 namque
1210 5528 1264 5583 iii
1291 5527 1526 5582 tenebris
1556 5537 1670 5593 est;
1702 5528 1819 5583 talis

246 5615 436 5687 quippe
463 5624 552 5672 cst
579 5618 652 5671 ira
683 5626 738 5672 ct
762 5617 1086 5688 arrogantia.
1121 5617 1200 5673 Tu
1229 5635 1354 5673 vero
1384 5618 1452 5673 ab
1479 5617 1582 5672 illis
1613 5618 1747 5673 liber
1768 5628 1822 5674 et

314 5754 346 5821 ι,
365 5753 566 5809 Quidam
579 5757 770 5825 legunt,
796 5767 1020 5825 mmmam
1040 5752 1264 5818 accepisti
1288 5767 1539 5815 coronam,
1565 5751 1659 5804 illis
1687 5752 1819 5816 longe

256 5825 495 5876 timerem,
522 5831 713 5869 omisSis
729 5824 1042 5881 interpositis.
1194 5839 1195 5842 η

3361 345 3467 402 850

1887 475 2048 517 sanus
2086 463 2280 517 accede
2308 461 2374 516 ad
2417 475 2615 530 aegrum
2661 458 2914 515 medicus.
2963 458 3096 514 Num
3137 462 3255 530 quis
3296 462 3468 515 medi-

1886 569 2068 609 corum
2100 554 2316 619 dixerit,
2361 553 2494 622 Quia
2543 554 2784 607 inlirinus
2827 561 2948 618 est,
2981 567 3089 607 non
3133 553 3308 608 vado?
3357 551 3468 608 lino

1885 645 2009 701 ideo
2038 649 2269 702 maxime
2297 648 2536 711 vadunt,
2569 661 2690 701 cum
2729 644 2942 699 videant
2985 645 3130 700 illum
3177 660 3280 699 non
3312 639 3469 714 posse

1885 739 2089 793 venire.
2129 738 2260 793 Nam
2288 754 2402 802 eos,
2425 739 2513 809 qui
2546 738 2793 793 incedere
2817 737 3026 801 valent,
3050 738 3228 792 minus
3256 748 3466 798 curant,

1885 828 2025 899 quod
2055 844 2159 884 non
2190 829 2409 883 nimium
2453 839 2748 900 mgrotent;
2793 828 3175 884 decumbeiites
3199 843 3326 884 vero
3362 845 3467 883 non

1887 920 2036 975 item.
2068 920 2261 974 Annon
2291 920 2501 975 videtur
2542 921 2635 975 tibi
2681 920 2986 975 infirmitate
3019 919 3318 990 graviorem
3348 933 3471 976 esse

1886 1014 2245 1084 arrogantiam
2275 1022 2330 1068 et
2369 1014 2544 1067 iram?
2585 1028 2764 1068 annon
2814 1012 2900 1068 illa
2951 1013 3254 1069 vehementi
3292 1012 3466 1080 febri,

1890 1105 2006 1162 hcce
2029 1121 2157 1162 vero
2193 1106 2417 1161 tumenti
2447 1113 2501 1159 et
2530 1105 2713 1159 inflato
2743 1106 2954 1174 corpori
2990 1105 3182 1162 similis
3207 1107 3326 1160 est?
3359 1105 3468 1160 Co-

1889 1199 1996 1268 gita
2021 1209 2280 1270 quantum
2330 1199 2399 1254 sit
2444 1197 2632 1254 febrim
2682 1206 2738 1254 et
2786 1197 3064 1254 humorem
3097 1197 3331 1254 habere:
3375 1213 3472 1251 va:

1889 1290 1978 1356 dc,
2009 1290 2287 1360 exstingue
2317 1291 2492 1360 ignem
2521 1306 2535 1342 :
2569 1298 2722 1359 potes
2761 1289 2904 1346 enim
2947 1304 3042 1360 per
3082 1290 3306 1360 gratiam
3339 1289 3429 1344 Dei
3457 1305 3469 1339 :

1891 1385 2042 1452 quasi
2068 1398 2206 1453 aqua
2246 1397 2528 1453 compesce
2554 1381 2822 1438 ardorem.
2867 1382 3005 1450 Quid
3033 1399 3192 1452 ergo,
3222 1382 3430 1453 inquies
3455 1423 3472 1449 ,

1892 1475 1934 1528 si
1964 1473 2068 1530 hoc
2106 1475 2224 1544 ipso
2263 1478 2433 1546 magis
2469 1474 2796 1530 extollatur?
2826 1473 2968 1529 Nihil
3011 1473 3076 1529 ad
3125 1483 3214 1529 te:
3248 1483 3302 1528 tu
3331 1475 3473 1528 enim

1892 1567 2034 1637 quod
2074 1567 2127 1623 in
2171 1577 2222 1623 te
2263 1576 2378 1624 erat
2405 1566 2618 1636 fecisti,
2648 1567 2736 1622 ille
2762 1566 2864 1621 sibi
2890 1565 2991 1635 ipsi
3020 1567 3283 1636 imputet:
3316 1565 3477 1621 modo

1895 1674 1962 1714 ne
1989 1659 2315 1714 condemnet
2343 1675 2443 1714 nos
2466 1658 2794 1714 conscientia
2824 1667 3026 1725 nostra,
3057 1659 3197 1728 quod
3227 1658 3354 1713 illud
3383 1657 3479 1712 fiat

1895 1749 2050 1805 uobis
2087 1766 2209 1820 qua:
2251 1750 2662 1820 requirebantur
2688 1749 3073 1806 omittentibus.
3109 1749 3272 1804 Pasce
3311 1750 3480 1812 inimi-

1894 1859 2010 1897 cum
2055 1852 2244 1910 tuum,
2290 1843 2461 1914 inquit
2484 1883 2500 1908 ,
2549 1843 2647 1897 hoc
2687 1843 2820 1898 enim
2851 1842 3041 1914 faciens
3069 1843 3309 1896 carbones
3347 1843 3483 1914 ignis

1895 1933 2186 1990 accumulas
2209 1951 2361 2004 super
2389 1943 2541 2004 caput
2574 1935 2685 2002 eius
2708 1933 2728 2005 (
2751 1931 2904 1988 Rom.
2936 1931 3023 1988 12.
3050 1932 3121 1988 20
3143 1933 3183 2003 ).
3215 1934 3278 1987 Et
3302 1943 3508 1992 tamen.

1896 2041 2018 2081 cum
2058 2041 2147 2082 res
2177 2027 2247 2081 ita
2278 2027 2490 2092 habeat,
2515 2027 2667 2098 jubet
2691 2027 2840 2082 abire
2859 2068 2876 2092 ,
2907 2027 3248 2085 reconciliari
3292 2037 3359 2086 ct,
3389 2027 3482 2084 be-

1899 2116 2146 2173 nefacere
2168 2160 2183 2185 ,
2216 2133 2322 2173 non
2354 2129 2413 2173 ut
2451 2118 2713 2175 carbones
2739 2119 2876 2190 ignis
2904 2121 3341 2184 accumulemus;
3388 2124 3508 2180 sed;

1901 2223 1958 2270 ut
1988 2215 2077 2271 ille
2107 2214 2208 2270 hoc
2237 2215 2414 2270 sciens
2442 2225 2848 2285 compcscatur,
2884 2226 2943 2270 ut
2973 2224 3164 2271 tremat
3207 2216 3485 2280 formidet-
3521 2276 3526 2280 ,

1900 2321 2003 2376 que
2050 2307 2219 2376 magis
2267 2306 2524 2361 beneficia
2565 2322 2726 2376 quam
2757 2306 3095 2372 inimicitias,
3127 2316 3180 2361 et
3225 2307 3487 2362 amicitias

1903 2399 2071 2468 magis
2112 2414 2272 2468 quam
2319 2398 2560 2454 insidias.
2611 2398 2726 2453 Non
2767 2401 2908 2452 enim
2941 2400 3186 2454 inimicus
3231 2401 3486 2454 ultionem

1903 2490 2170 2544 meditans
2199 2492 2269 2544 ita
2296 2491 2441 2546 lmdit
2468 2505 2528 2546 se
2551 2491 2846 2552 odicntem,
2883 2501 2941 2547 ut
2968 2493 3056 2562 qui
3079 2493 3293 2562 adjuvat
3321 2502 3375 2548 et
3396 2493 3489 2547 be-

1904 2580 2120 2636 iicfacit.
2152 2581 2363 2636 Etenim
2394 2583 2484 2652 qui
2518 2583 2773 2637 ultionem
2802 2578 3091 2636 meditatur
3115 2623 3130 2647 ,
3160 2593 3214 2637 et
3243 2598 3302 2636 sc
3342 2583 3488 2636 laalit

1903 2683 1959 2728 et
1984 2673 2128 2728 illum
2162 2671 2303 2728 forte
2332 2688 2554 2744 parum;
2585 2674 2675 2744 qui
2706 2683 2885 2729 autem
2914 2673 3200 2739 benefacit,
3230 2675 3492 2729 carhours

1906 2764 2042 2835 ignis
2067 2765 2371 2820 accumulat
2394 2780 2558 2834 super
2582 2775 2741 2835 caput
2768 2765 2904 2835 ejus.
2934 2765 3073 2836 Ergo
3105 2767 3152 2819 id
3183 2765 3358 2820 facere
3385 2783 3491 2820 non

1905 2856 2206 2924 debemus.
2257 2871 2326 2912 ne
2374 2858 2772 2913 accumulemus
2816 2858 3120 2912 carbones?
3167 2858 3272 2913 Sed
3317 2859 3495 2912 alioue

1907 2948 2070 3002 modo
2113 2948 2195 3002 vis
2243 2947 2504 3004 carbones
2546 2963 2838 3018 congerere
2895 2964 3056 3017 super
3093 2959 3256 3018 caput
3298 2960 3443 3004 tuum
3470 2953 3503 3003 Ῥ-

1907 3040 2107 3095 etenim
2156 3039 2261 3094 hoc
2311 3039 2438 3094 facit
2483 3041 2698 3096 ultionis
2737 3041 3019 3109 cupiditas.
3053 3042 3157 3096 Sed
3203 3043 3372 3110 magis
3415 3043 3513 3102 vis-

1908 3133 2199 3188 extendam
2222 3135 2246 3186 ἲ
2266 3133 2484 3188 Minime
2509 3151 2522 3187 :
2549 3148 2655 3187 non
2680 3134 2822 3188 enim
2853 3142 2907 3187 tu
2935 3133 3035 3187 hoc
3055 3133 3204 3198 facis,
3233 3135 3328 3189 sed
3355 3136 3495 3189 illius

1909 3224 2115 3282 feritas.
2143 3224 2200 3280 Si
2230 3225 2376 3280 enim
2409 3234 2460 3280 te
2487 3225 2854 3280 benefacieute
2875 3235 2930 3280 ct
2960 3225 3260 3280 bonoraute
3289 3237 3343 3280 et
3367 3242 3496 3281 cou-
3545 3213 3548 3216 Α

1909 3317 2094 3372 ciliare
2122 3317 2392 3384 studente,
2423 3317 2516 3372 ille
2549 3327 2764 3372 maneat
2791 3331 3016 3372 servans
3043 3318 3367 3382 inimicitias,
3390 3319 3494 3374 sibi

1911 3409 2013 3478 ipsi
2055 3409 2232 3479 ignem
2272 3409 2556 3472 accendit;
2603 3409 2717 3478 ipse
2757 3424 2912 3464 suum
2943 3410 3149 3465 exussit
3188 3420 3384 3480 caput:
3430 3421 3496 3466 'tu

1910 3517 2041 3556 vero
2073 3501 2372 3572 iuculpatus
2412 3515 2492 3555 es.
2545 3501 2621 3556 Ne
2667 3501 2744 3554 sis
2783 3502 2952 3570 magis
2989 3502 3294 3558 misericors
3337 3518 3496 3572 quam

1912 3595 2076 3660 Deus,
2105 3595 2226 3665 quia
2257 3595 2538 3650 innumera
2571 3595 2787 3664 patieris
2815 3595 2968 3649 malis
2993 3595 3127 3648 mala
3153 3611 3168 3661 ;
3204 3595 3312 3650 imo
3336 3597 3378 3650 si
3407 3611 3500 3650 vo-

1913 3686 2107 3748 lueris.
2137 3701 2242 3740 non
2275 3686 2473 3754 poteris
2493 3726 2509 3752 ,
2536 3700 2603 3739 nc
2630 3686 2906 3739 minimum
2932 3685 3167 3756 quidem.
3214 3685 3498 3754 Quomodo

1911 3780 2101 3836 enim?
2130 3780 2389 3844 Quantum
2418 3778 2573 3832 distat
2601 3778 2781 3832 etclam
2807 3796 2841 3832 α
2867 3788 3000 3832 terra
3023 3818 3038 3843 ,
3069 3779 3270 3848 inquit,
3298 3788 3496 3832 tantum

1913 3873 2103 3925 distant
2132 3871 2344 3925 consilia
2367 3887 2479 3924 mea
2514 3887 2546 3922 a
2586 3869 2811 3923 consiliis
2853 3871 3027 3924 vestris
3072 3867 3240 3942 (lsai.
3277 3872 3365 3926 55.
3393 3871 3452 3936 9)
3480 3887 3495 3935 ;

1913 3971 1969 4018 et
1992 3977 2202 4018 rursum
2233 3980 2245 4015 :
2293 3960 2353 4015 Si
2381 3977 2488 4025 vos,
2513 3959 2705 4029 inquit,
2731 3975 2844 4012 cum
2866 3959 2975 4013 sitis
3000 3959 3142 4022 mali,
3175 3959 3331 4012 nostis
3363 3961 3494 4012 bona

1914 4053 2039 4106 dare
2074 4052 2194 4120 [iliis
2232 4051 2407 4105 vestris
2433 4066 2452 4114 ;
2501 4060 2690 4120 quanto
2733 4051 2896 4120 magis
2923 4049 3076 4102 Pater
3098 4059 3257 4102 vester
3285 4051 3498 4103 cwlcstis

1915 4146 2054 4201 dabit
2083 4145 2221 4199 vobis
2271 4143 2486 4214 (Matth.
2533 4144 2587 4195 7.
2621 4141 2754 4212 ll)?
2795 4141 2900 4196 Sed
2933 4142 3046 4196 hinc
3073 4140 3321 4196 obtentus
3351 4151 3496 4194 sunt.

1914 4239 1994 4295 Ne
2036 4238 2197 4309 igitur
2238 4234 2530 4306 sepliistice
2558 4235 2973 4303 interpretemur
2998 4233 3245 4289 mandata
3276 4232 3387 4286 Dei.
3435 4233 3501 4289 Et

1916 4329 2187 4402 quomodo
2227 4328 2519 4399 sophistice
2550 4325 3008 4396 interpretamur?
3041 4325 3220 4392 Dixit,
3268 4323 3380 4378 Hoc
3420 4325 3501 4395 {a-

1916 4427 2072 4491 ciens,
2101 4425 2341 4479 carbones
2366 4422 2497 4492 ignis
2519 4422 2745 4491 congeris
2775 4435 2924 4490 super
2947 4427 3099 4486 caput
3119 4419 3227 4486 ejus
3251 4433 3268 4482 ,'
3296 4429 3351 4472 tu
3374 4434 3503 4473 vero

1916 4519 2054 4574 dicis
2073 4558 2088 4584 ,
2117 4517 2306 4572 Timeo
2332 4515 2607 4570 inimicum
2628 4555 2644 4578 ,
2674 4514 2795 4584 quia
2823 4528 2909 4567 me
2939 4512 3092 4566 valde
3123 4513 3276 4567 laesit.
3307 4514 3498 4566 Annon

1918 4609 2022 4666 hoc
2050 4608 2224 4664 dicis?
2260 4605 2540 4675 Quomodo
2587 4605 2863 4658 inimicum
2908 4602 3109 4658 habes?
3156 4603 3333 4658 Times
3377 4619 3505 4658 eum

1918 4703 2008 4772 qui
2051 4710 2104 4755 te
2146 4698 2280 4754 laasit
2305 4737 2320 4762 ,
2367 4697 2596 4766 teipsum
2637 4709 2764 4750 vero
2795 4709 2900 4748 non
2936 4693 3132 4747 times?
3170 4692 3380 4748 Utinam
3425 4696 3498 4748 tui

1919 4807 2104 4849 curam
2135 4789 2388 4844 hahercs!
2412 4787 2488 4842 Nc
2517 4786 2647 4841 illud
2678 4787 2780 4841 hoc
2817 4800 2983 4853 scopo
3013 4783 3214 4849 facias;
3260 4785 3366 4838 imo
3395 4787 3501 4848 sal.

1921 4895 2030 4940 tem
2072 4883 2173 4937 hoc
2201 4897 2366 4950 sc0p0
2403 4879 2585 4933 facias.
2629 4877 2735 4932 Sed
2767 4892 2871 4931 non
2901 4876 3051 4929 facis.
3101 4874 3214 4929 Non
3256 4875 3375 4931 dico
3407 4876 3502 4932 tibi

1921 4977 2063 5049 quod
2093 4975 2354 5031 carbones
2383 4971 2518 5042 ignis
2543 4983 2821 5040 congeres.
2850 4966 2947 5023 scd
2972 4967 3130 5022 etiam
3162 4967 3303 5021 aliud
3333 4967 3503 5036 majus

1925 5070 2041 5125 .lico
2073 5087 2086 5122 :
2132 5077 2335 5122 tantum
2378 5065 2479 5119 fac.
2520 5061 2645 5116 ilice
2675 5063 2818 5115 enim
2853 5061 3031 5114 omnia
3063 5070 3120 5114 ut
3160 5070 3210 5115 te
3251 5071 3504 5130 provocet

1923 5162 2120 5218 Paulus
2159 5160 2327 5222 dicit,
2375 5158 2777 5226 exspectatione
2823 5169 2994 5224 poena:
3023 5155 3234 5210 solvere
3271 5154 3501 5216 inimici-

1923 5257 2073 5310 tiam.
2117 5251 2378 5320 Quoniam
2410 5247 2563 5303 ferini
2593 5261 2798 5309 sumus,
2828 5261 3001 5315 neque
3028 5245 3186 5306 aliter
3207 5245 3503 5306 adducere~

1925 5359 2046 5399 mur
2089 5341 2157 5396 ad
2203 5340 2478 5394 inimicum
2510 5336 2872 5406 diligendum,
2919 5337 3018 5390 nisi
3049 5337 3364 5406 supplicium
3408 5353 3503 5392 exr-

1925 5446 2316 5506 speetaremus,
2336 5430 2483 5498 quasi
2515 5428 2721 5482 cuidam
2753 5431 2876 5482 ferre
2906 5428 3041 5482 hanc
3070 5444 3298 5482 massam
3322 5428 3500 5483 tradit.

1926 5527 2057 5583 Nam
2088 5523 2349 5594 apostolis
2380 5537 2484 5575 non
2515 5520 2618 5575 hoc
2641 5519 2887 5575 Christus
2910 5519 3071 5582 dicit,
3103 5520 3195 5574 sed
3231 5517 3396 5587 quid?
3435 5517 3506 5576 Ut

1926 5621 2034 5672 sitis
2059 5615 2246 5671 similes
2276 5614 2422 5668 Patri
2442 5623 2623 5678 vestro,
2643 5613 2727 5681 qui
2750 5622 2821 5668 est
2849 5612 2903 5666 in
2918 5611 3052 5665 cwlis
3081 5611 3291 5682 (Matth.
3313 5611 3368 5666 5.
3386 5612 3502 5682 45).

1928 5708 2176 5779 Alioquin
2201 5721 2326 5762 vero
2345 5705 2462 5761 fieri
2487 5721 2590 5760 non
2615 5713 2808 5775 potest,
2831 5711 2890 5757 iit
2913 5702 3002 5773 qui
3022 5702 3277 5758 beneﬁcia
3301 5705 3508 5760 confert

1929 5815 1984 5862 et
2012 5803 2101 5874 qui
2131 5799 2357 5872 accipit,
2389 5809 2636 5858 maneant
2680 5797 2898 5854 inimici.
2933 5795 3131 5852 Idcirco
3159 5795 3274 5855 lia'c
3309 5797 3501 5869 posuit.
