3948 6510
473 339 570 407 35!

476 464 584 522 Cur
642 463 770 518 dum
827 459 1005 518 verbis
1057 450 1485 528 philosopharis,
1549 447 1601 500 in
1643 456 1806 512 opere
1848 438 2063 492 modum

475 570 586 614 non
615 553 840 610 servas?
883 552 1060 612 Bene,
1101 563 1205 602 non
1250 539 1607 613 pascisillum
1633 575 1648 598 ,
1694 550 1762 588 ne
1805 530 2065 585 carbones

479 648 618 718 ignis
647 657 909 714 congeras
939 659 951 692 :
984 654 1115 709 ergo
1146 634 1356 706 parcis?
1387 645 1518 699 ergo
1542 628 1753 696 diligis,
1786 633 1839 678 ct
1879 637 1946 675 ex
1973 618 2064 675 tali

476 713 642 810 scopo
685 713 788 793 hoc
827 734 1001 789 l'acis?
1043 731 1156 786 Scit
1195 729 1372 790 Deus,
1419 732 1595 777 utrutn
1643 718 1732 772 tali
1775 730 1939 784 scopo
1986 713 2067 766 di-

480 805 609 888 cas-z
649 839 796 884 certe
840 824 978 894 apud
1025 837 1126 876 nos
1165 818 1460 888 sOphistam
1508 811 1642 881 agis.
1689 809 1881 862 Curam
1924 805 2066 873 geris

478 925 705 986 inimici,
727 930 782 976 et
811 920 964 973 times
993 931 1059 971 ne
1087 910 1375 984 puniatur?
1401 909 1538 976 Ergo
1566 905 1696 958 iram
1721 896 2022 956 exstinxisti
2049 911 2063 950 :

478 1016 568 1085 qui
602 1015 744 1068 enim
774 1012 852 1065 sic
879 1007 1068 1074 diligit,
1103 1015 1158 1060 ut
1187 1004 1304 1074 ejus
1335 1000 1615 1055 utilitatem
1641 1010 1752 1048 sua:
1782 988 2032 1060 prtcferat

481 1081 586 1162 non
617 1105 774 1158 habet
814 1101 1107 1156 inimicum.
1145 1097 1255 1150 l‘loc
1299 1093 1479 1147 dicere
1522 1085 1732 1157 possis:
1783 1081 2068 1148 Usqueqno

479 1198 724 1252 ludemns
751 1196 800 1247 in
829 1193 992 1248 rebus
1025 1206 1131 1245 non
1164 1187 1385 1243 ludicris
1409 1192 1464 1238 et
1491 1180 1699 1234 veniam
1731 1191 1834 1228 non
1870 1169 2069 1226 haben-

480 1289 656 1344 tibus?
698 1288 1036 1355 Quapropter
1082 1296 1212 1351 rogo
1243 1275 1672 1352 [fraternitatem
1705 1274 1940 1321 nostram
1987 1259 2068 1311 di-

485 1375 2625 1428 ______________._‘___—-—————————'—"—'————

1249 335 1306 393 5.
1347 328 1622 391 JOANNIS
1646 314 2119 382 CIIRYSOSTOMI
2158 313 2477 374 ARClllEP.
2513 311 3043 372 CONSTANTINOP.
3627 317 3718 374 553

2175 441 2362 491 lectam
2393 451 2423 488 a
2450 434 2676 490 Domino
2694 434 2803 489 Deo
2818 443 2872 488 et
2885 433 3158 488 Salvatore
3173 440 3359 487 nostro
3373 430 3496 488 Jesu
3509 429 3716 503 Christo.

2171 543 2267 584 oro
2295 539 2349 582 et
2373 527 2596 581 obsecro
2624 542 2719 580 vos
2761 565 2775 588 ,
2818 526 3068 580 obtentus
3096 523 3399 592 hujusmodi
3439 526 3723 581 rescinden-

2173 629 2274 682 tes.
2301 635 2368 673 ne
2392 627 2799 674 contemnamus
2827 617 2972 687 leges
3001 617 3092 670 Dei
3119 613 3326 687 [neque
3351 626 3606 687 pra-cepta
3625 619 3724 688 ejus

2171 709 2550 784 spernamus],
2585 721 2640 764 nt
2674 711 2943 781 possimus
2971 708 3197 764 Domino
3223 709 3492 778 placentes
3519 726 3724 779 presen-
3781 745 3788 758 ι

2174 809 2278 857 tem
2311 804 2470 856 vitam
2503 803 2836 872 transigere,
2882 811 2936 856 et
2978 801 3240 871 promissa
3279 803 3530 872 consequi
3573 803 3722 870 bona,

2170 893 2340 963 gratia
2368 903 2422 948 et
2449 893 2776 964 benignitate
2810 893 3019 947 Domini
3045 892 3212 946 nostri
3237 891 3362 946 Jesu
3391 891 3602 958 Christi,
3627 897 3727 964 qui-

2171 1001 2290 1038 cum
2320 985 2461 1038 Patri
2491 984 2681 1055 gloria,
2708 985 3010 1053 imperium,
3030 985 3222 1048 honor,
3250 999 3368 1038 cum
3392 987 3724 1055 sanctissimo,

2172 1076 2313 1130 bono
2341 1086 2395 1130 et
2419 1077 2629 1130 vivilico
2656 1076 2877 1144 Spiritu,
2911 1090 3053 1130 nunc
3078 1085 3134 1128 et
3163 1090 3377 1146 semper
3402 1117 3417 1140 ,
3459 1085 3514 1130 et
3555 1077 3604 1130 in
3642 1093 3725 1132 εικ-

2171 1167 2290 1222 cula
2337 1167 2676 1222 saeculorum.
2727 1168 2915 1220 Amen.

1901 1435 2236 1504 HOMILIA
2280 1435 2381 1496 Ll.

477 1616 606 1673 Car.
664 1597 752 1672 ἐι.
805 1633 855 1671 v.
901 1615 991 1669 ‘22.
1028 1611 1236 1667 Distulit
1291 1617 1457 1662 autem
1503 1603 1620 1657 illos
1661 1597 1851 1655 Felix,
1896 1587 2068 1643 certis-

548 1713 673 1766 sime
701 1711 860 1764 sciens
887 1711 950 1762 de
973 1709 1052 1761 via
1074 1708 1168 1758 hac
1194 1746 1207 1767 ,
1236 1703 1404 1756 dicens
1427 1715 1445 1752 :
1473 1695 1599 1750 Cum
1627 1691 1806 1762 Lysias
1839 1685 2066 1740 tribunus

551 1803 902 1866 descenderit,
955 1800 1247 1870 dignoscmn
1293 1809 1372 1846 res
1419 1798 1627 1844 vestras.
1673 1783 1765 1838 9.3.
1812 1777 2071 1845 Jussitque

553 1895 897 1948 centurionem
943 1888 1193 1944 custodire
1241 1883 1462 1940 Paulum
1488 1921 1503 1943 ,
1549 1878 1809 1947 ipsumque
1852 1867 2070 1937 requiem

553 1991 733 2042 [rabere
758 2028 771 2048 ,
816 1985 1158 2050 neminemque
1188 1976 1517 2047 farniliarium
1545 1965 1797 2040 prohiberi
1822 2004 1837 2030 ,
1875 1958 2064 2029 quomi-

556 2097 652 2133 nus
678 2078 982 2131 ministraret
1009 2074 1052 2126 ei
1079 2115 1094 2138 ,
1125 2071 1199 2124 vel
1223 2067 1482 2122 accederet
1507 2062 1574 2116 ad
1603 2075 1736 2114 etnn.

556 2175 608 2227 1.
675 2171 806 2225 Vide
855 2178 1048 2239 quanta
1101 2167 1190 2219 fiat
1236 2161 1517 2232 probatio,
1565 2155 1739 2225 primo
1777 2147 2000 2239 quidem
2040 2159 2070 2198 a

483 2265 666 2320 multis
690 2306 704 2327 ,
733 2235 930 2316 deinde
963 2259 1127 2311 multo
1155 2266 1396 2323 tempore
1421 2291 1436 2315 ,
1471 2259 1528 2302 ut
1555 2262 1620 2299 ne
1648 2243 1753 2298 dici
1786 2235 2070 2311 possetjtt-

483 2359 678 2412 dicittnt
705 2354 896 2424 raptim
925 2353 1116 2405 factum
1145 2347 1330 2400 fuisse.
1353 2343 1485 2410 Quia
1515 2339 1658 2392 enim
1685 2336 2072 2389 memoraverat

484 2449 694 2520 Lysiam
726 2455 909 2501 orator
933 2485 948 2509 ,
978 2443 1161 2496 dicens
1192 2439 1336 2492 illtnn
1385 2434 1436 2488 vi
1481 2429 1766 2486 abduxisse
1807 2425 2026 2480 Paulum
2052 2463 2067 2487 ,

482 2518 778 2610 opportune
804 2536 982 2593 subdit
1008 2533 1199 2589 Felicis
1229 2529 1390 2584 verba
1411 2568 1425 2591 ,
1454 2536 1505 2580 ct
1532 2527 1607 2609 ait
1631 2542 1646 2576 :
1675 2518 1882 2574 Distulit
1904 2523 2071 2567 autent

483 2635 598 2688 illos
633 2631 779 2686 Felix
804 2673 818 2693 ,
853 2627 1127 2683 certissime
1153 2623 1314 2678 sciens
1340 2619 1402 2671 de
1430 2617 1510 2670 via
1534 2604 1668 2678 hac;
1699 2611 1752 2664 id
1781 2617 1864 2664 est
1888 2648 1902 2671 ,
1932 2615 2070 2659 tem-

487 2725 688 2794 pestive
719 2722 960 2780 remisit;
1013 2735 1118 2772 non
1159 2729 1294 2785 opus
1339 2711 1543 2764 habens
1588 2706 1834 2766 discere,
1877 2700 1971 2753 sed
2016 2706 2074 2751 ut

485 2791 767 2886 repelleret
796 2813 1031 2869 JudzL-os.
1079 2808 1352 2863 Dimittere
1386 2810 1604 2872 propter
1642 2798 1762 2852 illos
1818 2791 2070 2855 nolebat;

489 2882 678 2977 punire
727 2921 833 2960 non
888 2910 1135 2973 poterat;
1185 2897 1468 2966 impudens
1503 2892 1643 2946 enim
1691 2888 1896 2942 fuisset.
1952 2882 2072 2936 Ideo

485 2976 661 3054 dill'ert
687 3041 702 3063 ,
731 2998 914 3051 dicens
944 3014 956 3049 ε
988 2993 1114 3048 Cum
1141 2990 1322 3060 Lysias
1353 2986 1584 3040 tribunus
1610 2977 1922 3035 descenderit
1948 3017 1960 3035 ,
1990 2976 2071 3027 di-

485 3106 724 3162 gnoscam
757 3105 836 3142 res
883 3096 1090 3141 vestras.
1135 3082 1396 3150 Jussitque
1439 3075 1778 3131 centurionem
1820 3067 2074 3124 custodire

486 3182 713 3237 Paulum
738 3223 752 3245 ,
781 3182 1041 3249 ipsumque
1067 3175 1286 3241 requiem
1311 3171 1491 3226 [rabere
1511 3212 1526 3232 ,
1554 3167 1896 3233 neminemque
1918 3159 2069 3232 [ami-

492 3275 695 3330 liarium
725 3270 977 3342 prohiberi
1002 3311 1016 3334 ,
1045 3267 1310 3332 quominus
1339 3262 1640 3316 ministraret
1679 3258 1758 3322 ei,
1808 3253 1883 3309 uel
1925 3267 2072 3306 acce-

491 3369 628 3420 deret
655 3365 721 3418 ad
751 3379 882 3418 eunt.
938 3361 1174 3430 Requiem
1220 3357 1440 3419 habere,
1486 3350 1676 3419 inquit.
1721 3347 1810 3402 Sic
1850 3345 1996 3398 illurn
2040 3357 2072 3396 a

487 3458 801 3516 criminibus
831 3457 1057 3510 liberum
1093 3450 1314 3522 jndicat.
1347 3449 1455 3502 Cur
1499 3459 1626 3513 ergo
1663 3441 1868 3496 detinet
1905 3435 2074 3492 eum?

487 3552 545 3608 In
569 3551 873 3606 Judaiorum
903 3547 1125 3617 gratiam
1151 3585 1166 3610 ,
1197 3543 1280 3596 vel
1309 3541 1468 3594 etiam
1491 3550 1715 3606 sperans
1737 3549 1795 3589 se
1823 3531 2073 3602 pecunias

487 3653 826 3712 accepturum
859 3655 1001 3695 esse.
1038 3637 1238 3690 Idcirco
1270 3632 1491 3688 Paulum
1523 3637 1750 3692 evocat;
1793 3622 1933 3694 quod
1975 3637 2073 3675 att-

496 3747 600 3790 tem
629 3733 747 3787 ideo
775 3730 1115 3794 evocaverit,
1147 3727 1344 3780 indicat
1365 3721 1517 3776 nobis
1544 3720 1776 3788 scriptor
1798 3757 1814 3779 ,
1847 3713 2072 3782 subjun—

486 3841 619 3897 ‘gens
645 3823 715 3879 ac'
735 3823 919 3878 dicens
951 3840 962 3874 :
995 3821 1086 3874 24.
1123 3819 1246 3872 Post
1285 3817 1476 3884 aliquot
1513 3823 1681 3866 autem
1729 3810 1835 3862 dies
1875 3806 2076 3860 veniens

491 3917 643 3972 Felix
672 3933 785 3968 cum
818 3912 1044 3966 Drusilla
1072 3926 1227 3965 uxore
1252 3925 1343 3962 sua
1365 3949 1379 3972 ,
1410 3921 1521 3975 qua:
1547 3913 1654 3957 erat
1677 3902 1860 3955 Judtea
1885 3939 1898 3963 ,
1930 3914 2079 3952 voca-

487 4012 555 4064 rit
587 4009 810 4063 Paulum
834 4050 850 4075 ,
879 4016 927 4061 et
957 4006 1144 4059 audivit
1171 4003 1230 4055 ab
1261 4019 1316 4055 eo
1344 4001 1496 4070 [idem
1520 4041 1534 4064 ,
1563 4013 1675 4067 qua:
1713 4006 1783 4050 est
1825 3995 1880 4047 in
1923 3991 2075 4047 Chri-

486 4113 618 4157 stum
644 4101 838 4155 Jesum.
869 4100 961 4154 ‘25.
1009 4097 1313 4166 Disputante
1357 4104 1522 4146 autem
1560 4090 1650 4143 illo
1695 4089 1756 4142 de
1794 4085 1993 4158 justitia
2028 4093 2078 4138 et

489 4197 717 4250 castitate
741 4203 786 4247 et
807 4193 868 4245 de
888 4192 1087 4262 judicio
1113 4193 1284 4257 futuro
1305 4231 1318 4251 ,
1347 4185 1664 4254 tremefactus
1694 4180 1844 4234 Felix
1866 4195 2077 4247 respon-

494 4291 567 4341 dit
593 4305 610 4342 :
641 4287 788 4352 Quod
814 4302 946 4340 nunc
976 4287 1183 4344 attinet,
1216 4282 1376 4344 vade;
1423 4289 1645 4345 tempore
1679 4286 1846 4328 autem
1884 4288 2076 4343 appor-

496 4393 617 4433 tuno
647 4395 899 4432 accersam
924 4386 970 4428 te
997 4391 1014 4428 :
1040 4375 1130 4428 ‘26.
1153 4373 1302 4425 simul
1328 4386 1536 4440 sperans
1559 4372 1665 4438 [ore
1687 4377 1736 4418 ut
1764 4365 1974 4434 pecunia
2003 4363 2079 4416 illi

494 4473 704 4526 daretur
730 4488 759 4523 a
790 4469 957 4525 Paulo
987 4479 1041 4520 ut
1069 4467 1278 4520 solveret
1309 4480 1420 4515 eum
1451 4477 1468 4514 :
1501 4469 1704 4529 propter
1741 4456 1874 4528 quod
1905 4465 1948 4508 et
1973 4459 2077 4525 fre-

491 4573 698 4634 quenter
723 4576 981 4616 accersens
1005 4575 1117 4612 eum
1141 4599 1155 4622 ,
1180 4554 1471 4625 loquebatur
1509 4568 1622 4604 cum
1661 4566 1738 4604 eo.
1785 4548 1919 4602 Vide
1944 4563 2077 4615 quo-

498 4655 659 4710 modo
703 4669 823 4724 qua:
863 4652 1058 4721 scripta
1107 4659 1266 4713 sunt,
1311 4648 1591 4701 veritatem
1634 4660 1742 4712 prae
1789 4658 1848 4697 se.
1887 4641 2076 4696 ferant.

502 4748 825 4805 Accersebat
865 4762 986 4800 eum
1035 4744 1383 4813 frequenter,
1433 4753 1539 4793 non
1581 4737 1852 4791 admirans
1894 4735 2076 4798 illum,

493 4855 665 4910 neque
694 4839 835 4892 dicta
871 4835 1132 4902 laudans,
1177 4848 1275 4888 nec
1320 4831 1462 4902 quod
1498 4831 1661 4884 vellet
1689 4827 1945 4891 credere;
1987 4826 2080 4879 sed

493 4931 622 5000 quid
644 4931 668 4985 ἲ
694 4930 1011 5000 Exspectans
1034 4970 1048 4992 ,
1085 4926 1294 4996 inquit,
1330 4933 1384 4977 ut
1418 4923 1643 4992 pecunia:
1687 4920 1782 4973 sibi
1820 4919 2079 4971 darentur.

495 5023 630 5078 Vide
659 5022 927 5092 quomodo
959 5029 1064 5074 non
1096 5019 1327 5073 occultet
1376 5017 1460 5070 hic
1499 5014 1692 5085 judicis
1737 5011 2079 5067 sententiam.

495 5114 659 5184 Atqui
687 5115 730 5167 si
752 5114 1059 5168 damnasset
1089 5155 1104 5177 ,
1133 5127 1239 5166 non
1270 5111 1370 5164 hoc
1396 5108 1611 5164 fecisset
1637 5148 1651 5172 ,
1684 5121 1856 5175 neque
1883 5105 2082 5158 Voluis-

498 5213 582 5259 sct
612 5203 799 5258 audire
823 5202 1133 5257 damnatum
1161 5212 1212 5256 et
1239 5201 1545 5256 scelestum.
1579 5197 1648 5252 Et
1674 5197 1793 5251 vide
1823 5195 2044 5250 Paulum
2070 5266 2072 5269 τ

496 5307 598 5351 etsi
629 5309 749 5348 cum
781 5294 1020 5362 principe
1063 5295 1402 5362 loquentem,
1453 5292 1581 5346 nihil
1629 5304 1813 5344 eorum
1862 5287 2080 5350 dicere,

498 5402 619 5458 qua:
646 5385 963 5439 videbantur
992 5401 1149 5453 posse
1190 5387 1424 5438 animum
1457 5385 1573 5452 ejus
1609 5381 1952 5443 demulcere;
1991 5378 2084 5433 sed

503 5495 623 5547 qua:
654 5477 801 5531 illum
831 5476 1105 5530 terrebant
1127 5516 1142 5538 ,
1175 5475 1396 5544 ejusque
1427 5484 1658 5528 mentem
1686 5471 2080 5527 concutiebant.

506 5573 783 5641 Disputans
807 5610 821 5634 ,
853 5568 1023 5638 inquit
1047 5611 1060 5634 ,
1091 5567 1154 5621 de
1173 5569 1378 5637 jnstitia
1402 5609 1416 5630 ,
1449 5568 1509 5620 de
1534 5569 1761 5620 castitate
1784 5577 1830 5620 et
1858 5567 1918 5619 de
1936 5566 2083 5630 judi-

500 5663 581 5716 cio
606 5662 798 5730 fatum.
822 5658 1175 5729 Tremefactns
1203 5667 1274 5711 est
1302 5656 1471 5710 Felix.
1501 5657 1668 5710 Tanta
1699 5657 1777 5710 vis
1798 5665 1914 5711 erat
1938 5653 2082 5710 Pauli

505 5753 830 5818 verborum,
865 5760 922 5807 ut
950 5751 1243 5822 principem
1289 5757 1570 5804 terrerent.
1620 5749 1682 5802 Et
1735 5748 1823 5802 hic
1869 5747 2083 5816 quidem

508 5860 872 5904 successorem
920 5845 1155 5917 accipit,
1216 5852 1268 5901 et
1313 5843 1454 5900 hunc
1512 5843 1743 5898 vinctum
1800 5842 2080 5912 relinquit,

2175 1577 2416 1648 quamvis
2447 1594 2552 1632 non
2582 1579 2898 1648 oportebat,
2931 1589 2986 1634 ct
3031 1579 3154 1635 linis
3200 1582 3556 1651 imponendos
3601 1597 3730 1650 crat;

2174 1670 2270 1724 sed
2298 1671 2389 1725 ille
2417 1671 2469 1725 in
2493 1670 2797 1726 Judueorum
2826 1674 3048 1742 gratiam
3073 1674 3291 1744 reliquit
3317 1676 3490 1730 illum;
3521 1677 3597 1731 llli
3626 1696 3732 1733 vero

2174 1763 2253 1816 sic
2294 1763 2594 1833 urgebant,
2647 1773 2703 1818 ut
2749 1764 2939 1818 iterum
2994 1764 3134 1834 apud
3181 1765 3415 1836 judicent
3468 1769 3732 1836 instarent;

2175 1855 2418 1924 quamvis
2437 1854 2574 1924 apud
2603 1855 2806 1908 nullum
2837 1871 3084 1926 umquam
3109 1858 3479 1926 apostolorum
3509 1860 3583 1913 sic
3611 1877 3734 1915 urse-

2175 1948 2323 2013 rint,
2352 1947 2447 2001 sed
2481 1957 2758 2017 postquam
2788 1947 2839 2002 in
2870 1948 2993 2003 illos
3022 1949 3390 2014 incesserant,
3435 1951 3734 2008 destiterint.

2175 2036 2252 2092 Ita
2283 2039 2550 2108 provisum
2577 2048 2660 2096 est
2683 2080 2698 2106 ,
2730 2049 2786 2094 ut
2812 2040 3144 2112 Jerosolyma
3176 2041 3458 2098 recederet
3486 2085 3498 2107 ,
3529 2062 3640 2099 cum
3671 2059 3735 2101 ta-

2175 2133 2314 2188 libus
2344 2133 2469 2188 feris
2498 2133 2780 2189 decertans
2806 2151 2820 2198 ;
2849 2143 2904 2189 et
2933 2145 3108 2190 tamen
3160 2135 3233 2189 illi
3270 2146 3464 2208 rogant
3499 2139 3657 2208 ipsum
3684 2158 3737 2196 eo

2175 2225 2368 2280 adduci
2410 2225 2779 2295 judicandum.
2827 2227 2933 2282 Sed
2981 2227 3069 2282 hic
3113 2243 3325 2283 rursum
3367 2233 3613 2300 apparuit
3661 2232 3736 2288 Dei

2176 2317 2506 2386 providentia
2536 2358 2552 2384 ,
2586 2318 2676 2388 qui
2725 2319 2776 2373 id
2810 2318 3046 2389 jndicem
3096 2317 3274 2375 facere
3318 2335 3426 2375 non
3475 2324 3734 2392 permisit:

2176 2407 2467 2464 verisimile
2511 2420 2658 2465 certe
2703 2419 2818 2464 erat
2861 2411 3033 2481 ipsum
3081 2426 3250 2481 nuper
3291 2411 3358 2466 ad
3409 2415 3736 2484 principatum

2174 2511 2415 2555 evectum
2439 2542 2453 2564 ,
2487 2501 2540 2556 id
2566 2502 2832 2557 facturum
2863 2503 2914 2557 in
2944 2503 3156 2559 illorum
3196 2507 3424 2575 gratiam
3468 2522 3620 2573 esse;
3660 2510 3736 2562 sed

2178 2607 2281 2644 rion
2311 2593 2560 2646 concedit
2593 2593 2754 2647 Deus.
2802 2593 3091 2664 Postquam
3123 2606 3300 2650 autem
3333 2597 3735 2666 descenderant,

2178 2685 2537 2753 impudentius
2567 2695 2622 2741 et
2652 2687 3016 2742 vehementius
3044 2692 3418 2745 accusationes
3452 2692 3730 2748 interit-int:

2176 2793 2402 2849 cumque
2429 2795 2532 2834 non
2567 2792 2784 2849 possent
2817 2782 2966 2836 illum
2992 2799 3056 2837 ex
3090 2784 3346 2853 legalibus
3375 2801 3572 2855 capere
3593 2827 3607 2853 ,
3636 2806 3734 2843 rur-

2176 2888 2268 2926 sus
2295 2888 2390 2942 pro
2417 2886 2566 2928 mere
2593 2889 2690 2928 suo
2717 2873 2984 2930 Caesarem
3017 2877 3274 2931 inducunt
3297 2919 3312 2942 ,
3343 2890 3400 2932 ut
3429 2878 3634 2933 Christo
3659 2883 3736 2936 ob—

2171 2965 2436 3034 jecernnt.
2465 2965 2681 3020 Paulum
2713 2968 2855 3020 enim
2879 2982 2938 3021 se
2968 2967 3258 3024 defendere
3285 2971 3351 3025 de
3382 2972 3607 3041 objectis
3629 2991 3737 3028 Cott-

2179 3068 2258 3113 tra
2318 3059 2587 3114 Caesarem
2646 3062 2918 3130 peccatis,
2981 3061 3151 3130 palam
3222 3074 3370 3129 erat,
3451 3067 3587 3122 unde
3641 3068 3735 3123 lta-c

2175 3148 2456 3206 declarans
2481 3152 2652 3220 pergit
2684 3169 2696 3203 :
2728 3150 2817 3204 ΕΠ.
2851 3150 3063 3205 Biennio
3091 3163 3256 3206 autem
3286 3154 3490 3225 expleto
3509 3200 3523 3224 ,
3570 3164 3737 3230 accepit

2175 3259 2506 3298 successorem
2561 3243 2715 3299 Felix
2769 3244 3010 3299 Porcium
3068 3245 3298 3300 Festum.
3359 3247 3545 3302 Valens
3593 3263 3735 3306 autent

2176 3339 2392 3408 gratiam
2425 3350 2663 3407 praestare
2683 3339 2882 3394 Judwis
2909 3340 3060 3396 Felix
3082 3385 3097 3408 ,
3141 3345 3342 3412 reliquit
3387 3343 3609 3398 Paulum
3642 3347 3734 3399 riu-

2175 3440 2329 3482 ctum.
2365 3429 2513 3499 (Cap.
2543 3430 2666 3506 25.)
2709 3433 2759 3485 1.
2809 3431 2992 3486 Festus
3034 3451 3150 3504 ergo
3189 3449 3426 3504 suscepta
3469 3439 3732 3507 provincia,

2179 3533 2288 3588 post
2319 3525 2542 3577 triduum
2585 3526 2808 3578 ascendit
2850 3525 3081 3581 thsarea
3109 3526 3507 3599 Jerosolgumm.
3534 3531 3584 3584 2.
3610 3531 3735 3584 Adie-

2176 3629 2392 3686 runtque
2421 3617 2564 3672 illum
2591 3619 2841 3688 principes
2867 3622 3182 3673 sacerdotum
3212 3631 3260 3673 et
3286 3622 3442 3690 primi
3468 3621 3734 3676 Judarorum

2177 3712 2417 3767 adversus
2469 3711 2725 3777 Paulum,
2768 3722 2815 3765 et
2863 3713 3105 3782 rogabant
3153 3729 3303 3775 eum;
3349 3716 3406 3768 5.
3456 3716 3734 3783 postulantes

2177 3807 2396 3877 gratiam
2424 3807 2662 3859 adversus
2691 3821 2833 3868 eum,
2863 3817 2918 3857 ut
2936 3807 3135 3876 jubere!
3163 3807 3369 3872 perduci
3396 3824 3512 3860 eum
3541 3809 3588 3860 in
3611 3807 3735 3860 Jeruo

2178 3898 2372 3963 salem,
2405 3898 2617 3952 insidias
2646 3899 2900 3952 tendentes
2942 3908 2995 3951 ut
3027 3899 3360 3966 interﬁcerent
3408 3918 3521 3953 eum
3564 3901 3611 3954 in
3653 3903 3730 3954 ria.

2179 3994 2235 4046 4.
2268 3991 2449 4046 Festus
2480 4009 2592 4046 vero
2623 3992 2920 4061 respondit,
2951 4001 3005 4044 ut
3033 4003 3314 4045 servaretur
3339 3997 3545 4061 quidem
3572 3993 3734 4046 Paulus

2180 4083 2460 4150 Cwsarew,
2490 4100 2543 4138 se
2566 4100 2680 4138 vero
2707 4084 2839 4136 brevi
2877 4083 2966 4136 illo
3007 4083 3367 4154 profecturum.
3411 4087 3466 4141 5.
3513 4085 3608 4150 Qui
3645 4101 3731 4138 rere

2179 4177 2310 4230 inter
2331 4192 2416 4229 vos
2442 4217 2454 4239 ,
2489 4175 2658 4244 inquit
2684 4217 2698 4238 ,
2734 4184 2956 4244 potentes
2981 4184 3134 4236 sunt,
3179 4175 3535 4230 descendentes
3570 4177 3731 4238 simul,

2179 4268 2224 4320 si
2251 4267 2385 4335 quod
2410 4275 2480 4319 est
2504 4267 2726 4330 crimen,
2757 4275 2988 4318 accusent
3013 4282 3145 4320 eum.
3189 4267 3243 4320 6.
3276 4265 3575 4322 Demaratus
3598 4278 3733 4320 autem

2180 4357 2311 4411 inter
2331 4373 2413 4410 eos
2434 4357 2608 4409 diebus
2632 4355 2746 4427 plus
2772 4373 2920 4426 quam
2947 4359 3113 4410 decem
3138 4397 3152 4421 ,
3178 4358 3433 4412 descendit
3457 4358 3729 4422 Cresarcsm,

2183 4463 2228 4506 et
2258 4462 2455 4520 postero
2497 4452 2578 4504 die
2620 4451 2746 4504 sedit
2790 4467 2882 4520 pro
2925 4450 3206 4516 tribunali,
3239 4452 3497 4521 jussitque
3541 4449 3731 4505 Paulum

2182 4545 2388 4597 adduci.
2425 4545 2478 4598 7.
2511 4544 2610 4609 Qui
2648 4560 2761 4596 cum
2809 4543 3079 4604 perductus
3125 4555 3284 4609 esset,
3332 4545 3730 4597 circumsteterunt

2183 4653 2296 4692 eum
2321 4677 2336 4700 ,
2364 4637 2452 4706 qui
2481 4653 2512 4688 a
2541 4634 2826 4689 Jerusalem
2857 4635 3213 4688 descenderant
3236 4635 3410 4689 λιιι(ίυὶ
3431 4678 3446 4704 ,
3496 4635 3662 4688 multas
3695 4642 3731 4685 et

2184 4747 2359 4802 graves
2405 4745 2587 4783 causas
2635 4728 2922 4797 objicientes
2961 4725 3132 4781 Paulo
3157 4768 3171 4788 ,
3225 4744 3350 4798 quas
3389 4745 3493 4780 non
3539 4733 3731 4797 poterant

2184 4823 2398 4893 probare
2422 4838 2440 4875 :
2461 4822 2514 4877 8.
2550 4820 2714 4874 Paulo
2738 4822 2983 4874 rationem
3009 4819 3246 4873 reddente
3270 4862 3284 4884 ,
3325 4821 3563 4890 quoniam
3607 4830 3733 4886 neque

2184 4915 2238 4970 in
2263 4917 2419 4985 legem
2448 4912 2747 4966 Jrrttatorum
2772 4953 2786 4976 ,
2818 4928 2974 4980 neque
3002 4913 3053 4965 in
3079 4912 3317 4980 teritplum
3339 4952 3353 4976 ,
3394 4928 3551 4981 neque
3572 4911 3618 4963 in
3641 4908 3730 4963 Ca:-

2185 5024 2349 5061 sarem
2381 5006 2598 5078 peccavi.
2628 5005 2682 5060 9.
2724 5003 2909 5059 Festus
2949 5015 3115 5057 autem
3159 5005 3329 5056 volens
3373 5005 3586 5073 gratiam
3621 5016 3731 5071 pra:-

2185 5110 2318 5154 stare
2342 5097 2541 5152 Juda'is
2563 5139 2578 5160 ,
2608 5097 2915 5167 respondens
2944 5096 3110 5150 Paulo
3131 5135 3150 5160 ,
3179 5096 3306 5148 dixit
3334 5112 3352 5148 :
3387 5095 3474 5149 Vis
3496 5091 3732 5161 Jercsoly-

2187 5209 2322 5244 mam
2351 5191 2651 5244 descendere
2673 5233 2687 5254 ,
2714 5200 2760 5243 et
2786 5189 2854 5242 ibi
2880 5191 2942 5243 de
2965 5189 3043 5243 his
3058 5190 3282 5260 jndicari
3305 5189 3448 5257 apud
3476 5189 3587 5241 me!
3626 5184 3734 5238 Vide

2187 5285 2454 5355 quomodo
2480 5294 2535 5338 et
2568 5285 2655 5337 ille
2681 5283 2878 5337 Iudaeis
2901 5284 3259 5354 gratilicatur,
3290 5282 3538 5337 universo
3567 5277 3730 5350 populo

2187 5387 2242 5432 et
2293 5378 2514 5431 civitati.
2564 5375 2686 5430 Ideo
2733 5389 2920 5429 rursus
2971 5377 3119 5430 illum
3169 5374 3474 5441 terrefacit,
3521 5371 3735 5427 humanis

2191 5481 2343 5525 utens
2370 5471 2534 5524 armis
2563 5488 2577 5523 :
2607 5479 2660 5523 et
2684 5468 2805 5522 andi
2835 5468 3121 5538 quomodo.
3151 5469 3239 5523 {0.
3273 5467 3411 5522 Dixit
3436 5477 3595 5521 autem
3617 5464 3735 5519 Pas-

2192 5564 2270 5617 lus
2299 5580 2317 5617 :
2347 5564 2426 5617 Ad
2449 5563 2671 5616 tribunal
2694 5562 2908 5617 Ctesaris
2932 5573 3006 5616 διο
3031 5579 3049 5626 ;
3070 5563 3137 5617 ibi
3174 5580 3254 5616 me
3288 5571 3480 5632 oportet
3508 5556 3723 5631 judicari.

2189 5656 2387 5709 Juda’is
2417 5656 2545 5709 nihil
2575 5655 2722 5708 nocui
2745 5697 2760 5721 ,
2783 5655 2911 5708 sicut
2939 5665 2992 5708 tu
3020 5655 3195 5708 melius
3221 5656 3365 5708 nosti.
3402 5656 3489 5710 ll.
3528 5652 3584 5707 Si
3621 5651 3732 5703 enim

2192 5747 2339 5800 nocui
2357 5787 2372 5813 ,
2395 5757 2480 5799 aut
2496 5747 2704 5817 dignum
2725 5756 2885 5800 morte
2904 5747 3096 5816 aliquid
3119 5746 3215 5815 feci
3239 5787 3253 5810 ,
3278 5761 3375 5798 nor.
3397 5760 3565 5799 recuso
3584 5740 3695 5793 mori
3715 5753 3732 5791 :

2193 5841 2236 5894 si
2263 5855 2375 5896 rcra
2416 5839 2544 5895 nihil
2588 5848 2660 5896 est
2703 5856 2916 5909 eorum,
2963 5856 3074 5910 qua:
3101 5841 3152 5895 hi
3197 5851 3428 5894 accusant
3467 5853 3575 5902 me,
3616 5848 3735 5887 nemo
