3948 6498
208 430 292 493 353

212 555 338 624 potest
360 557 426 596 me
450 537 551 591 illis
579 536 789 588 donare.
839 528 1354 624 Casuram—appello.
1400 525 1506 624 Sed
1549 524 1741 624 dixerit

211 617 425 712 quispiam
452 648 465 683 :
496 629 603 683 Cur
628 642 751 682 cum
775 626 1013 681 audisset
1035 664 1052 689 ο
1082 622 1290 692 Oportet
1319 633 1365 674 te
1388 621 1538 673 etiam
1566 617 1742 672 Roma:

212 711 423 797 testiﬁcari
447 723 505 775 de
527 737 606 777 me
629 722 647 792 (
668 722 785 775 Act.
804 720 897 775 εδ.
919 719 979 773 11
1008 718 1048 787 ),
1074 716 1222 786 quasi
1246 729 1351 769 non
1378 712 1604 767 credens
1628 711 1744 765 haec

212 814 433 877 faciebat?
454 811 634 875 Absit;
656 812 749 867 sed
770 821 824 866 et
845 809 998 864 valde
1022 806 1274 862 credens.
1292 804 1457 873 Magis
1480 816 1608 857 vero
1624 810 1743 856 ten-

210 912 339 968 tantis
367 906 539 960 fuisset
567 903 708 957 illius
734 899 1015 957 sententia:
1044 898 1228 962 ﬁdere,
1254 909 1482 964 seseque
1510 895 1560 947 in
1600 891 1747 946 mille

209 1001 403 1075 pericula
431 994 697 1066 conjicere
720 1034 736 1059 ,
768 1007 832 1048 ac
853 993 1030 1047 dicere
1054 1006 1069 1045 :
1100 988 1391 1045 Videamus
1418 1000 1543 1039 num
1575 982 1745 1052 possit

210 1100 323 1153 Deus
340 1094 485 1148 etiam
508 1090 585 1143 sic
606 1087 815 1156 eripere
845 1101 951 1141 me.
975 1083 1082 1139 Sed
1105 1082 1207 1136 hoc
1234 1095 1343 1135 non
1369 1078 1495 1132 facit
1515 1076 1709 1131 Paulus
1726 1115 1743 1138 ,

210 1202 364 1244 verum
389 1196 498 1253 quae
530 1195 697 1250 penes
720 1194 781 1234 se
811 1186 965 1233 erant
991 1176 1171 1231 omnia
1202 1173 1413 1234 adfert,
1445 1179 1611 1224 totum
1642 1168 1750 1222 Deo

208 1278 501 1351 permittens.
531 1271 662 1327 Sese
690 1284 823 1325 vero
846 1267 1141 1325 defendens
1160 1305 1177 1332 ,
1225 1264 1415 1320 leviter
1453 1259 1749 1351 principem

209 1348 516 1439 perstringit,
548 1376 612 1416 ac
639 1361 684 1416 si
712 1360 959 1415 diceret:
989 1357 1044 1413 Si
1083 1355 1278 1424 injuste
1317 1352 1443 1422 egi,
1484 1351 1658 1414 bene;
1706 1348 1753 1403 si

210 1476 295 1516 non
318 1458 500 1527 injuste
521 1454 602 1524 egi
629 1495 646 1520 ,
668 1467 765 1507 cur
785 1465 871 1506 me
894 1447 1059 1505 tradis
1078 1447 1102 1501 ?
1134 1445 1302 1501 Nemo
1323 1451 1483 1515 potest
1504 1483 1520 1508 ,
1548 1439 1751 1510 inquit,

212 1569 275 1607 me
294 1550 483 1603 donare.
514 1545 710 1600 Metam
737 1542 814 1596 illi
844 1540 1069 1607 incutit,
1104 1547 1165 1593 ut
1198 1552 1306 1592 non
1346 1534 1515 1605 possit
1553 1531 1757 1587 donare

215 1644 252 1699 si
269 1640 398 1701 velit,
427 1632 519 1689 sed
541 1632 704 1690 etiam
733 1628 877 1700 apud
902 1629 1025 1683 illos
1054 1641 1154 1698 pro
1172 1625 1529 1681 excusatione
1557 1624 1758 1680 habeat

213 1726 613 1804 appellationem.
645 1722 734 1778 12.
768 1721 913 1775 Tunc
947 1718 1136 1775 Festus
1165 1733 1284 1773 eum
1313 1717 1537 1772 concilio
1564 1719 1754 1787 loquu-

211 1837 299 1884 tus,
324 1819 616 1889 respondit:
640 1817 905 1872 Cwsarem
922 1816 1234 1885 appellasti;
1256 1815 1324 1868 ad
1347 1814 1611 1870 Caesarem
1628 1814 1750 1869 ibis.

266 1913 314 1968 2.
354 1909 476 1964 Vide
502 1950 519 1975 ,
550 1922 666 1964 rem
693 1906 942 1977 Agrippae
966 1903 1365 1968 communicat,
1398 1906 1456 1954 ut
1483 1899 1644 1954 etiam
1672 1896 1763 1951 alii

210 2007 296 2060 sint
317 2001 581 2057 auditores
606 2041 621 2065 ,
639 2009 694 2056 et
710 2014 810 2054 rex
833 2007 888 2054 et
910 1995 1180 2053 exercitus
1205 2002 1262 2049 et
1284 1992 1529 2048 Bernice.
1559 1988 1765 2044 Deinde

211 2110 390 2152 rursum
424 2090 690 2147 defensio.
726 2108 744 2141 ι
783 2090 873 2145 15.
898 2088 968 2142 Ει
992 2101 1115 2142 cum
1141 2085 1258 2140 dies
1284 2084 1488 2153 aliquot
1514 2081 1765 2136 transacti

212 2194 396 2249 essent,
426 2183 662 2253 Agrippa
693 2196 782 2235 rex
811 2191 866 2235 et
902 2179 1126 2236 Bernice
1164 2175 1559 2231 descenderunt
1587 2172 1765 2229 Caesa-

214 2292 331 2332 ream
356 2274 415 2329 ad
443 2272 783 2328 salutandum
833 2271 1069 2325 Festum.
1098 2269 1184 2324 14.
1220 2267 1286 2322 Ει
1328 2281 1449 2320 cum
1494 2266 1608 2319 dies
1652 2263 1767 2333 plu-

214 2384 284 2425 res
318 2369 381 2423 ibi
417 2367 858 2429 demorarentur,
896 2363 1085 2418 Festus
1127 2362 1238 2430 regi
1279 2356 1547 2413 retulitde
1582 2355 1768 2420 Paulo,

213 2460 407 2514 dicens:
439 2456 535 2510 Vir
563 2456 777 2524 quidam
805 2465 889 2509 est
921 2453 1208 2513 derelictus
1248 2466 1276 2503 a
1310 2450 1488 2504 Felice
1518 2448 1726 2502 vinctus
1755 2463 1769 2500 :

218 2558 290 2611 15.
316 2554 376 2608 de
401 2569 505 2622 quo
534 2594 553 2618 ,
582 2568 703 2606 cum
750 2565 928 2605 essem
965 2549 1315 2619 Jerosolymis
1338 2589 1353 2613 ,
1398 2547 1646 2601 adierunt
1688 2559 1775 2598 mc

218 2649 451 2716 principes
502 2643 848 2699 sacerdotum
904 2650 957 2696 et
1004 2641 1245 2695 seniores
1289 2638 1633 2701 Judzeorum,
1682 2650 1777 2703 po-

222 2736 448 2790 stulantes
497 2735 760 2789 adversus
790 2733 935 2787 illum
990 2732 1405 2785 damnationem.
1447 2728 1534 2783 16.
1577 2727 1778 2795 Quibus

218 2827 483 2895 respondi:
534 2826 655 2880 Non
698 2834 784 2880 est
826 2823 1083 2878 Romanis
1130 2820 1465 2878 consuetudo
1515 2819 1776 2874 damnare

221 2920 420 2988 aliquem
453 2918 731 2973 hominem
760 2942 775 2980 ,
809 2917 1118 2986 priusquam
1149 2916 1195 2969 is
1225 2914 1315 2983 qui
1340 2920 1620 2967 accusatur
1640 2926 1779 2981 prte-

218 3024 372 3068 seutes
421 3012 627 3067 habeat
675 3020 1055 3074 accusatores,
1114 3008 1402 3077 locumque
1456 3002 1781 3060 defendendi

223 3106 419 3176 accipiat
466 3106 538 3159 ad
588 3102 848 3159 abluenda
906 3103 1152 3157 crimina.
1200 3102 1288 3156 17.
1331 3101 1465 3155 Cum
1511 3113 1638 3169 ergo
1680 3096 1786 3151 huc

220 3199 579 3254 convenissent
602 3236 617 3261 ,
645 3197 762 3250 sine
793 3195 897 3249 ulla
929 3194 1187 3248 dilatione
1212 3191 1455 3262 sequenti
1483 3189 1569 3244 die
1592 3187 1787 3243 sedens

222 3304 304 3358 pro
364 3287 620 3343 tribunali
679 3285 812 3356 jussi
881 3284 1073 3340 adduci
1121 3284 1315 3338 virum.
1366 3282 1453 3336 18.
1517 3281 1592 3335 De
1645 3293 1781 3349 quo,

220 3396 321 3433 cum
349 3381 631 3436 stetissent
659 3388 1001 3433 accusatores
1024 3418 1039 3443 ,
1083 3377 1287 3430 nullam
1324 3390 1539 3430 causam
1578 3371 1786 3428 defere-

223 3472 365 3538 bant,
417 3471 486 3527 de
533 3471 736 3541 quibus
783 3484 883 3540 ego
923 3467 1272 3537 suspicabar;
1329 3466 1418 3522 19.
1470 3466 1790 3535 qumstioues

221 3577 330 3617 vrro
351 3562 613 3632 quasdam
640 3562 708 3617 de
737 3576 834 3616 sua
864 3561 1247 3631 superstitione
1290 3558 1560 3614 habebant
1602 3558 1793 3613 adver-

222 3666 300 3706 sus
320 3667 435 3707 eum
460 3693 476 3716 ,
509 3662 572 3708 et
605 3652 672 3707 de
696 3652 926 3722 quodam
972 3651 1098 3706 .lesu
1139 3650 1390 3705 defuncto
1413 3691 1429 3713 ,
1459 3665 1617 3720 quem
1643 3648 1790 3703 afﬁr-

225 3744 380 3798 mabat
424 3745 630 3799 Paulus
672 3745 872 3798 vivere.
927 3742 1017 3798 20.
1067 3742 1332 3797 Haesitans
1379 3753 1557 3796 autem
1601 3755 1701 3811 ego
1727 3739 1794 3795 de

225 3835 504 3906 huiusmodi
537 3837 863 3907 quaestione,
905 3835 1146 3890 dicebam
1170 3876 1186 3901 ,
1214 3851 1339 3889 num
1364 3834 1524 3889 vellet
1548 3834 1625 3888 ire
1643 3832 1796 3888 Jero-

224 3927 495 3997 Solymum,
520 3939 581 3985 et
632 3928 703 3983 ibi
741 3927 968 3998 judicari
1008 3926 1075 3981 de
1122 3927 1250 3981 illis.
1290 3925 1381 3980 21.
1426 3925 1589 3980 Paulo
1615 3933 1795 3980 autem

226 4020 503 4087 appellante
527 4060 543 4086 ,
583 4030 640 4073 ut
669 4028 979 4074 servaretur
1012 4018 1079 4071 ad
1120 4017 1343 4088 Augusti
1392 4017 1751 4085 cognitionem
1778 4056 1794 4080 ,

227 4107 340 4175 jussi
376 4112 589 4166 servari
615 4126 736 4165 eum
759 4152 773 4176 ,
806 4110 977 4164 donec
1004 4110 1207 4163 mittam
1236 4124 1357 4163 eum
1402 4108 1468 4161 ad
1508 4106 1795 4162 Caesarem.

233 4196 310 4251 2i.
350 4201 583 4271 Agrippa
646 4209 824 4254 autem
887 4199 1051 4255 Festo
1112 4199 1287 4254 dixit:
1338 4197 1543 4252 Vellem
1584 4207 1638 4253 et
1686 4198 1800 4267 ipse

236 4290 473 4349 hominem
502 4293 717 4349 audire.
746 4292 912 4358 Cras,
944 4293 1137 4363 inquit,
1184 4291 1374 4347 audies
1404 4292 1573 4345 illum.
1617 4309 1637 4342 ι
1667 4289 1802 4345 Vide

238 4397 422 4439 rursum
446 4385 855 4441 accusationem
887 4384 1193 4440 Iudaeorum
1227 4399 1331 4439 non
1363 4398 1393 4436 a
1426 4383 1589 4437 Paulo
1610 4423 1626 4447 ,
1654 4382 1747 4437 sed
1770 4398 1802 4438 a

230 4476 448 4547 principe
485 4487 785 4534 narratam.
839 4478 1087 4530 Adierunt
1122 4491 1239 4541 me,
1289 4475 1493 4541 inquit,
1554 4476 1804 4544 principes

230 4571 529 4625 sacerdotum
549 4579 604 4625 et
623 4569 845 4623 seniores
864 4567 1167 4622 Judazorum
1188 4605 1205 4631 ,
1230 4567 1545 4636 postulantes
1564 4565 1805 4620 adversus

230 4677 329 4714 eum
372 4663 774 4717 damnationem.
824 4659 1016 4726 Quibus
1065 4674 1157 4729 ego
1193 4658 1453 4726 respondi.
1504 4657 1636 4712 Vide
1678 4656 1804 4727 quid

231 4754 543 4821 respondeat
573 4752 643 4806 ad
672 4752 884 4806 illorum
918 4748 1286 4804 confusionem
1315 4763 1329 4800 :
1360 4747 1482 4801 Non
1502 4757 1573 4801 est
1600 4763 1807 4801 consue-

234 4844 341 4896 tudo
368 4843 623 4898 Romanis
648 4846 839 4897 donare
863 4841 1081 4911 aliquem
1116 4840 1369 4893 hominem
1392 4879 1406 4904 ,
1437 4848 1490 4893 ut
1517 4850 1728 4909 pereat;
1754 4839 1807 4894 id

232 4944 340 4999 est,
373 4945 669 5005 antequam
714 4935 978 4989 rationem
1016 4931 1247 4998 reddat,
1274 4946 1379 4984 non
1424 4941 1602 5000 potest
1640 4933 1808 4986 vestri

231 5026 383 5093 gratia
415 5027 583 5082 tradi.
608 5025 678 5082 Ut
706 5040 833 5080 vero
862 5024 1155 5079 secundum
1179 5036 1382 5076 morem
1408 5020 1533 5075 fecit
1551 5062 1566 5085 ,
1593 5036 1807 5076 causam

228 5132 326 5173 non
373 5119 819 5188 invenitzquare
872 5116 973 5171 hac
1021 5117 1087 5171 de
1132 5130 1191 5170 re
1235 5113 1489 5169 haesitat?
1539 5122 1597 5168 ut
1646 5114 1811 5184 liquet

230 5225 289 5263 ex
346 5212 703 5282 sequentibus
757 5227 772 5264 :
827 5208 1087 5264 Ilwsitans
1141 5216 1310 5259 autem
1360 5221 1452 5275 ego
1511 5206 1573 5259 de
1627 5205 1808 5273 hujus-

228 5306 357 5357 modi
383 5306 688 5375 quastione.
719 5303 809 5358 Sic
838 5301 1089 5372 loquitur,
1135 5314 1291 5354 suum
1338 5297 1661 5352 adumbratis
1693 5312 1813 5367 pec-

234 5406 421 5451 catum.
456 5398 528 5452 Et
558 5397 651 5451 ille
679 5396 891 5466 quidem
927 5394 1205 5447 adumbrat
1228 5431 1244 5453 ,
1267 5393 1497 5460 Agrippa
1520 5404 1649 5444 vero
1668 5392 1814 5459 cupit

231 5486 368 5542 illum
394 5488 609 5544 videre.
652 5487 786 5543 Vide
814 5485 1081 5554 principes
1121 5497 1333 5551 semper
1363 5480 1691 5536 inimicitiam
1715 5481 1811 5537 Ju-

234 5578 429 5633 daicam
461 5577 733 5648 repellere
758 5618 774 5644 ,
805 5585 861 5631 et
888 5584 1083 5646 praeter
1099 5574 1186 5643 jus
1213 5587 1356 5642 Stepe
1383 5587 1541 5642 agere
1569 5573 1684 5642 cogi
1709 5614 1725 5639 ,
1751 5587 1813 5627 ac

233 5668 497 5725 dilationis
526 5685 691 5727 ansas
717 5684 959 5739 quatrere
991 5686 1006 5720 :
1042 5681 1146 5721 non
1174 5666 1317 5719 enim
1364 5664 1614 5734 ignorans
1661 5665 1813 5721 diﬁ'e-

235 5760 377 5815 rebat
398 5803 413 5826 ,
445 5762 543 5816 sed
572 5775 788 5831 gnarus.
837 5759 1072 5830 Agrippa
1103 5772 1233 5810 vero
1264 5769 1369 5809 non
1404 5757 1560 5810 modo
1590 5773 1692 5811 non
1725 5773 1809 5811 rc-

238 5849 401 5920 pellit,
427 5854 527 5909 sed
551 5860 610 5908 et
632 5852 814 5908 audire
834 5860 1016 5922 optat:
1042 5848 1183 5922 quod
1206 5847 1552 5903 admiratione
1574 5850 1807 5919 dignum,

1210 415 1274 470 IN
1311 415 1491 471 ACTA
1530 409 2048 468 APOSTOLORUM.
2093 409 2321 466 llOMlL.
2365 412 2451 466 LI.

3311 418 3416 475 55l-

1850 523 1994 578 unde
2019 523 2071 577 in
2098 523 2422 578 desiderium
2446 524 2653 579 venerit
2676 524 2886 580 videndi
2910 525 3180 582 hominem
3206 544 3424 585 accusa-

1849 625 1959 669 tum
1987 616 2109 671 licet
2136 617 2352 687 injuste.
2386 617 2460 672 lta
2492 619 2668 673 ethoc
2696 635 2791 689 per
2815 621 3202 689 providentiam
3231 623 3427 679 factum

1848 714 1950 761 est.
1990 706 2346 773 Quamobrem
2394 718 2447 763 et
2490 725 2625 765 uxor
2670 712 2786 780 ejus
2823 712 2978 767 simul
3026 714 3212 780 audit,
3259 730 3357 770 nec
3397 729 3429 770 a

1848 800 2109 856 concione
2139 801 2311 856 abest.
2342 802 2453 856 Nec
2480 804 2651 857 solum
2694 805 2878 870 audit,
2923 806 3018 861 sed
3058 821 3180 861 cum
3226 807 3431 864 honore

1850 906 2064 962 magno.
2094 892 2273 947 Talem
2308 893 2494 949 habuit
2522 896 2872 965 cupiditatem
2899 916 2912 952 :
2938 913 3044 952 non
3073 900 3217 955 enim
3245 901 3431 955 audire

1850 984 2095 1055 petiisset
2119 1025 2136 1050 ,
2166 984 2269 1040 nisi
2301 985 2352 1040 id
2379 996 2653 1055 optasset,
2706 1006 2876 1060 neque
2903 992 3100 1046 sociam
3130 992 3434 1048 admisisset

1852 1089 2113 1139 uxorem,
2143 1075 2248 1130 nisi
2276 1090 2528 1145 magnum
2577 1078 2845 1148 quidpiam
2898 1081 2967 1137 de
3019 1082 3111 1137 illo
3156 1084 3431 1139 sensisset.

1854 1164 2075 1219 Videtur
2100 1175 2278 1221 autem
2307 1165 2437 1221 mihi
2465 1168 2613 1222 illam
2658 1185 2869 1240 quoque
2917 1173 3032 1228 tunc
3076 1175 3431 1231 desiderasse.

1855 1256 1922 1311 Et
1945 1256 2065 1311 vide
2092 1256 2312 1311 Paulum
2339 1258 2519 1312 statim
2544 1274 2650 1313 non
2676 1260 2743 1315 de
2770 1262 2873 1317 [ide
2911 1264 3084 1318 solum
3136 1274 3190 1320 et
3233 1266 3300 1320 de
3343 1281 3435 1322 re-

1855 1348 2113 1404 missione
2141 1360 2480 1419 peccatorum
2508 1390 2522 1414 ,
2556 1351 2651 1405 sed
2682 1352 2844 1407 etiam
2896 1354 2963 1408 de
3010 1356 3170 1410 rebus
3217 1357 3437 1427 agendis

1857 1442 2237 1498 disserentem.
2260 1442 2365 1498 Sed
2393 1443 2638 1512 superius
2665 1444 2805 1499 dicta
2836 1456 3157 1514 repetamus.
3203 1447 3267 1502 In
3300 1464 3437 1518 pra:-

1859 1534 2012 1598 senti,
2039 1533 2209 1603 inquit
2234 1575 2248 1599 ,
2273 1533 2355 1587 ubi
2378 1535 2841 1605 ;0pportunitatem
2864 1545 3029 1590 autem
3055 1548 3249 1604 nactus,
3273 1556 3439 1593 accer-

1860 1637 2061 1682 samte.
2093 1626 2224 1683 Vide
2272 1629 2612 1682 caecitatem:
2662 1627 2776 1683 haec
2823 1628 3045 1685 audiens
3094 1632 3341 1699 sperabat
3382 1648 3441 1687 se

1860 1720 2113 1789 pecunias
2133 1728 2474 1788 accepturum
2492 1720 2560 1775 ab
2586 1735 2672 1774 eo.
2694 1720 2762 1773 Et
2786 1735 2891 1773 non
2923 1721 3096 1775 solum
3122 1722 3221 1775 hoc
3242 1737 3400 1791 grave
3422 1738 3439 1785 ;

1864 1813 1955 1867 sed
1983 1813 2144 1867 etiam
2175 1813 2428 1881 loquutus
2454 1828 2576 1867 cum
2602 1828 2667 1867 eo
2692 1855 2708 1880 ,
2742 1829 2847 1867 non
2894 1813 3094 1868 dimisit
3141 1830 3260 1869 eum
3286 1831 3302 1880 ;
3349 1816 3443 1870 sed

1864 1903 1987 1973 quia
2018 1905 2069 1958 in
2102 1904 2435 1975 principatus
2462 1905 2621 1959 ﬁnem
2652 1915 2869 1961 venerat
2896 1947 2913 1970 ,
2942 1908 3158 1977 reliquit
3181 1924 3302 1963 eum
3331 1909 3446 1963 vin-

1866 2004 2007 2050 ctum
2035 2036 2050 2062 ,
2084 2004 2141 2050 ut
2164 1996 2556 2065 gratiﬁcaretur
2586 1997 2783 2053 Judzeis
2813 2016 2826 2052 :
2860 1998 3037 2069 itaque
3065 2016 3168 2054 non
3196 2002 3447 2070 pecunias

1868 2087 2029 2141 modo
2055 2129 2070 2152 ,
2098 2087 2191 2141 sed
2224 2097 2278 2141 et
2304 2088 2528 2157 gloriam
2560 2090 2825 2158 cupiebat.
2881 2090 2990 2145 Cur
3014 2133 3027 2155 ,
3057 2092 3281 2147 sceleste
3300 2134 3315 2158 ,
3357 2109 3449 2163 pes

1869 2178 2055 2232 cunias
2078 2178 2278 2246 quzeris
2303 2193 2333 2230 a
2359 2179 2476 2232 viro
2516 2180 2842 2233 contrarium
2885 2181 3205 2249 prmdicante
3234 2183 3257 2235 ?
3297 2183 3449 2250 Quod

1872 2278 2048 2321 autem
2078 2284 2181 2322 non
2209 2269 2507 2337 receperit,
2535 2270 2705 2339 palam
2727 2282 2809 2327 est
2834 2286 2898 2326 ex
2921 2287 2986 2327 eo
3010 2314 3027 2341 ,
3053 2274 3194 2342 quod
3219 2275 3449 2329 vinctum

1874 2360 2187 2429 reliquerit,
2215 2362 2491 2416 soluturus
2537 2363 2581 2416 si
2625 2364 2941 2432 accepisset.
2994 2366 3067 2420 De
3103 2370 3451 2438 temperantia

1877 2452 1963 2506 hic
1992 2452 2294 2522 disputabat
2320 2492 2336 2517 ,
2365 2462 2417 2507 et
2448 2453 2538 2509 ille
2565 2469 2594 2506 a
2628 2455 2744 2508 viro
2776 2456 2897 2508 talia
2928 2456 3178 2527 loquente
3206 2460 3454 2528 sperabat

1875 2557 1938 2598 se
1964 2544 2239 2611 pecuniam
2268 2554 2632 2613 accepturum.
2675 2545 2740 2599 Et
2771 2555 2953 2615 petere
2978 2548 3192 2616 quidem
3221 2564 3326 2603 non
3355 2564 3453 2604 au-

1878 2636 2038 2692 debat
2071 2655 2084 2690 :
2114 2637 2235 2691 talis
2262 2639 2457 2707 quippe
2484 2648 2568 2693 est
2592 2638 2813 2700 malitia,
2841 2639 2914 2710 (a)
2947 2638 3152 2710 [timida
3183 2657 3373 2711 nempe
3402 2653 3457 2697 et

1879 2730 2057 2784 omnia
2080 2738 2323 2799 suspecta
2350 2728 2606 2802 habens];
2637 2731 2888 2799 sperabat
2908 2742 3118 2787 autem:
3145 2734 3320 2803 itaque
3336 2736 3458 2803 jure

1882 2822 1987 2876 illis
2015 2822 2413 2891 gratiﬁcabatur
2437 2865 2451 2887 ,
2484 2832 2668 2891 utpote
2693 2824 2781 2892 qui
2812 2824 2881 2878 ibi
2915 2834 3060 2879 tanto
3088 2835 3327 2895 tempore
3356 2827 3460 2883 im-

1884 2922 2143 2982 perasset.
2172 2913 2341 2983 Igitur
2371 2913 2616 2978 Festum,
2648 2915 2733 2967 ubi
2779 2916 3090 2984 provinciam
3125 2919 3459 2988 suscepisset,

1884 3008 2119 3062 adierunt
2164 3007 2416 3078 principes
2474 3008 2793 3061 sacerdotum
2836 3018 2883 3062 et
2927 3010 3074 3079 primi
3121 3008 3418 3064 Judworum
3445 3053 3460 3077 ,

1885 3099 2144 3154 adversus
2165 3099 2385 3153 Paulum
2412 3140 2427 3165 ,
2452 3098 2642 3167 inquit.
2667 3099 2857 3154 Statim
2875 3108 2931 3155 et
2954 3114 2983 3153 a
3008 3101 3267 3171 principio
3285 3118 3466 3158 acces-

1888 3198 2074 3245 serunt
2099 3190 2445 3255 sacerdotes,
2486 3191 2578 3260 qui
2626 3205 2731 3245 non
2777 3191 2981 3262 gravati
3024 3191 3248 3248 fuissent
3284 3193 3465 3248 Cresa-

1890 3297 2034 3338 ream
2062 3283 2244 3337 venire
2271 3323 2285 3346 ,
2318 3282 2417 3336 nisi
2449 3283 2801 3351 praevenisset
2826 3283 3045 3337 veniens
3073 3283 3162 3338 ille
3186 3326 3202 3351 ,
3225 3284 3467 3354 quando-

1890 3375 2106 3446 quidem
2128 3374 2217 3429 ubi
2240 3373 2494 3440 advenit,
2528 3373 2706 3428 statim
2751 3374 2897 3429 illum
2941 3374 3203 3430 adierunt.
3240 3376 3306 3431 Et
3356 3395 3468 3432 cum

1891 3466 2226 3522 descendisset
2278 3464 2560 3519 Caesaream
2583 3506 2599 3531 ,
2656 3466 2949 3519 morabatur
3001 3466 3068 3519 ibi
3122 3467 3292 3521 decem
3341 3469 3467 3523 dies.

1894 3560 2053 3615 Forte
2077 3601 2093 3626 ,
2122 3559 2312 3628 opinor
2335 3599 2350 3624 ,
2382 3565 2439 3610 ut
2467 3568 2734 3625 prostarct
2759 3558 2838 3611 eis
2862 3600 2877 3623 ,
2925 3561 3014 3628 qui
3053 3560 3255 3614 vellent
3298 3562 3470 3630 ipsum

1894 3664 2258 3718 corrumpere.
2284 3648 2478 3703 Paulus
2499 3663 2627 3703 vero
2651 3658 2769 3702 erat
2798 3650 2847 3702 in
2876 3665 3114 3705 carcere.
3142 3650 3208 3704 Et
3229 3655 3473 3723 rogabant

1896 3759 2048 3804 eum,
2080 3740 2250 3809 inquit
2273 3779 2288 3803 ,
2315 3748 2369 3791 ut
2399 3738 2565 3808 ipsum
2595 3739 2950 3794 transmitteret
2983 3741 3036 3794 in
3063 3741 3365 3797 Jerusalem.
3409 3746 3473 3799 Et

1898 3849 1993 3886 cur
2024 3831 2246 3902 gratiam
2277 3832 2564 3900 petierunt,
2609 3832 2653 3885 si
2680 3830 2881 3898 justum
2914 3841 3029 3886 erat
3056 3842 3112 3887 ut
3139 3837 3475 3890 moreretur?

1900 3927 2005 3983 Sed
2040 3931 2108 3982 ita
2138 3929 2212 3983 illi
2252 3929 2547 3985 manifestm
2587 3932 2800 3985 fuerunt
2837 3930 3080 3996 insidizc,
3131 3941 3188 3985 ut
3231 3933 3473 3989 diceret:

1914 4017 2019 4072 Viri
2042 4021 2127 4090 qui
2156 4032 2421 4089 prwsenles
2447 4022 2746 4088 estis,videle
2774 4020 2908 4074 Imnc
2932 4061 2945 4084 ,
2972 4022 3035 4074 de
3073 4036 3170 4089 quo
3210 4023 3478 4078 multitudo

1902 4111 2203 4166 Judworum
2246 4128 2325 4166 me
2367 4111 2723 4182 interpellavit.
2773 4112 2876 4166 Per
2920 4113 3050 4167 illud
3089 4114 3273 4180 enim,
3312 4113 3478 4169 Inter-

1904 4203 2142 4273 pellavit,
2192 4203 2415 4272 gratiam
2464 4212 2651 4257 contra
2708 4202 2857 4256 illum
2926 4204 3144 4272 petiisse
3196 4205 3477 4274 signiﬁcat.

1904 4296 2084 4366 Itaque
2144 4296 2252 4365 jam
2304 4297 2556 4351 volebant
2601 4296 2750 4350 illum
2804 4296 2869 4351 ad
2929 4298 3248 4352 sententiam
3298 4298 3479 4354 feren-

1904 4388 2025 4444 dam
2076 4389 2361 4452 inducere,
2401 4388 2631 4457 linguam
2672 4387 2822 4443 Pauli
2866 4387 3133 4443 timentes.
3163 4389 3300 4457 Quid
3329 4392 3482 4445 time-

1908 4479 2015 4534 tis?
2043 4479 2169 4548 quid
2204 4477 2509 4533 festinatis?
2536 4478 2713 4533 Palam
2742 4486 2825 4534 est
2850 4478 2999 4533 illum
3023 4479 3299 4534 custodiri.
3344 4480 3480 4536 Num

1908 4571 2113 4642 fugiet?
2137 4570 2236 4637 Qui
2257 4588 2372 4642 ergo
2399 4571 2450 4624 in
2474 4572 2611 4626 vobis
2634 4612 2649 4634 ,
2673 4571 2845 4640 inquit
2867 4612 2882 4635 ,
2908 4580 3129 4639 potentes
3153 4580 3268 4625 sunt
3292 4614 3307 4637 ,
3336 4589 3484 4625 accu-

1907 4672 2015 4715 sent
2044 4661 2207 4715 illum.
2242 4661 2473 4715 Rursum
2502 4673 2843 4716 accusatores
2863 4660 3124 4716 Ctesarete
3146 4702 3163 4729 ,
3195 4671 3248 4715 et
3274 4678 3482 4717 rursum

1909 4754 2155 4809 educitur
2198 4753 2416 4808 Paulus.
2466 4753 2704 4823 Sequenti
2746 4752 2828 4806 die
2854 4793 2869 4818 ,
2913 4752 3123 4821 inquit,
3167 4753 3345 4807 sedens
3391 4771 3485 4821 pro

1909 4846 2171 4899 tribunali.

1982 4939 2036 4993 5.
2079 4936 2245 5001 Vide,
2292 4935 2473 4990 statim
2519 4935 2739 4990 veniens
2782 4933 2920 4989 sedit
2960 4949 3058 5004 pro
3101 4934 3486 4992 tribunalitsic

1912 5030 2063 5084 illum
2116 5037 2171 5083 et
2222 5043 2344 5082 cum
2398 5033 2545 5082 tanto
2606 5025 2783 5081 studio
2837 5025 3201 5095 impellebant,
3257 5026 3336 5081 sic
3391 5042 3486 5081 ur-

1913 5123 2127 5192 gebant.
2171 5118 2435 5186 Quamdiu
2483 5133 2610 5187 ergo
2662 5116 2897 5171 nondum
2943 5126 3191 5185 expertus
3237 5126 3353 5172 erat
3388 5118 3487 5174 Ju-

1915 5216 2060 5270 daeos
2106 5223 2161 5269 ct
2206 5212 2463 5266 honorem
2514 5211 2750 5275 illorum,
2780 5216 2927 5263 recte
2982 5209 3288 5279 respondit;
3335 5222 3485 5281 post-

1916 5323 2072 5379 quam
2120 5314 2297 5361 autem
2348 5304 2494 5359 venit
2538 5302 2948 5373 .lerosolymam,
2982 5302 3068 5357 hic
3115 5319 3324 5374 quoque
3367 5320 3487 5375 gra-

1918 5401 2144 5455 tiﬁcatur
2197 5398 2333 5463 illis;
2394 5395 2488 5451 sed
2540 5411 2660 5450 cum
2708 5395 2837 5450 dolo
2883 5396 2985 5451 hoc
3039 5395 3197 5464 facit;
3246 5407 3300 5451 et
3349 5414 3483 5468 quo-

1916 5492 2074 5548 modo
2093 5534 2108 5558 ,
2149 5490 2271 5545 audi
2301 5508 2313 5544 :
2341 5489 2487 5543 addit
2511 5489 2651 5544 enim
2680 5506 2693 5542 :
2728 5488 2876 5543 Visne
2910 5487 3279 5560 Jerosolymam
3308 5507 3487 5545 ascen<

1917 5587 2058 5652 deus,
2086 5584 2190 5638 illic
2216 5584 2278 5637 de
2301 5583 2378 5637 Itis
2391 5582 2619 5653 judicari
2639 5599 2669 5634 a
2690 5582 2809 5636 me?
2837 5582 2913 5636 Ac
2936 5582 2979 5636 si
2999 5582 3221 5649 diceret,
3244 5583 3356 5637 Non
3382 5584 3489 5640 illis

1917 5688 1971 5735 te
2013 5676 2205 5746 trado,
2251 5676 2344 5732 sed
2385 5674 2684 5746 ipsejudex
2724 5688 2836 5729 ero.
2865 5673 2978 5729 Hoc
3010 5688 3137 5728 vero
3166 5672 3331 5744 dicit,
3374 5691 3487 5732 rem

1985 5859 2056 5921 (a)
2090 5866 2201 5917 qua:
2226 5858 2412 5907 uncinis
2437 5854 2743 5916 clauduntur,
2763 5854 2933 5902 absunt
2951 5864 2978 5901 a
3002 5850 3301 5915 quibusdam.
