  <div class='ocr_page' id='page_1' title='image "/cluster/home/n/w/nwhite01/storage/ocr_20150623/60/hvd.32044019207810/359.png"; bbox 0 0 3948 6502; ppageno 0'>
   <div class='ocr_carea' id='block_1_1' title="bbox 456 393 562 449">
    <p class='ocr_par' dir='ltr' id='par_1_1' title="bbox 456 393 562 449">
     <span class='ocr_line' id='line_1_1' title="bbox 456 393 562 449; baseline 0 0"><span class='ocrx_word' id='word_1_1' title='bbox 456 393 562 449; x_wconf 74' lang='lat'><strong>355</strong></span> 
     </span>
    </p>
   </div>
   <div class='ocr_carea' id='block_1_2' title="bbox 457 486 2037 572">
    <p class='ocr_par' dir='ltr' id='par_1_2' title="bbox 457 486 2037 572">
     <span class='ocr_line' id='line_1_2' title="bbox 457 486 2037 572; baseline -0.017 -6"><span class='ocrx_word' id='word_1_2' title='bbox 457 511 602 567; x_wconf 80' lang='lat' dir='ltr'><strong>illius</strong></span> <span class='ocrx_word' id='word_1_3' title='bbox 625 504 847 562; x_wconf 88' lang='lat' dir='ltr'><strong>arbitrio</strong></span> <span class='ocrx_word' id='word_1_4' title='bbox 871 499 1203 572; x_wconf 72' lang='lat' dir='ltr'><strong>permittens,</strong></span> <span class='ocrx_word' id='word_1_5' title='bbox 1234 505 1290 551; x_wconf 89' lang='lat' dir='ltr'><strong>ut</strong></span> <span class='ocrx_word' id='word_1_6' title='bbox 1315 494 1417 549; x_wconf 87' lang='lat' dir='ltr'><strong>hoc</strong></span> <span class='ocrx_word' id='word_1_7' title='bbox 1440 493 1642 546; x_wconf 85' lang='lat' dir='ltr'><strong>honore</strong></span> <span class='ocrx_word' id='word_1_8' title='bbox 1661 490 1836 558; x_wconf 89' lang='lat' dir='ltr'><strong>ipsum</strong></span> <span class='ocrx_word' id='word_1_9' title='bbox 1854 486 2037 541; x_wconf 84' lang='lat' dir='ltr'><strong>allice-</strong></span> 
     </span>
    </p>
   </div>
   <div class='ocr_carea' id='block_1_3' title="bbox 461 577 2040 672">
    <p class='ocr_par' dir='ltr' id='par_1_3' title="bbox 461 577 2040 672">
     <span class='ocr_line' id='line_1_3' title="bbox 461 577 2040 672; baseline -0.019 -13"><span class='ocrx_word' id='word_1_10' title='bbox 461 612 576 669; x_wconf 84' lang='lat' dir='ltr'><strong>ret;</strong></span> <span class='ocrx_word' id='word_1_11' title='bbox 606 599 728 672; x_wconf 83' lang='lat' dir='ltr'><strong>quia</strong></span> <span class='ocrx_word' id='word_1_12' title='bbox 759 596 806 652; x_wconf 93' lang='lat' dir='ltr'><strong>si</strong></span> <span class='ocrx_word' id='word_1_13' title='bbox 837 597 940 650; x_wconf 92' lang='lat' dir='ltr'><strong>hoc</strong></span> <span class='ocrx_word' id='word_1_14' title='bbox 983 593 1336 661; x_wconf 76' lang='lat' dir='ltr'><strong>imperasset,</strong></span> <span class='ocrx_word' id='word_1_15' title='bbox 1376 583 1533 638; x_wconf 89' lang='lat' dir='ltr'><strong>valde</strong></span> <span class='ocrx_word' id='word_1_16' title='bbox 1562 579 1841 650; x_wconf 87' lang='lat' dir='ltr'><strong>impudens</strong></span> <span class='ocrx_word' id='word_1_17' title='bbox 1869 577 2040 672; x_wconf 82' lang='lat' dir='ltr'><strong>visum</strong></span> 
     </span>
    </p>
   </div>
   <div class='ocr_carea' id='block_1_4' title="bbox 460 671 2042 759">
    <p class='ocr_par' dir='ltr' id='par_1_4' title="bbox 460 671 2042 759">
     <span class='ocr_line' id='line_1_4' title="bbox 460 671 2042 759; baseline -0.017 -6"><span class='ocrx_word' id='word_1_18' title='bbox 460 671 678 759; x_wconf 82' lang='lat' dir='ltr'><strong>luisset,</strong></span> <span class='ocrx_word' id='word_1_19' title='bbox 719 705 844 748; x_wconf 91' lang='lat' dir='ltr'><strong>eum</strong></span> <span class='ocrx_word' id='word_1_20' title='bbox 889 688 977 758; x_wconf 89' lang='lat' dir='ltr'><strong>qui</strong></span> <span class='ocrx_word' id='word_1_21' title='bbox 1015 684 1173 741; x_wconf 88' lang='lat' dir='ltr'><strong>isthic</strong></span> <span class='ocrx_word' id='word_1_22' title='bbox 1214 679 1492 736; x_wconf 89' lang='lat' dir='ltr'><strong>convictus</strong></span> <span class='ocrx_word' id='word_1_23' title='bbox 1540 692 1644 732; x_wconf 92' lang='lat' dir='ltr'><strong>non</strong></span> <span class='ocrx_word' id='word_1_24' title='bbox 1691 675 1909 740; x_wconf 86' lang='lat' dir='ltr'><strong>luisset,</strong></span> <span class='ocrx_word' id='word_1_25' title='bbox 1951 671 2042 728; x_wconf 90' lang='lat' dir='ltr'><strong>illo</strong></span> 
     </span>
    </p>
   </div>
   <div class='ocr_carea' id='block_1_5' title="bbox 459 786 745 843">
    <p class='ocr_par' dir='ltr' id='par_1_5' title="bbox 459 786 745 843">
     <span class='ocr_line' id='line_1_5' title="bbox 459 786 745 843; baseline -0.021 0"><span class='ocrx_word' id='word_1_26' title='bbox 459 786 745 843; x_wconf 87' lang='lat' dir='ltr'><strong>abducere.</strong></span> 
     </span>
    </p>
   </div>
   <div class='ocr_carea' id='block_1_6' title="bbox 532 854 2041 940">
    <p class='ocr_par' dir='ltr' id='par_1_6' title="bbox 532 854 2041 940">
     <span class='ocr_line' id='line_1_6' title="bbox 532 854 2041 940; baseline -0.016 -9"><span class='ocrx_word' id='word_1_27' title='bbox 532 873 690 931; x_wconf 83' lang='lat' dir='ltr'><strong>Pauli</strong></span> <span class='ocrx_word' id='word_1_28' title='bbox 731 868 965 940; x_wconf 87' lang='lat' dir='ltr'><strong>loquendi</strong></span> <span class='ocrx_word' id='word_1_29' title='bbox 1003 865 1213 936; x_wconf 82' lang='lat' dir='ltr'><strong>ﬁducia.</strong></span> <span class='ocrx_word' id='word_1_30' title='bbox 1239 859 1530 916; x_wconf 87' lang='lat' dir='ltr'><strong>——Paulus</strong></span> <span class='ocrx_word' id='word_1_31' title='bbox 1569 873 1698 914; x_wconf 89' lang='lat' dir='ltr'><strong>vero</strong></span> <span class='ocrx_word' id='word_1_32' title='bbox 1737 872 1844 911; x_wconf 92' lang='lat' dir='ltr'><strong>non</strong></span> <span class='ocrx_word' id='word_1_33' title='bbox 1887 854 2041 919; x_wconf 86' lang='lat' dir='ltr'><strong>dixit,</strong></span> 
     </span>
    </p>
   </div>
   <div class='ocr_carea' id='block_1_7' title="bbox 462 949 2043 1026">
    <p class='ocr_par' dir='ltr' id='par_1_7' title="bbox 462 949 2043 1026">
     <span class='ocr_line' id='line_1_7' title="bbox 462 949 2043 1026; baseline -0.016 0"><span class='ocrx_word' id='word_1_34' title='bbox 462 969 637 1026; x_wconf 88' lang='lat' dir='ltr'><strong>Nolo:</strong></span> <span class='ocrx_word' id='word_1_35' title='bbox 663 981 729 1020; x_wconf 82' lang='grc' dir='ltr'>ηε</span> <span class='ocrx_word' id='word_1_36' title='bbox 753 960 1206 1019; x_wconf 75' lang='lat' dir='ltr'><strong>vehementiorem</strong></span> <span class='ocrx_word' id='word_1_37' title='bbox 1231 954 1479 1010; x_wconf 74' lang='lat' dir='ltr'><strong>redderet</strong></span> <span class='ocrx_word' id='word_1_38' title='bbox 1504 953 1766 1023; x_wconf 89' lang='lat' dir='ltr'><strong>judicem;</strong></span> <span class='ocrx_word' id='word_1_39' title='bbox 1796 949 1889 1004; x_wconf 91' lang='lat' dir='ltr'><strong>sed</strong></span> <span class='ocrx_word' id='word_1_40' title='bbox 1923 965 2043 1003; x_wconf 86' lang='lat' dir='ltr'><strong>rur-</strong></span> 
     </span>
    </p>
   </div>
   <div class='ocr_carea' id='block_1_8' title="bbox 463 1039 2045 1121">
    <p class='ocr_par' dir='ltr' id='par_1_8' title="bbox 463 1039 2045 1121">
     <span class='ocr_line' id='line_1_8' title="bbox 463 1039 2045 1121; baseline -0.016 -5"><span class='ocrx_word' id='word_1_41' title='bbox 463 1075 583 1117; x_wconf 91' lang='lat' dir='ltr'><strong>sum</strong></span> <span class='ocrx_word' id='word_1_42' title='bbox 627 1056 794 1111; x_wconf 88' lang='lat' dir='ltr'><strong>libere</strong></span> <span class='ocrx_word' id='word_1_43' title='bbox 822 1053 1059 1121; x_wconf 92' lang='lat' dir='ltr'><strong>loquitur</strong></span> <span class='ocrx_word' id='word_1_44' title='bbox 1085 1049 1170 1104; x_wconf 90' lang='lat' dir='ltr'><strong>his</strong></span> <span class='ocrx_word' id='word_1_45' title='bbox 1193 1047 1405 1103; x_wconf 88' lang='lat' dir='ltr'><strong>verbis:</strong></span> <span class='ocrx_word' id='word_1_46' title='bbox 1427 1045 1558 1100; x_wconf 82' lang='lat' dir='ltr'><strong>Ante</strong></span> <span class='ocrx_word' id='word_1_47' title='bbox 1580 1040 1803 1097; x_wconf 87' lang='lat' dir='ltr'><strong>tribunal</strong></span> <span class='ocrx_word' id='word_1_48' title='bbox 1829 1039 2045 1096; x_wconf 81' lang='lat' dir='ltr'><strong>Ctvsaris</strong></span> 
     </span>
    </p>
   </div>
   <div class='ocr_carea' id='block_1_9' title="bbox 464 1128 2046 1217">
    <p class='ocr_par' dir='ltr' id='par_1_9' title="bbox 464 1128 2046 1217">
     <span class='ocr_line' id='line_1_9' title="bbox 464 1128 2046 1217; baseline -0.016 -9"><span class='ocrx_word' id='word_1_49' title='bbox 464 1162 541 1208; x_wconf 83' lang='lat' dir='ltr'><strong>sto</strong></span> <span class='ocrx_word' id='word_1_50' title='bbox 563 1167 582 1204; x_wconf 92' lang='lat'><strong><em>:</em></strong></span> <span class='ocrx_word' id='word_1_51' title='bbox 602 1149 671 1203; x_wconf 91' lang='lat' dir='ltr'><strong>ibi</strong></span> <span class='ocrx_word' id='word_1_52' title='bbox 691 1163 770 1201; x_wconf 88' lang='lat' dir='ltr'><strong>me</strong></span> <span class='ocrx_word' id='word_1_53' title='bbox 789 1152 983 1217; x_wconf 83' lang='lat' dir='ltr'><strong>oportet</strong></span> <span class='ocrx_word' id='word_1_54' title='bbox 991 1140 1239 1213; x_wconf 81' lang='lat' dir='ltr'><strong>judicari.</strong></span> <span class='ocrx_word' id='word_1_55' title='bbox 1264 1138 1449 1208; x_wconf 81' lang='lat' dir='ltr'><strong>Magna</strong></span> <span class='ocrx_word' id='word_1_56' title='bbox 1472 1134 1720 1206; x_wconf 90' lang='lat' dir='ltr'><strong>loquendi</strong></span> <span class='ocrx_word' id='word_1_57' title='bbox 1746 1132 1956 1186; x_wconf 90' lang='lat' dir='ltr'><strong>liducia.</strong></span> <span class='ocrx_word' id='word_1_58' title='bbox 1977 1128 2046 1183; x_wconf 89' lang='lat' dir='ltr'><strong>Et</strong></span> 
     </span>
    </p>
   </div>
   <div class='ocr_carea' id='block_1_10' title="bbox 459 1222 2047 1308">
    <p class='ocr_par' dir='ltr' id='par_1_10' title="bbox 459 1222 2047 1308">
     <span class='ocr_line' id='line_1_10' title="bbox 459 1222 2047 1308; baseline -0.016 -8"><span class='ocrx_word' id='word_1_59' title='bbox 459 1242 580 1300; x_wconf 88' lang='lat' dir='ltr'><strong>vide</strong></span> <span class='ocrx_word' id='word_1_60' title='bbox 596 1236 865 1308; x_wconf 89' lang='lat' dir='ltr'><strong>quomodo</strong></span> <span class='ocrx_word' id='word_1_61' title='bbox 885 1235 1006 1291; x_wconf 91' lang='lat' dir='ltr'><strong>illos</strong></span> <span class='ocrx_word' id='word_1_62' title='bbox 1027 1231 1310 1289; x_wconf 90' lang='lat' dir='ltr'><strong>ratiocinio</strong></span> <span class='ocrx_word' id='word_1_63' title='bbox 1329 1229 1471 1298; x_wconf 86' lang='lat' dir='ltr'><strong>capit</strong></span> <span class='ocrx_word' id='word_1_64' title='bbox 1493 1244 1507 1282; x_wconf 92' lang='lat'><strong>:</strong></span> <span class='ocrx_word' id='word_1_65' title='bbox 1525 1226 1676 1298; x_wconf 88' lang='lat' dir='ltr'><strong>quasi</strong></span> <span class='ocrx_word' id='word_1_66' title='bbox 1698 1225 1947 1279; x_wconf 90' lang='lat' dir='ltr'><strong>nimirum</strong></span> <span class='ocrx_word' id='word_1_67' title='bbox 1969 1222 2047 1276; x_wconf 91' lang='lat' dir='ltr'><strong>sic</strong></span> 
     </span>
    </p>
   </div>
   <div class='ocr_carea' id='block_1_11' title="bbox 461 1316 2044 1406">
    <p class='ocr_par' dir='ltr' id='par_1_11' title="bbox 461 1316 2044 1406">
     <span class='ocr_line' id='line_1_11' title="bbox 461 1316 2044 1406; baseline -0.015 -16"><span class='ocrx_word' id='word_1_68' title='bbox 461 1349 558 1406; x_wconf 93' lang='lat' dir='ltr'><strong>pro</strong></span> <span class='ocrx_word' id='word_1_69' title='bbox 578 1329 889 1387; x_wconf 80' lang='lat' dir='ltr'><strong>defensione</strong></span> <span class='ocrx_word' id='word_1_70' title='bbox 914 1342 1010 1382; x_wconf 91' lang='lat' dir='ltr'><strong>sua</strong></span> <span class='ocrx_word' id='word_1_71' title='bbox 1034 1326 1301 1394; x_wconf 73' lang='lat' dir='ltr'><strong>loquatur.</strong></span> <span class='ocrx_word' id='word_1_72' title='bbox 1324 1321 1406 1377; x_wconf 82' lang='lat' dir='ltr'><strong>ille</strong></span> <span class='ocrx_word' id='word_1_73' title='bbox 1433 1321 1510 1376; x_wconf 84' lang='lat' dir='ltr'><strong>illi</strong></span> <span class='ocrx_word' id='word_1_74' title='bbox 1539 1317 1709 1374; x_wconf 85' lang='lat' dir='ltr'><strong>semel</strong></span> <span class='ocrx_word' id='word_1_75' title='bbox 1737 1316 2008 1386; x_wconf 77' lang='lat' dir='ltr'><strong>eiecerunt</strong></span> <span class='ocrx_word' id='word_1_76' title='bbox 2025 1353 2044 1380; x_wconf 95' lang='lat'><strong>,</strong></span> 
     </span>
    </p>
   </div>
   <div class='ocr_carea' id='block_1_12' title="bbox 464 1408 2048 1486">
    <p class='ocr_par' dir='ltr' id='par_1_12' title="bbox 464 1408 2048 1486">
     <span class='ocr_line' id='line_1_12' title="bbox 464 1408 2048 1486; baseline -0.011 -6"><span class='ocrx_word' id='word_1_77' title='bbox 464 1435 519 1480; x_wconf 91' lang='lat' dir='ltr'><strong>et</strong></span> <span class='ocrx_word' id='word_1_78' title='bbox 549 1423 675 1478; x_wconf 91' lang='lat' dir='ltr'><strong>hinc</strong></span> <span class='ocrx_word' id='word_1_79' title='bbox 701 1435 787 1475; x_wconf 90' lang='lat' dir='ltr'><strong>me</strong></span> <span class='ocrx_word' id='word_1_80' title='bbox 815 1416 1175 1475; x_wconf 88' lang='lat' dir='ltr'><strong>damnandum</strong></span> <span class='ocrx_word' id='word_1_81' title='bbox 1206 1423 1422 1484; x_wconf 91' lang='lat' dir='ltr'><strong>putant,</strong></span> <span class='ocrx_word' id='word_1_82' title='bbox 1467 1411 1610 1480; x_wconf 89' lang='lat' dir='ltr'><strong>quod</strong></span> <span class='ocrx_word' id='word_1_83' title='bbox 1647 1408 1934 1486; x_wconf 71' lang='lat' dir='ltr'><strong>ostendant</strong></span> <span class='ocrx_word' id='word_1_84' title='bbox 1959 1422 2048 1462; x_wconf 90' lang='lat' dir='ltr'><strong>me</strong></span> 
     </span>
    </p>
   </div>
   <div class='ocr_carea' id='block_1_13' title="bbox 466 1502 2046 1581">
    <p class='ocr_par' dir='ltr' id='par_1_13' title="bbox 466 1502 2046 1581">
     <span class='ocr_line' id='line_1_13' title="bbox 466 1502 2046 1581; baseline -0.009 -10"><span class='ocrx_word' id='word_1_85' title='bbox 466 1518 519 1572; x_wconf 93' lang='lat' dir='ltr'><strong>in</strong></span> <span class='ocrx_word' id='word_1_86' title='bbox 562 1513 830 1570; x_wconf 66' lang='lat' dir='ltr'><strong>Caesarem</strong></span> <span class='ocrx_word' id='word_1_87' title='bbox 861 1523 1148 1581; x_wconf 91' lang='lat' dir='ltr'><strong>peccasse:</strong></span> <span class='ocrx_word' id='word_1_88' title='bbox 1173 1506 1314 1576; x_wconf 91' lang='lat' dir='ltr'><strong>apud</strong></span> <span class='ocrx_word' id='word_1_89' title='bbox 1343 1505 1493 1560; x_wconf 90' lang='lat' dir='ltr'><strong>illum</strong></span> <span class='ocrx_word' id='word_1_90' title='bbox 1526 1505 1698 1575; x_wconf 87' lang='lat' dir='ltr'><strong>ipsum</strong></span> <span class='ocrx_word' id='word_1_91' title='bbox 1724 1545 1739 1570; x_wconf 94' lang='lat'><strong>,</strong></span> <span class='ocrx_word' id='word_1_92' title='bbox 1767 1503 1856 1574; x_wconf 86' lang='lat' dir='ltr'><strong>qui</strong></span> <span class='ocrx_word' id='word_1_93' title='bbox 1887 1502 2046 1562; x_wconf 74' lang='grc' dir='ltr'>ιεεειιε</span> 
     </span>
    </p>
   </div>
   <div class='ocr_carea' id='block_1_14' title="bbox 465 1595 2048 1677">
    <p class='ocr_par' dir='ltr' id='par_1_14' title="bbox 465 1595 2048 1677">
     <span class='ocr_line' id='line_1_14' title="bbox 465 1595 2048 1677; baseline -0.011 -11"><span class='ocrx_word' id='word_1_94' title='bbox 465 1617 549 1666; x_wconf 90' lang='lat' dir='ltr'><strong>cst</strong></span> <span class='ocrx_word' id='word_1_95' title='bbox 567 1649 581 1674; x_wconf 91' lang='lat'><strong>,</strong></span> <span class='ocrx_word' id='word_1_96' title='bbox 620 1604 845 1677; x_wconf 89' lang='lat' dir='ltr'><strong>judicari</strong></span> <span class='ocrx_word' id='word_1_97' title='bbox 873 1603 1015 1658; x_wconf 90' lang='lat' dir='ltr'><strong>volo.</strong></span> <span class='ocrx_word' id='word_1_98' title='bbox 1047 1601 1142 1656; x_wconf 81' lang='lat' dir='ltr'><strong>His</strong></span> <span class='ocrx_word' id='word_1_99' title='bbox 1167 1600 1326 1656; x_wconf 92' lang='lat' dir='ltr'><strong>dictis</strong></span> <span class='ocrx_word' id='word_1_100' title='bbox 1350 1598 1624 1667; x_wconf 81' lang='lat' dir='ltr'><strong>subjungit</strong></span> <span class='ocrx_word' id='word_1_101' title='bbox 1647 1614 1659 1649; x_wconf 90' lang='lat'>:</span> <span class='ocrx_word' id='word_1_102' title='bbox 1682 1595 1881 1652; x_wconf 78' lang='lat' dir='ltr'><strong>Judteis</strong></span> <span class='ocrx_word' id='word_1_103' title='bbox 1920 1595 2048 1649; x_wconf 81' lang='lat' dir='ltr'><strong>nihil</strong></span> 
     </span>
    </p>
   </div>
   <div class='ocr_carea' id='block_1_15' title="bbox 466 1685 2067 1765">
    <p class='ocr_par' dir='ltr' id='par_1_15' title="bbox 466 1685 2067 1765">
     <span class='ocr_line' id='line_1_15' title="bbox 466 1685 2067 1765; baseline -0.012 -10"><span class='ocrx_word' id='word_1_104' title='bbox 466 1699 616 1755; x_wconf 87' lang='lat' dir='ltr'><strong>nocui</strong></span> <span class='ocrx_word' id='word_1_105' title='bbox 635 1739 651 1765; x_wconf 94' lang='lat'><strong>,</strong></span> <span class='ocrx_word' id='word_1_106' title='bbox 681 1707 738 1751; x_wconf 89' lang='lat' dir='ltr'><strong>ut</strong></span> <span class='ocrx_word' id='word_1_107' title='bbox 764 1697 918 1749; x_wconf 86' lang='lat' dir='ltr'><strong>etiam</strong></span> <span class='ocrx_word' id='word_1_108' title='bbox 946 1704 1000 1748; x_wconf 86' lang='lat' dir='ltr'><strong>tu</strong></span> <span class='ocrx_word' id='word_1_109' title='bbox 1027 1693 1208 1747; x_wconf 86' lang='lat' dir='ltr'><strong>melius</strong></span> <span class='ocrx_word' id='word_1_110' title='bbox 1237 1691 1384 1746; x_wconf 87' lang='lat' dir='ltr'><strong>nosti.</strong></span> <span class='ocrx_word' id='word_1_111' title='bbox 1420 1689 1732 1758; x_wconf 79' lang='lat' dir='ltr'><strong>Perstringit</strong></span> <span class='ocrx_word' id='word_1_112' title='bbox 1765 1687 1910 1741; x_wconf 91' lang='lat' dir='ltr'><strong>illum</strong></span> <span class='ocrx_word' id='word_1_113' title='bbox 1937 1685 2067 1756; x_wconf 88' lang='lat' dir='ltr'><strong>jam.</strong></span> 
     </span>
    </p>
   </div>
   <div class='ocr_carea' id='block_1_16' title="bbox 470 1779 2050 1863">
    <p class='ocr_par' dir='ltr' id='par_1_16' title="bbox 470 1779 2050 1863">
     <span class='ocr_line' id='line_1_16' title="bbox 470 1779 2050 1863; baseline -0.009 -18"><span class='ocrx_word' id='word_1_114' title='bbox 470 1789 623 1863; x_wconf 90' lang='lat' dir='ltr'><strong>quasi</strong></span> <span class='ocrx_word' id='word_1_115' title='bbox 664 1786 860 1843; x_wconf 70' lang='lat' dir='ltr'><strong>Judmis</strong></span> <span class='ocrx_word' id='word_1_116' title='bbox 903 1785 1309 1856; x_wconf 76' lang='lat' dir='ltr'><strong>gratiﬁcantem.</strong></span> <span class='ocrx_word' id='word_1_117' title='bbox 1362 1779 1563 1834; x_wconf 85' lang='lat' dir='ltr'><strong>Deinde</strong></span> <span class='ocrx_word' id='word_1_118' title='bbox 1607 1791 1884 1848; x_wconf 84' lang='lat' dir='ltr'><strong>postquam</strong></span> <span class='ocrx_word' id='word_1_119' title='bbox 1931 1793 2050 1848; x_wconf 88' lang='lat' dir='ltr'><strong>per-</strong></span> 
     </span>
    </p>
   </div>
   <div class='ocr_carea' id='block_1_17' title="bbox 470 1870 2050 1946">
    <p class='ocr_par' dir='ltr' id='par_1_17' title="bbox 470 1870 2050 1946">
     <span class='ocr_line' id='line_1_17' title="bbox 470 1870 2050 1946; baseline -0.009 -8"><span class='ocrx_word' id='word_1_120' title='bbox 470 1883 799 1946; x_wconf 84' lang='lat' dir='ltr'><strong>strinxerat,</strong></span> <span class='ocrx_word' id='word_1_121' title='bbox 833 1893 1017 1933; x_wconf 90' lang='lat' dir='ltr'><strong>rursus</strong></span> <span class='ocrx_word' id='word_1_122' title='bbox 1047 1875 1209 1930; x_wconf 88' lang='lat' dir='ltr'><strong>solvit</strong></span> <span class='ocrx_word' id='word_1_123' title='bbox 1237 1889 1578 1937; x_wconf 83' lang='lat' dir='ltr'><strong>sermonem,</strong></span> <span class='ocrx_word' id='word_1_124' title='bbox 1611 1872 1846 1926; x_wconf 89' lang='lat' dir='ltr'><strong>addens:</strong></span> <span class='ocrx_word' id='word_1_125' title='bbox 1868 1870 2050 1939; x_wconf 84' lang='lat' dir='ltr'><strong>Itaque</strong></span> 
     </span>
    </p>
   </div>
   <div class='ocr_carea' id='block_1_18' title="bbox 465 1964 2046 2044">
    <p class='ocr_par' dir='ltr' id='par_1_18' title="bbox 465 1964 2046 2044">
     <span class='ocr_line' id='line_1_18' title="bbox 465 1964 2046 2044; baseline -0.009 -13"><span class='ocrx_word' id='word_1_126' title='bbox 465 1977 510 2031; x_wconf 82' lang='lat' dir='ltr'><strong>si</strong></span> <span class='ocrx_word' id='word_1_127' title='bbox 543 1976 746 2044; x_wconf 84' lang='lat' dir='ltr'><strong>quidem</strong></span> <span class='ocrx_word' id='word_1_128' title='bbox 782 1972 968 2042; x_wconf 78' lang='lat' dir='ltr'><strong>injuste</strong></span> <span class='ocrx_word' id='word_1_129' title='bbox 1007 1969 1117 2041; x_wconf 86' lang='lat' dir='ltr'><strong>egi,</strong></span> <span class='ocrx_word' id='word_1_130' title='bbox 1161 1966 1240 2022; x_wconf 79' lang='lat' dir='ltr'><strong>vel</strong></span> <span class='ocrx_word' id='word_1_131' title='bbox 1278 1967 1488 2037; x_wconf 90' lang='lat' dir='ltr'><strong>dignum</strong></span> <span class='ocrx_word' id='word_1_132' title='bbox 1513 1964 1708 2035; x_wconf 86' lang='lat' dir='ltr'><strong>aliquid</strong></span> <span class='ocrx_word' id='word_1_133' title='bbox 1735 1975 1896 2019; x_wconf 86' lang='lat' dir='ltr'><strong>morte</strong></span> <span class='ocrx_word' id='word_1_134' title='bbox 1917 1965 2046 2036; x_wconf 74' lang='lat' dir='ltr'><strong>feci,</strong></span> 
     </span>
    </p>
   </div>
   <div class='ocr_carea' id='block_1_19' title="bbox 465 2056 2047 2126">
    <p class='ocr_par' dir='ltr' id='par_1_19' title="bbox 465 2056 2047 2126">
     <span class='ocr_line' id='line_1_19' title="bbox 465 2056 2047 2126; baseline -0.007 -6"><span class='ocrx_word' id='word_1_135' title='bbox 465 2082 570 2120; x_wconf 87' lang='lat' dir='ltr'><strong>non</strong></span> <span class='ocrx_word' id='word_1_136' title='bbox 594 2079 769 2120; x_wconf 86' lang='lat' dir='ltr'><strong>recuso</strong></span> <span class='ocrx_word' id='word_1_137' title='bbox 797 2063 946 2116; x_wconf 88' lang='lat' dir='ltr'><strong>mori.</strong></span> <span class='ocrx_word' id='word_1_138' title='bbox 973 2060 1168 2117; x_wconf 84' lang='lat' dir='ltr'><strong>Contra</strong></span> <span class='ocrx_word' id='word_1_139' title='bbox 1199 2073 1286 2114; x_wconf 92' lang='lat' dir='ltr'><strong>me</strong></span> <span class='ocrx_word' id='word_1_140' title='bbox 1316 2059 1634 2113; x_wconf 87' lang='lat' dir='ltr'><strong>sententiam</strong></span> <span class='ocrx_word' id='word_1_141' title='bbox 1669 2056 1783 2111; x_wconf 80' lang='lat' dir='ltr'><strong>fero</strong></span> <span class='ocrx_word' id='word_1_142' title='bbox 1803 2097 1818 2121; x_wconf 93' lang='lat'><strong>,</strong></span> <span class='ocrx_word' id='word_1_143' title='bbox 1859 2056 2047 2126; x_wconf 87' lang='lat' dir='ltr'><strong>inquit.</strong></span> 
     </span>
    </p>
   </div>
   <div class='ocr_carea' id='block_1_20' title="bbox 466 2149 2050 2215">
    <p class='ocr_par' dir='ltr' id='par_1_20' title="bbox 466 2149 2050 2215">
     <span class='ocr_line' id='line_1_20' title="bbox 466 2149 2050 2215; baseline -0.006 -2"><span class='ocrx_word' id='word_1_144' title='bbox 466 2158 582 2213; x_wconf 75' lang='lat' dir='ltr'><strong>Hoc</strong></span> <span class='ocrx_word' id='word_1_145' title='bbox 613 2172 719 2210; x_wconf 90' lang='lat' dir='ltr'><strong>non</strong></span> <span class='ocrx_word' id='word_1_146' title='bbox 754 2163 837 2210; x_wconf 92' lang='lat' dir='ltr'><strong>est</strong></span> <span class='ocrx_word' id='word_1_147' title='bbox 860 2168 983 2209; x_wconf 90' lang='lat' dir='ltr'><strong>sese</strong></span> <span class='ocrx_word' id='word_1_148' title='bbox 1006 2150 1300 2207; x_wconf 91' lang='lat' dir='ltr'><strong>occidentis</strong></span> <span class='ocrx_word' id='word_1_149' title='bbox 1318 2191 1335 2215; x_wconf 98' lang='lat'><strong>,</strong></span> <span class='ocrx_word' id='word_1_150' title='bbox 1363 2149 1458 2206; x_wconf 91' lang='lat' dir='ltr'><strong>sed</strong></span> <span class='ocrx_word' id='word_1_151' title='bbox 1485 2150 1640 2204; x_wconf 82' lang='lat' dir='ltr'><strong>valde</strong></span> <span class='ocrx_word' id='word_1_152' title='bbox 1663 2149 1821 2204; x_wconf 88' lang='lat' dir='ltr'><strong>dictis</strong></span> <span class='ocrx_word' id='word_1_153' title='bbox 1849 2154 1958 2204; x_wconf 88' lang='lat' dir='ltr'><strong>suis</strong></span> <span class='ocrx_word' id='word_1_154' title='bbox 1991 2151 2050 2203; x_wconf 81' lang='lat' dir='ltr'><strong>li-</strong></span> 
     </span>
    </p>
   </div>
   <div class='ocr_carea' id='block_1_21' title="bbox 464 2239 2052 2311">
    <p class='ocr_par' dir='ltr' id='par_1_21' title="bbox 464 2239 2052 2311">
     <span class='ocr_line' id='line_1_21' title="bbox 464 2239 2052 2311; baseline -0.004 -9"><span class='ocrx_word' id='word_1_155' title='bbox 464 2245 641 2302; x_wconf 90' lang='lat' dir='ltr'><strong>dentis</strong></span> <span class='ocrx_word' id='word_1_156' title='bbox 659 2264 672 2299; x_wconf 88' lang='lat'>:</span> <span class='ocrx_word' id='word_1_157' title='bbox 687 2259 808 2299; x_wconf 89' lang='lat' dir='ltr'><strong>nam</strong></span> <span class='ocrx_word' id='word_1_158' title='bbox 829 2258 947 2298; x_wconf 92' lang='lat' dir='ltr'><strong>cum</strong></span> <span class='ocrx_word' id='word_1_159' title='bbox 968 2240 1215 2311; x_wconf 88' lang='lat' dir='ltr'><strong>loquendi</strong></span> <span class='ocrx_word' id='word_1_160' title='bbox 1239 2239 1430 2294; x_wconf 90' lang='lat' dir='ltr'><strong>liducia</strong></span> <span class='ocrx_word' id='word_1_161' title='bbox 1453 2239 1611 2304; x_wconf 88' lang='lat' dir='ltr'><strong>adsit,</strong></span> <span class='ocrx_word' id='word_1_162' title='bbox 1627 2239 2052 2308; x_wconf 85' lang='lat' dir='ltr'><strong>oportetjustitia</strong></span> 
     </span>
    </p>
   </div>
   <div class='ocr_carea' id='block_1_22' title="bbox 467 2331 2053 2400">
    <p class='ocr_par' dir='ltr' id='par_1_22' title="bbox 467 2331 2053 2400">
     <span class='ocr_line' id='line_1_22' title="bbox 467 2331 2053 2400; baseline -0.005 -7"><span class='ocrx_word' id='word_1_163' title='bbox 467 2338 537 2393; x_wconf 85' lang='lat' dir='ltr'><strong>ad</strong></span> <span class='ocrx_word' id='word_1_164' title='bbox 561 2334 964 2392; x_wconf 89' lang='lat' dir='ltr'><strong>conlutaodum.</strong></span> <span class='ocrx_word' id='word_1_165' title='bbox 996 2332 1060 2388; x_wconf 79' lang='lat' dir='ltr'><strong>Si</strong></span> <span class='ocrx_word' id='word_1_166' title='bbox 1098 2342 1265 2386; x_wconf 80' lang='lat' dir='ltr'><strong>autent</strong></span> <span class='ocrx_word' id='word_1_167' title='bbox 1305 2331 1434 2384; x_wconf 82' lang='lat' dir='ltr'><strong>nihil</strong></span> <span class='ocrx_word' id='word_1_168' title='bbox 1459 2341 1756 2398; x_wconf 83' lang='lat' dir='ltr'><strong>esteorum,</strong></span> <span class='ocrx_word' id='word_1_169' title='bbox 1785 2331 1849 2384; x_wconf 89' lang='lat' dir='ltr'><strong>de</strong></span> <span class='ocrx_word' id='word_1_170' title='bbox 1874 2331 2053 2400; x_wconf 85' lang='lat' dir='ltr'><strong>quibus</strong></span> 
     </span>
    </p>
   </div>
   <div class='ocr_carea' id='block_1_23' title="bbox 467 2421 2051 2495">
    <p class='ocr_par' dir='ltr' id='par_1_23' title="bbox 467 2421 2051 2495">
     <span class='ocr_line' id='line_1_23' title="bbox 467 2421 2051 2495; baseline -0.006 -11"><span class='ocrx_word' id='word_1_171' title='bbox 467 2431 546 2484; x_wconf 76' lang='lat' dir='ltr'><strong>illi</strong></span> <span class='ocrx_word' id='word_1_172' title='bbox 571 2437 844 2493; x_wconf 83' lang='lat' dir='ltr'><strong>accusant,</strong></span> <span class='ocrx_word' id='word_1_173' title='bbox 881 2440 1026 2479; x_wconf 87' lang='lat' dir='ltr'><strong>nemo</strong></span> <span class='ocrx_word' id='word_1_174' title='bbox 1065 2432 1221 2495; x_wconf 84' lang='lat' dir='ltr'><strong>potest</strong></span> <span class='ocrx_word' id='word_1_175' title='bbox 1258 2439 1338 2486; x_wconf 81' lang='lat' dir='ltr'><strong>me</strong></span> <span class='ocrx_word' id='word_1_176' title='bbox 1382 2422 1594 2477; x_wconf 87' lang='lat' dir='ltr'><strong>donare.</strong></span> <span class='ocrx_word' id='word_1_177' title='bbox 1635 2421 1859 2476; x_wconf 83' lang='lat' dir='ltr'><strong>Etiamsi</strong></span> <span class='ocrx_word' id='word_1_178' title='bbox 1887 2421 2051 2486; x_wconf 84' lang='lat' dir='ltr'><strong>velit,</strong></span> 
     </span>
    </p>
   </div>
   <div class='ocr_carea' id='block_1_24' title="bbox 467 2512 2052 2593">
    <p class='ocr_par' dir='ltr' id='par_1_24' title="bbox 467 2512 2052 2593">
     <span class='ocr_line' id='line_1_24' title="bbox 467 2512 2052 2593; baseline -0.007 -15"><span class='ocrx_word' id='word_1_179' title='bbox 467 2521 674 2593; x_wconf 87' lang='lat' dir='ltr'><strong>inquit,</strong></span> <span class='ocrx_word' id='word_1_180' title='bbox 707 2534 812 2574; x_wconf 91' lang='lat' dir='ltr'><strong>non</strong></span> <span class='ocrx_word' id='word_1_181' title='bbox 846 2517 1060 2588; x_wconf 88' lang='lat' dir='ltr'><strong>poterit.</strong></span> <span class='ocrx_word' id='word_1_182' title='bbox 1092 2515 1207 2570; x_wconf 91' lang='lat' dir='ltr'><strong>Non</strong></span> <span class='ocrx_word' id='word_1_183' title='bbox 1233 2513 1403 2579; x_wconf 81' lang='lat' dir='ltr'><strong>dixit,</strong></span> <span class='ocrx_word' id='word_1_184' title='bbox 1448 2513 1562 2568; x_wconf 92' lang='lat' dir='ltr'><strong>Non</strong></span> <span class='ocrx_word' id='word_1_185' title='bbox 1591 2512 1784 2584; x_wconf 80' lang='lat' dir='ltr'><strong>dignus</strong></span> <span class='ocrx_word' id='word_1_186' title='bbox 1813 2528 1931 2568; x_wconf 89' lang='lat' dir='ltr'><strong>sum</strong></span> <span class='ocrx_word' id='word_1_187' title='bbox 1961 2513 2052 2583; x_wconf 88' lang='lat' dir='ltr'><strong>qui</strong></span> 
     </span>
    </p>
   </div>
   <div class='ocr_carea' id='block_1_25' title="bbox 469 2605 2055 2680">
    <p class='ocr_par' dir='ltr' id='par_1_25' title="bbox 469 2605 2055 2680">
     <span class='ocr_line' id='line_1_25' title="bbox 469 2605 2055 2680; baseline -0.005 -13"><span class='ocrx_word' id='word_1_188' title='bbox 469 2613 690 2678; x_wconf 86' lang='lat' dir='ltr'><strong>moriar,</strong></span> <span class='ocrx_word' id='word_1_189' title='bbox 718 2624 910 2680; x_wconf 90' lang='lat' dir='ltr'><strong>neque,</strong></span> <span class='ocrx_word' id='word_1_190' title='bbox 941 2608 1039 2674; x_wconf 88' lang='lat' dir='ltr'><strong>Qui</strong></span> <span class='ocrx_word' id='word_1_191' title='bbox 1064 2607 1345 2671; x_wconf 79' lang='lat' dir='ltr'><strong>absolvar;</strong></span> <span class='ocrx_word' id='word_1_192' title='bbox 1375 2605 1492 2670; x_wconf 91' lang='lat' dir='ltr'><strong>sed,</strong></span> <span class='ocrx_word' id='word_1_193' title='bbox 1522 2605 1744 2660; x_wconf 90' lang='lat' dir='ltr'><strong>Paratus</strong></span> <span class='ocrx_word' id='word_1_194' title='bbox 1771 2621 1888 2660; x_wconf 91' lang='lat' dir='ltr'><strong>sum</strong></span> <span class='ocrx_word' id='word_1_195' title='bbox 1913 2605 2055 2675; x_wconf 86' lang='lat' dir='ltr'><strong>judi-</strong></span> 
     </span>
    </p>
   </div>
   <div class='ocr_carea' id='block_1_26' title="bbox 469 2699 2055 2774">
    <p class='ocr_par' dir='ltr' id='par_1_26' title="bbox 469 2699 2055 2774">
     <span class='ocr_line' id='line_1_26' title="bbox 469 2699 2055 2774; baseline -0.004 -14"><span class='ocrx_word' id='word_1_196' title='bbox 469 2707 578 2761; x_wconf 88' lang='lat' dir='ltr'><strong>cari</strong></span> <span class='ocrx_word' id='word_1_197' title='bbox 620 2703 758 2774; x_wconf 90' lang='lat' dir='ltr'><strong>apud</strong></span> <span class='ocrx_word' id='word_1_198' title='bbox 785 2702 1053 2757; x_wconf 68' lang='lat' dir='ltr'><strong>Catsarem</strong></span> <span class='ocrx_word' id='word_1_199' title='bbox 1080 2719 1094 2755; x_wconf 92' lang='lat'><strong>:</strong></span> <span class='ocrx_word' id='word_1_200' title='bbox 1119 2700 1275 2753; x_wconf 90' lang='lat' dir='ltr'><strong>simul</strong></span> <span class='ocrx_word' id='word_1_201' title='bbox 1311 2699 1503 2753; x_wconf 90' lang='lat' dir='ltr'><strong>somnii</strong></span> <span class='ocrx_word' id='word_1_202' title='bbox 1533 2713 1766 2764; x_wconf 87' lang='lat' dir='ltr'><strong>memor,</strong></span> <span class='ocrx_word' id='word_1_203' title='bbox 1805 2699 2055 2753; x_wconf 88' lang='lat' dir='ltr'><strong>lidentiu-s</strong></span> 
     </span>
    </p>
   </div>
   <div class='ocr_carea' id='block_1_27' title="bbox 471 2788 2052 2869">
    <p class='ocr_par' dir='ltr' id='par_1_27' title="bbox 471 2788 2052 2869">
     <span class='ocr_line' id='line_1_27' title="bbox 471 2788 2052 2869; baseline -0.005 -19"><span class='ocrx_word' id='word_1_204' title='bbox 471 2805 744 2869; x_wconf 85' lang='lat' dir='ltr'><strong>provocat.</strong></span> <span class='ocrx_word' id='word_1_205' title='bbox 777 2793 960 2862; x_wconf 85' lang='lat' dir='ltr'><strong>Neque</strong></span> <span class='ocrx_word' id='word_1_206' title='bbox 998 2791 1165 2854; x_wconf 80' lang='lat' dir='ltr'><strong>dixit,</strong></span> <span class='ocrx_word' id='word_1_207' title='bbox 1199 2791 1314 2857; x_wconf 92' lang='lat' dir='ltr'><strong>Tu,</strong></span> <span class='ocrx_word' id='word_1_208' title='bbox 1345 2789 1471 2853; x_wconf 91' lang='lat' dir='ltr'><strong>sed,</strong></span> <span class='ocrx_word' id='word_1_209' title='bbox 1507 2788 1710 2853; x_wconf 82' lang='lat' dir='ltr'><strong>Nemo;</strong></span> <span class='ocrx_word' id='word_1_210' title='bbox 1739 2800 1792 2844; x_wconf 90' lang='lat' dir='ltr'><strong>et</strong></span> <span class='ocrx_word' id='word_1_211' title='bbox 1818 2788 2052 2856; x_wconf 87' lang='lat' dir='ltr'><strong>addidit,</strong></span> 
     </span>
    </p>
   </div>
   <div class='ocr_carea' id='block_1_28' title="bbox 472 2880 2051 2956">
    <p class='ocr_par' dir='ltr' id='par_1_28' title="bbox 472 2880 2051 2956">
     <span class='ocr_line' id='line_1_28' title="bbox 472 2880 2051 2956; baseline -0.005 -12"><span class='ocrx_word' id='word_1_212' title='bbox 472 2887 727 2945; x_wconf 67' lang='lat' dir='ltr'><strong>Casarem</strong></span> <span class='ocrx_word' id='word_1_213' title='bbox 745 2883 970 2956; x_wconf 85' lang='lat' dir='ltr'><strong>appello,</strong></span> <span class='ocrx_word' id='word_1_214' title='bbox 994 2899 1061 2938; x_wconf 91' lang='lat' dir='ltr'><strong>ne</strong></span> <span class='ocrx_word' id='word_1_215' title='bbox 1084 2883 1155 2938; x_wconf 91' lang='lat' dir='ltr'><strong>illi</strong></span> <span class='ocrx_word' id='word_1_216' title='bbox 1175 2881 1554 2936; x_wconf 88' lang='lat' dir='ltr'><strong>contumeliam</strong></span> <span class='ocrx_word' id='word_1_217' title='bbox 1577 2880 1774 2935; x_wconf 81' lang='lat' dir='ltr'><strong>inferre</strong></span> <span class='ocrx_word' id='word_1_218' title='bbox 1792 2881 2051 2936; x_wconf 88' lang='lat' dir='ltr'><strong>videatur.</strong></span> 
     </span>
    </p>
   </div>
   <div class='ocr_carea' id='block_1_29' title="bbox 477 2970 2056 3046">
    <p class='ocr_par' dir='ltr' id='par_1_29' title="bbox 477 2970 2056 3046">
     <span class='ocr_line' id='line_1_29' title="bbox 477 2970 2056 3046; baseline -0.006 -11"><span class='ocrx_word' id='word_1_219' title='bbox 477 2970 618 3036; x_wconf 78' lang='lat' dir='ltr'><strong>Tunc</strong></span> <span class='ocrx_word' id='word_1_220' title='bbox 666 2978 848 3032; x_wconf 82' lang='lat' dir='ltr'><strong>Festus</strong></span> <span class='ocrx_word' id='word_1_221' title='bbox 893 2977 1126 3046; x_wconf 74' lang='lat' dir='ltr'><strong>loquutus</strong></span> <span class='ocrx_word' id='word_1_222' title='bbox 1169 2991 1285 3029; x_wconf 87' lang='lat' dir='ltr'><strong>cum</strong></span> <span class='ocrx_word' id='word_1_223' title='bbox 1335 2975 1549 3028; x_wconf 87' lang='lat' dir='ltr'><strong>concilio</strong></span> <span class='ocrx_word' id='word_1_224' title='bbox 1597 2974 1778 3028; x_wconf 79' lang='lat' dir='ltr'><strong>dixit:</strong></span> <span class='ocrx_word' id='word_1_225' title='bbox 1805 2971 2056 3027; x_wconf 69' lang='lat' dir='ltr'><strong>Caesarem</strong></span> 
     </span>
    </p>
   </div>
   <div class='ocr_carea' id='block_1_30' title="bbox 475 3064 2056 3144">
    <p class='ocr_par' dir='ltr' id='par_1_30' title="bbox 475 3064 2056 3144">
     <span class='ocr_line' id='line_1_30' title="bbox 475 3064 2056 3144; baseline -0.008 -14"><span class='ocrx_word' id='word_1_226' title='bbox 475 3073 788 3144; x_wconf 80' lang='lat' dir='ltr'><strong>appellasti;</strong></span> <span class='ocrx_word' id='word_1_227' title='bbox 813 3069 880 3122; x_wconf 87' lang='lat' dir='ltr'><strong>ad</strong></span> <span class='ocrx_word' id='word_1_228' title='bbox 907 3067 1156 3122; x_wconf 73' lang='lat' dir='ltr'><strong>Cresarem</strong></span> <span class='ocrx_word' id='word_1_229' title='bbox 1180 3067 1293 3121; x_wconf 87' lang='lat' dir='ltr'><strong>ibis.</strong></span> <span class='ocrx_word' id='word_1_230' title='bbox 1329 3065 1571 3120; x_wconf 81' lang='lat' dir='ltr'><strong>Vidistin‘</strong></span> <span class='ocrx_word' id='word_1_231' title='bbox 1598 3064 1865 3133; x_wconf 88' lang='lat' dir='ltr'><strong>quomodo</strong></span> <span class='ocrx_word' id='word_1_232' title='bbox 1889 3066 2056 3134; x_wconf 78' lang='lat' dir='ltr'><strong>grati-</strong></span> 
     </span>
    </p>
   </div>
   <div class='ocr_carea' id='block_1_31' title="bbox 477 3155 2060 3227">
    <p class='ocr_par' dir='ltr' id='par_1_31' title="bbox 477 3155 2060 3227">
     <span class='ocr_line' id='line_1_31' title="bbox 477 3155 2060 3227; baseline -0.004 -9"><span class='ocrx_word' id='word_1_233' title='bbox 477 3163 698 3219; x_wconf 87' lang='lat' dir='ltr'><strong>licetur?</strong></span> <span class='ocrx_word' id='word_1_234' title='bbox 735 3161 915 3216; x_wconf 88' lang='lat' dir='ltr'><strong>Gratia</strong></span> <span class='ocrx_word' id='word_1_235' title='bbox 945 3159 1086 3215; x_wconf 92' lang='lat' dir='ltr'><strong>enim</strong></span> <span class='ocrx_word' id='word_1_236' title='bbox 1129 3165 1278 3222; x_wconf 87' lang='lat' dir='ltr'><strong>erat,</strong></span> <span class='ocrx_word' id='word_1_237' title='bbox 1319 3155 1548 3227; x_wconf 93' lang='lat' dir='ltr'><strong>colloqui</strong></span> <span class='ocrx_word' id='word_1_238' title='bbox 1587 3172 1708 3212; x_wconf 93' lang='lat' dir='ltr'><strong>cum</strong></span> <span class='ocrx_word' id='word_1_239' title='bbox 1738 3158 2060 3212; x_wconf 89' lang='lat' dir='ltr'><strong>accusatori-</strong></span> 
     </span>
    </p>
   </div>
   <div class='ocr_carea' id='block_1_32' title="bbox 477 3247 2052 3324">
    <p class='ocr_par' dir='ltr' id='par_1_32' title="bbox 477 3247 2052 3324">
     <span class='ocr_line' id='line_1_32' title="bbox 477 3247 2052 3324; baseline -0.005 -13"><span class='ocrx_word' id='word_1_240' title='bbox 477 3257 575 3312; x_wconf 88' lang='lat' dir='ltr'><strong>bus</strong></span> <span class='ocrx_word' id='word_1_241' title='bbox 595 3296 608 3322; x_wconf 94' lang='lat'><strong>,</strong></span> <span class='ocrx_word' id='word_1_242' title='bbox 642 3253 781 3324; x_wconf 91' lang='lat' dir='ltr'><strong>quod</strong></span> <span class='ocrx_word' id='word_1_243' title='bbox 809 3262 892 3308; x_wconf 88' lang='lat' dir='ltr'><strong>est</strong></span> <span class='ocrx_word' id='word_1_244' title='bbox 919 3253 1152 3319; x_wconf 88' lang='lat' dir='ltr'><strong>corrupti</strong></span> <span class='ocrx_word' id='word_1_245' title='bbox 1179 3249 1377 3313; x_wconf 89' lang='lat' dir='ltr'><strong>animi,</strong></span> <span class='ocrx_word' id='word_1_246' title='bbox 1407 3258 1462 3302; x_wconf 91' lang='lat' dir='ltr'><strong>et</strong></span> <span class='ocrx_word' id='word_1_247' title='bbox 1499 3247 1741 3303; x_wconf 89' lang='lat' dir='ltr'><strong>ordinem</strong></span> <span class='ocrx_word' id='word_1_248' title='bbox 1776 3248 2052 3303; x_wconf 88' lang='lat' dir='ltr'><strong>turbantis.</strong></span> 
     </span>
    </p>
   </div>
   <div class='ocr_carea' id='block_1_33' title="bbox 479 3339 2058 3412">
    <p class='ocr_par' dir='ltr' id='par_1_33' title="bbox 479 3339 2058 3412">
     <span class='ocr_line' id='line_1_33' title="bbox 479 3339 2058 3412; baseline -0.008 -8"><span class='ocrx_word' id='word_1_249' title='bbox 479 3345 616 3404; x_wconf 77' lang='lat' dir='ltr'><strong>Vide</strong></span> <span class='ocrx_word' id='word_1_250' title='bbox 644 3347 832 3401; x_wconf 88' lang='lat' dir='ltr'><strong>iterum</strong></span> <span class='ocrx_word' id='word_1_251' title='bbox 866 3343 1006 3397; x_wconf 90' lang='lat' dir='ltr'><strong>illius</strong></span> <span class='ocrx_word' id='word_1_252' title='bbox 1036 3351 1376 3412; x_wconf 79' lang='lat' dir='ltr'><strong>prorogatura</strong></span> <span class='ocrx_word' id='word_1_253' title='bbox 1420 3339 1710 3408; x_wconf 85' lang='lat' dir='ltr'><strong>judicium,</strong></span> <span class='ocrx_word' id='word_1_254' title='bbox 1751 3351 1806 3394; x_wconf 88' lang='lat' dir='ltr'><strong>et</strong></span> <span class='ocrx_word' id='word_1_255' title='bbox 1841 3340 2058 3393; x_wconf 82' lang='lat' dir='ltr'><strong>insidias</strong></span> 
     </span>
    </p>
   </div>
   <div class='ocr_carea' id='block_1_34' title="bbox 478 3431 2061 3512">
    <p class='ocr_par' dir='ltr' id='par_1_34' title="bbox 478 3431 2061 3512">
     <span class='ocr_line' id='line_1_34' title="bbox 478 3431 2061 3512; baseline -0.006 -18"><span class='ocrx_word' id='word_1_256' title='bbox 478 3434 872 3512; x_wconf 61' lang='lat' dir='ltr'><strong>praedicationis</strong></span> <span class='ocrx_word' id='word_1_257' title='bbox 907 3435 1243 3489; x_wconf 86' lang='lat' dir='ltr'><strong>occasionem</strong></span> <span class='ocrx_word' id='word_1_258' title='bbox 1285 3432 1472 3486; x_wconf 88' lang='lat' dir='ltr'><strong>laetas.</strong></span> <span class='ocrx_word' id='word_1_259' title='bbox 1513 3431 1639 3486; x_wconf 64' lang='lat' dir='ltr'><strong>ilice</strong></span> <span class='ocrx_word' id='word_1_260' title='bbox 1675 3432 1817 3485; x_wconf 88' lang='lat' dir='ltr'><strong>enim</strong></span> <span class='ocrx_word' id='word_1_261' title='bbox 1847 3431 2061 3500; x_wconf 84' lang='lat' dir='ltr'><strong>dispen-</strong></span> 
     </span>
    </p>
   </div>
   <div class='ocr_carea' id='block_1_35' title="bbox 478 3519 2058 3595">
    <p class='ocr_par' dir='ltr' id='par_1_35' title="bbox 478 3519 2058 3595">
     <span class='ocr_line' id='line_1_35' title="bbox 478 3519 2058 3595; baseline -0.008 -10"><span class='ocrx_word' id='word_1_262' title='bbox 478 3519 686 3595; x_wconf 80' lang='lat' dir='ltr'><strong>santur,</strong></span> <span class='ocrx_word' id='word_1_263' title='bbox 715 3537 772 3582; x_wconf 91' lang='lat' dir='ltr'><strong>ut</strong></span> <span class='ocrx_word' id='word_1_264' title='bbox 801 3527 953 3582; x_wconf 82' lang='lat' dir='ltr'><strong>facile</strong></span> <span class='ocrx_word' id='word_1_265' title='bbox 979 3536 1033 3580; x_wconf 89' lang='lat' dir='ltr'><strong>et</strong></span> <span class='ocrx_word' id='word_1_266' title='bbox 1062 3539 1182 3578; x_wconf 91' lang='lat' dir='ltr'><strong>cum</strong></span> <span class='ocrx_word' id='word_1_267' title='bbox 1205 3523 1448 3578; x_wconf 89' lang='lat' dir='ltr'><strong>custodia</strong></span> <span class='ocrx_word' id='word_1_268' title='bbox 1473 3522 1867 3593; x_wconf 82' lang='lat' dir='ltr'><strong>Jerosolymam</strong></span> <span class='ocrx_word' id='word_1_269' title='bbox 1893 3521 2058 3578; x_wconf 89' lang='lat' dir='ltr'><strong>addu-</strong></span> 
     </span>
    </p>
   </div>
   <div class='ocr_carea' id='block_1_36' title="bbox 478 3613 2060 3686">
    <p class='ocr_par' dir='ltr' id='par_1_36' title="bbox 478 3613 2060 3686">
     <span class='ocr_line' id='line_1_36' title="bbox 478 3613 2060 3686; baseline -0.006 -9"><span class='ocrx_word' id='word_1_270' title='bbox 478 3633 654 3686; x_wconf 87' lang='lat' dir='ltr'><strong>catur,</strong></span> <span class='ocrx_word' id='word_1_271' title='bbox 696 3619 910 3673; x_wconf 89' lang='lat' dir='ltr'><strong>nemine</strong></span> <span class='ocrx_word' id='word_1_272' title='bbox 955 3616 1276 3684; x_wconf 71' lang='lat' dir='ltr'><strong>insidiante:</strong></span> <span class='ocrx_word' id='word_1_273' title='bbox 1301 3630 1406 3668; x_wconf 93' lang='lat' dir='ltr'><strong>nou</strong></span> <span class='ocrx_word' id='word_1_274' title='bbox 1445 3613 1584 3669; x_wconf 90' lang='lat' dir='ltr'><strong>idem</strong></span> <span class='ocrx_word' id='word_1_275' title='bbox 1625 3625 1740 3669; x_wconf 91' lang='lat' dir='ltr'><strong>erat</strong></span> <span class='ocrx_word' id='word_1_276' title='bbox 1775 3615 1897 3670; x_wconf 89' lang='lat' dir='ltr'><strong>illuc</strong></span> <span class='ocrx_word' id='word_1_277' title='bbox 1933 3616 2060 3668; x_wconf 85' lang='lat' dir='ltr'><strong>siut-</strong></span> 
     </span>
    </p>
   </div>
   <div class='ocr_carea' id='block_1_37' title="bbox 480 3705 2058 3784">
    <p class='ocr_par' dir='ltr' id='par_1_37' title="bbox 480 3705 2058 3784">
     <span class='ocr_line' id='line_1_37' title="bbox 480 3705 2058 3784; baseline -0.005 -17"><span class='ocrx_word' id='word_1_278' title='bbox 480 3712 688 3784; x_wconf 85' lang='lat' dir='ltr'><strong>pliciter</strong></span> <span class='ocrx_word' id='word_1_279' title='bbox 709 3709 1016 3774; x_wconf 83' lang='lat' dir='ltr'><strong>adventare,</strong></span> <span class='ocrx_word' id='word_1_280' title='bbox 1037 3716 1230 3761; x_wconf 89' lang='lat' dir='ltr'><strong>etcum</strong></span> <span class='ocrx_word' id='word_1_281' title='bbox 1257 3705 1345 3758; x_wconf 87' lang='lat' dir='ltr'><strong>tali</strong></span> <span class='ocrx_word' id='word_1_282' title='bbox 1366 3721 1525 3759; x_wconf 90' lang='lat' dir='ltr'><strong>causa</strong></span> <span class='ocrx_word' id='word_1_283' title='bbox 1547 3706 1748 3759; x_wconf 89' lang='lat' dir='ltr'><strong>venire.</strong></span> <span class='ocrx_word' id='word_1_284' title='bbox 1769 3705 1882 3760; x_wconf 80' lang='lat' dir='ltr'><strong>Hoc</strong></span> <span class='ocrx_word' id='word_1_285' title='bbox 1900 3706 2058 3760; x_wconf 91' lang='lat' dir='ltr'><strong>etiam</strong></span> 
     </span>
    </p>
   </div>
   <div class='ocr_carea' id='block_1_38' title="bbox 481 3795 2060 3865">
    <p class='ocr_par' dir='ltr' id='par_1_38' title="bbox 481 3795 2060 3865">
     <span class='ocr_line' id='line_1_38' title="bbox 481 3795 2060 3865; baseline -0.006 -7"><span class='ocrx_word' id='word_1_286' title='bbox 481 3802 534 3858; x_wconf 92' lang='lat' dir='ltr'><strong>id</strong></span> <span class='ocrx_word' id='word_1_287' title='bbox 561 3800 772 3865; x_wconf 82' lang='lat' dir='ltr'><strong>el&#39;lecit,</strong></span> <span class='ocrx_word' id='word_1_288' title='bbox 802 3807 860 3854; x_wconf 93' lang='lat' dir='ltr'><strong>ut</strong></span> <span class='ocrx_word' id='word_1_289' title='bbox 887 3796 1054 3852; x_wconf 70' lang='lat' dir='ltr'><strong>iudici</strong></span> <span class='ocrx_word' id='word_1_290' title='bbox 1085 3797 1209 3850; x_wconf 93' lang='lat' dir='ltr'><strong>illuc</strong></span> <span class='ocrx_word' id='word_1_291' title='bbox 1235 3796 1605 3850; x_wconf 87' lang='lat' dir='ltr'><strong>convenirent.</strong></span> <span class='ocrx_word' id='word_1_292' title='bbox 1641 3795 1838 3850; x_wconf 89' lang='lat' dir='ltr'><strong>Deinde</strong></span> <span class='ocrx_word' id='word_1_293' title='bbox 1869 3795 2060 3849; x_wconf 85' lang='lat' dir='ltr'><strong>iterum</strong></span> 
     </span>
    </p>
   </div>
   <div class='ocr_carea' id='block_1_39' title="bbox 481 3887 2058 3958">
    <p class='ocr_par' dir='ltr' id='par_1_39' title="bbox 481 3887 2058 3958">
     <span class='ocr_line' id='line_1_39' title="bbox 481 3887 2058 3958; baseline -0.005 -9"><span class='ocrx_word' id='word_1_294' title='bbox 481 3909 649 3949; x_wconf 67' lang='lat' dir='ltr'><strong>morte</strong></span> <span class='ocrx_word' id='word_1_295' title='bbox 673 3900 818 3958; x_wconf 90' lang='lat' dir='ltr'><strong>sunt,</strong></span> <span class='ocrx_word' id='word_1_296' title='bbox 840 3890 966 3944; x_wconf 92' lang='lat' dir='ltr'><strong>dum</strong></span> <span class='ocrx_word' id='word_1_297' title='bbox 993 3888 1084 3942; x_wconf 91' lang='lat' dir='ltr'><strong>ille</strong></span> <span class='ocrx_word' id='word_1_298' title='bbox 1104 3887 1456 3958; x_wconf 85' lang='lat' dir='ltr'><strong>Jerosolymis</strong></span> <span class='ocrx_word' id='word_1_299' title='bbox 1485 3896 1760 3942; x_wconf 88' lang='lat' dir='ltr'><strong>versatur:</strong></span> <span class='ocrx_word' id='word_1_300' title='bbox 1785 3897 1846 3942; x_wconf 90' lang='lat' dir='ltr'><strong>ut</strong></span> <span class='ocrx_word' id='word_1_301' title='bbox 1863 3887 2058 3954; x_wconf 89' lang='lat' dir='ltr'><strong>discas,</strong></span> 
     </span>
    </p>
   </div>
   <div class='ocr_carea' id='block_1_40' title="bbox 478 3979 2058 4050">
    <p class='ocr_par' dir='ltr' id='par_1_40' title="bbox 478 3979 2058 4050">
     <span class='ocr_line' id='line_1_40' title="bbox 478 3979 2058 4050; baseline -0.004 -11"><span class='ocrx_word' id='word_1_302' title='bbox 478 3985 642 4040; x_wconf 87' lang='lat' dir='ltr'><strong>etiam</strong></span> <span class='ocrx_word' id='word_1_303' title='bbox 658 3997 779 4038; x_wconf 91' lang='lat' dir='ltr'><strong>cum</strong></span> <span class='ocrx_word' id='word_1_304' title='bbox 800 3991 1006 4050; x_wconf 86' lang='lat' dir='ltr'><strong>tempus</strong></span> <span class='ocrx_word' id='word_1_305' title='bbox 1023 3988 1184 4043; x_wconf 88' lang='lat' dir='ltr'><strong>esset,</strong></span> <span class='ocrx_word' id='word_1_306' title='bbox 1207 3979 1423 4034; x_wconf 82' lang='lat' dir='ltr'><strong>insidias</strong></span> <span class='ocrx_word' id='word_1_307' title='bbox 1448 3980 1731 4047; x_wconf 76' lang='lat' dir='ltr'><strong>praevalere</strong></span> <span class='ocrx_word' id='word_1_308' title='bbox 1753 3993 1858 4033; x_wconf 92' lang='lat' dir='ltr'><strong>non</strong></span> <span class='ocrx_word' id='word_1_309' title='bbox 1881 3994 2058 4049; x_wconf 88' lang='lat' dir='ltr'><strong>posse,</strong></span> 
     </span>
    </p>
   </div>
   <div class='ocr_carea' id='block_1_41' title="bbox 483 4069 2064 4140">
    <p class='ocr_par' dir='ltr' id='par_1_41' title="bbox 483 4069 2064 4140">
     <span class='ocr_line' id='line_1_41' title="bbox 483 4069 2064 4140; baseline -0.004 -10"><span class='ocrx_word' id='word_1_310' title='bbox 483 4077 594 4130; x_wconf 87' lang='lat' dir='ltr'><strong>Deo</strong></span> <span class='ocrx_word' id='word_1_311' title='bbox 624 4089 728 4129; x_wconf 92' lang='lat' dir='ltr'><strong>non</strong></span> <span class='ocrx_word' id='word_1_312' title='bbox 753 4071 1100 4127; x_wconf 87' lang='lat' dir='ltr'><strong>concedente.</strong></span> <span class='ocrx_word' id='word_1_313' title='bbox 1125 4070 1352 4140; x_wconf 80' lang='lat' dir='ltr'><strong>Agrippa</strong></span> <span class='ocrx_word' id='word_1_314' title='bbox 1374 4079 1543 4123; x_wconf 82' lang='lat' dir='ltr'><strong>autent</strong></span> <span class='ocrx_word' id='word_1_315' title='bbox 1573 4070 1653 4122; x_wconf 73' lang='lat' dir='ltr'><strong>hic</strong></span> <span class='ocrx_word' id='word_1_316' title='bbox 1675 4086 1763 4123; x_wconf 78' lang='lat' dir='ltr'><strong>rex</strong></span> <span class='ocrx_word' id='word_1_317' title='bbox 1788 4080 1832 4123; x_wconf 82' lang='lat' dir='ltr'><strong>et</strong></span> <span class='ocrx_word' id='word_1_318' title='bbox 1855 4069 2064 4124; x_wconf 84' lang='lat' dir='ltr'><strong>Bernice</strong></span> 
     </span>
    </p>
   </div>
   <div class='ocr_carea' id='block_1_42' title="bbox 482 4161 2062 4231">
    <p class='ocr_par' dir='ltr' id='par_1_42' title="bbox 482 4161 2062 4231">
     <span class='ocr_line' id='line_1_42' title="bbox 482 4161 2062 4231; baseline -0.003 -10"><span class='ocrx_word' id='word_1_319' title='bbox 482 4166 846 4222; x_wconf 78' lang='lat' dir='ltr'><strong>descenderunt</strong></span> <span class='ocrx_word' id='word_1_320' title='bbox 879 4161 1181 4217; x_wconf 78' lang='lat' dir='ltr'><strong>Ctesaream.</strong></span> <span class='ocrx_word' id='word_1_321' title='bbox 1227 4161 1323 4216; x_wconf 86' lang='lat' dir='ltr'><strong>llic</strong></span> <span class='ocrx_word' id='word_1_322' title='bbox 1350 4162 1582 4231; x_wconf 77' lang='lat' dir='ltr'><strong>Agrippa</strong></span> <span class='ocrx_word' id='word_1_323' title='bbox 1603 4203 1617 4225; x_wconf 94' lang='lat'><strong>,</strong></span> <span class='ocrx_word' id='word_1_324' title='bbox 1650 4163 1736 4229; x_wconf 89' lang='lat' dir='ltr'><strong>qui</strong></span> <span class='ocrx_word' id='word_1_325' title='bbox 1768 4163 1926 4216; x_wconf 88' lang='lat' dir='ltr'><strong>etiam</strong></span> <span class='ocrx_word' id='word_1_326' title='bbox 1961 4162 2062 4216; x_wconf 52' lang='lat' dir='ltr'><strong>Ile-</strong></span> 
     </span>
    </p>
   </div>
   <div class='ocr_carea' id='block_1_43' title="bbox 482 4253 2061 4324">
    <p class='ocr_par' dir='ltr' id='par_1_43' title="bbox 482 4253 2061 4324">
     <span class='ocr_line' id='line_1_43' title="bbox 482 4253 2061 4324; baseline -0.006 -10"><span class='ocrx_word' id='word_1_327' title='bbox 482 4259 664 4324; x_wconf 86' lang='lat' dir='ltr'><strong>rodes,</strong></span> <span class='ocrx_word' id='word_1_328' title='bbox 719 4257 855 4311; x_wconf 88' lang='lat' dir='ltr'><strong>alius</strong></span> <span class='ocrx_word' id='word_1_329' title='bbox 901 4262 983 4308; x_wconf 89' lang='lat' dir='ltr'><strong>est</strong></span> <span class='ocrx_word' id='word_1_330' title='bbox 1036 4262 1156 4323; x_wconf 89' lang='lat' dir='ltr'><strong>post</strong></span> <span class='ocrx_word' id='word_1_331' title='bbox 1206 4268 1327 4307; x_wconf 91' lang='lat' dir='ltr'><strong>eum</strong></span> <span class='ocrx_word' id='word_1_332' title='bbox 1380 4253 1468 4322; x_wconf 89' lang='lat' dir='ltr'><strong>qui</strong></span> <span class='ocrx_word' id='word_1_333' title='bbox 1521 4253 1776 4307; x_wconf 86' lang='lat' dir='ltr'><strong>Jacobum</strong></span> <span class='ocrx_word' id='word_1_334' title='bbox 1830 4254 2061 4318; x_wconf 88' lang='lat' dir='ltr'><strong>occidit,</strong></span> 
     </span>
    </p>
   </div>
   <div class='ocr_carea' id='block_1_44' title="bbox 481 4344 2066 4417">
    <p class='ocr_par' dir='ltr' id='par_1_44' title="bbox 481 4344 2066 4417">
     <span class='ocr_line' id='line_1_44' title="bbox 481 4344 2066 4417; baseline -0.003 -12"><span class='ocrx_word' id='word_1_335' title='bbox 481 4359 542 4406; x_wconf 90' lang='lat' dir='ltr'><strong>ut</strong></span> <span class='ocrx_word' id='word_1_336' title='bbox 589 4349 662 4404; x_wconf 89' lang='lat' dir='ltr'><strong>sit</strong></span> <span class='ocrx_word' id='word_1_337' title='bbox 709 4357 950 4417; x_wconf 89' lang='lat' dir='ltr'><strong>quartus.</strong></span> <span class='ocrx_word' id='word_1_338' title='bbox 1010 4344 1142 4400; x_wconf 84' lang='lat' dir='ltr'><strong>Vide</strong></span> <span class='ocrx_word' id='word_1_339' title='bbox 1197 4345 1440 4399; x_wconf 90' lang='lat' dir='ltr'><strong>inimicos</strong></span> <span class='ocrx_word' id='word_1_340' title='bbox 1479 4345 1565 4400; x_wconf 89' lang='lat' dir='ltr'><strong>vel</strong></span> <span class='ocrx_word' id='word_1_341' title='bbox 1604 4345 1795 4400; x_wconf 90' lang='lat' dir='ltr'><strong>invitos</strong></span> <span class='ocrx_word' id='word_1_342' title='bbox 1851 4347 2066 4415; x_wconf 86' lang='lat' dir='ltr'><strong>conspi-</strong></span> 
     </span>
    </p>
   </div>
   <div class='ocr_carea' id='block_1_45' title="bbox 485 4433 2063 4506">
    <p class='ocr_par' dir='ltr' id='par_1_45' title="bbox 485 4433 2063 4506">
     <span class='ocr_line' id='line_1_45' title="bbox 485 4433 2063 4506; baseline -0.003 -10"><span class='ocrx_word' id='word_1_343' title='bbox 485 4457 627 4496; x_wconf 89' lang='lat' dir='ltr'><strong>rare.</strong></span> <span class='ocrx_word' id='word_1_344' title='bbox 684 4438 756 4494; x_wconf 90' lang='lat' dir='ltr'><strong>Ut</strong></span> <span class='ocrx_word' id='word_1_345' title='bbox 794 4452 922 4492; x_wconf 89' lang='lat' dir='ltr'><strong>vero</strong></span> <span class='ocrx_word' id='word_1_346' title='bbox 964 4450 1152 4504; x_wconf 79' lang='lat' dir='ltr'><strong>magna</strong></span> <span class='ocrx_word' id='word_1_347' title='bbox 1195 4433 1494 4489; x_wconf 88' lang='lat' dir='ltr'><strong>auditorum</strong></span> <span class='ocrx_word' id='word_1_348' title='bbox 1541 4435 1832 4506; x_wconf 84' lang='lat' dir='ltr'><strong>frequentia</strong></span> <span class='ocrx_word' id='word_1_349' title='bbox 1877 4448 2063 4502; x_wconf 91' lang='lat' dir='ltr'><strong>esset,</strong></span> 
     </span>
    </p>
   </div>
   <div class='ocr_carea' id='block_1_46' title="bbox 487 4525 2068 4596">
    <p class='ocr_par' dir='ltr' id='par_1_46' title="bbox 487 4525 2068 4596">
     <span class='ocr_line' id='line_1_46' title="bbox 487 4525 2068 4596; baseline -0.002 -9"><span class='ocrx_word' id='word_1_350' title='bbox 487 4534 542 4588; x_wconf 93' lang='lat' dir='ltr'><strong>in</strong></span> <span class='ocrx_word' id='word_1_351' title='bbox 583 4529 909 4586; x_wconf 90' lang='lat' dir='ltr'><strong>desiderium</strong></span> <span class='ocrx_word' id='word_1_352' title='bbox 956 4525 1140 4581; x_wconf 90' lang='lat' dir='ltr'><strong>incidit</strong></span> <span class='ocrx_word' id='word_1_353' title='bbox 1179 4526 1410 4596; x_wconf 82' lang='lat' dir='ltr'><strong>Agrippa</strong></span> <span class='ocrx_word' id='word_1_354' title='bbox 1450 4527 1618 4596; x_wconf 89' lang='lat' dir='ltr'><strong>ipsum</strong></span> <span class='ocrx_word' id='word_1_355' title='bbox 1657 4527 1904 4583; x_wconf 88' lang='lat' dir='ltr'><strong>audiendi</strong></span> <span class='ocrx_word' id='word_1_356' title='bbox 1931 4548 1943 4583; x_wconf 89' lang='lat'>:</span> <span class='ocrx_word' id='word_1_357' title='bbox 1971 4545 2068 4585; x_wconf 91' lang='lat' dir='ltr'><strong>nec</strong></span> 
     </span>
    </p>
   </div>
   <div class='ocr_carea' id='block_1_47' title="bbox 487 4619 2070 4694">
    <p class='ocr_par' dir='ltr' id='par_1_47' title="bbox 487 4619 2070 4694">
     <span class='ocr_line' id='line_1_47' title="bbox 487 4619 2070 4694; baseline -0.004 -13"><span class='ocrx_word' id='word_1_358' title='bbox 487 4637 776 4694; x_wconf 90' lang='lat' dir='ltr'><strong>utcumque</strong></span> <span class='ocrx_word' id='word_1_359' title='bbox 805 4620 1024 4687; x_wconf 81' lang='lat' dir='ltr'><strong>audivit,</strong></span> <span class='ocrx_word' id='word_1_360' title='bbox 1054 4619 1148 4674; x_wconf 92' lang='lat' dir='ltr'><strong>sed</strong></span> <span class='ocrx_word' id='word_1_361' title='bbox 1189 4635 1309 4673; x_wconf 93' lang='lat' dir='ltr'><strong>cum</strong></span> <span class='ocrx_word' id='word_1_362' title='bbox 1337 4630 1616 4689; x_wconf 89' lang='lat' dir='ltr'><strong>apparatu.</strong></span> <span class='ocrx_word' id='word_1_363' title='bbox 1644 4619 1708 4674; x_wconf 84' lang='lat' dir='ltr'><strong>Et</strong></span> <span class='ocrx_word' id='word_1_364' title='bbox 1737 4620 1860 4676; x_wconf 92' lang='lat' dir='ltr'><strong>vide</strong></span> <span class='ocrx_word' id='word_1_365' title='bbox 1884 4622 2070 4678; x_wconf 86' lang='lat' dir='ltr'><strong>delen-</strong></span> 
     </span>
    </p>
   </div>
   <div class='ocr_carea' id='block_1_48' title="bbox 487 4711 2071 4786">
    <p class='ocr_par' dir='ltr' id='par_1_48' title="bbox 487 4711 2071 4786">
     <span class='ocr_line' id='line_1_48' title="bbox 487 4711 2071 4786; baseline -0.004 -11"><span class='ocrx_word' id='word_1_366' title='bbox 487 4720 716 4782; x_wconf 88' lang='lat' dir='ltr'><strong>sionem,</strong></span> <span class='ocrx_word' id='word_1_367' title='bbox 746 4731 902 4786; x_wconf 86' lang='lat' dir='ltr'><strong>quam</strong></span> <span class='ocrx_word' id='word_1_368' title='bbox 934 4728 1135 4784; x_wconf 61' lang='lat' dir='ltr'><strong>praises</strong></span> <span class='ocrx_word' id='word_1_369' title='bbox 1159 4713 1362 4783; x_wconf 80' lang='lat' dir='ltr'><strong>profert</strong></span> <span class='ocrx_word' id='word_1_370' title='bbox 1385 4731 1398 4766; x_wconf 87' lang='lat'><strong>:</strong></span> <span class='ocrx_word' id='word_1_371' title='bbox 1421 4711 1548 4768; x_wconf 88' lang='lat' dir='ltr'><strong>Cum</strong></span> <span class='ocrx_word' id='word_1_372' title='bbox 1570 4725 1736 4767; x_wconf 82' lang='lat' dir='ltr'><strong>autent</strong></span> <span class='ocrx_word' id='word_1_373' title='bbox 1763 4715 1871 4785; x_wconf 82' lang='lat' dir='ltr'><strong>ipse</strong></span> <span class='ocrx_word' id='word_1_374' title='bbox 1893 4716 2071 4786; x_wconf 84' lang='lat' dir='ltr'><strong>appel-</strong></span> 
     </span>
    </p>
   </div>
   <div class='ocr_carea' id='block_1_49' title="bbox 488 4806 2072 4879">
    <p class='ocr_par' dir='ltr' id='par_1_49' title="bbox 488 4806 2072 4879">
     <span class='ocr_line' id='line_1_49' title="bbox 488 4806 2072 4879; baseline -0.004 -12"><span class='ocrx_word' id='word_1_375' title='bbox 488 4813 640 4867; x_wconf 82' lang='lat' dir='ltr'><strong>lasset</strong></span> <span class='ocrx_word' id='word_1_376' title='bbox 670 4809 738 4863; x_wconf 89' lang='lat' dir='ltr'><strong>ad</strong></span> <span class='ocrx_word' id='word_1_377' title='bbox 760 4809 1061 4879; x_wconf 81' lang='lat' dir='ltr'><strong>Augustum,</strong></span> <span class='ocrx_word' id='word_1_378' title='bbox 1080 4806 1311 4878; x_wconf 83' lang='lat' dir='ltr'><strong>judicavi</strong></span> <span class='ocrx_word' id='word_1_379' title='bbox 1330 4806 1522 4860; x_wconf 84' lang='lat' dir='ltr'><strong>mittere</strong></span> <span class='ocrx_word' id='word_1_380' title='bbox 1545 4807 1689 4859; x_wconf 87' lang='lat' dir='ltr'><strong>illum</strong></span> <span class='ocrx_word' id='word_1_381' title='bbox 1712 4822 1731 4860; x_wconf 92' lang='lat'><strong><em>:</em></strong></span> <span class='ocrx_word' id='word_1_382' title='bbox 1748 4810 1810 4860; x_wconf 85' lang='lat' dir='ltr'><strong>de</strong></span> <span class='ocrx_word' id='word_1_383' title='bbox 1834 4825 1933 4876; x_wconf 85' lang='lat' dir='ltr'><strong>quo</strong></span> <span class='ocrx_word' id='word_1_384' title='bbox 1952 4809 2072 4877; x_wconf 88' lang='lat' dir='ltr'><strong>quid</strong></span> 
     </span>
    </p>
   </div>
   <div class='ocr_carea' id='block_1_50' title="bbox 487 4897 2069 4967">
    <p class='ocr_par' dir='ltr' id='par_1_50' title="bbox 487 4897 2069 4967">
     <span class='ocr_line' id='line_1_50' title="bbox 487 4897 2069 4967; baseline -0.005 -5"><span class='ocrx_word' id='word_1_385' title='bbox 487 4918 682 4962; x_wconf 85' lang='lat' dir='ltr'><strong>certum</strong></span> <span class='ocrx_word' id='word_1_386' title='bbox 708 4905 924 4960; x_wconf 86' lang='lat' dir='ltr'><strong>scribam</strong></span> <span class='ocrx_word' id='word_1_387' title='bbox 952 4901 1178 4967; x_wconf 87' lang='lat' dir='ltr'><strong>domino,</strong></span> <span class='ocrx_word' id='word_1_388' title='bbox 1210 4917 1309 4953; x_wconf 90' lang='lat' dir='ltr'><strong>non</strong></span> <span class='ocrx_word' id='word_1_389' title='bbox 1337 4899 1515 4953; x_wconf 82' lang='lat' dir='ltr'><strong>habeo.</strong></span> <span class='ocrx_word' id='word_1_390' title='bbox 1539 4897 1628 4954; x_wconf 84' lang='lat' dir='ltr'><strong>Sic</strong></span> <span class='ocrx_word' id='word_1_391' title='bbox 1652 4900 1838 4954; x_wconf 89' lang='lat' dir='ltr'><strong>scribit</strong></span> <span class='ocrx_word' id='word_1_392' title='bbox 1861 4899 2069 4964; x_wconf 85' lang='lat' dir='ltr'><strong>Festus,</strong></span> 
     </span>
    </p>
   </div>
   <div class='ocr_carea' id='block_1_51' title="bbox 491 4989 2073 5060">
    <p class='ocr_par' dir='ltr' id='par_1_51' title="bbox 491 4989 2073 5060">
     <span class='ocr_line' id='line_1_51' title="bbox 491 4989 2073 5060; baseline -0.006 -7"><span class='ocrx_word' id='word_1_393' title='bbox 491 5008 549 5053; x_wconf 88' lang='lat' dir='ltr'><strong>et</strong></span> <span class='ocrx_word' id='word_1_394' title='bbox 568 4996 858 5052; x_wconf 90' lang='lat' dir='ltr'><strong>traducitur</strong></span> <span class='ocrx_word' id='word_1_395' title='bbox 873 4993 1091 5049; x_wconf 83' lang='lat' dir='ltr'><strong>Judaica</strong></span> <span class='ocrx_word' id='word_1_396' title='bbox 1105 4989 1393 5047; x_wconf 88' lang='lat' dir='ltr'><strong>crudelitas</strong></span> <span class='ocrx_word' id='word_1_397' title='bbox 1414 5006 1427 5043; x_wconf 90' lang='lat'><strong>:</strong></span> <span class='ocrx_word' id='word_1_398' title='bbox 1446 5005 1567 5045; x_wconf 92' lang='lat' dir='ltr'><strong>eum</strong></span> <span class='ocrx_word' id='word_1_399' title='bbox 1588 4989 1729 5044; x_wconf 91' lang='lat' dir='ltr'><strong>enim</strong></span> <span class='ocrx_word' id='word_1_400' title='bbox 1753 4989 1852 5045; x_wconf 89' lang='lat' dir='ltr'><strong>hoc</strong></span> <span class='ocrx_word' id='word_1_401' title='bbox 1876 5006 2073 5060; x_wconf 71' lang='lat' dir='ltr'><strong>prmses</strong></span> 
     </span>
    </p>
   </div>
   <div class='ocr_carea' id='block_1_52' title="bbox 493 5081 2073 5157">
    <p class='ocr_par' dir='ltr' id='par_1_52' title="bbox 493 5081 2073 5157">
     <span class='ocr_line' id='line_1_52' title="bbox 493 5081 2073 5157; baseline -0.004 -13"><span class='ocrx_word' id='word_1_402' title='bbox 493 5090 656 5155; x_wconf 88' lang='lat' dir='ltr'><strong>dicat,</strong></span> <span class='ocrx_word' id='word_1_403' title='bbox 687 5095 990 5157; x_wconf 89' lang='lat' dir='ltr'><strong>suspectum</strong></span> <span class='ocrx_word' id='word_1_404' title='bbox 1016 5101 1123 5140; x_wconf 93' lang='lat' dir='ltr'><strong>non</strong></span> <span class='ocrx_word' id='word_1_405' title='bbox 1153 5092 1256 5139; x_wconf 86' lang='lat' dir='ltr'><strong>est.</strong></span> <span class='ocrx_word' id='word_1_406' title='bbox 1289 5082 1417 5139; x_wconf 88' lang='lat' dir='ltr'><strong>ldeo</strong></span> <span class='ocrx_word' id='word_1_407' title='bbox 1447 5090 1626 5137; x_wconf 92' lang='lat' dir='ltr'><strong>autem</strong></span> <span class='ocrx_word' id='word_1_408' title='bbox 1651 5081 1796 5147; x_wconf 88' lang='lat' dir='ltr'><strong>dicit,</strong></span> <span class='ocrx_word' id='word_1_409' title='bbox 1831 5093 1888 5136; x_wconf 91' lang='lat' dir='ltr'><strong>ut</strong></span> <span class='ocrx_word' id='word_1_410' title='bbox 1915 5082 1982 5138; x_wconf 78' lang='lat' dir='ltr'><strong>ab</strong></span> <span class='ocrx_word' id='word_1_411' title='bbox 2009 5097 2073 5137; x_wconf 88' lang='lat' dir='ltr'><strong>eo</strong></span> 
     </span>
    </p>
   </div>
   <div class='ocr_carea' id='block_1_53' title="bbox 497 5169 2072 5247">
    <p class='ocr_par' dir='ltr' id='par_1_53' title="bbox 497 5169 2072 5247">
     <span class='ocr_line' id='line_1_53' title="bbox 497 5169 2072 5247; baseline -0.006 -13"><span class='ocrx_word' id='word_1_412' title='bbox 497 5182 616 5247; x_wconf 91' lang='lat' dir='ltr'><strong>ipso</strong></span> <span class='ocrx_word' id='word_1_413' title='bbox 635 5178 956 5234; x_wconf 90' lang='lat' dir='ltr'><strong>damnentur</strong></span> <span class='ocrx_word' id='word_1_414' title='bbox 979 5176 1148 5232; x_wconf 71' lang='lat' dir='ltr'><strong>Judtei</strong></span> <span class='ocrx_word' id='word_1_415' title='bbox 1174 5195 1187 5232; x_wconf 90' lang='lat'><strong>:</strong></span> <span class='ocrx_word' id='word_1_416' title='bbox 1214 5169 1493 5246; x_wconf 74' lang='lat' dir='ltr'><strong>postquam</strong></span> <span class='ocrx_word' id='word_1_417' title='bbox 1523 5183 1699 5228; x_wconf 90' lang='lat' dir='ltr'><strong>autem</strong></span> <span class='ocrx_word' id='word_1_418' title='bbox 1728 5188 1914 5228; x_wconf 89' lang='lat' dir='ltr'><strong>omnes</strong></span> <span class='ocrx_word' id='word_1_419' title='bbox 1940 5188 2072 5228; x_wconf 90' lang='lat' dir='ltr'><strong>con-</strong></span> 
     </span>
    </p>
   </div>
   <div class='ocr_carea' id='block_1_54' title="bbox 501 5265 2074 5338">
    <p class='ocr_par' dir='ltr' id='par_1_54' title="bbox 501 5265 2074 5338">
     <span class='ocr_line' id='line_1_54' title="bbox 501 5265 2074 5338; baseline -0.003 -13"><span class='ocrx_word' id='word_1_420' title='bbox 501 5271 822 5326; x_wconf 89' lang='lat' dir='ltr'><strong>demnarunt</strong></span> <span class='ocrx_word' id='word_1_421' title='bbox 836 5270 998 5338; x_wconf 88' lang='lat' dir='ltr'><strong>ipsos,</strong></span> <span class='ocrx_word' id='word_1_422' title='bbox 1013 5277 1138 5322; x_wconf 91' lang='lat' dir='ltr'><strong>tunc</strong></span> <span class='ocrx_word' id='word_1_423' title='bbox 1154 5267 1406 5322; x_wconf 90' lang='lat' dir='ltr'><strong>ultionem</strong></span> <span class='ocrx_word' id='word_1_424' title='bbox 1423 5266 1656 5321; x_wconf 90' lang='lat' dir='ltr'><strong>immittit</strong></span> <span class='ocrx_word' id='word_1_425' title='bbox 1670 5266 1828 5321; x_wconf 91' lang='lat' dir='ltr'><strong>Dens.</strong></span> <span class='ocrx_word' id='word_1_426' title='bbox 1839 5265 2074 5321; x_wconf 85' lang='lat' dir='ltr'><strong>Observa</strong></span> 
     </span>
    </p>
   </div>
   <div class='ocr_carea' id='block_1_55' title="bbox 504 5357 2076 5427">
    <p class='ocr_par' dir='ltr' id='par_1_55' title="bbox 504 5357 2076 5427">
     <span class='ocr_line' id='line_1_55' title="bbox 504 5357 2076 5427; baseline -0.001 -13"><span class='ocrx_word' id='word_1_427' title='bbox 504 5368 685 5416; x_wconf 86' lang='lat' dir='ltr'><strong>autem</strong></span> <span class='ocrx_word' id='word_1_428' title='bbox 707 5375 722 5412; x_wconf 92' lang='lat'><strong>:</strong></span> <span class='ocrx_word' id='word_1_429' title='bbox 745 5357 1013 5412; x_wconf 90' lang='lat' dir='ltr'><strong>damnavit</strong></span> <span class='ocrx_word' id='word_1_430' title='bbox 1040 5357 1226 5427; x_wconf 82' lang='lat' dir='ltr'><strong>Lysias</strong></span> <span class='ocrx_word' id='word_1_431' title='bbox 1250 5397 1265 5422; x_wconf 94' lang='lat'><strong>,</strong></span> <span class='ocrx_word' id='word_1_432' title='bbox 1295 5357 1567 5413; x_wconf 88' lang='lat' dir='ltr'><strong>damnavit</strong></span> <span class='ocrx_word' id='word_1_433' title='bbox 1594 5357 1740 5412; x_wconf 80' lang='lat' dir='ltr'><strong>Felix</strong></span> <span class='ocrx_word' id='word_1_434' title='bbox 1761 5399 1776 5422; x_wconf 95' lang='lat'><strong>,</strong></span> <span class='ocrx_word' id='word_1_435' title='bbox 1805 5357 2076 5412; x_wconf 88' lang='lat' dir='ltr'><strong>damnavit</strong></span> 
     </span>
    </p>
   </div>
   <div class='ocr_carea' id='block_1_56' title="bbox 507 5449 2072 5521">
    <p class='ocr_par' dir='ltr' id='par_1_56' title="bbox 507 5449 2072 5521">
     <span class='ocr_line' id='line_1_56' title="bbox 507 5449 2072 5521; baseline -0.001 -13"><span class='ocrx_word' id='word_1_436' title='bbox 507 5451 699 5508; x_wconf 90' lang='lat' dir='ltr'><strong>Festus</strong></span> <span class='ocrx_word' id='word_1_437' title='bbox 721 5458 776 5507; x_wconf 90' lang='lat' dir='ltr'><strong>et</strong></span> <span class='ocrx_word' id='word_1_438' title='bbox 799 5450 835 5504; x_wconf 92' lang='lat' dir='ltr'><strong>ii</strong></span> <span class='ocrx_word' id='word_1_439' title='bbox 854 5450 942 5520; x_wconf 93' lang='lat' dir='ltr'><strong>qui</strong></span> <span class='ocrx_word' id='word_1_440' title='bbox 964 5449 1393 5520; x_wconf 73' lang='lat' dir='ltr'><strong>gratiﬁcabantur</strong></span> <span class='ocrx_word' id='word_1_441' title='bbox 1413 5452 1510 5514; x_wconf 90' lang='lat' dir='ltr'><strong>eis,</strong></span> <span class='ocrx_word' id='word_1_442' title='bbox 1535 5449 1802 5504; x_wconf 84' lang='lat' dir='ltr'><strong>damnavit</strong></span> <span class='ocrx_word' id='word_1_443' title='bbox 1821 5451 2072 5521; x_wconf 76' lang='lat' dir='ltr'><strong>Agrippa.</strong></span> 
     </span>
    </p>
   </div>
   <div class='ocr_carea' id='block_1_57' title="bbox 505 5541 2077 5613">
    <p class='ocr_par' dir='ltr' id='par_1_57' title="bbox 505 5541 2077 5613">
     <span class='ocr_line' id='line_1_57' title="bbox 505 5541 2077 5613; baseline -0.001 -13"><span class='ocrx_word' id='word_1_444' title='bbox 505 5544 649 5613; x_wconf 83' lang='lat' dir='ltr'><strong>Quid</strong></span> <span class='ocrx_word' id='word_1_445' title='bbox 684 5541 861 5599; x_wconf 86' lang='lat' dir='ltr'><strong>ultra?</strong></span> <span class='ocrx_word' id='word_1_446' title='bbox 899 5542 1298 5596; x_wconf 89' lang='lat' dir='ltr'><strong>Damnaverunt</strong></span> <span class='ocrx_word' id='word_1_447' title='bbox 1341 5556 1435 5597; x_wconf 88' lang='lat' dir='ltr'><strong>eos</strong></span> <span class='ocrx_word' id='word_1_448' title='bbox 1481 5542 1578 5612; x_wconf 89' lang='lat' dir='ltr'><strong>ipsi</strong></span> <span class='ocrx_word' id='word_1_449' title='bbox 1618 5543 1892 5597; x_wconf 70' lang='lat' dir='ltr'><strong>Pharisazi.</strong></span> <span class='ocrx_word' id='word_1_450' title='bbox 1923 5543 2077 5611; x_wconf 83' lang='lat' dir='ltr'><strong>Quod</strong></span> 
     </span>
    </p>
   </div>
   <div class='ocr_carea' id='block_1_58' title="bbox 501 5632 2079 5710">
    <p class='ocr_par' dir='ltr' id='par_1_58' title="bbox 501 5632 2079 5710">
     <span class='ocr_line' id='line_1_58' title="bbox 501 5632 2079 5710; baseline -0.005 -14"><span class='ocrx_word' id='word_1_451' title='bbox 501 5638 596 5697; x_wconf 87' lang='lat' dir='ltr'><strong>ille</strong></span> <span class='ocrx_word' id='word_1_452' title='bbox 621 5635 982 5701; x_wconf 90' lang='lat' dir='ltr'><strong>damnaverit,</strong></span> <span class='ocrx_word' id='word_1_453' title='bbox 1013 5633 1134 5688; x_wconf 90' lang='lat' dir='ltr'><strong>audi</strong></span> <span class='ocrx_word' id='word_1_454' title='bbox 1165 5633 1336 5703; x_wconf 89' lang='lat' dir='ltr'><strong>ipsum</strong></span> <span class='ocrx_word' id='word_1_455' title='bbox 1373 5632 1635 5688; x_wconf 89' lang='lat' dir='ltr'><strong>dicentem</strong></span> <span class='ocrx_word' id='word_1_456' title='bbox 1663 5653 1675 5688; x_wconf 94' lang='lat'>:</span> <span class='ocrx_word' id='word_1_457' title='bbox 1701 5634 1919 5689; x_wconf 81' lang='lat' dir='ltr'><strong>Nullam</strong></span> <span class='ocrx_word' id='word_1_458' title='bbox 1957 5653 2079 5710; x_wconf 84' lang='lat' dir='ltr'><strong>cau-</strong></span> 
     </span>
    </p>
   </div>
   <div class='ocr_carea' id='block_1_59' title="bbox 509 5726 2080 5801">
    <p class='ocr_par' dir='ltr' id='par_1_59' title="bbox 509 5726 2080 5801">
     <span class='ocr_line' id='line_1_59' title="bbox 509 5726 2080 5801; baseline -0.002 -15"><span class='ocrx_word' id='word_1_459' title='bbox 509 5745 623 5786; x_wconf 83' lang='lat' dir='ltr'><strong>sam</strong></span> <span class='ocrx_word' id='word_1_460' title='bbox 645 5728 950 5801; x_wconf 82' lang='lat' dir='ltr'><strong>deferebant,</strong></span> <span class='ocrx_word' id='word_1_461' title='bbox 975 5741 1037 5781; x_wconf 79' lang='lat' dir='ltr'><strong>ea:</strong></span> <span class='ocrx_word' id='word_1_462' title='bbox 1059 5726 1236 5797; x_wconf 85' lang='lat' dir='ltr'><strong>quibus</strong></span> <span class='ocrx_word' id='word_1_463' title='bbox 1257 5743 1347 5797; x_wconf 73' lang='lat' dir='ltr'><strong>ego</strong></span> <span class='ocrx_word' id='word_1_464' title='bbox 1371 5726 1684 5796; x_wconf 82' lang='lat' dir='ltr'><strong>suspicabar.</strong></span> <span class='ocrx_word' id='word_1_465' title='bbox 1707 5726 1866 5782; x_wconf 88' lang='lat' dir='ltr'><strong>Certe</strong></span> <span class='ocrx_word' id='word_1_466' title='bbox 1885 5729 2080 5783; x_wconf 88' lang='lat' dir='ltr'><strong>attule-</strong></span> 
     </span>
    </p>
   </div>
   <div class='ocr_carea' id='block_1_60' title="bbox 511 5818 2079 5892">
    <p class='ocr_par' dir='ltr' id='par_1_60' title="bbox 511 5818 2079 5892">
     <span class='ocr_line' id='line_1_60' title="bbox 511 5818 2079 5892; baseline -0.002 -11"><span class='ocrx_word' id='word_1_467' title='bbox 511 5831 662 5892; x_wconf 85' lang='lat' dir='ltr'><strong>runt,</strong></span> <span class='ocrx_word' id='word_1_468' title='bbox 681 5819 776 5879; x_wconf 86' lang='lat' dir='ltr'><strong>sed</strong></span> <span class='ocrx_word' id='word_1_469' title='bbox 796 5833 907 5880; x_wconf 87' lang='lat' dir='ltr'><strong>non</strong></span> <span class='ocrx_word' id='word_1_470' title='bbox 925 5821 1274 5880; x_wconf 83' lang='lat' dir='ltr'><strong>convicerunt</strong></span> <span class='ocrx_word' id='word_1_471' title='bbox 1295 5837 1307 5875; x_wconf 91' lang='lat'><strong>:</strong></span> <span class='ocrx_word' id='word_1_472' title='bbox 1328 5818 1534 5877; x_wconf 71' lang='lat' dir='ltr'><strong>insidia:</strong></span> <span class='ocrx_word' id='word_1_473' title='bbox 1556 5834 1784 5891; x_wconf 86' lang='lat' dir='ltr'><strong>namque</strong></span> <span class='ocrx_word' id='word_1_474' title='bbox 1804 5828 1856 5877; x_wconf 92' lang='lat' dir='ltr'><strong>et</strong></span> <span class='ocrx_word' id='word_1_475' title='bbox 1876 5819 2079 5878; x_wconf 81' lang='lat' dir='ltr'><strong>laciniis</strong></span> 
     </span>
    </p>
   </div>
   <div class='ocr_carea' id='block_1_61' title="bbox 1179 369 2976 438">
    <p class='ocr_par' dir='ltr' id='par_1_61' title="bbox 1179 369 2976 438">
     <span class='ocr_line' id='line_1_61' title="bbox 1179 369 2976 438; baseline -0.008 0"><span class='ocrx_word' id='word_1_476' title='bbox 1179 381 1236 438; x_wconf 90' lang='lat' dir='ltr'><strong>S.</strong></span> <span class='ocrx_word' id='word_1_477' title='bbox 1276 377 1552 437; x_wconf 75' lang='lat' dir='ltr'><strong>JUANNIS</strong></span> <span class='ocrx_word' id='word_1_478' title='bbox 1588 369 2062 434; x_wconf 75' lang='lat' dir='ltr'><strong>CHRYSOSTOMI</strong></span> <span class='ocrx_word' id='word_1_479' title='bbox 2099 371 2414 428; x_wconf 77' lang='lat' dir='ltr'><strong>ARCHIEP.</strong></span> <span class='ocrx_word' id='word_1_480' title='bbox 2445 370 2976 428; x_wconf 80' lang='lat' dir='ltr'><strong>CONSTANTINOP.</strong></span> 
     </span>
    </p>
   </div>
   <div class='ocr_carea' id='block_1_62' title="bbox 3625 366 3726 422">
    <p class='ocr_par' dir='ltr' id='par_1_62' title="bbox 3625 366 3726 422">
     <span class='ocr_line' id='line_1_62' title="bbox 3625 366 3726 422; baseline -0.04 -1"><span class='ocrx_word' id='word_1_481' title='bbox 3625 366 3726 422; x_wconf 74' lang='lat'><strong>356</strong></span> 
     </span>
    </p>
   </div>
   <div class='ocr_carea' id='block_1_63' title="bbox 2149 478 3730 556">
    <p class='ocr_par' dir='ltr' id='par_1_63' title="bbox 2149 478 3730 556">
     <span class='ocr_line' id='line_1_63' title="bbox 2149 478 3730 556; baseline -0.005 -16"><span class='ocrx_word' id='word_1_482' title='bbox 2149 485 2284 540; x_wconf 88' lang='lat' dir='ltr'><strong>hanc</strong></span> <span class='ocrx_word' id='word_1_483' title='bbox 2321 485 2680 555; x_wconf 89' lang='lat' dir='ltr'><strong>suspicionem</strong></span> <span class='ocrx_word' id='word_1_484' title='bbox 2722 484 3022 556; x_wconf 88' lang='lat' dir='ltr'><strong>pariebant,</strong></span> <span class='ocrx_word' id='word_1_485' title='bbox 3066 481 3339 552; x_wconf 86' lang='lat' dir='ltr'><strong>inquisitio</strong></span> <span class='ocrx_word' id='word_1_486' title='bbox 3378 494 3558 534; x_wconf 83' lang='lat' dir='ltr'><strong>autem</strong></span> <span class='ocrx_word' id='word_1_487' title='bbox 3602 478 3730 532; x_wconf 86' lang='lat' dir='ltr'><strong>nihil</strong></span> 
     </span>
    </p>
   </div>
   <div class='ocr_carea' id='block_1_64' title="bbox 2150 570 3735 648">
    <p class='ocr_par' dir='ltr' id='par_1_64' title="bbox 2150 570 3735 648">
     <span class='ocr_line' id='line_1_64' title="bbox 2150 570 3735 648; baseline -0.006 -18"><span class='ocrx_word' id='word_1_488' title='bbox 2150 571 2276 632; x_wconf 88' lang='lat' dir='ltr'><strong>tale.</strong></span> <span class='ocrx_word' id='word_1_489' title='bbox 2309 573 2380 630; x_wconf 86' lang='lat' dir='ltr'><strong>Et</strong></span> <span class='ocrx_word' id='word_1_490' title='bbox 2407 577 2470 630; x_wconf 87' lang='lat' dir='ltr'><strong>de</strong></span> <span class='ocrx_word' id='word_1_491' title='bbox 2493 578 2713 648; x_wconf 84' lang='lat' dir='ltr'><strong>quodam</strong></span> <span class='ocrx_word' id='word_1_492' title='bbox 2735 575 2884 641; x_wconf 75' lang='lat' dir='ltr'><strong>Iesu,</strong></span> <span class='ocrx_word' id='word_1_493' title='bbox 2917 574 3108 642; x_wconf 88' lang='lat' dir='ltr'><strong>inquit,</strong></span> <span class='ocrx_word' id='word_1_494' title='bbox 3141 573 3400 644; x_wconf 73' lang='lat' dir='ltr'><strong>defuncto.</strong></span> <span class='ocrx_word' id='word_1_495' title='bbox 3429 570 3559 626; x_wconf 71' lang='lat' dir='ltr'><strong>lure</strong></span> <span class='ocrx_word' id='word_1_496' title='bbox 3587 570 3735 628; x_wconf 88' lang='lat' dir='ltr'><strong>dicit,</strong></span> 
     </span>
    </p>
   </div>
   <div class='ocr_carea' id='block_1_65' title="bbox 2147 668 3739 740">
    <p class='ocr_par' dir='ltr' id='par_1_65' title="bbox 2147 668 3739 740">
     <span class='ocr_line' id='line_1_65' title="bbox 2147 668 3739 740; baseline -0.005 -16"><span class='ocrx_word' id='word_1_497' title='bbox 2147 668 2228 724; x_wconf 86' lang='lat' dir='ltr'><strong>De</strong></span> <span class='ocrx_word' id='word_1_498' title='bbox 2257 669 2508 739; x_wconf 86' lang='lat' dir='ltr'><strong>quodam,</strong></span> <span class='ocrx_word' id='word_1_499' title='bbox 2551 679 2735 740; x_wconf 90' lang='lat' dir='ltr'><strong>utpote</strong></span> <span class='ocrx_word' id='word_1_500' title='bbox 2763 669 2853 738; x_wconf 91' lang='lat' dir='ltr'><strong>qui</strong></span> <span class='ocrx_word' id='word_1_501' title='bbox 2885 669 3250 737; x_wconf 78' lang='lat' dir='ltr'><strong>magistratum</strong></span> <span class='ocrx_word' id='word_1_502' title='bbox 3282 673 3524 732; x_wconf 81' lang='lat' dir='ltr'><strong>gereret,</strong></span> <span class='ocrx_word' id='word_1_503' title='bbox 3568 679 3739 731; x_wconf 85' lang='lat' dir='ltr'><strong>neque</strong></span> 
     </span>
    </p>
   </div>
   <div class='ocr_carea' id='block_1_66' title="bbox 2150 756 3741 825">
    <p class='ocr_par' dir='ltr' id='par_1_66' title="bbox 2150 756 3741 825">
     <span class='ocr_line' id='line_1_66' title="bbox 2150 756 3741 825; baseline -0.005 -9"><span class='ocrx_word' id='word_1_504' title='bbox 2150 760 2269 816; x_wconf 85' lang='lat' dir='ltr'><strong>haec</strong></span> <span class='ocrx_word' id='word_1_505' title='bbox 2295 772 2527 818; x_wconf 86' lang='lat' dir='ltr'><strong>curaret.</strong></span> <span class='ocrx_word' id='word_1_506' title='bbox 2561 761 2760 817; x_wconf 82' lang='lat' dir='ltr'><strong>Eadem</strong></span> <span class='ocrx_word' id='word_1_507' title='bbox 2787 761 2857 816; x_wconf 91' lang='lat' dir='ltr'><strong>de</strong></span> <span class='ocrx_word' id='word_1_508' title='bbox 2885 773 3045 816; x_wconf 90' lang='lat' dir='ltr'><strong>causa</strong></span> <span class='ocrx_word' id='word_1_509' title='bbox 3073 758 3240 813; x_wconf 89' lang='lat' dir='ltr'><strong>dicit:</strong></span> <span class='ocrx_word' id='word_1_510' title='bbox 3271 756 3531 812; x_wconf 72' lang='lat' dir='ltr'><strong>[imitans</strong></span> <span class='ocrx_word' id='word_1_511' title='bbox 3557 772 3652 825; x_wconf 83' lang='lat' dir='ltr'><strong>ego</strong></span> <span class='ocrx_word' id='word_1_512' title='bbox 3680 757 3741 809; x_wconf 77' lang='lat' dir='ltr'><strong>de</strong></span> 
     </span>
    </p>
   </div>
   <div class='ocr_carea' id='block_1_67' title="bbox 2149 852 3738 926">
    <p class='ocr_par' dir='ltr' id='par_1_67' title="bbox 2149 852 3738 926">
     <span class='ocr_line' id='line_1_67' title="bbox 2149 852 3738 926; baseline -0.003 -18"><span class='ocrx_word' id='word_1_513' title='bbox 2149 855 2441 926; x_wconf 84' lang='lat' dir='ltr'><strong>hujusmodi</strong></span> <span class='ocrx_word' id='word_1_514' title='bbox 2469 856 2762 925; x_wconf 62' lang='lat' dir='ltr'><strong>quaestione.</strong></span> <span class='ocrx_word' id='word_1_515' title='bbox 2791 855 3004 910; x_wconf 87' lang='lat' dir='ltr'><strong>Etenim</strong></span> <span class='ocrx_word' id='word_1_516' title='bbox 3037 852 3220 907; x_wconf 91' lang='lat' dir='ltr'><strong>talium</strong></span> <span class='ocrx_word' id='word_1_517' title='bbox 3254 868 3432 908; x_wconf 89' lang='lat' dir='ltr'><strong>rerum</strong></span> <span class='ocrx_word' id='word_1_518' title='bbox 3464 852 3738 920; x_wconf 87' lang='lat' dir='ltr'><strong>inquisitio</strong></span> 
     </span>
    </p>
   </div>
   <div class='ocr_carea' id='block_1_68' title="bbox 2151 943 3736 1016">
    <p class='ocr_par' dir='ltr' id='par_1_68' title="bbox 2151 943 3736 1016">
     <span class='ocr_line' id='line_1_68' title="bbox 2151 943 3736 1016; baseline -0.003 -14"><span class='ocrx_word' id='word_1_519' title='bbox 2151 947 2268 1002; x_wconf 87' lang='lat' dir='ltr'><strong>talis</strong></span> <span class='ocrx_word' id='word_1_520' title='bbox 2291 948 2486 1016; x_wconf 87' lang='lat' dir='ltr'><strong>judicis</strong></span> <span class='ocrx_word' id='word_1_521' title='bbox 2511 963 2667 1003; x_wconf 91' lang='lat' dir='ltr'><strong>aures</strong></span> <span class='ocrx_word' id='word_1_522' title='bbox 2696 963 2822 1004; x_wconf 85' lang='lat' dir='ltr'><strong>vere</strong></span> <span class='ocrx_word' id='word_1_523' title='bbox 2849 943 3280 1001; x_wconf 85' lang='lat' dir='ltr'><strong>transcendebat.</strong></span> <span class='ocrx_word' id='word_1_524' title='bbox 3312 945 3380 999; x_wconf 86' lang='lat' dir='ltr'><strong>Et</strong></span> <span class='ocrx_word' id='word_1_525' title='bbox 3409 945 3453 999; x_wconf 90' lang='lat' dir='ltr'><strong>si</strong></span> <span class='ocrx_word' id='word_1_526' title='bbox 3487 944 3736 1008; x_wconf 77' lang='lat' dir='ltr'><strong>luesitas,</strong></span> 
     </span>
    </p>
   </div>
   <div class='ocr_carea' id='block_1_69' title="bbox 2148 1036 3735 1113">
    <p class='ocr_par' dir='ltr' id='par_1_69' title="bbox 2148 1036 3735 1113">
     <span class='ocr_line' id='line_1_69' title="bbox 2148 1036 3735 1113; baseline -0.006 -13"><span class='ocrx_word' id='word_1_527' title='bbox 2148 1055 2246 1100; x_wconf 82' lang='lat' dir='ltr'><strong>Cur</strong></span> <span class='ocrx_word' id='word_1_528' title='bbox 2272 1041 2664 1113; x_wconf 84' lang='lat' dir='ltr'><strong>Jerosolymam</strong></span> <span class='ocrx_word' id='word_1_529' title='bbox 2698 1039 2898 1095; x_wconf 88' lang='lat' dir='ltr'><strong>trahis?</strong></span> <span class='ocrx_word' id='word_1_530' title='bbox 2929 1038 3052 1094; x_wconf 92' lang='lat' dir='ltr'><strong>ldeo</strong></span> <span class='ocrx_word' id='word_1_531' title='bbox 3095 1037 3289 1092; x_wconf 84' lang='lat' dir='ltr'><strong>Paulus</strong></span> <span class='ocrx_word' id='word_1_532' title='bbox 3331 1037 3449 1106; x_wconf 89' lang='lat' dir='ltr'><strong>ejus</strong></span> <span class='ocrx_word' id='word_1_533' title='bbox 3481 1036 3735 1102; x_wconf 88' lang='lat' dir='ltr'><strong>judicium</strong></span> 
     </span>
    </p>
   </div>
   <div class='ocr_carea' id='block_1_70' title="bbox 2149 1130 3738 1204">
    <p class='ocr_par' dir='ltr' id='par_1_70' title="bbox 2149 1130 3738 1204">
     <span class='ocr_line' id='line_1_70' title="bbox 2149 1130 3738 1204; baseline -0.002 -16"><span class='ocrx_word' id='word_1_534' title='bbox 2149 1133 2476 1201; x_wconf 84' lang='lat' dir='ltr'><strong>detrectans,</strong></span> <span class='ocrx_word' id='word_1_535' title='bbox 2505 1134 2880 1204; x_wconf 70' lang='lat' dir='ltr'><strong>Caesaremque</strong></span> <span class='ocrx_word' id='word_1_536' title='bbox 2900 1132 3192 1203; x_wconf 86' lang='lat' dir='ltr'><strong>appellans,</strong></span> <span class='ocrx_word' id='word_1_537' title='bbox 3219 1130 3350 1186; x_wconf 91' lang='lat' dir='ltr'><strong>dicit</strong></span> <span class='ocrx_word' id='word_1_538' title='bbox 3373 1148 3386 1184; x_wconf 89' lang='lat'><strong>:</strong></span> <span class='ocrx_word' id='word_1_539' title='bbox 3410 1131 3492 1185; x_wconf 79' lang='lat' dir='ltr'><strong>Ad</strong></span> <span class='ocrx_word' id='word_1_540' title='bbox 3518 1132 3738 1185; x_wconf 83' lang='lat' dir='ltr'><strong>tribunal</strong></span> 
     </span>
    </p>
   </div>
   <div class='ocr_carea' id='block_1_71' title="bbox 2151 1223 3737 1295">
    <p class='ocr_par' dir='ltr' id='par_1_71' title="bbox 2151 1223 3737 1295">
     <span class='ocr_line' id='line_1_71' title="bbox 2151 1223 3737 1295; baseline -0.001 -15"><span class='ocrx_word' id='word_1_541' title='bbox 2151 1224 2366 1280; x_wconf 73' lang='lat' dir='ltr'><strong>Cmsaris</strong></span> <span class='ocrx_word' id='word_1_542' title='bbox 2402 1235 2500 1291; x_wconf 86' lang='lat' dir='ltr'><strong>sto,</strong></span> <span class='ocrx_word' id='word_1_543' title='bbox 2541 1226 2626 1280; x_wconf 84' lang='lat' dir='ltr'><strong>ubi</strong></span> <span class='ocrx_word' id='word_1_544' title='bbox 2662 1242 2742 1278; x_wconf 87' lang='lat' dir='ltr'><strong>me</strong></span> <span class='ocrx_word' id='word_1_545' title='bbox 2777 1235 2968 1295; x_wconf 84' lang='lat' dir='ltr'><strong>oportet</strong></span> <span class='ocrx_word' id='word_1_546' title='bbox 2997 1224 3223 1295; x_wconf 86' lang='lat' dir='ltr'><strong>judicari</strong></span> <span class='ocrx_word' id='word_1_547' title='bbox 3244 1239 3265 1288; x_wconf 88' lang='lat'><strong><em>;</em></strong></span> <span class='ocrx_word' id='word_1_548' title='bbox 3293 1223 3490 1280; x_wconf 88' lang='lat' dir='ltr'><strong>etenim</strong></span> <span class='ocrx_word' id='word_1_549' title='bbox 3528 1224 3600 1278; x_wconf 90' lang='lat' dir='ltr'><strong>de</strong></span> <span class='ocrx_word' id='word_1_550' title='bbox 3639 1225 3737 1278; x_wconf 82' lang='lat' dir='ltr'><strong>hee</strong></span> 
     </span>
    </p>
   </div>
   <div class='ocr_carea' id='block_1_72' title="bbox 2149 1318 3735 1389">
    <p class='ocr_par' dir='ltr' id='par_1_72' title="bbox 2149 1318 3735 1389">
     <span class='ocr_line' id='line_1_72' title="bbox 2149 1318 3735 1389; baseline -0.001 -16"><span class='ocrx_word' id='word_1_551' title='bbox 2149 1318 2494 1374; x_wconf 85' lang='lat' dir='ltr'><strong>accusabant.</strong></span> <span class='ocrx_word' id='word_1_552' title='bbox 2525 1318 2694 1374; x_wconf 79' lang='lat' dir='ltr'><strong>Audis</strong></span> <span class='ocrx_word' id='word_1_553' title='bbox 2723 1318 3179 1389; x_wconf 76' lang='lat' dir='ltr'><strong>appellationem?</strong></span> <span class='ocrx_word' id='word_1_554' title='bbox 3206 1318 3360 1372; x_wconf 88' lang='lat' dir='ltr'><strong>audis</strong></span> <span class='ocrx_word' id='word_1_555' title='bbox 3390 1318 3615 1374; x_wconf 89' lang='lat' dir='ltr'><strong>insidias</strong></span> <span class='ocrx_word' id='word_1_556' title='bbox 3642 1318 3735 1372; x_wconf 77' lang='lat' dir='ltr'><strong>Ju-</strong></span> 
     </span>
    </p>
   </div>
   <div class='ocr_carea' id='block_1_73' title="bbox 2149 1409 2978 1468">
    <p class='ocr_par' dir='ltr' id='par_1_73' title="bbox 2149 1409 2978 1468">
     <span class='ocr_line' id='line_1_73' title="bbox 2149 1409 2978 1468; baseline -0.006 -1"><span class='ocrx_word' id='word_1_557' title='bbox 2149 1409 2419 1468; x_wconf 73' lang='lat' dir='ltr'><strong>dzeorum?</strong></span> <span class='ocrx_word' id='word_1_558' title='bbox 2446 1410 2598 1465; x_wconf 88' lang='lat' dir='ltr'><strong>audis</strong></span> <span class='ocrx_word' id='word_1_559' title='bbox 2623 1410 2978 1466; x_wconf 83' lang='lat' dir='ltr'><strong>seditionem?</strong></span> 
     </span>
    </p>
   </div>
   <div class='ocr_carea' id='block_1_74' title="bbox 2220 1500 3738 1572">
    <p class='ocr_par' dir='ltr' id='par_1_74' title="bbox 2220 1500 3738 1572">
     <span class='ocr_line' id='line_1_74' title="bbox 2220 1500 3738 1572; baseline 0 -16"><span class='ocrx_word' id='word_1_560' title='bbox 2220 1501 2275 1556; x_wconf 76' lang='grc'><strong>4.</strong></span> <span class='ocrx_word' id='word_1_561' title='bbox 2308 1500 2434 1555; x_wconf 73' lang='lat' dir='ltr'><strong>Hinc</strong></span> <span class='ocrx_word' id='word_1_562' title='bbox 2470 1501 2648 1556; x_wconf 87' lang='lat' dir='ltr'><strong>omnia</strong></span> <span class='ocrx_word' id='word_1_563' title='bbox 2685 1502 2971 1572; x_wconf 81' lang='lat' dir='ltr'><strong>Agrippam</strong></span> <span class='ocrx_word' id='word_1_564' title='bbox 3010 1502 3077 1556; x_wconf 88' lang='lat' dir='ltr'><strong>ad</strong></span> <span class='ocrx_word' id='word_1_565' title='bbox 3119 1501 3369 1556; x_wconf 90' lang='lat' dir='ltr'><strong>audiendi</strong></span> <span class='ocrx_word' id='word_1_566' title='bbox 3406 1501 3738 1557; x_wconf 90' lang='lat' dir='ltr'><strong>desiderium</strong></span> 
     </span>
    </p>
   </div>
   <div class='ocr_carea' id='block_1_75' title="bbox 2148 1593 3736 1666">
    <p class='ocr_par' dir='ltr' id='par_1_75' title="bbox 2148 1593 3736 1666">
     <span class='ocr_line' id='line_1_75' title="bbox 2148 1593 3736 1666; baseline -0.001 -18"><span class='ocrx_word' id='word_1_567' title='bbox 2148 1593 2504 1648; x_wconf 86' lang='lat' dir='ltr'><strong>concitarunt.</strong></span> <span class='ocrx_word' id='word_1_568' title='bbox 2546 1594 2614 1649; x_wconf 87' lang='lat' dir='ltr'><strong>Et</strong></span> <span class='ocrx_word' id='word_1_569' title='bbox 2653 1594 2744 1648; x_wconf 92' lang='lat' dir='ltr'><strong>dat</strong></span> <span class='ocrx_word' id='word_1_570' title='bbox 2791 1593 2981 1650; x_wconf 87' lang='lat' dir='ltr'><strong>Festus</strong></span> <span class='ocrx_word' id='word_1_571' title='bbox 3027 1595 3290 1664; x_wconf 82' lang='lat' dir='ltr'><strong>gratiam,</strong></span> <span class='ocrx_word' id='word_1_572' title='bbox 3340 1604 3396 1650; x_wconf 90' lang='lat' dir='ltr'><strong>et</strong></span> <span class='ocrx_word' id='word_1_573' title='bbox 3444 1595 3504 1649; x_wconf 88' lang='lat' dir='ltr'><strong>lit</strong></span> <span class='ocrx_word' id='word_1_574' title='bbox 3553 1607 3736 1666; x_wconf 82' lang='lat' dir='ltr'><strong>postea</strong></span> 
     </span>
    </p>
   </div>
   <div class='ocr_carea' id='block_1_76' title="bbox 2152 1686 3733 1755">
    <p class='ocr_par' dir='ltr' id='par_1_76' title="bbox 2152 1686 3733 1755">
     <span class='ocr_line' id='line_1_76' title="bbox 2152 1686 3733 1755; baseline 0.002 -15"><span class='ocrx_word' id='word_1_575' title='bbox 2152 1686 2344 1741; x_wconf 87' lang='lat' dir='ltr'><strong>Paulus</strong></span> <span class='ocrx_word' id='word_1_576' title='bbox 2369 1687 2582 1741; x_wconf 91' lang='lat' dir='ltr'><strong>clarior.</strong></span> <span class='ocrx_word' id='word_1_577' title='bbox 2611 1688 2791 1753; x_wconf 91' lang='lat' dir='ltr'><strong>Talia,</strong></span> <span class='ocrx_word' id='word_1_578' title='bbox 2837 1698 2896 1742; x_wconf 90' lang='lat' dir='ltr'><strong>ut</strong></span> <span class='ocrx_word' id='word_1_579' title='bbox 2936 1688 3043 1742; x_wconf 78' lang='lat' dir='ltr'><strong>dixi</strong></span> <span class='ocrx_word' id='word_1_580' title='bbox 3064 1731 3079 1755; x_wconf 99' lang='lat'><strong>,</strong></span> <span class='ocrx_word' id='word_1_581' title='bbox 3123 1688 3332 1742; x_wconf 73' lang='lat' dir='ltr'><strong>insidia!</strong></span> <span class='ocrx_word' id='word_1_582' title='bbox 3357 1690 3733 1744; x_wconf 76' lang='lat' dir='ltr'><strong>conciliarent.</strong></span> 
     </span>
    </p>
   </div>
   <div class='ocr_carea' id='block_1_77' title="bbox 2151 1778 3738 1852">
    <p class='ocr_par' dir='ltr' id='par_1_77' title="bbox 2151 1778 3738 1852">
     <span class='ocr_line' id='line_1_77' title="bbox 2151 1778 3738 1852; baseline 0 -16"><span class='ocrx_word' id='word_1_583' title='bbox 2151 1778 2206 1836; x_wconf 86' lang='lat' dir='ltr'><strong>Si</strong></span> <span class='ocrx_word' id='word_1_584' title='bbox 2240 1781 2353 1834; x_wconf 61' lang='lat' dir='ltr'><strong>haec</strong></span> <span class='ocrx_word' id='word_1_585' title='bbox 2385 1796 2490 1836; x_wconf 92' lang='lat' dir='ltr'><strong>non</strong></span> <span class='ocrx_word' id='word_1_586' title='bbox 2518 1780 2777 1847; x_wconf 81' lang='lat' dir='ltr'><strong>fuissent,</strong></span> <span class='ocrx_word' id='word_1_587' title='bbox 2811 1782 2989 1836; x_wconf 91' lang='lat' dir='ltr'><strong>nullus</strong></span> <span class='ocrx_word' id='word_1_588' title='bbox 3018 1783 3318 1852; x_wconf 87' lang='lat' dir='ltr'><strong>principum</strong></span> <span class='ocrx_word' id='word_1_589' title='bbox 3351 1784 3524 1852; x_wconf 91' lang='lat' dir='ltr'><strong>ipsum</strong></span> <span class='ocrx_word' id='word_1_590' title='bbox 3555 1783 3738 1837; x_wconf 87' lang='lat' dir='ltr'><strong>audire</strong></span> 
     </span>
    </p>
   </div>
   <div class='ocr_carea' id='block_1_78' title="bbox 2151 1870 3738 1940">
    <p class='ocr_par' dir='ltr' id='par_1_78' title="bbox 2151 1870 3738 1940">
     <span class='ocr_line' id='line_1_78' title="bbox 2151 1870 3738 1940; baseline 0.003 -17"><span class='ocrx_word' id='word_1_591' title='bbox 2151 1870 2398 1940; x_wconf 83' lang='lat' dir='ltr'><strong>dignatus</strong></span> <span class='ocrx_word' id='word_1_592' title='bbox 2427 1880 2604 1936; x_wconf 89' lang='lat' dir='ltr'><strong>esset,</strong></span> <span class='ocrx_word' id='word_1_593' title='bbox 2636 1872 2812 1927; x_wconf 92' lang='lat' dir='ltr'><strong>nullus</strong></span> <span class='ocrx_word' id='word_1_594' title='bbox 2837 1887 2957 1927; x_wconf 93' lang='lat' dir='ltr'><strong>cum</strong></span> <span class='ocrx_word' id='word_1_595' title='bbox 2997 1881 3144 1926; x_wconf 92' lang='lat' dir='ltr'><strong>tanto</strong></span> <span class='ocrx_word' id='word_1_596' title='bbox 3173 1874 3406 1928; x_wconf 89' lang='lat' dir='ltr'><strong>silentio.</strong></span> <span class='ocrx_word' id='word_1_597' title='bbox 3438 1875 3504 1929; x_wconf 86' lang='lat' dir='ltr'><strong>Et</strong></span> <span class='ocrx_word' id='word_1_598' title='bbox 3530 1875 3738 1929; x_wconf 90' lang='lat' dir='ltr'><strong>videtur</strong></span> 
     </span>
    </p>
   </div>
   <div class='ocr_carea' id='block_1_79' title="bbox 2151 1963 3737 2036">
    <p class='ocr_par' dir='ltr' id='par_1_79' title="bbox 2151 1963 3737 2036">
     <span class='ocr_line' id='line_1_79' title="bbox 2151 1963 3737 2036; baseline 0.003 -19"><span class='ocrx_word' id='word_1_599' title='bbox 2151 1963 2367 2032; x_wconf 90' lang='lat' dir='ltr'><strong>quidem</strong></span> <span class='ocrx_word' id='word_1_600' title='bbox 2397 1963 2484 2018; x_wconf 92' lang='lat' dir='ltr'><strong>ille</strong></span> <span class='ocrx_word' id='word_1_601' title='bbox 2505 1964 2702 2021; x_wconf 88' lang='lat' dir='ltr'><strong>docere</strong></span> <span class='ocrx_word' id='word_1_602' title='bbox 2726 1975 2781 2020; x_wconf 88' lang='lat' dir='ltr'><strong>et</strong></span> <span class='ocrx_word' id='word_1_603' title='bbox 2808 1980 2930 2020; x_wconf 88' lang='lat' dir='ltr'><strong>sese</strong></span> <span class='ocrx_word' id='word_1_604' title='bbox 2951 1965 3268 2033; x_wconf 79' lang='lat' dir='ltr'><strong>defendere,</strong></span> <span class='ocrx_word' id='word_1_605' title='bbox 3293 1967 3389 2022; x_wconf 92' lang='lat' dir='ltr'><strong>sed</strong></span> <span class='ocrx_word' id='word_1_606' title='bbox 3417 1968 3594 2036; x_wconf 89' lang='lat' dir='ltr'><strong>potius</strong></span> <span class='ocrx_word' id='word_1_607' title='bbox 3619 1984 3737 2022; x_wconf 90' lang='lat' dir='ltr'><strong>cum</strong></span> 
     </span>
    </p>
   </div>
   <div class='ocr_carea' id='block_1_80' title="bbox 2151 2058 3736 2132">
    <p class='ocr_par' dir='ltr' id='par_1_80' title="bbox 2151 2058 3736 2132">
     <span class='ocr_line' id='line_1_80' title="bbox 2151 2058 3736 2132; baseline 0.002 -19"><span class='ocrx_word' id='word_1_608' title='bbox 2151 2058 2412 2130; x_wconf 74' lang='lat' dir='ltr'><strong>dignitate</strong></span> <span class='ocrx_word' id='word_1_609' title='bbox 2449 2073 2637 2129; x_wconf 82' lang='lat' dir='ltr'><strong>magna</strong></span> <span class='ocrx_word' id='word_1_610' title='bbox 2666 2060 3038 2116; x_wconf 91' lang='lat' dir='ltr'><strong>concionatur.</strong></span> <span class='ocrx_word' id='word_1_611' title='bbox 3078 2058 3157 2115; x_wconf 92' lang='lat' dir='ltr'><strong>Ne</strong></span> <span class='ocrx_word' id='word_1_612' title='bbox 3180 2075 3312 2132; x_wconf 79' lang='lat' dir='ltr'><strong>ergo</strong></span> <span class='ocrx_word' id='word_1_613' title='bbox 3337 2069 3592 2132; x_wconf 88' lang='lat' dir='ltr'><strong>putemus</strong></span> <span class='ocrx_word' id='word_1_614' title='bbox 3625 2078 3736 2116; x_wconf 86' lang='lat' dir='ltr'><strong>rem</strong></span> 
     </span>
    </p>
   </div>
   <div class='ocr_carea' id='block_1_81' title="bbox 2152 2153 2784 2224">
    <p class='ocr_par' dir='ltr' id='par_1_81' title="bbox 2152 2153 2784 2224">
     <span class='ocr_line' id='line_1_81' title="bbox 2152 2153 2784 2224; baseline 0.005 -19"><span class='ocrx_word' id='word_1_615' title='bbox 2152 2167 2367 2224; x_wconf 81' lang='lat' dir='ltr'><strong>gravem</strong></span> <span class='ocrx_word' id='word_1_616' title='bbox 2397 2153 2616 2208; x_wconf 86' lang='lat' dir='ltr'><strong>insidias</strong></span> <span class='ocrx_word' id='word_1_617' title='bbox 2642 2168 2784 2208; x_wconf 90' lang='lat' dir='ltr'><strong>esse.</strong></span> 
     </span>
    </p>
   </div>
   <div class='ocr_carea' id='block_1_82' title="bbox 2225 2241 3737 2312">
    <p class='ocr_par' dir='ltr' id='par_1_82' title="bbox 2225 2241 3737 2312">
     <span class='ocr_line' id='line_1_82' title="bbox 2225 2241 3737 2312; baseline 0.001 -16"><span class='ocrx_word' id='word_1_618' title='bbox 2225 2241 2391 2297; x_wconf 89' lang='lat' dir='ltr'><strong>Nemo</strong></span> <span class='ocrx_word' id='word_1_619' title='bbox 2421 2243 2621 2296; x_wconf 73' lang='lat' dir='ltr'><strong>(ceditur</strong></span> <span class='ocrx_word' id='word_1_620' title='bbox 2657 2244 2755 2297; x_wconf 88' lang='lat' dir='ltr'><strong>nisi</strong></span> <span class='ocrx_word' id='word_1_621' title='bbox 2791 2261 2823 2297; x_wconf 91' lang='lat' dir='ltr'><strong>a</strong></span> <span class='ocrx_word' id='word_1_622' title='bbox 2860 2245 3043 2312; x_wconf 84' lang='lat' dir='ltr'><strong>seipse.</strong></span> <span class='ocrx_word' id='word_1_623' title='bbox 3071 2242 3328 2312; x_wconf 84' lang='lat' dir='ltr'><strong>Rapinam</strong></span> <span class='ocrx_word' id='word_1_624' title='bbox 3357 2245 3649 2298; x_wconf 82' lang='lat' dir='ltr'><strong>insectatur.</strong></span> <span class='ocrx_word' id='word_1_625' title='bbox 3669 2276 3737 2286; x_wconf 97' lang='lat'><strong>—</strong></span> 
     </span>
    </p>
   </div>
   <div class='ocr_carea' id='block_1_83' title="bbox 2155 2333 3736 2404">
    <p class='ocr_par' dir='ltr' id='par_1_83' title="bbox 2155 2333 3736 2404">
     <span class='ocr_line' id='line_1_83' title="bbox 2155 2333 3736 2404; baseline 0.002 -16"><span class='ocrx_word' id='word_1_626' title='bbox 2155 2333 2313 2388; x_wconf 82' lang='lat' dir='ltr'><strong>Modo</strong></span> <span class='ocrx_word' id='word_1_627' title='bbox 2352 2335 2505 2389; x_wconf 90' lang='lat' dir='ltr'><strong>nobis</strong></span> <span class='ocrx_word' id='word_1_628' title='bbox 2534 2335 2665 2404; x_wconf 86' lang='lat' dir='ltr'><strong>ipsis</strong></span> <span class='ocrx_word' id='word_1_629' title='bbox 2695 2351 2798 2388; x_wconf 90' lang='lat' dir='ltr'><strong>non</strong></span> <span class='ocrx_word' id='word_1_630' title='bbox 2841 2336 3154 2391; x_wconf 89' lang='lat' dir='ltr'><strong>insidiemur</strong></span> <span class='ocrx_word' id='word_1_631' title='bbox 3176 2375 3193 2401; x_wconf 93' lang='lat'><strong>,</strong></span> <span class='ocrx_word' id='word_1_632' title='bbox 3233 2351 3392 2392; x_wconf 88' lang='lat' dir='ltr'><strong>nemo</strong></span> <span class='ocrx_word' id='word_1_633' title='bbox 3421 2337 3577 2391; x_wconf 88' lang='lat' dir='ltr'><strong>nobis</strong></span> <span class='ocrx_word' id='word_1_634' title='bbox 3609 2339 3736 2391; x_wconf 77' lang='lat' dir='ltr'><strong>insi-</strong></span> 
     </span>
    </p>
   </div>
   <div class='ocr_carea' id='block_1_84' title="bbox 2154 2427 3735 2498">
    <p class='ocr_par' dir='ltr' id='par_1_84' title="bbox 2154 2427 3735 2498">
     <span class='ocr_line' id='line_1_84' title="bbox 2154 2427 3735 2498; baseline -0.003 -16"><span class='ocrx_word' id='word_1_635' title='bbox 2154 2427 2288 2490; x_wconf 87' lang='lat' dir='ltr'><strong>diari</strong></span> <span class='ocrx_word' id='word_1_636' title='bbox 2306 2429 2530 2497; x_wconf 89' lang='lat' dir='ltr'><strong>poterit;</strong></span> <span class='ocrx_word' id='word_1_637' title='bbox 2551 2428 2658 2481; x_wconf 91' lang='lat' dir='ltr'><strong>imo</strong></span> <span class='ocrx_word' id='word_1_638' title='bbox 2676 2427 2994 2481; x_wconf 89' lang='lat' dir='ltr'><strong>insidiantur</strong></span> <span class='ocrx_word' id='word_1_639' title='bbox 3009 2427 3246 2498; x_wconf 90' lang='lat' dir='ltr'><strong>quidem,</strong></span> <span class='ocrx_word' id='word_1_640' title='bbox 3264 2427 3354 2482; x_wconf 91' lang='lat' dir='ltr'><strong>sed</strong></span> <span class='ocrx_word' id='word_1_641' title='bbox 3373 2428 3504 2482; x_wconf 87' lang='lat' dir='ltr'><strong>nihil</strong></span> <span class='ocrx_word' id='word_1_642' title='bbox 3523 2440 3735 2491; x_wconf 81' lang='lat' dir='ltr'><strong>nocent,</strong></span> 
     </span>
    </p>
   </div>
   <div class='ocr_carea' id='block_1_85' title="bbox 2155 2517 3738 2588">
    <p class='ocr_par' dir='ltr' id='par_1_85' title="bbox 2155 2517 3738 2588">
     <span class='ocr_line' id='line_1_85' title="bbox 2155 2517 3738 2588; baseline -0.001 -16"><span class='ocrx_word' id='word_1_643' title='bbox 2155 2518 2250 2573; x_wconf 89' lang='lat' dir='ltr'><strong>sed</strong></span> <span class='ocrx_word' id='word_1_644' title='bbox 2282 2518 2515 2573; x_wconf 80' lang='lat' dir='ltr'><strong>maxime</strong></span> <span class='ocrx_word' id='word_1_645' title='bbox 2559 2529 2800 2587; x_wconf 86' lang='lat' dir='ltr'><strong>prosunt.</strong></span> <span class='ocrx_word' id='word_1_646' title='bbox 2847 2517 3029 2588; x_wconf 83' lang='lat' dir='ltr'><strong>Itaque</strong></span> <span class='ocrx_word' id='word_1_647' title='bbox 3057 2533 3223 2588; x_wconf 87' lang='lat' dir='ltr'><strong>penes</strong></span> <span class='ocrx_word' id='word_1_648' title='bbox 3251 2533 3347 2572; x_wconf 90' lang='lat' dir='ltr'><strong>nos</strong></span> <span class='ocrx_word' id='word_1_649' title='bbox 3376 2527 3487 2582; x_wconf 84' lang='lat' dir='ltr'><strong>est,</strong></span> <span class='ocrx_word' id='word_1_650' title='bbox 3520 2528 3576 2573; x_wconf 90' lang='lat' dir='ltr'><strong>et.</strong></span> <span class='ocrx_word' id='word_1_651' title='bbox 3601 2519 3738 2572; x_wconf 88' lang='lat' dir='ltr'><strong>malo</strong></span> 
     </span>
    </p>
   </div>
   <div class='ocr_carea' id='block_1_86' title="bbox 2157 2608 3739 2679">
    <p class='ocr_par' dir='ltr' id='par_1_86' title="bbox 2157 2608 3739 2679">
     <span class='ocr_line' id='line_1_86' title="bbox 2157 2608 3739 2679; baseline 0.001 -17"><span class='ocrx_word' id='word_1_652' title='bbox 2157 2609 2296 2662; x_wconf 80' lang='lat' dir='ltr'><strong>allici</strong></span> <span class='ocrx_word' id='word_1_653' title='bbox 2335 2618 2391 2663; x_wconf 94' lang='lat' dir='ltr'><strong>et</strong></span> <span class='ocrx_word' id='word_1_654' title='bbox 2429 2625 2535 2663; x_wconf 89' lang='lat' dir='ltr'><strong>non</strong></span> <span class='ocrx_word' id='word_1_655' title='bbox 2563 2608 2723 2663; x_wconf 79' lang='lat' dir='ltr'><strong>allici.</strong></span> <span class='ocrx_word' id='word_1_656' title='bbox 2754 2609 2892 2664; x_wconf 87' lang='lat' dir='ltr'><strong>Ecce</strong></span> <span class='ocrx_word' id='word_1_657' title='bbox 2923 2609 3181 2664; x_wconf 77' lang='lat' dir='ltr'><strong>testificor</strong></span> <span class='ocrx_word' id='word_1_658' title='bbox 3207 2618 3261 2662; x_wconf 92' lang='lat' dir='ltr'><strong>et</strong></span> <span class='ocrx_word' id='word_1_659' title='bbox 3288 2625 3475 2679; x_wconf 81' lang='lat' dir='ltr'><strong>magna</strong></span> <span class='ocrx_word' id='word_1_660' title='bbox 3502 2611 3739 2678; x_wconf 85' lang='lat' dir='ltr'><strong>tubaque</strong></span> 
     </span>
    </p>
   </div>
   <div class='ocr_carea' id='block_1_87' title="bbox 2155 2702 3739 2768">
    <p class='ocr_par' dir='ltr' id='par_1_87' title="bbox 2155 2702 3739 2768">
     <span class='ocr_line' id='line_1_87' title="bbox 2155 2702 3739 2768; baseline -0.004 -9"><span class='ocrx_word' id='word_1_661' title='bbox 2155 2704 2386 2759; x_wconf 87' lang='lat' dir='ltr'><strong>clariore</strong></span> <span class='ocrx_word' id='word_1_662' title='bbox 2421 2719 2552 2758; x_wconf 86' lang='lat' dir='ltr'><strong>voce</strong></span> <span class='ocrx_word' id='word_1_663' title='bbox 2568 2702 2706 2768; x_wconf 91' lang='lat' dir='ltr'><strong>dico,</strong></span> <span class='ocrx_word' id='word_1_664' title='bbox 2731 2703 2849 2758; x_wconf 90' lang='lat' dir='ltr'><strong>etsi</strong></span> <span class='ocrx_word' id='word_1_665' title='bbox 2874 2704 3056 2757; x_wconf 91' lang='lat' dir='ltr'><strong>liceret</strong></span> <span class='ocrx_word' id='word_1_666' title='bbox 3093 2702 3146 2756; x_wconf 92' lang='lat' dir='ltr'><strong>in</strong></span> <span class='ocrx_word' id='word_1_667' title='bbox 3167 2703 3334 2756; x_wconf 91' lang='lat' dir='ltr'><strong>altum</strong></span> <span class='ocrx_word' id='word_1_668' title='bbox 3357 2703 3530 2756; x_wconf 88' lang='lat' dir='ltr'><strong>locum</strong></span> <span class='ocrx_word' id='word_1_669' title='bbox 3555 2718 3739 2756; x_wconf 81' lang='lat' dir='ltr'><strong>ascen-</strong></span> 
     </span>
    </p>
   </div>
   <div class='ocr_carea' id='block_1_88' title="bbox 2157 2792 3739 2863">
    <p class='ocr_par' dir='ltr' id='par_1_88' title="bbox 2157 2792 3739 2863">
     <span class='ocr_line' id='line_1_88' title="bbox 2157 2792 3739 2863; baseline -0.006 -14"><span class='ocrx_word' id='word_1_670' title='bbox 2157 2793 2308 2858; x_wconf 84' lang='lat' dir='ltr'><strong>dere,</strong></span> <span class='ocrx_word' id='word_1_671' title='bbox 2326 2808 2432 2848; x_wconf 92' lang='lat' dir='ltr'><strong>non</strong></span> <span class='ocrx_word' id='word_1_672' title='bbox 2455 2809 2757 2848; x_wconf 85' lang='lat' dir='ltr'><strong>recusarem</strong></span> <span class='ocrx_word' id='word_1_673' title='bbox 2785 2810 2797 2847; x_wconf 89' lang='lat'><strong>:</strong></span> <span class='ocrx_word' id='word_1_674' title='bbox 2821 2792 3182 2848; x_wconf 87' lang='lat' dir='ltr'><strong>Christianum</strong></span> <span class='ocrx_word' id='word_1_675' title='bbox 3199 2809 3302 2847; x_wconf 89' lang='lat' dir='ltr'><strong>non</strong></span> <span class='ocrx_word' id='word_1_676' title='bbox 3324 2808 3479 2862; x_wconf 89' lang='lat' dir='ltr'><strong>posse</strong></span> <span class='ocrx_word' id='word_1_677' title='bbox 3499 2809 3528 2847; x_wconf 92' lang='lat' dir='ltr'><strong>a</strong></span> <span class='ocrx_word' id='word_1_678' title='bbox 3548 2795 3739 2863; x_wconf 59' lang='lat' dir='ltr'><strong>queri.-</strong></span> 
     </span>
    </p>
   </div>
   <div class='ocr_carea' id='block_1_89' title="bbox 2159 2884 3741 2954">
    <p class='ocr_par' dir='ltr' id='par_1_89' title="bbox 2159 2884 3741 2954">
     <span class='ocr_line' id='line_1_89' title="bbox 2159 2884 3741 2954; baseline -0.001 -16"><span class='ocrx_word' id='word_1_679' title='bbox 2159 2885 2441 2940; x_wconf 89' lang='lat' dir='ltr'><strong>hominein</strong></span> <span class='ocrx_word' id='word_1_680' title='bbox 2467 2897 2602 2939; x_wconf 89' lang='lat' dir='ltr'><strong>terra</strong></span> <span class='ocrx_word' id='word_1_681' title='bbox 2623 2884 2895 2939; x_wconf 86' lang='lat' dir='ltr'><strong>habitante</strong></span> <span class='ocrx_word' id='word_1_682' title='bbox 2921 2884 3060 2941; x_wconf 67' lang='lat' dir='ltr'><strong>laedi.</strong></span> <span class='ocrx_word' id='word_1_683' title='bbox 3082 2885 3145 2938; x_wconf 90' lang='lat' dir='ltr'><strong>Et</strong></span> <span class='ocrx_word' id='word_1_684' title='bbox 3165 2885 3292 2954; x_wconf 91' lang='lat' dir='ltr'><strong>quid</strong></span> <span class='ocrx_word' id='word_1_685' title='bbox 3312 2885 3459 2951; x_wconf 80' lang='lat' dir='ltr'><strong>dico,</strong></span> <span class='ocrx_word' id='word_1_686' title='bbox 3483 2885 3741 2938; x_wconf 75' lang='lat' dir='ltr'><strong>homine?</strong></span> 
     </span>
    </p>
   </div>
   <div class='ocr_carea' id='block_1_90' title="bbox 2156 2954 3740 3047">
    <p class='ocr_par' dir='ltr' id='par_1_90' title="bbox 2156 2954 3740 3047">
     <span class='ocr_line' id='line_1_90' title="bbox 2156 2954 3740 3047; baseline -0.002 -15"><span class='ocrx_word' id='word_1_687' title='bbox 2156 2977 2235 3032; x_wconf 88' lang='lat' dir='ltr'><strong>Ne</strong></span> <span class='ocrx_word' id='word_1_688' title='bbox 2266 2978 2380 3046; x_wconf 88' lang='lat' dir='ltr'><strong>ipse</strong></span> <span class='ocrx_word' id='word_1_689' title='bbox 2408 2977 2621 3046; x_wconf 84' lang='lat' dir='ltr'><strong>quidem</strong></span> <span class='ocrx_word' id='word_1_690' title='bbox 2652 2977 2886 3041; x_wconf 69' lang='lat' dir='ltr'><strong>dmmon,</strong></span> <span class='ocrx_word' id='word_1_691' title='bbox 2928 2979 3011 3030; x_wconf 89' lang='lat' dir='ltr'><strong>vel</strong></span> <span class='ocrx_word' id='word_1_692' title='bbox 3057 2954 3352 3047; x_wconf 55' lang='lat' dir='ltr'><strong>tyrannus&#39;,</strong></span> <span class='ocrx_word' id='word_1_693' title='bbox 3384 2978 3469 3031; x_wconf 86' lang='lat' dir='ltr'><strong>vel</strong></span> <span class='ocrx_word' id='word_1_694' title='bbox 3499 2977 3740 3033; x_wconf 77' lang='lat' dir='ltr'><strong>diabolus</strong></span> 
     </span>
    </p>
   </div>
   <div class='ocr_carea' id='block_1_91' title="bbox 2159 3068 3742 3140">
    <p class='ocr_par' dir='ltr' id='par_1_91' title="bbox 2159 3068 3742 3140">
     <span class='ocr_line' id='line_1_91' title="bbox 2159 3068 3742 3140; baseline -0.001 -17"><span class='ocrx_word' id='word_1_695' title='bbox 2159 3081 2356 3140; x_wconf 88' lang='lat' dir='ltr'><strong>potest,</strong></span> <span class='ocrx_word' id='word_1_696' title='bbox 2385 3070 2487 3124; x_wconf 91' lang='lat' dir='ltr'><strong>nisi</strong></span> <span class='ocrx_word' id='word_1_697' title='bbox 2518 3085 2576 3123; x_wconf 90' lang='lat' dir='ltr'><strong>se</strong></span> <span class='ocrx_word' id='word_1_698' title='bbox 2604 3069 2716 3138; x_wconf 85' lang='lat' dir='ltr'><strong>ipse</strong></span> <span class='ocrx_word' id='word_1_699' title='bbox 2757 3068 2932 3122; x_wconf 68' lang='lat' dir='ltr'><strong>ltedat.</strong></span> <span class='ocrx_word' id='word_1_700' title='bbox 2966 3068 3023 3123; x_wconf 88' lang='lat' dir='ltr'><strong>Si</strong></span> <span class='ocrx_word' id='word_1_701' title='bbox 3053 3084 3180 3139; x_wconf 83' lang='lat' dir='ltr'><strong>ergo</strong></span> <span class='ocrx_word' id='word_1_702' title='bbox 3207 3071 3329 3138; x_wconf 91' lang='lat' dir='ltr'><strong>quis</strong></span> <span class='ocrx_word' id='word_1_703' title='bbox 3357 3070 3510 3124; x_wconf 90' lang='lat' dir='ltr'><strong>nobis</strong></span> <span class='ocrx_word' id='word_1_704' title='bbox 3542 3071 3742 3122; x_wconf 89' lang='lat' dir='ltr'><strong>malum</strong></span> 
     </span>
    </p>
   </div>
   <div class='ocr_carea' id='block_1_92' title="bbox 2161 3160 3742 3229">
    <p class='ocr_par' dir='ltr' id='par_1_92' title="bbox 2161 3160 3742 3229">
     <span class='ocr_line' id='line_1_92' title="bbox 2161 3160 3742 3229; baseline -0.001 -13"><span class='ocrx_word' id='word_1_705' title='bbox 2161 3161 2358 3216; x_wconf 79' lang='lat' dir='ltr'><strong>inferre</strong></span> <span class='ocrx_word' id='word_1_706' title='bbox 2381 3161 2543 3226; x_wconf 90' lang='lat' dir='ltr'><strong>velit,</strong></span> <span class='ocrx_word' id='word_1_707' title='bbox 2573 3161 2839 3214; x_wconf 76' lang='lat' dir='ltr'><strong>incassum</strong></span> <span class='ocrx_word' id='word_1_708' title='bbox 2873 3160 3118 3214; x_wconf 89' lang='lat' dir='ltr'><strong>tentahit.</strong></span> <span class='ocrx_word' id='word_1_709' title='bbox 3149 3161 3298 3214; x_wconf 83' lang='lat' dir='ltr'><strong>Sicut</strong></span> <span class='ocrx_word' id='word_1_710' title='bbox 3322 3161 3465 3214; x_wconf 87' lang='lat' dir='ltr'><strong>enim</strong></span> <span class='ocrx_word' id='word_1_711' title='bbox 3494 3161 3742 3229; x_wconf 80' lang='lat' dir='ltr'><strong>angelum</strong></span> 
     </span>
    </p>
   </div>
   <div class='ocr_carea' id='block_1_93' title="bbox 2161 3251 3743 3317">
    <p class='ocr_par' dir='ltr' id='par_1_93' title="bbox 2161 3251 3743 3317">
     <span class='ocr_line' id='line_1_93' title="bbox 2161 3251 3743 3317; baseline 0 -9"><span class='ocrx_word' id='word_1_712' title='bbox 2161 3253 2338 3308; x_wconf 90' lang='lat' dir='ltr'><strong>nullus</strong></span> <span class='ocrx_word' id='word_1_713' title='bbox 2366 3253 2418 3305; x_wconf 90' lang='lat' dir='ltr'><strong>in</strong></span> <span class='ocrx_word' id='word_1_714' title='bbox 2449 3262 2587 3306; x_wconf 89' lang='lat' dir='ltr'><strong>terra</strong></span> <span class='ocrx_word' id='word_1_715' title='bbox 2614 3251 2774 3304; x_wconf 88' lang='lat' dir='ltr'><strong>homo</strong></span> <span class='ocrx_word' id='word_1_716' title='bbox 2802 3251 2962 3305; x_wconf 75' lang='lat' dir='ltr'><strong>ltedat</strong></span> <span class='ocrx_word' id='word_1_717' title='bbox 2983 3292 2999 3317; x_wconf 97' lang='lat'><strong>,</strong></span> <span class='ocrx_word' id='word_1_718' title='bbox 3030 3252 3108 3306; x_wconf 91' lang='lat' dir='ltr'><strong>sic</strong></span> <span class='ocrx_word' id='word_1_719' title='bbox 3133 3267 3233 3306; x_wconf 92' lang='lat' dir='ltr'><strong>nec</strong></span> <span class='ocrx_word' id='word_1_720' title='bbox 3263 3252 3423 3305; x_wconf 89' lang='lat' dir='ltr'><strong>homo</strong></span> <span class='ocrx_word' id='word_1_721' title='bbox 3451 3253 3743 3308; x_wconf 88' lang='lat' dir='ltr'><strong>hominem.</strong></span> 
     </span>
    </p>
   </div>
   <div class='ocr_carea' id='block_1_94' title="bbox 2162 3343 3747 3415">
    <p class='ocr_par' dir='ltr' id='par_1_94' title="bbox 2162 3343 3747 3415">
     <span class='ocr_line' id='line_1_94' title="bbox 2162 3343 3747 3415; baseline -0.002 -14"><span class='ocrx_word' id='word_1_722' title='bbox 2162 3347 2270 3402; x_wconf 87' lang='lat' dir='ltr'><strong>Sed</strong></span> <span class='ocrx_word' id='word_1_723' title='bbox 2312 3361 2484 3415; x_wconf 86' lang='lat' dir='ltr'><strong>neque</strong></span> <span class='ocrx_word' id='word_1_724' title='bbox 2524 3345 2638 3413; x_wconf 89' lang='lat' dir='ltr'><strong>ipse</strong></span> <span class='ocrx_word' id='word_1_725' title='bbox 2676 3344 2837 3398; x_wconf 90' lang='lat' dir='ltr'><strong>alium</strong></span> <span class='ocrx_word' id='word_1_726' title='bbox 2869 3343 3063 3398; x_wconf 69' lang='lat' dir='ltr'><strong>lardere</strong></span> <span class='ocrx_word' id='word_1_727' title='bbox 3093 3345 3319 3412; x_wconf 86' lang='lat' dir='ltr'><strong>poterit,</strong></span> <span class='ocrx_word' id='word_1_728' title='bbox 3363 3343 3536 3400; x_wconf 75' lang='lat' dir='ltr'><strong>donec</strong></span> <span class='ocrx_word' id='word_1_729' title='bbox 3578 3346 3747 3398; x_wconf 83' lang='lat' dir='ltr'><strong>bonus</strong></span> 
     </span>
    </p>
   </div>
   <div class='ocr_carea' id='block_1_95' title="bbox 2161 3435 3745 3504">
    <p class='ocr_par' dir='ltr' id='par_1_95' title="bbox 2161 3435 3745 3504">
     <span class='ocr_line' id='line_1_95' title="bbox 2161 3435 3745 3504; baseline -0.004 -11"><span class='ocrx_word' id='word_1_730' title='bbox 2161 3439 2287 3494; x_wconf 87' lang='lat' dir='ltr'><strong>erit.</strong></span> <span class='ocrx_word' id='word_1_731' title='bbox 2317 3436 2455 3503; x_wconf 85' lang='lat' dir='ltr'><strong>Quid</strong></span> <span class='ocrx_word' id='word_1_732' title='bbox 2482 3451 2609 3504; x_wconf 77' lang='lat' dir='ltr'><strong>ergo</strong></span> <span class='ocrx_word' id='word_1_733' title='bbox 2631 3435 2754 3489; x_wconf 92' lang='lat' dir='ltr'><strong>huic</strong></span> <span class='ocrx_word' id='word_1_734' title='bbox 2783 3451 2877 3503; x_wconf 90' lang='lat' dir='ltr'><strong>par</strong></span> <span class='ocrx_word' id='word_1_735' title='bbox 2903 3450 3022 3489; x_wconf 87' lang='lat' dir='ltr'><strong>esse</strong></span> <span class='ocrx_word' id='word_1_736' title='bbox 3044 3435 3232 3504; x_wconf 91' lang='lat' dir='ltr'><strong>possit,</strong></span> <span class='ocrx_word' id='word_1_737' title='bbox 3256 3450 3411 3503; x_wconf 86' lang='lat' dir='ltr'><strong>quem</strong></span> <span class='ocrx_word' id='word_1_738' title='bbox 3441 3437 3622 3490; x_wconf 91' lang='lat' dir='ltr'><strong>nullus</strong></span> <span class='ocrx_word' id='word_1_739' title='bbox 3653 3437 3745 3488; x_wconf 73' lang='lat' dir='ltr'><strong>la:-</strong></span> 
     </span>
    </p>
   </div>
   <div class='ocr_carea' id='block_1_96' title="bbox 2161 3526 3747 3599">
    <p class='ocr_par' dir='ltr' id='par_1_96' title="bbox 2161 3526 3747 3599">
     <span class='ocr_line' id='line_1_96' title="bbox 2161 3526 3747 3599; baseline -0.004 -15"><span class='ocrx_word' id='word_1_740' title='bbox 2161 3530 2312 3596; x_wconf 88' lang='lat' dir='ltr'><strong>dere,</strong></span> <span class='ocrx_word' id='word_1_741' title='bbox 2345 3529 2433 3599; x_wconf 91' lang='lat' dir='ltr'><strong>qui</strong></span> <span class='ocrx_word' id='word_1_742' title='bbox 2459 3528 2662 3582; x_wconf 90' lang='lat' dir='ltr'><strong>nullum</strong></span> <span class='ocrx_word' id='word_1_743' title='bbox 2691 3526 2883 3580; x_wconf 69' lang='lat' dir='ltr'><strong>laedere</strong></span> <span class='ocrx_word' id='word_1_744' title='bbox 2910 3526 3123 3580; x_wconf 86' lang='lat' dir='ltr'><strong>valeat?</strong></span> <span class='ocrx_word' id='word_1_745' title='bbox 3150 3542 3270 3580; x_wconf 88' lang='lat' dir='ltr'><strong>nam</strong></span> <span class='ocrx_word' id='word_1_746' title='bbox 3305 3527 3406 3581; x_wconf 92' lang='lat' dir='ltr'><strong>hoc</strong></span> <span class='ocrx_word' id='word_1_747' title='bbox 3435 3545 3539 3580; x_wconf 85' lang='lat' dir='ltr'><strong>non</strong></span> <span class='ocrx_word' id='word_1_748' title='bbox 3575 3529 3747 3580; x_wconf 88' lang='lat' dir='ltr'><strong>minus</strong></span> 
     </span>
    </p>
   </div>
   <div class='ocr_carea' id='block_1_97' title="bbox 2165 3616 3747 3688">
    <p class='ocr_par' dir='ltr' id='par_1_97' title="bbox 2165 3616 3747 3688">
     <span class='ocr_line' id='line_1_97' title="bbox 2165 3616 3747 3688; baseline -0.004 -12"><span class='ocrx_word' id='word_1_749' title='bbox 2165 3622 2258 3676; x_wconf 91' lang='lat' dir='ltr'><strong>illo</strong></span> <span class='ocrx_word' id='word_1_750' title='bbox 2283 3630 2386 3683; x_wconf 88' lang='lat' dir='ltr'><strong>est,</strong></span> <span class='ocrx_word' id='word_1_751' title='bbox 2417 3618 2559 3688; x_wconf 91' lang='lat' dir='ltr'><strong>quod</strong></span> <span class='ocrx_word' id='word_1_752' title='bbox 2593 3617 2795 3671; x_wconf 91' lang='lat' dir='ltr'><strong>nullum</strong></span> <span class='ocrx_word' id='word_1_753' title='bbox 2820 3617 3016 3672; x_wconf 71' lang='lat' dir='ltr'><strong>laedere</strong></span> <span class='ocrx_word' id='word_1_754' title='bbox 3048 3617 3193 3671; x_wconf 89' lang='lat' dir='ltr'><strong>velit.</strong></span> <span class='ocrx_word' id='word_1_755' title='bbox 3224 3616 3363 3687; x_wconf 79' lang='lat' dir='ltr'><strong>Ergo</strong></span> <span class='ocrx_word' id='word_1_756' title='bbox 3392 3619 3615 3687; x_wconf 76' lang='lat' dir='ltr'><strong>angelus</strong></span> <span class='ocrx_word' id='word_1_757' title='bbox 3634 3621 3747 3687; x_wconf 82' lang='lat' dir='ltr'><strong>qni-</strong></span> 
     </span>
    </p>
   </div>
   <div class='ocr_carea' id='block_1_98' title="bbox 2161 3708 3745 3771">
    <p class='ocr_par' dir='ltr' id='par_1_98' title="bbox 2161 3708 3745 3771">
     <span class='ocr_line' id='line_1_98' title="bbox 2161 3708 3745 3771; baseline -0.001 -6"><span class='ocrx_word' id='word_1_758' title='bbox 2161 3714 2285 3766; x_wconf 89' lang='lat' dir='ltr'><strong>dam</strong></span> <span class='ocrx_word' id='word_1_759' title='bbox 2315 3720 2398 3765; x_wconf 90' lang='lat' dir='ltr'><strong>est</strong></span> <span class='ocrx_word' id='word_1_760' title='bbox 2424 3722 2477 3765; x_wconf 93' lang='lat' dir='ltr'><strong>et</strong></span> <span class='ocrx_word' id='word_1_761' title='bbox 2505 3710 2616 3764; x_wconf 90' lang='lat' dir='ltr'><strong>Deo</strong></span> <span class='ocrx_word' id='word_1_762' title='bbox 2654 3709 2865 3762; x_wconf 89' lang='lat' dir='ltr'><strong>similis.</strong></span> <span class='ocrx_word' id='word_1_763' title='bbox 2898 3708 3044 3762; x_wconf 88' lang='lat' dir='ltr'><strong>Talis</strong></span> <span class='ocrx_word' id='word_1_764' title='bbox 3071 3709 3211 3764; x_wconf 90' lang='lat' dir='ltr'><strong>enim</strong></span> <span class='ocrx_word' id='word_1_765' title='bbox 3243 3718 3298 3762; x_wconf 92' lang='lat' dir='ltr'><strong>et</strong></span> <span class='ocrx_word' id='word_1_766' title='bbox 3327 3709 3468 3762; x_wconf 90' lang='lat' dir='ltr'><strong>Deus</strong></span> <span class='ocrx_word' id='word_1_767' title='bbox 3494 3720 3612 3771; x_wconf 87' lang='lat' dir='ltr'><strong>est;</strong></span> <span class='ocrx_word' id='word_1_768' title='bbox 3656 3711 3745 3764; x_wconf 76' lang='lat' dir='ltr'><strong>sed</strong></span> 
     </span>
    </p>
   </div>
   <div class='ocr_carea' id='block_1_99' title="bbox 2167 3798 3747 3869">
    <p class='ocr_par' dir='ltr' id='par_1_99' title="bbox 2167 3798 3747 3869">
     <span class='ocr_line' id='line_1_99' title="bbox 2167 3798 3747 3869; baseline -0.002 -11"><span class='ocrx_word' id='word_1_769' title='bbox 2167 3805 2253 3858; x_wconf 87' lang='lat' dir='ltr'><strong>ille</strong></span> <span class='ocrx_word' id='word_1_770' title='bbox 2284 3811 2469 3856; x_wconf 84' lang='lat' dir='ltr'><strong>natura</strong></span> <span class='ocrx_word' id='word_1_771' title='bbox 2495 3841 2511 3865; x_wconf 95' lang='lat'><strong>,</strong></span> <span class='ocrx_word' id='word_1_772' title='bbox 2556 3800 2644 3854; x_wconf 92' lang='lat' dir='ltr'><strong>hic</strong></span> <span class='ocrx_word' id='word_1_773' title='bbox 2686 3800 2976 3868; x_wconf 88' lang='lat' dir='ltr'><strong>proposito.</strong></span> <span class='ocrx_word' id='word_1_774' title='bbox 3018 3798 3199 3868; x_wconf 89' lang='lat' dir='ltr'><strong>Neque</strong></span> <span class='ocrx_word' id='word_1_775' title='bbox 3228 3814 3358 3868; x_wconf 82' lang='lat' dir='ltr'><strong>ergo</strong></span> <span class='ocrx_word' id='word_1_776' title='bbox 3387 3799 3535 3864; x_wconf 72' lang='lat' dir='ltr'><strong>ltedi,</strong></span> <span class='ocrx_word' id='word_1_777' title='bbox 3577 3817 3747 3869; x_wconf 85' lang='lat' dir='ltr'><strong>neque</strong></span> 
     </span>
    </p>
   </div>
   <div class='ocr_carea' id='block_1_100' title="bbox 2163 3889 3746 3962">
    <p class='ocr_par' dir='ltr' id='par_1_100' title="bbox 2163 3889 3746 3962">
     <span class='ocr_line' id='line_1_100' title="bbox 2163 3889 3746 3962; baseline -0.003 -14"><span class='ocrx_word' id='word_1_778' title='bbox 2163 3894 2359 3948; x_wconf 69' lang='lat' dir='ltr'><strong>lit-dere</strong></span> <span class='ocrx_word' id='word_1_779' title='bbox 2388 3899 2580 3962; x_wconf 87' lang='lat' dir='ltr'><strong>potest.</strong></span> <span class='ocrx_word' id='word_1_780' title='bbox 2611 3889 2738 3944; x_wconf 92' lang='lat' dir='ltr'><strong>lllud</strong></span> <span class='ocrx_word' id='word_1_781' title='bbox 2766 3905 2914 3954; x_wconf 91' lang='lat' dir='ltr'><strong>vero,</strong></span> <span class='ocrx_word' id='word_1_782' title='bbox 2939 3905 3045 3944; x_wconf 93' lang='lat' dir='ltr'><strong>non</strong></span> <span class='ocrx_word' id='word_1_783' title='bbox 3075 3900 3268 3958; x_wconf 87' lang='lat' dir='ltr'><strong>potest,</strong></span> <span class='ocrx_word' id='word_1_784' title='bbox 3304 3905 3371 3944; x_wconf 92' lang='lat' dir='ltr'><strong>ne</strong></span> <span class='ocrx_word' id='word_1_785' title='bbox 3397 3901 3549 3958; x_wconf 87' lang='lat' dir='ltr'><strong>putes</strong></span> <span class='ocrx_word' id='word_1_786' title='bbox 3580 3892 3746 3945; x_wconf 81' lang='lat' dir='ltr'><strong>imbe-</strong></span> 
     </span>
    </p>
   </div>
   <div class='ocr_carea' id='block_1_101' title="bbox 2165 3979 3749 4052">
    <p class='ocr_par' dir='ltr' id='par_1_101' title="bbox 2165 3979 3749 4052">
     <span class='ocr_line' id='line_1_101' title="bbox 2165 3979 3749 4052; baseline -0.003 -13"><span class='ocrx_word' id='word_1_787' title='bbox 2165 3985 2401 4039; x_wconf 90' lang='lat' dir='ltr'><strong>cillitatis</strong></span> <span class='ocrx_word' id='word_1_788' title='bbox 2429 3998 2551 4037; x_wconf 89' lang='lat' dir='ltr'><strong>esse</strong></span> <span class='ocrx_word' id='word_1_789' title='bbox 2582 3980 2932 4052; x_wconf 84' lang='lat' dir='ltr'><strong>(contrarium</strong></span> <span class='ocrx_word' id='word_1_790' title='bbox 2963 3981 3103 4034; x_wconf 93' lang='lat' dir='ltr'><strong>enim</strong></span> <span class='ocrx_word' id='word_1_791' title='bbox 3133 3979 3468 4035; x_wconf 90' lang='lat' dir='ltr'><strong>imbecillitas</strong></span> <span class='ocrx_word' id='word_1_792' title='bbox 3492 3985 3633 4050; x_wconf 82' lang='lat' dir='ltr'><strong>est);</strong></span> <span class='ocrx_word' id='word_1_793' title='bbox 3660 3984 3749 4036; x_wconf 82' lang='lat' dir='ltr'><strong>sed</strong></span> 
     </span>
    </p>
   </div>
   <div class='ocr_carea' id='block_1_102' title="bbox 2164 4067 3748 4140">
    <p class='ocr_par' dir='ltr' id='par_1_102' title="bbox 2164 4067 3748 4140">
     <span class='ocr_line' id='line_1_102' title="bbox 2164 4067 3748 4140; baseline -0.003 -11"><span class='ocrx_word' id='word_1_794' title='bbox 2164 4090 2276 4129; x_wconf 91' lang='lat' dir='ltr'><strong>non</strong></span> <span class='ocrx_word' id='word_1_795' title='bbox 2293 4089 2411 4128; x_wconf 90' lang='lat' dir='ltr'><strong>esse</strong></span> <span class='ocrx_word' id='word_1_796' title='bbox 2431 4087 2676 4140; x_wconf 84' lang='lat' dir='ltr'><strong>capacem</strong></span> <span class='ocrx_word' id='word_1_797' title='bbox 2695 4071 2837 4124; x_wconf 90' lang='lat' dir='ltr'><strong>dico.</strong></span> <span class='ocrx_word' id='word_1_798' title='bbox 2851 4067 2945 4124; x_wconf 87' lang='lat' dir='ltr'><strong>Illa</strong></span> <span class='ocrx_word' id='word_1_799' title='bbox 2966 4071 3160 4140; x_wconf 89' lang='lat' dir='ltr'><strong>quippe</strong></span> <span class='ocrx_word' id='word_1_800' title='bbox 3181 4078 3365 4124; x_wconf 89' lang='lat' dir='ltr'><strong>natura</strong></span> <span class='ocrx_word' id='word_1_801' title='bbox 3382 4086 3482 4127; x_wconf 89' lang='lat' dir='ltr'><strong>nec</strong></span> <span class='ocrx_word' id='word_1_802' title='bbox 3498 4072 3748 4125; x_wconf 86' lang='lat' dir='ltr'><strong>damnum</strong></span> 
     </span>
    </p>
   </div>
   <div class='ocr_carea' id='block_1_103' title="bbox 2167 4163 3747 4235">
    <p class='ocr_par' dir='ltr' id='par_1_103' title="bbox 2167 4163 3747 4235">
     <span class='ocr_line' id='line_1_103' title="bbox 2167 4163 3747 4235; baseline -0.003 -12"><span class='ocrx_word' id='word_1_803' title='bbox 2167 4168 2362 4235; x_wconf 90' lang='lat' dir='ltr'><strong>accipit</strong></span> <span class='ocrx_word' id='word_1_804' title='bbox 2385 4207 2400 4231; x_wconf 97' lang='lat'><strong>,</strong></span> <span class='ocrx_word' id='word_1_805' title='bbox 2441 4181 2541 4220; x_wconf 93' lang='lat' dir='ltr'><strong>nec</strong></span> <span class='ocrx_word' id='word_1_806' title='bbox 2579 4164 2740 4219; x_wconf 81' lang='lat' dir='ltr'><strong>infert</strong></span> <span class='ocrx_word' id='word_1_807' title='bbox 2771 4181 2784 4216; x_wconf 89' lang='lat'><strong>:</strong></span> <span class='ocrx_word' id='word_1_808' title='bbox 2819 4179 2942 4217; x_wconf 90' lang='lat' dir='ltr'><strong>nam</strong></span> <span class='ocrx_word' id='word_1_809' title='bbox 2983 4163 3084 4217; x_wconf 92' lang='lat' dir='ltr'><strong>hoc</strong></span> <span class='ocrx_word' id='word_1_810' title='bbox 3121 4163 3264 4217; x_wconf 89' lang='lat' dir='ltr'><strong>aliud</strong></span> <span class='ocrx_word' id='word_1_811' title='bbox 3295 4163 3546 4217; x_wconf 89' lang='lat' dir='ltr'><strong>damnum</strong></span> <span class='ocrx_word' id='word_1_812' title='bbox 3588 4175 3747 4220; x_wconf 88' lang='lat' dir='ltr'><strong>esset.</strong></span> 
     </span>
    </p>
   </div>
   <div class='ocr_carea' id='block_1_104' title="bbox 2168 4253 3751 4323">
    <p class='ocr_par' dir='ltr' id='par_1_104' title="bbox 2168 4253 3751 4323">
     <span class='ocr_line' id='line_1_104' title="bbox 2168 4253 3751 4323; baseline -0.004 -9"><span class='ocrx_word' id='word_1_813' title='bbox 2168 4259 2382 4314; x_wconf 87' lang='lat' dir='ltr'><strong>Etenim</strong></span> <span class='ocrx_word' id='word_1_814' title='bbox 2405 4273 2508 4311; x_wconf 90' lang='lat' dir='ltr'><strong>non</strong></span> <span class='ocrx_word' id='word_1_815' title='bbox 2529 4256 2637 4310; x_wconf 89' lang='lat' dir='ltr'><strong>alio</strong></span> <span class='ocrx_word' id='word_1_816' title='bbox 2660 4269 2758 4308; x_wconf 92' lang='lat' dir='ltr'><strong>nos</strong></span> <span class='ocrx_word' id='word_1_817' title='bbox 2787 4254 2932 4323; x_wconf 91' lang='lat' dir='ltr'><strong>ipsos</strong></span> <span class='ocrx_word' id='word_1_818' title='bbox 2958 4253 3118 4308; x_wconf 90' lang='lat' dir='ltr'><strong>modo</strong></span> <span class='ocrx_word' id='word_1_819' title='bbox 3147 4253 3406 4318; x_wconf 69' lang='lat' dir='ltr'><strong>laedimus,</strong></span> <span class='ocrx_word' id='word_1_820' title='bbox 3431 4271 3596 4323; x_wconf 83' lang='lat' dir='ltr'><strong>quam</strong></span> <span class='ocrx_word' id='word_1_821' title='bbox 3624 4258 3751 4309; x_wconf 86' lang='lat' dir='ltr'><strong>alios</strong></span> 
     </span>
    </p>
   </div>
   <div class='ocr_carea' id='block_1_105' title="bbox 2170 4345 3752 4414">
    <p class='ocr_par' dir='ltr' id='par_1_105' title="bbox 2170 4345 3752 4414">
     <span class='ocr_line' id='line_1_105' title="bbox 2170 4345 3752 4414; baseline -0.005 -8"><span class='ocrx_word' id='word_1_822' title='bbox 2170 4350 2437 4412; x_wconf 81' lang='lat' dir='ltr'><strong>laedendo,</strong></span> <span class='ocrx_word' id='word_1_823' title='bbox 2467 4358 2522 4404; x_wconf 90' lang='lat' dir='ltr'><strong>et</strong></span> <span class='ocrx_word' id='word_1_824' title='bbox 2550 4347 2778 4400; x_wconf 84' lang='lat' dir='ltr'><strong>maxima</strong></span> <span class='ocrx_word' id='word_1_825' title='bbox 2811 4355 3028 4414; x_wconf 90' lang='lat' dir='ltr'><strong>peccata</strong></span> <span class='ocrx_word' id='word_1_826' title='bbox 3063 4354 3243 4400; x_wconf 85' lang='lat' dir='ltr'><strong>nostra</strong></span> <span class='ocrx_word' id='word_1_827' title='bbox 3268 4361 3340 4399; x_wconf 85' lang='lat' dir='ltr'><strong>ex</strong></span> <span class='ocrx_word' id='word_1_828' title='bbox 3372 4345 3571 4399; x_wconf 88' lang='lat' dir='ltr'><strong>damno</strong></span> <span class='ocrx_word' id='word_1_829' title='bbox 3605 4349 3752 4400; x_wconf 87' lang='lat' dir='ltr'><strong>nobis</strong></span> 
     </span>
    </p>
   </div>
   <div class='ocr_carea' id='block_1_106' title="bbox 2172 4435 3749 4512">
    <p class='ocr_par' dir='ltr' id='par_1_106' title="bbox 2172 4435 3749 4512">
     <span class='ocr_line' id='line_1_106' title="bbox 2172 4435 3749 4512; baseline -0.005 -15"><span class='ocrx_word' id='word_1_830' title='bbox 2172 4444 2460 4512; x_wconf 89' lang='lat' dir='ltr'><strong>importato</strong></span> <span class='ocrx_word' id='word_1_831' title='bbox 2502 4439 2654 4495; x_wconf 91' lang='lat' dir='ltr'><strong>liunt.</strong></span> <span class='ocrx_word' id='word_1_832' title='bbox 2703 4437 2826 4491; x_wconf 92' lang='lat' dir='ltr'><strong>Ideo</strong></span> <span class='ocrx_word' id='word_1_833' title='bbox 2861 4451 2990 4506; x_wconf 78' lang='lat' dir='ltr'><strong>ergo</strong></span> <span class='ocrx_word' id='word_1_834' title='bbox 3018 4435 3354 4491; x_wconf 88' lang='lat' dir='ltr'><strong>Christianus</strong></span> <span class='ocrx_word' id='word_1_835' title='bbox 3384 4437 3502 4491; x_wconf 66' lang='lat' dir='ltr'><strong>laedi</strong></span> <span class='ocrx_word' id='word_1_836' title='bbox 3537 4439 3749 4505; x_wconf 87' lang='lat' dir='ltr'><strong>nequit,</strong></span> 
     </span>
    </p>
   </div>
   <div class='ocr_carea' id='block_1_107' title="bbox 2171 4527 3753 4601">
    <p class='ocr_par' dir='ltr' id='par_1_107' title="bbox 2171 4527 3753 4601">
     <span class='ocr_line' id='line_1_107' title="bbox 2171 4527 3753 4601; baseline -0.005 -13"><span class='ocrx_word' id='word_1_837' title='bbox 2171 4533 2312 4601; x_wconf 91' lang='lat' dir='ltr'><strong>quod</strong></span> <span class='ocrx_word' id='word_1_838' title='bbox 2339 4531 2534 4587; x_wconf 69' lang='lat' dir='ltr'><strong>lmdere</strong></span> <span class='ocrx_word' id='word_1_839' title='bbox 2557 4546 2662 4584; x_wconf 91' lang='lat' dir='ltr'><strong>non</strong></span> <span class='ocrx_word' id='word_1_840' title='bbox 2695 4529 2877 4598; x_wconf 85' lang='lat' dir='ltr'><strong>possit.</strong></span> <span class='ocrx_word' id='word_1_841' title='bbox 2905 4527 3186 4594; x_wconf 89' lang='lat' dir='ltr'><strong>Quomodo</strong></span> <span class='ocrx_word' id='word_1_842' title='bbox 3210 4528 3346 4583; x_wconf 90' lang='lat' dir='ltr'><strong>alios</strong></span> <span class='ocrx_word' id='word_1_843' title='bbox 3377 4527 3588 4583; x_wconf 65' lang='lat' dir='ltr'><strong>laedenti</strong></span> <span class='ocrx_word' id='word_1_844' title='bbox 3607 4544 3636 4583; x_wconf 87' lang='lat' dir='ltr'><strong>s</strong></span> <span class='ocrx_word' id='word_1_845' title='bbox 3660 4544 3753 4582; x_wconf 85' lang='lat' dir='ltr'><strong>nos</strong></span> 
     </span>
    </p>
   </div>
   <div class='ocr_carea' id='block_1_108' title="bbox 2171 4621 3750 4695">
    <p class='ocr_par' dir='ltr' id='par_1_108' title="bbox 2171 4621 3750 4695">
     <span class='ocr_line' id='line_1_108' title="bbox 2171 4621 3750 4695; baseline -0.004 -14"><span class='ocrx_word' id='word_1_846' title='bbox 2171 4628 2318 4695; x_wconf 84' lang='lat' dir='ltr'><strong>ipsos</strong></span> <span class='ocrx_word' id='word_1_847' title='bbox 2346 4625 2624 4686; x_wconf 79' lang='lat' dir='ltr'><strong>lat-damus,</strong></span> <span class='ocrx_word' id='word_1_848' title='bbox 2657 4636 2866 4692; x_wconf 80' lang='lat' dir='ltr'><strong>age,res</strong></span> <span class='ocrx_word' id='word_1_849' title='bbox 2890 4621 3126 4690; x_wconf 81' lang='lat' dir='ltr'><strong>singulas</strong></span> <span class='ocrx_word' id='word_1_850' title='bbox 3153 4621 3528 4690; x_wconf 78' lang='lat' dir='ltr'><strong>pervadentes,</strong></span> <span class='ocrx_word' id='word_1_851' title='bbox 3556 4622 3750 4676; x_wconf 89' lang='lat' dir='ltr'><strong>dictum</strong></span> 
     </span>
    </p>
   </div>
   <div class='ocr_carea' id='block_1_109' title="bbox 2173 4712 3752 4787">
    <p class='ocr_par' dir='ltr' id='par_1_109' title="bbox 2173 4712 3752 4787">
     <span class='ocr_line' id='line_1_109' title="bbox 2173 4712 3752 4787; baseline -0.003 -15"><span class='ocrx_word' id='word_1_852' title='bbox 2173 4717 2534 4787; x_wconf 81' lang='lat' dir='ltr'><strong>exploremus.</strong></span> <span class='ocrx_word' id='word_1_853' title='bbox 2563 4714 2749 4768; x_wconf 64' lang='lat' dir='ltr'><strong>Laudat</strong></span> <span class='ocrx_word' id='word_1_854' title='bbox 2778 4713 2917 4782; x_wconf 88' lang='lat' dir='ltr'><strong>quis,</strong></span> <span class='ocrx_word' id='word_1_855' title='bbox 2948 4712 3270 4766; x_wconf 89' lang='lat' dir='ltr'><strong>contumelia</strong></span> <span class='ocrx_word' id='word_1_856' title='bbox 3297 4713 3516 4778; x_wconf 81' lang='lat' dir='ltr'><strong>alliciat,</strong></span> <span class='ocrx_word' id='word_1_857' title='bbox 3547 4715 3752 4783; x_wconf 86' lang='lat' dir='ltr'><strong>rapiat:</strong></span> 
     </span>
    </p>
   </div>
   <div class='ocr_carea' id='block_1_110' title="bbox 2174 4803 3752 4880">
    <p class='ocr_par' dir='ltr' id='par_1_110' title="bbox 2174 4803 3752 4880">
     <span class='ocr_line' id='line_1_110' title="bbox 2174 4803 3752 4880; baseline -0.005 -17"><span class='ocrx_word' id='word_1_858' title='bbox 2174 4823 2333 4880; x_wconf 89' lang='lat' dir='ltr'><strong>quem</strong></span> <span class='ocrx_word' id='word_1_859' title='bbox 2373 4807 2540 4860; x_wconf 75' lang='lat' dir='ltr'><strong>lzesit?</strong></span> <span class='ocrx_word' id='word_1_860' title='bbox 2581 4819 2759 4858; x_wconf 90' lang='lat' dir='ltr'><strong>nonne</strong></span> <span class='ocrx_word' id='word_1_861' title='bbox 2798 4805 2945 4874; x_wconf 90' lang='lat' dir='ltr'><strong>prius</strong></span> <span class='ocrx_word' id='word_1_862' title='bbox 2982 4819 3215 4872; x_wconf 85' lang='lat' dir='ltr'><strong>scipsum</strong></span> <span class='ocrx_word' id='word_1_863' title='bbox 3238 4804 3261 4856; x_wconf 86' lang='lat'><strong>?</strong></span> <span class='ocrx_word' id='word_1_864' title='bbox 3287 4803 3427 4857; x_wconf 85' lang='lat' dir='ltr'><strong>Nulli</strong></span> <span class='ocrx_word' id='word_1_865' title='bbox 3464 4813 3617 4858; x_wconf 87' lang='lat' dir='ltr'><strong>certe</strong></span> <span class='ocrx_word' id='word_1_866' title='bbox 3655 4820 3752 4857; x_wconf 90' lang='lat' dir='ltr'><strong>non</strong></span> 
     </span>
    </p>
   </div>
   <div class='ocr_carea' id='block_1_111' title="bbox 2177 4896 3752 4966">
    <p class='ocr_par' dir='ltr' id='par_1_111' title="bbox 2177 4896 3752 4966">
     <span class='ocr_line' id='line_1_111' title="bbox 2177 4896 3752 4966; baseline -0.005 -9"><span class='ocrx_word' id='word_1_867' title='bbox 2177 4901 2516 4957; x_wconf 82' lang='lat' dir='ltr'><strong>manifestum</strong></span> <span class='ocrx_word' id='word_1_868' title='bbox 2544 4909 2644 4954; x_wconf 91' lang='lat' dir='ltr'><strong>est.</strong></span> <span class='ocrx_word' id='word_1_869' title='bbox 2679 4899 2829 4952; x_wconf 72' lang='lat' dir='ltr'><strong>Lzeso</strong></span> <span class='ocrx_word' id='word_1_870' title='bbox 2854 4897 2997 4951; x_wconf 88' lang='lat' dir='ltr'><strong>enim</strong></span> <span class='ocrx_word' id='word_1_871' title='bbox 3028 4896 3081 4950; x_wconf 92' lang='lat' dir='ltr'><strong>in</strong></span> <span class='ocrx_word' id='word_1_872' title='bbox 3113 4897 3349 4966; x_wconf 90' lang='lat' dir='ltr'><strong>pecuniis</strong></span> <span class='ocrx_word' id='word_1_873' title='bbox 3373 4897 3632 4951; x_wconf 85' lang='lat' dir='ltr'><strong>damnum</strong></span> <span class='ocrx_word' id='word_1_874' title='bbox 3657 4908 3752 4960; x_wconf 80' lang='lat' dir='ltr'><strong>est,</strong></span> 
     </span>
    </p>
   </div>
   <div class='ocr_carea' id='block_1_112' title="bbox 2180 4989 3755 5059">
    <p class='ocr_par' dir='ltr' id='par_1_112' title="bbox 2180 4989 3755 5059">
     <span class='ocr_line' id='line_1_112' title="bbox 2180 4989 3755 5059; baseline -0.006 -12"><span class='ocrx_word' id='word_1_875' title='bbox 2180 4996 2301 5048; x_wconf 78' lang='lat' dir='ltr'><strong>.iuic</strong></span> <span class='ocrx_word' id='word_1_876' title='bbox 2330 4993 2381 5045; x_wconf 89' lang='lat' dir='ltr'><strong>in</strong></span> <span class='ocrx_word' id='word_1_877' title='bbox 2408 4992 2581 5045; x_wconf 86' lang='lat' dir='ltr'><strong>anima</strong></span> <span class='ocrx_word' id='word_1_878' title='bbox 2609 5011 2621 5045; x_wconf 90' lang='lat'><strong>:</strong></span> <span class='ocrx_word' id='word_1_879' title='bbox 2647 5005 2767 5043; x_wconf 90' lang='lat' dir='ltr'><strong>nam</strong></span> <span class='ocrx_word' id='word_1_880' title='bbox 2791 4989 2950 5057; x_wconf 86' lang='lat' dir='ltr'><strong>hujus</strong></span> <span class='ocrx_word' id='word_1_881' title='bbox 2970 4989 3146 5042; x_wconf 88' lang='lat' dir='ltr'><strong>anima</strong></span> <span class='ocrx_word' id='word_1_882' title='bbox 3169 4989 3220 5041; x_wconf 93' lang='lat' dir='ltr'><strong>in</strong></span> <span class='ocrx_word' id='word_1_883' title='bbox 3244 4989 3536 5058; x_wconf 87' lang='lat' dir='ltr'><strong>perniciem</strong></span> <span class='ocrx_word' id='word_1_884' title='bbox 3557 5000 3614 5044; x_wconf 88' lang='lat' dir='ltr'><strong>et</strong></span> <span class='ocrx_word' id='word_1_885' title='bbox 3639 5006 3755 5059; x_wconf 83' lang='lat' dir='ltr'><strong>sup-</strong></span> 
     </span>
    </p>
   </div>
   <div class='ocr_carea' id='block_1_113' title="bbox 2183 5081 3754 5157">
    <p class='ocr_par' dir='ltr' id='par_1_113' title="bbox 2183 5081 3754 5157">
     <span class='ocr_line' id='line_1_113' title="bbox 2183 5081 3754 5157; baseline -0.003 -16"><span class='ocrx_word' id='word_1_886' title='bbox 2183 5087 2395 5157; x_wconf 89' lang='lat' dir='ltr'><strong>plicium</strong></span> <span class='ocrx_word' id='word_1_887' title='bbox 2425 5085 2601 5139; x_wconf 87' lang='lat' dir='ltr'><strong>datur.</strong></span> <span class='ocrx_word' id='word_1_888' title='bbox 2632 5085 2835 5138; x_wconf 75' lang='lat' dir='ltr'><strong>Rursus</strong></span> <span class='ocrx_word' id='word_1_889' title='bbox 2863 5081 3095 5136; x_wconf 91' lang='lat' dir='ltr'><strong>invideat</strong></span> <span class='ocrx_word' id='word_1_890' title='bbox 3123 5083 3257 5137; x_wconf 91' lang='lat' dir='ltr'><strong>alter</strong></span> <span class='ocrx_word' id='word_1_891' title='bbox 3281 5101 3294 5137; x_wconf 90' lang='lat'>:</span> <span class='ocrx_word' id='word_1_892' title='bbox 3317 5100 3476 5154; x_wconf 88' lang='lat' dir='ltr'><strong>quem</strong></span> <span class='ocrx_word' id='word_1_893' title='bbox 3512 5085 3557 5138; x_wconf 93' lang='lat' dir='ltr'><strong>is</strong></span> <span class='ocrx_word' id='word_1_894' title='bbox 3586 5085 3754 5139; x_wconf 81' lang='lat' dir='ltr'><strong>la:sit?</strong></span> 
     </span>
    </p>
   </div>
   <div class='ocr_carea' id='block_1_114' title="bbox 2182 5172 3753 5246">
    <p class='ocr_par' dir='ltr' id='par_1_114' title="bbox 2182 5172 3753 5246">
     <span class='ocr_line' id='line_1_114' title="bbox 2182 5172 3753 5246; baseline -0.004 -14"><span class='ocrx_word' id='word_1_895' title='bbox 2182 5193 2380 5242; x_wconf 92' lang='lat' dir='ltr'><strong>nonne,</strong></span> <span class='ocrx_word' id='word_1_896' title='bbox 2405 5189 2604 5246; x_wconf 65' lang='lat' dir='ltr'><strong>quaeso,</strong></span> <span class='ocrx_word' id='word_1_897' title='bbox 2631 5174 2903 5243; x_wconf 85' lang='lat' dir='ltr'><strong>seipsum?</strong></span> <span class='ocrx_word' id='word_1_898' title='bbox 2923 5172 3067 5227; x_wconf 88' lang='lat' dir='ltr'><strong>Talis</strong></span> <span class='ocrx_word' id='word_1_899' title='bbox 3090 5183 3173 5228; x_wconf 88' lang='lat' dir='ltr'><strong>est</strong></span> <span class='ocrx_word' id='word_1_900' title='bbox 3197 5174 3339 5229; x_wconf 90' lang='lat' dir='ltr'><strong>enim</strong></span> <span class='ocrx_word' id='word_1_901' title='bbox 3368 5176 3644 5243; x_wconf 72' lang='lat' dir='ltr'><strong>iujustitize</strong></span> <span class='ocrx_word' id='word_1_902' title='bbox 3671 5190 3753 5228; x_wconf 82' lang='lat' dir='ltr'><strong>na-</strong></span> 
     </span>
    </p>
   </div>
   <div class='ocr_carea' id='block_1_115' title="bbox 2182 5266 3755 5339">
    <p class='ocr_par' dir='ltr' id='par_1_115' title="bbox 2182 5266 3755 5339">
     <span class='ocr_line' id='line_1_115' title="bbox 2182 5266 3755 5339; baseline -0.004 -14"><span class='ocrx_word' id='word_1_903' title='bbox 2182 5281 2323 5333; x_wconf 88' lang='lat' dir='ltr'><strong>tura,</strong></span> <span class='ocrx_word' id='word_1_904' title='bbox 2373 5284 2490 5339; x_wconf 74' lang='lat' dir='ltr'><strong>qua:</strong></span> <span class='ocrx_word' id='word_1_905' title='bbox 2539 5269 2584 5321; x_wconf 92' lang='lat' dir='ltr'><strong>si</strong></span> <span class='ocrx_word' id='word_1_906' title='bbox 2625 5268 2931 5337; x_wconf 79' lang='lat' dir='ltr'><strong>gignentem</strong></span> <span class='ocrx_word' id='word_1_907' title='bbox 2970 5267 3162 5321; x_wconf 89' lang='lat' dir='ltr'><strong>millies</strong></span> <span class='ocrx_word' id='word_1_908' title='bbox 3201 5266 3380 5332; x_wconf 66' lang='lat' dir='ltr'><strong>laedat,</strong></span> <span class='ocrx_word' id='word_1_909' title='bbox 3421 5267 3585 5321; x_wconf 87' lang='lat' dir='ltr'><strong>alium</strong></span> <span class='ocrx_word' id='word_1_910' title='bbox 3637 5283 3755 5321; x_wconf 86' lang='lat' dir='ltr'><strong>vero</strong></span> 
     </span>
    </p>
   </div>
   <div class='ocr_carea' id='block_1_116' title="bbox 2181 5359 3754 5434">
    <p class='ocr_par' dir='ltr' id='par_1_116' title="bbox 2181 5359 3754 5434">
     <span class='ocr_line' id='line_1_116' title="bbox 2181 5359 3754 5434; baseline -0.001 -19"><span class='ocrx_word' id='word_1_911' title='bbox 2181 5377 2409 5434; x_wconf 57' lang='lat' dir='ltr'><strong>parum;</strong></span> <span class='ocrx_word' id='word_1_912' title='bbox 2454 5361 2562 5413; x_wconf 89' lang='lat' dir='ltr'><strong>imo</strong></span> <span class='ocrx_word' id='word_1_913' title='bbox 2607 5359 2731 5414; x_wconf 92' lang='lat' dir='ltr'><strong>huic</strong></span> <span class='ocrx_word' id='word_1_914' title='bbox 2756 5359 2916 5413; x_wconf 86' lang='lat' dir='ltr'><strong>etiam</strong></span> <span class='ocrx_word' id='word_1_915' title='bbox 2944 5359 3134 5426; x_wconf 88' lang='lat' dir='ltr'><strong>prosit.</strong></span> <span class='ocrx_word' id='word_1_916' title='bbox 3163 5359 3233 5412; x_wconf 85' lang='lat' dir='ltr'><strong>At</strong></span> <span class='ocrx_word' id='word_1_917' title='bbox 3257 5359 3388 5413; x_wconf 91' lang='lat' dir='ltr'><strong>nihil</strong></span> <span class='ocrx_word' id='word_1_918' title='bbox 3418 5359 3521 5414; x_wconf 90' lang='lat' dir='ltr'><strong>lide</strong></span> <span class='ocrx_word' id='word_1_919' title='bbox 3543 5359 3754 5430; x_wconf 84' lang='lat' dir='ltr'><strong>dignum</strong></span> 
     </span>
    </p>
   </div>
   <div class='ocr_carea' id='block_1_117' title="bbox 2183 5451 3755 5519">
    <p class='ocr_par' dir='ltr' id='par_1_117' title="bbox 2183 5451 3755 5519">
     <span class='ocr_line' id='line_1_117' title="bbox 2183 5451 3755 5519; baseline -0.003 -10"><span class='ocrx_word' id='word_1_920' title='bbox 2183 5454 2432 5509; x_wconf 83' lang='lat' dir='ltr'><strong>dixerim.</strong></span> <span class='ocrx_word' id='word_1_921' title='bbox 2463 5453 2590 5506; x_wconf 85' lang='lat' dir='ltr'><strong>Esto</strong></span> <span class='ocrx_word' id='word_1_922' title='bbox 2615 5451 2774 5519; x_wconf 80' lang='lat' dir='ltr'><strong>igitur</strong></span> <span class='ocrx_word' id='word_1_923' title='bbox 2798 5452 2874 5517; x_wconf 92' lang='lat' dir='ltr'><strong>(in</strong></span> <span class='ocrx_word' id='word_1_924' title='bbox 2903 5451 2985 5504; x_wconf 91' lang='lat' dir='ltr'><strong>his</strong></span> <span class='ocrx_word' id='word_1_925' title='bbox 3009 5451 3149 5505; x_wconf 93' lang='lat' dir='ltr'><strong>enim</strong></span> <span class='ocrx_word' id='word_1_926' title='bbox 3176 5451 3408 5506; x_wconf 82' lang='lat' dir='ltr'><strong>maxime</strong></span> <span class='ocrx_word' id='word_1_927' title='bbox 3435 5461 3604 5507; x_wconf 89' lang='lat' dir='ltr'><strong>totum</strong></span> <span class='ocrx_word' id='word_1_928' title='bbox 3631 5467 3755 5507; x_wconf 83' lang='lat' dir='ltr'><strong>con-</strong></span> 
     </span>
    </p>
   </div>
   <div class='ocr_carea' id='block_1_118' title="bbox 2184 5541 3755 5614">
    <p class='ocr_par' dir='ltr' id='par_1_118' title="bbox 2184 5541 3755 5614">
     <span class='ocr_line' id='line_1_118' title="bbox 2184 5541 3755 5614; baseline -0.001 -16"><span class='ocrx_word' id='word_1_929' title='bbox 2184 5542 2348 5614; x_wconf 87' lang='lat' dir='ltr'><strong>sistit)</strong></span> <span class='ocrx_word' id='word_1_930' title='bbox 2374 5558 2572 5612; x_wconf 88' lang='lat' dir='ltr'><strong>pauper</strong></span> <span class='ocrx_word' id='word_1_931' title='bbox 2597 5543 2857 5596; x_wconf 91' lang='lat' dir='ltr'><strong>tantillum</strong></span> <span class='ocrx_word' id='word_1_932' title='bbox 2883 5543 3082 5596; x_wconf 88' lang='lat' dir='ltr'><strong>habens</strong></span> <span class='ocrx_word' id='word_1_933' title='bbox 3104 5543 3362 5611; x_wconf 75' lang='lat' dir='ltr'><strong>pecunire,</strong></span> <span class='ocrx_word' id='word_1_934' title='bbox 3387 5552 3442 5597; x_wconf 89' lang='lat' dir='ltr'><strong>et</strong></span> <span class='ocrx_word' id='word_1_935' title='bbox 3462 5541 3755 5599; x_wconf 87' lang='lat' dir='ltr'><strong>necessario</strong></span> 
     </span>
    </p>
   </div>
   <div class='ocr_carea' id='block_1_119' title="bbox 2187 5632 3755 5705">
    <p class='ocr_par' dir='ltr' id='par_1_119' title="bbox 2187 5632 3755 5705">
     <span class='ocr_line' id='line_1_119' title="bbox 2187 5632 3755 5705; baseline -0.002 -14"><span class='ocrx_word' id='word_1_936' title='bbox 2187 5637 2477 5692; x_wconf 89' lang='lat' dir='ltr'><strong>instructus</strong></span> <span class='ocrx_word' id='word_1_937' title='bbox 2513 5633 2664 5697; x_wconf 88' lang='lat' dir='ltr'><strong>cibo;</strong></span> <span class='ocrx_word' id='word_1_938' title='bbox 2705 5632 2842 5686; x_wconf 90' lang='lat' dir='ltr'><strong>alius</strong></span> <span class='ocrx_word' id='word_1_939' title='bbox 2879 5647 3008 5688; x_wconf 91' lang='lat' dir='ltr'><strong>vero</strong></span> <span class='ocrx_word' id='word_1_940' title='bbox 3045 5634 3194 5688; x_wconf 86' lang='lat' dir='ltr'><strong>dives</strong></span> <span class='ocrx_word' id='word_1_941' title='bbox 3231 5642 3286 5687; x_wconf 92' lang='lat' dir='ltr'><strong>et</strong></span> <span class='ocrx_word' id='word_1_942' title='bbox 3323 5634 3628 5704; x_wconf 88' lang='lat' dir='ltr'><strong>opulentus,</strong></span> <span class='ocrx_word' id='word_1_943' title='bbox 3666 5649 3755 5705; x_wconf 86' lang='lat' dir='ltr'><strong>po-</strong></span> 
     </span>
    </p>
   </div>
   <div class='ocr_carea' id='block_1_120' title="bbox 2189 5727 3751 5800">
    <p class='ocr_par' dir='ltr' id='par_1_120' title="bbox 2189 5727 3751 5800">
     <span class='ocr_line' id='line_1_120' title="bbox 2189 5727 3751 5800; baseline 0 -17"><span class='ocrx_word' id='word_1_944' title='bbox 2189 5737 2378 5783; x_wconf 89' lang='lat' dir='ltr'><strong>testate</strong></span> <span class='ocrx_word' id='word_1_945' title='bbox 2405 5727 2608 5791; x_wconf 76' lang='lat' dir='ltr'><strong>valons,</strong></span> <span class='ocrx_word' id='word_1_946' title='bbox 2641 5727 2729 5796; x_wconf 88' lang='lat' dir='ltr'><strong>qui</strong></span> <span class='ocrx_word' id='word_1_947' title='bbox 2757 5743 2819 5782; x_wconf 90' lang='lat' dir='ltr'><strong>ea</strong></span> <span class='ocrx_word' id='word_1_948' title='bbox 2849 5744 2968 5797; x_wconf 76' lang='lat' dir='ltr'><strong>qua:</strong></span> <span class='ocrx_word' id='word_1_949' title='bbox 2993 5737 3118 5782; x_wconf 90' lang='lat' dir='ltr'><strong>sunt</strong></span> <span class='ocrx_word' id='word_1_950' title='bbox 3142 5729 3390 5798; x_wconf 89' lang='lat' dir='ltr'><strong>pauperis</strong></span> <span class='ocrx_word' id='word_1_951' title='bbox 3418 5731 3627 5800; x_wconf 89' lang='lat' dir='ltr'><strong>rapiat,</strong></span> <span class='ocrx_word' id='word_1_952' title='bbox 3666 5745 3751 5783; x_wconf 65' lang='grc' dir='ltr'><strong>ηας</strong></span> 
     </span>
    </p>
   </div>
   <div class='ocr_carea' id='block_1_121' title="bbox 2193 5818 3755 5889">
    <p class='ocr_par' dir='ltr' id='par_1_121' title="bbox 2193 5818 3755 5889">
     <span class='ocr_line' id='line_1_121' title="bbox 2193 5818 3755 5889; baseline -0.003 -11"><span class='ocrx_word' id='word_1_953' title='bbox 2193 5824 2318 5878; x_wconf 86' lang='lat' dir='ltr'><strong>dum</strong></span> <span class='ocrx_word' id='word_1_954' title='bbox 2345 5820 2489 5875; x_wconf 91' lang='lat' dir='ltr'><strong>illum</strong></span> <span class='ocrx_word' id='word_1_955' title='bbox 2519 5820 2707 5876; x_wconf 87' lang='lat' dir='ltr'><strong>reddat</strong></span> <span class='ocrx_word' id='word_1_956' title='bbox 2733 5831 2785 5876; x_wconf 93' lang='lat' dir='ltr'><strong>et</strong></span> <span class='ocrx_word' id='word_1_957' title='bbox 2807 5819 3142 5889; x_wconf 81' lang='lat' dir='ltr'><strong>famelicum;</strong></span> <span class='ocrx_word' id='word_1_958' title='bbox 3174 5821 3261 5878; x_wconf 90' lang='lat' dir='ltr'><strong>ille</strong></span> <span class='ocrx_word' id='word_1_959' title='bbox 3287 5838 3413 5879; x_wconf 87' lang='lat' dir='ltr'><strong>vero</strong></span> <span class='ocrx_word' id='word_1_960' title='bbox 3441 5839 3506 5879; x_wconf 87' lang='lat' dir='ltr'><strong>ex</strong></span> <span class='ocrx_word' id='word_1_961' title='bbox 3538 5818 3624 5886; x_wconf 84' lang='lat' dir='ltr'><strong>iis,</strong></span> <span class='ocrx_word' id='word_1_962' title='bbox 3644 5832 3755 5887; x_wconf 68' lang='lat' dir='ltr'><strong>qua:</strong></span> 
     </span>
    </p>
   </div>
  </div>
