4098 6354
245 258 358 316 355

254 374 550 438 Ἰουδαίων,
572 377 662 431 καὶ
683 381 782 450 τῆς
806 381 974 452 τιμῆς
999 381 1100 452 τῆς
1125 383 1257 454 παρ’
1277 385 1480 450 αὐτῶν,
1502 389 1678 459 ὀρθῶς
1695 391 1926 462 ἁπεκρί-

240 479 399 515 νατο·
431 465 620 537 ἐπειδὴ
647 467 703 520 δέ
733 467 950 537 ἐγένετο
977 472 1033 522 ἐν
1054 473 1166 534 τοῖς
1208 472 1622 545 Ἱεροσολύμοις,
1651 477 1745 530 καὶ
1769 475 1924 543 οὗτος

239 551 532 620 χαρίζεται
553 554 737 617 αὐτοῖς
755 571 767 584 ·
796 555 894 626 οὐχ
929 557 1120 621 ἁπλῶς
1149 558 1206 612 δὲ
1243 560 1545 631 χαρίζεται,
1570 564 1706 619 ἀλλά
1738 567 1877 638 μετὰ
1897 581 1922 608 ει

239 641 465 710 ἀπάτης
511 640 669 694 τοῦτο
719 645 907 696 ποιεῖ’
935 645 1029 697 καὶ
1073 645 1223 707 ὅπως
1247 688 1262 710 ,
1313 648 1476 702 ἄκουε
1497 668 1509 680 ο
1551 651 1746 720 ἐπάγει
1779 655 1885 725 γάρ
1909 671 1924 686 ⁸

241 727 456 793 Θέλεις
495 731 583 796 είς
632 729 1025 801 Ἰεροσόλυμα
1063 733 1324 800 ἀναϐὰς,
1364 735 1495 790 ἐκεῖ
1525 739 1660 807 περί
1703 741 1927 794 τούτων

237 817 556 881 κρίνεσθαι
594 819 746 886 ὑπὲρ
775 817 952 887 ἐμοῦ;
1002 821 1146 873 Ὠσεὶ
1183 822 1401 892 ἔλεγεν·
1446 825 1581 896 Ούχὶ
1628 827 1812 890 αύτοῖς
1850 829 1926 881 δί-

234 903 381 972 δωμί
419 921 503 967 σε,
536 905 649 957 ἀλλ’
679 906 843 970 αὐτὸς
885 907 1080 979 κριτὴς
1112 908 1326 980 ἔσομαι.
1356 911 1528 964 Τοῦτο
1553 913 1608 966 δὲ
1631 913 1800 982 λέγει,
1831 915 1927 969 aut

233 991 408 1043 αὐτὸν
434 995 581 1045 ποιεῖ
607 993 818 1065 κύριον,
850 996 940 1048 ἵνα
968 999 1032 1067 τῇ
1076 1000 1208 1068 τιμῇ
1251 998 1413 1052 αὐτὸν
1445 1001 1692 1074 χαλάσῃο
1734 1002 1923 1071 ἐπειδὴ

232 1081 284 1129 εἰ
324 1074 398 1150 ἦν
423 1081 730 1150 ἀπόφασις,
781 1083 875 1136 καὶ
922 1085 1066 1138 πάνυ
1115 1085 1470 1156 ἀναίσχυντον
1504 1088 1701 1156 ἐδόκει,
1755 1089 1924 1160 μηδὲν

236 1171 480 1224 ἐνταῦθα
509 1173 834 1243 ἐλεγχθέντα
870 1175 988 1228 ἐκεῖ
1017 1175 1193 1230 θέλειν
1233 1178 1492 1245 ἁπάγειν.

316 1259 380 1311 ’0
408 1261 465 1313 δὲ
510 1261 723 1324 Παῦλος
748 1263 847 1314 οὐκ
893 1259 1082 1327 εἶπεν,
1111 1265 1184 1316 Οὐ
1228 1265 1508 1335 βούλομαι,
1550 1267 1622 1337 μή
1656 1284 1784 1320 ποτε
1827 1267 1920 1320 καὶ

232 1348 601 1418 σερώρότερον
646 1351 847 1423 ποιήσῃ
879 1351 971 1403 τὸν
1001 1351 1260 1424 δικαστὴν
1282 1393 1296 1415 ,
1326 1353 1462 1406 ἁλλά
1497 1355 1655 1408 πάλιν
1699 1357 1918 1427 παρρη-

232 1435 516 1500 σιάζεται,
569 1437 662 1489 καί
712 1455 911 1508 φησιν·
972 1439 1098 1492 Ἐπὶ
1135 1441 1240 1494 τοῦ
1291 1442 1568 1510 βήματος
1618 1443 1917 1509 Καίσαρος

229 1522 431 1588 ἑστώς
457 1527 595 1592 εἰμι,
618 1520 691 1580 οὗ
711 1543 788 1593 με
813 1526 907 1579 δεῖ
922 1529 1255 1595 κρίνεσθαι.
1289 1529 1517 1600 Μεγάλη
1545 1531 1578 1599 ἡ
1614 1530 1912 1600 παρρησία.

230 1612 344 1663 Ka‘:
377 1612 481 1682 ὅρα
508 1613 624 1676 πῶς
657 1615 851 1678 αὐτοὺς
887 1616 1280 1682 συλλογίζεταιο
1315 1618 1596 1688 μονονουχὶ
1621 1617 1730 1688 γάρ
1757 1617 1916 1671 τοῦτο

171 1737 178 1739 μ
228 1699 384 1767 λέγει
413 1700 484 1752 δι’
511 1694 587 1754 ὧν
620 1703 990 1771 ἀπολογεῖται’
1035 1705 1320 1770 Ἐξέϐαλόν
1349 1722 1414 1775 με
1447 1705 1596 1769 ἅπαξ
1617 1705 1790 1768 αὐτοὶ,
1821 1706 1916 1760 καὶ

225 1789 395 1840 τοῦτο
424 1791 713 1858 νομίζουσι
741 1791 1118 1860 κατακρίνειν,
1137 1792 1214 1861 τῷ
1235 1792 1520 1855 δεικνύειν,
1552 1794 1634 1845 ὅτι
1667 1794 1745 1855 εἰς
1775 1792 1913 1846 Καί-

229 1888 380 1942 σαρα
419 1873 704 1942 ἥμαρτον·
749 1874 836 1926 ἐπ’
867 1874 1032 1927 αὑτοῦ
1075 1874 1333 1945 βούλομαι
1366 1875 1619 1946 κριθῆναι
1657 1875 1753 1928 τοῦ
1795 1876 1912 1945 ἠδι-

227 1961 501 2029 κημένου,
564 1960 752 2024 υῦτως
804 1962 1010 2025 είπὼν,
1063 1963 1289 2032 ἐπάγειο
1354 1963 1684 2029 Ἰουδαίους
1731 1963 1913 2018 οὐδὲν

226 2048 523 2114 ἠδίκησα,
553 2049 633 2114 ὡς
655 2050 752 2104 καὶ
783 2050 864 2102 σὺ
884 2050 1138 2104 κάλλιον
1157 2051 1589 2121 ἐπιγινώσκεις.
1615 2051 1911 2121 Καθήψατο

233 2136 396 2190 αὐτοῦ
432 2137 620 2190 λοιπὸν
647 2137 720 2202 ὡς
751 2139 844 2191 καὶ
873 2139 1255 2208 χαριζομένου.
1290 2136 1420 2192 Εἶτα
1451 2140 1572 2192 ἐπεὶ
1606 2138 1904 2209 καθήψατο,

237 2225 392 2278 πάλιν
432 2225 619 2279 ἐκλύει
651 2225 741 2278 τὸν
768 2225 945 2294 λόγον,
970 2227 1191 2295 ἐπάγων
1213 2244 1225 2256 °
1261 2230 1331 2281 Ei
1351 2227 1467 2296 μὲν
1498 2221 1613 2280 οὖν
1635 2225 1839 2290 ἀδικῶ,
1868 2225 1908 2296 ἣ

232 2312 404 2377 ἄξιόν
423 2330 480 2365 τι
508 2313 770 2367 θανάτου
802 2312 1098 2381 πέπραχα,
1125 2315 1197 2367 οὐ
1233 2314 1630 2383 παραιτοῦμαι
1657 2313 1721 2368 τὸ
1755 2313 1906 2368 ἀπο-

229 2398 458 2452 θανεῖν.
497 2399 634 2451 Κατ’
667 2398 902 2468 ἐμαυτοῦ
930 2398 1027 2469 τὴν
1053 2398 1232 2468 ψῆφον
1266 2399 1503 2470 ἐκφέρω,
1526 2398 1710 2470 φησίν.
1738 2393 1909 2452 Τοῦτο

225 2487 288 2538 ού
352 2486 717 2548 θανατῶντος,
771 2484 908 2538 ἀλλὰ
961 2487 1166 2559 σφόδρα
1233 2485 1561 2558 θαρροῦντος
1601 2488 1778 2549 ἐστιν,
1825 2480 1906 2549 οἷς

224 2573 411 2626 ἐλάλει
433 2591 446 2603 ·
482 2573 620 2643 μετὰ
665 2573 772 2643 γὰρ
806 2573 904 2643 τῆς
936 2575 1247 2645 παρρησίας
1282 2574 1374 2626 καὶ
1415 2573 1514 2645 τὴν
1539 2573 1906 2642 δικαιολογίαν

222 2659 369 2717 εἶναι
400 2662 503 2724 δεῖ,
534 2663 675 2716 ὥστε
725 2661 1002 2731 ἐντρέψαι.
1040 2665 1106 2715 El
1151 2661 1220 2714 δὲ
1249 2660 1430 2714 οὐδέν
1462 2661 1634 2714 ἐστιν
1655 2653 1740 2714 ὧν
1767 2678 1906 2714 κατ-

219 2751 524 2820 ηγοροῦσί
558 2767 711 2818 μου,
744 2749 945 2815 οὐδείς
978 2766 1055 2818 με
1085 2748 1334 2802 δύναται
1359 2749 1748 2818 χαρίσασθαι.
1781 2747 1902 2800 Κᾶν

221 2839 381 2910 θέλῃ,
418 2839 602 2907 φησὶν,
639 2838 699 2889 ού
739 2837 1049 2907 δυνήσεται.
1091 2837 1203 2889 Οὐκ
1231 2832 1417 2898 εἶπεν,
1449 2837 1562 2888 Ούκ
1595 2835 1744 2900 ἄξιός
1787 2837 1903 2906 εἰμι

220 2929 546 2990 ἀποθανεῖν,
578 2927 722 2990 οὐδὲ,
763 2925 1143 2995 Ἀπολυθῆναι,
1176 2925 1312 2987 ἀλλ’,
1343 2925 1599 2996 ’Ἐτοιμος
1624 2925 1902 2994 κρίνεσθαι

220 3019 319 3070 ἐπὶ
347 3017 650 3086 Καίσαροςο
682 3015 798 3084 ἅμα
828 3016 922 3067 καὶ
953 3015 1044 3085 τοῦ
1075 3013 1349 3084 ὀνείρατος
1387 3013 1663 3082 μνησθεὶς,
1704 3013 1902 3082 μᾶλλον

221 3106 534 3174 ἐθάρρησεν
567 3102 1017 3155 ἐπικαλέσασθαι.
1061 3103 1171 3154 Καὶ
1204 3102 1303 3155 οὐκ
1336 3097 1591 3167 εἷπε,Σὲθ,
1618 3101 1756 3165 ἀλλ’,
1789 3104 1901 3156 Οὐ-

215 3195 352 3259 δείς
371 3209 387 3224 ο
413 3193 508 3246 καὶ
535 3190 868 3262 προσέθηκε,
918 3192 1189 3260 Καίσαρα
1218 3190 1631 3260 ἐπικαλοῦμαι,
1659 3189 1797 3243 ὥστε
1827 3189 1901 3260 μὴ

213 3281 365 3338 εἶναι
399 3284 480 3344 εἰς
506 3283 716 3334 ἐκεῖνον
749 3281 848 3351 τὴν
874 3278 1050 3349 ὓϐριν.
1088 3280 1224 3332 Τότε
1248 3282 1281 3332 d
1311 3278 1550 3347 Φῆστος
1585 3278 1900 3344 συλλαλή-

210 3390 343 3437 σας
371 3373 526 3440 μετὰ
563 3369 668 3423 τοῦ
702 3369 1100 3436 συμϐουλίου,
1129 3368 1420 3436 ἀπεκρίθη
1441 3383 1455 3398 ·
1481 3369 1753 3436 Καίσαρα
1777 3368 1901 3421 ἐπι-

211 3461 522 3525 κέκλησαι
544 3470 558 3484 ⁸
581 3456 680 3508 ἐπὶ
710 3457 982 3523 Καίσαρα
1011 3457 1304 3524 πορεύσῃ.
1336 3452 1488 3519 Εἶδες
1517 3455 1635 3519 πῶς
1679 3456 1899 3527 χαρίζε-

209 3565 356 3613 ταις
405 3545 580 3598 Τοῦτο
614 3543 724 3614 γὰρ
760 3543 920 3614 χάρις
973 3545 1123 3608 ἐστὶ,
1171 3545 1232 3596 τὸ
1285 3545 1565 3598 ωλλαλεῖν
1607 3544 1744 3615 μετὰ
1788 3543 1898 3595 τῶν

211 3634 578 3706 κατηγόρων,
609 3632 636 3684 ὃ
663 3631 1064 3703 διεφθαρμένης
1094 3631 1319 3703 γνώμης
1346 3634 1482 3696 ἐστὶ,
1514 3632 1610 3685 καὶ
1642 3630 1899 3701 συγχεού-

213 3740 324 3793 σ-ης
358 3723 462 3792 τὴν
494 3717 669 3782 τάξιν.
720 3719 864 3788 Ὅρα
891 3717 1054 3770 πάλιν
1078 3717 1461 3788 ἐκτεινομένην
1489 3717 1652 3771 αὑτοῦ
1691 3718 1791 3787 τὴν
1816 3717 1896 3769 δί-

211 3830 348 3884 κην,
380 3809 478 3864 καὶ
507 3809 606 3879 τὴν
640 3805 933 3877 ἐπιϐουλὴν
962 3806 1217 3876 ἀφορμὴν
1243 3805 1335 3858 τοῦ
1370 3803 1724 3876 κηρύγματος
1753 3823 1898 3874 γινο-

213 3901 416 3970 μένην.
446 3895 631 3950 Ταῦτα
655 3894 764 3965 γάρ
787 3895 1176 3963 οἰκονομεῖται,
1195 3891 1335 3946 ὥστε
1363 3895 1502 3963 μετά
1527 3893 1778 3955 εὐκολίας
1801 3895 1896 3948 καὶ

212 3986 478 4056 φυλακῆς
529 3981 894 4052 ἀπενεχθῆναι
941 3981 1104 4033 αὑτὸν
1147 3981 1227 4043 είς
1263 3980 1332 4034 τά
1390 3979 1742 4050 Ἱεροσόλυμα
1794 3982 1898 4034 ὑπὸ

215 4073 457 4146 μηδενὸς
487 4069 988 4140 ἐπιϐουλευόμενον·
1020 4070 1082 4122 ού
1115 4069 1223 4137 γάρ
1252 4064 1320 4139 ἦν
1348 4070 1459 4122 ἴσον
1486 4069 1674 4133 ἁπλῶς
1715 4087 1896 4140 παρα-

211 4160 521 4229 γενέσθαι,
569 4158 664 4210 καὶ
695 4157 787 4208 ἐπὶ
823 4157 973 4227 αἰτία
998 4155 1244 4229 τοιαύτη.
1279 4153 1450 4208 Τοῦτο
1490 4157 1583 4208 καὶ
1623 4157 1895 4211 συνελθεῖν

211 4247 484 4316 ἐποίησεν
531 4243 814 4306 Ἰουδαίους
840 4243 974 4296 ἐκεῖ.
1012 4239 1145 4294 Εἶτα
1168 4243 1329 4294 πάλιν
1362 4242 1550 4313 χρόνος
1576 4242 1785 4311 γίνεται
1811 4246 1896 4297 ἐν⁶

209 4335 594 4406 διατρίϐοντος
636 4331 801 4384 αὑτοῦ
844 4334 956 4394 τοῖς
999 4329 1412 4400 Ἱεροσολύμοις,
1445 4331 1532 4384 ἴνα
1568 4331 1777 4404 μάθῃς,
1813 4332 1893 4385 ὃτι

211 4425 314 4478 καὶ
363 4423 561 4494 χρόνου
619 4419 944 4491 γενομένου,
981 4419 1132 4472 οὐδὲν
1177 4419 1245 4471 τὰ
1288 4419 1388 4488 τῆς
1421 4418 1714 4489 ἐπιϐουλῆς
1748 4419 1894 4491 αὐτῷ

212 4511 425 4581 ἰσχύει,
447 4508 538 4562 τοῦ
570 4505 705 4561 Θεοῦ
727 4507 801 4578 μὴ
829 4505 1258 4577 συγχωροῦντος.
1299 4506 1612 4576 Ἀγρίππας
1630 4507 1698 4559 δὲ
1718 4504 1896 4574 οὗτος

211 4603 245 4653 ὀ
260 4596 578 4663 ,βασιλεὺς
603 4596 700 4648 καί
726 4596 978 4663 Βερνίκη
1001 4594 1384 4661 κατήντησαν
1404 4597 1489 4660 εἰς
1513 4597 1892 4664 Καισάρειαν.

212 4684 392 4749 Οὗτος
419 4687 448 4737 6
489 4685 797 4756 Ἀγρίππας
817 4686 846 4737 6
873 4684 966 4738 καὶ
1007 4682 1274 4755 Ἡρώδης,
1301 4682 1487 4754 ἕτερός
1520 4701 1607 4754 μοι
1627 4684 1795 4747 δοκεῖ,
1819 4685 1895 4750 ὡς

213 4773 362 4830 εἶναι
408 4775 667 4846 τέταρτον
703 4772 892 4825 τοῦτον
931 4771 1048 4843 μετ’
1099 4773 1306 4825 ἐκεῖνον
1347 4772 1436 4824 τὸν
1479 4772 1572 4824 ἐπὶ
1615 4773 1890 4827 Ἰακώϐου.

214 4869 372 4935 ὐρα
406 4864 532 4926 τοὺς
573 4861 804 4932 ἐχθροὺς
855 4860 1305 4931 συμπράττοντας
1337 4862 1589 4924 ἄκοντας.
1636 4863 1798 4914 Ὥστε
1837 4862 1894 4915 δὲ

216 4954 372 5021 μέγα
412 4949 670 5018 γενέσθαι
697 4949 758 5001 τὸ
785 4950 1168 5019 ἀκροατήριον,
1200 4951 1280 5012 είς
1313 4949 1611 5018 ἐπιθυμίαν
1637 4950 1894 5002 ἐνέπεσεν

215 5040 381 5114 ὶδελ]
434 5043 463 5092 ὁ
525 5039 832 5111 ’Δγρίππας
881 5037 979 5108 τῆς
1025 5039 1372 5110 ἀκροάσεως·
1423 5038 1517 5090 καὶ
1564 5038 1661 5107 οὐχ
1709 5038 1893 5102 ἁπλῶς

215 5129 440 5194 ἀκούει,
489 5127 624 5180 ἀλλὰ
674 5125 812 5197 μετά
859 5127 1235 5197 παρασκευῆς.
1284 5125 1393 5178 Καὶ
1445 5125 1519 5177 ἴδε
1549 5124 1647 5194 τὴν
1696 5125 1894 5180 ἀπολο-

217 5222 372 5288 γίαν,
405 5217 471 5286 ἦν
512 5218 540 5269 6
567 5215 750 5286 ἄρχων
775 5215 945 5283 φησί·
985 5213 1096 5267 Καὶ
1123 5213 1308 5267 αὐτοῦ
1338 5212 1407 5264 δὲ
1439 5213 1653 5265 τούτου
1691 5213 1894 5267 ἐπικα-

218 5305 568 5376 λεσαμένου
613 5303 720 5356 τὸν
768 5303 1102 5366 Σεϐαστὸν,
1145 5301 1352 5368 ἔκρινα
1395 5301 1648 5368 πέμπειν
1686 5303 1890 5367 αὐτὸν,

220 5397 358 5463 περὶ
390 5389 463 5448 οὗ
493 5390 767 5461 ἀσφαλές
793 5407 845 5443 τι
874 5388 953 5455 τῷ
983 5391 1167 5459 κυρίῳ
1187 5389 1405 5459 γράψαι
1429 5391 1539 5442 οὐκ
1567 5389 1703 5457 ἔχω.
1739 5389 1893 5442 υῦτω

221 5485 426 5554 γράφει
443 5483 471 5534 6
491 5482 717 5551 Φῆστος,
734 5479 828 5532 καὶ
849 5477 1258 5548 ἐκπομπεύεται
1274 5479 1306 5548 ἡ
1325 5477 1544 5548 ὠμότης
1560 5478 1592 5548 ἡ
1610 5477 1889 5548 Ἰουδαῖκίγ

222 5575 355 5625 ὁταν
378 5569 485 5639 γὰρ
510 5567 682 5622 ταῦτα
703 5569 730 5620 6
751 5567 932 5638 ἅρχων
953 5565 1109 5637 λέγῃ,
1127 5565 1434 5628 ἀνύποπτὸς
1458 5567 1593 5620 ἐστι.
1619 5564 1717 5618 Διὰ
1738 5564 1894 5618 τοῦτο

291 5677 316 5704 ⁸
349 5673 528 5721 locum
552 5671 680 5734 apud
705 5671 873 5721 Montf.
900 5671 1448 5734 quibusdammulilum,
1472 5685 1533 5721 ex
1557 5685 1654 5720 uno
1677 5671 1781 5719 cod.
1811 5684 1893 5719 re-

227 5737 496 5798 stitui-nus,
525 5733 859 5796 nonnullaque
884 5733 1007 5784 infra
1033 5747 1094 5782 ex
1131 5736 1274 5784 variis
1299 5734 1528 5782 subsidiis
1568 5735 1888 5784 correximus.

231 5799 365 5848 Luor.

1341 269 1409 325 IN
1447 271 1630 326 ACTA
1661 271 2198 334 APOSTOLORUM.
2236 281 2472 340 HOMIL.
2508 285 2596 340 LI.

3579 300 3690 358 556

2029 394 2083 446 δέ
2101 395 2246 465 λέγει
2270 397 2318 459 ι),
2337 398 2475 453 ὥστε
2491 402 2586 454 καὶ
2607 404 2736 474 παρ’
2758 405 2924 459 αὐτοῦ
2941 411 3386 480 καταγνωσθῆναι
3410 415 3534 478 τοὺς
3571 416 3694 470 ’1ου-

2028 483 2231 547 δαίουςο
2259 487 2398 556 μετά
2422 488 2477 540 δὲ
2499 488 2560 541 τὸ
2588 491 2795 554 πάντας
2821 495 3002 548 αὐτῶν
3025 499 3544 569 καταψηφίσασθαι,
3571 507 3694 557 τότε

2027 571 2222 639 ἐπάγει
2249 573 2348 644 τὴν
2367 574 2588 628 κόλασιν
2608 579 2636 631 6
2659 578 2812 642 Θεός.
2839 581 3036 636 Σκόπει
3072 584 3127 637 δέ
3147 602 3159 614 ·
3189 587 3438 654 κατέγνω
3466 590 3692 656 Λυσίας,

2027 659 2276 726 κατέγνω
2297 661 2480 729 Φῆλιξ,
2511 664 2758 732 κατέγνω
2792 668 2997 738 Φῆστος
3031 672 3125 724 καί
3148 673 3196 724 οἰ
3228 675 3575 746 χαριζόμενοι
3599 677 3683 730 αύ-

2025 750 2158 811 τοῖς,
2190 750 2436 818 κατέγνω
2478 753 2807 825 Ἀγρίππας.
2843 757 2907 810 Τί
2945 758 3163 827 λοιπόν;
3199 763 3561 832 Κατέγνωσαν
3593 767 3691 819 αύ-

2024 838 2131 891 τῶν
2155 839 2248 892 καὶ
2270 842 2318 892 οἱ
2351 842 2652 911 Φαρισαῖοι.
2681 845 2788 896 Καὶ
2817 846 2898 898 ὅτι
2929 848 3196 917 κατέγνω,
3221 852 3384 906 ἄκουε
3413 854 3576 908 αὐτοῦ
3602 855 3692 908 λέ-

2023 937 2212 1007 γοντος
2232 941 2244 953 ·
2274 923 2572 992 Οὐδεμίαν
2600 928 2796 981 αἰτίαν
2815 928 3108 998 ἐπέφερον
3127 926 3214 984 ὧν
3233 937 3535 990 ὑπενόουν
3554 937 3690 1007 ἐγώ.

2022 1005 2133 1089 Ka‘;
2162 1007 2290 1089 μὴν
2323 1009 2580 1077 ἤνεγκαν,
2622 1007 2738 1062 ἀλλ’
2777 1011 2877 1063 οὐκ
2924 1013 3187 1084 ἦλεγξαν’
3234 1018 3267 1086 ὴ
3304 1018 3403 1086 μὲν
3431 1019 3539 1089 γὰρ
3569 1005 3692 1074 ἐπι-

2023 1087 2187 1159 ϐουλὴ
2221 1091 2400 1142 καὶτὸ
2429 1093 2707 1163 τόλμημα,
2755 1095 2912 1148 τοῦτο
2951 1097 3276 1151 ὑποπτεύειν
3319 1087 3527 1163 ἐδίδου,
3567 1104 3599 1172 ἡ
3632 1102 3690 1156 δὲ

2022 1170 2264 1235 ἐξέτασις
2286 1174 2436 1226 οὐδὲν
2459 1176 2719 1229 τοιοῦτον.
2753 1177 2860 1230 Καὶ
2885 1179 3020 1246 περί
3053 1197 3234 1247 τινος,
3261 1183 3446 1251 φησὶν,
3484 1170 3692 1252 Ἰησοῦ

2021 1258 2398 1324 τεθνηκότος.
2434 1260 2672 1324 Εἰκότως
2699 1263 2842 1328 Περί
2876 1279 3041 1329 τινος
3081 1265 3248 1333 λέγει,
3281 1267 3376 1318 ἆτε
3404 1267 3690 1337 ἄνθρωπος

2021 1339 2078 1390 ἐν
2101 1339 2242 1410 ἀρχῇ
2279 1339 2376 1405 ὢν,
2411 1343 2505 1395 καὶ
2526 1345 2732 1396 τούτων
2754 1346 2816 1396 ού
2840 1347 3160 1416 φροντίζων.
3211 1351 3341 1404 Ἀπὸ
3361 1351 3563 1422 ταύτης
3588 1353 3690 1423 τῆς

2020 1423 2200 1486 αἰτίας
2225 1435 2247 1461 ο
2272 1425 2467 1490 καὶτὸ,
2505 1426 2930 1496 Ἅπορούμενος
2948 1430 3082 1499 ἐγὼ,
3107 1429 3281 1496 εἶπεν,
3313 1436 3398 1500 είς
3419 1434 3532 1502 τὴν
3551 1436 3686 1503 περὶ

2017 1515 2244 1569 τούτων
2287 1515 2585 1578 ἐξέτασιν.
2628 1520 2734 1571 Καὶ
2786 1519 2896 1589 γὰρ
2944 1520 3113 1584 ὄντως
3144 1523 3386 1577 τοιούτου
3431 1523 3688 1577 δικαστοῦ

2019 1597 2376 1669 ὑπερέϐαινεν
2403 1599 2572 1662 ἀκοὰς
2604 1602 2636 1670 ή
2679 1603 2786 1655 τῶν
2815 1603 3068 1657 τοιούτων
3097 1605 3344 1678 ζήτησις.
3386 1610 3494 1661 Καὶ
3535 1608 3584 1660 εἰ
3625 1607 3689 1659 ἐν

2015 1682 2220 1752 ἀπορία
2263 1678 2331 1746 εἴ,
2380 1683 2431 1734 τί
2471 1685 2550 1744 είς
2602 1685 2950 1756 Ἰεροσόλυμα
2999 1688 3212 1755 ἐλκεις;
3247 1690 3348 1743 Διά
3391 1689 3547 1743 τοῦτο
3589 1689 3686 1742 καὶ

2016 1763 2228 1827 Παῦλος
2271 1766 2370 1817 οῦκ
2398 1765 2563 1831 ἀξιῶν
2598 1768 2689 1820 ὑπ’
2721 1769 2885 1822 αὑτοῦ
2937 1769 3234 1839 κρίνεσθαι,
3271 1772 3530 1844 Καίσαρα
3565 1773 3686 1824 ἐπι-

2016 1847 2280 1910 καλεῖται,
2311 1848 2482 1916 λέγων
2504 1866 2518 1880 ο
2559 1851 2689 1902 Ἐπὶ
2720 1851 2825 1904 τοῦ
2850 1851 3126 1920 βήματος
3161 1857 3461 1922 Καίσαρος
3493 1852 3683 1923 ἑστώς

2012 1931 2149 1998 εἰμι,
2185 1927 2256 1984 οὗ
2291 1949 2366 2000 με
2399 1932 2490 1985 δεῖ
2516 1934 2842 2000 κρίνεσθαι·
2868 1936 2960 1988 καί
2991 1936 3098 2008 γὰρ
3129 1939 3255 2009 περὶ
3283 1939 3470 1993 τούτου
3494 1939 3684 1993 ἐνεκάο

2013 2013 2158 2070 λουν.
2215 2015 2454 2078 ’Λκούεις
2504 2017 2720 2086 ἐφεσιν;
2757 2017 2977 2082 ἀκούεις
3027 2022 3318 2094 ἐπιϐουλὴν
3375 2023 3682 2092 Ἰουδαίωνς

2010 2095 2228 2158 ἀκούεις
2258 2098 2444 2151 στάσιν
2467 2114 2480 2161 ;

2080 2179 2142 2233 δ’.
2164 2179 2348 2234 Ταῦτα
2364 2181 2539 2234 πάντα
2555 2181 2646 2236 τὸν
2661 2184 2969 2253 Ἀγρίππαν
2985 2187 3064 2250 είς
3092 2188 3382 2258 ἐπιθυμίαν
3399 2190 3680 2260 ἐξήγειρεν

2011 2259 2300 2315 ἀκούοντα.
2334 2264 2442 2316 Καὶ
2469 2263 2680 2320 δίδωσιν
2712 2268 2740 2318 ὁ
2766 2268 2973 2337 Φῆστος
2997 2270 3094 2340 τὴν
3121 2270 3299 2340 χάριν,
3342 2273 3434 2324 καὶ
3469 2259 3680 2338 γίνεται.

2010 2343 2194 2398 λοιπὸν
2233 2344 2611 2415 λαμπρότερος
2642 2350 2670 2400 ό
2701 2349 2932 2413 Παῦλος.
2965 2351 3223 2414 Τοιαῦτα,
3253 2353 3391 2423 ὅπερ
3433 2353 3588 2424 ἔφην,
3617 2353 3673 2407 αἱ

2010 2427 2294 2481 ἐπιϐουλαὶ
2328 2429 2716 2500 προεξένησαν.
2750 2433 2811 2484 El
2834 2433 2908 2503 μὴ
2933 2434 3105 2488 ταῦτα
3131 2431 3218 2505 ἦν,
3249 2437 3422 2498 οὐδεὶς
3459 2438 3524 2490 ἂν
3553 2438 3680 2491 τού-

2007 2527 2115 2563 των
2137 2511 2476 2580 κατηξίωσεν
2514 2512 2746 2566 ἀκοῦσαι
2771 2515 2933 2568 αὑτοῦ
2961 2517 3070 2568 τῶν
3089 2517 3384 2587 ἀρχόντων,
3404 2518 3576 2582 οὐδεὶς
3607 2520 3676 2572 ἂν

2010 2594 2149 2663 μετὰ
2163 2596 2432 2665 τοσαύτης
2452 2597 2679 2666 ἡσυχίας
2697 2598 2790 2650 καὶ
2807 2598 2984 2669 σιγῆς.
3000 2600 3110 2653 Καὶ
3127 2600 3274 2653 δοκεῖ
3290 2601 3388 2670 μὲν
3403 2601 3672 2658 διδάσκειν

2007 2678 2100 2728 καί
2119 2677 2524 2744 ἀπολογεῖσθαι,
2556 2679 2862 2752 δημηγορεῖ
2880 2681 2936 2734 δὲ
2961 2683 3160 2751 μᾶλλον
3191 2684 3328 2752 μετὰ
3353 2683 3552 2753 πολλῆς
3571 2684 3672 2755 τῆς

2005 2758 2274 2824 εὐταξίας.
2295 2759 2388 2831 Μὴ
2411 2759 2473 2831 δὴ
2500 2761 2734 2831 χαλεπόν
2753 2781 2804 2816 τι
2825 2766 3056 2836 πρᾶγμα
3080 2767 3388 2836 νομίσωμεν
3419 2768 3516 2830 τάς
3547 2768 3676 2820 ἐπι-

2004 2841 2221 2903 ϐουλάς.
2249 2841 2395 2906 Ἕως
2418 2843 2484 2896 ἂν
2505 2846 2713 2909 ἑαυτοῖς
2733 2847 2808 2916 μὴ
2836 2848 3296 2920 ἐπιϐουλεύωμεν,
3325 2850 3499 2913 οὐδεὶς
3538 2851 3671 2921 ἡμῖν

2005 2929 2387 2982 ἐπιϐουλεῦσαι
2427 2931 2748 3003 δυνήσεται⁹
2782 2934 2983 3004 μᾶλλον
3014 2935 3068 2988 δὲ
3099 2937 3507 2990 ἐπιϐουλεύουσι
3550 2938 3670 3008 μὲν,

2002 3017 2154 3070 οὐδὲν
2183 3017 2235 3068 δέ
2261 3017 2608 3087 βλάπτουσιν,
2647 3020 2783 3072 ἀλλὰ
2817 3023 2910 3074 καὶ
2939 3021 3244 3092 ὠφελοῦσιν
3269 3026 3300 3094 ἡ
3311 3026 3417 3094 μᾶς
3457 3024 3525 3078 τὰ
3575 3027 3673 3096 μέ-

2001 3121 2162 3172 γιστα
2182 3120 2193 3130 ·
2225 3103 2366 3157 ὥστε
2397 3107 2557 3176 ἡμεῖς
2581 3107 2790 3162 ἑαυτῶν
2820 3109 2998 3181 κύριοι
3034 3111 3127 3163 καὶ
3152 3111 3244 3164 τοῦ
3269 3112 3462 3166 παθεῖν
3481 3113 3671 3178 κακῶς

2002 3193 2095 3244 καὶ
2132 3191 2224 3246 τοῦ
2251 3192 2324 3264 μὴ
2374 3193 2588 3246 παθεῖν.
2627 3195 2760 3248 Ἰδοὺ
2817 3197 3261 3268 διαμαρτύρομαι
3309 3200 3404 3252 καὶ
3456 3201 3672 3275 μεγάλῃ

2001 3279 2144 3348 λέγω
2176 3283 2240 3351 τῇ
2269 3283 2418 3352 φωνῇ
2452 3282 2544 3334 καὶ
2573 3282 2871 3351 σάλπιγγος
2902 3287 3244 3356 τρανότερον,
3278 3287 3370 3340 καὶ
3405 3288 3453 3339 εἰ
3489 3282 3556 3358 ἦν
3581 3288 3667 3357 ἐφ’

2002 3367 2206 3438 ὑψηλοῦ
2243 3368 2518 3422 ἀναϐάντα
2568 3368 2764 3440 βοῆσαι
2794 3369 2848 3434 ά,
2877 3372 2980 3425 οὐκ
3029 3372 3094 3425 ἂν
3123 3373 3552 3446 παρῃτησάμην,
3581 3375 3668 3429 ὅτι

1999 3455 2088 3508 τὸν
2109 3457 2431 3526 Χριστιανὸν
2452 3457 2626 3520 οὐδεὶς
2649 3457 2951 3528 ἀνθρώπων
2976 3459 3085 3514 τῶν
3109 3462 3398 3515 οἰκούντων
3430 3462 3531 3534 τὴν
3562 3463 3668 3536 γῆν

2002 3543 2196 3613 βλάψαι
2225 3545 2533 3614 δυνήσεται.
2564 3545 2674 3598 Καὶ
2699 3545 2751 3598 τί
2768 3545 2932 3614 λέγω,
2949 3546 3276 3617 ἀνθρώπωνς
3301 3550 3436 3602 Οὐδὲ
3453 3551 3615 3612 αὐτὸς
3636 3553 3668 3604 6

1997 3635 2230 3704 δαίμων,
2251 3637 2280 3686 ὀ
2295 3634 2578 3704 τύραννος,
2603 3636 2631 3686 6
2652 3633 2916 3700 διάϐολος,
2941 3635 3006 3688 ἂν
3026 3637 3100 3706 μὴ
3123 3637 3284 3700 αὐτὸς
3318 3638 3512 3691 ἐαυτὸν
3544 3637 3665 3691 ἀδι-

1999 3723 2165 3792 κήσῃ·
2204 3721 2310 3774 κᾶν
2343 3721 2519 3775 ὁτιοῦν
2568 3737 2652 3783 τις
2676 3723 2823 3791 ἡμᾶς
2852 3722 3020 3774 κακὸν
3042 3723 3378 3792 ἐργάσασθαι
3406 3724 3662 3797 βουληθῇ,

2001 3809 2178 3880 μάτην
2196 3809 2754 3879 πειράσεται.”Ωσπερ
2770 3808 2877 3880 γάρ
2891 3809 3118 3877 ἄγγελον
3138 3811 3312 3874 οὐδεὶς
3327 3811 3393 3863 ἂν
3413 3811 3664 3881 βλάψειεν

1997 3897 2092 3951 ἐπὶ
2118 3899 2217 3966 γῆς
2247 3897 2374 3949 ὄντα
2397 3896 2698 3967 ἄνθρωπον,
2718 3897 2837 3950 οὐδὲ
2859 3895 3028 3960 οὕτως
3047 3897 3334 3967 ἄνθρωπος
3355 3899 3658 3969 ἄνθρωπον.

2010 3984 2146 4036 Ἀλλ’
2167 3984 2286 4037 οὐδὲ
2313 3983 2470 4046 αὐτὸς
2487 3984 2670 4052 ἕτερον
2684 3983 2882 4052 βλάψαι
2900 3983 3209 4054 δυνήσεται,
3229 3984 3333 4047 ἕως
3360 3985 3426 4038 ἂν
3519 3987 3662 4053 ἀγα-

1997 4070 2108 4132 θός.
2147 4071 2211 4123 Τί
2244 4066 2336 4122 οὖν
2376 4069 2442 4123 ἂν
2475 4070 2666 4123 τούτου
2686 4072 2895 4143 γένοιτο
2922 4071 3057 4131 ἴσον,
3087 4071 3213 4124 ὃταν
3231 4073 3369 4141 μήτε
3396 4065 3661 4142 βλαϐῆναι

1995 4157 2237 4228 δύνηται,
2267 4159 2404 4228 μήτε
2427 4157 2625 4228 βλάψαι
2665 4158 2850 4230 ἕτερον
2879 4174 2893 4223 ;
2949 4157 3122 4211 Τοῦτο
3167 4159 3278 4228 γὰρ
3321 4160 3528 4213 ἐκείνου
3560 4157 3661 4214 οὐκ

1995 4245 2235 4317 ἔλαττον,
2258 4245 2318 4298 τὸ
2339 4245 2413 4317 μὴ
2435 4243 2717 4315 βούλεσθαι
2735 4245 2989 4315 βλάπτειν
3005 4247 3090 4299 ἐτε
3099 4264 3210 4317 ρον.
3233 4246 3527 4319 [585]”Λρα
3556 4247 3658 4318 ἀγ-

1994 4321 2151 4403 γελός
2179 4337 2262 4397 τίς
2293 4337 2408 4387 ἐστι
2431 4335 2521 4387 καὶ
2546 4333 2663 4405 Θεῷ
2698 4335 2902 4403 ὅμοιος.
2928 4335 3182 4399 Τοιοῦτος
3202 4337 3311 4408 γὰρ
3331 4340 3422 4391 καὶ
3446 4340 3474 4391 6
3499 4339 3655 4402 Θεόςο

1995 4422 2111 4476 ἀλλ’
2144 4424 2351 4485 ἐκεῖνος
2393 4422 2489 4492 μὲν
2517 4421 2695 4492 φύσει,
2729 4419 2882 4486 οὗτος
2909 4423 2966 4476 δὲ
2992 4424 3328 4493 προαιρέσει.
3376 4422 3511 4478 υῦτε
3563 4419 3660 4480 οὖν

1999 4511 2261 4583 βλαϐῆναι
2286 4511 2528 4574 δύναται,
2547 4510 2670 4565 οὔτε
2701 4511 3116 4582 βλάψαιέτερον.
3135 4512 3207 4564 Τὸ
3236 4513 3310 4575 δὲ,
3339 4513 3399 4564 ού
3415 4512 3658 4577 δύναται,

1999 4603 2073 4672 μὴ
2103 4601 2402 4671 ἀδυναμίας
2432 4600 2659 4674 νομίσῃς
2681 4601 3010 4667 (τούναντίον
3041 4603 3149 4671 γὰρ
3177 4599 3494 4669 ἀδυναμία)⁶
3522 4601 3659 4656 ἀλλά

1994 4690 2055 4742 τὸ
2083 4688 2399 4742 ἀνένδεκτον
2421 4687 2581 4756 λέγω.
2624 4689 2687 4740 'H
2716 4689 2824 4760 γὰρ
2855 4687 3016 4756 φύσις
3068 4687 3251 4754 ἐκείνη
3294 4683 3416 4738 οὔτε
3450 4685 3656 4757 βλάϐης

1996 4777 2113 4830 ἐστὶ
2136 4775 2378 4845 δεκτικὴ,
2412 4775 2536 4828 οὒτε
2568 4774 2664 4828 τοῦ
2691 4775 2897 4828 ἀδικεῖν
2942 4773 3150 4843 ἕτερον·
3186 4773 3310 4826 ἐπεὶ
3356 4774 3449 4825 καὶ
3494 4773 3656 4825 τοῦτο

1996 4865 2160 4936 ἐτέρα
2185 4863 2377 4934 βλάϐη.
2416 4862 2622 4925 Ἀλλως
2656 4863 2766 4932 γὰρ
2800 4862 3025 4924 ἑαυτοὺς
3072 4861 3133 4913 ού
3165 4859 3548 4931 βλάπτομεν,ἣ
3579 4860 3658 4932 τῷ

1998 4953 2256 5022 βλάπτειν
2329 4952 2533 5022 ἕτερον,
2575 4951 2668 5004 καὶ
2717 4950 2786 5002 τά
2830 4947 3048 5020 μείζονα
3086 4948 3194 5001 τῶν
3241 4949 3657 5020 ἁμαρτημάτων

1996 5040 2151 5111 ἡμῶν
2172 5043 2236 5093 ἐκ
2257 5040 2353 5108 τῆς
2375 5039 2454 5100 είς
2477 5039 2622 5108 ἡμᾶς
2648 5036 2859 5098 ἀδικίας
2911 5034 3052 5088 οὕτω
3094 5036 3321 5104 γίνεται.
3357 5036 3520 5088 Ὥστε
3561 5037 3657 5091 καὶ

1994 5129 2081 5182 διὰ
2113 5127 2268 5181 τοῦτο
2290 5129 2317 5179 ὁ
2353 5124 2679 5195 Χριστιανὸς
2706 5125 2767 5176 ού
2801 5123 3022 5176 δύναται
3059 5123 3510 5195 βλάπτεσθαι,ὃτι
3535 5125 3656 5178 οὐδὲ

1996 5217 2252 5288 βλάπτειν
2281 5215 2520 5269 δύναται.
2545 5215 2670 5277 Πῶς
2707 5214 2763 5266 δὲ
2807 5216 3026 5285 ἐτέρους
3061 5214 3384 5285 βλάπτοντες
3425 5217 3656 5281 ἑαυτοὺς

1997 5305 2344 5376 βλάπτομεν,
2380 5302 2511 5372 φέρε
2550 5301 2671 5354 καθ’
2723 5303 2952 5356 ἕκαστον
2985 5304 3096 5356 τῶν
3134 5306 3475 5376 πραγμάτων
3518 5322 3654 5376 προ-

1995 5392 2364 5462 χειρισάμενοι
2422 5391 2511 5442 τὸν
2571 5390 2726 5457 λόγον
2781 5391 3150 5462 γυμνάσωμεν
3214 5393 3275 5446 τὸ
3339 5392 3651 5462 λεγόμενον.

2008 5478 2283 5532 Ἀδικείτω
2317 5495 2422 5542 τις,
2450 5477 2739 5549 ὑϐριςέτω,
2779 5480 3185 5533 πλεονεκτείτω·
3211 5480 3335 5532 τίνα
3364 5480 3472 5550 ἄρα
3497 5478 3656 5534 ἐϐλα-

1993 5567 2091 5639 ψεν
2117 5559 2303 5631 οῦτοςς
2335 5567 2432 5637 οὐχ
2456 5567 2648 5621 ἑαυτὸν
2682 5568 2978 5639 πρότερον;
3015 5568 3184 5622 Παντί
3216 5585 3320 5621 που
3352 5567 3532 5640 δῆλον.
3561 5567 3656 5640 Τῷ

2055 5675 2083 5740 ιγ
2112 5674 2241 5740 Ηιερ,
2272 5677 2347 5723 διὰ
2373 5675 2515 5724 τοῦτο
2536 5678 2587 5724 δὲ
2610 5678 2752 5738 λέγει,
2777 5677 2955 5726 desunt
2979 5679 3037 5740 In,
3069 5690 3166 5725 uno
3200 5675 3383 5740 codice.
3452 5679 3477 5709 ο
3498 5676 3613 5730 Hm.
3634 5715 3652 5740 ,

1992 5737 2275 5802 ἀπὸγταύτης
2294 5744 2376 5802 τῆς
2396 5739 2562 5793 αἰτίας.
2589 5737 2768 5786 absum.
2786 5755 2812 5788 α
2833 5739 3118 5802 quibusdam
3144 5755 3257 5792 mss.
3290 5738 3318 5780 ά
3340 5740 3465 5792 Tres

1994 5800 2052 5860 ἠν
2083 5801 2262 5861 ὑψηλὸν
2287 5801 2523 5851 ἀναϐάντα
2557 5803 2747 5864 βοῆσαι.
