4098 6354
417 318 526 377 367

419 431 519 496 μὲν
553 430 662 500 γάρ
689 430 768 491 είς
794 428 1106 498 χρήματαὴ
1137 428 1331 499 ζημία,
1361 429 1512 500 αὐτῷ
1543 429 1599 480 δὲ
1633 429 1715 491 είς
1747 429 1949 497 ψυχήν·
1986 428 2080 480 καὶ

1181 314 1238 370 S.
1271 314 1555 372 JOANNIS
1579 264 2078 370 οιιιιϊεοδτολιι
2111 309 2429 368 ΑΠΕΠΙΕΡ.
2469 306 3017 366 CONSTANTINOP.

3740 310 3844 368 558

2181 427 2282 496 ὅρα
2299 426 2425 488 τοὺς
2451 426 2508 477 ἐν
2538 423 2750 494 ἐκείνῳ.
2780 422 2880 475 Διά
2920 421 2973 474 τί
3011 422 3202 490 νόμοι;
3251 420 3340 475 διά
3375 422 3430 475 τί
3479 423 3844 498 δικαστήρια;

415 510 525 579 γάρ
559 499 639 571 εἰς
696 509 972 560 ἀπώλειαν
1021 509 1116 559 καὶ
1167 510 1245 570 είς
1297 499 1519 561 κόλασιν
1576 507 1932 577 παραδίδοται
1982 505 2079 558 τοῦ
2180 505 2271 558 διὰ
2319 506 2373 558 τί
2429 503 2728 572 τιμωρίαι;
2782 501 2904 570 οὐχὶ
2934 501 3001 554 δι’
3041 499 3283 563 ἐκείνους
3310 501 3388 564 ὠς
3425 503 3720 568 νοσοῦντας
3749 509 3845 561 καὶ

412 587 655 641 τοιούτου
696 588 729 656 ἡ
766 586 934 655 ψυχή.
993 585 1159 637 Πάλιν
1208 586 1472 654 φθονείτω
1500 586 1719 656 ἐτερος·
1767 585 1888 637 τίνα
1927 580 2021 638 οὖν
2053 584 2082 634 6

413 666 654 728 τοιοῦτος
673 665 932 735 ἠδίκησεν
958 680 972 725 ;
1003 665 1100 733 ούχ
1133 665 1344 730 ἑαυτὸν,
1382 665 1503 717 είπέ
1533 682 1625 734 μοι
1650 681 1664 728 ;
1707 663 1944 736 Τοιαύτη
1973 665 2084 735 γάρ

415 746 452 815 ή
503 745 602 814 τῆς
647 743 860 805 ἀδικίας
907 741 1094 810 φύσις·
1155 745 1249 796 τὸν
1301 745 1556 796 τίκτοντα
1607 743 1822 813 πρῶτον
1857 742 2083 812 βλάπτει

419 824 612 893 μυρία,
642 821 812 892 μικρά
833 821 888 874 δὲ
905 821 1112 889 ἕτερον,
1149 823 1350 891 μᾶλλον
1378 822 1434 874 δὲ
1465 821 1583 874 οὐδὲ
1605 822 1801 892 μικρὸν
1831 820 2083 891 βλάπτει,

418 902 557 954 ἀλλά
588 903 681 954 καὶ
703 899 921 968 ὠφελεῖ.
967 898 1107 950 Ἀλλ’
1139 900 1294 952 οὐδὲν
1313 899 1630 962 ἀξιόπιστον
1649 900 1868 969 εἴρηκα.
1903 901 2084 954 Ἔστω

419 981 600 1034 τοίνυν
654 979 913 1047 (μάλιστα
954 976 1157 1046 γὰρέν
1205 978 1418 1041 τούτοις
1472 978 1591 1030 ἐστὶ
1638 979 1700 1031 τὸ
1737 979 1866 1047 πᾶν)
1914 977 2086 1047 πένης

417 1059 678 1128 χρήματα
702 1056 838 1126 ἔχων
867 1053 1023 1121 ὀλίγα
1063 1057 1157 1108 καὶ
1195 1056 1298 1124 τῆς
1321 1056 1626 1124 ἀναγκαίας
1672 1056 1923 1125 εὐπορῶν
1958 1073 2086 1126 τρο-

418 1135 546 1199 φῆς,
578 1133 760 1202 ἔτερος
791 1132 845 1184 δὲ
867 1131 1119 1195 πλούσιος
1168 1134 1263 1186 καὶ
1312 1133 1544 1204 εὔπορος
1591 1135 1686 1186 καὶ
1726 1133 1926 1203 πολλὴν
1951 1131 2088 1202 ἔχων

414 1212 666 1281 δύναμιν,
727 1212 821 1264 καὶ
859 1209 1181 1280 λαμϐανέτω
1213 1215 1280 1265 τά
1327 1212 1420 1265 τοῦ
1467 1214 1698 1281 πένητος
1748 1211 1933 1266 λοιπὸν
1996 1211 2091 1264 καὶ

418 1290 626 1359 γυμνὸν
657 1289 881 1340 ποιείτω
915 1288 1010 1340 καὶ
1040 1289 1380 1359 παραδιδότω
1414 1289 1578 1362 λιμῷ,
1624 1292 1788 1353 αὐτὸς
1815 1290 1872 1342 δὲ
1900 1291 2092 1360 ἐντρυ-
2125 1321 2128 1324 -

419 1370 576 1438 φάτω
627 1369 740 1429 τοῖς
782 1366 840 1432 ἐξ
892 1366 1105 1419 ἐκείνου
1135 1367 1413 1437 ληφθεῖσιν
1440 1369 1665 1430 ἀδίκως·
1687 1371 1716 1421 ὁ
1749 1369 1985 1433 τοιοῦτος
2028 1370 2088 1421 οὐ

421 1445 584 1516 μόνον
610 1446 763 1499 οὐδὲν
791 1445 953 1497 αὑτὸν
986 1444 1240 1514 ἔϐλαψεν,
1282 1445 1419 1499 ἀλλά
1444 1448 1541 1500 καὶ
1569 1447 1873 1518 ὠφέλησεν,
1903 1449 2092 1500 ἐαυτὸν

426 1524 584 1576 δὲού
640 1523 798 1593 μόνον
846 1522 946 1574 ούκ
998 1521 1298 1592 ὠφέλησεν,
1343 1523 1480 1578 ἀλλά
1531 1525 1628 1579 καὶ
1679 1525 1901 1596 ἔϐλαψε.
1932 1525 2090 1592 Πῶς;

421 1602 649 1670 Πρῶτον
683 1599 782 1670 μὲν
822 1599 926 1650 ὑπὸ
957 1599 1050 1651 τοῦ
1074 1600 1372 1662 συνειδότος
1399 1602 1790 1670 μαστιζόμενος
1814 1603 1908 1656 τοῦ
1927 1619 2093 1672 πονη-

426 1680 546 1750 ροῦ,
582 1679 677 1732 καὶ⁸
716 1678 839 1732 καθ’
864 1677 1102 1747 ἑκάστην
1129 1679 1341 1749 ἡμέραν
1375 1680 1752 1750 κεντούμενος,
1796 1682 1892 1736 καὶ
1941 1683 2094 1753 παρά

434 1758 656 1811 πάντων
686 1757 1248 1826 καταγινωσκόμενος·
1277 1757 1471 1810 ἔπειτα
1499 1759 1556 1812 tv
1601 1759 1678 1828 τῷ
1702 1761 1948 1830 μέλλοντι
1969 1762 2093 1832 κρί-

427 1841 601 1909 ματι.“
626 1837 764 1890 Ἀλλ’
790 1837 1001 1908 ὅτιμὲν
1039 1831 1194 1900 οὗτος
1257 1839 1578 1908 βλάπτεται,
1633 1839 1790 1910 δῆλον
1844 1831 2094 1896 ἐντεῦθεν

429 1916 694 1986 κατέστη·
725 1915 840 1978 πῶς
859 1915 916 1967 δὲ
945 1914 1232 1983 ὠφελεῖται
1260 1918 1489 1979 ἐκεῖνος,
1513 1917 1785 1970 είπέ.⁰’οτι
1812 1918 1876 1973 τὸ
1907 1920 2097 1983 κακῶς

428 1996 623 2049 παθεῖν
661 1995 758 2047 καὶ
795 1995 983 2065 φέρειν
1027 1995 1315 2062 γενναίως,
1367 1996 1510 2065 μέγα
1556 1995 1744 2066 κέρδος
1789 1995 1938 2068 ἔχει·
1978 1999 2094 2052 ἐστι

425 2076 537 2143 γάρ
579 2074 994 2143 ἁμαρτημάτων
1037 2073 1190 2136 λύσις
1219 2074 1282 2126 τὸ
1319 2075 1508 2126 παθεῖν
1539 2075 1745 2139 κακῶς,
1793 2076 1909 2129 εστι
1946 2077 2097 2146 φιλο-

425 2155 618 2221 σοφίας
633 2154 951 2222 γυμνάσιον,
989 2152 1138 2204 ἐστιν
1159 2153 1362 2223 ἀρετῆς
1390 2151 1725 2206 διδασκαλία.
1751 2155 1977 2226 Ἴδωμεν
2003 2152 2096 2210 οὖν

424 2232 509 2294 τίς
519 2234 579 2285 ἐν
607 2233 818 2297 κακοῖς,
841 2227 995 2294 οὗτος
1015 2231 1046 2301 ἢ
1069 2234 1297 2293 ἐκεῖνος.
1318 2233 1551 2294 Ἐκεῖνος
1576 2233 1674 2302 μὲν
1690 2231 1800 2302 γάρ
1817 2233 1880 2285 ἂν
1944 2233 2095 2302 φιλό-

425 2326 608 2378 σοφος,
641 2311 903 2378 γενναίως
918 2309 1076 2362 οἴσει·
1117 2306 1271 2372 οὗτος
1294 2310 1352 2364 6t
1387 2310 1505 2364 καθ’
1536 2311 1773 2380 ἑκάστην
1805 2314 2017 2383 ἡμέραν
2038 2315 2096 2366 ἐν

425 2389 614 2460 τρόμῳ
648 2388 802 2441 ἐσται
839 2391 933 2444 καὶ
982 2387 1204 2460 ὑποψίᾳ·
1253 2390 1336 2452 τίς
1395 2385 1488 2442 οὖν
1541 2390 1828 2454 ἀδικεῖται,
1878 2389 2095 2463 οὗτοςῆ

426 2471 634 2532 ἐκεῖνος
659 2486 673 2536 ;
701 2468 922 2533 Μύθους
950 2468 1149 2537 λέγεις,
1169 2468 1333 2539 φησίν
1359 2484 1373 2498 ·
1401 2471 1530 2520 ὅταν
1570 2469 1678 2539 γάρ
1729 2487 1813 2532 τις
1875 2471 1950 2540 μὴ
1998 2471 2098 2544 ἔχῃ

425 2549 640 2616 φαγεῖν,
669 2549 763 2600 καὶ
791 2550 1172 2618 ἀναγκάζηται
1219 2547 1589 2619 ἀποδύρεσθαι
1647 2549 1745 2602 καὶ
1783 2549 2095 2602 ἀποδυσπε-

426 2627 622 2696 τεῖν,ἢ
654 2627 968 2698 προσελθὼν
992 2630 1234 2682 ἐπαιτεῖν
1268 2628 1362 2680 καὶ
1404 2628 1479 2698 μὴ
1515 2626 1677 2699 λάϐῃ,
1718 2628 1838 2697 οὐχὶ
1876 2629 1971 2682 καὶ
1998 2628 2096 2700 τὴν

425 2705 606 2776 ψυχὴν
634 2710 730 2760 καὶ
761 2707 822 2760 τὸ
862 2707 1022 2778 σῶμα
1048 2707 1487 2778 προσαπολλύει;
1524 2706 1743 2771 Μύθους
1778 2711 1842 2761 σὺ
1879 2707 2058 2776 λέγεις
2081 2722 2096 2738 ·

428 2785 541 2850 ἐγὼ
564 2783 675 2855 γάρ
699 2785 1022 2837 ἐπιδεικνύω
1075 2786 1391 2855 πράγματα.
1428 2785 1563 2837 Εἰπὲ
1599 2785 1706 2854 γάρ
1760 2802 1871 2856 μοι,
1927 2786 2100 2849 οὐδεὶς

429 2864 542 2918 τῶν
595 2863 970 2916 πλουτούντων
1013 2865 1420 2930 ἀποδυσπετεῖ;
1477 2865 1540 2916 Τί
1593 2861 1717 2930 06v;
1763 2866 1898 2936 μὴή
1939 2868 2102 2921 πενία

428 2941 580 2995 αίτία
606 2941 798 2994 τούτου
825 2959 840 3008 ;
881 2942 1041 2996 Ἀλλά
1066 2944 1125 2996 οὑ
1159 2944 1448 3014 λιμώττει;
1505 2943 1614 2996 Καὶ
1645 2943 1698 2996 τί
1729 2942 1924 3007 τοῦτο;
1965 2944 2103 2998 Μεί-

429 3023 541 3086 ζων
572 3024 606 3092 ή
634 3021 781 3093 δίκη,
809 3022 940 3074 ὅταν
961 3024 1099 3092 μετά
1127 3023 1360 3076 πλούτου
1409 3024 1569 3076 τοῦτο
1599 3024 1749 3093 ποιῇ.
1786 3021 1938 3093 [586]
1963 3021 2101 3075 Οὔτε

428 3101 539 3172 γάρ
571 3101 800 3164 πλοῦτος
833 3104 1080 3170 γενναῖον
1131 3106 1294 3162 ποιεῖ,
1335 3101 1458 3154 οὔτε
1488 3102 1690 3172 ἀσθενῆ
1745 3101 1936 3154 πενία·
1979 3101 2103 3154 ἐπεὶ

428 3180 603 3242 οὐδεὶς
634 3179 700 3234 ἂν
739 3179 847 3234 τῶν
909 3182 969 3233 ἐν
1013 3180 1226 3252 πλούτῳ
1276 3181 1490 3245 ζώντων
1521 3179 1793 3251 μοχθηρὸν
1832 3179 1928 3250 ἔζη
1965 3179 2100 3250 βίον,

424 3259 540 3313 οὐδ’
578 3259 646 3313 ἂν
675 3259 855 3329 ἐαυτῷ
881 3260 1228 3330 κατηράσατο
1253 3261 1426 3321 οὐδεὶς
1452 3260 1560 3311 τῶν
1586 3261 1644 3310 ἐν
1673 3259 1855 3329 πενίᾳ.
1885 3260 2007 3312 Ὅτι
2044 3259 2102 3313 δὲ

428 3336 599 3402 ὕντως
624 3337 784 3408 μῦθοι
817 3340 886 3392 τά
925 3339 1057 3408 παρ’
1096 3339 1270 3408 ὑμῶν,
1316 3337 1527 3391 ἐκεῖθεν
1560 3337 1689 3406 ὑμῖν
1738 3337 1951 3408 ποιήσω
2000 3355 2103 3406 φα-

431 3419 606 3489 νερόν.
636 3418 769 3471 Είπέ
794 3435 904 3488 μοι,
942 3420 971 3469 6
1005 3419 1212 3480 Παῦλος
1243 3420 1301 3471 tv
1326 3419 1486 3487 πενίᾳ
1523 3414 1613 3486 ἦν,
1662 3418 1694 3486 ἢ
1748 3420 1805 3469 ἐν
1840 3418 2100 3488 πλούτῳ;

429 3499 824 3568 ἐλίμωττεν,ἢ
876 3496 1029 3566 οὐχί;
1088 3496 1264 3550 Αὐτοῦ
1322 3497 1471 3549 ἐστιν
1523 3496 1757 3548 ἀκοῦσαι
1813 3495 2100 3564 λέγοντος·

443 3579 550 3630 Ἔν
573 3576 726 3644 λιμῷ
760 3575 858 3628 καὶ
886 3576 1071 3643 δίψει.
1107 3576 1171 3627 Οἱ
1203 3575 1483 3645 προφῆται
1533 3573 1852 3643 ἐλίμωττον,
1882 3574 1915 3643 ἢ
1942 3573 2100 3642 ούχί;

433 3656 694 3709 Κάκεῖνοι
754 3653 1184 3707 ἀπεδυσπέτουν.
1243 3652 1414 3705 Πάλιν
1461 3651 1670 3704 Παῦλόν
1725 3668 1816 3721 μοι
1880 3653 2099 3720 φέρεις,

431 3734 594 3788 πάλιν
639 3735 766 3797 τοὺς
828 3733 1133 3803 προφήτας,
1191 3732 1324 3785 δέκα
1357 3731 1453 3786 καὶ
1503 3731 1706 3784 εἴκοσιν
1757 3729 2098 3800 ἀνθρώπους.

459 3812 603 3865 Αλλά
640 3811 804 3865 πόθεν
831 3810 1043 3881 βούλει;
1077 3811 1208 3865 ’Λπὸ
1227 3811 1337 3865 τῶν
1360 3810 1590 3873 πολλῶν,
1623 3811 1776 3880 φησὶ,
1805 3808 1979 3872 δείξόν
2011 3810 2100 3879 μοί

429 3907 583 3954 τινας
612 3891 876 3962 φέροντας
895 3889 1178 3958 γενναίως.
1197 3889 1359 3944 Ἀλλὰ
1379 3889 1441 3942 τὸ
1469 3891 1694 3944 σπάνιον
1725 3889 1813 3942 ἀεὶ
1839 3887 2099 3952 τοιοῦτον,

431 3971 526 4028 καὶ
557 3970 727 4038 ὀλίγοι
779 3973 829 4024 οί
851 3970 1027 4024 καλοί.
1086 3971 1149 4024 El
1201 3970 1379 4040 βούλει
1431 3969 1510 4033 δὲ,
1552 3969 1645 4023 καὶ
1693 3969 1815 4022 καθ’
1853 3968 2015 4020 ἐαυτὸ
2041 3969 2103 4020 τὸ

434 4052 666 4122 πρᾶγμα
694 4048 1063 4122 ἐξετάσωμεν.
1103 4049 1334 4121 ἰδωμεν
1383 4050 1531 4112 τίνος
1573 4051 1607 4120 ή
1643 4049 1864 4120 φροντὶς
1898 4048 2102 4120 μείζων

432 4132 528 4183 καὶ
547 4131 873 4202 δριμυτέρα,
900 4135 997 4184 καὶ
1031 4130 1177 4194 τίνος
1221 4130 1594 4200 εύφορωτέρα.
1621 4130 1732 4200 Οὐχ
1757 4129 1786 4181 6
1818 4131 1916 4200 μὲν
1959 4131 2100 4200 ὑπὲρ

431 4211 532 4282 τῆς
579 4211 885 4280 ἀναγκαίας
950 4213 1192 4283 μεριμνᾷ
1251 4211 1480 4282 τροφῆς,
1523 4213 1552 4264 ὁ
1598 4211 1655 4264 δὲ
1701 4211 1841 4281 ὑπὲρ
1891 4210 2098 4282 μυρίων

431 4292 775 4363 πραγμάτων
808 4289 1011 4361 ταύτης
1052 4291 1353 4361 ἀφέμενος;
1384 4289 1459 4344 υὺ
1497 4288 1733 4342 δέδοικεν
1758 4289 1899 4360 ὑπὲρ
1937 4289 2098 4359 λιμοῦ

432 4371 463 4423 6
490 4369 760 4434 πλούσιος,
788 4369 902 4422 ἀλλ’
924 4370 1064 4438 ὑπὲρ
1103 4369 1304 4439 ἐτέρων
1345 4369 1577 4420 δέδοικε·
1641 4367 1914 4431 πολλάκις.
1959 4368 2101 4440 ὑπὲρ

435 4448 710 4519 σωτηρίας
736 4448 929 4518 αὐτῆς.
961 4449 1077 4502 υύκ
1102 4447 1216 4517 ἔχει
1245 4447 1343 4517 τὴν
1377 4446 1709 4516 ἀμεριμνίαν
1753 4447 1853 4516 τῆς
1894 4446 2104 4517 τροφῆς

433 4528 464 4578 6
491 4527 678 4599 πένης,
709 4527 824 4581 ἀλλ’
848 4528 960 4597 ἔχει
1005 4528 1104 4598 τήν
1155 4527 1346 4596 ἑτέραν
1386 4525 1744 4596 ἀμεριμνίαν,
1793 4525 1890 4598 τὴν
1926 4527 2102 4597 ἀσφά-

435 4607 607 4670 λειαν,
629 4607 727 4678 τὴν
754 4608 1007 4679 ήσυχίαν,
1038 4608 1138 4678 τὴν
1161 4606 1366 4661 ἄδειαν.

507 4693 569 4741 ε’.
592 4687 799 4752 Ἄλλως
823 4687 902 4754 δὲ,
930 4687 980 4742 εἰ
1012 4689 1087 4760 μὴ
1112 4687 1281 4740 κακὸν
1308 4687 1369 4740 τὺ
1397 4685 1775 4748 ἀδικεῖν,ἀλλά
1799 4683 1986 4751 καλὸν,
2018 4685 2107 4741 διὰ

434 4765 490 4819 τί
515 4767 902 4837 αίσχυνόμεθα;
918 4765 1006 4820 διά
1025 4768 1079 4820 τί
1101 4767 1585 4838 ἐγκαλυπτόμεοα;
1607 4765 1694 4819 διὰ
1715 4766 1766 4818 τί
1783 4765 2108 4836 ὀνειδιζόμε-

436 4859 518 4896 νοι
545 4843 961 4916 ἀγανακτοῦμεν
983 4846 1077 4898 καὶ
1107 4845 1566 4915 δυσχεραίνομεν;
1613 4847 1673 4899 Εἰ
1709 4846 1784 4916 μὴ
1821 4844 1983 4897 καλὸν
2041 4846 2102 4898 τὸ

437 4923 742 4977 ἀδικεῖσθαι
780 4924 868 4976 διὰ
891 4925 944 4977 τί
977 4924 1384 4995 ἐναδρυνόμεθα
1430 4925 1524 4976 καὶ¹
1577 4923 2106 4994 ἐγκαλλωπιζόμεθα

439 4999 516 5068 τῷ
541 5002 845 5072 πράγματι,
885 5007 977 5056 καλ⁸
1009 5001 1499 5073 δικαιολογούμεθα
1567 5005 1625 5055 ἐν
1679 5003 1886 5073 τούτῳς
1917 5003 2107 5066 Θέλεις

442 5079 633 5148 μαθεῖν
670 5083 787 5144 πῶς
807 5083 967 5135 τοῦτο
997 5084 1207 5137 ἐκείνου
1230 5082 1434 5152 βέλτιον
1457 5101 1471 5150 ;
1499 5083 1643 5154 Ὀρα
1669 5084 1794 5145 τοὺς
1824 5086 1882 5135 ἐν
1908 5081 2101 5153 τούτῳ,

2184 585 2524 654 κάμνοντας;
2567 581 2705 634 Ἀλλ’
2733 583 2765 651 ή
2792 581 2955 650 ἡδονὴ
2981 579 3170 648 πολλὴ,
3208 581 3362 650 φησί.
3393 581 3486 653 Μὴ
3511 583 3761 655 εἴπωμεν
3780 588 3849 641 τά

2187 663 2446 733 μέλλοντα
2475 679 2489 692 ·
2523 660 2593 712 τά
2632 659 2876 730 παρόντα
2925 657 3288 728 ἐξετάσωμεν.
3335 659 3400 711 Τί
3423 663 3604 731 χεῖρον
3651 664 3850 735 ἀνδρὸς

2187 740 2444 811 τοιαύτην
2469 738 2684 808 ἔχοντος
2706 737 2942 806 ὑποψίαν
2961 753 2977 803 ;
2998 737 3052 790 τί
3085 736 3533 809 σφαλερώτερον;
3568 741 3621 794 τί
3648 744 3851 814 σαθρό-

2183 837 2346 892 τερον
2369 837 2384 883 ;
2411 819 2513 872 οὐκ
2537 821 2595 872 tv
2618 816 2863 886 ναυαγίῳ
2889 815 3180 878 διαπαντός
3216 817 3331 869 ἐστι
3357 832 3371 880 ;
3410 817 3527 871 Κᾶν
3553 819 3766 874 δίκαιόν
3795 841 3852 876 τι

2187 901 2421 972 πράττῃ,
2471 898 2532 951 οὐ
2585 897 2922 960 πιστεύεται,
2953 897 3061 949 ἀπὸ
3092 895 3192 965 τῆς
3229 895 3509 964 δυνάμεως
3546 901 3853 953 καταδικα-

2187 979 2412 1048 ζόμενος
2445 977 2594 1049 παρὰ
2636 978 2874 1031 πάντων·
2905 975 3112 1038 πάντας
3142 973 3251 1045 γὰρ
3298 975 3424 1038 τοὺς
3466 978 3856 1042 συνοικοῦντας

2189 1057 2528 1127 κατηγόρους
2557 1055 2704 1125 ἔχει·
2737 1055 2798 1107 ού
2835 1053 2988 1126 φιλίᾳ
3024 1051 3330 1125 χρήσασθαι
3385 1052 3642 1109 δύναται·
3671 1058 3855 1121 οὐδεὶς

2188 1137 2298 1205 γάρ
2318 1135 2384 1188 ἂν
2410 1133 2582 1187 ἐλοιτο
2609 1133 2819 1202 ταχέως
2843 1132 3098 1202 τοιαύτην
3113 1130 3270 1195 δόξαν
3291 1130 3506 1200 ἔχοντος
3553 1133 3856 1205 ἀνθρώπου

2189 1211 2443 1282 γενέσθαι
2470 1213 2643 1281 φίλος,
2666 1211 2807 1264 ῶστε
2838 1211 2912 1280 μὴ
2938 1210 3262 1280 κοινωνῆσαι
3306 1209 3457 1280 αὐτῷ
3503 1210 3604 1283 τῆς
3639 1214 3862 1284 ὑπολή-

2189 1294 2356 1363 ψεως.
2388 1291 2656 1360 Καθάπερ
2694 1289 2899 1360 θηρίον,
2962 1287 3105 1341 οὓτω
3145 1289 3345 1352 πάντες
3388 1289 3856 1360 ἀποστρέφονται·

2197 1371 2446 1440 καθάπερ
2477 1368 2727 1438 λυμεῶνα
2757 1368 2852 1420 καὶ
2911 1366 3104 1436 ἐχθρὸν
3141 1366 3234 1419 καὶ
3262 1365 3585 1436 ἀνδροφόνον
3621 1370 3716 1422 καὶ
3746 1370 3860 1440 τῆς

2194 1451 2410 1520 φύσεως
2437 1446 2720 1519 πολέμιον,
2755 1447 2846 1520 τὸν
2878 1445 3061 1500 ἄδικον
3105 1444 3411 1514 ἄνθρωπον.
3443 1447 3546 1498 Ἂν,
3567 1448 3646 1510 εἰς
3695 1448 3865 1500 δικα-

2197 1531 2413 1598 στήριον
2435 1525 2670 1597 ἐμπέσῃ,
2701 1519 2823 1576 οὐδὲ
2860 1521 3160 1592 κατηγόρου
3187 1523 3402 1576 δεῖταιό
3425 1524 3717 1595 ἠδικηκὼς,
3748 1527 3866 1596 τῆς

2195 1608 2350 1677 δόξης
2372 1608 2493 1659 ἀντὶ
2544 1602 2740 1665 παντὸς
2787 1601 3095 1671 κατηγόρου
3151 1600 3618 1674 καταδικαζούσης
3659 1606 3864 1659 αὐτόν.

2209 1685 2347 1738 Ἀλλ’
2388 1685 2485 1754 οὐχ
2535 1684 2564 1735 6
2611 1679 2964 1747 ἀδικούμενος
3024 1678 3235 1743 οὕτως,
3299 1679 3434 1732 ἀλλά
3487 1685 3690 1746 πάντας
3733 1684 3869 1752 ἔχει

2195 1764 2526 1835 προστάτας,
2563 1759 2984 1827 συναλγοῦντας,
3024 1761 3182 1828 χεῖρα
3208 1758 3529 1828 ὀρέγοντας·
3559 1762 3641 1814 ἐπ’
3672 1763 3871 1830 ἀσφσ..

2194 1842 2313 1912 λείᾳ
2344 1842 2592 1909 ἔστηκεν.
2629 1839 2690 1890 Εί
2717 1837 2882 1890 καλὸν
2940 1836 3000 1888 τὸ
3049 1837 3256 1890 ἀδικεῖν
3306 1837 3401 1890 καὶ
3433 1838 3685 1906 ἀσφαλὲς,
3725 1842 3874 1910 ὀμυ-

2195 1921 2425 1989 λογείτω
2451 1936 2532 1982 τις
2565 1913 2705 1970 εἶναι
2734 1917 2936 1978 ἄδικος·
2964 1918 3012 1968 εί
3059 1915 3116 1969 δὲ
3151 1916 3216 1968 ού
3247 1916 3438 1986 τολμᾷ,
3473 1917 3527 1970 τί
3553 1918 3748 1988 δήποτε
3777 1921 3870 1984 ὡς

2195 1999 2399 2068 ἀγαθὸν
2439 1998 2794 2068 μετέρχεται;
2825 1996 3052 2066 Ἰδωμεν
3073 1996 3128 2048 δὲ
3156 1993 3272 2056 πῶς
3291 1999 3380 2050 καὶ
3401 1998 3459 2048 ἐν
3485 1998 3611 2066 ἡμῖν
3641 2000 3870 2065 αὐτοῖς,

2195 2079 2262 2134 ἂν
2291 2078 2514 2148 γένηται
2547 2075 2726 2139 τοῦτο,
2785 2075 2926 2127 πόσα
2979 2075 3184 2141 γίνεται
3219 2075 3382 2129 κακά.
3417 2075 3546 2128 Εἰπὲ
3589 2079 3692 2148 γάρ
3731 2096 3866 2148 μοι,

2197 2159 2262 2213 ἄν
2285 2176 2338 2211 τι
2366 2157 2473 2210 τῶν
2507 2157 2563 2210 tv
2589 2156 2720 2226 ἡμῖν
2743 2154 2803 2206 τὺ
2840 2155 3036 2206 οἰκεῖον
3076 2153 3317 2225 ὑπερϐἀν
3378 2154 3572 2224 μέτρον
3603 2154 3693 2207 τοῦ
3742 2157 3876 2210 ἑτέ-

2200 2255 2295 2310 ρον
2321 2237 2561 2306 ἐφίηται,
2591 2235 2687 2287 καὶ¹
2716 2232 2949 2304 βουληθῇ
2998 2231 3160 2301 ἀφεὶς
3211 2232 3461 2310 όνσπλὴν
3511 2235 3600 2287 τὸν
3651 2235 3873 2289 οίκείον

2198 2309 2361 2370 τόπον
2387 2315 2572 2368 λαϐεῖν
2593 2313 2654 2369 τὸ
2690 2311 2969 2383 ἀλλότριον
3015 2311 3153 2382 μετά
3185 2309 3276 2364 τοῦ
3301 2313 3524 2376 οἰκείου,
3555 2314 3668 2382 οὐχὶ
3698 2315 3876 2379 νόσος

2197 2395 2358 2449 τοῦτό
2393 2397 2546 2458 ἐστι;
2595 2393 2668 2446 T6
2711 2392 2878 2462 ὑγρὸν
2933 2390 3095 2444 πάλιν
3139 2390 3201 2442 τὸ
3248 2392 3306 2442 tv
3351 2393 3554 2461 ήμῖν,ὁ
3580 2393 3778 2462 χυμὸς,
3815 2398 3876 2448 εἰ

2199 2475 2377 2529 πάντα
2397 2472 2697 2544 πληρώσει,
2719 2472 2842 2541 οὐχὶ
2874 2469 3064 2540 ὕδερος
3096 2469 3254 2522 τοῦτό
3284 2471 3401 2522 ἐστι
3426 2487 3440 2535 ;
3476 2472 3607 2524 Μετ’
3637 2474 3871 2526 ἐκείνου

2196 2555 2232 2625 ἡ
2257 2554 2387 2625 χολὴ
2421 2553 2581 2606 πάλιν
2600 2549 2939 2622 εὐρυχωρίαν
2980 2549 3231 2619 ζητείτω,
3266 2551 3361 2602 καὶ
3402 2551 3675 2621 πανταχοῦ
3729 2551 3876 2604 δια-

2197 2633 2398 2703 χείσθω
2429 2632 2491 2684 τὸ
2524 2626 2682 2702 αἷμα.
2739 2628 2890 2702 [587]
2923 2628 2986 2681 Τί
3031 2628 3088 2680 δὲ
3129 2630 3185 2680 ὲν
3236 2630 3300 2698 τῇ
3360 2628 3502 2700 ψυχῇ
3535 2632 3563 2682 6
3604 2631 3806 2700 θυμος,
3833 2632 3880 2705 ἡ

2199 2711 2491 2782 ἐπιθυμία,
2519 2711 2616 2764 καὶ
2637 2709 2705 2763 τὰ
2729 2708 2860 2763 ἀλλα
2888 2708 3086 2767 πάντα,
3128 2706 3223 2761 ἐὰν
3265 2708 3475 2780 ὑπερϐῇ
3527 2708 3587 2760 τὸ
3631 2710 3879 2777 μέτρον,

2199 2793 2319 2862 οὐχὶ
2351 2790 2540 2844 ἐαυτὸν
2573 2789 3000 2858 συνδιέφθειρεν;
3038 2786 3194 2841 Οὕτω
3219 2788 3358 2857 καὶὴ
3374 2788 3564 2857 τροφή·
3593 2786 3686 2841 ἐὰν
3713 2781 3894 2860 ὑπὲρ

2201 2873 2230 2924 ὃ
2260 2870 2483 2924 δύναται
2513 2867 2815 2922 πέπτεσθαι
2847 2866 3190 2938 προσληφθῇ,
3220 2867 3394 2929 νόσοις
3415 2867 3474 2919 τὸ
3499 2867 3674 2937 σῶμα
3697 2885 3881 2939 περι-

2206 2949 2386 3004 έϐαλε.
2421 2946 2591 3001 Πόθεν
2621 2947 2729 3016 γὰρ
2750 2946 2808 2999 αί
2847 2945 3132 3014 ποδαλγίαι
3156 2963 3170 3009 ;
3196 2945 3358 2998 πόθεν
3383 2947 3438 2997 αἱ
3469 2947 3724 3016 παρέσεις
3765 2949 3881 3001 καὶ

2204 3031 2234 3084 6
2258 3028 2444 3091 κλόνος
2475 3025 2569 3078 τοῦ
2599 3025 2887 3094 σώματος;
2915 3020 3024 3094 ἆρα
3048 3025 3148 3095 οὐκ
3175 3024 3283 3077 ἀπὸ
3329 3025 3428 3094 τῆς
3479 3025 3586 3076 τῶν
3639 3027 3880 3094 τροφῶν

2203 3108 2506 3179 ἀμετρίας;
2544 3104 2713 3160 Πάλιν
2737 3107 2793 3158 ἐν
2821 3103 2896 3174 τῷ
2927 3101 3141 3173 σώματι
3173 3104 3267 3156 ἐὰν
3296 3104 3478 3155 πλεῖον
3493 3100 3741 3174 βουληθῇ
3771 3105 3883 3158 λα-

2203 3188 2316 3242 ϐεῖν
2337 3189 2366 3239 6
2383 3184 2677 3255 ὀφθαλμὸς,
2706 3183 2918 3254 ῆπλέον
2947 3181 3076 3235 ἰδεῖν
3104 3181 3199 3234 τοῦ
3231 3181 3536 3252 ὡρισμένου
3560 3182 3879 3252 θελήσειεν,

2202 3264 2238 3335 ἢ
2277 3262 2461 3334 μεῖζον
2481 3259 2738 3313 ἀναλάϐοι
2779 3259 2914 3328 φῶς,
2954 3258 3154 3328 ἔϐλαψε
3211 3258 3414 3328 μᾶλλον
3454 3259 3487 3327 ἢ
3519 3258 3771 3330 ὠφέλησε
3807 3265 3884 3317 τὸ

2203 3344 2341 3414 ὑπὲρ
2375 3343 2588 3412 μέτρον.
2617 3341 2679 3392 Et
2718 3338 2775 3391 6t
2813 3339 2940 3392 ἔνθα
2970 3337 3173 3406 ἀγαθόν
3201 3354 3253 3388 τι
3279 3337 3340 3390 τὸ
3367 3337 3484 3404 φῶς
3523 3339 3655 3397 ἐστι,
3686 3341 3716 3390 6
3770 3340 3884 3409 ὀφ-

2203 3421 2409 3490 θαλμὸς
2449 3423 2499 3473 εἰ
2534 3419 2698 3472 πλέον
2728 3418 2855 3470 ἰδεῖν
2881 3417 3160 3487 θελήσειεν
3206 3415 3527 3469 ἀπόλλυται·
3567 3417 3694 3470 ὃταν
3716 3417 3883 3489 λαμ-

2201 3500 2467 3569 πρότερον
2505 3498 2612 3568 ἴδῃ,
2643 3497 2892 3567 ἐννόησον
2919 3496 3012 3548 ἐπὶ
3031 3495 3126 3548 τοῦ
3150 3494 3342 3549 κακοῦ.
3385 3496 3446 3547 'H
3473 3495 3605 3566 ἀκοὴ
3632 3495 3728 3547 ἐὰν
3760 3514 3879 3565 με-

2201 3581 2374 3650 γάλην
2402 3577 2620 3648 δέξηται
2645 3578 2847 3648 φωνὴν,
2888 3577 3238 3646 ἀπόπληκτος
3266 3578 3299 3646 ή
3326 3575 3533 3629 διάνοια
3556 3576 3766 3644 γίνεται
3798 3591 3815 3604 ·
3839 3582 3878 3632 ὁ

2201 3657 2326 3719 νοῦς
2359 3656 2574 3710 ἐπειδάν
2602 3657 2668 3709 τὰ
2707 3656 2846 3725 ὑπὲρ
2875 3655 3066 3708 ἐαυτὸν
3108 3655 3411 3725 λογίσηται,
3477 3655 3880 3725 ἐκπλήττεται,

2201 3738 2295 3791 καὶ
2315 3738 2454 3806 ὅπερ
2481 3735 2547 3790 ἂν
2579 3735 2738 3788 πλέον
2771 3733 2863 3786 τοῦ
2905 3734 3116 3797 δέοντος
3159 3734 3405 3804 γένηται,
3460 3733 3879 3802 παραπόλλυσι.

2203 3815 2371 3870 Τοῦτο
2395 3816 2503 3887 γὰρ
2527 3813 2831 3880 πλεονεξία,
2864 3814 3025 3867 πλέον
3056 3813 3199 3883 ἔχειν
3236 3813 3329 3866 τοῦ
3355 3813 3679 3884 ὡρισμένου.
3705 3813 3883 3869 Οὕτω

2201 3897 2265 3964 δὴ
2287 3897 2379 3949 καὶ
2401 3896 2492 3946 ἐπὶ
2521 3911 2626 3964 χρη
2637 3893 2840 3961 μάτων,
2871 3893 2998 3945 ὅταν
3012 3892 3326 3962 βουλώμεθα
3349 3892 3642 3945 ἐπιτιθέναι
3663 3893 3884 3962 φορτία

2203 3976 2444 4039 πλείονα,
2475 3975 2525 4028 εί
2552 3975 2644 4028 καὶ
2679 3974 2754 4044 μὴ
2809 3972 3200 4045 αίσθανόμεθα,
3249 3971 3486 4042 χαλεπὸν
3549 3971 3607 4022 ὲν
3647 3969 3884 4037 ἑαυτοῖς

2200 4055 2472 4128 τρέφομεν
2507 4053 2568 4108 τὸ
2597 4053 2804 4124 θηρίον,
2828 4052 3000 4106 πολλά
3058 4053 3294 4123 ἔχοντες,
3336 4051 3544 4104 πολλῶν
3593 4051 3877 4121 δεόμενοι,

2204 4135 2450 4206 φροντίσι
2504 4133 2726 4204 μυρίαις
2778 4132 3194 4202 περιϐάλλοντες
3228 4131 3475 4192 ἑαυτοὺς,
3534 4129 3732 4192 πολλὰς
3787 4131 3879 4201 τῷ

2207 4214 2440 4285 διαϐόλῳ
2469 4215 2800 4282 παρέχοντες
2823 4211 3012 4274 λαϐάς.
3044 4213 3141 4263 Διά
3172 4211 3329 4262 τοῦτο
3356 4209 3477 4262 οὐδὲ.
3507 4208 3662 4276 χρεία
3683 4211 3882 4277 καμά-

2217 4309 2312 4346 του
2360 4293 2454 4346 ἐπὶ
2510 4291 2618 4344 τῶν
2674 4291 3047 4344 πλουτούντων
3087 4289 3164 4358 τῷ
3201 4289 3430 4358 διαϐόλῳ
3455 4304 3468 4316 ·
3505 4287 3709 4356 ἕτοιμοι
3753 4289 3883 4358 γὰρ

2207 4372 2358 4442 αὐτῷ
2387 4372 2524 4442 πρὸς
2549 4369 2862 4442 καταφορὰν
2901 4371 3009 4423 ἀπὸ
3036 4371 3130 4422 τοῦ
3161 4369 3391 4421 πλούτου
3426 4367 3657 4438 μάλιστα
3684 4366 3884 4435 γίνονο

2205 4469 2319 4506 ται.
2363 4450 2504 4502 Ἀλλ’
2555 4450 2655 4502 οὐκ
2687 4449 2780 4502 ἐπὶ
2826 4449 2933 4501 τῶν
2979 4450 3140 4519 πενίᾳ
3180 4447 3485 4510 συζώντων,
3517 4445 3647 4498 ἀλλὰ
3669 4446 3780 4496 πᾶν
3809 4447 3884 4501 τὸ

2207 4531 2466 4586 ἐναντίον.
2486 4527 2670 4592 οὕτως
2685 4527 2824 4581 αύτά
2851 4527 2974 4580 καθ’
2994 4529 3161 4581 ἑαυτά
3181 4527 3441 4580 ἀπόλλυσι
3463 4525 3528 4577 τά
3545 4526 3880 4594 πράγματα.

2207 4611 2298 4662 Διὸ
2320 4606 2626 4679 παρακαλῶ
2675 4605 2976 4676 ἀπέχεσθαι
3024 4606 3126 4675 τῆς
3157 4605 3362 4658 τούτων
3407 4603 3718 4672 ἐπιθυμίας,
3772 4603 3883 4658 ἵνα

2205 4687 2523 4758 δυνηθῶμεν
2580 4685 2860 4756 διαδράναι
2905 4685 3003 4748 τὰς
3051 4683 3146 4736 τοῦ
3202 4681 3440 4754 πονηροῦ
3491 4680 3740 4748 παγίδας,
3769 4683 3884 4736 καὶ

2206 4769 2410 4839 ἀρετῆς
2448 4765 2831 4834 ἐπιλαϐόμενοι
2871 4764 2980 4818 τῶν
3033 4764 3268 4818 αἰωνίων
3312 4761 3532 4829 ἀγαθῶν
3561 4762 3880 4828 ἐπιτυχεῖν,

2206 4850 2390 4919 χάριτι
2419 4847 2516 4901 καὶ
2540 4845 2923 4915 φιλανθρωπίᾳ
2955 4845 3048 4896 τοῦ
3077 4843 3283 4914 Κυρίου
3310 4841 3466 4912 ήμῶν
3504 4839 3679 4911 Ἰησοῦ
3727 4840 3881 4919 Χρι-

2207 4918 2360 4991 στοῦ,
2387 4927 2508 4997 μεθ’
2532 4921 2592 4979 06
2617 4925 2695 4995 τῷ
2731 4926 2924 4995 Πατρὶ,
2957 4925 3072 4994 ἆμα
3105 4923 3183 4993 τῷ
3204 4923 3344 4991 ἁγίῳ
3375 4921 3670 4990 Πνεύματι,
3716 4918 3881 4997 δόξα,

2208 4996 2427 5076 κράτος,
2455 5007 2613 5076 τιμὴ,
2644 5004 2740 5058 νῦν
2767 5005 2860 5056 καὶ
2885 5004 2991 5068 ἀεὶ,
3029 5003 3124 5055 καὶ
3193 5003 3270 5064 είς
3322 5001 3448 5062 τοὺς
3505 4999 3705 5059 αἰῶνας
3757 4996 3886 5051 τῶν

2207 5085 2438 5138 αἰώνων.
2481 5085 2537 5136 Ἀ
2546 5086 2675 5155 μήν.

1974 5386 2219 5440 ΟΜΙΛΙΑ
2262 5387 2388 5440 NB'.

445 5496 523 5566 Τῇ
551 5491 664 5551 οὖν
693 5493 977 5566 ἐπαύριον
1024 5493 1304 5566 ἐλθόΥτος
1350 5493 1455 5547 τοῦ
1495 5491 1788 5566 ΪΑτρίππζα
1837 5491 1962 5566 Ϋκαὶᾼ
2000 5489 2110 5566 τῆς

512 5562 799 5634 Βερνίκης
819 5565 969 5634 μετὰ
993 5562 1232 5634 πολλῆς
1253 5563 1609 5634 φαντασίας,
1660 5563 1758 5615 καὶ
1798 5563 2108 5634 εἰσελθόντ

512 5631 629 5688 τωὶ·
649 5639 736 5700 εις
752 5631 1238 5701 τὸήὰκροατήριον
1257 5631 1390 5686 ίσύν
1417 5650 1479 5701 ζε
1508 5632 1629 5697 τοῖς
1651 5631 1983 5700 χιλιάρχοις
2006 5631 2108 5683 καὶ

509 5699 765 5772 ἀνδράσι
804 5699 929 5770 τοῖς
963 5699 1113 5758 amr"
1135 5703 1362 5772 ἐξοχὴν
1385 5699 1525 5757 οὖσι
1574 5699 1684 5768 τῆς
1709 5702 1978 5772 πόλεως,
2005 5702 2106 5754 καὶ

511 5770 918 5841 κελεύσαντος
933 5773 1040 5828 τοῦ
1073 5770 1336 5840 Φήστου,
1357 5773 1512 5843 ἤχθη
1547 5775 1580 5825 ὀ
1605 5770 1867 5836 Παῦλος.

513 5862 743 5937 α⁹.”ορα
763 5858 874 5920 οἷον
903 5863 1221 5936 συλλέγεται
1251 5865 1615 5934 ἀκροατήριον
1629 5857 1707 5927 τῷ
1728 5857 1946 5930 Παύλῳ·
1978 5857 2108 5925 Τοῖς

2215 5495 2344 5550 κατ’
2369 5493 2615 5564 ἐξοχὴν,
2649 5491 2806 5563 φησὶ,
2839 5491 2950 5560 τῆς
2981 5493 3232 5557 πόλεως·
3256 5491 3382 5552 τοὺς
3408 5490 3738 5560 δορυφόρους
3765 5490 3886 5562 γάρ

2215 5584 2422 5646 πάντας
2457 5584 2777 5650 συναγαγὼν
2800 5583 2827 5635 6
2848 5581 3029 5650 ἄρχων
3055 5580 3148 5632 καὶ
3178 5579 3205 5632 6
3225 5579 3497 5648 βασιλεὺς,
3515 5579 3684 5640 οὕτως
3707 5579 3890 5632 ἀπαν-

2213 5672 2368 5725 τῶσι.
2402 5673 2507 5724 Σὺ)
2543 5670 2724 5732 αὐτοῖς
2747 5669 2803 5721 δὲ
2839 5670 2932 5730 καὶ
2961 5667 3010 5718 οἱ
3041 5666 3310 5737 χιλίαρχοι
3337 5667 3428 5718 καὶ
3465 5667 3514 5717 οἱ
3545 5663 3751 5733 πρῶτοι
3775 5665 3888 5734 τῆς

2215 5759 2423 5822 πόλεως
2462 5758 2902 5825 παραγεγόνασιν
2922 5773 2935 5785 ·
2964 5753 3185 5817 τούτους
3209 5753 3282 5821 ¹γά
3291 5770 3320 5822 ρ
3340 5751 3458 5805 κατ’
3476 5751 3667 5822 ἐξοχὴν
3694 5751 3884 5806 καλε-ἰ.

2213 5845 2345 5903 Εἶτα
2369 5847 2464 5902 καὶ
2485 5845 2694 5910 Παῦλος
2718 5845 2930 5915 ἄγεται·
2962 5844 3057 5900 καὶ
3082 5843 3202 5912 ὅρα,
3249 5840 3366 5905 πῶς
3413 5840 3577 5894 αὐτοῦ
3616 5838 3888 5909 ἀχθέντος
