3948 6480
122 430 204 493 35?
1038 403 1103 460 ΙΝ
1142 400 1322 459 ACTA
1361 391 1879 453 APOSTOLORUM.
1919 389 2145 447 HOMIL.
2185 390 2298 447 Lit.
3203 396 3309 461 558

121 550 280 617 ίηιυειε
312 536 401 608 ipsi
435 531 621 602 rapuit,
662 528 715 582 in
754 526 960 581 deliciis
996 524 1138 577 vivat
1163 540 1176 575 :
1201 521 1290 574 hic
1327 533 1432 573 non
1460 515 1632 617 modo
1735 508 1934 617 tidius?
1958 524 2139 563 annon
2182 523 2395 617 semper
2417 509 2470 617 in
2491 507 2771 617 naufragio
2796 510 2914 617 est?
2941 510 3144 617 Siquid
3166 511 3313 617 jnste

149 601 358 709 ξυνετεῶ
382 643 478 683 non
499 601 653 685 laesit,
685 620 778 676 sed
806 619 964 674 etiam
994 616 1093 686 ipsi
1120 612 1345 684 profuit;
1375 611 1475 665 sibi
1503 622 1633 709 vero
1736 601 1945 669 fecerit,
1975 616 2081 656 non
2105 602 2364 706 creditur,
2394 603 2463 657 ob
2490 603 2770 709 facultates
2797 604 2865 658 ab
2887 604 3135 709 omnibus
3157 604 3310 709 dam-

121 661 770 789 :Zzi::::;;";;:,;w;r(;fui1’
811 712 905 767 sed
945 661 1396 766 0,32,],rdamnum
1436 700 1628 756 ίηιυιίι,
1738 705 2142 758 uatus;omnes
2163 694 2305 748 enim
2327 694 2739 750 contubernales
2758 706 3095 751 accusatores
3115 695 3312 753 habet:

122 785 386 891 bgomodo?
428 785 597 866 [trimo
627 804 843 875 quidem
871 818 901 856 a
929 801 1066 856 mala
1092 796 1418 853 conscientia
1448 791 1637 849 verbe-
1738 801 1841 891 non
1860 785 2095 891 amicitia
2109 786 2184 891 uoti
2207 794 2416 889 potest;
2442 801 2598 841 nemo
2619 787 2814 891 quippe
2834 785 2990 891 facile
3006 787 3134 891 velit
3155 796 3315 891 tanta:

123 876 267 974 ἔρως,
303 916 352 960 ει
376 899 601 973 quotidie
627 896 918 959 cruciatus,
949 891 1017 946 ab
1044 889 1292 944 omnibus
1316 886 1633 947 damnatus;
1737 878 1922 946 gloriae
1954 876 2186 974 hominis
2215 879 2419 974 amicus
2440 894 2580 943 esse,
2624 894 2692 935 ne
2731 880 2847 949 ejus
2872 881 3025 934 matre
3052 881 3122 935 sit
3161 882 3315 935 fama:

122 968 368 1068 deindeqtte
393 968 442 1049 in
488 994 661 1045 futuro
686 987 912 1058 judicio.
952 984 1057 1039 Sed
1084 981 1223 1051 quod
1254 980 1341 1033 hic
1369 978 1595 1033 laedatur
1617 1018 1635 1044 ,
1738 983 1980 1068 consors.
2010 968 2164 1068 illum
2194 979 2253 1023 ut
2281 969 2447 1068 feram
2474 985 2662 1068 omnes
2696 981 3029 1068 aversantur,
3053 982 3112 1026 ut
3132 972 3317 1042 perni-

126 1060 221 1152 ωηο
245 1060 396 1161 palam
423 1095 532 1149 est;
573 1080 841 1152 quomodo
868 1086 1048 1132 autem
1074 1075 1165 1129 ille
1190 1073 1472 1127 utilitatem
1499 1070 1637 1124 θοοὶ.
1740 1060 1982 1161 ciosum,
2010 1062 2322 1161 inimicum,
2350 1062 2667 1119 homicidam
2691 1105 2707 1133 ,
2742 1078 2946 1120 naturai
2970 1067 3197 1131 hostem,
3228 1068 3314 1121 in-

125 1188 198 1260 ρίι,
220 1152 367 1238 dicas.
397 1176 525 1242 Quia
553 1174 692 1227 male
716 1170 856 1225 affici
884 1178 939 1223 et
964 1167 1173 1222 fortiter
1196 1164 1360 1229 ferre,
1384 1175 1637 1260 maguum
1736 1152 1938 1260 justum
1966 1152 2260 1209 hominem.
2289 1154 2433 1260 Si.ad
2464 1155 2694 1260 tribunal
2718 1156 2916 1260 incidat
2941 1159 2986 1260 is
3007 1160 3097 1229 qui
3122 1159 3316 1260 injuria

125 1245 247 1334 ita...
264 1275 452 1329 lucrum
477 1284 489 1320 :
513 1276 592 1321 est
622 1265 763 1318 enim
790 1270 1130 1332 peccatorum
1160 1256 1379 1320 solutio,
1405 1254 1641 1324 graviter
1742 1245 1922 1300 aﬂ‘ecit
1941 1286 1957 1309 .
1988 1261 2096 1301 non
2123 1261 2259 1317 opus
2283 1248 2388 1301 erit
2414 1256 2746 1313 accusatore.
2779 1249 2915 1304 fama
2941 1250 3111 1320 ipsum
3151 1253 3323 1323 magis

126 1368 265 1437 amisi,
292 1371 362 1418 est
390 1356 733 1431 philoSOphia:
756 1352 1113 1424 gymnasium,
1141 1347 1350 1402 virtutis
1372 1345 1633 1400 doctrina.
1743 1353 1901 1437 quam
1918 1347 2245 1437 accusatore
2271 1338 2963 1437 qttopiam-eondemnante.
2999 1345 3069 1397 At
3096 1358 3205 1398 non
3249 1345 3320 1398 ita

126 1428 359 1515 Videamus
380 1428 501 1523 ergo
527 1459 645 1504 uter
672 1449 723 1502 in
753 1446 905 1501 malis
930 1445 1019 1509 sit,
1054 1442 1141 1498 hic
1169 1456 1235 1496 an
1268 1441 1376 1495 ille.
1406 1438 1501 1494 Ille
1524 1436 1641 1508 qui-

1763 1443 1805 1483 se
1848 1428 2008 1483 habet
2051 1430 2116 1494 is,
2157 1431 2247 1499 qui
2274 1429 2470 1500 injuste
2495 1431 2781 1503 affligitur;
2821 1435 2914 1489 sed
2953 1450 3140 1491 omnes
3162 1437 3322 1493 habet

126 1553 215 1607 dem
238 1548 274 1601 si
298 1540 631 1615 philosophus
653 1540 741 1603 sit,
772 1537 979 1591 fortiter
1005 1535 1173 1598 feret;
1200 1532 1288 1586 hic
1315 1546 1441 1587 vero
1465 1530 1643 1600 quoti-

1759 1532 2020 1591 patronos,
2047 1523 2415 1590 condolentes,
2440 1540 2654 1579 manum
2685 1527 3052 1597 porrigentes;
3081 1529 3134 1583 in
3162 1545 3318 1584 seen.

126 1644 190 1697 die
212 1643 253 1694 in
275 1614 489 1692 nemo",
512 1643 566 1688 ει
594 1630 894 1700 suspicione
933 1628 1037 1683 em
1064 1645 1076 1681 ε
1106 1635 1227 1681 me,
1250 1639 1379 1694 ergo
1407 1623 1639 1688 tantum,
1746 1614 1909 1669 ritate
1933 1624 2059 1668 stat.
2087 1614 2141 1670 Si
2187 1616 2383 1670 bonum
2410 1626 2494 1672 est
2522 1627 2576 1672 et
2617 1627 2784 1672 totum
2816 1619 3010 1689 injuste
3038 1636 3219 1691 agere,
3250 1624 3325 1676 fa-

127 1733 190 1787 hic
220 1746 277 1784 an
311 1725 426 1781 ille?
463 1723 690 1777 Fabulas
728 1734 936 1783 narras,
983 1718 1193 1788 inquies
1224 1733 1237 1771 :
1271 1714 1485 1785 quando
1522 1714 1643 1785 quis
1750 1714 1925 1760 teatur
1947 1706 2067 1775 quis
2092 1721 2150 1762 se
2178 1707 2436 1777 injustum
2473 1723 2593 1764 esse
2616 1727 2630 1763 :
2655 1710 2747 1764 sed
2776 1711 2820 1766 si
2851 1726 2959 1766 non
2998 1714 3191 1779 audet,
3231 1731 3327 1769 cur

129 1822 236 1893 quod
261 1820 493 1875 edatnon
520 1815 700 1880 habe"
727 1822 779 1868 ει
805 1810 1085 1866 lamentari
1112 1808 1525 1877 ηιεηάίοπθηυε
1552 1819 1643 1862 co.
1748 1811 1882 1868 ergo
1928 1798 2030 1893 hoc
2070 1808 2129 1852 ut
2171 1798 2370 1854 bonum
2418 1801 2761 1872 aggreditur?
2800 1802 3091 1860 Videamus
3133 1822 3324 1875 porro,

132 1891 256 1987 gitur,
290 1927 377 1966 nec
410 1910 619 1978 accipit,
653 1922 830 1961 nonne
868 1904 1027 1959 simul
1056 1912 1110 1959 et
1136 1917 1365 1973 corpore
1389 1911 1444 1956 et
1468 1899 1643 1955 anima

1768 1891 2018 1961 juomodo
2044 1893 2205 1948 etiam
2237 1894 2288 1947 in
2318 1893 2470 1949 nobis
2498 1895 2627 1964 ipsis
2652 1897 2696 1950 si
2725 1896 2839 1952 btec
2868 1898 3017 1965 ﬁant,
3041 1909 3171 1970 quot
3202 1901 3327 1956 inde

130 1983 270 2079 perit?
308 2004 407 2058 Ιιηο
452 2000 657 2054 fabulas
698 2009 753 2053 tu
795 2012 1010 2061 narras;
1052 2010 1152 2066 ego
1191 2009 1282 2050 res
1319 1994 1463 2064 ipsas
1499 2007 1647 2047 com-
1751 1983 2249 2079 mala.Dic,quaeso,
2273 1987 2462 2057 siquid
2485 1990 2537 2042 in
2557 1988 2729 2055 nobis,
2756 2000 3007 2059 superato
3029 1993 3187 2047 modo
3207 2008 3326 2056 suo,

132 2076 337 2156 iuonstro.
370 2094 457 2148 Dic
487 2094 630 2148 enim
662 2092 789 2145 mihi
816 2131 830 2156 ,
866 2090 1116 2145 nullusne
1145 2088 1366 2144 divitum
1397 2088 1499 2144 fert
1525 2102 1647 2142 cru—
1751 2076 1979 2132 alterum
2022 2079 2258 2147 invadi“.
2292 2083 2337 2134 Si
2368 2082 2542 2151 splen,
2572 2082 2760 2137 ι’θΙῙοῑο
2798 2083 2917 2139 1οίῖο
2942 2099 3060 2150 δυο,
3092 2085 3326 2140 alienum

131 2190 314 2247 damn]?
336 2184 696 2253 Quid/igitur?
724 2184 793 2238 δη
837 2183 887 2236 id
932 2198 995 2237 ex
1031 2188 1342 2251 paupertate
1374 2179 1648 2251 ρι-ογοηίιῖ
1751 2170 1883 2223 velit
1907 2184 2027 2224 cum
2054 2185 2151 2226 suo
2175 2174 2436 2243 arripere,
2467 2191 2645 2230 annon
2686 2176 2787 2232 hoe
2810 2178 3029 2232 morbus
3050 2178 3189 2233 erit?
3218 2180 3328 2233 llu~

133 2284 210 2340 Sed
241 2297 329 2336 non
364 2278 564 2334 esurit?
591 2277 660 2330 Et
695 2275 821 2344 quid
860 2274 961 2329 hoc
999 2275 1123 2330 est?
1151 2273 1317 2343 Major
1355 2274 1456 2329 erit
1497 2274 1647 2338 ultio,
1754 2261 1956 2317 Inidum
2006 2263 2130 2318 item
2174 2265 2315 2334 quod
2361 2265 2412 2319 in
2454 2266 2607 2321 nobis
2654 2278 2735 2321 est
2780 2269 2823 2321 si
2869 2270 3046 2323 omnia
3091 2271 3328 2339 impleat,

135 2372 298 2445 quando
321 2386 433 2427 eum
466 2369 672 2424 divitiis
700 2370 801 2422 hoc
832 2366 1036 2422 fecerit.
1067 2365 1249 2435 Neque
1278 2365 1421 2420 enim
1451 2364 1651 2419 divitia;
1755 2367 1937 2408 nonne
1977 2352 2284 2425 hydropisis
2331 2355 2469 2410 erit?
2517 2357 2781 2412 Praeterea
2827 2359 2949 2414 bilis
2998 2361 3331 2417 latitudinem

138 2466 280 2519 ςοηεη,
305 2461 541 2526 reddunt,
566 2474 743 2529 neque
764 2468 1047 2528 paupertas
1068 2457 1425 2521 imbecillum;
1454 2455 1652 2523 alioqui
1755 2456 1984 2516 quaerat,
2014 2459 2067 2502 et
2113 2447 2308 2517 ubique
2350 2448 2675 2505 diffundatur
2713 2454 2946 2521 sanguis.
2977 2453 3113 2521 Quid
3153 2467 3329 2511 autem

139 2557 270 2611 nullus
294 2554 656 2623 opulentorum
680 2550 930 2605 miseram
951 2556 1133 2620 ageret
1154 2549 1340 2614 vitam,
1369 2547 1654 2616 nullusque
1758 2540 1812 2594 in
1860 2540 2037 2594 anima
2079 2541 2179 2607 ira,
2224 2544 2654 2613 concupiscentia
2693 2555 2747 2599 et
2798 2546 3000 2617 reliqua
3046 2552 3247 2618 oninia,
3287 2555 3332 2606 si

139 2661 370 2716 pauperum
414 2645 512 2700 sibi
571 2642 939 2698 malediceret.
992 2640 1144 2708 Quod
1195 2655 1327 2693 vero
1377 2652 1655 2693 sermones
1761 2633 2571 2703 transgredienturmensuram,
2605 2653 2781 2693 nonne
2802 2654 2861 2693 se
2885 2641 3041 2695 simul
3071 2643 3337 2711 perdunt?

138 2739 264 2795 vestri
289 2754 399 2794 vere
427 2737 605 2793 fabula
634 2736 761 2801 sint,
795 2734 920 2788 hinc
946 2732 1119 2803 palam
1152 2731 1361 2788 faciam.
1391 2730 1657 2786 Paulusne
1760 2726 1836 2781 lta
1863 2736 1919 2782 et
1941 2726 2093 2782 cibus
2117 2746 2130 2782 :
2154 2728 2198 2782 si
2241 2728 2363 2798 plus
2389 2745 2548 2800 quam
2590 2733 2848 2803 concoqui
2877 2737 3042 2803 possit
3071 2747 3333 2802 sumatur,

138 2836 177 2887 in
205 2832 371 2887 divitiis
406 2839 540 2895 erat,
585 2840 661 2883 an
694 2829 746 2882 in
787 2826 1146 2897 paupertate?
1184 2824 1324 2880 fame
1361 2823 1656 2892 laborabat,
1761 2820 1963 2875 morbis
1982 2836 2177 2891 corpus
2202 2822 2610 2880 infestat.Unde
2635 2840 2863 2896 namque
2888 2828 3172 2899 podagrar?
3200 2832 3337 2885 unde

140 2922 303 2977 annon?
327 2920 492 2992 Ipsum
519 2918 712 2973 audire
737 2916 864 2972 licet
892 2916 1162 2972 dicentem
1188 2955 1203 2979 ,
1245 2913 1311 2969 In
1340 2916 1475 2985 [ante
1500 2922 1546 2968 et
1575 2915 1660 2968 siti
1763 2912 2025 2983 paralysis
2048 2923 2103 2967 et
2124 2914 2343 2983 agitatio
2365 2916 2647 2985 corporis?
2683 2932 2861 2971 annon
2896 2934 2960 2973 ex
2991 2921 3338 2979 immoderato

141 3013 201 3079 (2.
222 2990 437 3067 Carr“.
470 3011 587 3081 27).
618 3008 901 3078 Propheta:
944 3005 1287 3062 esuriebant?
1323 3006 1540 3060 annon?
1578 3003 1661 3059 Illi
1765 3004 1924 3060 cibo?
1947 3005 2154 3062 Rursus
2176 3007 2229 3062 in
2253 3022 2480 3079 corpore
2505 3010 2547 3063 si
2572 3010 2691 3079 plus
2716 3012 3051 3068 velitocnlus
3073 3015 3337 3084 accipere.

144 3122 306 3176 quoque
328 3105 375 3159 in
404 3103 555 3158 malis
582 3110 757 3157 erant.
787 3101 993 3155 Rursus
1020 3099 1241 3154 Paulum
1265 3098 1397 3153 mihi
1430 3097 1659 3168 profers,
1766 3106 1819 3151 et
1844 3098 1960 3167 plus
1982 3099 2160 3153 videre
2181 3116 2338 3171 quam
2366 3101 2641 3156 definitum
2668 3104 2757 3169 sit,
2789 3104 2875 3158 vel
2906 3105 2950 3159 si
2977 3105 3228 3175 majorem
3255 3122 3343 3161 ac-

142 3211 285 3250 rursus
323 3194 626 3265 prophetas,
670 3192 855 3247 decem
899 3200 993 3246 aut
1027 3190 1212 3260 viginti
1249 3189 1515 3245 homines.
1556 3187 1664 3245 Sed
1767 3190 2122 3259 eipiatlucem
2145 3208 2160 3255 ;
2184 3191 2324 3263 quod
2352 3208 2509 3263 supra
2534 3209 2838 3249 mensuram
2866 3205 2946 3251 est
2973 3199 3139 3268 magis
3165 3208 3343 3266 nocet,

145 3290 250 3343 unde
292 3290 396 3343 vis?
444 3289 522 3343 Ex
570 3286 935 3352 multitudine,
982 3284 1209 3354 inquies,
1261 3283 1486 3340 ostende
1532 3283 1666 3339 mihi
1769 3294 1926 3350 (luam
1952 3283 2139 3350 prOSit.
2172 3282 2229 3337 Si
2260 3298 2409 3352 vero,
2440 3300 2561 3339 cum
2590 3284 2679 3340 lux
2724 3286 2862 3342 bona
2891 3288 2981 3354 sit,
3022 3290 3227 3356 oculus,
3254 3290 3345 3358 qui

145 3381 353 3450 quosdam
378 3382 463 3450 qui
493 3380 705 3435 fortiter
731 3378 925 3433 ferant.
970 3375 1074 3433 Sed
1104 3390 1283 3430 rarum
1325 3390 1539 3447 semper
1565 3375 1669 3433 hoc
1771 3373 1892 3445 plus
1928 3391 2085 3446 quam
2125 3392 2221 3445 par
2258 3378 2327 3431 sit
2365 3378 2480 3433 vult
2516 3378 2720 3444 videre,
2761 3380 2897 3450 perit
2928 3398 2941 3434 :
2971 3383 3182 3451 quando
3218 3384 3347 3453 quid

145 3484 223 3539 est,
260 3473 393 3544 pauci
430 3473 550 3528 boni
598 3480 744 3527 sunt.
786 3470 844 3525 Si
891 3468 972 3524 vis
1005 3479 1206 3535 autem,
1252 3483 1367 3523 rem
1409 3469 1462 3523 in
1493 3468 1670 3540 seipsa
1772 3469 2103 3539 splendidius
2133 3471 2385 3541 reSpicit,
2412 3473 2583 3541 cegita
2610 3485 2863 3544 quantum
2893 3474 2961 3528 sit
2989 3475 3206 3529 malum.
3237 3478 3348 3529 Au-

144 3568 472 3620 cxaminemus.
496 3562 790 3618 Videamus
815 3560 968 3631 cujus
996 3559 1300 3615 sollicitudo
1321 3561 1493 3630 major
1521 3561 1591 3616 sit
1615 3570 1674 3617 et
1774 3559 1917 3614 ditus
1954 3561 2000 3615 si
2046 3576 2287 3631 magnam
2317 3564 2548 3633 excipiat
2573 3578 2779 3627 vocem,
2822 3579 2972 3619 mens
3000 3566 3306 3634 percellitur
3335 3586 3349 3621 :

145 3656 345 3723 gravior,
374 3657 520 3727 cujus
552 3655 741 3710 levior.
789 3653 976 3708 Nonne
1005 3650 1091 3708 hic
1120 3668 1216 3723 pro
1242 3654 1546 3709 necessario
1576 3655 1673 3710 ali-
1776 3668 1931 3707 meus
1971 3654 2014 3708 si
2044 3668 2104 3708 ea
2132 3669 2252 3725 quae
2278 3670 2337 3709 se
2363 3665 2619 3724 superant
2663 3656 2880 3726 cogitet,
2908 3658 3131 3711 attonita
3170 3668 3272 3719 est,
3300 3669 3352 3711 ct

150 3759 289 3801 mento
312 3748 564 3803 sollicitus
604 3753 724 3811 est,
755 3746 843 3800 ille
870 3760 967 3814 pro
997 3745 1290 3800 innumeris
1312 3744 1470 3800 rebus
1499 3746 1671 3816 ipsum
1778 3749 1830 3803 id
1856 3748 1996 3817 quod
2029 3747 2242 3801 modum
2272 3760 2558 3819 exsuperat
2587 3751 2779 3820 perdit.
2810 3750 2922 3805 lloe
2948 3760 3032 3805 est
3060 3753 3200 3805 enim
3228 3767 3353 3806 ava-

148 3839 287 3891 cibum
325 3839 608 3909 relinquit?
655 3837 770 3891 Non
814 3835 1010 3891 famem
1059 3838 1211 3890 timet
1238 3835 1409 3900 dives,
1449 3837 1544 3892 sed
1572 3839 1675 3895 alia
1778 3844 1900 3899 ritia
1929 3858 2087 3913 quam
2116 3852 2380 3909 πλεονεξίαν
2403 3852 2619 3909 vocant,
2652 3843 2769 3911 plus
2798 3842 3015 3906 habere,
3044 3859 3201 3913 quam
3227 3860 3354 3898 con-

151 3927 389 3996 fomtidat;
426 3945 570 4002 sape
600 3944 699 3999 pro
725 3927 896 3984 salute
924 3932 1093 3984 timet.
1124 3926 1240 3982 Non
1266 3938 1417 3985 vacat
1436 3931 1538 3985 cibi
1565 3932 1676 3987 sol-
1781 3935 2020 3989 stitutum
2047 3935 2136 3988 sit.
2161 3934 2248 3989 Sic
2267 3941 2327 3989 et
2348 3933 2400 3987 in
2424 3934 2664 4003 pecuniis
2683 3949 2802 3989 cum
2828 3935 3072 3989 volumus
3099 3935 3356 4004 majorem

156 4020 376 4078 licitudine
410 4040 640 4096 panper,
688 4025 782 4081 sed
826 4026 947 4082 aliis
997 4036 1150 4081 vacat
1194 4025 1677 4093 sollicitudinibus,
1783 4029 2049 4081 sarcinam
2082 4028 2378 4097 imponere,
2422 4027 2545 4080 licet
2570 4041 2674 4080 non
2703 4027 2995 4080 sentiamus
3019 4069 3033 4093 ,
3064 4042 3274 4095 gravem
3304 4030 3357 4083 in

159 4117 443 4173 securitatem
475 4119 659 4185 habet,
689 4119 945 4189 quietem,
974 4119 1432 4189 tranquillitatem.
1785 4122 1941 4178 nobis
1969 4122 2159 4175 alimus
2190 4120 2378 4184 feram,
2410 4121 2576 4174 multa
2606 4119 2884 4185 habentes,
2914 4121 3095 4175 multis
3119 4131 3357 4190 egentes,

220 4208 264 4261 5.
287 4211 505 4281 Alioquin
539 4227 672 4267 vero
689 4254 704 4277 ,
734 4214 777 4267 si
804 4213 1002 4281 injuste
1029 4227 1190 4283 agere
1216 4215 1410 4268 malum
1434 4230 1539 4269 non
1565 4222 1646 4270 est
1664 4254 1681 4282 ,
1789 4214 2079 4269 innumeris
2100 4228 2197 4267 nos
2215 4212 2359 4267 curis
2380 4212 2737 4282 implicantes,
2756 4213 2950 4268 multas
2971 4213 3182 4267 diabolo
3203 4228 3360 4269 ausas

163 4299 239 4351 sed
262 4300 447 4371 bonum,
473 4320 571 4359 cur
598 4304 1015 4360 confundimur?
1040 4322 1136 4361 cur
1164 4307 1565 4365 erubescimus?
1591 4324 1687 4364 cur
1791 4306 2113 4377 prtebcntes.
2148 4306 2273 4361 ldeo
2299 4305 2351 4359 in
2374 4305 2626 4360 divitibus
2649 4304 2892 4361 diabolus
2919 4320 3022 4359 non
3046 4320 3179 4374 opus
3205 4306 3364 4361 habet

165 4393 334 4457 probris
375 4397 542 4452 affecti
593 4397 952 4467 indignamur,
1003 4412 1144 4468 tegre
1183 4398 1440 4454 ferimus?
1484 4400 1540 4456 Si
1581 4417 1686 4456 non
1794 4398 2021 4453 labore:
2048 4413 2169 4452 nam
2197 4405 2362 4466 captu
2388 4396 2575 4452 faciles
2600 4395 2677 4450 illi
2703 4405 2831 4451 sunt
2857 4410 2887 4450 a
2915 4395 3131 4450 divitiis.
3160 4397 3230 4450 At
3257 4412 3365 4451 non

161 4483 320 4539 iunium
351 4497 429 4542 est
456 4490 657 4557 injuste
695 4487 894 4558 afﬂigi,
925 4504 1022 4544 cur
1047 4504 1107 4544 ea
1133 4490 1199 4545 de
1230 4506 1289 4546 re
1316 4491 1611 4562 gaudemus
1636 4502 1691 4547 et
1793 4492 1871 4547 sic
1899 4492 1951 4546 in
1981 4489 2336 4563 pauperibus,
2374 4486 2486 4543 imo
2522 4489 2871 4543 contrarium.
2901 4487 2976 4543 Ita
3003 4505 3088 4543 res
3118 4489 3245 4559 ipsa:
3272 4506 3368 4559 per

160 4575 437 4644 gloriamur,
469 4589 521 4634 et
550 4593 652 4634 nos
686 4579 1040 4648 justificamns
1063 4595 1124 4634 ea
1154 4581 1221 4636 de
1258 4585 1458 4638 causa?
1485 4583 1577 4638 Vis
1606 4583 1693 4638 di-
1797 4602 1856 4642 se
1908 4585 2154 4655 perdunt.
2206 4584 2387 4653 Quare
2421 4598 2552 4653 rogo
2588 4583 2657 4637 ab
2696 4581 2885 4636 harum
2937 4583 3366 4650 concupiscentia

165 4680 285 4721 scere
304 4671 558 4739 quomodo
582 4673 686 4727 hoc
706 4671 801 4726 illo
821 4673 891 4726 sit
908 4674 1137 4728 melius?
1165 4674 1294 4731 Vide
1314 4676 1522 4743 ambos,
1551 4678 1693 4733 hunc
1797 4677 2162 4732 abstineamus
2184 4715 2200 4741 ,
2234 4682 2292 4728 ut
2321 4674 2587 4745 possimus
2628 4672 2843 4740 maligni
2872 4671 3092 4741 laqueos
3116 4671 3367 4740 effugere,

161 4758 365 4815 etillum.
388 4760 490 4817 Cur
520 4762 671 4833 leges
709 4764 875 4817 sunt?
896 4779 992 4818 cur
1018 4765 1342 4821 tribunalia?
1368 4784 1466 4823 cur
1492 4770 1695 4840 suppli-
1802 4782 1855 4826 et
1880 4769 2215 4842 apprehensa
2245 4768 2445 4822 virtute
2472 4776 2672 4820 teterna
2700 4764 2951 4833 consequi
2998 4763 3131 4817 bona
3158 4806 3172 4829 ,
3203 4764 3371 4833 gratia

163 4849 267 4903 cia?
302 4868 466 4909 nonne
506 4863 726 4924 propter
767 4854 888 4908 illos
914 4864 971 4909 ut
998 4859 1351 4926 aegrotantes?
1381 4859 1486 4915 Sed
1532 4863 1698 4916 multa
1803 4873 1858 4918 et
1903 4862 2230 4933 benignitate
2270 4858 2479 4915 Domini
2528 4856 2695 4911 nostri
2740 4854 2864 4909 Jesn
2894 4854 3127 4917 Christi,
3159 4855 3374 4923 quicum

167 4941 372 5009 Voluptas
391 4953 490 5009 est,
518 4946 747 5014 inquies.
777 4944 971 4999 Futura
995 4957 1395 5016 praetereamus,
1419 4955 1697 5019 praesentia
1802 4957 1948 5012 Patri
1966 4952 2250 5025 etSpiritui
2272 4960 2457 5005 sancto
2475 4947 2663 5019 gloria,
2689 4944 2993 5014 imperium,
3019 4944 3210 5010 honor,
3237 4961 3378 5000 nunc

166 5030 485 5095 exploremus.
527 5035 662 5100 Quid
703 5036 948 5090 miserius
994 5037 1210 5094 homine
1263 5042 1420 5095 talem
1473 5042 1701 5101 habente

1530 5044 1701 5101 ibente
1736 5050 1739 5053 ’
1806 5060 1861 5105 et
1887 5064 2121 5120 semper,
2147 5057 2201 5102 et
2225 5047 2276 5100 in
2304 5042 2500 5098 smcula
2526 5039 2868 5095 saeculorum.
2898 5039 3089 5091 Amen.

168 5126 528 5191 suspicionem?
556 5129 678 5197 quid
706 5129 770 5181 ad
800 5129 1056 5183 mendum
1098 5132 1417 5199 proclivius?
1443 5139 1566 5201 quid
1601 5158 1695 5207 pu-

171 5218 2987 5253 _____________________________________________

2999 5218 3379 5232 _———-————-

1451 5300 1796 5365 HOMILIA
1837 5303 1964 5364 LII.

170 5426 277 5484 Cap.
322 5433 405 5487 25.
461 5451 515 5490 v.
561 5435 650 5489 9.5.
724 5435 935 5489 Postera
987 5447 1152 5489 autem
1196 5438 1278 5491 die
1321 5457 1433 5492 cum
1496 5444 1708 5497 venisset
1820 5442 1964 5498 enim
2009 5436 2318 5494 convocatis
2344 5432 2661 5488 satellitibus
2690 5429 2970 5500 praefectus
2999 5437 3053 5484 et
3088 5444 3179 5483 rex
3230 5442 3385 5482 acce-

229 5524 434 5594 Agrippa
460 5537 507 5579 et
537 5525 743 5580 Bcrm'ce
769 5544 883 5579 cum
910 5530 1069 5581 multa
1094 5529 1363 5583 ambitione
1386 5572 1401 5594 ,
1423 5541 1468 5585 et
1506 5532 1711 5587 introis-
1823 5536 1975 5588 dunt.
2024 5531 2158 5588 Cum
2186 5530 2319 5599 ipsis~
2343 5529 2502 5583 etiam
2534 5526 2734 5581 tribuni
2760 5534 2815 5580 et
2862 5524 3122 5595 primores
3160 5522 3389 5577 civitatis

231 5624 325 5666 s'nt
368 5616 421 5669 in
466 5617 774 5671 auditorium
804 5634 917 5671 cum
959 5618 1170 5673 tribunis
1198 5629 1243 5673 et
1269 5622 1388 5674 uiris
1415 5624 1714 5694 principali-
1824 5624 2108 5679 adfuerunt
2145 5638 2157 5674 :
2191 5620 2290 5674 hos
2332 5619 2471 5673 enim
2525 5615 2842 5687 principales
2888 5622 3061 5668 vocat.
3105 5612 3169 5666 Et
3223 5610 3344 5665 vide
3372 5651 3391 5678 ,

236 5701 314 5758 bus
338 5709 544 5762 civitatis
571 5749 586 5770 ,
607 5709 813 5780 jubente
841 5708 993 5763 Festo
1014 5751 1029 5776 ,
1053 5711 1300 5765 adductus
1321 5723 1391 5767 est
1424 5712 1641 5767 Paulus.
1825 5715 2091 5787 quomodo
2120 5715 2234 5784 ipse
2256 5713 2448 5768 ductus
2477 5710 2795 5782 praedicatur
2821 5726 2847 5763 a
2875 5707 3035 5763 Festo
3060 5723 3072 5759 :
3102 5720 3206 5758 non
3234 5703 3395 5757 modo

241 5796 262 5852 l
332 5799 459 5855 Vide
484 5801 655 5871 qualis
703 5801 1004 5871 frequentia
1032 5817 1061 5855 a
1095 5803 1260 5857 Paulo
1312 5816 1669 5875 congregetur
1700 5821 1714 5860 :
1827 5808 1970 5863 enim
2018 5807 2166 5861 illum
2197 5805 2419 5861 crimine
2447 5804 2671 5858 liberum
2700 5800 2861 5868 dicit,
2890 5798 2982 5853 sed
3010 5799 3169 5853 etiam
3214 5795 3396 5851 defeno

188 5885 295 5942 Cum
332 5892 448 5947 viris
467 5932 483 5961 ,
540 5894 742 5965 inquit,
773 5891 1138 5967 principalibus
1184 5897 1396 5953 civitatis
1421 5914 1438 5953 :
1470 5899 1719 5958 omnibus
1829 5901 1923 5959 dit.
1954 5901 2090 5972 Quid
2121 5900 2289 5959 dicit?
2314 5899 2403 5956 9/1.
2439 5897 2664 5968 Agrippa
2692 5910 2780 5951 rex
2802 5935 2817 5964 ,
2848 5901 2894 5947 ct
2924 5906 3093 5947 omnes
3118 5889 3203 5961 qui
3242 5888 3396 5947 simul
