  <div class='ocr_page' id='page_1' title='image "/cluster/home/n/w/nwhite01/storage/ocr_20150623/60/hvd.32044019207810/363.png"; bbox 0 0 3948 6468; ppageno 0'>
   <div class='ocr_carea' id='block_1_1' title="bbox 578 377 683 435">
    <p class='ocr_par' dir='ltr' id='par_1_1' title="bbox 578 377 683 435">
     <span class='ocr_line' id='line_1_1' title="bbox 578 377 683 435; baseline 0 0"><span class='ocrx_word' id='word_1_1' title='bbox 578 377 683 435; x_wconf 78' lang='lat'><strong><em>559</em></strong></span> 
     </span>
    </p>
   </div>
   <div class='ocr_carea' id='block_1_2' title="bbox 577 474 2150 550">
    <p class='ocr_par' dir='ltr' id='par_1_2' title="bbox 577 474 2150 550">
     <span class='ocr_line' id='line_1_2' title="bbox 577 474 2150 550; baseline -0.009 -9"><span class='ocrx_word' id='word_1_2' title='bbox 577 488 763 543; x_wconf 84' lang='lat' dir='ltr'><strong><em>adestis</em></strong></span> <span class='ocrx_word' id='word_1_3' title='bbox 787 489 1045 543; x_wconf 75' lang='lat' dir='ltr'><strong><em>nobiscum</em></strong></span> <span class='ocrx_word' id='word_1_4' title='bbox 1073 484 1187 550; x_wconf 82' lang='lat' dir='ltr'><strong><em>viri,</em></strong></span> <span class='ocrx_word' id='word_1_5' title='bbox 1218 482 1397 537; x_wconf 86' lang='lat' dir='ltr'><strong><em>uidetis</em></strong></span> <span class='ocrx_word' id='word_1_6' title='bbox 1425 482 1581 545; x_wconf 87' lang='lat' dir='ltr'><strong><em>hunc,</em></strong></span> <span class='ocrx_word' id='word_1_7' title='bbox 1608 478 1672 532; x_wconf 84' lang='lat' dir='ltr'><strong><em>de</em></strong></span> <span class='ocrx_word' id='word_1_8' title='bbox 1699 494 1799 545; x_wconf 88' lang='lat' dir='ltr'><strong><em>quo</em></strong></span> <span class='ocrx_word' id='word_1_9' title='bbox 1827 476 1990 530; x_wconf 89' lang='lat' dir='ltr'><strong><em>omnis</em></strong></span> <span class='ocrx_word' id='word_1_10' title='bbox 2016 474 2150 527; x_wconf 82' lang='lat' dir='ltr'><strong><em>mul-</em></strong></span> 
     </span>
    </p>
   </div>
   <div class='ocr_carea' id='block_1_3' title="bbox 576 565 2149 642">
    <p class='ocr_par' dir='ltr' id='par_1_3' title="bbox 576 565 2149 642">
     <span class='ocr_line' id='line_1_3' title="bbox 576 565 2149 642; baseline -0.013 -7"><span class='ocrx_word' id='word_1_11' title='bbox 576 582 740 635; x_wconf 87' lang='lat' dir='ltr'><strong><em>titudo</em></strong></span> <span class='ocrx_word' id='word_1_12' title='bbox 771 579 1066 633; x_wconf 75' lang='lat' dir='ltr'><strong><em>Judtrorum</em></strong></span> <span class='ocrx_word' id='word_1_13' title='bbox 1108 572 1442 642; x_wconf 83' lang='lat' dir='ltr'><strong><em>interpellavit</em></strong></span> <span class='ocrx_word' id='word_1_14' title='bbox 1470 587 1548 625; x_wconf 87' lang='lat' dir='ltr'><strong><em>me</em></strong></span> <span class='ocrx_word' id='word_1_15' title='bbox 1574 568 1908 638; x_wconf 80' lang='lat' dir='ltr'><strong><em>Jerosolgmis</em></strong></span> <span class='ocrx_word' id='word_1_16' title='bbox 1952 575 1998 618; x_wconf 88' lang='lat' dir='ltr'><strong><em>et</em></strong></span> <span class='ocrx_word' id='word_1_17' title='bbox 2038 565 2116 616; x_wconf 89' lang='lat' dir='ltr'><strong><em>hic</em></strong></span> <span class='ocrx_word' id='word_1_18' title='bbox 2135 604 2149 627; x_wconf 94' lang='lat'><strong><em>,</em></strong></span> 
     </span>
    </p>
   </div>
   <div class='ocr_carea' id='block_1_4' title="bbox 576 657 2155 740">
    <p class='ocr_par' dir='ltr' id='par_1_4' title="bbox 576 657 2155 740">
     <span class='ocr_line' id='line_1_4' title="bbox 576 657 2155 740; baseline -0.011 -13"><span class='ocrx_word' id='word_1_19' title='bbox 576 675 915 727; x_wconf 88' lang='lat' dir='ltr'><strong><em>acclamantes</em></strong></span> <span class='ocrx_word' id='word_1_20' title='bbox 942 688 1043 724; x_wconf 87' lang='lat' dir='ltr'><strong><em>non</em></strong></span> <span class='ocrx_word' id='word_1_21' title='bbox 1064 679 1292 740; x_wconf 78' lang='lat' dir='ltr'><strong><em>oportere</em></strong></span> <span class='ocrx_word' id='word_1_22' title='bbox 1315 681 1431 720; x_wconf 91' lang='lat' dir='ltr'><strong><em>eum</em></strong></span> <span class='ocrx_word' id='word_1_23' title='bbox 1456 663 1679 732; x_wconf 86' lang='lat' dir='ltr'><strong><em>amplius</em></strong></span> <span class='ocrx_word' id='word_1_24' title='bbox 1707 663 1891 715; x_wconf 79' lang='lat' dir='ltr'><strong><em>vivere.</em></strong></span> <span class='ocrx_word' id='word_1_25' title='bbox 1918 659 2009 714; x_wconf 72' lang='grc'><strong><em>25.</em></strong></span> <span class='ocrx_word' id='word_1_26' title='bbox 2041 657 2155 728; x_wconf 87' lang='lat' dir='ltr'><strong><em>Ego</em></strong></span> 
     </span>
    </p>
   </div>
   <div class='ocr_carea' id='block_1_5' title="bbox 579 748 2153 832">
    <p class='ocr_par' dir='ltr' id='par_1_5' title="bbox 579 748 2153 832">
     <span class='ocr_line' id='line_1_5' title="bbox 579 748 2153 832; baseline -0.008 -17"><span class='ocrx_word' id='word_1_27' title='bbox 579 780 695 817; x_wconf 86' lang='lat' dir='ltr'><strong><em>rero</em></strong></span> <span class='ocrx_word' id='word_1_28' title='bbox 723 762 945 832; x_wconf 81' lang='lat' dir='ltr'><strong><em>comperi</em></strong></span> <span class='ocrx_word' id='word_1_29' title='bbox 971 761 1100 815; x_wconf 86' lang='lat' dir='ltr'><strong><em>nihil</em></strong></span> <span class='ocrx_word' id='word_1_30' title='bbox 1128 760 1337 829; x_wconf 82' lang='lat' dir='ltr'><strong><em>dignum</em></strong></span> <span class='ocrx_word' id='word_1_31' title='bbox 1382 764 1544 809; x_wconf 86' lang='lat' dir='ltr'><strong><em>morte</em></strong></span> <span class='ocrx_word' id='word_1_32' title='bbox 1573 769 1685 807; x_wconf 87' lang='lat' dir='ltr'><strong><em>eum</em></strong></span> <span class='ocrx_word' id='word_1_33' title='bbox 1727 752 2007 805; x_wconf 79' lang='lat' dir='ltr'><strong><em>admisisse.</em></strong></span> <span class='ocrx_word' id='word_1_34' title='bbox 2050 748 2153 803; x_wconf 82' lang='lat' dir='ltr'><strong><em>Illo</em></strong></span> 
     </span>
    </p>
   </div>
   <div class='ocr_carea' id='block_1_6' title="bbox 575 841 2152 922">
    <p class='ocr_par' dir='ltr' id='par_1_6' title="bbox 575 841 2152 922">
     <span class='ocr_line' id='line_1_6' title="bbox 575 841 2152 922; baseline -0.009 -16"><span class='ocrx_word' id='word_1_35' title='bbox 575 863 746 906; x_wconf 89' lang='lat' dir='ltr'><strong><em>autem</em></strong></span> <span class='ocrx_word' id='word_1_36' title='bbox 770 852 1060 922; x_wconf 87' lang='lat' dir='ltr'><strong><em>appellante</em></strong></span> <span class='ocrx_word' id='word_1_37' title='bbox 1088 850 1155 902; x_wconf 91' lang='lat' dir='ltr'><strong><em>ad</em></strong></span> <span class='ocrx_word' id='word_1_38' title='bbox 1194 849 1477 918; x_wconf 82' lang='lat' dir='ltr'><strong><em>Augustum</em></strong></span> <span class='ocrx_word' id='word_1_39' title='bbox 1500 886 1514 909; x_wconf 93' lang='lat'><strong><em>,</em></strong></span> <span class='ocrx_word' id='word_1_40' title='bbox 1553 843 1787 916; x_wconf 86' lang='lat' dir='ltr'><strong><em>judicavi</em></strong></span> <span class='ocrx_word' id='word_1_41' title='bbox 1810 843 1954 896; x_wconf 88' lang='lat' dir='ltr'><strong><em>illum</em></strong></span> <span class='ocrx_word' id='word_1_42' title='bbox 1980 841 2152 893; x_wconf 89' lang='lat' dir='ltr'><strong><em>mitte-</em></strong></span> 
     </span>
    </p>
   </div>
   <div class='ocr_carea' id='block_1_7' title="bbox 575 932 2151 1009">
    <p class='ocr_par' dir='ltr' id='par_1_7' title="bbox 575 932 2151 1009">
     <span class='ocr_line' id='line_1_7' title="bbox 575 932 2151 1009; baseline -0.008 -12"><span class='ocrx_word' id='word_1_43' title='bbox 575 961 647 997; x_wconf 86' lang='lat' dir='ltr'><strong><em>re.</em></strong></span> <span class='ocrx_word' id='word_1_44' title='bbox 668 942 757 998; x_wconf 74' lang='lat'><strong><em>26.</em></strong></span> <span class='ocrx_word' id='word_1_45' title='bbox 792 944 863 995; x_wconf 86' lang='lat' dir='ltr'><strong><em>De</em></strong></span> <span class='ocrx_word' id='word_1_46' title='bbox 887 958 986 1009; x_wconf 82' lang='lat' dir='ltr'><strong><em>quo</em></strong></span> <span class='ocrx_word' id='word_1_47' title='bbox 1010 941 1129 1008; x_wconf 88' lang='lat' dir='ltr'><strong><em>quid</em></strong></span> <span class='ocrx_word' id='word_1_48' title='bbox 1155 950 1345 994; x_wconf 86' lang='lat' dir='ltr'><strong><em>certum</em></strong></span> <span class='ocrx_word' id='word_1_49' title='bbox 1366 936 1583 992; x_wconf 88' lang='lat' dir='ltr'><strong><em>scribam</em></strong></span> <span class='ocrx_word' id='word_1_50' title='bbox 1607 936 1830 998; x_wconf 90' lang='lat' dir='ltr'><strong><em>domino,</em></strong></span> <span class='ocrx_word' id='word_1_51' title='bbox 1852 950 1953 987; x_wconf 85' lang='lat' dir='ltr'><strong><em>non</em></strong></span> <span class='ocrx_word' id='word_1_52' title='bbox 1974 932 2151 985; x_wconf 81' lang='lat' dir='ltr'><strong><em>habeo.</em></strong></span> 
     </span>
    </p>
   </div>
   <div class='ocr_carea' id='block_1_8' title="bbox 579 1022 2149 1103">
    <p class='ocr_par' dir='ltr' id='par_1_8' title="bbox 579 1022 2149 1103">
     <span class='ocr_line' id='line_1_8' title="bbox 579 1022 2149 1103; baseline -0.009 -16"><span class='ocrx_word' id='word_1_53' title='bbox 579 1035 798 1103; x_wconf 83' lang='lat' dir='ltr'><strong><em>Propter</em></strong></span> <span class='ocrx_word' id='word_1_54' title='bbox 837 1031 972 1102; x_wconf 83' lang='lat' dir='ltr'><strong><em>quod</em></strong></span> <span class='ocrx_word' id='word_1_55' title='bbox 1000 1030 1219 1101; x_wconf 78' lang='lat' dir='ltr'><strong><em>produxi</em></strong></span> <span class='ocrx_word' id='word_1_56' title='bbox 1250 1044 1363 1082; x_wconf 88' lang='lat' dir='ltr'><strong><em>eum</em></strong></span> <span class='ocrx_word' id='word_1_57' title='bbox 1388 1027 1454 1080; x_wconf 90' lang='lat' dir='ltr'><strong><em>ad</em></strong></span> <span class='ocrx_word' id='word_1_58' title='bbox 1498 1041 1584 1080; x_wconf 88' lang='lat' dir='ltr'><strong><em>vos</em></strong></span> <span class='ocrx_word' id='word_1_59' title='bbox 1603 1066 1618 1091; x_wconf 93' lang='lat'><strong><em>,</em></strong></span> <span class='ocrx_word' id='word_1_60' title='bbox 1650 1036 1698 1078; x_wconf 88' lang='lat' dir='ltr'><strong><em>et</em></strong></span> <span class='ocrx_word' id='word_1_61' title='bbox 1727 1023 1944 1077; x_wconf 86' lang='lat' dir='ltr'><strong><em>maxime</em></strong></span> <span class='ocrx_word' id='word_1_62' title='bbox 1970 1022 2036 1074; x_wconf 93' lang='lat' dir='ltr'><strong><em>ad</em></strong></span> <span class='ocrx_word' id='word_1_63' title='bbox 2066 1031 2112 1073; x_wconf 89' lang='lat' dir='ltr'><strong><em>te</em></strong></span> <span class='ocrx_word' id='word_1_64' title='bbox 2134 1060 2149 1085; x_wconf 95' lang='lat'><strong><em>,</em></strong></span> 
     </span>
    </p>
   </div>
   <div class='ocr_carea' id='block_1_9' title="bbox 577 1112 2153 1196">
    <p class='ocr_par' dir='ltr' id='par_1_9' title="bbox 577 1112 2153 1196">
     <span class='ocr_line' id='line_1_9' title="bbox 577 1112 2153 1196; baseline -0.011 -14"><span class='ocrx_word' id='word_1_65' title='bbox 577 1144 666 1182; x_wconf 86' lang='lat' dir='ltr'><strong><em>rex</em></strong></span> <span class='ocrx_word' id='word_1_66' title='bbox 717 1128 983 1196; x_wconf 82' lang='lat' dir='ltr'><strong><em>Agrippa,</em></strong></span> <span class='ocrx_word' id='word_1_67' title='bbox 1013 1134 1068 1178; x_wconf 90' lang='lat' dir='ltr'><strong><em>ut</em></strong></span> <span class='ocrx_word' id='word_1_68' title='bbox 1114 1122 1506 1192; x_wconf 74' lang='lat' dir='ltr'><strong><em>interrogatione</em></strong></span> <span class='ocrx_word' id='word_1_69' title='bbox 1552 1124 1724 1189; x_wconf 83' lang='lat' dir='ltr'><strong><em>facta,</em></strong></span> <span class='ocrx_word' id='word_1_70' title='bbox 1757 1116 1966 1169; x_wconf 86' lang='lat' dir='ltr'><strong><em>habeam</em></strong></span> <span class='ocrx_word' id='word_1_71' title='bbox 2017 1112 2153 1181; x_wconf 86' lang='lat' dir='ltr'><strong><em>quod</em></strong></span> 
     </span>
    </p>
   </div>
   <div class='ocr_carea' id='block_1_10' title="bbox 573 1204 2154 1273">
    <p class='ocr_par' dir='ltr' id='par_1_10' title="bbox 573 1204 2154 1273">
     <span class='ocr_line' id='line_1_10' title="bbox 573 1204 2154 1273; baseline -0.011 0"><span class='ocrx_word' id='word_1_72' title='bbox 573 1219 811 1273; x_wconf 89' lang='lat' dir='ltr'><strong><em>scribam.</em></strong></span> <span class='ocrx_word' id='word_1_73' title='bbox 842 1217 933 1270; x_wconf 79' lang='lat'><strong><em>‘27.</em></strong></span> <span class='ocrx_word' id='word_1_74' title='bbox 982 1215 1109 1270; x_wconf 86' lang='lat' dir='ltr'><strong><em>Sine</em></strong></span> <span class='ocrx_word' id='word_1_75' title='bbox 1134 1213 1331 1266; x_wconf 86' lang='lat' dir='ltr'><strong><em>ratione</em></strong></span> <span class='ocrx_word' id='word_1_76' title='bbox 1359 1212 1490 1264; x_wconf 90' lang='lat' dir='ltr'><strong><em>enim</em></strong></span> <span class='ocrx_word' id='word_1_77' title='bbox 1518 1208 1641 1261; x_wconf 89' lang='lat' dir='ltr'><strong><em>mihi</em></strong></span> <span class='ocrx_word' id='word_1_78' title='bbox 1682 1208 1877 1261; x_wconf 89' lang='lat' dir='ltr'><strong><em>videtur</em></strong></span> <span class='ocrx_word' id='word_1_79' title='bbox 1901 1245 1916 1269; x_wconf 92' lang='lat'><strong><em>,</em></strong></span> <span class='ocrx_word' id='word_1_80' title='bbox 1959 1204 2154 1257; x_wconf 86' lang='lat' dir='ltr'><strong><em>mittere</em></strong></span> 
     </span>
    </p>
   </div>
   <div class='ocr_carea' id='block_1_11' title="bbox 579 1293 2152 1374">
    <p class='ocr_par' dir='ltr' id='par_1_11' title="bbox 579 1293 2152 1374">
     <span class='ocr_line' id='line_1_11' title="bbox 579 1293 2152 1374; baseline -0.01 -11"><span class='ocrx_word' id='word_1_81' title='bbox 579 1314 801 1366; x_wconf 80' lang='lat' dir='ltr'><strong><em>rinctum</em></strong></span> <span class='ocrx_word' id='word_1_82' title='bbox 821 1352 835 1370; x_wconf 88' lang='lat'><strong><em>,</em></strong></span> <span class='ocrx_word' id='word_1_83' title='bbox 865 1318 912 1362; x_wconf 84' lang='lat' dir='ltr'><strong><em>et</em></strong></span> <span class='ocrx_word' id='word_1_84' title='bbox 933 1323 1111 1360; x_wconf 89' lang='lat' dir='ltr'><strong><em>causas</em></strong></span> <span class='ocrx_word' id='word_1_85' title='bbox 1132 1306 1241 1374; x_wconf 87' lang='lat' dir='ltr'><strong><em>ejus</em></strong></span> <span class='ocrx_word' id='word_1_86' title='bbox 1267 1319 1367 1356; x_wconf 89' lang='lat' dir='ltr'><strong><em>non</em></strong></span> <span class='ocrx_word' id='word_1_87' title='bbox 1393 1300 1699 1372; x_wconf 81' lang='lat' dir='ltr'><strong><em>significare.</em></strong></span> <span class='ocrx_word' id='word_1_88' title='bbox 1725 1296 1857 1351; x_wconf 85' lang='lat' dir='ltr'><strong><em>Vide</em></strong></span> <span class='ocrx_word' id='word_1_89' title='bbox 1883 1293 2152 1365; x_wconf 91' lang='lat' dir='ltr'><strong><em>quomodo</em></strong></span> 
     </span>
    </p>
   </div>
   <div class='ocr_carea' id='block_1_12' title="bbox 574 1386 2185 1471">
    <p class='ocr_par' dir='ltr' id='par_1_12' title="bbox 574 1386 2185 1471">
     <span class='ocr_line' id='line_1_12' title="bbox 574 1386 2185 1471; baseline -0.012 -15"><span class='ocrx_word' id='word_1_90' title='bbox 574 1404 695 1456; x_wconf 90' lang='lat' dir='ltr'><strong><em>illos</em></strong></span> <span class='ocrx_word' id='word_1_91' title='bbox 724 1400 941 1471; x_wconf 79' lang='lat' dir='ltr'><strong><em>quidem</em></strong></span> <span class='ocrx_word' id='word_1_92' title='bbox 974 1407 1216 1456; x_wconf 89' lang='lat' dir='ltr'><strong><em>accusat,</em></strong></span> <span class='ocrx_word' id='word_1_93' title='bbox 1261 1393 1401 1446; x_wconf 88' lang='lat' dir='ltr'><strong><em>hunc</em></strong></span> <span class='ocrx_word' id='word_1_94' title='bbox 1430 1406 1559 1444; x_wconf 84' lang='lat' dir='ltr'><strong><em>vero</em></strong></span> <span class='ocrx_word' id='word_1_95' title='bbox 1586 1388 1833 1443; x_wconf 79' lang='lat' dir='ltr'><strong><em>absolvit.</em></strong></span> <span class='ocrx_word' id='word_1_96' title='bbox 1863 1386 1907 1440; x_wconf 84' lang='lat'>0</span> <span class='ocrx_word' id='word_1_97' title='bbox 1932 1386 2153 1453; x_wconf 72' lang='lat' dir='ltr'><strong><em>justitim</em></strong></span> <span class='ocrx_word' id='word_1_98' title='bbox 2184 1450 2185 1455; x_wconf 19' lang='grc' dir='ltr'><strong>η</strong></span> 
     </span>
    </p>
   </div>
   <div class='ocr_carea' id='block_1_13' title="bbox 572 1478 2150 1561">
    <p class='ocr_par' dir='ltr' id='par_1_13' title="bbox 572 1478 2150 1561">
     <span class='ocr_line' id='line_1_13' title="bbox 572 1478 2150 1561; baseline -0.012 -15"><span class='ocrx_word' id='word_1_99' title='bbox 572 1494 791 1561; x_wconf 85' lang='lat' dir='ltr'><strong><em>copiosa</em></strong></span> <span class='ocrx_word' id='word_1_100' title='bbox 820 1498 1130 1560; x_wconf 79' lang='lat' dir='ltr'><strong><em>argumenta</em></strong></span> <span class='ocrx_word' id='word_1_101' title='bbox 1156 1486 1168 1541; x_wconf 76' lang='grc' dir='ltr'><strong>Ξ</strong></span> <span class='ocrx_word' id='word_1_102' title='bbox 1202 1485 1435 1539; x_wconf 83' lang='lat' dir='ltr'><strong><em>Plurima</em></strong></span> <span class='ocrx_word' id='word_1_103' title='bbox 1467 1481 1602 1535; x_wconf 83' lang='lat' dir='ltr'><strong><em>facta</em></strong></span> <span class='ocrx_word' id='word_1_104' title='bbox 1634 1478 2017 1549; x_wconf 88' lang='lat' dir='ltr'><strong><em>perquisitione</em></strong></span> <span class='ocrx_word' id='word_1_105' title='bbox 2044 1490 2150 1528; x_wconf 87' lang='lat' dir='ltr'><strong><em>non</em></strong></span> 
     </span>
    </p>
   </div>
   <div class='ocr_carea' id='block_1_14' title="bbox 574 1570 2152 1651">
    <p class='ocr_par' dir='ltr' id='par_1_14' title="bbox 574 1570 2152 1651">
     <span class='ocr_line' id='line_1_14' title="bbox 574 1570 2152 1651; baseline -0.01 -16"><span class='ocrx_word' id='word_1_106' title='bbox 574 1583 778 1638; x_wconf 87' lang='lat' dir='ltr'><strong><em>invenit</em></strong></span> <span class='ocrx_word' id='word_1_107' title='bbox 804 1595 1004 1651; x_wconf 79' lang='lat' dir='ltr'><strong><em>praeses</em></strong></span> <span class='ocrx_word' id='word_1_108' title='bbox 1036 1575 1300 1647; x_wconf 89' lang='lat' dir='ltr'><strong><em>quomodo</em></strong></span> <span class='ocrx_word' id='word_1_109' title='bbox 1329 1572 1688 1628; x_wconf 88' lang='lat' dir='ltr'><strong><em>condemnet:</em></strong></span> <span class='ocrx_word' id='word_1_110' title='bbox 1720 1570 1793 1622; x_wconf 88' lang='lat' dir='ltr'><strong><em>illi</em></strong></span> <span class='ocrx_word' id='word_1_111' title='bbox 1823 1583 1948 1622; x_wconf 80' lang='lat' dir='ltr'><strong><em>vero</em></strong></span> <span class='ocrx_word' id='word_1_112' title='bbox 1980 1574 2152 1620; x_wconf 88' lang='lat' dir='ltr'><strong><em>morte</em></strong></span> 
     </span>
    </p>
   </div>
   <div class='ocr_carea' id='block_1_15' title="bbox 575 1659 2153 1746">
    <p class='ocr_par' dir='ltr' id='par_1_15' title="bbox 575 1659 2153 1746">
     <span class='ocr_line' id='line_1_15' title="bbox 575 1659 2153 1746; baseline -0.012 -17"><span class='ocrx_word' id='word_1_113' title='bbox 575 1677 792 1746; x_wconf 78' lang='lat' dir='ltr'><strong><em>dignum</em></strong></span> <span class='ocrx_word' id='word_1_114' title='bbox 814 1674 1086 1729; x_wconf 79' lang='lat' dir='ltr'><strong><em>dicebant.</em></strong></span> <span class='ocrx_word' id='word_1_115' title='bbox 1120 1670 1243 1724; x_wconf 90' lang='lat' dir='ltr'><strong><em>Ideo</em></strong></span> <span class='ocrx_word' id='word_1_116' title='bbox 1265 1667 1473 1722; x_wconf 89' lang='lat' dir='ltr'><strong><em>dicebat</em></strong></span> <span class='ocrx_word' id='word_1_117' title='bbox 1496 1666 1583 1718; x_wconf 90' lang='lat' dir='ltr'><strong><em>ille</em></strong></span> <span class='ocrx_word' id='word_1_118' title='bbox 1609 1681 1623 1718; x_wconf 92' lang='lat'><strong><em>:</em></strong></span> <span class='ocrx_word' id='word_1_119' title='bbox 1652 1662 1765 1733; x_wconf 88' lang='lat' dir='ltr'><strong><em>Ego</em></strong></span> <span class='ocrx_word' id='word_1_120' title='bbox 1792 1678 1905 1717; x_wconf 82' lang='lat' dir='ltr'><strong><em>vero</em></strong></span> <span class='ocrx_word' id='word_1_121' title='bbox 1932 1659 2153 1727; x_wconf 81' lang='lat' dir='ltr'><strong><em>comperi</em></strong></span> 
     </span>
    </p>
   </div>
   <div class='ocr_carea' id='block_1_16' title="bbox 574 1753 2149 1838">
    <p class='ocr_par' dir='ltr' id='par_1_16' title="bbox 574 1753 2149 1838">
     <span class='ocr_line' id='line_1_16' title="bbox 574 1753 2149 1838; baseline -0.01 -16"><span class='ocrx_word' id='word_1_122' title='bbox 574 1771 705 1823; x_wconf 81' lang='lat' dir='ltr'><strong><em>nihil</em></strong></span> <span class='ocrx_word' id='word_1_123' title='bbox 734 1768 946 1838; x_wconf 87' lang='lat' dir='ltr'><strong><em>dignum</em></strong></span> <span class='ocrx_word' id='word_1_124' title='bbox 989 1774 1148 1819; x_wconf 88' lang='lat' dir='ltr'><strong><em>morte</em></strong></span> <span class='ocrx_word' id='word_1_125' title='bbox 1188 1778 1301 1816; x_wconf 91' lang='lat' dir='ltr'><strong><em>eum</em></strong></span> <span class='ocrx_word' id='word_1_126' title='bbox 1343 1758 1648 1821; x_wconf 84' lang='lat' dir='ltr'><strong><em>admisisse;</em></strong></span> <span class='ocrx_word' id='word_1_127' title='bbox 1693 1753 1886 1809; x_wconf 85' lang='lat' dir='ltr'><strong><em>deinde</em></strong></span> <span class='ocrx_word' id='word_1_128' title='bbox 1924 1753 2149 1821; x_wconf 80' lang='lat' dir='ltr'><strong><em>adjicit:</em></strong></span> 
     </span>
    </p>
   </div>
   <div class='ocr_carea' id='block_1_17' title="bbox 574 1848 2153 1928">
    <p class='ocr_par' dir='ltr' id='par_1_17' title="bbox 574 1848 2153 1928">
     <span class='ocr_line' id='line_1_17' title="bbox 574 1848 2153 1928; baseline -0.012 -14"><span class='ocrx_word' id='word_1_129' title='bbox 574 1860 651 1914; x_wconf 85' lang='lat' dir='ltr'><strong><em>De</em></strong></span> <span class='ocrx_word' id='word_1_130' title='bbox 696 1876 793 1928; x_wconf 91' lang='lat' dir='ltr'><strong><em>quo</em></strong></span> <span class='ocrx_word' id='word_1_131' title='bbox 818 1858 939 1928; x_wconf 87' lang='lat' dir='ltr'><strong><em>quid</em></strong></span> <span class='ocrx_word' id='word_1_132' title='bbox 966 1866 1153 1910; x_wconf 87' lang='lat' dir='ltr'><strong><em>certum</em></strong></span> <span class='ocrx_word' id='word_1_133' title='bbox 1176 1854 1393 1908; x_wconf 86' lang='lat' dir='ltr'><strong><em>scribant</em></strong></span> <span class='ocrx_word' id='word_1_134' title='bbox 1419 1850 1485 1903; x_wconf 90' lang='lat' dir='ltr'><strong><em>ad</em></strong></span> <span class='ocrx_word' id='word_1_135' title='bbox 1535 1848 1796 1903; x_wconf 88' lang='lat' dir='ltr'><strong><em>dominum</em></strong></span> <span class='ocrx_word' id='word_1_136' title='bbox 1825 1860 1991 1899; x_wconf 89' lang='lat' dir='ltr'><strong><em>meum</em></strong></span> <span class='ocrx_word' id='word_1_137' title='bbox 2009 1884 2024 1907; x_wconf 90' lang='lat'><strong><em>,</em></strong></span> <span class='ocrx_word' id='word_1_138' title='bbox 2051 1859 2153 1896; x_wconf 88' lang='lat' dir='ltr'><strong><em>non</em></strong></span> 
     </span>
    </p>
   </div>
   <div class='ocr_carea' id='block_1_18' title="bbox 573 1934 2148 2009">
    <p class='ocr_par' dir='ltr' id='par_1_18' title="bbox 573 1934 2148 2009">
     <span class='ocr_line' id='line_1_18' title="bbox 573 1934 2148 2009; baseline -0.009 -7"><span class='ocrx_word' id='word_1_139' title='bbox 573 1952 750 2004; x_wconf 81' lang='lat' dir='ltr'><strong><em>habeo.</em></strong></span> <span class='ocrx_word' id='word_1_140' title='bbox 782 1950 848 2003; x_wconf 87' lang='lat' dir='ltr'><strong><em>Et</em></strong></span> <span class='ocrx_word' id='word_1_141' title='bbox 888 1948 987 2001; x_wconf 92' lang='lat' dir='ltr'><strong><em>hoc</em></strong></span> <span class='ocrx_word' id='word_1_142' title='bbox 1015 1962 1081 2001; x_wconf 82' lang='lat' dir='ltr'><strong><em>ex</em></strong></span> <span class='ocrx_word' id='word_1_143' title='bbox 1107 1945 1251 1999; x_wconf 85' lang='lat' dir='ltr'><strong><em>Pauli</em></strong></span> <span class='ocrx_word' id='word_1_144' title='bbox 1296 1940 1597 1998; x_wconf 81' lang='lat' dir='ltr'><strong><em>innocentia</em></strong></span> <span class='ocrx_word' id='word_1_145' title='bbox 1630 1938 1841 2009; x_wconf 88' lang='lat' dir='ltr'><strong><em>prodit,</em></strong></span> <span class='ocrx_word' id='word_1_146' title='bbox 1877 1935 2016 2006; x_wconf 89' lang='lat' dir='ltr'><strong><em>quod</em></strong></span> <span class='ocrx_word' id='word_1_147' title='bbox 2057 1934 2148 2003; x_wconf 78' lang='lat' dir='ltr'><strong><em>ju-</em></strong></span> 
     </span>
    </p>
   </div>
   <div class='ocr_carea' id='block_1_19' title="bbox 572 2031 2146 2101">
    <p class='ocr_par' dir='ltr' id='par_1_19' title="bbox 572 2031 2146 2101">
     <span class='ocr_line' id='line_1_19' title="bbox 572 2031 2146 2101; baseline -0.01 -4"><span class='ocrx_word' id='word_1_148' title='bbox 572 2044 677 2098; x_wconf 81' lang='lat' dir='ltr'><strong><em>dex</em></strong></span> <span class='ocrx_word' id='word_1_149' title='bbox 708 2042 841 2097; x_wconf 88' lang='lat' dir='ltr'><strong><em>nihil</em></strong></span> <span class='ocrx_word' id='word_1_150' title='bbox 866 2042 1058 2096; x_wconf 88' lang='lat' dir='ltr'><strong><em>habeat</em></strong></span> <span class='ocrx_word' id='word_1_151' title='bbox 1076 2040 1142 2094; x_wconf 88' lang='lat' dir='ltr'><strong><em>de</em></strong></span> <span class='ocrx_word' id='word_1_152' title='bbox 1170 2039 1259 2091; x_wconf 92' lang='lat' dir='ltr'><strong><em>illo</em></strong></span> <span class='ocrx_word' id='word_1_153' title='bbox 1277 2035 1585 2091; x_wconf 83' lang='lat' dir='ltr'><strong><em>dicendum.</em></strong></span> <span class='ocrx_word' id='word_1_154' title='bbox 1612 2031 1738 2086; x_wconf 83' lang='lat' dir='ltr'><strong><em>Ideo</em></strong></span> <span class='ocrx_word' id='word_1_155' title='bbox 1765 2031 1982 2101; x_wconf 77' lang='lat' dir='ltr'><strong><em>produxi</em></strong></span> <span class='ocrx_word' id='word_1_156' title='bbox 2012 2045 2146 2094; x_wconf 86' lang='lat' dir='ltr'><strong><em>eum,</em></strong></span> 
     </span>
    </p>
   </div>
   <div class='ocr_carea' id='block_1_20' title="bbox 575 2123 2149 2205">
    <p class='ocr_par' dir='ltr' id='par_1_20' title="bbox 575 2123 2149 2205">
     <span class='ocr_line' id='line_1_20' title="bbox 575 2123 2149 2205; baseline -0.011 -16"><span class='ocrx_word' id='word_1_157' title='bbox 575 2137 779 2205; x_wconf 91' lang='lat' dir='ltr'><strong><em>inquit,</em></strong></span> <span class='ocrx_word' id='word_1_158' title='bbox 824 2135 891 2186; x_wconf 88' lang='lat' dir='ltr'><strong><em>ad</em></strong></span> <span class='ocrx_word' id='word_1_159' title='bbox 936 2149 1041 2186; x_wconf 90' lang='lat' dir='ltr'><strong><em>vos.</em></strong></span> <span class='ocrx_word' id='word_1_160' title='bbox 1092 2131 1217 2185; x_wconf 85' lang='lat' dir='ltr'><strong><em>Sine</em></strong></span> <span class='ocrx_word' id='word_1_161' title='bbox 1246 2130 1440 2183; x_wconf 85' lang='lat' dir='ltr'><strong><em>ratione</em></strong></span> <span class='ocrx_word' id='word_1_162' title='bbox 1467 2127 1601 2180; x_wconf 90' lang='lat' dir='ltr'><strong><em>enim</em></strong></span> <span class='ocrx_word' id='word_1_163' title='bbox 1630 2125 1752 2177; x_wconf 87' lang='lat' dir='ltr'><strong><em>mi/ti</em></strong></span> <span class='ocrx_word' id='word_1_164' title='bbox 1781 2123 1977 2176; x_wconf 86' lang='lat' dir='ltr'><strong><em>videtur</em></strong></span> <span class='ocrx_word' id='word_1_165' title='bbox 2001 2136 2108 2174; x_wconf 89' lang='lat' dir='ltr'><strong><em>esse</em></strong></span> <span class='ocrx_word' id='word_1_166' title='bbox 2132 2160 2149 2187; x_wconf 91' lang='lat'><strong><em>,</em></strong></span> 
     </span>
    </p>
   </div>
   <div class='ocr_carea' id='block_1_21' title="bbox 572 2212 2152 2288">
    <p class='ocr_par' dir='ltr' id='par_1_21' title="bbox 572 2212 2152 2288">
     <span class='ocr_line' id='line_1_21' title="bbox 572 2212 2152 2288; baseline -0.011 -6"><span class='ocrx_word' id='word_1_167' title='bbox 572 2230 769 2282; x_wconf 85' lang='lat' dir='ltr'><strong><em>mittere</em></strong></span> <span class='ocrx_word' id='word_1_168' title='bbox 811 2228 1030 2280; x_wconf 77' lang='lat' dir='ltr'><strong><em>vinetum</em></strong></span> <span class='ocrx_word' id='word_1_169' title='bbox 1052 2266 1064 2287; x_wconf 92' lang='lat'><strong><em>,</em></strong></span> <span class='ocrx_word' id='word_1_170' title='bbox 1098 2233 1145 2277; x_wconf 91' lang='lat' dir='ltr'><strong><em>et</em></strong></span> <span class='ocrx_word' id='word_1_171' title='bbox 1188 2238 1367 2275; x_wconf 82' lang='lat' dir='ltr'><strong><em>causas</em></strong></span> <span class='ocrx_word' id='word_1_172' title='bbox 1396 2222 1506 2288; x_wconf 87' lang='lat' dir='ltr'><strong><em>ejus</em></strong></span> <span class='ocrx_word' id='word_1_173' title='bbox 1536 2235 1637 2271; x_wconf 89' lang='lat' dir='ltr'><strong><em>non</em></strong></span> <span class='ocrx_word' id='word_1_174' title='bbox 1680 2216 1987 2287; x_wconf 82' lang='lat' dir='ltr'><strong><em>signi/icore.</em></strong></span> <span class='ocrx_word' id='word_1_175' title='bbox 2018 2212 2152 2266; x_wconf 79' lang='lat' dir='ltr'><strong><em>Vide</em></strong></span> 
     </span>
    </p>
   </div>
   <div class='ocr_carea' id='block_1_22' title="bbox 571 2305 2150 2388">
    <p class='ocr_par' dir='ltr' id='par_1_22' title="bbox 571 2305 2150 2388">
     <span class='ocr_line' id='line_1_22' title="bbox 571 2305 2150 2388; baseline -0.009 -16"><span class='ocrx_word' id='word_1_176' title='bbox 571 2322 624 2372; x_wconf 85' lang='lat' dir='ltr'><strong><em>in</em></strong></span> <span class='ocrx_word' id='word_1_177' title='bbox 651 2328 878 2388; x_wconf 82' lang='lat' dir='ltr'><strong><em>quantas</em></strong></span> <span class='ocrx_word' id='word_1_178' title='bbox 918 2316 1186 2386; x_wconf 76' lang='lat' dir='ltr'><strong><em>angustias</em></strong></span> <span class='ocrx_word' id='word_1_179' title='bbox 1227 2312 1397 2367; x_wconf 72' lang='lat' dir='ltr'><strong><em>Judmi</em></strong></span> <span class='ocrx_word' id='word_1_180' title='bbox 1443 2310 1707 2381; x_wconf 84' lang='lat' dir='ltr'><strong><em>principes</em></strong></span> <span class='ocrx_word' id='word_1_181' title='bbox 1745 2322 1869 2361; x_wconf 90' lang='lat' dir='ltr'><strong><em>suos</em></strong></span> <span class='ocrx_word' id='word_1_182' title='bbox 1899 2305 2150 2374; x_wconf 83' lang='lat' dir='ltr'><strong><em>conjece-</em></strong></span> 
     </span>
    </p>
   </div>
   <div class='ocr_carea' id='block_1_23' title="bbox 573 2398 2153 2477">
    <p class='ocr_par' dir='ltr' id='par_1_23' title="bbox 573 2398 2153 2477">
     <span class='ocr_line' id='line_1_23' title="bbox 573 2398 2153 2477; baseline -0.009 -12"><span class='ocrx_word' id='word_1_183' title='bbox 573 2414 697 2465; x_wconf 86' lang='lat' dir='ltr'><strong><em>rint.</em></strong></span> <span class='ocrx_word' id='word_1_184' title='bbox 732 2410 867 2477; x_wconf 84' lang='lat' dir='ltr'><strong><em>Quid</em></strong></span> <span class='ocrx_word' id='word_1_185' title='bbox 898 2425 1026 2462; x_wconf 84' lang='lat' dir='ltr'><strong><em>vero</em></strong></span> <span class='ocrx_word' id='word_1_186' title='bbox 1057 2407 1333 2477; x_wconf 86' lang='lat' dir='ltr'><strong><em>Agrippa?</em></strong></span> <span class='ocrx_word' id='word_1_187' title='bbox 1366 2405 1440 2459; x_wconf 92' lang='lat' dir='ltr'><strong><em>De</em></strong></span> <span class='ocrx_word' id='word_1_188' title='bbox 1471 2404 1554 2457; x_wconf 89' lang='lat' dir='ltr'><strong><em>his</em></strong></span> <span class='ocrx_word' id='word_1_189' title='bbox 1591 2403 1778 2458; x_wconf 84' lang='lat' dir='ltr'><strong><em>volens</em></strong></span> <span class='ocrx_word' id='word_1_190' title='bbox 1825 2399 2023 2471; x_wconf 90' lang='lat' dir='ltr'><strong><em>aliquid</em></strong></span> <span class='ocrx_word' id='word_1_191' title='bbox 2068 2398 2153 2452; x_wconf 86' lang='lat' dir='ltr'><strong><em>di-</em></strong></span> 
     </span>
    </p>
   </div>
   <div class='ocr_carea' id='block_1_24' title="bbox 570 2490 2154 2572">
    <p class='ocr_par' dir='ltr' id='par_1_24' title="bbox 570 2490 2154 2572">
     <span class='ocr_line' id='line_1_24' title="bbox 570 2490 2154 2572; baseline -0.008 -13"><span class='ocrx_word' id='word_1_192' title='bbox 570 2520 720 2559; x_wconf 91' lang='lat' dir='ltr'><strong><em>scere</em></strong></span> <span class='ocrx_word' id='word_1_193' title='bbox 740 2506 778 2567; x_wconf 70' lang='grc'><strong><em>³,</em></strong></span> <span class='ocrx_word' id='word_1_194' title='bbox 812 2504 974 2557; x_wconf 87' lang='lat' dir='ltr'><strong><em>Paulo</em></strong></span> <span class='ocrx_word' id='word_1_195' title='bbox 997 2502 1132 2557; x_wconf 82' lang='lat' dir='ltr'><strong><em>dixit</em></strong></span> <span class='ocrx_word' id='word_1_196' title='bbox 1159 2519 1172 2555; x_wconf 89' lang='lat'><strong><em>:</em></strong></span> <span class='ocrx_word' id='word_1_197' title='bbox 1202 2499 1353 2572; x_wconf 81' lang='lat' dir='ltr'><strong><em>(Cap.</em></strong></span> <span class='ocrx_word' id='word_1_198' title='bbox 1393 2490 1570 2560; x_wconf 62' lang='lat'><strong><em>26.”.</em></strong></span> <span class='ocrx_word' id='word_1_199' title='bbox 1600 2495 1919 2551; x_wconf 90' lang='lat' dir='ltr'><strong><em>Permittitur</em></strong></span> <span class='ocrx_word' id='word_1_200' title='bbox 1961 2494 2050 2547; x_wconf 90' lang='lat' dir='ltr'><strong><em>tibi</em></strong></span> <span class='ocrx_word' id='word_1_201' title='bbox 2079 2493 2154 2546; x_wconf 86' lang='lat' dir='ltr'><strong><em>lo—</em></strong></span> 
     </span>
    </p>
   </div>
   <div class='ocr_carea' id='block_1_25' title="bbox 569 2584 2153 2664">
    <p class='ocr_par' dir='ltr' id='par_1_25' title="bbox 569 2584 2153 2664">
     <span class='ocr_line' id='line_1_25' title="bbox 569 2584 2153 2664; baseline -0.004 -20"><span class='ocrx_word' id='word_1_202' title='bbox 569 2597 653 2664; x_wconf 83' lang='lat' dir='ltr'><strong><em>qui</em></strong></span> <span class='ocrx_word' id='word_1_203' title='bbox 700 2612 791 2664; x_wconf 86' lang='lat' dir='ltr'><strong><em>pro</em></strong></span> <span class='ocrx_word' id='word_1_204' title='bbox 822 2597 1106 2663; x_wconf 90' lang='lat' dir='ltr'><strong><em>temetipso.</em></strong></span> <span class='ocrx_word' id='word_1_205' title='bbox 1155 2593 1233 2646; x_wconf 82' lang='lat' dir='ltr'><strong><em>Ex</em></strong></span> <span class='ocrx_word' id='word_1_206' title='bbox 1282 2592 1450 2645; x_wconf 88' lang='lat' dir='ltr'><strong><em>multo</em></strong></span> <span class='ocrx_word' id='word_1_207' title='bbox 1479 2588 1729 2643; x_wconf 89' lang='lat' dir='ltr'><strong><em>audiendi</em></strong></span> <span class='ocrx_word' id='word_1_208' title='bbox 1759 2586 2027 2642; x_wconf 85' lang='lat' dir='ltr'><strong><em>desiderio</em></strong></span> <span class='ocrx_word' id='word_1_209' title='bbox 2074 2584 2153 2638; x_wconf 87' lang='lat' dir='ltr'><strong><em>illi</em></strong></span> 
     </span>
    </p>
   </div>
   <div class='ocr_carea' id='block_1_26' title="bbox 573 2677 2153 2754">
    <p class='ocr_par' dir='ltr' id='par_1_26' title="bbox 573 2677 2153 2754">
     <span class='ocr_line' id='line_1_26' title="bbox 573 2677 2153 2754; baseline -0.007 -14"><span class='ocrx_word' id='word_1_210' title='bbox 573 2703 663 2741; x_wconf 82' lang='lat' dir='ltr'><strong><em>rex</em></strong></span> <span class='ocrx_word' id='word_1_211' title='bbox 696 2687 877 2740; x_wconf 83' lang='lat' dir='ltr'><strong><em>dicere</em></strong></span> <span class='ocrx_word' id='word_1_212' title='bbox 907 2686 1187 2754; x_wconf 82' lang='lat' dir='ltr'><strong><em>permittit.</em></strong></span> <span class='ocrx_word' id='word_1_213' title='bbox 1233 2683 1426 2737; x_wconf 82' lang='lat' dir='ltr'><strong><em>Paulus</em></strong></span> <span class='ocrx_word' id='word_1_214' title='bbox 1459 2695 1589 2736; x_wconf 80' lang='lat' dir='ltr'><strong><em>vero</em></strong></span> <span class='ocrx_word' id='word_1_215' title='bbox 1613 2696 1734 2734; x_wconf 91' lang='lat' dir='ltr'><strong><em>cum</em></strong></span> <span class='ocrx_word' id='word_1_216' title='bbox 1773 2678 1961 2733; x_wconf 85' lang='lat' dir='ltr'><strong><em>ﬁducia</em></strong></span> <span class='ocrx_word' id='word_1_217' title='bbox 2002 2677 2153 2731; x_wconf 83' lang='lat' dir='ltr'><strong><em>dein-</em></strong></span> 
     </span>
    </p>
   </div>
   <div class='ocr_carea' id='block_1_27' title="bbox 571 2771 2151 2849">
    <p class='ocr_par' dir='ltr' id='par_1_27' title="bbox 571 2771 2151 2849">
     <span class='ocr_line' id='line_1_27' title="bbox 571 2771 2151 2849; baseline -0.005 -16"><span class='ocrx_word' id='word_1_218' title='bbox 571 2795 697 2849; x_wconf 76' lang='lat' dir='ltr'><strong><em>Ceps</em></strong></span> <span class='ocrx_word' id='word_1_219' title='bbox 731 2781 996 2844; x_wconf 79' lang='lat' dir='ltr'><strong><em>loquitur,</em></strong></span> <span class='ocrx_word' id='word_1_220' title='bbox 1045 2792 1149 2830; x_wconf 88' lang='lat' dir='ltr'><strong><em>non</em></strong></span> <span class='ocrx_word' id='word_1_221' title='bbox 1195 2775 1490 2838; x_wconf 85' lang='lat' dir='ltr'><strong><em>adulando;</em></strong></span> <span class='ocrx_word' id='word_1_222' title='bbox 1538 2772 1632 2827; x_wconf 90' lang='lat' dir='ltr'><strong><em>sed</em></strong></span> <span class='ocrx_word' id='word_1_223' title='bbox 1677 2773 1797 2826; x_wconf 88' lang='lat' dir='ltr'><strong><em>ideo</em></strong></span> <span class='ocrx_word' id='word_1_224' title='bbox 1842 2786 1900 2826; x_wconf 87' lang='lat' dir='ltr'><strong><em>se</em></strong></span> <span class='ocrx_word' id='word_1_225' title='bbox 1940 2771 2151 2825; x_wconf 73' lang='lat' dir='ltr'><strong><em>beatum</em></strong></span> 
     </span>
    </p>
   </div>
   <div class='ocr_carea' id='block_1_28' title="bbox 570 2862 2154 2937">
    <p class='ocr_par' dir='ltr' id='par_1_28' title="bbox 570 2862 2154 2937">
     <span class='ocr_line' id='line_1_28' title="bbox 570 2862 2154 2937; baseline -0.006 -14"><span class='ocrx_word' id='word_1_226' title='bbox 570 2886 693 2924; x_wconf 79' lang='lat' dir='ltr'><strong><em>esse</em></strong></span> <span class='ocrx_word' id='word_1_227' title='bbox 722 2869 892 2933; x_wconf 88' lang='lat' dir='ltr'><strong><em>dicit,</em></strong></span> <span class='ocrx_word' id='word_1_228' title='bbox 926 2867 1067 2937; x_wconf 89' lang='lat' dir='ltr'><strong><em>quod</em></strong></span> <span class='ocrx_word' id='word_1_229' title='bbox 1096 2867 1144 2922; x_wconf 90' lang='lat' dir='ltr'><strong><em>ei</em></strong></span> <span class='ocrx_word' id='word_1_230' title='bbox 1189 2867 1468 2936; x_wconf 86' lang='lat' dir='ltr'><strong><em>loquatur,</em></strong></span> <span class='ocrx_word' id='word_1_231' title='bbox 1501 2865 1593 2933; x_wconf 89' lang='lat' dir='ltr'><strong><em>qui</em></strong></span> <span class='ocrx_word' id='word_1_232' title='bbox 1637 2864 1815 2918; x_wconf 88' lang='lat' dir='ltr'><strong><em>omnia</em></strong></span> <span class='ocrx_word' id='word_1_233' title='bbox 1860 2862 2066 2917; x_wconf 85' lang='lat' dir='ltr'><strong><em>sciret:</em></strong></span> <span class='ocrx_word' id='word_1_234' title='bbox 2100 2869 2154 2915; x_wconf 89' lang='lat' dir='ltr'><strong><em>et</em></strong></span> 
     </span>
    </p>
   </div>
   <div class='ocr_carea' id='block_1_29' title="bbox 572 2954 2151 3032">
    <p class='ocr_par' dir='ltr' id='par_1_29' title="bbox 572 2954 2151 3032">
     <span class='ocr_line' id='line_1_29' title="bbox 572 2954 2151 3032; baseline -0.004 -18"><span class='ocrx_word' id='word_1_235' title='bbox 572 2964 714 3032; x_wconf 82' lang='lat' dir='ltr'><strong><em>quod</em></strong></span> <span class='ocrx_word' id='word_1_236' title='bbox 746 2963 864 3016; x_wconf 89' lang='lat' dir='ltr'><strong><em>ideo</em></strong></span> <span class='ocrx_word' id='word_1_237' title='bbox 884 3003 899 3026; x_wconf 91' lang='lat'><strong><em>,</em></strong></span> <span class='ocrx_word' id='word_1_238' title='bbox 928 2962 1048 3015; x_wconf 90' lang='lat' dir='ltr'><strong><em>audi</em></strong></span> <span class='ocrx_word' id='word_1_239' title='bbox 1077 2977 1196 3030; x_wconf 72' lang='lat' dir='ltr'><strong><em>qua:</em></strong></span> <span class='ocrx_word' id='word_1_240' title='bbox 1236 2961 1349 3029; x_wconf 89' lang='lat' dir='ltr'><strong><em>ipse</em></strong></span> <span class='ocrx_word' id='word_1_241' title='bbox 1377 2958 1582 3027; x_wconf 82' lang='lat' dir='ltr'><strong><em>profert</em></strong></span> <span class='ocrx_word' id='word_1_242' title='bbox 1608 2974 1621 3010; x_wconf 93' lang='lat'><strong><em>:</em></strong></span> <span class='ocrx_word' id='word_1_243' title='bbox 1650 2956 1794 3010; x_wconf 88' lang='lat' dir='ltr'><strong><em>Tunc</em></strong></span> <span class='ocrx_word' id='word_1_244' title='bbox 1836 2954 2035 3009; x_wconf 85' lang='lat' dir='ltr'><strong><em>Paulus</em></strong></span> <span class='ocrx_word' id='word_1_245' title='bbox 2061 2970 2151 3008; x_wconf 82' lang='lat' dir='ltr'><strong><em>ex-</em></strong></span> 
     </span>
    </p>
   </div>
   <div class='ocr_carea' id='block_1_30' title="bbox 575 3045 2151 3122">
    <p class='ocr_par' dir='ltr' id='par_1_30' title="bbox 575 3045 2151 3122">
     <span class='ocr_line' id='line_1_30' title="bbox 575 3045 2151 3122; baseline -0.002 -19"><span class='ocrx_word' id='word_1_246' title='bbox 575 3063 709 3105; x_wconf 77' lang='lat' dir='ltr'><strong><em>tenta</em></strong></span> <span class='ocrx_word' id='word_1_247' title='bbox 740 3069 893 3105; x_wconf 87' lang='lat' dir='ltr'><strong><em>manu</em></strong></span> <span class='ocrx_word' id='word_1_248' title='bbox 921 3055 1067 3122; x_wconf 76' lang='lat' dir='ltr'><strong><em>cwpit</em></strong></span> <span class='ocrx_word' id='word_1_249' title='bbox 1096 3051 1341 3103; x_wconf 80' lang='lat' dir='ltr'><strong><em>rationem</em></strong></span> <span class='ocrx_word' id='word_1_250' title='bbox 1384 3048 1614 3103; x_wconf 84' lang='lat' dir='ltr'><strong><em>reddere.</em></strong></span> <span class='ocrx_word' id='word_1_251' title='bbox 1654 3048 1709 3101; x_wconf 67' lang='grc'><strong>2.</strong></span> <span class='ocrx_word' id='word_1_252' title='bbox 1762 3045 1842 3101; x_wconf 88' lang='lat' dir='ltr'><strong><em>De</em></strong></span> <span class='ocrx_word' id='word_1_253' title='bbox 1879 3046 2108 3101; x_wconf 88' lang='lat' dir='ltr'><strong><em>omnibus</em></strong></span> <span class='ocrx_word' id='word_1_254' title='bbox 2134 3087 2151 3114; x_wconf 94' lang='lat'><strong><em>,</em></strong></span> 
     </span>
    </p>
   </div>
   <div class='ocr_carea' id='block_1_31' title="bbox 570 3137 2156 3217">
    <p class='ocr_par' dir='ltr' id='par_1_31' title="bbox 570 3137 2156 3217">
     <span class='ocr_line' id='line_1_31' title="bbox 570 3137 2156 3217; baseline -0.006 -16"><span class='ocrx_word' id='word_1_255' title='bbox 570 3145 757 3217; x_wconf 83' lang='lat' dir='ltr'><strong><em>quibus</em></strong></span> <span class='ocrx_word' id='word_1_256' title='bbox 786 3160 994 3201; x_wconf 79' lang='lat' dir='ltr'><strong><em>accusor</em></strong></span> <span class='ocrx_word' id='word_1_257' title='bbox 1019 3160 1049 3195; x_wconf 93' lang='lat' dir='ltr'><strong><em>a</em></strong></span> <span class='ocrx_word' id='word_1_258' title='bbox 1078 3142 1295 3205; x_wconf 69' lang='lat' dir='ltr'><strong><em>Juda’is,</em></strong></span> <span class='ocrx_word' id='word_1_259' title='bbox 1326 3158 1415 3194; x_wconf 83' lang='lat' dir='ltr'><strong><em>rex</em></strong></span> <span class='ocrx_word' id='word_1_260' title='bbox 1443 3141 1691 3210; x_wconf 76' lang='lat' dir='ltr'><strong><em>Agrippa,</em></strong></span> <span class='ocrx_word' id='word_1_261' title='bbox 1720 3140 1914 3193; x_wconf 83' lang='lat' dir='ltr'><strong><em>a&#39;stimo</em></strong></span> <span class='ocrx_word' id='word_1_262' title='bbox 1935 3155 2013 3193; x_wconf 91' lang='lat' dir='ltr'><strong><em>me</em></strong></span> <span class='ocrx_word' id='word_1_263' title='bbox 2040 3137 2156 3192; x_wconf 90' lang='lat' dir='ltr'><strong><em>bea-</em></strong></span> 
     </span>
    </p>
   </div>
   <div class='ocr_carea' id='block_1_32' title="bbox 574 3229 2155 3309">
    <p class='ocr_par' dir='ltr' id='par_1_32' title="bbox 574 3229 2155 3309">
     <span class='ocr_line' id='line_1_32' title="bbox 574 3229 2155 3309; baseline -0.008 -14"><span class='ocrx_word' id='word_1_264' title='bbox 574 3255 712 3304; x_wconf 88' lang='lat' dir='ltr'><strong><em>tunt,</em></strong></span> <span class='ocrx_word' id='word_1_265' title='bbox 741 3240 881 3309; x_wconf 82' lang='lat' dir='ltr'><strong><em>apud</em></strong></span> <span class='ocrx_word' id='word_1_266' title='bbox 909 3250 955 3292; x_wconf 92' lang='lat' dir='ltr'><strong><em>te</em></strong></span> <span class='ocrx_word' id='word_1_267' title='bbox 983 3252 1095 3292; x_wconf 89' lang='lat' dir='ltr'><strong><em>cum</em></strong></span> <span class='ocrx_word' id='word_1_268' title='bbox 1125 3236 1219 3293; x_wconf 77' lang='lat' dir='ltr'><strong><em>sint</em></strong></span> <span class='ocrx_word' id='word_1_269' title='bbox 1248 3233 1543 3303; x_wconf 77' lang='lat' dir='ltr'><strong><em>defensurus</em></strong></span> <span class='ocrx_word' id='word_1_270' title='bbox 1574 3247 1656 3284; x_wconf 88' lang='lat' dir='ltr'><strong><em>me</em></strong></span> <span class='ocrx_word' id='word_1_271' title='bbox 1685 3230 1835 3284; x_wconf 88' lang='lat' dir='ltr'><strong><em>hodie</em></strong></span> <span class='ocrx_word' id='word_1_272' title='bbox 1854 3272 1868 3294; x_wconf 93' lang='lat'><strong><em>,</em></strong></span> <span class='ocrx_word' id='word_1_273' title='bbox 1902 3231 1956 3284; x_wconf 81' lang='grc'><strong>5.</strong></span> <span class='ocrx_word' id='word_1_274' title='bbox 1988 3229 2155 3283; x_wconf 82' lang='lat' dir='ltr'><strong><em>maxi—</em></strong></span> 
     </span>
    </p>
   </div>
   <div class='ocr_carea' id='block_1_33' title="bbox 573 3324 2155 3400">
    <p class='ocr_par' dir='ltr' id='par_1_33' title="bbox 573 3324 2155 3400">
     <span class='ocr_line' id='line_1_33' title="bbox 573 3324 2155 3400; baseline -0.007 -12"><span class='ocrx_word' id='word_1_275' title='bbox 573 3352 652 3389; x_wconf 91' lang='lat' dir='ltr'><strong><em>me</em></strong></span> <span class='ocrx_word' id='word_1_276' title='bbox 677 3346 720 3388; x_wconf 87' lang='lat' dir='ltr'><strong><em>te</em></strong></span> <span class='ocrx_word' id='word_1_277' title='bbox 749 3340 936 3388; x_wconf 85' lang='lat' dir='ltr'><strong><em>sciente</em></strong></span> <span class='ocrx_word' id='word_1_278' title='bbox 964 3348 1155 3397; x_wconf 88' lang='lat' dir='ltr'><strong><em>onmes,</em></strong></span> <span class='ocrx_word' id='word_1_279' title='bbox 1186 3346 1298 3400; x_wconf 75' lang='lat' dir='ltr'><strong><em>qua:</em></strong></span> <span class='ocrx_word' id='word_1_280' title='bbox 1323 3331 1461 3398; x_wconf 84' lang='lat' dir='ltr'><strong><em>apud</em></strong></span> <span class='ocrx_word' id='word_1_281' title='bbox 1486 3324 1697 3381; x_wconf 77' lang='lat' dir='ltr'><strong><em>Judwos</em></strong></span> <span class='ocrx_word' id='word_1_282' title='bbox 1726 3333 1862 3390; x_wconf 88' lang='lat' dir='ltr'><strong><em>sunt,</em></strong></span> <span class='ocrx_word' id='word_1_283' title='bbox 1891 3332 2155 3379; x_wconf 85' lang='lat' dir='ltr'><strong><em>consuetu-</em></strong></span> 
     </span>
    </p>
   </div>
   <div class='ocr_carea' id='block_1_34' title="bbox 574 3418 2156 3496">
    <p class='ocr_par' dir='ltr' id='par_1_34' title="bbox 574 3418 2156 3496">
     <span class='ocr_line' id='line_1_34' title="bbox 574 3418 2156 3496; baseline -0.005 -18"><span class='ocrx_word' id='word_1_284' title='bbox 574 3428 716 3480; x_wconf 87' lang='lat' dir='ltr'><strong><em>dines</em></strong></span> <span class='ocrx_word' id='word_1_285' title='bbox 766 3435 810 3477; x_wconf 88' lang='lat' dir='ltr'><strong><em>et</em></strong></span> <span class='ocrx_word' id='word_1_286' title='bbox 856 3424 1157 3496; x_wconf 69' lang='lat' dir='ltr'><strong><em>qua&#39;stiones</em></strong></span> <span class='ocrx_word' id='word_1_287' title='bbox 1183 3438 1201 3474; x_wconf 90' lang='lat'><strong><em>:</em></strong></span> <span class='ocrx_word' id='word_1_288' title='bbox 1243 3430 1451 3490; x_wconf 89' lang='lat' dir='ltr'><strong><em>propter</em></strong></span> <span class='ocrx_word' id='word_1_289' title='bbox 1488 3418 1623 3487; x_wconf 88' lang='lat' dir='ltr'><strong><em>quod</em></strong></span> <span class='ocrx_word' id='word_1_290' title='bbox 1667 3418 1869 3471; x_wconf 84' lang='lat' dir='ltr'><strong><em>obsecro</em></strong></span> <span class='ocrx_word' id='word_1_291' title='bbox 1914 3418 2156 3487; x_wconf 84' lang='lat' dir='ltr'><strong><em>patienter</em></strong></span> 
     </span>
    </p>
   </div>
   <div class='ocr_carea' id='block_1_35' title="bbox 573 3507 2151 3578">
    <p class='ocr_par' dir='ltr' id='par_1_35' title="bbox 573 3507 2151 3578">
     <span class='ocr_line' id='line_1_35' title="bbox 573 3507 2151 3578; baseline -0.005 -9"><span class='ocrx_word' id='word_1_292' title='bbox 573 3535 652 3572; x_wconf 88' lang='lat' dir='ltr'><strong><em>me</em></strong></span> <span class='ocrx_word' id='word_1_293' title='bbox 674 3518 874 3570; x_wconf 84' lang='lat' dir='ltr'><strong><em>audias.</em></strong></span> <span class='ocrx_word' id='word_1_294' title='bbox 925 3514 1204 3578; x_wconf 80' lang='lat' dir='ltr'><strong><em>Proiecto,</em></strong></span> <span class='ocrx_word' id='word_1_295' title='bbox 1250 3513 1294 3566; x_wconf 91' lang='lat' dir='ltr'><strong><em>si</em></strong></span> <span class='ocrx_word' id='word_1_296' title='bbox 1323 3512 1459 3567; x_wconf 90' lang='lat' dir='ltr'><strong><em>male</em></strong></span> <span class='ocrx_word' id='word_1_297' title='bbox 1488 3511 1589 3565; x_wconf 87' lang='lat' dir='ltr'><strong><em>sibi</em></strong></span> <span class='ocrx_word' id='word_1_298' title='bbox 1630 3510 1879 3565; x_wconf 89' lang='lat' dir='ltr'><strong><em>conscius</em></strong></span> <span class='ocrx_word' id='word_1_299' title='bbox 1926 3507 2151 3576; x_wconf 78' lang='lat' dir='ltr'><strong><em>fuisset,</em></strong></span> 
     </span>
    </p>
   </div>
   <div class='ocr_carea' id='block_1_36' title="bbox 575 3600 2152 3676">
    <p class='ocr_par' dir='ltr' id='par_1_36' title="bbox 575 3600 2152 3676">
     <span class='ocr_line' id='line_1_36' title="bbox 575 3600 2152 3676; baseline -0.005 -15"><span class='ocrx_word' id='word_1_300' title='bbox 575 3608 777 3662; x_wconf 87' lang='lat' dir='ltr'><strong><em>turbari</em></strong></span> <span class='ocrx_word' id='word_1_301' title='bbox 802 3607 1105 3676; x_wconf 82' lang='lat' dir='ltr'><strong><em>Oportebat,</em></strong></span> <span class='ocrx_word' id='word_1_302' title='bbox 1129 3604 1254 3657; x_wconf 91' lang='lat' dir='ltr'><strong><em>dum</em></strong></span> <span class='ocrx_word' id='word_1_303' title='bbox 1285 3602 1423 3672; x_wconf 87' lang='lat' dir='ltr'><strong><em>apud</em></strong></span> <span class='ocrx_word' id='word_1_304' title='bbox 1451 3618 1595 3667; x_wconf 89' lang='lat' dir='ltr'><strong><em>eum,</em></strong></span> <span class='ocrx_word' id='word_1_305' title='bbox 1623 3601 1714 3671; x_wconf 88' lang='lat' dir='ltr'><strong><em>qui</em></strong></span> <span class='ocrx_word' id='word_1_306' title='bbox 1741 3600 1923 3657; x_wconf 88' lang='lat' dir='ltr'><strong><em>omnia</em></strong></span> <span class='ocrx_word' id='word_1_307' title='bbox 1951 3600 2152 3665; x_wconf 90' lang='lat' dir='ltr'><strong><em>sciret,</em></strong></span> 
     </span>
    </p>
   </div>
   <div class='ocr_carea' id='block_1_37' title="bbox 574 3693 2154 3764">
    <p class='ocr_par' dir='ltr' id='par_1_37' title="bbox 574 3693 2154 3764">
     <span class='ocr_line' id='line_1_37' title="bbox 574 3693 2154 3764; baseline -0.004 -11"><span class='ocrx_word' id='word_1_308' title='bbox 574 3715 789 3754; x_wconf 83' lang='lat' dir='ltr'><strong><em>causam</em></strong></span> <span class='ocrx_word' id='word_1_309' title='bbox 812 3699 1053 3761; x_wconf 86' lang='lat' dir='ltr'><strong><em>diceret;</em></strong></span> <span class='ocrx_word' id='word_1_310' title='bbox 1085 3696 1179 3751; x_wconf 88' lang='lat' dir='ltr'><strong><em>sed</em></strong></span> <span class='ocrx_word' id='word_1_311' title='bbox 1208 3695 1335 3750; x_wconf 89' lang='lat' dir='ltr'><strong><em>illud</em></strong></span> <span class='ocrx_word' id='word_1_312' title='bbox 1364 3705 1448 3750; x_wconf 88' lang='lat' dir='ltr'><strong><em>est</em></strong></span> <span class='ocrx_word' id='word_1_313' title='bbox 1477 3710 1622 3764; x_wconf 76' lang='lat' dir='ltr'><strong><em>pur-.e</em></strong></span> <span class='ocrx_word' id='word_1_314' title='bbox 1650 3693 2018 3759; x_wconf 60' lang='lat' dir='ltr'><strong><em>conscientiae,</em></strong></span> <span class='ocrx_word' id='word_1_315' title='bbox 2047 3708 2154 3747; x_wconf 89' lang='lat' dir='ltr'><strong><em>non</em></strong></span> 
     </span>
    </p>
   </div>
   <div class='ocr_carea' id='block_1_38' title="bbox 576 3781 2155 3858">
    <p class='ocr_par' dir='ltr' id='par_1_38' title="bbox 576 3781 2155 3858">
     <span class='ocr_line' id='line_1_38' title="bbox 576 3781 2155 3858; baseline -0.004 -15"><span class='ocrx_word' id='word_1_316' title='bbox 576 3804 826 3845; x_wconf 88' lang='lat' dir='ltr'><strong><em>recusare</em></strong></span> <span class='ocrx_word' id='word_1_317' title='bbox 872 3788 1106 3858; x_wconf 90' lang='lat' dir='ltr'><strong><em>judicem</em></strong></span> <span class='ocrx_word' id='word_1_318' title='bbox 1136 3801 1225 3840; x_wconf 89' lang='lat' dir='ltr'><strong><em>res</em></strong></span> <span class='ocrx_word' id='word_1_319' title='bbox 1253 3795 1431 3856; x_wconf 78' lang='lat' dir='ltr'><strong><em>gestas</em></strong></span> <span class='ocrx_word' id='word_1_320' title='bbox 1456 3794 1703 3839; x_wconf 87' lang='lat' dir='ltr'><strong><em>accurate</em></strong></span> <span class='ocrx_word' id='word_1_321' title='bbox 1732 3785 1988 3838; x_wconf 87' lang='lat' dir='ltr'><strong><em>scientem</em></strong></span> <span class='ocrx_word' id='word_1_322' title='bbox 2011 3824 2026 3847; x_wconf 91' lang='lat'><strong><em>,</em></strong></span> <span class='ocrx_word' id='word_1_323' title='bbox 2059 3781 2155 3837; x_wconf 90' lang='lat' dir='ltr'><strong><em>sed</em></strong></span> 
     </span>
    </p>
   </div>
   <div class='ocr_carea' id='block_1_39' title="bbox 575 3873 2153 3951">
    <p class='ocr_par' dir='ltr' id='par_1_39' title="bbox 575 3873 2153 3951">
     <span class='ocr_line' id='line_1_39' title="bbox 575 3873 2153 3951; baseline -0.004 -16"><span class='ocrx_word' id='word_1_324' title='bbox 575 3893 627 3935; x_wconf 75' lang='lat' dir='ltr'><strong><em>et</em></strong></span> <span class='ocrx_word' id='word_1_325' title='bbox 673 3882 927 3951; x_wconf 86' lang='lat' dir='ltr'><strong><em>gaudere.</em></strong></span> <span class='ocrx_word' id='word_1_326' title='bbox 974 3878 1128 3935; x_wconf 89' lang='lat' dir='ltr'><strong><em>Unde</em></strong></span> <span class='ocrx_word' id='word_1_327' title='bbox 1169 3877 1261 3932; x_wconf 91' lang='lat' dir='ltr'><strong><em>ille</em></strong></span> <span class='ocrx_word' id='word_1_328' title='bbox 1307 3892 1367 3931; x_wconf 89' lang='lat' dir='ltr'><strong><em>se</em></strong></span> <span class='ocrx_word' id='word_1_329' title='bbox 1418 3877 1631 3930; x_wconf 89' lang='lat' dir='ltr'><strong><em>beatum</em></strong></span> <span class='ocrx_word' id='word_1_330' title='bbox 1678 3883 1864 3944; x_wconf 89' lang='lat' dir='ltr'><strong><em>putat,</em></strong></span> <span class='ocrx_word' id='word_1_331' title='bbox 1895 3884 1950 3928; x_wconf 89' lang='lat' dir='ltr'><strong><em>et</em></strong></span> <span class='ocrx_word' id='word_1_332' title='bbox 1977 3873 2153 3928; x_wconf 90' lang='lat' dir='ltr'><strong><em>dicit:</em></strong></span> 
     </span>
    </p>
   </div>
   <div class='ocr_carea' id='block_1_40' title="bbox 580 3970 2155 4043">
    <p class='ocr_par' dir='ltr' id='par_1_40' title="bbox 580 3970 2155 4043">
     <span class='ocr_line' id='line_1_40' title="bbox 580 3970 2155 4043; baseline -0.006 -14"><span class='ocrx_word' id='word_1_333' title='bbox 580 3976 799 4030; x_wconf 84' lang='lat' dir='ltr'><strong><em>Obsecro</em></strong></span> <span class='ocrx_word' id='word_1_334' title='bbox 847 3974 1093 4043; x_wconf 85' lang='lat' dir='ltr'><strong><em>patienter</em></strong></span> <span class='ocrx_word' id='word_1_335' title='bbox 1134 3988 1213 4025; x_wconf 91' lang='lat' dir='ltr'><strong><em>me</em></strong></span> <span class='ocrx_word' id='word_1_336' title='bbox 1259 3970 1463 4024; x_wconf 88' lang='lat' dir='ltr'><strong><em>audias.</em></strong></span> <span class='ocrx_word' id='word_1_337' title='bbox 1512 3970 1643 4039; x_wconf 85' lang='lat' dir='ltr'><strong><em>Quia</em></strong></span> <span class='ocrx_word' id='word_1_338' title='bbox 1690 3982 1991 4023; x_wconf 85' lang='lat' dir='ltr'><strong><em>sermonem</em></strong></span> <span class='ocrx_word' id='word_1_339' title='bbox 2040 3973 2155 4021; x_wconf 88' lang='lat' dir='ltr'><strong><em>erat</em></strong></span> 
     </span>
    </p>
   </div>
   <div class='ocr_carea' id='block_1_41' title="bbox 589 4060 2156 4139">
    <p class='ocr_par' dir='ltr' id='par_1_41' title="bbox 589 4060 2156 4139">
     <span class='ocr_line' id='line_1_41' title="bbox 589 4060 2156 4139; baseline -0.008 -16"><span class='ocrx_word' id='word_1_340' title='bbox 589 4070 943 4139; x_wconf 88' lang='lat' dir='ltr'><strong><em>producturus</em></strong></span> <span class='ocrx_word' id='word_1_341' title='bbox 974 4075 1029 4121; x_wconf 91' lang='lat' dir='ltr'><strong><em>et</em></strong></span> <span class='ocrx_word' id='word_1_342' title='bbox 1057 4064 1253 4135; x_wconf 88' lang='lat' dir='ltr'><strong><em>aliquid</em></strong></span> <span class='ocrx_word' id='word_1_343' title='bbox 1282 4063 1348 4118; x_wconf 91' lang='lat' dir='ltr'><strong><em>de</em></strong></span> <span class='ocrx_word' id='word_1_344' title='bbox 1378 4063 1559 4131; x_wconf 87' lang='lat' dir='ltr'><strong><em>seipso</em></strong></span> <span class='ocrx_word' id='word_1_345' title='bbox 1584 4061 1841 4121; x_wconf 87' lang='lat' dir='ltr'><strong><em>dicturus,</em></strong></span> <span class='ocrx_word' id='word_1_346' title='bbox 1876 4060 1994 4114; x_wconf 90' lang='lat' dir='ltr'><strong><em>ideo</em></strong></span> <span class='ocrx_word' id='word_1_347' title='bbox 2020 4075 2156 4128; x_wconf 70' lang='lat' dir='ltr'><strong><em>prte-</em></strong></span> 
     </span>
    </p>
   </div>
   <div class='ocr_carea' id='block_1_42' title="bbox 575 4152 2155 4230">
    <p class='ocr_par' dir='ltr' id='par_1_42' title="bbox 575 4152 2155 4230">
     <span class='ocr_line' id='line_1_42' title="bbox 575 4152 2155 4230; baseline -0.008 -14"><span class='ocrx_word' id='word_1_348' title='bbox 575 4175 842 4230; x_wconf 86' lang='lat' dir='ltr'><strong><em>oecupaus</em></strong></span> <span class='ocrx_word' id='word_1_349' title='bbox 867 4158 1123 4228; x_wconf 79' lang='lat' dir='ltr'><strong><em>rogabat,</em></strong></span> <span class='ocrx_word' id='word_1_350' title='bbox 1152 4156 1336 4210; x_wconf 89' lang='lat' dir='ltr'><strong><em>dicens</em></strong></span> <span class='ocrx_word' id='word_1_351' title='bbox 1359 4172 1371 4207; x_wconf 87' lang='lat'><strong><em>:</em></strong></span> <span class='ocrx_word' id='word_1_352' title='bbox 1396 4155 1451 4208; x_wconf 71' lang='grc'><strong>4.</strong></span> <span class='ocrx_word' id='word_1_353' title='bbox 1486 4152 1554 4206; x_wconf 87' lang='lat' dir='ltr'><strong><em>Et</em></strong></span> <span class='ocrx_word' id='word_1_354' title='bbox 1580 4153 1782 4219; x_wconf 87' lang='lat' dir='ltr'><strong><em>quidem</em></strong></span> <span class='ocrx_word' id='word_1_355' title='bbox 1810 4153 1962 4205; x_wconf 89' lang='lat' dir='ltr'><strong><em>vitam</em></strong></span> <span class='ocrx_word' id='word_1_356' title='bbox 1990 4166 2155 4203; x_wconf 88' lang='lat' dir='ltr'><strong><em>meam</em></strong></span> 
     </span>
    </p>
   </div>
   <div class='ocr_carea' id='block_1_43' title="bbox 576 4243 2157 4324">
    <p class='ocr_par' dir='ltr' id='par_1_43' title="bbox 576 4243 2157 4324">
     <span class='ocr_line' id='line_1_43' title="bbox 576 4243 2157 4324; baseline -0.007 -17"><span class='ocrx_word' id='word_1_357' title='bbox 576 4274 607 4307; x_wconf 82' lang='grc' dir='ltr'><strong><em>ιι</em></strong></span> <span class='ocrx_word' id='word_1_358' title='bbox 632 4257 921 4324; x_wconf 88' lang='lat' dir='ltr'><strong><em>juventute,</em></strong></span> <span class='ocrx_word' id='word_1_359' title='bbox 954 4265 1066 4319; x_wconf 72' lang='lat' dir='ltr'><strong><em>qua?</em></strong></span> <span class='ocrx_word' id='word_1_360' title='bbox 1088 4249 1150 4302; x_wconf 90' lang='lat' dir='ltr'><strong><em>ab</em></strong></span> <span class='ocrx_word' id='word_1_361' title='bbox 1177 4248 1319 4302; x_wconf 91' lang='lat' dir='ltr'><strong><em>initio</em></strong></span> <span class='ocrx_word' id='word_1_362' title='bbox 1352 4248 1447 4317; x_wconf 76' lang='lat' dir='ltr'><strong><em>fuit</em></strong></span> <span class='ocrx_word' id='word_1_363' title='bbox 1475 4247 1526 4298; x_wconf 89' lang='lat' dir='ltr'><strong><em>in</em></strong></span> <span class='ocrx_word' id='word_1_364' title='bbox 1558 4256 1702 4316; x_wconf 87' lang='lat' dir='ltr'><strong><em>gente</em></strong></span> <span class='ocrx_word' id='word_1_365' title='bbox 1731 4261 1841 4298; x_wconf 90' lang='lat' dir='ltr'><strong><em>mea</em></strong></span> <span class='ocrx_word' id='word_1_366' title='bbox 1868 4246 1922 4297; x_wconf 90' lang='lat' dir='ltr'><strong><em>in</em></strong></span> <span class='ocrx_word' id='word_1_367' title='bbox 1949 4243 2157 4297; x_wconf 68' lang='lat' dir='ltr'><strong><em>Jerosa-</em></strong></span> 
     </span>
    </p>
   </div>
   <div class='ocr_carea' id='block_1_44' title="bbox 577 4337 2157 4415">
    <p class='ocr_par' dir='ltr' id='par_1_44' title="bbox 577 4337 2157 4415">
     <span class='ocr_line' id='line_1_44' title="bbox 577 4337 2157 4415; baseline -0.009 -14"><span class='ocrx_word' id='word_1_368' title='bbox 577 4348 750 4415; x_wconf 77' lang='lat' dir='ltr'><strong><em>lgmis,</em></strong></span> <span class='ocrx_word' id='word_1_369' title='bbox 785 4352 1025 4397; x_wconf 88' lang='lat' dir='ltr'><strong><em>noverunt</em></strong></span> <span class='ocrx_word' id='word_1_370' title='bbox 1068 4356 1237 4394; x_wconf 83' lang='lat' dir='ltr'><strong><em>omnes</em></strong></span> <span class='ocrx_word' id='word_1_371' title='bbox 1282 4338 1476 4404; x_wconf 76' lang='lat' dir='ltr'><strong><em>Judwi,</em></strong></span> <span class='ocrx_word' id='word_1_372' title='bbox 1608 4339 1696 4408; x_wconf 88' lang='lat' dir='ltr'><strong><em>qui</em></strong></span> <span class='ocrx_word' id='word_1_373' title='bbox 1735 4337 1874 4404; x_wconf 89' lang='lat' dir='ltr'><strong><em>prius</em></strong></span> <span class='ocrx_word' id='word_1_374' title='bbox 1917 4342 2157 4389; x_wconf 88' lang='lat' dir='ltr'><strong><em>noverant</em></strong></span> 
     </span>
    </p>
   </div>
   <div class='ocr_carea' id='block_1_45' title="bbox 581 4427 2156 4499">
    <p class='ocr_par' dir='ltr' id='par_1_45' title="bbox 581 4427 2156 4499">
     <span class='ocr_line' id='line_1_45' title="bbox 581 4427 2156 4499; baseline -0.008 -8"><span class='ocrx_word' id='word_1_375' title='bbox 581 4454 659 4491; x_wconf 91' lang='lat' dir='ltr'><strong><em>me</em></strong></span> <span class='ocrx_word' id='word_1_376' title='bbox 684 4438 746 4490; x_wconf 89' lang='lat' dir='ltr'><strong><em>ab</em></strong></span> <span class='ocrx_word' id='word_1_377' title='bbox 777 4436 923 4490; x_wconf 85' lang='lat' dir='ltr'><strong><em>initio</em></strong></span> <span class='ocrx_word' id='word_1_378' title='bbox 943 4475 955 4499; x_wconf 88' lang='lat'><strong><em>,</em></strong></span> <span class='ocrx_word' id='word_1_379' title='bbox 993 4432 1036 4486; x_wconf 90' lang='lat' dir='ltr'><strong><em>si</em></strong></span> <span class='ocrx_word' id='word_1_380' title='bbox 1063 4431 1214 4485; x_wconf 86' lang='lat' dir='ltr'><strong><em>velint</em></strong></span> <span class='ocrx_word' id='word_1_381' title='bbox 1244 4430 1581 4484; x_wconf 87' lang='lat' dir='ltr'><strong><em>testimonium</em></strong></span> <span class='ocrx_word' id='word_1_382' title='bbox 1611 4428 1887 4499; x_wconf 88' lang='lat' dir='ltr'><strong><em>perhibere,</em></strong></span> <span class='ocrx_word' id='word_1_383' title='bbox 1916 4427 2050 4495; x_wconf 89' lang='lat' dir='ltr'><strong><em>quod</em></strong></span> <span class='ocrx_word' id='word_1_384' title='bbox 2078 4443 2156 4481; x_wconf 86' lang='lat' dir='ltr'><strong><em>se-</em></strong></span> 
     </span>
    </p>
   </div>
   <div class='ocr_carea' id='block_1_46' title="bbox 579 4518 2158 4589">
    <p class='ocr_par' dir='ltr' id='par_1_46' title="bbox 579 4518 2158 4589">
     <span class='ocr_line' id='line_1_46' title="bbox 579 4518 2158 4589; baseline -0.008 -5"><span class='ocrx_word' id='word_1_385' title='bbox 579 4530 800 4584; x_wconf 86' lang='lat' dir='ltr'><strong><em>cundum</em></strong></span> <span class='ocrx_word' id='word_1_386' title='bbox 840 4525 1273 4580; x_wconf 89' lang='lat' dir='ltr'><strong><em>accuratissimam</em></strong></span> <span class='ocrx_word' id='word_1_387' title='bbox 1316 4532 1501 4576; x_wconf 88' lang='lat' dir='ltr'><strong><em>sectant</em></strong></span> <span class='ocrx_word' id='word_1_388' title='bbox 1532 4532 1717 4574; x_wconf 72' lang='lat' dir='ltr'><strong><em>nostra:</em></strong></span> <span class='ocrx_word' id='word_1_389' title='bbox 1740 4519 1995 4589; x_wconf 81' lang='lat' dir='ltr'><strong><em>religionis</em></strong></span> <span class='ocrx_word' id='word_1_390' title='bbox 2021 4518 2158 4572; x_wconf 79' lang='lat' dir='ltr'><strong><em>vixe-</em></strong></span> 
     </span>
    </p>
   </div>
   <div class='ocr_carea' id='block_1_47' title="bbox 578 4612 2151 4683">
    <p class='ocr_par' dir='ltr' id='par_1_47' title="bbox 578 4612 2151 4683">
     <span class='ocr_line' id='line_1_47' title="bbox 578 4612 2151 4683; baseline -0.01 -6"><span class='ocrx_word' id='word_1_391' title='bbox 578 4628 675 4680; x_wconf 87' lang='lat' dir='ltr'><strong><em>rim</em></strong></span> <span class='ocrx_word' id='word_1_392' title='bbox 712 4622 1023 4675; x_wconf 78' lang='lat' dir='ltr'><strong><em>Pharisazus.</em></strong></span> <span class='ocrx_word' id='word_1_393' title='bbox 1057 4617 1113 4672; x_wconf 87' lang='lat' dir='ltr'><strong><em>ld</em></strong></span> <span class='ocrx_word' id='word_1_394' title='bbox 1142 4626 1262 4672; x_wconf 91' lang='lat' dir='ltr'><strong><em>est:</em></strong></span> <span class='ocrx_word' id='word_1_395' title='bbox 1296 4612 1578 4683; x_wconf 86' lang='lat' dir='ltr'><strong><em>Quomodo</em></strong></span> <span class='ocrx_word' id='word_1_396' title='bbox 1609 4613 1895 4667; x_wconf 89' lang='lat' dir='ltr'><strong><em>seditiosus</em></strong></span> <span class='ocrx_word' id='word_1_397' title='bbox 1925 4612 2109 4665; x_wconf 83' lang='lat' dir='ltr'><strong><em>luerim</em></strong></span> <span class='ocrx_word' id='word_1_398' title='bbox 2135 4651 2151 4674; x_wconf 89' lang='lat'><strong><em>,</em></strong></span> 
     </span>
    </p>
   </div>
   <div class='ocr_carea' id='block_1_48' title="bbox 580 4700 2156 4783">
    <p class='ocr_par' dir='ltr' id='par_1_48' title="bbox 580 4700 2156 4783">
     <span class='ocr_line' id='line_1_48' title="bbox 580 4700 2156 4783; baseline -0.008 -13"><span class='ocrx_word' id='word_1_399' title='bbox 580 4728 685 4770; x_wconf 89' lang='lat' dir='ltr'><strong><em>tam</em></strong></span> <span class='ocrx_word' id='word_1_400' title='bbox 711 4712 923 4783; x_wconf 77' lang='lat' dir='ltr'><strong><em>juvenis</em></strong></span> <span class='ocrx_word' id='word_1_401' title='bbox 953 4719 1006 4764; x_wconf 90' lang='lat' dir='ltr'><strong><em>et</em></strong></span> <span class='ocrx_word' id='word_1_402' title='bbox 1031 4707 1390 4764; x_wconf 87' lang='lat' dir='ltr'><strong><em>testimonium</em></strong></span> <span class='ocrx_word' id='word_1_403' title='bbox 1424 4704 1624 4759; x_wconf 88' lang='lat' dir='ltr'><strong><em>habens</em></strong></span> <span class='ocrx_word' id='word_1_404' title='bbox 1653 4703 1928 4758; x_wconf 83' lang='lat' dir='ltr'><strong><em>onmium?</em></strong></span> <span class='ocrx_word' id='word_1_405' title='bbox 1956 4700 2156 4757; x_wconf 88' lang='lat' dir='ltr'><strong><em>Deinde</em></strong></span> 
     </span>
    </p>
   </div>
   <div class='ocr_carea' id='block_1_49' title="bbox 584 4792 2156 4878">
    <p class='ocr_par' dir='ltr' id='par_1_49' title="bbox 584 4792 2156 4878">
     <span class='ocr_line' id='line_1_49' title="bbox 584 4792 2156 4878; baseline -0.011 -14"><span class='ocrx_word' id='word_1_406' title='bbox 584 4812 631 4864; x_wconf 90' lang='lat' dir='ltr'><strong><em>id</em></strong></span> <span class='ocrx_word' id='word_1_407' title='bbox 657 4807 897 4878; x_wconf 85' lang='lat' dir='ltr'><strong><em>probata</em></strong></span> <span class='ocrx_word' id='word_1_408' title='bbox 927 4809 1095 4865; x_wconf 89' lang='lat' dir='ltr'><strong><em>secta,</em></strong></span> <span class='ocrx_word' id='word_1_409' title='bbox 1128 4798 1276 4852; x_wconf 85' lang='lat' dir='ltr'><strong><em>addit</em></strong></span> <span class='ocrx_word' id='word_1_410' title='bbox 1301 4798 1443 4851; x_wconf 88' lang='lat' dir='ltr'><strong><em>enim</em></strong></span> <span class='ocrx_word' id='word_1_411' title='bbox 1471 4815 1483 4848; x_wconf 90' lang='lat'><strong><em>:</em></strong></span> <span class='ocrx_word' id='word_1_412' title='bbox 1519 4795 1809 4849; x_wconf 87' lang='lat' dir='ltr'><strong><em>Secundum</em></strong></span> <span class='ocrx_word' id='word_1_413' title='bbox 1837 4792 2156 4846; x_wconf 79' lang='lat' dir='ltr'><strong><em>accuratissi-</em></strong></span> 
     </span>
    </p>
   </div>
   <div class='ocr_carea' id='block_1_50' title="bbox 579 4884 2156 4969">
    <p class='ocr_par' dir='ltr' id='par_1_50' title="bbox 579 4884 2156 4969">
     <span class='ocr_line' id='line_1_50' title="bbox 579 4884 2156 4969; baseline -0.012 -12"><span class='ocrx_word' id='word_1_414' title='bbox 579 4918 714 4957; x_wconf 86' lang='lat' dir='ltr'><strong><em>mam</em></strong></span> <span class='ocrx_word' id='word_1_415' title='bbox 741 4897 999 4969; x_wconf 86' lang='lat' dir='ltr'><strong><em>religionis</em></strong></span> <span class='ocrx_word' id='word_1_416' title='bbox 1037 4903 1223 4947; x_wconf 76' lang='lat' dir='ltr'><strong><em>nostra:</em></strong></span> <span class='ocrx_word' id='word_1_417' title='bbox 1261 4902 1445 4945; x_wconf 88' lang='lat' dir='ltr'><strong><em>sectam</em></strong></span> <span class='ocrx_word' id='word_1_418' title='bbox 1472 4888 1596 4941; x_wconf 84' lang='lat' dir='ltr'><strong><em>vixi.</em></strong></span> <span class='ocrx_word' id='word_1_419' title='bbox 1625 4886 1688 4940; x_wconf 86' lang='lat' dir='ltr'><strong><em>Et</em></strong></span> <span class='ocrx_word' id='word_1_420' title='bbox 1717 4886 1840 4956; x_wconf 86' lang='lat' dir='ltr'><strong><em>quia</em></strong></span> <span class='ocrx_word' id='word_1_421' title='bbox 1867 4884 2156 4939; x_wconf 81' lang='lat' dir='ltr'><strong><em>verisimile</em></strong></span> 
     </span>
    </p>
   </div>
   <div class='ocr_carea' id='block_1_51' title="bbox 580 4978 2153 5059">
    <p class='ocr_par' dir='ltr' id='par_1_51' title="bbox 580 4978 2153 5059">
     <span class='ocr_line' id='line_1_51' title="bbox 580 4978 2153 5059; baseline -0.01 -14"><span class='ocrx_word' id='word_1_422' title='bbox 580 5002 732 5054; x_wconf 76' lang='lat' dir='ltr'><strong><em>erat,</em></strong></span> <span class='ocrx_word' id='word_1_423' title='bbox 776 4990 1038 5059; x_wconf 84' lang='lat' dir='ltr'><strong><em>quosdam</em></strong></span> <span class='ocrx_word' id='word_1_424' title='bbox 1068 4986 1308 5039; x_wconf 88' lang='lat' dir='ltr'><strong><em>dicturos</em></strong></span> <span class='ocrx_word' id='word_1_425' title='bbox 1355 4995 1511 5036; x_wconf 89' lang='lat' dir='ltr'><strong><em>esse:</em></strong></span> <span class='ocrx_word' id='word_1_426' title='bbox 1555 4978 1689 5046; x_wconf 86' lang='lat' dir='ltr'><strong><em>Quid</em></strong></span> <span class='ocrx_word' id='word_1_427' title='bbox 1735 4992 1893 5046; x_wconf 84' lang='lat' dir='ltr'><strong><em>ergo,</em></strong></span> <span class='ocrx_word' id='word_1_428' title='bbox 1924 4978 1967 5030; x_wconf 91' lang='lat' dir='ltr'><strong><em>si</em></strong></span> <span class='ocrx_word' id='word_1_429' title='bbox 2011 4987 2153 5030; x_wconf 84' lang='lat' dir='ltr'><strong><em>secta</em></strong></span> 
     </span>
    </p>
   </div>
   <div class='ocr_carea' id='block_1_52' title="bbox 577 5070 2155 5149">
    <p class='ocr_par' dir='ltr' id='par_1_52' title="bbox 577 5070 2155 5149">
     <span class='ocr_line' id='line_1_52' title="bbox 577 5070 2155 5149; baseline -0.008 -14"><span class='ocrx_word' id='word_1_430' title='bbox 577 5082 791 5149; x_wconf 86' lang='lat' dir='ltr'><strong><em>quidem</em></strong></span> <span class='ocrx_word' id='word_1_431' title='bbox 824 5080 1080 5134; x_wconf 87' lang='lat' dir='ltr'><strong><em>mirabilis</em></strong></span> <span class='ocrx_word' id='word_1_432' title='bbox 1124 5078 1195 5131; x_wconf 90' lang='lat' dir='ltr'><strong><em>sit</em></strong></span> <span class='ocrx_word' id='word_1_433' title='bbox 1215 5118 1231 5138; x_wconf 85' lang='lat'><strong><em>,</em></strong></span> <span class='ocrx_word' id='word_1_434' title='bbox 1264 5085 1316 5128; x_wconf 93' lang='lat' dir='ltr'><strong><em>tu</em></strong></span> <span class='ocrx_word' id='word_1_435' title='bbox 1347 5087 1477 5127; x_wconf 82' lang='lat' dir='ltr'><strong><em>vero</em></strong></span> <span class='ocrx_word' id='word_1_436' title='bbox 1502 5071 1715 5127; x_wconf 87' lang='lat' dir='ltr'><strong><em>malus?</em></strong></span> <span class='ocrx_word' id='word_1_437' title='bbox 1742 5070 1863 5123; x_wconf 85' lang='lat' dir='ltr'><strong><em>vide</em></strong></span> <span class='ocrx_word' id='word_1_438' title='bbox 1889 5070 2155 5138; x_wconf 90' lang='lat' dir='ltr'><strong><em>quomodo</em></strong></span> 
     </span>
    </p>
   </div>
   <div class='ocr_carea' id='block_1_53' title="bbox 580 5159 2150 5239">
    <p class='ocr_par' dir='ltr' id='par_1_53' title="bbox 580 5159 2150 5239">
     <span class='ocr_line' id='line_1_53' title="bbox 580 5159 2150 5239; baseline -0.011 -10"><span class='ocrx_word' id='word_1_439' title='bbox 580 5176 705 5230; x_wconf 88' lang='lat' dir='ltr'><strong><em>huic</em></strong></span> <span class='ocrx_word' id='word_1_440' title='bbox 728 5182 972 5227; x_wconf 86' lang='lat' dir='ltr'><strong><em>occurrat</em></strong></span> <span class='ocrx_word' id='word_1_441' title='bbox 1008 5169 1294 5239; x_wconf 72' lang='lat' dir='ltr'><strong><em>olijeetioni</em></strong></span> <span class='ocrx_word' id='word_1_442' title='bbox 1332 5183 1345 5219; x_wconf 93' lang='lat'><strong><em>:</em></strong></span> <span class='ocrx_word' id='word_1_443' title='bbox 1380 5173 1545 5219; x_wconf 85' lang='lat' dir='ltr'><strong><em>testes</em></strong></span> <span class='ocrx_word' id='word_1_444' title='bbox 1591 5163 1734 5216; x_wconf 90' lang='lat' dir='ltr'><strong><em>enim</em></strong></span> <span class='ocrx_word' id='word_1_445' title='bbox 1780 5159 2006 5213; x_wconf 86' lang='lat' dir='ltr'><strong><em>advocat</em></strong></span> <span class='ocrx_word' id='word_1_446' title='bbox 2035 5175 2150 5213; x_wconf 82' lang='lat' dir='ltr'><strong><em>om-</em></strong></span> 
     </span>
    </p>
   </div>
   <div class='ocr_carea' id='block_1_54' title="bbox 582 5252 2154 5330">
    <p class='ocr_par' dir='ltr' id='par_1_54' title="bbox 582 5252 2154 5330">
     <span class='ocr_line' id='line_1_54' title="bbox 582 5252 2154 5330; baseline -0.011 -10"><span class='ocrx_word' id='word_1_447' title='bbox 582 5281 679 5320; x_wconf 88' lang='lat' dir='ltr'><strong><em>nes</em></strong></span> <span class='ocrx_word' id='word_1_448' title='bbox 726 5264 937 5319; x_wconf 84' lang='lat' dir='ltr'><strong><em>Judaeos</em></strong></span> <span class='ocrx_word' id='word_1_449' title='bbox 961 5303 976 5326; x_wconf 95' lang='lat'><strong><em>,</em></strong></span> <span class='ocrx_word' id='word_1_450' title='bbox 1005 5262 1094 5330; x_wconf 90' lang='lat' dir='ltr'><strong><em>qui</em></strong></span> <span class='ocrx_word' id='word_1_451' title='bbox 1123 5260 1238 5329; x_wconf 85' lang='lat' dir='ltr'><strong><em>ejus</em></strong></span> <span class='ocrx_word' id='word_1_452' title='bbox 1266 5259 1426 5312; x_wconf 88' lang='lat' dir='ltr'><strong><em>vitam</em></strong></span> <span class='ocrx_word' id='word_1_453' title='bbox 1454 5265 1509 5310; x_wconf 90' lang='lat' dir='ltr'><strong><em>et</em></strong></span> <span class='ocrx_word' id='word_1_454' title='bbox 1548 5252 2008 5309; x_wconf 85' lang='lat' dir='ltr'><strong><em>conversationem</em></strong></span> <span class='ocrx_word' id='word_1_455' title='bbox 2052 5266 2154 5317; x_wconf 86' lang='lat' dir='ltr'><strong><em>tto-</em></strong></span> 
     </span>
    </p>
   </div>
   <div class='ocr_carea' id='block_1_55' title="bbox 581 5342 2154 5421">
    <p class='ocr_par' dir='ltr' id='par_1_55' title="bbox 581 5342 2154 5421">
     <span class='ocr_line' id='line_1_55' title="bbox 581 5342 2154 5421; baseline -0.013 -8"><span class='ocrx_word' id='word_1_456' title='bbox 581 5367 721 5413; x_wconf 88' lang='lat' dir='ltr'><strong><em>raut.</em></strong></span> <span class='ocrx_word' id='word_1_457' title='bbox 771 5356 987 5417; x_wconf 89' lang='lat' dir='ltr'><strong><em>Sciunt,</em></strong></span> <span class='ocrx_word' id='word_1_458' title='bbox 1036 5353 1246 5421; x_wconf 90' lang='lat' dir='ltr'><strong><em>inquit,</em></strong></span> <span class='ocrx_word' id='word_1_459' title='bbox 1277 5365 1448 5402; x_wconf 91' lang='lat' dir='ltr'><strong><em>omnes</em></strong></span> <span class='ocrx_word' id='word_1_460' title='bbox 1492 5345 1700 5411; x_wconf 63' lang='lat' dir='ltr'><strong><em>Judaei,</em></strong></span> <span class='ocrx_word' id='word_1_461' title='bbox 1753 5345 1838 5413; x_wconf 87' lang='lat' dir='ltr'><strong><em>qui</em></strong></span> <span class='ocrx_word' id='word_1_462' title='bbox 1890 5360 1967 5395; x_wconf 87' lang='lat' dir='ltr'><strong><em>me</em></strong></span> <span class='ocrx_word' id='word_1_463' title='bbox 2013 5342 2154 5412; x_wconf 89' lang='lat' dir='ltr'><strong><em>prius</em></strong></span> 
     </span>
    </p>
   </div>
   <div class='ocr_carea' id='block_1_56' title="bbox 580 5434 2153 5513">
    <p class='ocr_par' dir='ltr' id='par_1_56' title="bbox 580 5434 2153 5513">
     <span class='ocr_line' id='line_1_56' title="bbox 580 5434 2153 5513; baseline -0.011 -7"><span class='ocrx_word' id='word_1_464' title='bbox 580 5459 846 5513; x_wconf 88' lang='lat' dir='ltr'><strong><em>noverunt,</em></strong></span> <span class='ocrx_word' id='word_1_465' title='bbox 878 5447 923 5501; x_wconf 92' lang='lat' dir='ltr'><strong><em>si</em></strong></span> <span class='ocrx_word' id='word_1_466' title='bbox 972 5446 1123 5500; x_wconf 88' lang='lat' dir='ltr'><strong><em>velint</em></strong></span> <span class='ocrx_word' id='word_1_467' title='bbox 1172 5442 1508 5496; x_wconf 89' lang='lat' dir='ltr'><strong><em>testimonium</em></strong></span> <span class='ocrx_word' id='word_1_468' title='bbox 1535 5440 1683 5508; x_wconf 77' lang='lat' dir='ltr'><strong><em>ferre.</em></strong></span> <span class='ocrx_word' id='word_1_469' title='bbox 1727 5437 1780 5491; x_wconf 83' lang='lat'><strong><em>6.</em></strong></span> <span class='ocrx_word' id='word_1_470' title='bbox 1830 5434 1895 5487; x_wconf 83' lang='lat' dir='ltr'><strong><em>Et</em></strong></span> <span class='ocrx_word' id='word_1_471' title='bbox 1925 5451 2056 5487; x_wconf 84' lang='lat' dir='ltr'><strong><em>nunc</em></strong></span> <span class='ocrx_word' id='word_1_472' title='bbox 2101 5436 2153 5488; x_wconf 87' lang='lat' dir='ltr'><strong><em>in</em></strong></span> 
     </span>
    </p>
   </div>
   <div class='ocr_carea' id='block_1_57' title="bbox 578 5532 2152 5616">
    <p class='ocr_par' dir='ltr' id='par_1_57' title="bbox 578 5532 2152 5616">
     <span class='ocr_line' id='line_1_57' title="bbox 578 5532 2152 5616; baseline -0.016 -13"><span class='ocrx_word' id='word_1_473' title='bbox 578 5563 668 5616; x_wconf 89' lang='lat' dir='ltr'><strong><em>spe</em></strong></span> <span class='ocrx_word' id='word_1_474' title='bbox 709 5540 1113 5614; x_wconf 87' lang='lat' dir='ltr'><strong><em>repromissionis</em></strong></span> <span class='ocrx_word' id='word_1_475' title='bbox 1134 5578 1147 5597; x_wconf 89' lang='lat'><strong><em>,</em></strong></span> <span class='ocrx_word' id='word_1_476' title='bbox 1180 5550 1292 5606; x_wconf 71' lang='lat' dir='ltr'><strong><em>qua:</em></strong></span> <span class='ocrx_word' id='word_1_477' title='bbox 1317 5536 1383 5586; x_wconf 91' lang='lat' dir='ltr'><strong><em>ad</em></strong></span> <span class='ocrx_word' id='word_1_478' title='bbox 1407 5543 1573 5603; x_wconf 89' lang='lat' dir='ltr'><strong><em>patres</em></strong></span> <span class='ocrx_word' id='word_1_479' title='bbox 1602 5540 1801 5584; x_wconf 89' lang='lat' dir='ltr'><strong><em>nostros</em></strong></span> <span class='ocrx_word' id='word_1_480' title='bbox 1842 5532 1976 5599; x_wconf 79' lang='lat' dir='ltr'><strong><em>facta</em></strong></span> <span class='ocrx_word' id='word_1_481' title='bbox 2020 5536 2090 5580; x_wconf 90' lang='lat' dir='ltr'><strong><em>est</em></strong></span> <span class='ocrx_word' id='word_1_482' title='bbox 2120 5543 2152 5579; x_wconf 90' lang='lat' dir='ltr'><strong><em>a</em></strong></span> 
     </span>
    </p>
   </div>
   <div class='ocr_carea' id='block_1_58' title="bbox 579 5619 2153 5705">
    <p class='ocr_par' dir='ltr' id='par_1_58' title="bbox 579 5619 2153 5705">
     <span class='ocr_line' id='line_1_58' title="bbox 579 5619 2153 5705; baseline -0.017 -10"><span class='ocrx_word' id='word_1_483' title='bbox 579 5637 709 5703; x_wconf 86' lang='lat' dir='ltr'><strong><em>Deo,</em></strong></span> <span class='ocrx_word' id='word_1_484' title='bbox 737 5646 815 5692; x_wconf 88' lang='lat' dir='ltr'><strong><em>sto</em></strong></span> <span class='ocrx_word' id='word_1_485' title='bbox 847 5632 1048 5705; x_wconf 86' lang='lat' dir='ltr'><strong><em>judicio</em></strong></span> <span class='ocrx_word' id='word_1_486' title='bbox 1071 5628 1321 5696; x_wconf 85' lang='lat' dir='ltr'><strong><em>subjectus</em></strong></span> <span class='ocrx_word' id='word_1_487' title='bbox 1344 5639 1367 5679; x_wconf 85' lang='lat'><strong><em>:</em></strong></span> <span class='ocrx_word' id='word_1_488' title='bbox 1396 5625 1448 5677; x_wconf 92' lang='grc'><strong><em>7.</em></strong></span> <span class='ocrx_word' id='word_1_489' title='bbox 1494 5626 1548 5677; x_wconf 89' lang='lat' dir='ltr'><strong><em>in</em></strong></span> <span class='ocrx_word' id='word_1_490' title='bbox 1572 5637 1723 5691; x_wconf 88' lang='lat' dir='ltr'><strong><em>quant</em></strong></span> <span class='ocrx_word' id='word_1_491' title='bbox 1752 5619 2017 5673; x_wconf 88' lang='lat' dir='ltr'><strong><em>duodecim</em></strong></span> <span class='ocrx_word' id='word_1_492' title='bbox 2061 5619 2153 5671; x_wconf 85' lang='lat' dir='ltr'><strong><em>tri-</em></strong></span> 
     </span>
    </p>
   </div>
   <div class='ocr_carea' id='block_1_59' title="bbox 585 5731 2151 5860">
    <p class='ocr_par' dir='ltr' id='par_1_59' title="bbox 585 5731 2151 5860">
     <span class='ocr_line' id='line_1_59' title="bbox 585 5731 2151 5860; baseline -0.012 -61"><span class='ocrx_word' id='word_1_493' title='bbox 585 5807 624 5860; x_wconf 69' lang='lat' dir='ltr'><strong><em>C</em></strong></span> <span class='ocrx_word' id='word_1_494' title='bbox 651 5751 688 5857; x_wconf 66' lang='lat' dir='ltr'><strong><em>‘d</em></strong></span> <span class='ocrx_word' id='word_1_495' title='bbox 704 5757 811 5800; x_wconf 70' lang='lat' dir='ltr'><strong><em>Haec</em></strong></span> <span class='ocrx_word' id='word_1_496' title='bbox 835 5788 849 5808; x_wconf 87' lang='lat'><strong><em>,</em></strong></span> <span class='ocrx_word' id='word_1_497' title='bbox 875 5748 937 5799; x_wconf 89' lang='lat' dir='ltr'><strong><em>de</em></strong></span> <span class='ocrx_word' id='word_1_498' title='bbox 983 5739 1057 5794; x_wconf 88' lang='lat' dir='ltr'><strong><em>his</em></strong></span> <span class='ocrx_word' id='word_1_499' title='bbox 1098 5738 1259 5792; x_wconf 79' lang='lat' dir='ltr'><strong><em>volens</em></strong></span> <span class='ocrx_word' id='word_1_500' title='bbox 1286 5732 1475 5800; x_wconf 85' lang='lat' dir='ltr'><strong><em>aliquid</em></strong></span> <span class='ocrx_word' id='word_1_501' title='bbox 1520 5732 1735 5794; x_wconf 86' lang='lat' dir='ltr'><strong><em>discere,</em></strong></span> <span class='ocrx_word' id='word_1_502' title='bbox 1768 5731 1946 5783; x_wconf 85' lang='lat' dir='ltr'><strong><em>desunt</em></strong></span> <span class='ocrx_word' id='word_1_503' title='bbox 1980 5733 2029 5781; x_wconf 88' lang='lat' dir='ltr'><strong><em>in</em></strong></span> <span class='ocrx_word' id='word_1_504' title='bbox 2052 5742 2151 5781; x_wconf 88' lang='lat' dir='ltr'><strong><em>uno</em></strong></span> 
     </span>
     <span class='ocr_line' id='line_1_60' title="bbox 625 5820 706 5855; baseline -0.025 0"><span class='ocrx_word' id='word_1_505' title='bbox 625 5820 653 5855; x_wconf 91' lang='lat' dir='ltr'><strong><em>o</em></strong></span> <span class='ocrx_word' id='word_1_506' title='bbox 694 5840 706 5853; x_wconf 93' lang='lat'><strong><em>.</em></strong></span> 
     </span>
    </p>
   </div>
   <div class='ocr_carea' id='block_1_60' title="bbox 625 5820 706 5855">
    <p class='ocr_par' dir='ltr' id='par_1_60' title="bbox 625 5820 706 5855">
     <span class='ocr_line' id='line_1_61' title="bbox 625 5820 706 5855; baseline -0.025 0"><span class='ocrx_word' id='word_1_507' title='bbox 625 5820 706 5855; x_wconf 74' lang='lat' dir='ltr'><strong><em>Od.</em></strong></span> 
     </span>
    </p>
   </div>
   <div class='ocr_carea' id='block_1_61' title="bbox 1320 5921 1345 5931">
    <p class='ocr_par' dir='ltr' id='par_1_61' title="bbox 1320 5921 1345 5931">
     <span class='ocr_line' id='line_1_62' title="bbox 1320 5921 1345 5931; baseline 0 0"><span class='ocrx_word' id='word_1_508' title='bbox 1320 5921 1345 5931; x_wconf 69' lang='grc' dir='ltr'><strong><em>-ο</em></strong></span> 
     </span>
    </p>
   </div>
   <div class='ocr_carea' id='block_1_62' title="bbox 1348 358 3149 427">
    <p class='ocr_par' dir='ltr' id='par_1_62' title="bbox 1348 358 3149 427">
     <span class='ocr_line' id='line_1_63' title="bbox 1348 358 3149 427; baseline -0.007 -1"><span class='ocrx_word' id='word_1_509' title='bbox 1348 372 1405 427; x_wconf 90' lang='lat' dir='ltr'><strong><em>S.</em></strong></span> <span class='ocrx_word' id='word_1_510' title='bbox 1444 368 1720 426; x_wconf 80' lang='lat' dir='ltr'><strong><em>JOANNIS</em></strong></span> <span class='ocrx_word' id='word_1_511' title='bbox 1753 363 2235 422; x_wconf 78' lang='lat' dir='ltr'><strong><em>CHRYSOSTOMI</em></strong></span> <span class='ocrx_word' id='word_1_512' title='bbox 2263 360 2577 417; x_wconf 73' lang='lat' dir='ltr'><strong><em>AliCHlEP.</em></strong></span> <span class='ocrx_word' id='word_1_513' title='bbox 2619 358 3149 416; x_wconf 76' lang='lat' dir='ltr'><strong><em>CONSTANTINOP.</em></strong></span> 
     </span>
    </p>
   </div>
   <div class='ocr_carea' id='block_1_63' title="bbox 3732 355 3828 413">
    <p class='ocr_par' dir='ltr' id='par_1_63' title="bbox 3732 355 3828 413">
     <span class='ocr_line' id='line_1_64' title="bbox 3732 355 3828 413; baseline 0 0"><span class='ocrx_word' id='word_1_514' title='bbox 3732 355 3828 413; x_wconf 75' lang='lat'><strong><em>500</em></strong></span> 
     </span>
    </p>
   </div>
   <div class='ocr_carea' id='block_1_64' title="bbox 2260 471 3828 541">
    <p class='ocr_par' dir='ltr' id='par_1_64' title="bbox 2260 471 3828 541">
     <span class='ocr_line' id='line_1_65' title="bbox 2260 471 3828 541; baseline 0.003 -17"><span class='ocrx_word' id='word_1_515' title='bbox 2260 472 2352 524; x_wconf 87' lang='lat' dir='ltr'><strong><em>bus</em></strong></span> <span class='ocrx_word' id='word_1_516' title='bbox 2378 481 2584 537; x_wconf 71' lang='lat' dir='ltr'><strong><em>nostris,</em></strong></span> <span class='ocrx_word' id='word_1_517' title='bbox 2612 482 2756 527; x_wconf 87' lang='lat' dir='ltr'><strong><em>nocte</em></strong></span> <span class='ocrx_word' id='word_1_518' title='bbox 2779 487 2840 525; x_wconf 91' lang='lat' dir='ltr'><strong><em>ac</em></strong></span> <span class='ocrx_word' id='word_1_519' title='bbox 2869 472 2951 525; x_wconf 92' lang='lat' dir='ltr'><strong><em>die</em></strong></span> <span class='ocrx_word' id='word_1_520' title='bbox 2975 471 3327 538; x_wconf 70' lang='lat' dir='ltr'><strong><em>deservientes,</em></strong></span> <span class='ocrx_word' id='word_1_521' title='bbox 3345 482 3553 541; x_wconf 85' lang='lat' dir='ltr'><strong><em>sperant</em></strong></span> <span class='ocrx_word' id='word_1_522' title='bbox 3577 471 3828 528; x_wconf 71' lang='lat' dir='ltr'><strong><em>devenire:</em></strong></span> 
     </span>
    </p>
   </div>
   <div class='ocr_carea' id='block_1_65' title="bbox 2260 562 3834 635">
    <p class='ocr_par' dir='ltr' id='par_1_65' title="bbox 2260 562 3834 635">
     <span class='ocr_line' id='line_1_66' title="bbox 2260 562 3834 635; baseline 0.002 -18"><span class='ocrx_word' id='word_1_523' title='bbox 2260 567 2323 617; x_wconf 87' lang='lat' dir='ltr'><strong><em>de</em></strong></span> <span class='ocrx_word' id='word_1_524' title='bbox 2348 579 2448 635; x_wconf 86' lang='lat' dir='ltr'><strong><em>qua</em></strong></span> <span class='ocrx_word' id='word_1_525' title='bbox 2476 578 2585 631; x_wconf 88' lang='lat' dir='ltr'><strong><em>spe,</em></strong></span> <span class='ocrx_word' id='word_1_526' title='bbox 2616 579 2708 617; x_wconf 85' lang='lat' dir='ltr'><strong><em>rex</em></strong></span> <span class='ocrx_word' id='word_1_527' title='bbox 2748 564 2996 634; x_wconf 83' lang='lat' dir='ltr'><strong><em>Agrippa,</em></strong></span> <span class='ocrx_word' id='word_1_528' title='bbox 3030 579 3242 616; x_wconf 89' lang='lat' dir='ltr'><strong><em>accusor</em></strong></span> <span class='ocrx_word' id='word_1_529' title='bbox 3272 579 3303 615; x_wconf 93' lang='lat' dir='ltr'><strong><em>a</em></strong></span> <span class='ocrx_word' id='word_1_530' title='bbox 3330 562 3548 617; x_wconf 77' lang='lat' dir='ltr'><strong><em>Judteis.</em></strong></span> <span class='ocrx_word' id='word_1_531' title='bbox 3584 562 3641 617; x_wconf 90' lang='lat'><strong><em>8.</em></strong></span> <span class='ocrx_word' id='word_1_532' title='bbox 3676 564 3801 629; x_wconf 84' lang='lat' dir='ltr'><strong><em>Quid</em></strong></span> <span class='ocrx_word' id='word_1_533' title='bbox 3816 576 3834 620; x_wconf 65' lang='grc' dir='ltr'><em>Υ</em></span> 
     </span>
    </p>
   </div>
   <div class='ocr_carea' id='block_1_66' title="bbox 2260 654 3825 724">
    <p class='ocr_par' dir='ltr' id='par_1_66' title="bbox 2260 654 3825 724">
     <span class='ocr_line' id='line_1_67' title="bbox 2260 654 3825 724; baseline 0.002 -19"><span class='ocrx_word' id='word_1_534' title='bbox 2260 654 2548 707; x_wconf 85' lang='lat' dir='ltr'><strong><em>incredibile</em></strong></span> <span class='ocrx_word' id='word_1_535' title='bbox 2585 655 2852 723; x_wconf 88' lang='lat' dir='ltr'><strong><em>judicatur</em></strong></span> <span class='ocrx_word' id='word_1_536' title='bbox 2876 655 3015 724; x_wconf 88' lang='lat' dir='ltr'><strong><em>apud</em></strong></span> <span class='ocrx_word' id='word_1_537' title='bbox 3039 670 3125 708; x_wconf 87' lang='lat' dir='ltr'><strong><em>vos</em></strong></span> <span class='ocrx_word' id='word_1_538' title='bbox 3149 696 3165 721; x_wconf 97' lang='lat'><strong><em>,</em></strong></span> <span class='ocrx_word' id='word_1_539' title='bbox 3196 656 3240 707; x_wconf 89' lang='lat' dir='ltr'><strong><em>si</em></strong></span> <span class='ocrx_word' id='word_1_540' title='bbox 3266 654 3403 709; x_wconf 85' lang='lat' dir='ltr'><strong><em>Deus</em></strong></span> <span class='ocrx_word' id='word_1_541' title='bbox 3430 666 3656 710; x_wconf 89' lang='lat' dir='ltr'><strong><em>mortuos</em></strong></span> <span class='ocrx_word' id='word_1_542' title='bbox 3682 660 3825 708; x_wconf 80' lang='lat' dir='ltr'><strong><em>susci-</em></strong></span> 
     </span>
    </p>
   </div>
   <div class='ocr_carea' id='block_1_67' title="bbox 2260 746 3833 817">
    <p class='ocr_par' dir='ltr' id='par_1_67' title="bbox 2260 746 3833 817">
     <span class='ocr_line' id='line_1_68' title="bbox 2260 746 3833 817; baseline 0.002 -18"><span class='ocrx_word' id='word_1_543' title='bbox 2260 748 2379 802; x_wconf 87' lang='lat' dir='ltr'><strong><em>tat?</em></strong></span> <span class='ocrx_word' id='word_1_544' title='bbox 2410 748 2547 801; x_wconf 89' lang='lat' dir='ltr'><strong><em>Duas</em></strong></span> <span class='ocrx_word' id='word_1_545' title='bbox 2563 746 2631 801; x_wconf 89' lang='lat' dir='ltr'><strong><em>de</em></strong></span> <span class='ocrx_word' id='word_1_546' title='bbox 2653 749 3044 805; x_wconf 87' lang='lat' dir='ltr'><strong><em>resurrectione</em></strong></span> <span class='ocrx_word' id='word_1_547' title='bbox 3074 748 3309 802; x_wconf 87' lang='lat' dir='ltr'><strong><em>rationes</em></strong></span> <span class='ocrx_word' id='word_1_548' title='bbox 3340 750 3525 817; x_wconf 87' lang='lat' dir='ltr'><strong><em>ponit:</em></strong></span> <span class='ocrx_word' id='word_1_549' title='bbox 3559 749 3783 802; x_wconf 85' lang='lat' dir='ltr'><strong><em>alteram</em></strong></span> <span class='ocrx_word' id='word_1_550' title='bbox 3812 766 3833 803; x_wconf 72' lang='grc' dir='ltr'><strong><em>τι</em></strong></span> 
     </span>
    </p>
   </div>
   <div class='ocr_carea' id='block_1_68' title="bbox 2261 839 3831 911">
    <p class='ocr_par' dir='ltr' id='par_1_68' title="bbox 2261 839 3831 911">
     <span class='ocr_line' id='line_1_69' title="bbox 2261 839 3831 911; baseline 0.002 -19"><span class='ocrx_word' id='word_1_551' title='bbox 2261 839 2576 907; x_wconf 85' lang='lat' dir='ltr'><strong><em>prophetis;</em></strong></span> <span class='ocrx_word' id='word_1_552' title='bbox 2608 848 2663 895; x_wconf 91' lang='lat' dir='ltr'><strong><em>et</em></strong></span> <span class='ocrx_word' id='word_1_553' title='bbox 2690 840 2892 894; x_wconf 89' lang='lat' dir='ltr'><strong><em>nullum</em></strong></span> <span class='ocrx_word' id='word_1_554' title='bbox 2922 840 3137 895; x_wconf 88' lang='lat' dir='ltr'><strong><em>adducit</em></strong></span> <span class='ocrx_word' id='word_1_555' title='bbox 3165 840 3479 911; x_wconf 83' lang='lat' dir='ltr'><strong><em>prophetam</em></strong></span> <span class='ocrx_word' id='word_1_556' title='bbox 3502 883 3517 905; x_wconf 91' lang='lat'><strong><em>,</em></strong></span> <span class='ocrx_word' id='word_1_557' title='bbox 3561 841 3659 895; x_wconf 89' lang='lat' dir='ltr'><strong><em>sed</em></strong></span> <span class='ocrx_word' id='word_1_558' title='bbox 3702 841 3831 895; x_wconf 86' lang='lat' dir='ltr'><strong><em>illam</em></strong></span> 
     </span>
    </p>
   </div>
   <div class='ocr_carea' id='block_1_69' title="bbox 2256 931 3830 1002">
    <p class='ocr_par' dir='ltr' id='par_1_69' title="bbox 2256 931 3830 1002">
     <span class='ocr_line' id='line_1_70' title="bbox 2256 931 3830 1002; baseline 0.001 -16"><span class='ocrx_word' id='word_1_559' title='bbox 2256 931 2564 987; x_wconf 73' lang='lat' dir='ltr'><strong><em>Judteorum</em></strong></span> <span class='ocrx_word' id='word_1_560' title='bbox 2597 946 2721 988; x_wconf 89' lang='lat' dir='ltr'><strong><em>esse</em></strong></span> <span class='ocrx_word' id='word_1_561' title='bbox 2748 934 3054 1002; x_wconf 91' lang='lat' dir='ltr'><strong><em>opinionem</em></strong></span> <span class='ocrx_word' id='word_1_562' title='bbox 3087 934 3253 999; x_wconf 89' lang='lat' dir='ltr'><strong><em>dicit;</em></strong></span> <span class='ocrx_word' id='word_1_563' title='bbox 3300 934 3523 988; x_wconf 88' lang='lat' dir='ltr'><strong><em>alteram</em></strong></span> <span class='ocrx_word' id='word_1_564' title='bbox 3552 943 3611 989; x_wconf 89' lang='lat' dir='ltr'><strong><em>et</em></strong></span> <span class='ocrx_word' id='word_1_565' title='bbox 3652 933 3830 989; x_wconf 78' lang='lat' dir='ltr'><strong><em>fortio-</em></strong></span> 
     </span>
    </p>
   </div>
   <div class='ocr_carea' id='block_1_70' title="bbox 2259 1026 3833 1095">
    <p class='ocr_par' dir='ltr' id='par_1_70' title="bbox 2259 1026 3833 1095">
     <span class='ocr_line' id='line_1_71' title="bbox 2259 1026 3833 1095; baseline 0.002 -16"><span class='ocrx_word' id='word_1_566' title='bbox 2259 1041 2372 1080; x_wconf 90' lang='lat' dir='ltr'><strong><em>rem</em></strong></span> <span class='ocrx_word' id='word_1_567' title='bbox 2417 1041 2480 1080; x_wconf 83' lang='lat' dir='ltr'><strong><em>cx</em></strong></span> <span class='ocrx_word' id='word_1_568' title='bbox 2512 1028 2676 1081; x_wconf 87' lang='lat' dir='ltr'><strong><em>rebus</em></strong></span> <span class='ocrx_word' id='word_1_569' title='bbox 2716 1026 2868 1095; x_wconf 89' lang='lat' dir='ltr'><strong><em>ipsis.</em></strong></span> <span class='ocrx_word' id='word_1_570' title='bbox 2899 1026 3068 1092; x_wconf 88' lang='lat' dir='ltr'><strong><em>Quam</em></strong></span> <span class='ocrx_word' id='word_1_571' title='bbox 3101 1026 3285 1080; x_wconf 88' lang='lat' dir='ltr'><strong><em>illam?</em></strong></span> <span class='ocrx_word' id='word_1_572' title='bbox 3322 1026 3475 1093; x_wconf 85' lang='lat' dir='ltr'><strong><em>Quod</em></strong></span> <span class='ocrx_word' id='word_1_573' title='bbox 3522 1026 3779 1081; x_wconf 86' lang='lat' dir='ltr'><strong><em>Christus</em></strong></span> <span class='ocrx_word' id='word_1_574' title='bbox 3810 1045 3833 1082; x_wconf 64' lang='grc' dir='ltr'>δ</span> 
     </span>
    </p>
   </div>
   <div class='ocr_carea' id='block_1_71' title="bbox 2258 1117 3834 1186">
    <p class='ocr_par' dir='ltr' id='par_1_71' title="bbox 2258 1117 3834 1186">
     <span class='ocr_line' id='line_1_72' title="bbox 2258 1117 3834 1186; baseline 0.002 -16"><span class='ocrx_word' id='word_1_575' title='bbox 2258 1119 2485 1171; x_wconf 91' lang='lat' dir='ltr'><strong><em>mortuis</em></strong></span> <span class='ocrx_word' id='word_1_576' title='bbox 2536 1118 2821 1172; x_wconf 86' lang='lat' dir='ltr'><strong><em>suscitatus</em></strong></span> <span class='ocrx_word' id='word_1_577' title='bbox 2851 1132 2909 1171; x_wconf 90' lang='lat' dir='ltr'><strong><em>se</em></strong></span> <span class='ocrx_word' id='word_1_578' title='bbox 2938 1118 3243 1186; x_wconf 89' lang='lat' dir='ltr'><strong><em>alloquutus</em></strong></span> <span class='ocrx_word' id='word_1_579' title='bbox 3277 1118 3366 1172; x_wconf 90' lang='lat' dir='ltr'><strong><em>sit.</em></strong></span> <span class='ocrx_word' id='word_1_580' title='bbox 3415 1117 3485 1172; x_wconf 85' lang='lat' dir='ltr'><strong><em>Et</em></strong></span> <span class='ocrx_word' id='word_1_581' title='bbox 3515 1118 3650 1173; x_wconf 89' lang='lat' dir='ltr'><strong><em>illud</em></strong></span> <span class='ocrx_word' id='word_1_582' title='bbox 3687 1121 3834 1173; x_wconf 84' lang='lat' dir='ltr'><strong><em>ratio-</em></strong></span> 
     </span>
    </p>
   </div>
   <div class='ocr_carea' id='block_1_72' title="bbox 2258 1206 3832 1277">
    <p class='ocr_par' dir='ltr' id='par_1_72' title="bbox 2258 1206 3832 1277">
     <span class='ocr_line' id='line_1_73' title="bbox 2258 1206 3832 1277; baseline 0.003 -17"><span class='ocrx_word' id='word_1_583' title='bbox 2258 1206 2413 1261; x_wconf 89' lang='lat' dir='ltr'><strong><em>ciniis</em></strong></span> <span class='ocrx_word' id='word_1_584' title='bbox 2439 1208 2628 1275; x_wconf 86' lang='lat' dir='ltr'><strong><em>probat</em></strong></span> <span class='ocrx_word' id='word_1_585' title='bbox 2648 1248 2662 1271; x_wconf 91' lang='lat'><strong><em>,</em></strong></span> <span class='ocrx_word' id='word_1_586' title='bbox 2694 1208 2925 1277; x_wconf 88' lang='lat' dir='ltr'><strong><em>priscam</em></strong></span> <span class='ocrx_word' id='word_1_587' title='bbox 2954 1208 3216 1262; x_wconf 86' lang='lat' dir='ltr'><strong><em>insaniam</em></strong></span> <span class='ocrx_word' id='word_1_588' title='bbox 3257 1224 3408 1263; x_wconf 85' lang='lat' dir='ltr'><strong><em>suam</em></strong></span> <span class='ocrx_word' id='word_1_589' title='bbox 3437 1220 3695 1265; x_wconf 80' lang='lat' dir='ltr'><strong><em>accurate</em></strong></span> <span class='ocrx_word' id='word_1_590' title='bbox 3721 1228 3832 1265; x_wconf 81' lang='lat' dir='ltr'><strong><em>uar-</em></strong></span> 
     </span>
    </p>
   </div>
   <div class='ocr_carea' id='block_1_73' title="bbox 2257 1301 3833 1360">
    <p class='ocr_par' dir='ltr' id='par_1_73' title="bbox 2257 1301 3833 1360">
     <span class='ocr_line' id='line_1_74' title="bbox 2257 1301 3833 1360; baseline 0.002 -4"><span class='ocrx_word' id='word_1_591' title='bbox 2257 1316 2384 1357; x_wconf 86' lang='lat' dir='ltr'><strong><em>rans</em></strong></span> <span class='ocrx_word' id='word_1_592' title='bbox 2413 1320 2427 1357; x_wconf 91' lang='lat'><strong><em>:</em></strong></span> <span class='ocrx_word' id='word_1_593' title='bbox 2457 1301 2651 1356; x_wconf 89' lang='lat' dir='ltr'><strong><em>deinde</em></strong></span> <span class='ocrx_word' id='word_1_594' title='bbox 2677 1302 2838 1356; x_wconf 87' lang='lat' dir='ltr'><strong><em>etiam</em></strong></span> <span class='ocrx_word' id='word_1_595' title='bbox 2869 1317 2991 1356; x_wconf 90' lang='lat' dir='ltr'><strong><em>cum</em></strong></span> <span class='ocrx_word' id='word_1_596' title='bbox 3034 1302 3192 1357; x_wconf 90' lang='lat' dir='ltr'><strong><em>laude</em></strong></span> <span class='ocrx_word' id='word_1_597' title='bbox 3218 1302 3551 1358; x_wconf 68' lang='lat' dir='ltr'><strong><em>Judzeorum.</em></strong></span> <span class='ocrx_word' id='word_1_598' title='bbox 3609 1304 3833 1360; x_wconf 79' lang='lat' dir='ltr'><strong><em>Nocteet</em></strong></span> 
     </span>
    </p>
   </div>
   <div class='ocr_carea' id='block_1_74' title="bbox 2259 1394 3834 1466">
    <p class='ocr_par' dir='ltr' id='par_1_74' title="bbox 2259 1394 3834 1466">
     <span class='ocr_line' id='line_1_75' title="bbox 2259 1394 3834 1466; baseline 0.003 -17"><span class='ocrx_word' id='word_1_599' title='bbox 2259 1395 2342 1449; x_wconf 90' lang='lat' dir='ltr'><strong><em>die</em></strong></span> <span class='ocrx_word' id='word_1_600' title='bbox 2368 1394 2586 1448; x_wconf 87' lang='lat' dir='ltr'><strong><em>colentes</em></strong></span> <span class='ocrx_word' id='word_1_601' title='bbox 2606 1435 2619 1457; x_wconf 96' lang='lat'><strong><em>,</em></strong></span> <span class='ocrx_word' id='word_1_602' title='bbox 2654 1395 2857 1464; x_wconf 85' lang='lat' dir='ltr'><strong><em>inquit,</em></strong></span> <span class='ocrx_word' id='word_1_603' title='bbox 2884 1405 3090 1463; x_wconf 84' lang='lat' dir='ltr'><strong><em>sperant</em></strong></span> <span class='ocrx_word' id='word_1_604' title='bbox 3137 1396 3385 1449; x_wconf 87' lang='lat' dir='ltr'><strong><em>devenire.</em></strong></span> <span class='ocrx_word' id='word_1_605' title='bbox 3416 1396 3605 1466; x_wconf 86' lang='lat' dir='ltr'><strong><em>Itaque</em></strong></span> <span class='ocrx_word' id='word_1_606' title='bbox 3634 1398 3834 1454; x_wconf 86' lang='lat' dir='ltr'><strong><em>etiamsi</em></strong></span> 
     </span>
    </p>
   </div>
   <div class='ocr_carea' id='block_1_75' title="bbox 2256 1485 3833 1561">
    <p class='ocr_par' dir='ltr' id='par_1_75' title="bbox 2256 1485 3833 1561">
     <span class='ocr_line' id='line_1_76' title="bbox 2256 1485 3833 1561; baseline 0.005 -22"><span class='ocrx_word' id='word_1_607' title='bbox 2256 1485 2543 1555; x_wconf 73' lang='lat' dir='ltr'><strong><em>inculpata:</em></strong></span> <span class='ocrx_word' id='word_1_608' title='bbox 2570 1486 2696 1540; x_wconf 69' lang='lat' dir='ltr'><strong><em>vitia</em></strong></span> <span class='ocrx_word' id='word_1_609' title='bbox 2725 1502 2832 1541; x_wconf 92' lang='lat' dir='ltr'><strong><em>non</em></strong></span> <span class='ocrx_word' id='word_1_610' title='bbox 2876 1502 3051 1542; x_wconf 90' lang='lat' dir='ltr'><strong><em>essem</em></strong></span> <span class='ocrx_word' id='word_1_611' title='bbox 3079 1529 3091 1550; x_wconf 91' lang='lat'><strong><em>,</em></strong></span> <span class='ocrx_word' id='word_1_612' title='bbox 3126 1503 3289 1558; x_wconf 85' lang='lat' dir='ltr'><strong><em>super</em></strong></span> <span class='ocrx_word' id='word_1_613' title='bbox 3314 1490 3398 1543; x_wconf 81' lang='lat' dir='ltr'><strong><em>liis</em></strong></span> <span class='ocrx_word' id='word_1_614' title='bbox 3426 1505 3531 1544; x_wconf 88' lang='lat' dir='ltr'><strong><em>non</em></strong></span> <span class='ocrx_word' id='word_1_615' title='bbox 3568 1503 3833 1561; x_wconf 84' lang='lat' dir='ltr'><strong><em>oporteret</em></strong></span> 
     </span>
    </p>
   </div>
   <div class='ocr_carea' id='block_1_76' title="bbox 2254 1575 3833 1646">
    <p class='ocr_par' dir='ltr' id='par_1_76' title="bbox 2254 1575 3833 1646">
     <span class='ocr_line' id='line_1_77' title="bbox 2254 1575 3833 1646; baseline 0.005 -17"><span class='ocrx_word' id='word_1_616' title='bbox 2254 1575 2483 1644; x_wconf 87' lang='lat' dir='ltr'><strong><em>judicari</em></strong></span> <span class='ocrx_word' id='word_1_617' title='bbox 2510 1618 2524 1640; x_wconf 94' lang='lat'><strong><em>,</em></strong></span> <span class='ocrx_word' id='word_1_618' title='bbox 2556 1592 2653 1632; x_wconf 74' lang='lat' dir='ltr'><strong><em>rex</em></strong></span> <span class='ocrx_word' id='word_1_619' title='bbox 2697 1578 2951 1646; x_wconf 81' lang='lat' dir='ltr'><strong><em>Agrippa.</em></strong></span> <span class='ocrx_word' id='word_1_620' title='bbox 3003 1576 3261 1632; x_wconf 87' lang='lat' dir='ltr'><strong><em>Subditur</em></strong></span> <span class='ocrx_word' id='word_1_621' title='bbox 3301 1579 3401 1632; x_wconf 87' lang='lat' dir='ltr'><strong><em>alia</em></strong></span> <span class='ocrx_word' id='word_1_622' title='bbox 3444 1581 3609 1635; x_wconf 88' lang='lat' dir='ltr'><strong><em>ratio.</em></strong></span> <span class='ocrx_word' id='word_1_623' title='bbox 3660 1582 3833 1646; x_wconf 75' lang='lat' dir='ltr'><strong><em>Quid!</em></strong></span> 
     </span>
    </p>
   </div>
   <div class='ocr_carea' id='block_1_77' title="bbox 2256 1668 3835 1734">
    <p class='ocr_par' dir='ltr' id='par_1_77' title="bbox 2256 1668 3835 1734">
     <span class='ocr_line' id='line_1_78' title="bbox 2256 1668 3835 1734; baseline 0.004 -14"><span class='ocrx_word' id='word_1_624' title='bbox 2256 1668 2551 1721; x_wconf 85' lang='lat' dir='ltr'><strong><em>incredibile</em></strong></span> <span class='ocrx_word' id='word_1_625' title='bbox 2579 1668 2835 1734; x_wconf 84' lang='lat' dir='ltr'><strong><em>iudicatur</em></strong></span> <span class='ocrx_word' id='word_1_626' title='bbox 2860 1685 2891 1721; x_wconf 91' lang='lat' dir='ltr'><strong><em>a</em></strong></span> <span class='ocrx_word' id='word_1_627' title='bbox 2918 1668 3076 1734; x_wconf 86' lang='lat' dir='ltr'><strong><em>vobis,</em></strong></span> <span class='ocrx_word' id='word_1_628' title='bbox 3108 1670 3151 1721; x_wconf 89' lang='lat' dir='ltr'><strong><em>si</em></strong></span> <span class='ocrx_word' id='word_1_629' title='bbox 3179 1668 3317 1725; x_wconf 87' lang='lat' dir='ltr'><strong><em>Deus</em></strong></span> <span class='ocrx_word' id='word_1_630' title='bbox 3344 1681 3571 1725; x_wconf 88' lang='lat' dir='ltr'><strong><em>mortuos</em></strong></span> <span class='ocrx_word' id='word_1_631' title='bbox 3598 1675 3835 1727; x_wconf 76' lang='lat' dir='ltr'><strong><em>suscitat?</em></strong></span> 
     </span>
    </p>
   </div>
   <div class='ocr_carea' id='block_1_78' title="bbox 2256 1760 3834 1835">
    <p class='ocr_par' dir='ltr' id='par_1_78' title="bbox 2256 1760 3834 1835">
     <span class='ocr_line' id='line_1_79' title="bbox 2256 1760 3834 1835; baseline 0.005 -20"><span class='ocrx_word' id='word_1_632' title='bbox 2256 1760 2387 1815; x_wconf 87' lang='lat' dir='ltr'><strong><em>Nam</em></strong></span> <span class='ocrx_word' id='word_1_633' title='bbox 2407 1801 2421 1826; x_wconf 94' lang='lat'><strong><em>,</em></strong></span> <span class='ocrx_word' id='word_1_634' title='bbox 2452 1763 2493 1814; x_wconf 90' lang='lat' dir='ltr'><strong><em>si</em></strong></span> <span class='ocrx_word' id='word_1_635' title='bbox 2526 1760 2641 1816; x_wconf 65' lang='lat' dir='ltr'><strong><em>haec</em></strong></span> <span class='ocrx_word' id='word_1_636' title='bbox 2666 1777 2772 1815; x_wconf 89' lang='lat' dir='ltr'><strong><em>non</em></strong></span> <span class='ocrx_word' id='word_1_637' title='bbox 2794 1771 2937 1816; x_wconf 90' lang='lat' dir='ltr'><strong><em>esset</em></strong></span> <span class='ocrx_word' id='word_1_638' title='bbox 2966 1762 3149 1832; x_wconf 82' lang='lat' dir='ltr'><strong><em>Opinio</em></strong></span> <span class='ocrx_word' id='word_1_639' title='bbox 3173 1804 3188 1829; x_wconf 93' lang='lat'><strong><em>,</em></strong></span> <span class='ocrx_word' id='word_1_640' title='bbox 3219 1764 3262 1817; x_wconf 91' lang='lat' dir='ltr'><strong><em>si</em></strong></span> <span class='ocrx_word' id='word_1_641' title='bbox 3290 1765 3341 1817; x_wconf 90' lang='lat' dir='ltr'><strong><em>in</em></strong></span> <span class='ocrx_word' id='word_1_642' title='bbox 3377 1764 3460 1818; x_wconf 91' lang='lat' dir='ltr'><strong><em>his</em></strong></span> <span class='ocrx_word' id='word_1_643' title='bbox 3500 1766 3834 1835; x_wconf 79' lang='lat' dir='ltr'><strong><em>dogmatibus</em></strong></span> 
     </span>
    </p>
   </div>
   <div class='ocr_carea' id='block_1_79' title="bbox 2256 1852 3834 1923">
    <p class='ocr_par' dir='ltr' id='par_1_79' title="bbox 2256 1852 3834 1923">
     <span class='ocr_line' id='line_1_80' title="bbox 2256 1852 3834 1923; baseline 0.004 -15"><span class='ocrx_word' id='word_1_644' title='bbox 2256 1852 2465 1908; x_wconf 87' lang='lat' dir='ltr'><strong><em>educati</em></strong></span> <span class='ocrx_word' id='word_1_645' title='bbox 2515 1868 2623 1909; x_wconf 89' lang='lat' dir='ltr'><strong><em>non</em></strong></span> <span class='ocrx_word' id='word_1_646' title='bbox 2664 1861 2875 1919; x_wconf 88' lang='lat' dir='ltr'><strong><em>essent,</em></strong></span> <span class='ocrx_word' id='word_1_647' title='bbox 2908 1860 2962 1908; x_wconf 92' lang='lat' dir='ltr'><strong><em>et</em></strong></span> <span class='ocrx_word' id='word_1_648' title='bbox 3004 1869 3148 1908; x_wconf 88' lang='lat' dir='ltr'><strong><em>nunc</em></strong></span> <span class='ocrx_word' id='word_1_649' title='bbox 3177 1870 3237 1909; x_wconf 88' lang='lat' dir='ltr'><strong><em>ea</em></strong></span> <span class='ocrx_word' id='word_1_650' title='bbox 3268 1854 3591 1910; x_wconf 81' lang='lat' dir='ltr'><strong><em>ell&#39;errentnr</em></strong></span> <span class='ocrx_word' id='word_1_651' title='bbox 3620 1900 3635 1923; x_wconf 93' lang='lat'><strong><em>,</em></strong></span> <span class='ocrx_word' id='word_1_652' title='bbox 3668 1858 3834 1914; x_wconf 80' lang='lat' dir='ltr'><strong><em>forsan</em></strong></span> 
     </span>
    </p>
   </div>
   <div class='ocr_carea' id='block_1_80' title="bbox 2256 1945 3835 2021">
    <p class='ocr_par' dir='ltr' id='par_1_80' title="bbox 2256 1945 3835 2021">
     <span class='ocr_line' id='line_1_81' title="bbox 2256 1945 3835 2021; baseline 0.004 -23"><span class='ocrx_word' id='word_1_653' title='bbox 2256 1945 2377 2013; x_wconf 88' lang='lat' dir='ltr'><strong><em>quis</em></strong></span> <span class='ocrx_word' id='word_1_654' title='bbox 2405 1960 2709 2001; x_wconf 90' lang='lat' dir='ltr'><strong><em>sermonem</em></strong></span> <span class='ocrx_word' id='word_1_655' title='bbox 2756 1961 2861 2001; x_wconf 91' lang='lat' dir='ltr'><strong><em>non</em></strong></span> <span class='ocrx_word' id='word_1_656' title='bbox 2892 1945 3206 2016; x_wconf 86' lang='lat' dir='ltr'><strong><em>recepisset.</em></strong></span> <span class='ocrx_word' id='word_1_657' title='bbox 3260 1946 3465 2002; x_wconf 91' lang='lat' dir='ltr'><strong><em>Deinde</em></strong></span> <span class='ocrx_word' id='word_1_658' title='bbox 3509 1948 3683 2015; x_wconf 89' lang='lat' dir='ltr'><strong><em>dicit,</em></strong></span> <span class='ocrx_word' id='word_1_659' title='bbox 3714 1966 3835 2021; x_wconf 86' lang='lat' dir='ltr'><strong><em>quo-</em></strong></span> 
     </span>
    </p>
   </div>
   <div class='ocr_carea' id='block_1_81' title="bbox 2256 2038 3833 2110">
    <p class='ocr_par' dir='ltr' id='par_1_81' title="bbox 2256 2038 3833 2110">
     <span class='ocr_line' id='line_1_82' title="bbox 2256 2038 3833 2110; baseline 0.003 -17"><span class='ocrx_word' id='word_1_660' title='bbox 2256 2040 2419 2095; x_wconf 91' lang='lat' dir='ltr'><strong><em>modo</em></strong></span> <span class='ocrx_word' id='word_1_661' title='bbox 2460 2038 2918 2110; x_wconf 87' lang='lat' dir='ltr'><strong><em>persequebatur:</em></strong></span> <span class='ocrx_word' id='word_1_662' title='bbox 2950 2039 3094 2108; x_wconf 90' lang='lat' dir='ltr'><strong><em>quod</em></strong></span> <span class='ocrx_word' id='word_1_663' title='bbox 3124 2039 3189 2093; x_wconf 87' lang='lat' dir='ltr'><strong><em>ad</em></strong></span> <span class='ocrx_word' id='word_1_664' title='bbox 3221 2039 3557 2109; x_wconf 90' lang='lat' dir='ltr'><strong><em>probandum</em></strong></span> <span class='ocrx_word' id='word_1_665' title='bbox 3591 2042 3833 2098; x_wconf 88' lang='lat' dir='ltr'><strong><em>idoneum</em></strong></span> 
     </span>
    </p>
   </div>
   <div class='ocr_carea' id='block_1_82' title="bbox 2258 2131 3835 2201">
    <p class='ocr_par' dir='ltr' id='par_1_82' title="bbox 2258 2131 3835 2201">
     <span class='ocr_line' id='line_1_83' title="bbox 2258 2131 3835 2201; baseline 0 -13"><span class='ocrx_word' id='word_1_666' title='bbox 2258 2142 2361 2189; x_wconf 89' lang='lat' dir='ltr'><strong><em>est.</em></strong></span> <span class='ocrx_word' id='word_1_667' title='bbox 2395 2132 2464 2188; x_wconf 88' lang='lat' dir='ltr'><strong><em>Et</em></strong></span> <span class='ocrx_word' id='word_1_668' title='bbox 2488 2133 2756 2201; x_wconf 90' lang='lat' dir='ltr'><strong><em>principes</em></strong></span> <span class='ocrx_word' id='word_1_669' title='bbox 2785 2131 3124 2187; x_wconf 87' lang='lat' dir='ltr'><strong><em>sacerdotum</em></strong></span> <span class='ocrx_word' id='word_1_670' title='bbox 3153 2131 3369 2187; x_wconf 88' lang='lat' dir='ltr'><strong><em>adducit</em></strong></span> <span class='ocrx_word' id='word_1_671' title='bbox 3402 2142 3570 2188; x_wconf 88' lang='lat' dir='ltr'><strong><em>testes</em></strong></span> <span class='ocrx_word' id='word_1_672' title='bbox 3592 2145 3647 2188; x_wconf 89' lang='lat' dir='ltr'><strong><em>et</em></strong></span> <span class='ocrx_word' id='word_1_673' title='bbox 3672 2146 3835 2190; x_wconf 76' lang='lat' dir='ltr'><strong><em>exter-</em></strong></span> 
     </span>
    </p>
   </div>
   <div class='ocr_carea' id='block_1_83' title="bbox 2258 2226 3835 2294">
    <p class='ocr_par' dir='ltr' id='par_1_83' title="bbox 2258 2226 3835 2294">
     <span class='ocr_line' id='line_1_84' title="bbox 2258 2226 3835 2294; baseline 0 -13"><span class='ocrx_word' id='word_1_674' title='bbox 2258 2243 2355 2281; x_wconf 91' lang='lat' dir='ltr'><strong><em>nas</em></strong></span> <span class='ocrx_word' id='word_1_675' title='bbox 2402 2227 2645 2281; x_wconf 83' lang='lat' dir='ltr'><strong><em>civitates</em></strong></span> <span class='ocrx_word' id='word_1_676' title='bbox 2669 2267 2682 2290; x_wconf 96' lang='lat'><strong><em>,</em></strong></span> <span class='ocrx_word' id='word_1_677' title='bbox 2714 2235 2767 2281; x_wconf 90' lang='lat' dir='ltr'><strong><em>et</em></strong></span> <span class='ocrx_word' id='word_1_678' title='bbox 2811 2226 2952 2294; x_wconf 91' lang='lat' dir='ltr'><strong><em>quod</em></strong></span> <span class='ocrx_word' id='word_1_679' title='bbox 2984 2226 3215 2280; x_wconf 89' lang='lat' dir='ltr'><strong><em>audierit</em></strong></span> <span class='ocrx_word' id='word_1_680' title='bbox 3243 2226 3511 2281; x_wconf 89' lang='lat' dir='ltr'><strong><em>dicentem</em></strong></span> <span class='ocrx_word' id='word_1_681' title='bbox 3544 2228 3650 2281; x_wconf 87' lang='lat' dir='ltr'><strong><em>sibi</em></strong></span> <span class='ocrx_word' id='word_1_682' title='bbox 3682 2246 3697 2281; x_wconf 89' lang='lat'><strong><em>:</em></strong></span> <span class='ocrx_word' id='word_1_683' title='bbox 3732 2228 3835 2281; x_wconf 73' lang='lat' dir='ltr'><strong><em>Da-</em></strong></span> 
     </span>
    </p>
   </div>
   <div class='ocr_carea' id='block_1_84' title="bbox 2255 2318 3835 2374">
    <p class='ocr_par' dir='ltr' id='par_1_84' title="bbox 2255 2318 3835 2374">
     <span class='ocr_line' id='line_1_85' title="bbox 2255 2318 3835 2374; baseline -0.002 -1"><span class='ocrx_word' id='word_1_684' title='bbox 2255 2337 2371 2374; x_wconf 88' lang='lat' dir='ltr'><strong><em>rum</em></strong></span> <span class='ocrx_word' id='word_1_685' title='bbox 2398 2330 2471 2373; x_wconf 86' lang='lat' dir='ltr'><strong><em>est</em></strong></span> <span class='ocrx_word' id='word_1_686' title='bbox 2511 2319 2597 2372; x_wconf 84' lang='lat' dir='ltr'><strong><em>tibi</em></strong></span> <span class='ocrx_word' id='word_1_687' title='bbox 2627 2329 2803 2372; x_wconf 87' lang='lat' dir='ltr'><strong><em>contra</em></strong></span> <span class='ocrx_word' id='word_1_688' title='bbox 2830 2318 3089 2372; x_wconf 88' lang='lat' dir='ltr'><strong><em>stimulum</em></strong></span> <span class='ocrx_word' id='word_1_689' title='bbox 3115 2319 3400 2372; x_wconf 86' lang='lat' dir='ltr'><strong><em>calcitrare.</em></strong></span> <span class='ocrx_word' id='word_1_690' title='bbox 3429 2319 3639 2374; x_wconf 88' lang='lat' dir='ltr'><strong><em>Deinde</em></strong></span> <span class='ocrx_word' id='word_1_691' title='bbox 3667 2330 3835 2373; x_wconf 80' lang='lat' dir='ltr'><strong><em>osten-</em></strong></span> 
     </span>
    </p>
   </div>
   <div class='ocr_carea' id='block_1_85' title="bbox 2256 2410 3835 2481">
    <p class='ocr_par' dir='ltr' id='par_1_85' title="bbox 2256 2410 3835 2481">
     <span class='ocr_line' id='line_1_86' title="bbox 2256 2410 3835 2481; baseline -0.001 -14"><span class='ocrx_word' id='word_1_692' title='bbox 2256 2415 2336 2467; x_wconf 90' lang='lat' dir='ltr'><strong><em>dit</em></strong></span> <span class='ocrx_word' id='word_1_693' title='bbox 2367 2412 2463 2468; x_wconf 92' lang='lat' dir='ltr'><strong><em>Dei</em></strong></span> <span class='ocrx_word' id='word_1_694' title='bbox 2503 2412 2843 2466; x_wconf 88' lang='lat' dir='ltr'><strong><em>clcmcntiam</em></strong></span> <span class='ocrx_word' id='word_1_695' title='bbox 2874 2410 3018 2479; x_wconf 89' lang='lat' dir='ltr'><strong><em>quod</em></strong></span> <span class='ocrx_word' id='word_1_696' title='bbox 3060 2411 3221 2465; x_wconf 88' lang='lat' dir='ltr'><strong><em>etiam</em></strong></span> <span class='ocrx_word' id='word_1_697' title='bbox 3267 2425 3389 2465; x_wconf 93' lang='lat' dir='ltr'><strong><em>cum</em></strong></span> <span class='ocrx_word' id='word_1_698' title='bbox 3421 2423 3835 2481; x_wconf 85' lang='lat' dir='ltr'><strong><em>persequeretur</em></strong></span> 
     </span>
    </p>
   </div>
   <div class='ocr_carea' id='block_1_86' title="bbox 2257 2503 3838 2576">
    <p class='ocr_par' dir='ltr' id='par_1_86' title="bbox 2257 2503 3838 2576">
     <span class='ocr_line' id='line_1_87' title="bbox 2257 2503 3838 2576; baseline 0 -15"><span class='ocrx_word' id='word_1_699' title='bbox 2257 2507 2430 2576; x_wconf 90' lang='lat' dir='ltr'><strong><em>ipsum</em></strong></span> <span class='ocrx_word' id='word_1_700' title='bbox 2477 2504 2704 2572; x_wconf 83' lang='lat' dir='ltr'><strong><em>Saulus,</em></strong></span> <span class='ocrx_word' id='word_1_701' title='bbox 2733 2504 2835 2573; x_wconf 90' lang='lat' dir='ltr'><strong><em>ipsi</em></strong></span> <span class='ocrx_word' id='word_1_702' title='bbox 2877 2504 3160 2574; x_wconf 88' lang='lat' dir='ltr'><strong><em>apparuit:</em></strong></span> <span class='ocrx_word' id='word_1_703' title='bbox 3190 2503 3301 2558; x_wconf 86' lang='lat' dir='ltr'><strong><em>Nec</em></strong></span> <span class='ocrx_word' id='word_1_704' title='bbox 3343 2504 3473 2561; x_wconf 86' lang='lat' dir='ltr'><strong><em>mihi</em></strong></span> <span class='ocrx_word' id='word_1_705' title='bbox 3519 2505 3735 2571; x_wconf 88' lang='lat' dir='ltr'><strong><em>solum,</em></strong></span> <span class='ocrx_word' id='word_1_706' title='bbox 3764 2510 3838 2561; x_wconf 89' lang='lat' dir='ltr'><strong><em>in-</em></strong></span> 
     </span>
    </p>
   </div>
   <div class='ocr_carea' id='block_1_87' title="bbox 2255 2593 3627 2668">
    <p class='ocr_par' dir='ltr' id='par_1_87' title="bbox 2255 2593 3627 2668">
     <span class='ocr_line' id='line_1_88' title="bbox 2255 2593 3627 2668; baseline -0.001 -17"><span class='ocrx_word' id='word_1_707' title='bbox 2255 2597 2411 2668; x_wconf 89' lang='lat' dir='ltr'><strong><em>quit,</em></strong></span> <span class='ocrx_word' id='word_1_708' title='bbox 2443 2596 2578 2651; x_wconf 90' lang='lat' dir='ltr'><strong><em>bene</em></strong></span> <span class='ocrx_word' id='word_1_709' title='bbox 2601 2594 2761 2661; x_wconf 84' lang='lat' dir='ltr'><strong><em>fecit,</em></strong></span> <span class='ocrx_word' id='word_1_710' title='bbox 2794 2595 2889 2650; x_wconf 88' lang='lat' dir='ltr'><strong><em>sed</em></strong></span> <span class='ocrx_word' id='word_1_711' title='bbox 2924 2603 2979 2649; x_wconf 90' lang='lat' dir='ltr'><strong><em>et</em></strong></span> <span class='ocrx_word' id='word_1_712' title='bbox 3007 2594 3127 2649; x_wconf 86' lang='lat' dir='ltr'><strong><em>aliis</em></strong></span> <span class='ocrx_word' id='word_1_713' title='bbox 3154 2593 3430 2650; x_wconf 90' lang='lat' dir='ltr'><strong><em>doctorem</em></strong></span> <span class='ocrx_word' id='word_1_714' title='bbox 3456 2596 3627 2650; x_wconf 89' lang='lat' dir='ltr'><strong><em>misit.</em></strong></span> 
     </span>
    </p>
   </div>
   <div class='ocr_carea' id='block_1_88' title="bbox 2326 2706 3836 2778">
    <p class='ocr_par' dir='ltr' id='par_1_88' title="bbox 2326 2706 3836 2778">
     <span class='ocr_line' id='line_1_89' title="bbox 2326 2706 3836 2778; baseline -0.002 -13"><span class='ocrx_word' id='word_1_715' title='bbox 2326 2710 2381 2766; x_wconf 74' lang='lat'><strong><em>2.</em></strong></span> <span class='ocrx_word' id='word_1_716' title='bbox 2406 2708 2653 2765; x_wconf 90' lang='lat' dir='ltr'><strong><em>Ostendit</em></strong></span> <span class='ocrx_word' id='word_1_717' title='bbox 2681 2709 2807 2764; x_wconf 91' lang='lat' dir='ltr'><strong><em>item</em></strong></span> <span class='ocrx_word' id='word_1_718' title='bbox 2835 2707 3169 2778; x_wconf 88' lang='lat' dir='ltr'><strong><em>prophetiam</em></strong></span> <span class='ocrx_word' id='word_1_719' title='bbox 3199 2720 3356 2777; x_wconf 86' lang='lat' dir='ltr'><strong><em>quam</em></strong></span> <span class='ocrx_word' id='word_1_720' title='bbox 3386 2706 3614 2763; x_wconf 84' lang='lat' dir='ltr'><strong><em>audivit.</em></strong></span> <span class='ocrx_word' id='word_1_721' title='bbox 3660 2707 3725 2761; x_wconf 88' lang='lat' dir='ltr'><strong><em>In</em></strong></span> <span class='ocrx_word' id='word_1_722' title='bbox 3753 2708 3836 2762; x_wconf 74' lang='lat' dir='ltr'><strong><em>hoc</em></strong></span> 
     </span>
    </p>
   </div>
   <div class='ocr_carea' id='block_1_89' title="bbox 2256 2800 3837 2875">
    <p class='ocr_par' dir='ltr' id='par_1_89' title="bbox 2256 2800 3837 2875">
     <span class='ocr_line' id='line_1_90' title="bbox 2256 2800 3837 2875; baseline -0.002 -17"><span class='ocrx_word' id='word_1_723' title='bbox 2256 2805 2477 2875; x_wconf 88' lang='lat' dir='ltr'><strong><em>apparui</em></strong></span> <span class='ocrx_word' id='word_1_724' title='bbox 2505 2803 2613 2869; x_wconf 87' lang='lat' dir='ltr'><strong><em>tibi,</em></strong></span> <span class='ocrx_word' id='word_1_725' title='bbox 2646 2802 2865 2872; x_wconf 87' lang='lat' dir='ltr'><strong><em>eripiens</em></strong></span> <span class='ocrx_word' id='word_1_726' title='bbox 2891 2811 2940 2855; x_wconf 89' lang='lat' dir='ltr'><strong><em>te</em></strong></span> <span class='ocrx_word' id='word_1_727' title='bbox 2967 2801 3030 2854; x_wconf 87' lang='lat' dir='ltr'><strong><em>de</em></strong></span> <span class='ocrx_word' id='word_1_728' title='bbox 3058 2800 3247 2870; x_wconf 88' lang='lat' dir='ltr'><strong><em>populo</em></strong></span> <span class='ocrx_word' id='word_1_729' title='bbox 3268 2810 3317 2854; x_wconf 89' lang='lat' dir='ltr'><strong><em>et</em></strong></span> <span class='ocrx_word' id='word_1_730' title='bbox 3344 2800 3600 2870; x_wconf 88' lang='lat' dir='ltr'><strong><em>gentibus,</em></strong></span> <span class='ocrx_word' id='word_1_731' title='bbox 3631 2802 3702 2853; x_wconf 85' lang='lat' dir='ltr'><strong><em>ad</em></strong></span> <span class='ocrx_word' id='word_1_732' title='bbox 3722 2819 3837 2867; x_wconf 78' lang='lat' dir='ltr'><strong><em>quas</em></strong></span> 
     </span>
    </p>
   </div>
   <div class='ocr_carea' id='block_1_90' title="bbox 2258 2894 3838 2964">
    <p class='ocr_par' dir='ltr' id='par_1_90' title="bbox 2258 2894 3838 2964">
     <span class='ocr_line' id='line_1_91' title="bbox 2258 2894 3838 2964; baseline -0.004 -11"><span class='ocrx_word' id='word_1_733' title='bbox 2258 2900 2373 2954; x_wconf 88' lang='lat' dir='ltr'><strong><em>misi</em></strong></span> <span class='ocrx_word' id='word_1_734' title='bbox 2399 2910 2464 2953; x_wconf 93' lang='lat' dir='ltr'><strong><em>te.</em></strong></span> <span class='ocrx_word' id='word_1_735' title='bbox 2496 2897 2619 2952; x_wconf 65' lang='lat' dir='ltr'><strong><em>Hinc</em></strong></span> <span class='ocrx_word' id='word_1_736' title='bbox 2644 2896 2821 2951; x_wconf 87' lang='lat' dir='ltr'><strong><em>omnia</em></strong></span> <span class='ocrx_word' id='word_1_737' title='bbox 2842 2894 3132 2950; x_wconf 88' lang='lat' dir='ltr'><strong><em>ostendens</em></strong></span> <span class='ocrx_word' id='word_1_738' title='bbox 3159 2895 3372 2949; x_wconf 89' lang='lat' dir='ltr'><strong><em>dicebat</em></strong></span> <span class='ocrx_word' id='word_1_739' title='bbox 3400 2912 3414 2948; x_wconf 89' lang='lat'><strong><em>:</em></strong></span> <span class='ocrx_word' id='word_1_740' title='bbox 3446 2895 3501 2949; x_wconf 86' lang='lat'><strong><em>9.</em></strong></span> <span class='ocrx_word' id='word_1_741' title='bbox 3532 2894 3607 2947; x_wconf 88' lang='lat' dir='ltr'><strong><em>Et</em></strong></span> <span class='ocrx_word' id='word_1_742' title='bbox 3627 2911 3723 2964; x_wconf 87' lang='lat' dir='ltr'><strong><em>ego</em></strong></span> <span class='ocrx_word' id='word_1_743' title='bbox 3744 2897 3838 2960; x_wconf 63' lang='lat' dir='ltr'><strong><em>qua.</em></strong></span> 
     </span>
    </p>
   </div>
   <div class='ocr_carea' id='block_1_91' title="bbox 2257 2982 3839 3054">
    <p class='ocr_par' dir='ltr' id='par_1_91' title="bbox 2257 2982 3839 3054">
     <span class='ocr_line' id='line_1_92' title="bbox 2257 2982 3839 3054; baseline -0.004 -9"><span class='ocrx_word' id='word_1_744' title='bbox 2257 2993 2372 3047; x_wconf 91' lang='lat' dir='ltr'><strong><em>dem</em></strong></span> <span class='ocrx_word' id='word_1_745' title='bbox 2397 2990 2821 3054; x_wconf 71' lang='lat' dir='ltr'><strong><em>existimaveram,</em></strong></span> <span class='ocrx_word' id='word_1_746' title='bbox 2851 3003 2931 3040; x_wconf 90' lang='lat' dir='ltr'><strong><em>me</em></strong></span> <span class='ocrx_word' id='word_1_747' title='bbox 2956 2986 3196 3039; x_wconf 87' lang='lat' dir='ltr'><strong><em>adversus</em></strong></span> <span class='ocrx_word' id='word_1_748' title='bbox 3222 3001 3401 3039; x_wconf 87' lang='lat' dir='ltr'><strong><em>nomen</em></strong></span> <span class='ocrx_word' id='word_1_749' title='bbox 3430 2982 3465 3037; x_wconf 80' lang='grc'><strong><em>¹1</em></strong></span> <span class='ocrx_word' id='word_1_750' title='bbox 3472 3000 3561 3039; x_wconf 88' lang='lat' dir='ltr'><strong><em>esu</em></strong></span> <span class='ocrx_word' id='word_1_751' title='bbox 3590 2983 3839 3039; x_wconf 75' lang='lat' dir='ltr'><strong><em>Nazareni</em></strong></span> 
     </span>
    </p>
   </div>
   <div class='ocr_carea' id='block_1_92' title="bbox 2257 3076 3839 3149">
    <p class='ocr_par' dir='ltr' id='par_1_92' title="bbox 2257 3076 3839 3149">
     <span class='ocr_line' id='line_1_93' title="bbox 2257 3076 3839 3149; baseline -0.005 -10"><span class='ocrx_word' id='word_1_752' title='bbox 2257 3084 2434 3139; x_wconf 83' lang='lat' dir='ltr'><strong><em>debere</em></strong></span> <span class='ocrx_word' id='word_1_753' title='bbox 2459 3082 2618 3135; x_wconf 89' lang='lat' dir='ltr'><strong><em>multa</em></strong></span> <span class='ocrx_word' id='word_1_754' title='bbox 2642 3079 2897 3134; x_wconf 88' lang='lat' dir='ltr'><strong><em>contraria</em></strong></span> <span class='ocrx_word' id='word_1_755' title='bbox 2928 3084 3109 3149; x_wconf 76' lang='lat' dir='ltr'><strong><em>facere.</em></strong></span> <span class='ocrx_word' id='word_1_756' title='bbox 3137 3078 3226 3132; x_wconf 89' lang='grc'><strong>10.</strong></span> <span class='ocrx_word' id='word_1_757' title='bbox 3268 3077 3415 3143; x_wconf 83' lang='lat' dir='ltr'><strong><em>Quod</em></strong></span> <span class='ocrx_word' id='word_1_758' title='bbox 3442 3087 3491 3130; x_wconf 91' lang='lat' dir='ltr'><strong><em>et</em></strong></span> <span class='ocrx_word' id='word_1_759' title='bbox 3517 3078 3621 3144; x_wconf 76' lang='lat' dir='ltr'><strong><em>feci</em></strong></span> <span class='ocrx_word' id='word_1_760' title='bbox 3643 3076 3839 3131; x_wconf 80' lang='lat' dir='ltr'><strong><em>Jeroso-</em></strong></span> 
     </span>
    </p>
   </div>
   <div class='ocr_carea' id='block_1_93' title="bbox 2259 3170 3837 3249">
    <p class='ocr_par' dir='ltr' id='par_1_93' title="bbox 2259 3170 3837 3249">
     <span class='ocr_line' id='line_1_94' title="bbox 2259 3170 3837 3249; baseline -0.008 -16"><span class='ocrx_word' id='word_1_761' title='bbox 2259 3179 2428 3249; x_wconf 83' lang='lat' dir='ltr'><strong><em>lymis,</em></strong></span> <span class='ocrx_word' id='word_1_762' title='bbox 2451 3185 2498 3229; x_wconf 91' lang='lat' dir='ltr'><strong><em>et</em></strong></span> <span class='ocrx_word' id='word_1_763' title='bbox 2528 3176 2712 3228; x_wconf 88' lang='lat' dir='ltr'><strong><em>multos</em></strong></span> <span class='ocrx_word' id='word_1_764' title='bbox 2753 3182 3043 3227; x_wconf 87' lang='lat' dir='ltr'><strong><em>sanctorum</em></strong></span> <span class='ocrx_word' id='word_1_765' title='bbox 3071 3186 3160 3240; x_wconf 90' lang='lat' dir='ltr'><strong><em>ego</em></strong></span> <span class='ocrx_word' id='word_1_766' title='bbox 3185 3172 3240 3225; x_wconf 89' lang='lat' dir='ltr'><strong><em>in</em></strong></span> <span class='ocrx_word' id='word_1_767' title='bbox 3265 3170 3552 3223; x_wconf 86' lang='lat' dir='ltr'><strong><em>carceribus</em></strong></span> <span class='ocrx_word' id='word_1_768' title='bbox 3582 3171 3786 3229; x_wconf 78' lang='lat' dir='ltr'><strong><em>inclusi,</em></strong></span> <span class='ocrx_word' id='word_1_769' title='bbox 3812 3187 3837 3221; x_wconf 68' lang='grc' dir='ltr'><em>α</em></span> 
     </span>
    </p>
   </div>
   <div class='ocr_carea' id='block_1_94' title="bbox 2258 3264 3837 3342">
    <p class='ocr_par' dir='ltr' id='par_1_94' title="bbox 2258 3264 3837 3342">
     <span class='ocr_line' id='line_1_95' title="bbox 2258 3264 3837 3342; baseline -0.007 -17"><span class='ocrx_word' id='word_1_770' title='bbox 2258 3268 2569 3342; x_wconf 86' lang='lat' dir='ltr'><strong><em>principibus</em></strong></span> <span class='ocrx_word' id='word_1_771' title='bbox 2593 3266 2913 3322; x_wconf 89' lang='lat' dir='ltr'><strong><em>sacerdotum</em></strong></span> <span class='ocrx_word' id='word_1_772' title='bbox 2946 3274 3192 3335; x_wconf 88' lang='lat' dir='ltr'><strong><em>potestate</em></strong></span> <span class='ocrx_word' id='word_1_773' title='bbox 3214 3273 3420 3333; x_wconf 89' lang='lat' dir='ltr'><strong><em>accepta</em></strong></span> <span class='ocrx_word' id='word_1_774' title='bbox 3450 3278 3469 3317; x_wconf 92' lang='lat'><strong><em>:</em></strong></span> <span class='ocrx_word' id='word_1_775' title='bbox 3494 3273 3542 3316; x_wconf 93' lang='lat' dir='ltr'><strong><em>et</em></strong></span> <span class='ocrx_word' id='word_1_776' title='bbox 3577 3280 3696 3316; x_wconf 74' lang='lat' dir='ltr'><strong><em>cum</em></strong></span> <span class='ocrx_word' id='word_1_777' title='bbox 3720 3264 3837 3316; x_wconf 83' lang='lat' dir='ltr'><strong><em>occi-</em></strong></span> 
     </span>
    </p>
   </div>
   <div class='ocr_carea' id='block_1_95' title="bbox 2256 3358 3836 3426">
    <p class='ocr_par' dir='ltr' id='par_1_95' title="bbox 2256 3358 3836 3426">
     <span class='ocr_line' id='line_1_96' title="bbox 2256 3358 3836 3426; baseline -0.009 -5"><span class='ocrx_word' id='word_1_778' title='bbox 2256 3364 2495 3421; x_wconf 80' lang='lat' dir='ltr'><strong><em>derentur</em></strong></span> <span class='ocrx_word' id='word_1_779' title='bbox 2513 3360 2672 3414; x_wconf 88' lang='lat' dir='ltr'><strong><em>detuli</em></strong></span> <span class='ocrx_word' id='word_1_780' title='bbox 2699 3359 2997 3413; x_wconf 83' lang='lat' dir='ltr'><strong><em>sententiam</em></strong></span> <span class='ocrx_word' id='word_1_781' title='bbox 3018 3373 3039 3411; x_wconf 91' lang='lat'><strong><em>:</em></strong></span> <span class='ocrx_word' id='word_1_782' title='bbox 3060 3358 3148 3412; x_wconf 90' lang='grc'><strong><em>11.</em></strong></span> <span class='ocrx_word' id='word_1_783' title='bbox 3182 3365 3229 3410; x_wconf 90' lang='lat' dir='ltr'><strong><em>et</em></strong></span> <span class='ocrx_word' id='word_1_784' title='bbox 3252 3372 3341 3425; x_wconf 89' lang='lat' dir='ltr'><strong><em>per</em></strong></span> <span class='ocrx_word' id='word_1_785' title='bbox 3360 3372 3536 3409; x_wconf 89' lang='lat' dir='ltr'><strong><em>omnes</em></strong></span> <span class='ocrx_word' id='word_1_786' title='bbox 3562 3372 3836 3426; x_wconf 80' lang='lat' dir='ltr'><strong><em>synagogas</em></strong></span> 
     </span>
    </p>
   </div>
   <div class='ocr_carea' id='block_1_96' title="bbox 2260 3449 3838 3531">
    <p class='ocr_par' dir='ltr' id='par_1_96' title="bbox 2260 3449 3838 3531">
     <span class='ocr_line' id='line_1_97' title="bbox 2260 3449 3838 3531; baseline -0.008 -19"><span class='ocrx_word' id='word_1_787' title='bbox 2260 3462 2544 3531; x_wconf 76' lang='lat' dir='ltr'><strong><em>frequenter</em></strong></span> <span class='ocrx_word' id='word_1_788' title='bbox 2569 3453 2783 3526; x_wconf 87' lang='lat' dir='ltr'><strong><em>puniens</em></strong></span> <span class='ocrx_word' id='word_1_789' title='bbox 2825 3466 2930 3517; x_wconf 86' lang='lat' dir='ltr'><strong><em>eos,</em></strong></span> <span class='ocrx_word' id='word_1_790' title='bbox 2981 3449 3341 3519; x_wconf 88' lang='lat' dir='ltr'><strong><em>compellebam</em></strong></span> <span class='ocrx_word' id='word_1_791' title='bbox 3370 3449 3729 3519; x_wconf 85' lang='lat' dir='ltr'><strong><em>blasphemare</em></strong></span> <span class='ocrx_word' id='word_1_792' title='bbox 3754 3464 3772 3501; x_wconf 91' lang='lat'><strong><em>:</em></strong></span> <span class='ocrx_word' id='word_1_793' title='bbox 3797 3457 3838 3501; x_wconf 78' lang='lat' dir='ltr'><strong><em>et</em></strong></span> 
     </span>
    </p>
   </div>
   <div class='ocr_carea' id='block_1_97' title="bbox 2258 3540 3837 3622">
    <p class='ocr_par' dir='ltr' id='par_1_97' title="bbox 2258 3540 3837 3622">
     <span class='ocr_line' id='line_1_98' title="bbox 2258 3540 3837 3622; baseline -0.008 -16"><span class='ocrx_word' id='word_1_794' title='bbox 2258 3552 2478 3622; x_wconf 89' lang='lat' dir='ltr'><strong><em>amplius</em></strong></span> <span class='ocrx_word' id='word_1_795' title='bbox 2502 3549 2756 3604; x_wconf 83' lang='lat' dir='ltr'><strong><em>insaniens</em></strong></span> <span class='ocrx_word' id='word_1_796' title='bbox 2784 3548 2839 3601; x_wconf 90' lang='lat' dir='ltr'><strong><em>in</em></strong></span> <span class='ocrx_word' id='word_1_797' title='bbox 2870 3560 2975 3611; x_wconf 91' lang='lat' dir='ltr'><strong><em>eos,</em></strong></span> <span class='ocrx_word' id='word_1_798' title='bbox 3004 3540 3333 3613; x_wconf 83' lang='lat' dir='ltr'><strong><em>persequebar</em></strong></span> <span class='ocrx_word' id='word_1_799' title='bbox 3353 3557 3511 3609; x_wconf 82' lang='lat' dir='ltr'><strong><em>usque</em></strong></span> <span class='ocrx_word' id='word_1_800' title='bbox 3532 3542 3591 3594; x_wconf 86' lang='lat' dir='ltr'><strong><em>in</em></strong></span> <span class='ocrx_word' id='word_1_801' title='bbox 3619 3551 3837 3594; x_wconf 78' lang='lat' dir='ltr'><strong><em>externas</em></strong></span> 
     </span>
    </p>
   </div>
   <div class='ocr_carea' id='block_1_98' title="bbox 2259 3632 3833 3698">
    <p class='ocr_par' dir='ltr' id='par_1_98' title="bbox 2259 3632 3833 3698">
     <span class='ocr_line' id='line_1_99' title="bbox 2259 3632 3833 3698; baseline -0.009 0"><span class='ocrx_word' id='word_1_802' title='bbox 2259 3644 2502 3698; x_wconf 84' lang='lat' dir='ltr'><strong><em>civitates.</em></strong></span> <span class='ocrx_word' id='word_1_803' title='bbox 2532 3641 2622 3695; x_wconf 73' lang='grc'><strong>12.</strong></span> <span class='ocrx_word' id='word_1_804' title='bbox 2649 3638 2792 3693; x_wconf 85' lang='lat' dir='ltr'><strong><em>Inter</em></strong></span> <span class='ocrx_word' id='word_1_805' title='bbox 2814 3638 2919 3693; x_wconf 65' lang='lat' dir='ltr'><strong><em>haec</em></strong></span> <span class='ocrx_word' id='word_1_806' title='bbox 2944 3638 3067 3690; x_wconf 91' lang='lat' dir='ltr'><strong><em>dum</em></strong></span> <span class='ocrx_word' id='word_1_807' title='bbox 3094 3635 3223 3689; x_wconf 90' lang='lat' dir='ltr'><strong><em>irem</em></strong></span> <span class='ocrx_word' id='word_1_808' title='bbox 3249 3632 3565 3687; x_wconf 87' lang='lat' dir='ltr'><strong><em>Damascum</em></strong></span> <span class='ocrx_word' id='word_1_809' title='bbox 3606 3650 3724 3685; x_wconf 84' lang='lat' dir='ltr'><strong><em>cum</em></strong></span> <span class='ocrx_word' id='word_1_810' title='bbox 3752 3648 3833 3698; x_wconf 70' lang='lat' dir='ltr'><strong><em>po~</em></strong></span> 
     </span>
    </p>
   </div>
   <div class='ocr_carea' id='block_1_99' title="bbox 2260 3726 3835 3804">
    <p class='ocr_par' dir='ltr' id='par_1_99' title="bbox 2260 3726 3835 3804">
     <span class='ocr_line' id='line_1_100' title="bbox 2260 3726 3835 3804; baseline -0.012 -11"><span class='ocrx_word' id='word_1_811' title='bbox 2260 3747 2434 3794; x_wconf 87' lang='lat' dir='ltr'><strong><em>testate</em></strong></span> <span class='ocrx_word' id='word_1_812' title='bbox 2453 3748 2498 3791; x_wconf 91' lang='lat' dir='ltr'><strong><em>et</em></strong></span> <span class='ocrx_word' id='word_1_813' title='bbox 2521 3734 2766 3804; x_wconf 89' lang='lat' dir='ltr'><strong><em>permissu</em></strong></span> <span class='ocrx_word' id='word_1_814' title='bbox 2791 3732 3077 3804; x_wconf 86' lang='lat' dir='ltr'><strong><em>principum</em></strong></span> <span class='ocrx_word' id='word_1_815' title='bbox 3099 3729 3437 3790; x_wconf 89' lang='lat' dir='ltr'><strong><em>sacerdotum,</em></strong></span> <span class='ocrx_word' id='word_1_816' title='bbox 3464 3726 3555 3781; x_wconf 77' lang='grc'><strong><em>15.</em></strong></span> <span class='ocrx_word' id='word_1_817' title='bbox 3582 3727 3669 3778; x_wconf 86' lang='lat' dir='ltr'><strong><em>die</em></strong></span> <span class='ocrx_word' id='word_1_818' title='bbox 3687 3726 3835 3776; x_wconf 79' lang='lat' dir='ltr'><strong><em>media</em></strong></span> 
     </span>
    </p>
   </div>
   <div class='ocr_carea' id='block_1_100' title="bbox 2258 3818 3831 3891">
    <p class='ocr_par' dir='ltr' id='par_1_100' title="bbox 2258 3818 3831 3891">
     <span class='ocr_line' id='line_1_101' title="bbox 2258 3818 3831 3891; baseline -0.013 -6"><span class='ocrx_word' id='word_1_819' title='bbox 2258 3832 2313 3885; x_wconf 88' lang='lat' dir='ltr'><strong><em>in</em></strong></span> <span class='ocrx_word' id='word_1_820' title='bbox 2338 3830 2418 3885; x_wconf 87' lang='lat' dir='ltr'><strong><em>via</em></strong></span> <span class='ocrx_word' id='word_1_821' title='bbox 2438 3829 2557 3891; x_wconf 75' lang='lat' dir='ltr'><strong><em>eidi,</em></strong></span> <span class='ocrx_word' id='word_1_822' title='bbox 2588 3843 2698 3891; x_wconf 88' lang='lat' dir='ltr'><strong><em>rex,</em></strong></span> <span class='ocrx_word' id='word_1_823' title='bbox 2722 3826 2785 3879; x_wconf 90' lang='lat' dir='ltr'><strong><em>de</em></strong></span> <span class='ocrx_word' id='word_1_824' title='bbox 2811 3825 2936 3878; x_wconf 77' lang='lat' dir='ltr'><strong><em>ca&#39;lo</em></strong></span> <span class='ocrx_word' id='word_1_825' title='bbox 2958 3837 3117 3891; x_wconf 86' lang='lat' dir='ltr'><strong><em>supra</em></strong></span> <span class='ocrx_word' id='word_1_826' title='bbox 3136 3820 3458 3891; x_wconf 84' lang='lat' dir='ltr'><strong><em>splendorem</em></strong></span> <span class='ocrx_word' id='word_1_827' title='bbox 3482 3819 3609 3871; x_wconf 82' lang='lat' dir='ltr'><strong><em>solis</em></strong></span> <span class='ocrx_word' id='word_1_828' title='bbox 3642 3818 3831 3870; x_wconf 75' lang='lat' dir='ltr'><strong><em>circum-</em></strong></span> 
     </span>
    </p>
   </div>
   <div class='ocr_carea' id='block_1_101' title="bbox 2262 3906 3833 3996">
    <p class='ocr_par' dir='ltr' id='par_1_101' title="bbox 2262 3906 3833 3996">
     <span class='ocr_line' id='line_1_102' title="bbox 2262 3906 3833 3996; baseline -0.016 -18"><span class='ocrx_word' id='word_1_829' title='bbox 2262 3924 2462 3996; x_wconf 80' lang='lat' dir='ltr'><strong><em>fulsisse</em></strong></span> <span class='ocrx_word' id='word_1_830' title='bbox 2494 3936 2570 3974; x_wconf 91' lang='lat' dir='ltr'><strong><em>me</em></strong></span> <span class='ocrx_word' id='word_1_831' title='bbox 2596 3920 2783 3981; x_wconf 86' lang='lat' dir='ltr'><strong><em>lumen,</em></strong></span> <span class='ocrx_word' id='word_1_832' title='bbox 2820 3924 2868 3970; x_wconf 91' lang='lat' dir='ltr'><strong><em>et</em></strong></span> <span class='ocrx_word' id='word_1_833' title='bbox 2896 3931 2979 3969; x_wconf 88' lang='lat' dir='ltr'><strong><em>eos</em></strong></span> <span class='ocrx_word' id='word_1_834' title='bbox 3011 3914 3098 3984; x_wconf 87' lang='lat' dir='ltr'><strong><em>qui</em></strong></span> <span class='ocrx_word' id='word_1_835' title='bbox 3136 3927 3327 3966; x_wconf 89' lang='lat' dir='ltr'><strong><em>mecum</em></strong></span> <span class='ocrx_word' id='word_1_836' title='bbox 3370 3909 3526 3963; x_wconf 89' lang='lat' dir='ltr'><strong><em>simul</em></strong></span> <span class='ocrx_word' id='word_1_837' title='bbox 3557 3919 3724 3961; x_wconf 87' lang='lat' dir='ltr'><strong><em>erant.</em></strong></span> <span class='ocrx_word' id='word_1_838' title='bbox 3757 3906 3833 3960; x_wconf 70' lang='lat' dir='ltr'><strong><em>il.</em></strong></span> 
     </span>
    </p>
   </div>
   <div class='ocr_carea' id='block_1_102' title="bbox 2264 4001 3832 4085">
    <p class='ocr_par' dir='ltr' id='par_1_102' title="bbox 2264 4001 3832 4085">
     <span class='ocr_line' id='line_1_103' title="bbox 2264 4001 3832 4085; baseline -0.015 -11"><span class='ocrx_word' id='word_1_839' title='bbox 2264 4018 2546 4085; x_wconf 87' lang='lat' dir='ltr'><strong><em>Omnesque</em></strong></span> <span class='ocrx_word' id='word_1_840' title='bbox 2574 4031 2663 4068; x_wconf 88' lang='lat' dir='ltr'><strong><em>nos</em></strong></span> <span class='ocrx_word' id='word_1_841' title='bbox 2692 4029 2806 4067; x_wconf 90' lang='lat' dir='ltr'><strong><em>cum</em></strong></span> <span class='ocrx_word' id='word_1_842' title='bbox 2843 4009 3204 4064; x_wconf 85' lang='lat' dir='ltr'><strong><em>decidissentus</em></strong></span> <span class='ocrx_word' id='word_1_843' title='bbox 3233 4007 3286 4057; x_wconf 89' lang='lat' dir='ltr'><strong><em>in</em></strong></span> <span class='ocrx_word' id='word_1_844' title='bbox 3315 4014 3523 4066; x_wconf 85' lang='lat' dir='ltr'><strong><em>terram,</em></strong></span> <span class='ocrx_word' id='word_1_845' title='bbox 3563 4001 3736 4054; x_wconf 75' lang='lat' dir='ltr'><strong><em>audiri</em></strong></span> <span class='ocrx_word' id='word_1_846' title='bbox 3758 4016 3832 4053; x_wconf 73' lang='lat' dir='ltr'><strong><em>no-</em></strong></span> 
     </span>
    </p>
   </div>
   <div class='ocr_carea' id='block_1_103' title="bbox 2260 4094 3822 4179">
    <p class='ocr_par' dir='ltr' id='par_1_103' title="bbox 2260 4094 3822 4179">
     <span class='ocr_line' id='line_1_104' title="bbox 2260 4094 3822 4179; baseline -0.013 -14"><span class='ocrx_word' id='word_1_847' title='bbox 2260 4128 2370 4165; x_wconf 91' lang='lat' dir='ltr'><strong><em>cem</em></strong></span> <span class='ocrx_word' id='word_1_848' title='bbox 2394 4109 2675 4179; x_wconf 85' lang='lat' dir='ltr'><strong><em>loquentem</em></strong></span> <span class='ocrx_word' id='word_1_849' title='bbox 2710 4104 2833 4157; x_wconf 89' lang='lat' dir='ltr'><strong><em>milti</em></strong></span> <span class='ocrx_word' id='word_1_850' title='bbox 2879 4100 3133 4156; x_wconf 83' lang='lat' dir='ltr'><strong><em>Hebraica</em></strong></span> <span class='ocrx_word' id='word_1_851' title='bbox 3180 4098 3354 4166; x_wconf 89' lang='lat' dir='ltr'><strong><em>lingua</em></strong></span> <span class='ocrx_word' id='word_1_852' title='bbox 3384 4111 3401 4148; x_wconf 92' lang='lat'><strong><em>:</em></strong></span> <span class='ocrx_word' id='word_1_853' title='bbox 3432 4095 3620 4156; x_wconf 87' lang='lat' dir='ltr'><strong><em>Saule,</em></strong></span> <span class='ocrx_word' id='word_1_854' title='bbox 3670 4094 3822 4149; x_wconf 65' lang='lat' dir='ltr'><strong><em>Sauli:</em></strong></span> 
     </span>
    </p>
   </div>
   <div class='ocr_carea' id='block_1_104' title="bbox 2260 4184 3823 4277">
    <p class='ocr_par' dir='ltr' id='par_1_104' title="bbox 2260 4184 3823 4277">
     <span class='ocr_line' id='line_1_105' title="bbox 2260 4184 3823 4277; baseline -0.017 -17"><span class='ocrx_word' id='word_1_855' title='bbox 2260 4203 2383 4277; x_wconf 85' lang='lat' dir='ltr'><strong><em>quid</em></strong></span> <span class='ocrx_word' id='word_1_856' title='bbox 2407 4219 2485 4257; x_wconf 89' lang='lat' dir='ltr'><strong><em>me</em></strong></span> <span class='ocrx_word' id='word_1_857' title='bbox 2526 4197 2878 4271; x_wconf 72' lang='lat' dir='ltr'><strong><em>persequeris?</em></strong></span> <span class='ocrx_word' id='word_1_858' title='bbox 2925 4193 3124 4248; x_wconf 87' lang='lat' dir='ltr'><strong><em>Durum</em></strong></span> <span class='ocrx_word' id='word_1_859' title='bbox 3160 4200 3231 4244; x_wconf 92' lang='lat' dir='ltr'><strong><em>est</em></strong></span> <span class='ocrx_word' id='word_1_860' title='bbox 3274 4188 3363 4242; x_wconf 89' lang='lat' dir='ltr'><strong><em>tibi</em></strong></span> <span class='ocrx_word' id='word_1_861' title='bbox 3402 4196 3589 4241; x_wconf 89' lang='lat' dir='ltr'><strong><em>contra</em></strong></span> <span class='ocrx_word' id='word_1_862' title='bbox 3619 4184 3823 4238; x_wconf 59' lang='lat' dir='ltr'><strong><em>stimulas</em></strong></span> 
     </span>
    </p>
   </div>
   <div class='ocr_carea' id='block_1_105' title="bbox 2261 4273 3828 4360">
    <p class='ocr_par' dir='ltr' id='par_1_105' title="bbox 2261 4273 3828 4360">
     <span class='ocr_line' id='line_1_106' title="bbox 2261 4273 3828 4360; baseline -0.017 -9"><span class='ocrx_word' id='word_1_863' title='bbox 2261 4273 2544 4353; x_wconf 79' lang='lat' dir='ltr'><strong><em>calcitrare.</em></strong></span> <span class='ocrx_word' id='word_1_864' title='bbox 2580 4293 2666 4346; x_wconf 84' lang='grc'><strong>15.</strong></span> <span class='ocrx_word' id='word_1_865' title='bbox 2704 4288 2815 4360; x_wconf 83' lang='lat' dir='ltr'><strong><em>Ego</em></strong></span> <span class='ocrx_word' id='word_1_866' title='bbox 2844 4296 3011 4340; x_wconf 89' lang='lat' dir='ltr'><strong><em>autem</em></strong></span> <span class='ocrx_word' id='word_1_867' title='bbox 3041 4282 3170 4346; x_wconf 73' lang='lat' dir='ltr'><strong><em>dixi,</em></strong></span> <span class='ocrx_word' id='word_1_868' title='bbox 3197 4279 3325 4347; x_wconf 86' lang='lat' dir='ltr'><strong><em>Quis</em></strong></span> <span class='ocrx_word' id='word_1_869' title='bbox 3353 4294 3425 4343; x_wconf 87' lang='lat' dir='ltr'><strong><em>es,</em></strong></span> <span class='ocrx_word' id='word_1_870' title='bbox 3456 4275 3722 4329; x_wconf 83' lang='lat' dir='ltr'><strong><em>Domine?</em></strong></span> <span class='ocrx_word' id='word_1_871' title='bbox 3748 4273 3828 4325; x_wconf 69' lang='lat' dir='ltr'><strong><em>llic</em></strong></span> 
     </span>
    </p>
   </div>
   <div class='ocr_carea' id='block_1_106' title="bbox 2261 4369 3827 4453">
    <p class='ocr_par' dir='ltr' id='par_1_106' title="bbox 2261 4369 3827 4453">
     <span class='ocr_line' id='line_1_107' title="bbox 2261 4369 3827 4453; baseline -0.017 -9"><span class='ocrx_word' id='word_1_872' title='bbox 2261 4398 2425 4444; x_wconf 91' lang='lat' dir='ltr'><strong><em>autem</em></strong></span> <span class='ocrx_word' id='word_1_873' title='bbox 2448 4387 2574 4440; x_wconf 88' lang='lat' dir='ltr'><strong><em>dixit</em></strong></span> <span class='ocrx_word' id='word_1_874' title='bbox 2602 4400 2619 4439; x_wconf 93' lang='lat'><strong><em>:</em></strong></span> <span class='ocrx_word' id='word_1_875' title='bbox 2642 4382 2752 4453; x_wconf 85' lang='lat' dir='ltr'><strong><em>Ego</em></strong></span> <span class='ocrx_word' id='word_1_876' title='bbox 2786 4397 2899 4435; x_wconf 89' lang='lat' dir='ltr'><strong><em>sum</em></strong></span> <span class='ocrx_word' id='word_1_877' title='bbox 2932 4376 3103 4442; x_wconf 72' lang='lat' dir='ltr'><strong><em>Iesus,</em></strong></span> <span class='ocrx_word' id='word_1_878' title='bbox 3126 4390 3270 4442; x_wconf 87' lang='lat' dir='ltr'><strong><em>quem</em></strong></span> <span class='ocrx_word' id='word_1_879' title='bbox 3310 4382 3365 4424; x_wconf 88' lang='lat' dir='ltr'><strong><em>ttt</em></strong></span> <span class='ocrx_word' id='word_1_880' title='bbox 3392 4369 3727 4441; x_wconf 79' lang='lat' dir='ltr'><strong><em>persequeris.</em></strong></span> <span class='ocrx_word' id='word_1_881' title='bbox 3756 4369 3827 4419; x_wconf 77' lang='lat' dir='ltr'><strong><em>lli.</em></strong></span> 
     </span>
    </p>
   </div>
   <div class='ocr_carea' id='block_1_107' title="bbox 2264 4464 3829 4549">
    <p class='ocr_par' dir='ltr' id='par_1_107' title="bbox 2264 4464 3829 4549">
     <span class='ocr_line' id='line_1_108' title="bbox 2264 4464 3829 4549; baseline -0.017 -13"><span class='ocrx_word' id='word_1_882' title='bbox 2264 4484 2370 4538; x_wconf 88' lang='lat' dir='ltr'><strong><em>Sed</em></strong></span> <span class='ocrx_word' id='word_1_883' title='bbox 2399 4494 2610 4549; x_wconf 75' lang='lat' dir='ltr'><strong><em>exsurge</em></strong></span> <span class='ocrx_word' id='word_1_884' title='bbox 2636 4486 2681 4530; x_wconf 91' lang='lat' dir='ltr'><strong><em>et</em></strong></span> <span class='ocrx_word' id='word_1_885' title='bbox 2710 4485 2787 4528; x_wconf 89' lang='lat' dir='ltr'><strong><em>sta</em></strong></span> <span class='ocrx_word' id='word_1_886' title='bbox 2815 4487 2965 4543; x_wconf 81' lang='lat' dir='ltr'><strong><em>super</em></strong></span> <span class='ocrx_word' id='word_1_887' title='bbox 2991 4469 3142 4540; x_wconf 89' lang='lat' dir='ltr'><strong><em>pedes</em></strong></span> <span class='ocrx_word' id='word_1_888' title='bbox 3172 4477 3284 4519; x_wconf 90' lang='lat' dir='ltr'><strong><em>tuos</em></strong></span> <span class='ocrx_word' id='word_1_889' title='bbox 3313 4481 3330 4518; x_wconf 90' lang='lat'><strong><em>:</em></strong></span> <span class='ocrx_word' id='word_1_890' title='bbox 3357 4464 3424 4515; x_wconf 91' lang='lat' dir='ltr'><strong><em>ad</em></strong></span> <span class='ocrx_word' id='word_1_891' title='bbox 3455 4465 3551 4515; x_wconf 87' lang='lat' dir='ltr'><strong><em>hoc</em></strong></span> <span class='ocrx_word' id='word_1_892' title='bbox 3577 4464 3710 4514; x_wconf 80' lang='lat' dir='ltr'><strong><em>enim</em></strong></span> <span class='ocrx_word' id='word_1_893' title='bbox 3742 4476 3829 4525; x_wconf 80' lang='lat' dir='ltr'><strong><em>ap-</em></strong></span> 
     </span>
    </p>
   </div>
   <div class='ocr_carea' id='block_1_108' title="bbox 2262 4560 3830 4645">
    <p class='ocr_par' dir='ltr' id='par_1_108' title="bbox 2262 4560 3830 4645">
     <span class='ocr_line' id='line_1_109' title="bbox 2262 4560 3830 4645; baseline -0.017 -18"><span class='ocrx_word' id='word_1_894' title='bbox 2262 4573 2411 4645; x_wconf 88' lang='lat' dir='ltr'><strong><em>parui</em></strong></span> <span class='ocrx_word' id='word_1_895' title='bbox 2431 4571 2539 4637; x_wconf 90' lang='lat' dir='ltr'><strong><em>tibi,</em></strong></span> <span class='ocrx_word' id='word_1_896' title='bbox 2562 4579 2615 4621; x_wconf 88' lang='lat' dir='ltr'><strong><em>ut</em></strong></span> <span class='ocrx_word' id='word_1_897' title='bbox 2643 4566 2938 4620; x_wconf 87' lang='lat' dir='ltr'><strong><em>constituam</em></strong></span> <span class='ocrx_word' id='word_1_898' title='bbox 2967 4571 3014 4615; x_wconf 87' lang='lat' dir='ltr'><strong><em>te</em></strong></span> <span class='ocrx_word' id='word_1_899' title='bbox 3046 4560 3331 4612; x_wconf 87' lang='lat' dir='ltr'><strong><em>ministrum</em></strong></span> <span class='ocrx_word' id='word_1_900' title='bbox 3369 4565 3414 4608; x_wconf 88' lang='lat' dir='ltr'><strong><em>et</em></strong></span> <span class='ocrx_word' id='word_1_901' title='bbox 3458 4564 3636 4606; x_wconf 84' lang='lat' dir='ltr'><strong><em>testem</em></strong></span> <span class='ocrx_word' id='word_1_902' title='bbox 3672 4565 3830 4603; x_wconf 70' lang='lat' dir='ltr'><strong><em>comi:</em></strong></span> 
     </span>
    </p>
   </div>
   <div class='ocr_carea' id='block_1_109' title="bbox 2260 4646 3831 4736">
    <p class='ocr_par' dir='ltr' id='par_1_109' title="bbox 2260 4646 3831 4736">
     <span class='ocr_line' id='line_1_110' title="bbox 2260 4646 3831 4736; baseline -0.017 -17"><span class='ocrx_word' id='word_1_903' title='bbox 2260 4680 2374 4736; x_wconf 72' lang='lat' dir='ltr'><strong><em>qua:</em></strong></span> <span class='ocrx_word' id='word_1_904' title='bbox 2396 4663 2583 4726; x_wconf 87' lang='lat' dir='ltr'><strong><em>vidisti,</em></strong></span> <span class='ocrx_word' id='word_1_905' title='bbox 2607 4669 2849 4713; x_wconf 89' lang='lat' dir='ltr'><strong><em>eteorum</em></strong></span> <span class='ocrx_word' id='word_1_906' title='bbox 2873 4654 3048 4725; x_wconf 89' lang='lat' dir='ltr'><strong><em>quibus</em></strong></span> <span class='ocrx_word' id='word_1_907' title='bbox 3079 4649 3330 4720; x_wconf 83' lang='lat' dir='ltr'><strong><em>apparebo</em></strong></span> <span class='ocrx_word' id='word_1_908' title='bbox 3355 4647 3464 4713; x_wconf 89' lang='lat' dir='ltr'><strong><em>tibi,</em></strong></span> <span class='ocrx_word' id='word_1_909' title='bbox 3508 4647 3599 4700; x_wconf 80' lang='grc'><strong>17.</strong></span> <span class='ocrx_word' id='word_1_910' title='bbox 3630 4646 3831 4712; x_wconf 70' lang='lat' dir='ltr'><strong><em>eripiens</em></strong></span> 
     </span>
    </p>
   </div>
   <div class='ocr_carea' id='block_1_110' title="bbox 2262 4741 3831 4826">
    <p class='ocr_par' dir='ltr' id='par_1_110' title="bbox 2262 4741 3831 4826">
     <span class='ocr_line' id='line_1_111' title="bbox 2262 4741 3831 4826; baseline -0.017 -15"><span class='ocrx_word' id='word_1_911' title='bbox 2262 4768 2308 4813; x_wconf 91' lang='lat' dir='ltr'><strong><em>te</em></strong></span> <span class='ocrx_word' id='word_1_912' title='bbox 2327 4758 2389 4812; x_wconf 86' lang='lat' dir='ltr'><strong><em>de</em></strong></span> <span class='ocrx_word' id='word_1_913' title='bbox 2413 4756 2604 4826; x_wconf 84' lang='lat' dir='ltr'><strong><em>pOpulo</em></strong></span> <span class='ocrx_word' id='word_1_914' title='bbox 2629 4761 2675 4805; x_wconf 91' lang='lat' dir='ltr'><strong><em>et</em></strong></span> <span class='ocrx_word' id='word_1_915' title='bbox 2696 4750 2942 4821; x_wconf 88' lang='lat' dir='ltr'><strong><em>gentibus,</em></strong></span> <span class='ocrx_word' id='word_1_916' title='bbox 2965 4747 3018 4799; x_wconf 88' lang='lat' dir='ltr'><strong><em>in</em></strong></span> <span class='ocrx_word' id='word_1_917' title='bbox 3041 4761 3163 4814; x_wconf 87' lang='lat' dir='ltr'><strong><em>quas</em></strong></span> <span class='ocrx_word' id='word_1_918' title='bbox 3190 4757 3321 4795; x_wconf 90' lang='lat' dir='ltr'><strong><em>nunc</em></strong></span> <span class='ocrx_word' id='word_1_919' title='bbox 3348 4757 3438 4809; x_wconf 88' lang='lat' dir='ltr'><strong><em>ego</em></strong></span> <span class='ocrx_word' id='word_1_920' title='bbox 3465 4741 3610 4790; x_wconf 87' lang='lat' dir='ltr'><strong><em>mitto</em></strong></span> <span class='ocrx_word' id='word_1_921' title='bbox 3635 4748 3699 4795; x_wconf 82' lang='lat' dir='ltr'><strong><em>te,</em></strong></span> <span class='ocrx_word' id='word_1_922' title='bbox 3721 4749 3831 4801; x_wconf 76' lang='lat' dir='ltr'><strong><em>ape—</em></strong></span> 
     </span>
    </p>
   </div>
   <div class='ocr_carea' id='block_1_111' title="bbox 2259 4830 3828 4906">
    <p class='ocr_par' dir='ltr' id='par_1_111' title="bbox 2259 4830 3828 4906">
     <span class='ocr_line' id='line_1_112' title="bbox 2259 4830 3828 4906; baseline -0.02 0"><span class='ocrx_word' id='word_1_923' title='bbox 2259 4850 2361 4905; x_wconf 83' lang='lat' dir='ltr'><strong><em>rire</em></strong></span> <span class='ocrx_word' id='word_1_924' title='bbox 2389 4847 2559 4903; x_wconf 89' lang='lat' dir='ltr'><strong><em>oculos</em></strong></span> <span class='ocrx_word' id='word_1_925' title='bbox 2589 4858 2779 4906; x_wconf 91' lang='lat' dir='ltr'><strong><em>eorunt,</em></strong></span> <span class='ocrx_word' id='word_1_926' title='bbox 2813 4850 2865 4893; x_wconf 91' lang='lat' dir='ltr'><strong><em>ut</em></strong></span> <span class='ocrx_word' id='word_1_927' title='bbox 2887 4847 3239 4892; x_wconf 82' lang='lat' dir='ltr'><strong><em>convertantur</em></strong></span> <span class='ocrx_word' id='word_1_928' title='bbox 3264 4851 3296 4885; x_wconf 92' lang='lat' dir='ltr'><strong><em>a</em></strong></span> <span class='ocrx_word' id='word_1_929' title='bbox 3325 4831 3539 4885; x_wconf 84' lang='lat' dir='ltr'><strong><em>tenebris</em></strong></span> <span class='ocrx_word' id='word_1_930' title='bbox 3565 4834 3634 4881; x_wconf 83' lang='lat' dir='ltr'><strong><em>ad</em></strong></span> <span class='ocrx_word' id='word_1_931' title='bbox 3660 4830 3828 4886; x_wconf 72' lang='lat' dir='ltr'><strong><em>lucem,</em></strong></span> 
     </span>
    </p>
   </div>
   <div class='ocr_carea' id='block_1_112' title="bbox 2261 4920 3829 5009">
    <p class='ocr_par' dir='ltr' id='par_1_112' title="bbox 2261 4920 3829 5009">
     <span class='ocr_line' id='line_1_113' title="bbox 2261 4920 3829 5009; baseline -0.016 -14"><span class='ocrx_word' id='word_1_932' title='bbox 2261 4951 2306 4996; x_wconf 87' lang='lat' dir='ltr'><strong><em>et</em></strong></span> <span class='ocrx_word' id='word_1_933' title='bbox 2330 4941 2391 4993; x_wconf 90' lang='lat' dir='ltr'><strong><em>de</em></strong></span> <span class='ocrx_word' id='word_1_934' title='bbox 2420 4946 2664 5009; x_wconf 88' lang='lat' dir='ltr'><strong><em>potestate</em></strong></span> <span class='ocrx_word' id='word_1_935' title='bbox 2697 4943 2887 4988; x_wconf 64' lang='lat' dir='ltr'><strong><em>satanas</em></strong></span> <span class='ocrx_word' id='word_1_936' title='bbox 2914 4930 2981 4983; x_wconf 88' lang='lat' dir='ltr'><strong><em>ad</em></strong></span> <span class='ocrx_word' id='word_1_937' title='bbox 3012 4929 3193 4989; x_wconf 88' lang='lat' dir='ltr'><strong><em>Deum,</em></strong></span> <span class='ocrx_word' id='word_1_938' title='bbox 3221 4935 3275 4979; x_wconf 89' lang='lat' dir='ltr'><strong><em>ut</em></strong></span> <span class='ocrx_word' id='word_1_939' title='bbox 3302 4924 3562 4991; x_wconf 85' lang='lat' dir='ltr'><strong><em>accipiant</em></strong></span> <span class='ocrx_word' id='word_1_940' title='bbox 3588 4920 3829 4975; x_wconf 79' lang='lat' dir='ltr'><strong><em>remissio-</em></strong></span> 
     </span>
    </p>
   </div>
   <div class='ocr_carea' id='block_1_113' title="bbox 2260 5015 3831 5103">
    <p class='ocr_par' dir='ltr' id='par_1_113' title="bbox 2260 5015 3831 5103">
     <span class='ocr_line' id='line_1_114' title="bbox 2260 5015 3831 5103; baseline -0.018 -15"><span class='ocrx_word' id='word_1_941' title='bbox 2260 5050 2375 5088; x_wconf 89' lang='lat' dir='ltr'><strong><em>nem</em></strong></span> <span class='ocrx_word' id='word_1_942' title='bbox 2400 5042 2737 5103; x_wconf 86' lang='lat' dir='ltr'><strong><em>peccatorum,</em></strong></span> <span class='ocrx_word' id='word_1_943' title='bbox 2767 5035 2811 5079; x_wconf 92' lang='lat' dir='ltr'><strong><em>et</em></strong></span> <span class='ocrx_word' id='word_1_944' title='bbox 2839 5034 3021 5078; x_wconf 90' lang='lat' dir='ltr'><strong><em>sortem</em></strong></span> <span class='ocrx_word' id='word_1_945' title='bbox 3046 5023 3176 5075; x_wconf 88' lang='lat' dir='ltr'><strong><em>inter</em></strong></span> <span class='ocrx_word' id='word_1_946' title='bbox 3194 5025 3394 5071; x_wconf 85' lang='lat' dir='ltr'><strong><em>sanctos</em></strong></span> <span class='ocrx_word' id='word_1_947' title='bbox 3424 5032 3513 5085; x_wconf 86' lang='lat' dir='ltr'><strong><em>per</em></strong></span> <span class='ocrx_word' id='word_1_948' title='bbox 3537 5015 3709 5081; x_wconf 69' lang='lat' dir='ltr'><strong><em>ﬁderit,</em></strong></span> <span class='ocrx_word' id='word_1_949' title='bbox 3728 5024 3831 5077; x_wconf 68' lang='lat' dir='ltr'><strong><em>quis</em></strong></span> 
     </span>
    </p>
   </div>
   <div class='ocr_carea' id='block_1_114' title="bbox 2260 5103 3829 5188">
    <p class='ocr_par' dir='ltr' id='par_1_114' title="bbox 2260 5103 3829 5188">
     <span class='ocr_line' id='line_1_115' title="bbox 2260 5103 3829 5188; baseline -0.017 -8"><span class='ocrx_word' id='word_1_950' title='bbox 2260 5135 2333 5181; x_wconf 88' lang='lat' dir='ltr'><strong><em>est</em></strong></span> <span class='ocrx_word' id='word_1_951' title='bbox 2353 5128 2406 5178; x_wconf 88' lang='lat' dir='ltr'><strong><em>in</em></strong></span> <span class='ocrx_word' id='word_1_952' title='bbox 2430 5138 2526 5176; x_wconf 89' lang='lat' dir='ltr'><strong><em>me.</em></strong></span> <span class='ocrx_word' id='word_1_953' title='bbox 2560 5116 2857 5188; x_wconf 86' lang='lat' dir='ltr'><strong><em>Perpende,</em></strong></span> <span class='ocrx_word' id='word_1_954' title='bbox 2889 5130 3045 5184; x_wconf 89' lang='lat' dir='ltr'><strong><em>quam</em></strong></span> <span class='ocrx_word' id='word_1_955' title='bbox 3074 5117 3349 5166; x_wconf 89' lang='lat' dir='ltr'><strong><em>mansuete</em></strong></span> <span class='ocrx_word' id='word_1_956' title='bbox 3376 5108 3649 5172; x_wconf 86' lang='lat' dir='ltr'><strong><em>loquatur.</em></strong></span> <span class='ocrx_word' id='word_1_957' title='bbox 3680 5103 3829 5163; x_wconf 72' lang='lat' dir='ltr'><strong><em>Deus,</em></strong></span> 
     </span>
    </p>
   </div>
   <div class='ocr_carea' id='block_1_115' title="bbox 2261 5198 3832 5283">
    <p class='ocr_par' dir='ltr' id='par_1_115' title="bbox 2261 5198 3832 5283">
     <span class='ocr_line' id='line_1_116' title="bbox 2261 5198 3832 5283; baseline -0.015 -14"><span class='ocrx_word' id='word_1_958' title='bbox 2261 5216 2452 5283; x_wconf 89' lang='lat' dir='ltr'><strong><em>inquit,</em></strong></span> <span class='ocrx_word' id='word_1_959' title='bbox 2498 5213 2627 5266; x_wconf 80' lang='lat' dir='ltr'><strong><em>dixit</em></strong></span> <span class='ocrx_word' id='word_1_960' title='bbox 2666 5210 2732 5262; x_wconf 91' lang='lat' dir='ltr'><strong><em>ad</em></strong></span> <span class='ocrx_word' id='word_1_961' title='bbox 2771 5223 2849 5260; x_wconf 90' lang='lat' dir='ltr'><strong><em>me</em></strong></span> <span class='ocrx_word' id='word_1_962' title='bbox 2880 5222 2899 5259; x_wconf 91' lang='lat'><strong><em>:</em></strong></span> <span class='ocrx_word' id='word_1_963' title='bbox 2926 5203 3155 5273; x_wconf 83' lang='lat' dir='ltr'><strong><em>Apparui</em></strong></span> <span class='ocrx_word' id='word_1_964' title='bbox 3195 5200 3303 5262; x_wconf 90' lang='lat' dir='ltr'><strong><em>tibi,</em></strong></span> <span class='ocrx_word' id='word_1_965' title='bbox 3350 5209 3405 5251; x_wconf 91' lang='lat' dir='ltr'><strong><em>ut</em></strong></span> <span class='ocrx_word' id='word_1_966' title='bbox 3448 5198 3747 5249; x_wconf 86' lang='lat' dir='ltr'><strong><em>constituam</em></strong></span> <span class='ocrx_word' id='word_1_967' title='bbox 3792 5204 3832 5245; x_wconf 82' lang='lat' dir='ltr'><strong><em>te</em></strong></span> 
     </span>
    </p>
   </div>
   <div class='ocr_carea' id='block_1_116' title="bbox 2260 5287 3833 5363">
    <p class='ocr_par' dir='ltr' id='par_1_116' title="bbox 2260 5287 3833 5363">
     <span class='ocr_line' id='line_1_117' title="bbox 2260 5287 3833 5363; baseline -0.016 -3"><span class='ocrx_word' id='word_1_968' title='bbox 2260 5308 2547 5363; x_wconf 90' lang='lat' dir='ltr'><strong><em>ministrum</em></strong></span> <span class='ocrx_word' id='word_1_969' title='bbox 2566 5313 2612 5357; x_wconf 85' lang='lat' dir='ltr'><strong><em>:t</em></strong></span> <span class='ocrx_word' id='word_1_970' title='bbox 2635 5312 2805 5357; x_wconf 89' lang='lat' dir='ltr'><strong><em>testem</em></strong></span> <span class='ocrx_word' id='word_1_971' title='bbox 2843 5314 3013 5352; x_wconf 88' lang='lat' dir='ltr'><strong><em>eorum</em></strong></span> <span class='ocrx_word' id='word_1_972' title='bbox 3037 5310 3147 5363; x_wconf 78' lang='lat' dir='ltr'><strong><em>qua:</em></strong></span> <span class='ocrx_word' id='word_1_973' title='bbox 3170 5292 3357 5356; x_wconf 83' lang='lat' dir='ltr'><strong><em>vidisti,</em></strong></span> <span class='ocrx_word' id='word_1_974' title='bbox 3385 5300 3433 5344; x_wconf 91' lang='lat' dir='ltr'><strong><em>et</em></strong></span> <span class='ocrx_word' id='word_1_975' title='bbox 3462 5306 3639 5343; x_wconf 84' lang='lat' dir='ltr'><strong><em>eorum</em></strong></span> <span class='ocrx_word' id='word_1_976' title='bbox 3664 5287 3833 5355; x_wconf 73' lang='lat' dir='ltr'><strong><em>quibus</em></strong></span> 
     </span>
    </p>
   </div>
   <div class='ocr_carea' id='block_1_117' title="bbox 2259 5382 3833 5473">
    <p class='ocr_par' dir='ltr' id='par_1_117' title="bbox 2259 5382 3833 5473">
     <span class='ocr_line' id='line_1_118' title="bbox 2259 5382 3833 5473; baseline -0.018 -17"><span class='ocrx_word' id='word_1_977' title='bbox 2259 5400 2515 5473; x_wconf 86' lang='lat' dir='ltr'><strong><em>apparebo</em></strong></span> <span class='ocrx_word' id='word_1_978' title='bbox 2537 5397 2642 5458; x_wconf 90' lang='lat' dir='ltr'><strong><em>tibi,</em></strong></span> <span class='ocrx_word' id='word_1_979' title='bbox 2669 5395 2882 5461; x_wconf 84' lang='lat' dir='ltr'><strong><em>eripiens</em></strong></span> <span class='ocrx_word' id='word_1_980' title='bbox 2912 5402 2958 5443; x_wconf 92' lang='lat' dir='ltr'><strong><em>te</em></strong></span> <span class='ocrx_word' id='word_1_981' title='bbox 2982 5390 3044 5441; x_wconf 82' lang='lat' dir='ltr'><strong><em>de</em></strong></span> <span class='ocrx_word' id='word_1_982' title='bbox 3068 5386 3256 5458; x_wconf 88' lang='lat' dir='ltr'><strong><em>papulo</em></strong></span> <span class='ocrx_word' id='word_1_983' title='bbox 3286 5394 3332 5438; x_wconf 89' lang='lat' dir='ltr'><strong><em>et</em></strong></span> <span class='ocrx_word' id='word_1_984' title='bbox 3357 5382 3612 5453; x_wconf 79' lang='lat' dir='ltr'><strong><em>gentibus,</em></strong></span> <span class='ocrx_word' id='word_1_985' title='bbox 3646 5382 3696 5433; x_wconf 81' lang='lat' dir='ltr'><strong><em>in</em></strong></span> <span class='ocrx_word' id='word_1_986' title='bbox 3716 5394 3833 5448; x_wconf 81' lang='lat' dir='ltr'><strong><em>quos</em></strong></span> 
     </span>
    </p>
   </div>
   <div class='ocr_carea' id='block_1_118' title="bbox 2260 5476 3831 5563">
    <p class='ocr_par' dir='ltr' id='par_1_118' title="bbox 2260 5476 3831 5563">
     <span class='ocr_line' id='line_1_119' title="bbox 2260 5476 3831 5563; baseline -0.018 -15"><span class='ocrx_word' id='word_1_987' title='bbox 2260 5510 2392 5549; x_wconf 88' lang='lat' dir='ltr'><strong><em>nunc</em></strong></span> <span class='ocrx_word' id='word_1_988' title='bbox 2410 5509 2501 5563; x_wconf 88' lang='lat' dir='ltr'><strong><em>ego</em></strong></span> <span class='ocrx_word' id='word_1_989' title='bbox 2526 5492 2668 5543; x_wconf 87' lang='lat' dir='ltr'><strong><em>mitto</em></strong></span> <span class='ocrx_word' id='word_1_990' title='bbox 2692 5497 2757 5550; x_wconf 87' lang='lat' dir='ltr'><strong><em>te,</em></strong></span> <span class='ocrx_word' id='word_1_991' title='bbox 2792 5485 2876 5538; x_wconf 89' lang='grc'><strong>18.</strong></span> <span class='ocrx_word' id='word_1_992' title='bbox 2904 5492 2957 5536; x_wconf 86' lang='lat' dir='ltr'><strong><em>ut</em></strong></span> <span class='ocrx_word' id='word_1_993' title='bbox 2984 5480 3180 5551; x_wconf 86' lang='lat' dir='ltr'><strong><em>aperias</em></strong></span> <span class='ocrx_word' id='word_1_994' title='bbox 3204 5476 3377 5530; x_wconf 88' lang='lat' dir='ltr'><strong><em>oculos</em></strong></span> <span class='ocrx_word' id='word_1_995' title='bbox 3406 5490 3603 5538; x_wconf 85' lang='lat' dir='ltr'><strong><em>eorum,</em></strong></span> <span class='ocrx_word' id='word_1_996' title='bbox 3634 5486 3687 5525; x_wconf 86' lang='lat' dir='ltr'><strong><em>ut</em></strong></span> <span class='ocrx_word' id='word_1_997' title='bbox 3717 5488 3831 5522; x_wconf 74' lang='lat' dir='ltr'><strong><em>(on—</em></strong></span> 
     </span>
    </p>
   </div>
   <div class='ocr_carea' id='block_1_119' title="bbox 2259 5561 3832 5643">
    <p class='ocr_par' dir='ltr' id='par_1_119' title="bbox 2259 5561 3832 5643">
     <span class='ocr_line' id='line_1_120' title="bbox 2259 5561 3832 5643; baseline -0.02 1"><span class='ocrx_word' id='word_1_998' title='bbox 2259 5561 2517 5643; x_wconf 85' lang='lat' dir='ltr'><strong><em>vertantur</em></strong></span> <span class='ocrx_word' id='word_1_999' title='bbox 2543 5602 2572 5637; x_wconf 93' lang='lat' dir='ltr'><strong><em>a</em></strong></span> <span class='ocrx_word' id='word_1_1000' title='bbox 2596 5580 2808 5637; x_wconf 86' lang='lat' dir='ltr'><strong><em>tenebris</em></strong></span> <span class='ocrx_word' id='word_1_1001' title='bbox 2846 5576 2913 5629; x_wconf 88' lang='lat' dir='ltr'><strong><em>ad</em></strong></span> <span class='ocrx_word' id='word_1_1002' title='bbox 2938 5576 3097 5628; x_wconf 88' lang='lat' dir='ltr'><strong><em>lucem</em></strong></span> <span class='ocrx_word' id='word_1_1003' title='bbox 3123 5581 3169 5624; x_wconf 89' lang='lat' dir='ltr'><strong><em>et</em></strong></span> <span class='ocrx_word' id='word_1_1004' title='bbox 3194 5587 3225 5622; x_wconf 75' lang='grc' dir='ltr'><em>α</em></span> <span class='ocrx_word' id='word_1_1005' title='bbox 3261 5578 3504 5637; x_wconf 83' lang='lat' dir='ltr'><strong><em>potestate</em></strong></span> <span class='ocrx_word' id='word_1_1006' title='bbox 3539 5578 3728 5618; x_wconf 72' lang='lat' dir='ltr'><strong><em>satana:</em></strong></span> <span class='ocrx_word' id='word_1_1007' title='bbox 3766 5561 3832 5613; x_wconf 77' lang='lat' dir='ltr'><strong><em>ad</em></strong></span> 
     </span>
    </p>
   </div>
   <div class='ocr_carea' id='block_1_120' title="bbox 2262 5655 3827 5747">
    <p class='ocr_par' dir='ltr' id='par_1_120' title="bbox 2262 5655 3827 5747">
     <span class='ocr_line' id='line_1_121' title="bbox 2262 5655 3827 5747; baseline -0.022 -8"><span class='ocrx_word' id='word_1_1008' title='bbox 2262 5682 2446 5747; x_wconf 84' lang='lat' dir='ltr'><strong><em>Deum,</em></strong></span> <span class='ocrx_word' id='word_1_1009' title='bbox 2475 5688 2527 5733; x_wconf 89' lang='lat' dir='ltr'><strong><em>ut</em></strong></span> <span class='ocrx_word' id='word_1_1010' title='bbox 2555 5674 2806 5743; x_wconf 83' lang='lat' dir='ltr'><strong><em>accipiant</em></strong></span> <span class='ocrx_word' id='word_1_1011' title='bbox 2829 5667 3171 5723; x_wconf 88' lang='lat' dir='ltr'><strong><em>remissionem</em></strong></span> <span class='ocrx_word' id='word_1_1012' title='bbox 3196 5669 3533 5731; x_wconf 75' lang='lat' dir='ltr'><strong><em>peccatorum.</em></strong></span> <span class='ocrx_word' id='word_1_1013' title='bbox 3559 5660 3636 5710; x_wconf 73' lang='lat' dir='ltr'><strong><em>Ac</em></strong></span> <span class='ocrx_word' id='word_1_1014' title='bbox 3670 5672 3710 5708; x_wconf 79' lang='lat' dir='ltr'><strong><em>st</em></strong></span> <span class='ocrx_word' id='word_1_1015' title='bbox 3746 5655 3827 5705; x_wconf 52' lang='lat' dir='ltr'><strong><em>di-</em></strong></span> 
     </span>
    </p>
   </div>
   <div class='ocr_carea' id='block_1_121' title="bbox 2259 5747 3828 5826">
    <p class='ocr_par' dir='ltr' id='par_1_121' title="bbox 2259 5747 3828 5826">
     <span class='ocr_line' id='line_1_122' title="bbox 2259 5747 3828 5826; baseline -0.017 -1"><span class='ocrx_word' id='word_1_1016' title='bbox 2259 5778 2408 5825; x_wconf 85' lang='lat' dir='ltr'><strong><em>ceret</em></strong></span> <span class='ocrx_word' id='word_1_1017' title='bbox 2454 5787 2467 5823; x_wconf 90' lang='lat'><strong><em>:</em></strong></span> <span class='ocrx_word' id='word_1_1018' title='bbox 2510 5771 2597 5826; x_wconf 85' lang='lat' dir='ltr'><strong><em>llis</em></strong></span> <span class='ocrx_word' id='word_1_1019' title='bbox 2624 5763 2844 5822; x_wconf 87' lang='lat' dir='ltr'><strong><em>credidi.</em></strong></span> <span class='ocrx_word' id='word_1_1020' title='bbox 2888 5761 2988 5815; x_wconf 88' lang='lat' dir='ltr'><strong><em>hac</em></strong></span> <span class='ocrx_word' id='word_1_1021' title='bbox 3024 5757 3223 5813; x_wconf 80' lang='lat' dir='ltr'><strong><em>visione</em></strong></span> <span class='ocrx_word' id='word_1_1022' title='bbox 3259 5768 3345 5809; x_wconf 91' lang='lat' dir='ltr'><strong><em>me</em></strong></span> <span class='ocrx_word' id='word_1_1023' title='bbox 3377 5750 3617 5815; x_wconf 76' lang='lat' dir='ltr'><strong><em>adduxit,</em></strong></span> <span class='ocrx_word' id='word_1_1024' title='bbox 3669 5756 3719 5803; x_wconf 84' lang='lat' dir='ltr'><strong><em>et</em></strong></span> <span class='ocrx_word' id='word_1_1025' title='bbox 3751 5747 3828 5799; x_wconf 83' lang='lat' dir='ltr'><strong><em>sic</em></strong></span> 
     </span>
    </p>
   </div>
  </div>
