4098 6354
190 284 303 340 559

184 396 634 469 ἀνακηρύττεται
691 392 798 448 ὑπὸ
828 392 921 447 τοῦ
941 391 1149 462 Φήστου
1174 405 1188 419 ·
1236 389 1297 440 ού
1354 384 1514 456 μόνον
1541 381 1649 453 γὰρ
1700 377 1863 469 αὐτὸν

183 468 391 558 ἀφίησι
414 485 524 539 τῶν
551 484 939 554 ἐγκλημάτων,
976 478 1112 534 ἀλλὰ
1136 478 1230 530 καὶ⁵
1257 470 1763 545 ὑπεραπολογεῖται.
1783 468 1856 558 ΔΤί

184 556 368 641 λέγων
390 590 405 639 ;
445 573 739 641 Ἀγρίππα
762 568 1049 634 βασιλεῦ,
1075 565 1174 619 καὶ
1195 562 1416 626 πάντες
1435 562 1488 613 οἱ
1507 556 1859 641 συμπαρόνῖ

186 637 290 726 τες
327 637 477 729 ἡμῖν
513 637 748 727 ἀνδρες,
803 655 1066 724 θεωρεῖτε
1121 650 1356 714 τοῦτον,
1405 646 1559 719 [588]
1616 642 1749 711 περὶ
1788 637 1859 697 οὗ

186 746 317 802 πᾶν
350 747 420 800 τὸ
447 745 683 813 πλῆθος
724 741 844 797 τῶν
891 739 1195 797 Ἰουδαίων
1221 734 1511 804 ἐνέτυχόν
1542 750 1645 802 μοι
1687 731 1757 784 ἐν
1800 745 1863 781 τε

201 833 656 903 Ἰεροσολύμοις
695 831 793 885 καὶ
818 828 1052 891 ἐνθάδε,
1085 823 1439 888 ἐπιϐοῶντες
1482 820 1564 891 μὴ
1597 819 1724 873 δεῖν
1757 814 1863 884 ζῇν

186 921 385 975 αὑτὸν
393 920 631 989 μηκέτι.
663 916 813 987 Ἐγὼ
842 916 911 969 δέ
962 914 1450 981 καταλαϐόμενος
1471 906 1665 977 μηδὲν
1690 904 1864 967 ἀξιον

187 1008 460 1066 θανάτου
476 1007 663 1061 αὑτὸν
675 1006 1066 1072 πεπραχέναι,
1091 1000 1187 1055 καὶ
1202 997 1389 1054 αὐτοῦ
1406 997 1474 1051 δέ
1503 996 1716 1050 τούτου
1732 993 1863 1046 ἐπι-

188 1095 621 1164 καλεσαμένου
653 1093 761 1146 τὸν
787 1091 1114 1153 Σεϐαστὸν,
1137 1088 1343 1155 ἔκρινα
1367 1085 1623 1154 πέμπειν
1655 1080 1862 1164 αὐτόν.

187 1183 332 1248 Περὶ
352 1162 740 1247 οὖ-ἀσφαλές
760 1193 815 1230 τι
848 1175 1071 1245 γράψαι
1106 1170 1185 1238 τῷ
1216 1170 1400 1239 κυρίῳ
1448 1170 1561 1222 οὐκ
1589 1165 1707 1234 ἐχω
1727 1182 1740 1194 ·
1774 1162 1863 1215 διὸ

188 1268 542 1337 προήγαγον
583 1265 773 1321 αὐτὸν
812 1263 905 1333 ἐφ’
946 1260 1115 1331 ὑμῶν
1146 1258 1246 1313 καὶ
1288 1256 1556 1327 μάλιστα
1591 1252 1691 1306 ἐπὶ
1726 1250 1862 1313 σοῦ,

183 1355 462 1421 ,βασιλεῦ
492 1355 797 1423 Ἀγρίππα,
818 1352 976 1417 ὅπως
995 1348 1105 1417 τῆς
1126 1345 1501 1414 ἀνακρίσεως
1517 1340 1862 1413 γενομένης,

187 1443 323 1512 σχῶ
364 1460 423 1497 τι
462 1441 708 1512 γράψαι.
748 1441 1008 1508 Ἀλογον
1043 1434 1157 1505 γάρ
1181 1451 1283 1504 μοι
1326 1430 1510 1495 δοκεῖ,
1556 1428 1866 1498 πέμποντα

186 1533 450 1601 δέσμιον
468 1529 556 1600 μὴ
583 1528 681 1583 καὶ
709 1526 817 1592 τὰς
836 1526 965 1581 κατ’
994 1522 1178 1578 αὐτοῦ
1206 1521 1400 1586 αἰτίας
1420 1516 1706 1588 σημᾶναι.
1735 1513 1865 1566 Σκό-

188 1638 301 1684 πει,
335 1618 461 1682 πῶς
503 1617 726 1670 ἐκείνων
752 1615 851 1685 μὲν
888 1613 1206 1683 κατηγορεῖ,
1227 1608 1413 1662 τοῦτον
1445 1607 1501 1660 δέ
1525 1604 1766 1674 ἀφίησιν.
1801 1602 1865 1653 Ὢ

186 1708 286 1779 τῆς
327 1708 445 1760 τῶν
496 1704 882 1774 δικαιωμάτων
926 1697 1271 1770 περιουσίαςῑ
1311 1696 1458 1758 ὅπως
1492 1689 1861 1760 καταδικάσῃ,

184 1798 283 1866 οὐχ
325 1793 578 1865 εὑρίσκει
620 1795 649 1846 ὁ
697 1791 903 1862 ἅρχωνο
951 1788 1149 1859 μυρίας
1193 1784 1492 1855 γενομένης
1531 1779 1861 1866 tagax“:

185 1860 410 1933 ἐκεῖνοί
446 1879 506 1932 δὲ
548 1860 944 1939 τοῦτονρᾶξιον
996 1873 1224 1927 θανάτου
1275 1870 1513 1938 ἔφασκον
1562 1860 1721 1920 εἶναι.
1767 1861 1866 1915 Διὰ

185 1968 350 2022 τοῦτο
381 1968 476 2021 καὶ
503 1966 717 2035 ἐλεγεν·
766 1964 912 2033 Ἐγὼ
947 1961 1014 2015 δὲ
1042 1958 1546 2021 καταλαϐόμενος,
1574 1952 1727 2023 φησὶ,
1754 1968 1866 2021 μη-

185 2056 295 2108 δὲν
316 2056 501 2120 ἀξιον
528 2052 790 2109 θανάτου
816 2048 1185 2117 πεπραχέναι
1208 2045 1423 2099 αὐτόν·
1455 2037 1574 2095 εἶτα
1596 2040 1862 2110 ἐπήγαγε,

186 2145 390 2213 λέγων·
432 2142 575 2210 Περὶ
615 2136 688 2195 οὗ
728 2137 1004 2206 ἀσφαλές
1033 2154 1087 2189 τι
1133 2135 1355 2204 γράψαι
1413 2128 1494 2195 τῷ
1530 2129 1714 2196 κυρίῳ
1755 2129 1866 2180 οὐκ

193 2234 327 2301 ἔχω.
361 2232 479 2285 Καὶ
518 2228 679 2282 τοῦτο
704 2229 803 2298 τῆς
836 2226 930 2280 τοῦ
968 2224 1176 2278 Παύλου
1207 2219 1577 2290 καθαρότητος
1605 2215 1667 2269 τὸ
1702 2214 1866 2285 μηδὲν

194 2320 337 2389 ἔχειν
361 2317 456 2370 τὸν
495 2315 778 2385 δικαστὴν,
807 2314 835 2367 ὃ
859 2331 911 2366 τι
934 2311 1065 2384 εἴπῃ
1102 2309 1230 2379 περὶ
1254 2305 1441 2360 αὐτοῦ.
1480 2304 1579 2359 Διὸ
1604 2302 1865 2389 προήγαῖ

192 2387 298 2475 γον
326 2403 539 2468 αὐτὸν,
570 2402 755 2472 φησὶν,
786 2401 879 2469 ἐφ’
908 2397 1096 2469 ὑμῶν·
1138 2397 1398 2464 Ἀλογον
1433 2392 1545 2462 γάρ
1568 2406 1671 2461 μοι
1703 2387 1870 2443 δοκεῖ

186 2491 364 2556 εἶναι,
420 2494 739 2559 πέμποντα
778 2487 1048 2557 δέσμιον,
1093 2484 1178 2555 μὴ
1218 2481 1317 2537 καὶ
1369 2480 1476 2546 τὰς
1522 2478 1649 2533 κατ’
1682 2475 1866 2530 αὑτοῦ

185 2584 390 2645 αίτίας
448 2579 735 2647 σημᾶναι.
783 2576 931 2646 Ὅρα
993 2574 1073 2637 είς
1137 2571 1254 2635 οἵας
1321 2566 1572 2623 ἐνέϐαλον
1610 2566 1658 2619 οἱ
1739 2565 1868 2647 Ἰου-

183 2673 331 2725 δαῖοι
376 2669 506 2731 τοὺς
531 2646 813 2736 ἀρχοντας
851 2661 1032 2717 αὐτῶν
1059 2658 1293 2730 ἀπορίας
1323 2655 1582 2728 μεγάλας.
1623 2652 1688 2706 Τί
1718 2646 1809 2705 οὖν
1840 2652 1868 2703 ὁ

198 2758 556 2828 Ἀγρίππας;
597 2753 721 2805 Ἐπὶ
752 2750 962 2813 τούτοις
992 2746 1315 2819 βουλόμενός
1340 2762 1394 2798 τι
1437 2743 1629 2814 μαθεῖν
1655 2754 1702 2803 α,
1731 2740 1869 2828 πρὸς

183 2848 280 2901 τὸν
303 2827 522 2898 Παῦλον
550 2840 681 2912 ἔφη·
724 2836 1133 2906 Ἐπιτρέπεταί
1160 2849 1261 2889 σοι
1290 2832 1441 2900 ὑπὲρ
1474 2828 1736 2885 σεαυτοῦ
1764 2827 1867 2881 λέ-

184 2951 339 3003 Teir.
376 2933 457 3001 Τῇ
496 2929 664 2999 πολλῇ
705 2928 835 2997 περὶ
875 2922 970 2978 τοῦ
1009 2920 1241 2975 ἀκοῦσαι
1280 2919 1547 2989 ἐπιθυμία
1584 2914 1867 3003 ἐπιτρέπει

184 3000 342 3087 αὐτῷ
379 3000 561 3085 λέγειν
599 3018 628 3067 ό
659 3012 926 3083 βασιλεύς.
978 3009 1036 3063 Ὀ
1058 3009 1116 3062 δὲ
1143 3006 1354 3069 Παῦλος
1384 3006 1522 3075 μετὰ
1556 3000 1869 3075 παρρησίας

185 3107 497 3179 φθέγγεται
542 3103 748 3165 λοιπὸν,
792 3100 853 3152 ού
900 3095 1231 3159 κολακεύων,
1268 3092 1403 3147 ἀλλὰ
1439 3089 1868 3179 διάντοῦτοῌμα-

184 3176 386 3267 κάριον
426 3192 620 3246 ἑαυτὸν
663 3191 886 3257 φάσκων
911 3181 1069 3248 εἶναι,
1100 3179 1289 3267 ἐπειδὴ
1325 3179 1461 3267 πρδς
1487 3176 1867 3267 πάνταᾲεωότα

182 3261 282 3335 τὸν
312 3280 477 3346 λόγον
511 3278 770 3329 ποιεῖται·
814 3272 908 3323 καὶ
940 3271 1019 3323 ὅτι
1062 3268 1151 3322 διὰ
1200 3265 1376 3330 τοῦτο,
1406 3265 1567 3319 ἄκουε
1599 3262 1634 3316 ἃ
1665 3261 1729 3332 δὴ
1773 3261 1867 3314 καλ⁵

184 3366 543 3438 προτείνεται
588 3361 791 3428 λέγων·
844 3361 979 3412 Τότε
1017 3359 1050 3411 ὁ
1090 3355 1332 3438 Παῦλος
1359 3350 1729 3421 ἀπελογεῖτο,
1770 3349 1869 3403 ἐκ·

182 3436 395 3520 τείνας
421 3454 539 3519 τὴν
584 3449 768 3519 χεῖρα.
798 3446 935 3514 Περὶ
960 3444 1202 3497 πάντων
1237 3436 1325 3496 ὧν
1357 3439 1721 3511 ἐγκαλοῦμαι
1750 3437 1867 3493 ὑπὸ

197 3543 534 3604 Ἰουδαίων,
553 3536 818 3603 βασιλεῦ
849 3533 1163 3602 Ἀγρίππα,
1205 3530 1423 3598 ἥγημαι
1465 3528 1724 3596 ἐμαυτὸν
1756 3543 1867 3595 μα⁸

184 3632 428 3699 κόριον.
489 3627 588 3680 ἐπὶ
644 3623 762 3678 σοῦ
816 3623 1057 3691 μέλλων
1108 3618 1531 3688 ἀπολογεῖσθαι
1576 3615 1863 3684 σήμερον,

180 3724 463 3792 μάλιστα
506 3716 787 3788 γνώστην
826 3714 971 3766 ὄντα
1003 3728 1077 3765 σε
1109 3709 1349 3763 πάντων
1369 3709 1487 3760 τῶν
1517 3707 1667 3760 κατὰ
1716 3709 1865 3760 Ἰου-

185 3810 403 3873 δαίους
432 3804 590 3859 ἐθῶν
614 3802 711 3857 καὶ
733 3799 1101 3869 ζητημάτων·
1137 3796 1228 3850 διὸ
1267 3795 1475 3863 δέομαί
1502 3809 1617 3846 σου
1648 3809 1867 3861 μακρο-

188 3899 394 3965 θύμως
422 3891 690 3948 ἀκοῦσαί
708 3907 845 3958 μου.
879 3888 1072 3940 Καίτοι
1101 3901 1187 3952 γε,
1216 3886 1265 3936 εἰ
1290 3882 1500 3952 συνῄδει
1529 3878 1723 3948 ἐαυτῷ,
1769 3896 1867 3965 φοξ-

187 3964 428 4052 ϐσηθῆναι
451 3978 620 4048 ἐχρῆν
646 3974 797 4045 παρὰ
818 3972 896 4041 τῷ
925 3972 1107 4024 πάντα
1132 3969 1291 4022 εἰδότι
1318 3967 1670 4035 δικαζόμενον
1691 3983 1704 3996 ·
1730 3964 1868 4052 ἀλλὰ

187 4051 440 4138 καθαροῦ
489 4062 788 4124 συνειδότος
829 4059 987 4113 τοῦτό
1032 4061 1201 4119 ἐστιν,
1251 4056 1313 4107 τὸ
1361 4054 1433 4124 μὴ
1487 4051 1867 4122 παραιτεῖσθαι

183 4156 455 4225 δικαστὴν
499 4152 590 4205 τὸν
620 4147 863 4217 ἀκριϐῶς
903 4147 1082 4200 εἰδότα
1110 4145 1179 4196 τὰ
1212 4143 1572 4212 γεγενημένα,
1607 4140 1743 4194 ἀλλὰ
1773 4141 1867 4192 καὶ

184 4247 437 4317 χαίρειν·
469 4240 594 4295 ὅθεν
627 4242 723 4292 καὶ
752 4237 1018 4307 μακάριον
1040 4230 1233 4286 ἐαυτὸν
1266 4232 1499 4301 ἡγεῖται,
1518 4228 1621 4317 καὶ
1640 4226 1832 4317 λέγειξ)
1850 4243 1863 4257 ·

186 4314 410 4400 λέομαί
442 4342 564 4381 σου
592 4324 988 4395 μακροθύμως
1013 4318 1273 4374 ἀκοῦσαί
1295 4334 1435 4387 μου.
1490 4314 1708 4387 Ἐπειδὴ
1738 4314 1868 4381 μέλ-

186 4421 271 4472 λει
296 4420 462 4485 λόγον
490 4414 753 4468 ἐκτείνειν
780 4412 873 4465 καὶ
899 4410 1083 4478 λέγειν
1108 4426 1158 4461 τι
1198 4407 1326 4479 περὶ
1354 4405 1568 4466 ἑαυτοῦ.
1592 4405 1681 4458 διὰ
1710 4405 1867 4458 τοῦτο

186 4502 489 4578 προλαϐὼν
522 4499 887 4571 παρεκάλεσε,
919 4497 1014 4551 καί
1047 4512 1209 4567 φησι·
1236 4494 1361 4563 Τὴν
1375 4493 1493 4563 μὲν
1513 4487 1627 4547 οὖν
1644 4493 1869 4557 ,ϐίωσίν

184 4611 306 4663 μου
331 4590 453 4659 τὴν
473 4589 544 4642 ἐκ
565 4588 870 4653 νεότητος,
893 4585 1008 4652 τὴν
1035 4580 1315 4651 ἀπαρχῆς
1333 4579 1664 4651 γενομένην
1693 4581 1763 4633 ἐν
1789 4578 1869 4645 τῷ

187 4682 351 4733 ἐθνει
380 4693 510 4747 μου
541 4675 611 4728 ἐν
664 4673 1128 4742 Ἰεροσολύμοις,
1173 4672 1346 4723 ἴσασι
1374 4668 1597 4733 πάντες
1632 4670 1685 4720 οὶ
1724 4669 1868 4721 Ἰου-

187 4768 369 4829 δαῖοι,
413 4759 937 4833 προγινώσκοντές
958 4776 1034 4830 με
1070 4760 1318 4822 ἄνωθεν,
1348 4756 1459 4809 ἐὰν
1487 4755 1706 4809 θέλωσι
1726 4771 1869 4823 μαρ-

188 4854 418 4923 τυρεῖν,
453 4852 544 4904 ὅτι
560 4849 710 4903 κατὰ
731 4848 847 4916 τὴν
865 4845 1302 4915 ἀκριϐεστάτην
1327 4844 1563 4909 αἵρεσιν
1597 4840 1707 4907 τῆς
1735 4841 1869 4907 ἡμεο

188 4943 370 5009 τέρας
386 4939 718 5008 θρησκείας
740 4934 922 5003 ἐζησα
944 4932 1281 5003 Φαρισαῖος.
1294 4932 1359 4983 Ὃ
1378 4930 1545 4997 λέγει,
1562 4929 1718 4981 τοῦτό
1732 4931 1866 4981 ἐστι·

190 5029 315 5091 Πῶς
341 5027 411 5080 ἂν
432 5022 767 5093 στασιαστὴς
784 5022 1074 5092 ἐγενόμην,
1095 5021 1123 5072 ὀ
1138 5021 1255 5081 νέος
1278 5016 1513 5080 τοιοῦτος
1535 5015 1609 5068 ὣν
1626 5017 1719 5068 καὶ
1738 5033 1811 5085 μα
1818 5032 1870 5086 ρ-

188 5114 539 5188 τυρούμενος
566 5112 671 5165 ὑπὸ
701 5111 952 5176 πάντων;
979 5107 1115 5162 Εἶτα
1140 5108 1235 5161 καὶ
1263 5106 1371 5159 ἀπὸ
1403 5104 1503 5174 τῆς
1543 5103 1805 5173 αἱρέσεως
1835 5105 1869 5174 ἡ

192 5205 384 5265 πίστις
426 5192 490 5254 οὗ
519 5196 699 5252 εἶπεν·
729 5199 923 5266 ἐπάγει
952 5196 1061 5266 γάρ
1080 5212 1095 5226 ·
1121 5194 1281 5248 Κατὰ
1301 5192 1415 5261 τὴν
1442 5188 1872 5258 ἀκριϐεστάτην

190 5292 442 5360 αἵρεσιν
472 5286 581 5355 τῆς
623 5286 943 5355 θρησκείας
983 5283 1184 5350 ἔζησα.
1217 5280 1326 5334 Καὶ
1362 5279 1484 5352 ἐπεὶ
1526 5279 1687 5331 πάλιν
1725 5278 1871 5341 εἰκὸς

190 5376 260 5449 ἦν
305 5392 470 5439 τινας
505 5376 707 5428 εἰπεῖν·
745 5374 810 5427 Τί
852 5368 964 5437 οὖν,
1017 5374 1067 5425 εἰ
1103 5371 1137 5439 ή
1170 5368 1268 5440 μὲν
1293 5365 1438 5440 [589]
1500 5366 1706 5437 αἵρεσις
1745 5365 1862 5417 θαυ-

195 5468 409 5538 μαστὴ,
437 5466 504 5518 σὺ
528 5463 583 5517 δὲ
611 5464 878 5535 nov-1196c;
909 5462 1010 5530 ὅρα
1041 5459 1158 5523 πῶς
1179 5458 1240 5512 τὸ
1261 5455 1538 5529 ὑφορμοῦν
1559 5454 1868 5524 θεραπεύει·

198 5557 496 5625 μάρτυρας
543 5552 653 5622 γάρ
695 5551 852 5605 καλεῖ
883 5548 1092 5610 πάντας
1136 5549 1262 5611 τοὺς
1317 5544 1602 5608 Ἰουδαίους
1640 5544 1766 5607 τοὺς
1789 5561 1869 5613 γι-

193 5640 517 5701 νώσκοντας
547 5640 637 5691 τὸν
671 5638 836 5692 αὑτοῦ
872 5637 985 5707 βίον
1011 5636 1106 5689 καὶ
1136 5636 1236 5706 τὴν
1268 5633 1632 5703 ἀναστροφήν.
1677 5633 1873 5686 Ἰσασι

258 5770 280 5793 ⁸
307 5771 450 5830 Περ,
476 5772 550 5820 ἐπὶ
566 5770 750 5825 τούτοις
774 5768 1054 5833 βουλόμενός
1071 5784 1120 5833 τι
1143 5766 1319 5830 μαθεῖν,
1361 5762 1543 5815 desunt
1565 5765 1611 5813 in
1644 5777 1742 5815 uno
1765 5760 1871 5814 cod.

199 5832 233 5875 δ
257 5834 460 5896 Χαίρειν
489 5832 818 5893 καὶμακάριον
842 5833 1007 5879 ἑαυτὸν
1027 5832 1194 5887 λέγειν,
1218 5834 1287 5878 sic
1310 5841 1448 5877 unus.

557 5912 826 5973 ΡΑτιιυι..
875 5909 990 5969 Gn.
1040 5907 1165 5968 LX.

1158 272 1228 328 ΙΝ
1266 268 1449 328 ACTA
1488 260 2030 322 APOSTOLORUM.
2060 261 2294 322 HOMIL.
2340 265 2449 321 LII.

3525 257 3630 316 ὅου

1969 382 2097 450 γὰρ,
2158 381 2323 450 φησὶ,
2376 382 2597 447 πάντες
2659 378 3512 451 Ἰουδαῖοιμπρογινώσκοντές
3555 401 3634 454 με

1968 466 2214 530 ἄνωθεν,
2244 470 2352 522 ἐὰν
2378 470 2595 522 θέλωσι
2634 468 2975 538 μαρτυρεῖν.
3015 470 3125 523 Καὶ
3160 466 3277 523 νῦν
3308 470 3399 523 ἐπ’
3434 470 3634 526 έλπίδι

1970 553 2077 621 τῆς
2101 555 2250 622 πρὸς
2278 556 2419 621 τοὺς
2448 557 2709 625 πατέρας
2735 556 2897 625 ἡμῶν
2923 559 3249 627 γενομένης
3277 559 3637 630 ἐπαγγελίας

1976 640 2085 693 ὑπὸ
2118 642 2222 695 τοῦ
2264 644 2433 704 Θεοῦ,
2466 643 2693 711 ἕστηκα
2726 645 3104 713 κρινόμενος·
3138 647 3225 711 είς
3258 645 3338 711 ἡν
3365 651 3429 700 τὸ
3458 647 3635 701 δωδε·

1972 726 2248 794 κάφυλον
2282 729 2469 797 ἡμῶν,
2514 732 2584 783 ἐν
2619 731 2886 797 ἐκτενείᾳ
2923 732 3111 785 νύκτα
3136 733 3234 786 καὶ
3259 734 3490 803 ἡμέραν
3524 740 3634 790 λα-

1970 815 2201 882 τρεῦον,
2236 817 2456 878 ἐλπίζει
2494 819 2884 888 καταντῆσαι·
2927 822 3059 889 περὶ
3086 818 3161 893 ἧς
3191 824 3436 891 ἐλπίδος
3461 826 3638 895 ἐγκα-

1970 904 2226 972 λοῦμαι,
2276 904 2545 969 βασιλεῦ
2606 906 2907 975 Ἀγρίππα,
2969 909 3090 963 ὑπὸ
3162 911 3474 965 Ἰουδαίων.
3539 914 3637 981 Ti;

1970 989 2231 1042 ἄπιστον
2259 990 2524 1057 κρίνεται
2554 993 2690 1060 παρ’
2719 994 2880 1062 ὑμῖν,
2909 997 2960 1048 ει
2988 998 3021 1049 ό
3051 996 3193 1062 Θεὸς
3214 998 3465 1065 νεκροὺς
3489 998 3639 1068 ἐγείο

1961 1093 2089 1144 ρεις
2122 1077 2227 1130 Δύο
2253 1077 2435 1148 τίθησι
2478 1080 2608 1151 περὶ
2654 1082 3000 1148 ἀναστάσεως
3054 1084 3365 1157 λογισμοὺς,
3395 1088 3492 1140 ἕνα
3538 1089 3638 1159 μὲν

1972 1168 2060 1221 τὸν
2104 1168 2213 1221 ἀπὸ
2262 1168 2594 1239 προφητῶν·
2641 1170 2735 1223 καὶ
2785 1172 2845 1223 ού
2890 1173 3127 1243 παράγει
3167 1176 3471 1247 προφήτην,
3521 1174 3637 1231 ἀλλ’

1971 1255 2139 1322 αὐτὴν
2167 1254 2275 1309 τῶν
2309 1256 2579 1309 Ἰουδαίων
2607 1258 2706 1327 τὴν
2737 1258 2894 1323 δόξαν
2914 1275 2928 1290 ·
2964 1259 3124 1314 ἄλλον
3153 1262 3209 1315 δὲ
3237 1261 3325 1316 τὸν
3353 1265 3446 1319 καὶ
3491 1266 3641 1337 ἰσχυ-

1975 1341 2201 1410 ρότερον
2242 1340 2335 1394 τὸν
2388 1342 2496 1396 ἀπὸ
2542 1345 2905 1414 πραγμάτων.
2947 1345 3104 1401 Ποῖον
3157 1347 3221 1420 δὴ
3254 1348 3476 1415 τοῦτον;
3516 1352 3641 1405 Ὅτι

1971 1427 2222 1498 διελέχθη
2265 1428 2412 1500 αὐτῷ
2459 1432 2487 1483 ὁ
2523 1431 2789 1501 Χριστὸς,
2825 1434 3066 1498 ἀναστάς
3097 1437 3161 1488 ἐκ
3206 1437 3415 1507 νεκρῶν
3443 1450 3487 1494 ο.
3531 1439 3643 1492 Καὶ

1973 1516 2374 1581 κατασκευάζει
2408 1518 2503 1571 καὶ
2535 1518 2723 1572 τοῦτον
2766 1520 2875 1573 ἀπὸ
2908 1521 3205 1593 λογισμῶν,
3247 1523 3343 1594 τὴν
3371 1523 3642 1595 προτέραν

1972 1602 2136 1655 αὑτοῦ
2193 1605 2391 1673 μανίαν
2444 1605 2799 1676 διηγούμενος
2844 1609 3123 1679 ἀκριϐῶς·
3194 1605 3313 1664 εἶτα
3361 1613 3455 1664 καὶ
3506 1612 3644 1681 μετά

1973 1690 2248 1761 ὲγκωμίου
2267 1692 2374 1745 τῶν
2413 1692 2680 1746 Ἰουδαίων
2701 1712 2715 1727 ·
2747 1697 2949 1749 Νύκτα
2976 1697 3073 1751 καὶ
3094 1698 3324 1767 ἡμέραν
3350 1699 3645 1766 λατρεῦον

1971 1779 2215 1843 ἐλπίζει,
2257 1781 2410 1851 φησὶ,
2449 1783 2841 1851 καταντῆσαι.
2883 1787 3044 1839 Ὥστε
3078 1788 3127 1838 εἰ
3160 1787 3252 1840 καὶ
3290 1787 3365 1857 μὴ
3399 1787 3643 1858 ἀλήπτου

1975 1866 2089 1935 βίου
2133 1868 2303 1939 ἤμην,
2358 1868 2499 1939 ὑπὲρ
2534 1870 2741 1925 τούτων
2790 1872 2890 1925 οὐκ
2920 1872 3026 1925 ἔδει
3064 1872 3363 1942 κρίνεσθαι,
3418 1873 3642 1944 βασιλεῦ

1985 1954 2282 2025 Ἀγρίππα.
2316 1952 2448 2011 Εἶτα
2477 1960 2571 2011 καὶ
2593 1959 2750 2022 ἄλλος
2781 1960 3057 2031 λογισμός.
3094 1960 3162 2014 Τί
3172 1977 3196 2027 ;
3232 1961 3493 2015 ἀπιστον
3516 1965 3643 2031 κρί-

1972 2056 2135 2094 νεται
2161 2043 2299 2111 παρ’
2330 2043 2491 2112 ὑμῖν,
2535 2048 2587 2098 εἰ
2620 2048 2652 2099 ό
2691 2048 2834 2112 Θεὸς
2871 2047 3126 2115 νεκροὺς
3162 2048 3405 2117 ἐγείρει;
3440 2048 3502 2102 Εἰ
3534 2049 3643 2123 γὰρ

1977 2130 2051 2197 μὴ
2080 2129 2301 2200 τοιαύτη
2331 2131 2456 2197 δόξα
2484 2127 2572 2202 ἦν,
2608 2133 2655 2184 εξ
2679 2135 2786 2204 γὰρ
2818 2134 2894 2204 μὴ
2923 2133 3392 2205 άνατεθραμμένοι
3420 2132 3561 2205 ἦσαν
3584 2139 3642 2191 ὲν

1971 2215 2181 2279 τούτοις
2227 2220 2338 2281 τοῖς
2376 2218 2626 2289 δόγμασι,
2667 2220 2761 2272 νῦν
2812 2220 2868 2273 δὲ
2912 2221 3252 2291 εἰσεφέρετο,
3290 2222 3425 2285 ἴσως
3450 2225 3548 2277 οὐκ
3575 2224 3643 2279 ἂν

1975 2301 2190 2365 ἐδέξατό
2238 2320 2321 2367 τις
2375 2305 2468 2359 τὸν
2515 2305 2688 2374 λόγον.
2741 2302 3087 2376 Εἷταλέγει,
3134 2308 3252 2371 πῶς
3289 2309 3513 2362 ἐδίωκε·
3548 2312 3643 2364 καὶ

1974 2390 2131 2443 τοῦτο
2170 2397 2704 2447 ’κατασκευαστικόν·
2770 2397 2864 2449 καὶ
2910 2398 3035 2459 τοὺς
3079 2397 3359 2469 ἀρχιερεῖς
3399 2400 3641 2470 παράγει

1978 2479 2279 2549 μάρτυρας,
2306 2482 2400 2533 καί⁵
2424 2481 2524 2545 τὰς
2554 2482 2658 2549 ἔξω
2684 2484 2888 2547 πόλεις,
2921 2485 3014 2538 καὶ
3040 2485 3121 2539 ὅτι
3160 2487 3361 2556 ἢκουσε
3394 2485 3644 2551 λέγοντος

1975 2566 2154 2636 αὐτῷ·
2189 2567 2463 2636 Σκλῆρόν
2500 2586 2598 2624 σοι
2627 2572 2777 2639 πρὸς
2803 2572 3020 2643 κέντρα
3059 2574 3377 2635 λακτίζειν.
3412 2575 3645 2629 Ἔπειτα

1973 2652 2210 2705 δείκνυσι
2235 2656 2330 2707 καὶ
2344 2656 2438 2707 τοῦ
2461 2656 2594 2709 Θεοῦ
2610 2656 2637 2695 τὶ
2668 2657 2766 2729 τὴν
2788 2659 3217 2730 φιλανθρωπίαν,
3240 2662 3320 2715 ὅτι
3348 2661 3438 2714 καὶ
3453 2660 3644 2715 διωκό-

1978 2754 2137 2806 μενος
2163 2739 2337 2809 ὤφθη,
2374 2743 2467 2795 καὶ
2494 2744 2575 2796 ὅτι
2610 2744 2723 2797 Οὐκ
2756 2746 2856 2815 ἐμὲ
2901 2746 3060 2817 μόνον
3092 2747 3472 2818 εὐεργέτησεν,
3507 2748 3643 2802 ἀλλὰ

1975 2825 2069 2878 καὶ
2099 2827 2306 2896 ἑτέροις
2333 2827 2544 2899 ἔπεμψε
2565 2831 2903 2888 διδάσκαλον.

2047 2913 2112 2984 β’.
2148 2915 2394 2970 Δείκνυσι
2422 2918 2480 2970 δέ
2510 2919 2604 2972 καὶ
2635 2920 2733 2991 τὴν
2762 2921 3120 2992 προφητείαν,
3154 2923 3222 2995 ἢν
3253 2924 3505 2995 ἤκουσεν.
3537 2929 3645 2994 Είς

1974 3001 2150 3054 τοῦτο
2176 2999 2382 3070 ὤφθην
2407 3020 2506 3057 σοι
2525 3020 2540 3033 ·
2566 3005 2989 3076 ἐξαιρούμενός
3012 3026 3086 3063 σε
3109 3009 3177 3063 ἐκ
3209 3011 3318 3065 τοῦ
3353 3014 3507 3067 λαοῦ
3542 3016 3643 3067 καὶ

1975 3088 2094 3141 τῶν
2123 3090 2331 3155 ἐθνῶν,
2359 3094 2444 3156 είς
2467 3092 2572 3159 οὓς
2606 3095 2719 3163 ἐγώ
2746 3111 2821 3149 σε
2846 3096 3223 3152 ἀποστέλλω.
3256 3100 3441 3155 Ταῦτα
3469 3103 3644 3157 πάντα

1974 3175 2204 3240 δεικνὺς,
2230 3176 2413 3245 ἔλεγεν
2430 3194 2443 3209 ·
2485 3179 2632 3249 Ἐγὼ
2655 3182 2772 3249 μὲν
2798 3179 2911 3237 οὖν
2929 3183 3112 3247 ἔδοξα
3138 3185 3372 3254 ἐμαυτῷ
3403 3187 3552 3253 πρὸς
3574 3190 3643 3242 τὸ

1977 3264 2163 3334 ὄνομα
2207 3266 2402 3332 Ἰησοῦ
2424 3278 2448 3306 ο
2484 3268 2589 3322 τοῦ
2618 3267 2953 3338 Ναζωραίου
3002 3270 3123 3325 δεῖν
3173 3274 3372 3327 πολλὰ
3400 3275 3645 3329 ἐναντία

1976 3353 2216 3422 πρᾶξαι.
2260 3357 2321 3407 Ὃ
2350 3356 2448 3409 καὶ
2480 3357 2742 3425 ἐποίησα
2773 3360 2844 3412 ἐν
2884 3360 3337 3430 Ἰεροσολύμοις,
3376 3363 3473 3416 καὶ
3496 3368 3644 3419 πολ-

1973 3442 2123 3507 λοὺς
2140 3441 2257 3496 τῶν
2282 3443 2465 3512 ἁγίων
2490 3444 2605 3514 ἐγὼ
2632 3446 2934 3514 φυλακαῖς
2954 3447 3332 3512 κατέκλεισα,
3354 3451 3468 3517 τὴν
3485 3454 3643 3519 παρὰ

1976 3530 2092 3582 τῶν
2132 3530 2453 3600 ἀρχιερέων
2487 3532 2781 3597 ἐξουσίαν
2822 3534 3053 3588 λαϐὼν·
3091 3536 3539 3604 ἀναιρουμένων
3579 3554 3644 3592 τε

1974 3618 2175 3674 αὐτῶν
2200 3621 2537 3691 κατήνεγκα
2568 3622 2807 3693 ψῆφον·
2840 3625 2935 3677 καὶ
2965 3624 3113 3677 κατὰ
3134 3625 3335 3691 πάσας
3359 3628 3466 3683 τὰς
3494 3644 3643 3680 συν-

1973 3708 2205 3777 αγωγὰς
2280 3711 2579 3776 πολλάκις
2634 3710 2900 3779 τιμωρῶν
2976 3713 3226 3780 αὐτοὺς,
3309 3714 3644 3785 ἠνάγκαζον

1969 3792 2393 3861 βλασφημεῖν·
2456 3795 2762 3862 περισσῶς
2803 3812 2865 3847 τε
2915 3797 3343 3865 ἐμμαινόμενος
3406 3799 3639 3860 αὐτοῖς,

1973 3879 2221 3933 ἐδίωκον
2240 3879 2352 3946 ἕως
2381 3879 2475 3935 καὶ
2498 3884 2584 3946 εὶς
2609 3882 2713 3946 τὰς
2736 3883 2850 3945 ἔξω
2883 3884 3109 3948 πόλεις.
3149 3884 3242 3935 Ἑν
3270 3880 3359 3949 οἷς
3398 3884 3495 3936 καὶ
3532 3902 3641 3937 πο·

1968 3969 2295 4038 ρευόμενος
2324 3971 2410 4035 εὶς
2435 3968 2548 4036 τὴν
2586 3972 2904 4038 Δαμασκὸν
2926 3973 3054 4037 μετ’
3081 3972 3367 4037 ἐξουσίας
3400 3973 3498 4025 καὶ
3521 3974 3643 4026 ἐπι-

1975 4054 2199 4125 τροπῆς
2220 4057 2328 4126 τῆς
2344 4057 2502 4125 παρὰ
2522 4055 2641 4110 τῶν
2667 4058 3006 4125 ἀρχιερέων,
3030 4058 3253 4126 ἡμέρας
3276 4060 3472 4127 μέσης
3494 4060 3642 4114 κατά

1974 4147 2090 4214 τὴν
2118 4148 2261 4200 όδὸν
2285 4144 2471 4207 εἶδον,
2508 4147 2795 4210 βασιλεῦ,
2826 4148 3154 4215 οἱφανόθεν
3181 4147 3332 4215 ὑπὲρ
3356 4148 3471 4216 τὴν
3489 4153 3642 4218 λαμ-

1975 4237 2242 4304 πρότητα
2279 4235 2387 4289 τοῦ
2438 4235 2616 4302 ἡλίου
2659 4233 3043 4303 περιλάμψαν
3060 4252 3138 4303 με
3163 4234 3310 4303 φῶς,
3348 4236 3445 4289 καὶ
3499 4237 3642 4302 τοὺς

1975 4324 2098 4377 σὺν
2135 4323 2263 4393 ἐμοὶ
2296 4322 2757 4391 πορευομένους.
2791 4322 3038 4377 Πάντων
3062 4322 3131 4375 δέ
3178 4326 3643 4378 καταπεσόντων

1974 4410 2144 4481 ἡμῶν
2173 4413 2259 4476 εὶς
2287 4411 2403 4478 τὴν
2433 4409 2566 4479 γῆν,
2605 4409 2846 4477 ἥκουσα
2874 4408 3086 4479 φωνὴν
3129 4410 3448 4464 λαλοῦσαν
3492 4412 3643 4477 πρός

1970 4516 2047 4567 με
2090 4497 2187 4551 καὶ
2232 4496 2537 4565 λέγουσαν
2587 4494 2662 4564 τῇ
2727 4494 2982 4564 Ἐϐραΐδι
3032 4495 3359 4561 διαλέκτῳ·
3418 4496 3641 4559 Σαοὺλ,

1976 4586 2197 4648 Σαοὺλ,
2222 4585 2280 4638 τί
2310 4601 2387 4653 με
2412 4584 2673 4649 διώκειςς
2706 4584 2978 4651 σκληρόν
2997 4597 3096 4636 σοι
3119 4584 3266 4652 πρὸς
3288 4585 3503 4651 κέντρα
3533 4587 3642 4636 λα-

1977 4672 2209 4732 κτίζειν.
2267 4670 2413 4740 Ἐγὼ
2438 4672 2506 4725 δὲ
2530 4666 2702 4725 εἷπον
2720 4686 2733 4698 ⁸
2781 4672 2879 4736 Τίς
2899 4665 2974 4733 εἴ,
3004 4671 3212 4739 Κύριε;
3251 4671 3304 4721 Ὀ
3329 4670 3398 4723 δέ
3433 4667 3637 4723 εἶπεν·

1990 4761 2129 4826 Ἐγώ
2157 4762 2272 4829 εἰμι
2302 4760 2560 4827 Ἰησοῦς,
2590 4758 2661 4811 ὃν
2693 4759 2774 4813 σὺ
2812 4757 3060 4824 διώκεις.
3104 4759 3289 4811 Ἀλλὰ
3322 4757 3637 4825 ἀνάστηθι,

1977 4850 2075 4903 καὶ
2100 4847 2277 4916 στῆθι
2305 4848 2402 4900 ἐπὶ
2436 4847 2577 4911 τοὺς
2598 4846 2788 4911 πόδας
2816 4860 2961 4899 σου·
2984 4847 3069 4911 εἰς
3094 4847 3269 4898 τοῦτο
3296 4845 3405 4914 γὰρ
3434 4846 3642 4914 ὤφθην

1976 4954 2095 5000 σοι,
2119 4934 2616 5004 προχειρίσασθαί
2640 4950 2714 4986 σε
2742 4932 3050 4999 ὑπηρέτην
3078 4932 3173 4986 καὶ
3206 4932 3351 5005 [590]
3369 4933 3642 5003 μάρτυρα

1976 5022 2063 5079 ὧν
2086 5041 2152 5077 τε
2176 5019 2352 5089 εἶδες,
2384 5016 2472 5076 ὧν
2498 5039 2563 5076 τε
2591 5021 2931 5090 ὀφθήσομαί
2956 5037 3077 5083 σοι,
3105 5020 3535 5092 ἐξαιρούμενός
3565 5039 3641 5077 σε

1976 5115 2045 5168 ἐκ
2083 5112 2190 5166 τοῦ
2240 5111 2393 5166 λαοῦ
2435 5110 2531 5165 καὶ
2583 5109 2703 5162 τῶν
2742 5107 2952 5174 ἐθνῶν,
2992 5112 3079 5174 είς
3109 5108 3216 5174 οὒς
3253 5110 3368 5179 ἐγώ
3398 5126 3473 5165 σε
3501 5113 3645 5166 ἀπο-

1977 5203 2215 5257 στέλλω
2232 5242 2249 5268 ,
2279 5199 2513 5263 ἀνοῖξαι
2540 5197 2884 5267 ὀφθαλμοὺς
2904 5197 3102 5252 αὐτῶν
3123 5198 3227 5251 τοῦ
3261 5199 3641 5268 ἀποστρέψαι

1985 5290 2096 5343 ἀπὸ
2132 5288 2391 5352 σκότους
2412 5288 2499 5351 είς
2524 5284 2670 5354 φῶς,
2704 5284 2799 5337 καὶ
2826 5283 2935 5353 τῆς
2960 5285 3249 5351 ἐξουσίας
3278 5286 3385 5339 τοῦ
3407 5286 3643 5341 Σατανᾶ

1985 5382 2076 5435 ἐπὶ
2108 5380 2215 5433 τὸν
2259 5378 2427 5440 Θεὸν,
2462 5375 2571 5431 τοῦ
2617 5376 2826 5431 λαϐεῖν
2848 5376 3071 5443 αὐτοὺς
3104 5377 3323 5446 ἄφεσιν
3348 5376 3644 5445 ἁμαρτιῶν

1978 5469 2075 5522 καὶ
2102 5465 2332 5535 κλῆρον
2363 5467 2432 5519 ἐν
2466 5464 2586 5531 τοῖς
2619 5464 3002 5535 ἡγιασμένοις
3039 5466 3241 5519 πίστει
3281 5463 3355 5532 τῇ
3397 5466 3484 5529 είς
3518 5465 3642 5533 ἐμέ.

1980 5558 2202 5622 Σκόπει,
2241 5555 2357 5618 πῶς
2391 5554 2610 5626 ἡμέρως
2649 5554 2982 5624 διαλέγεται.
3029 5554 3090 5607 '0
3124 5554 3269 5617 Θεὸς
3300 5553 3483 5622 φησὶν,
3511 5549 3645 5606 εἷπε

1980 5646 2130 5714 πρός
2146 5661 2251 5714 με,
2287 5644 2376 5698 ὄτι
2417 5644 2647 5712 Ὠφθην
2683 5657 2783 5697 σοι
2823 5644 3320 5713 προχειρίσασθαι
3355 5656 3429 5695 σε
3458 5643 3646 5709 ὑπηρ-

2044 5765 2067 5832 f
2089 5760 2337 5832 Α’ᾼναστάς
2360 5759 2611 5832 ἐκχεχρῶν
2630 5764 2747 5832 ,αρε
2770 5772 2865 5830 ηρρ
2890 5759 3091 5832 ιιιιὶξρηῑ.
3138 5758 3163 5799 ἀ
3191 5759 3370 5832 ᾼΙίιιεη
3394 5757 3642 5814 λακτίζειν·

1986 5827 2065 5874 καὶ
2086 5824 2291 5873 δείκνυσι
2311 5822 2396 5871 τοῦ
2413 5821 2554 5871 Θεοῦ.
2628 5827 2650 5853 θ
2687 5821 2847 5879 Ἰησοῦ
2866 5823 3059 5882 quidam
3082 5837 3173 5870 'mll
3199 5823 3395 5870 habent.

3046 5898 3125 5958 23
