3948 6472
170 411 270 466 313!

165 528 458 598 persuasit,
489 539 546 584 ut
571 545 676 584 non
705 530 994 586 differrem.
1039 531 1123 586 l9.
1169 529 1338 597 Unde,
1381 547 1470 583 rex
1502 531 1744 602 Agrippa,

169 638 272 671 non
307 621 386 689 fui
419 621 710 676 incredulus
733 625 919 677 ctelesti
945 623 1160 686 visioni;
1189 623 1279 677 ‘10.
1302 623 1393 677 sed
1417 623 1498 683 iis.
1527 624 1611 692 qui
1633 632 1749 676 sunt

169 709 415 764 Damasci
445 714 664 782 primum
685 725 732 767 et
748 714 1102 784 Jerosolyutis,
1132 728 1179 770 et
1201 717 1255 768 in
1279 732 1474 768 omnem
1497 716 1749 784 regionem

166 801 388 871 Jadtete,
418 815 463 858 et
489 807 714 876 gentibus
752 809 1112 862 annuntiabam
1155 819 1209 862 ut
1253 809 1592 879 pmniteutiam
1636 825 1748 879 age-

167 905 300 962 rent,
344 905 395 948 et
440 909 844 952 converterentur
885 900 952 952 ad
1005 898 1192 963 Deum,
1247 901 1402 970 digna
1447 901 1748 970 paenitentia:

165 1002 322 1050 opera
353 987 613 1056 facientes.
662 989 761 1056 Qui
800 991 960 1060 igitur
997 991 1132 1045 alios
1157 991 1464 1046 erudiebant
1495 992 1633 1044 circa
1666 992 1743 1044 vi-

165 1086 272 1131 tam
321 1079 576 1148 optimam
602 1121 617 1143 ,
664 1081 930 1148 quomodo
973 1081 1248 1135 seditionis
1297 1091 1351 1136 et
1389 1081 1744 1135 contentionis

163 1183 353 1226 auctor
389 1172 645 1228 fuissem?
671 1175 730 1227 2|
749 1213 762 1226 .
792 1173 904 1227 llac
931 1190 994 1228 ea:
1017 1191 1170 1228 causa
1198 1191 1277 1228 me
1303 1174 1492 1239 Judaei,
1528 1191 1640 1227 cum
1666 1190 1743 1227 es-

162 1281 265 1318 sem
304 1267 357 1318 in
387 1267 592 1335 templo,
617 1267 1026 1336 comprehensum
1049 1269 1300 1322 tentabant
1325 1268 1623 1336 inter/icere.
1648 1267 1738 1322 22.

163 1358 368 1413 Auxilio
399 1370 565 1412 aittem
599 1361 804 1427 adjutus
843 1359 954 1422 Dei,
1002 1377 1156 1430 usque
1193 1361 1244 1414 in
1281 1361 1573 1414 hodiernum
1608 1361 1738 1414 diem

159 1460 256 1512 sto,
287 1450 564 1514 testiﬁcans
602 1450 782 1502 minori
811 1459 958 1520 atque
995 1451 1198 1519 majori,
1227 1450 1355 1503 nihil
1381 1459 1522 1504 extra
1546 1450 1732 1516 dicens,

158 1560 307 1612 quam
350 1559 435 1607 ea,
466 1560 579 1613 qua:
617 1543 876 1612 propheta:
915 1544 1106 1612 loquuti
1147 1555 1262 1597 sunt
1305 1545 1478 1610 futura
1519 1560 1643 1606 esse,
1689 1555 1736 1597 et

159 1635 387 1704 Moyses,
414 1634 504 1690 εδ.
537 1636 581 1688 si
611 1652 853 1703 passurus
878 1633 1126 1696 Christus,
1172 1635 1215 1687 si
1255 1636 1448 1704 primus
1473 1651 1534 1687 ea:
1559 1652 1730 1687 resur-

155 1729 373 1782 rectione
399 1737 708 1781 mortuorum
741 1728 908 1781 lumen
944 1729 1332 1781 annuntiaturus
1359 1737 1432 1780 est
1474 1727 1661 1797 populo
1686 1738 1732 1781 et

149 1820 404 1890 gentibus.
447 1819 598 1885 Vide,
640 1829 701 1896 uti
731 1835 910 1874 sermo
939 1821 1055 1890 ejus
1093 1821 1399 1880 adulatione
1438 1830 1635 1882 careat,
1678 1831 1733 1876 et

150 1919 320 1965 totum
352 1911 625 1968 adscribet
648 1912 778 1966 Deo.
811 1912 942 1966 Vide
969 1911 1250 1966 ctdicendi
1281 1911 1598 1976 libertatem,
1625 1911 1730 1966 Sed

149 2021 308 2073 neque
330 2021 468 2058 nunc
496 2003 717 2067 desisto;
745 2003 1052 2059 ﬁrmitatem
1083 2022 1096 2054 :
1130 2006 1168 2058 Α
1214 2004 1490 2073 prephetis
1525 2004 1726 2058 confir-

145 2113 283 2162 mor,
317 2099 400 2151 An
429 2113 668 2166 passurus
697 2098 847 2167 fuerit
873 2097 1121 2164 Christus,
1153 2113 1220 2150 an
1257 2098 1449 2168 primus
1473 2113 1536 2150 ex
1557 2113 1726 2150 resur-

141 2191 364 2242 rectione
391 2200 702 2243 mortuorum
737 2189 904 2243 lumen
943 2190 1005 2242 sit
1032 2190 1459 2253 annuntiatnrus;
1487 2205 1548 2243 ac
1576 2190 1619 2242 si
1641 2189 1724 2243 di-

139 2292 281 2336 ceret
312 2297 326 2331 :
363 2281 599 2335 Christus
643 2281 835 2349 primus
880 2297 1180 2350 resurgens,
1221 2281 1336 2349 jam
1374 2298 1474 2336 non
1513 2283 1724 2337 moritur

135 2371 316 2442 (Boni.
342 2374 399 2426 6.
425 2372 502 2443 9).
525 2372 855 2426 Manifestum
877 2381 961 2427 est
985 2387 1048 2427 ex
1077 2388 1163 2437 eo,
1188 2372 1329 2441 quod
1351 2373 1599 2427 omnibus
1620 2373 1722 2429 hoc

138 2465 439 2524 denuntiet.
490 2474 546 2519 et
584 2467 634 2518 in
675 2465 975 2534 semetipsis
1017 2474 1348 2534 exspectent.
1390 2465 1592 2520 Deinde
1622 2466 1720 2522 Fc-

136 2567 266 2618 stus,
303 2570 361 2610 nt
400 2556 652 2627 loquendi
683 2557 980 2612 libertatem
1006 2557 1158 2620 vidit,
1186 2573 1290 2628 qua
1314 2559 1427 2630 regi
1463 2559 1717 2630 loqueba-

131 2659 238 2716 tur,
279 2667 391 2703 non
433 2659 682 2704 avertens
709 2665 767 2704 se
791 2650 857 2703 ab
893 2661 1109 2718 aspectu
1154 2650 1291 2720 ejus,
1329 2666 1392 2707 ac
1431 2652 1475 2707 si
1518 2653 1715 2722 aliquid

128 2751 433 2810 pateretur,
463 2741 629 2796 dicit:
655 2740 882 2804 Insanis,
915 2741 1096 2796 Paule.
1133 2741 1282 2808 Quod
1305 2751 1481 2798 autem
1517 2745 1711 2813 aliquid

128 2848 324 2900 passus
347 2833 453 2886 hoc
480 2831 642 2896 dicat,
673 2833 796 2886 audi
827 2834 1101 2904 sequentia
1134 2851 1147 2887 :
1174 2835 1262 2890 24.
1292 2834 1418 2889 Hazc
1437 2846 1604 2890 autem
1624 2837 1714 2890 illo

124 2925 426 2987 disserente,
473 2922 652 2977 Festus
679 2940 862 2992 magna
890 2939 1007 2977 voce
1033 2924 1162 2977 dixit
1196 2940 1214 2977 :
1251 2924 1474 2991 Insanis,
1509 2924 1712 2991 Paule;

121 3015 304 3069 multa
340 3016 506 3069 litera:
547 3025 593 3068 te
624 3016 692 3078 qd
719 3016 971 3068 insaniam
1015 3027 1328 3070 convertunt.
1370 3017 1506 3084 Quid
1552 3018 1713 3087 igitur

120 3105 326 3159 Paulus
345 3105 370 3157 ?
401 3106 533 3160 Cum
559 3106 964 3161 mansuetudine
989 3107 1318 3175 respondens
1338 3111 1413 3160 ait
1440 3125 1453 3162 :
1479 3107 1570 3163 25.
1594 3107 1711 3161 Non

117 3197 348 3259 istsanio,
377 3196 568 3266 optime.
596 3195 780 3260 Feste;
809 3198 896 3251 sed
925 3198 1148 3252 veritatis
1177 3208 1223 3251 et
1250 3197 1537 3252 sobrietatis
1563 3199 1711 3253 verba

117 3288 323 3357 loquor.
359 3289 553 3343 Postea
579 3289 737 3342 etiam
767 3303 984 3343 causam
1009 3288 1189 3354 docet,
1218 3300 1438 3358 propter
1462 3305 1620 3359 quam
1641 3290 1709 3345 ad

114 3399 305 3455 regem
333 3397 647 3438 sermonem
689 3391 1022 3437 converteret
1049 3401 1062 3437 :
1094 3381 1185 3438 26.
1227 3383 1338 3438 Scit
1371 3384 1504 3437 enim
1531 3385 1596 3438 de
1632 3385 1709 3438 his

112 3492 225 3539 rex,
255 3475 331 3528 ad
355 3491 506 3544 quem
532 3485 577 3527 et
607 3483 890 3528 constanter
914 3474 1091 3544 loquor
1118 3490 1136 3527 :
1159 3475 1314 3528 latere
1339 3475 1470 3528 enim
1491 3490 1604 3527 eum
1628 3476 1708 3528 ni-

114 3569 184 3621 hil
213 3571 412 3620 horum
439 3565 656 3619 arbitror
683 3582 701 3619 :
723 3583 823 3620 non
845 3576 915 3620 est
935 3569 1067 3620 enim
1088 3567 1138 3619 in
1166 3567 1355 3637 angulo
1377 3567 1470 3621 hoc
1490 3579 1704 3639 gestum.

111 3660 199 3712 27.
235 3659 447 3721 Credis,
478 3674 570 3712 rex
597 3659 840 3728 Agrippa,
880 3658 1175 3727 prophetis?
1211 3659 1330 3712 Scio
1359 3661 1492 3728 quod
1521 3661 1702 3714 credis.

114 3751 224 3806 Hoc
255 3753 328 3805 ita
369 3750 535 3813 dixit,
569 3751 716 3818 quasi
751 3750 1031 3805 traducens
1059 3751 1177 3804 illos
1221 3760 1275 3804 et
1312 3749 1496 3804 dicens
1521 3769 1532 3803 :
1557 3751 1701 3817 Scio,

112 3844 255 3912 quod
286 3844 474 3897 oumia
504 3853 749 3898 accurate
773 3845 906 3898 sciat
935 3861 947 3895 :
975 3853 1027 3898 et
1046 3844 1326 3912 oportebat
1358 3843 1572 3913 quidem
1610 3859 1704 3898 vos

115 3940 230 3990 luce.
251 3937 403 3990 scire
440 3935 640 4004 primos
669 3934 742 4004 (id
773 3938 914 3989 enim
943 3936 1215 4004 sequentia
1246 3935 1517 3989 declarant
1541 3952 1556 3991 :
1583 3934 1703 3988 Non

108 4040 184 4082 est
213 4031 315 4081 hoc
343 4030 401 4082 in
432 4028 622 4098 angulo
649 4030 860 4096 gestum)
889 4042 904 4091 ;
935 4027 1027 4080 sed
1071 4027 1334 4082 noluistis.
1376 4027 1572 4090 Credis,
1616 4044 1705 4079 rex

114 4124 378 4189 Agrippa,
413 4120 716 4190 prophetis?
755 4121 896 4184 Scio,
938 4119 1072 4187 quod
1113 4120 1292 4172 credis.
1335 4118 1426 4174 9.8.
1479 4119 1704 4189 Agrippa

110 4226 294 4266 autem
326 4214 393 4263 ad
439 4211 657 4264 Paulum
699 4211 827 4264 dixit
859 4226 877 4264 :
904 4209 969 4262 1η
1000 4211 1196 4264 modico
1237 4211 1420 4265 suades
1445 4226 1522 4262 me
1551 4208 1700 4264 Chri-

104 4310 340 4361 stianum
369 4307 500 4374 ﬁeri.
540 4305 630 4360 29.
662 4303 729 4357 Et
760 4303 953 4356 Paulus
985 4319 1002 4356 :
1033 4302 1165 4372 Opto
1206 4303 1343 4369 apud
1390 4303 1545 4355 Deum
1574 4311 1621 4354 et
1650 4302 1700 4354 iu

101 4400 316 4453 modico
340 4409 389 4450 et
415 4399 467 4450 in
496 4413 698 4467 magno,
734 4413 834 4449 non
862 4405 1051 4448 tantum
1094 4406 1157 4459 te,
1195 4395 1281 4446 sed
1315 4395 1464 4447 etiam
1508 4410 1698 4458 omnes,

101 4494 190 4561 qui
219 4492 452 4544 audiunt
473 4506 572 4554 me,
594 4489 742 4542 hodie
768 4488 876 4555 ﬁeri
902 4487 1044 4546 tales.
1073 4487 1238 4554 qualis
1263 4497 1310 4538 et
1335 4502 1426 4554 ego
1451 4503 1580 4545 sum,
1609 4502 1699 4538 ex-

101 4583 265 4649 ceptis
297 4581 522 4634 vinculis
557 4579 652 4631 his.
695 4578 822 4630 Vide
864 4577 1132 4646 quonme
1175 4589 1438 4652 precatur,
1471 4577 1652 4629 dicens
1685 4595 1696 4629 :

104 4674 240 4740 Opto
268 4671 425 4742 apud
450 4671 610 4723 Deum
630 4671 680 4722 in
705 4670 900 4722 modico
919 4686 936 4732 ;
958 4669 1059 4722 hoc
1081 4677 1184 4727 est.
1208 4679 1265 4721 ut
1291 4684 1357 4722 ne
1379 4682 1561 4735 parum
1585 4669 1700 4736 qui-

103 4767 223 4820 dem
254 4766 430 4818 absit.
465 4763 531 4816 Et
565 4777 670 4815 non
700 4760 870 4815 solum
901 4770 1040 4824 orat,
1087 4760 1178 4813 sed
1209 4759 1496 4814 ferventer.
1527 4759 1696 4824 Tales,

101 4859 300 4926 inquit,
335 4855 460 4922 ﬁeri
485 4869 675 4917 omnes,
712 4867 818 4905 non
858 4853 1016 4904 modo
1057 4862 1128 4913 te,
1169 4851 1263 4906 sed
1300 4867 1507 4916 (Milites,
1539 4854 1701 4919 qualis

97 4968 209 5005 sum
240 4967 362 5020 ego.
414 4947 616 5002 Deinde
657 4949 750 5010 ait,
782 4946 1017 5015 Exceptis
1055 4945 1265 4998 vinculis
1294 4945 1370 4997 his
1398 4961 1416 4997 :
1444 4959 1547 4998 non
1589 4960 1702 4997 mo-

99 5045 235 5099 leste
277 5041 474 5096 ferens
503 5039 732 5103 vincula,
776 5053 946 5106 neque
979 5037 1300 5091 erubescens
1331 5035 1470 5104 quod
1512 5036 1702 5104 ligatus

99 5147 246 5193 esset
273 5139 422 5206 (hoc
452 5137 593 5186 enim
621 5134 737 5201 ipsi,
772 5135 815 5187 si
855 5134 978 5201 quid
1015 5132 1179 5194 aliud,
1211 5132 1498 5200 gloriosum
1527 5133 1698 5200 erat);

98 5231 191 5284 Sed
221 5230 293 5282 ad
331 5227 559 5281 illorum
605 5225 908 5295 Opinionem
950 5225 1255 5292 respiciens,
1291 5224 1358 5276 ita
1392 5223 1544 5276 dixit.
1579 5222 1702 5277 Ideo

99 5321 332 5383 addidit,
377 5316 627 5381 Exceptis
655 5316 862 5369 uinculis
903 5316 1000 5369 his.
1033 5314 1135 5370 Sed
1172 5316 1416 5382 superius
1451 5313 1583 5367 lecta
1617 5329 1702 5368 re-

100 5423 382 5479 petamus.
419 5407 635 5462 Postera
673 5425 790 5478 ergo
829 5407 929 5472 die,
970 5417 1024 5459 ut
1057 5407 1110 5459 in
1148 5407 1454 5459 auditorium
1493 5407 1703 5475 ingressi

97 5514 236 5562 sunt,
287 5502 507 5568 iubente
545 5498 695 5552 Festo
730 5499 978 5552 adductam
1012 5509 1082 5551 est
1128 5497 1343 5551 Paulus.
1387 5498 1703 5551 Destitcrant

93 5596 204 5665 jam
251 5593 469 5659 Judaei,
509 5608 575 5646 eo
621 5591 761 5661 quod
807 5593 895 5646 ille
929 5592 1273 5660 appellasset,
1322 5602 1376 5645 et
1426 5602 1548 5644 tunc
1601 5591 1699 5658 ipsi

96 5685 464 5754 splendidum
493 5683 645 5738 adest
673 5684 935 5738 theatrum
968 5702 980 5736 :
1011 5700 1128 5738 cum
1172 5685 1338 5737 multo
1365 5685 1505 5738 enim
1541 5699 1703 5752 appa—

98 5790 223 5833 ratu
262 5793 365 5831 rex
408 5785 467 5830 et
504 5777 680 5829 munis
706 5776 986 5830 multitudo
1023 5775 1331 5830 .ludzeorum
1370 5774 1654 5830 adiuuerunt
1686 5793 1698 5828 :

102 5885 210 5926 non
255 5869 361 5923 alii
393 5868 654 5930 aderant,
707 5866 796 5920 alii
831 5870 1174 5930 aberant,sed
1197 5889 1382 5926 attines
1412 5880 1702 5938 pra'scntcs

1130 416 1194 468 IN
1234 414 1411 470 ACTA
1456 411 1971 472 APOSTOLORUM.
2016 417 2242 474 HOMIL.
2277 419 2378 474 Lll.

3332 431 3436 484 3G2

1860 539 2031 584 erant.
2056 531 2332 613 Muitituao
2347 532 2666 596 Judreorum.
2687 537 2875 606 inquit,
2893 539 3221 610 interpellauit
3243 558 3319 594 me
3339 543 3442 595 .le--~

1854 624 2118 693 rosolymis
2132 637 2178 678 et
2197 626 2299 692 hic,
2310 628 2582 682 clamantes
2596 646 2693 682 non
2710 639 2938 699 oportere
2949 632 3082 683 [tunc
3095 633 3229 686 ultra
3245 634 3404 686 vivere
3415 676 3427 688 .

1926 714 1978 767 5.
2002 714 2134 770 Vide
2159 717 2418 772 insaniam
2448 733 2463 771 :
2495 721 2814 786 clamabant,
2845 731 3093 792 oportere
3115 724 3262 779 illum
3290 729 3426 780 mori

1851 801 2107 860 dicentes.
2140 806 2274 862 Ilinc
2311 811 2544 865 ostendit
2577 811 2776 880 scjure
2805 813 3069 868 Caesarem
3104 815 3423 885 appellasse.

1851 893 1905 948 Si
1933 900 2075 950 enim
2107 899 2236 952 nihil
2259 916 2422 971 grave
2451 903 2734 959 dicendum
2762 905 3047 972 habebant,
3078 908 3257 978 illique
3284 910 3426 963 furc-

1849 984 1997 1051 bant,
2021 988 2140 1055 jure
2160 990 2225 1044 ad
2256 991 2405 1045 illum
2430 995 2594 1049 venit.
2631 995 2698 1049 Ut
2719 997 3106 1068 interrogatione
3131 1015 3164 1050 a
3188 1000 3322 1052 vobis
3354 1001 3426 1062 fa-

1847 1088 1929 1131 cta
1952 1080 2160 1134 habeam
2177 1085 2310 1153 quod
2325 1087 2560 1152 scribam,
2587 1089 2775 1158 inquit.
2810 1091 2970 1146 Vides
2996 1095 3263 1162 quomodo
3279 1110 3424 1165 sarpe

1846 1184 2002 1225 causa
2049 1177 2437 1232 examinatur?
2486 1180 2550 1233 Et
2597 1180 2922 1238 defensionis
2975 1185 3134 1255 hujus
3174 1197 3420 1243 auctores

1845 1275 1967 1317 sunt
2010 1266 2202 1334 .lud:ei,
2233 1285 2392 1339 quam
2432 1273 2693 1342 cognituri
2741 1285 2894 1330 erant
2931 1278 3088 1332 etiam
3132 1282 3222 1348 qui
3266 1290 3422 1336 erant

1845 1351 2049 1410 Romus.
2075 1357 2243 1428 Super
2260 1363 2512 1430 omnibus,
2532 1365 2594 1419 de
2607 1365 2786 1436 quibus
2804 1383 3033 1437 accusor,
3056 1387 3145 1424 rea:
3168 1375 3414 1444 Agrippa,

1842 1446 2086 1513 existimo,
2114 1451 2302 1520 inquit,
2325 1471 2404 1508 me
2424 1457 2640 1524 beatum,
2666 1460 2751 1529 qui
2769 1476 2938 1515 coram
2968 1470 3013 1516 te
3032 1465 3275 1520 rationem
3299 1468 3413 1519 red-
3438 1521 3440 1524 ,

1840 1537 2036 1595 diturus
2058 1558 2192 1596 sum.
2223 1543 2354 1600 Vide
2382 1549 2648 1617 quomodo
2678 1553 2758 1605 vel
2787 1553 2932 1609 inviti
2959 1563 3012 1608 et
3034 1557 3284 1624 nequitia:
3304 1573 3413 1612 suae

1840 1639 1891 1683 et
1931 1633 2141 1687 virtutis
2183 1635 2332 1691 Pauli
2370 1647 2531 1698 testes
2562 1640 2695 1696 fiunt
2729 1643 2887 1697 etiam
2929 1645 3069 1714 apud
3108 1662 3308 1717 regem,
3343 1649 3412 1702 ita

1837 1731 1892 1775 ut
1913 1725 2339 1793 magnificentius
2359 1730 2713 1790 abduceretur
2729 1734 2944 1801 Paulus,
2967 1753 3123 1806 quam
3145 1739 3189 1793 si
3211 1738 3413 1808 absque

1834 1814 2061 1872 vinculis
2091 1817 2326 1874 abiisset.
2361 1820 2476 1878 Non
2509 1824 2647 1879 enim
2677 1825 2810 1884 ultra
2842 1837 2898 1880 ut
2923 1828 3174 1898 deceptor
3193 1841 3246 1888 et
3277 1847 3410 1900 prm-

1833 1907 2074 1976 Stigiator
2097 1925 2126 1964 a
2155 1918 2232 1966 tot
2257 1912 2521 1980 indicibus
2543 1915 2793 1973 dimissus
2817 1919 3200 1976 abducebatur.
3227 1924 3410 1977 Omni-

1831 1995 1930 2050 bus
1955 2012 2082 2068 ergo
2110 2001 2329 2064 relictis,
2365 2004 2502 2074 apud
2543 2021 2676 2076 quos
2704 2019 2855 2064 natus
2893 2010 3253 2083 educatusque
3290 2013 3407 2070 fue-

1830 2097 1931 2148 rat.
1962 2105 2064 2143 non
2098 2101 2400 2164 utcumque,
2422 2097 2514 2152 sed
2534 2099 2676 2154 omni
2695 2102 2997 2170 suspicione
3021 2104 3158 2158 liber
3182 2105 3403 2161 Romam

1830 2179 2039 2248 migrat.
2073 2181 2254 2252 Neque
2279 2185 2413 2240 dixit
2442 2205 2456 2240 :
2489 2189 2626 2256 Quid
2663 2191 2762 2245 hoc
2793 2194 2918 2247 est?
2945 2195 3111 2248 semel
3140 2197 3402 2265 appellavi

1829 2269 2111 2340 Caesarem,
2169 2276 2360 2332 millies
2398 2279 2670 2348 judicatus
2718 2298 2834 2337 sum
2885 2303 2898 2338 :
2947 2289 3256 2356 usquequo?
3309 2293 3401 2343 sed

1826 2364 1995 2432 quid?
2040 2365 2232 2422 lterum
2273 2381 2487 2440 paratus
2531 2385 2648 2428 erat
2689 2377 2915 2432 reddere
2958 2382 3217 2435 rationem
3261 2384 3400 2450 apud

1825 2470 1967 2522 eum,
1997 2460 2086 2526 qui
2134 2475 2220 2516 res
2262 2462 2510 2520 Judaicas
2555 2468 2783 2522 maxime
2826 2479 3027 2525 nosset.
3061 2473 3238 2538 Quare
3275 2490 3396 2528 cum

1823 2564 2011 2619 magna
2057 2552 2302 2614 libertate
2330 2571 2448 2612 sese
2477 2557 2732 2622 defendit,
2781 2565 2902 2630 quia
2951 2565 3007 2630 ii,
3045 2566 3131 2634 qui
3172 2581 3232 2620 se
3271 2583 3398 2620 cort-

1821 2641 2164 2712 demnabant,
2194 2648 2390 2703 nullam
2408 2649 2517 2719 jam
2544 2653 2804 2706 habebant
2830 2657 3218 2712 auctoritatem.
3248 2659 3397 2714 Licet

1820 2745 1997 2790 autem
2026 2737 2154 2792 nihil
2183 2751 2417 2807 possent,
2445 2750 2499 2796 et
2517 2745 2779 2798 sententia
2803 2745 2910 2808 illa,
2935 2762 3035 2816 qua
3063 2748 3259 2803 dictum
3282 2750 3396 2805 fuc-

1819 2834 1920 2891 rat,
1951 2825 2032 2878 Ad
2056 2827 2305 2882 Cresarem
2337 2831 2450 2892 ibis,
2482 2842 2707 2896 teneret,
2734 2843 2967 2890 attamen
2995 2836 3087 2890 dat
3107 2838 3195 2892 ille
3221 2842 3388 2894 ratio-

1818 2931 1939 2970 nem
1967 2918 2310 2989 multiplicem
2337 2921 2404 2974 de
2443 2925 2708 2986 omnibus,
2743 2939 2841 2978 nec
2865 2925 2933 2981 de
2959 2928 3274 2997 quibusdam
3305 2947 3394 2987 so-

1818 3009 1948 3064 lum.
1978 3011 2044 3064 Et
2073 3013 2419 3082 responsione
2445 3029 2538 3070 sua
2563 3016 2678 3072 haec
2702 3018 2811 3073 fere
2835 3018 2965 3074 dicit
2993 3037 3007 3074 :
3035 3021 3300 3078 Accusant
3328 3027 3394 3082 de

1815 3101 2098 3169 seditione,
2129 3115 2381 3160 accusant
2410 3106 2477 3162 de
2507 3107 2696 3164 haeresi
2736 3118 2791 3166 et
2822 3112 2962 3180 quod
2995 3115 3248 3184 templum
3279 3119 3392 3172 vio-

1815 3191 2034 3250 laverim
2067 3209 2080 3247 :
2109 3194 2176 3250 de
2205 3197 2452 3254 omnibus
2479 3199 2739 3255 rationem
2784 3201 2989 3258 reddo:
3027 3202 3193 3260 Vitam
3229 3225 3392 3264 meam

1813 3300 1845 3335 a
1865 3285 2126 3354 juventute
2153 3288 2316 3342 sciunt
2335 3305 2506 3344 omnes
2527 3291 2700 3346 Judaei
2725 3309 2744 3347 :
2771 3294 2912 3363 quod
2938 3309 2967 3348 a
2999 3298 3235 3353 moribus
3255 3303 3390 3355 meis

1813 3377 2099 3433 abhorreat
2123 3379 2413 3436 seditiones
2442 3382 2699 3447 excitare,
2729 3395 3069 3442 accusatores
3093 3389 3194 3458 ipsi
3227 3398 3388 3446 testes

1813 3479 1954 3522 sunt.
1987 3470 2138 3536 Quod
2164 3471 2322 3526 etiam
2361 3481 2515 3528 antea
2559 3473 2711 3539 dixit,
2743 3474 3040 3530 xEmulator
3066 3489 3387 3548 paternarum

1814 3579 2036 3615 mearum
2075 3565 2422 3630 traditionum,
2472 3565 2520 3619 id
2550 3576 2601 3620 et
2642 3566 2743 3622 hoc
2771 3567 2890 3622 loco
2927 3570 3262 3627 subindicat:
3302 3574 3390 3628 Vi-

1811 3653 2002 3706 tamab
2051 3655 2389 3709 adolescentia
2431 3672 2560 3710 mea.
2613 3657 2679 3711 Et
2724 3658 2940 3728 quando
2981 3663 3205 3730 populus
3248 3674 3388 3722 totus

1810 3745 2014 3806 aderat,
2049 3754 2171 3798 tunc
2197 3744 2406 3800 illorum
2439 3747 2665 3801 advocat
2695 3750 3076 3804 testimonium.
3101 3752 3282 3824 Neque
3300 3772 3388 3811 so-

1811 3836 1914 3888 lum
1942 3834 2007 3888 ad
2032 3835 2201 3908 Lysiae
2228 3837 2458 3891 tribunal
2488 3838 2588 3892 hoc
2611 3837 2756 3904 fecit,
2786 3841 2943 3894 etiam
2966 3844 3104 3912 apud
3126 3844 3341 3900 Festum
3369 3871 3381 3901 :

1809 3937 1862 3981 et
1889 3942 2072 3981 rursus
2115 3927 2220 3995 hic,
2253 3943 2374 3983 cum
2418 3929 2596 3999 plures
2623 3932 2865 3986 aderant.
2902 3934 3013 3988 illic
3057 3947 3234 3992 autem
3277 3955 3381 3994 nou

1809 4021 1973 4075 multa
2002 4020 2314 4075 defensione
2343 4036 2477 4088 opus
2504 4032 2638 4086 erat,
2667 4037 2784 4076 cum
2816 4023 2984 4078 litera:
3010 4025 3182 4096 Lysia:
3210 4029 3380 4098 ipsum

1808 4113 2157 4167 dimitterent.
2189 4112 2368 4166 Sciunt
2395 4129 2564 4167 omnes
2592 4112 2781 4174 Judtei,
2812 4115 2999 4184 inquit,
3027 4119 3110 4187 qui
3125 4123 3238 4187 jam
3264 4121 3385 4173 olim

1808 4224 1887 4262 me
1912 4216 2173 4260 noverunt.
2215 4207 2280 4260 Et
2314 4221 2419 4260 non
2445 4206 2602 4270 dixit,
2630 4208 2796 4276 qualis
2825 4223 2917 4262 sua
2948 4211 3088 4274 vita;
3135 4211 3228 4266 sed
3266 4215 3380 4266 illo-

1808 4317 1926 4355 rum
1947 4299 2290 4353 conscientia:
2320 4299 2591 4368 relinquit.
2635 4311 2684 4354 et
2728 4309 2893 4355 totum
2926 4303 2977 4358 in
3009 4314 3207 4358 sectam
3255 4307 3378 4375 reji-

1807 4398 1879 4450 cit
1909 4415 1922 4450 :
1953 4396 2074 4449 hinc
2099 4393 2388 4449 ostendens
2429 4409 2489 4448 se
2518 4410 2622 4448 non
2653 4395 2795 4448 illam
2825 4396 3155 4451 delectorum
3197 4400 3378 4466 fuisse,

1807 4490 1850 4542 si
1878 4489 2046 4543 malus
2069 4487 2256 4542 fuisset
2278 4495 2332 4541 ct
2353 4485 2644 4554 improbus.
2671 4487 2774 4541 Pro
2801 4499 2942 4541 secta
2977 4489 3135 4558 igitur
3157 4490 3272 4554 hac,
3301 4494 3385 4545 in-

1807 4582 1940 4652 quit,
1965 4579 2312 4650 stojudicium
2339 4578 2575 4631 subiens.
2595 4579 2717 4632 lltnc
2742 4580 2808 4630 ab
2834 4580 2938 4635 illis
2960 4598 3170 4649 quoque
3197 4583 3380 4636 del'e.n~

1807 4673 1969 4739 ditur,
1989 4682 2201 4741 pmpter
2221 4670 2356 4723 hanc
2379 4679 2680 4738 precznitur,
2704 4680 2918 4738 propter
2937 4670 3074 4723 hanc
3105 4672 3267 4724 Deum
3287 4687 3376 4725 (τοι

1807 4767 1941 4826 lunt,
1973 4777 2030 4818 ut
2051 4766 2185 4819 hanc
2200 4771 2591 4832 consequantur
2623 4782 2634 4815 :
2671 4763 2806 4816 hanc
2835 4779 2932 4831 ego
2959 4765 3216 4816 annuntio
3234 4773 3288 4818 et
3312 4764 3379 4819 de

1808 4859 1906 4914 hac
1917 4873 2012 4927 spe
2027 4872 2265 4912 accusor.
2278 4855 2416 4924 Ergo
2428 4854 2798 4908 insanientium
2815 4863 2916 4915 test,
2933 4855 3107 4906 omnia
3122 4853 3296 4908 facere
3312 4855 3378 4908 ad

1808 4949 1950 5004 illam
1971 4943 2378 5016 assequendani,
2393 4955 2447 4998 ct
2462 4961 2579 4999 cum
2597 4943 2684 5012 qui
2704 4944 2752 4994 in
2774 4943 2913 4994 illam
2927 4942 3096 4994 credit
3113 4945 3379 5012 persequi.

1811 5040 1943 5093 Mihi
1963 5047 2130 5090 autem
2145 5037 2305 5090 uisum
2331 5045 2418 5099 est,
2447 5035 2634 5103 inquit,
2657 5033 2891 5085 adversus
2917 5049 3095 5084 nomen
3114 5033 3238 5088 Jesu
3263 5034 3374 5087 Na-

1810 5132 1982 5185 zareni
2003 5140 2232 5200 aportere
2249 5128 2418 5180 omnia
2439 5126 2691 5178 contraria
2719 5129 2883 5194 [arere
2902 5141 2921 5189 ;
2951 5124 2997 5176 id
3017 5133 3117 5186 est,
3137 5125 3377 5183 iudicavi

1812 5225 1925 5277 hinc
1946 5221 2180 5276 facienda
2204 5234 2344 5284 esse,
2360 5220 2479 5286 quia
2501 5232 2603 5269 non
2622 5232 2765 5270 cram
2786 5231 2850 5269 ex
2869 5215 3141 5286 discipulis
3158 5212 3386 5282 Christi,

1811 5317 1904 5372 sed
1934 5333 1996 5371 ex
2030 5311 2462 5383 impugnantibus
2505 5326 2645 5364 cum.
2699 5309 2819 5362 Ideo
2859 5308 2962 5363 lide
3002 5310 3190 5379 dignus
3234 5315 3384 5367 testis

1811 5419 1915 5468 est,
1947 5407 2067 5474 quia
2095 5405 2219 5456 dum
2252 5403 2414 5455 millia
2446 5400 2661 5462 faceret,
2712 5409 2767 5452 ut
2805 5399 2989 5454 ﬁdeles
3030 5402 3381 5472 impugnaret.

1811 5501 1935 5552 dunt
1967 5496 2335 5567 blasphetnare
2364 5495 2633 5557 suaderet,
2664 5493 2946 5562 ontniaque
2970 5506 3226 5560 moveret,
3251 5497 3386 5551 civi—

1813 5600 1967 5654 tates,
1998 5589 2283 5658 principes,
2318 5602 2369 5640 ct
2399 5601 2495 5654 per
2524 5586 2753 5654 seipsum
2786 5585 2900 5639 hinc
2926 5584 3143 5650 faceret,
3185 5589 3262 5644 sic
3291 5588 3384 5640 de.

1813 5691 2032 5750 repente
2062 5690 2290 5733 mutatus
2312 5689 2412 5731 est.
2444 5677 2641 5731 Deinde
2667 5693 2876 5733 rtu‘sum
2902 5687 3084 5740 testes,
3116 5679 3200 5747 qui
3230 5681 3384 5734 simul

1815 5776 2035 5829 aderant
2069 5793 2081 5828 :
2111 5773 2304 5828 deinde
2333 5771 2567 5826 ostendit
2606 5786 2662 5826 sc
2686 5770 2806 5839 jure
2833 5771 3143 5827 credidisse.
3187 5789 3213 5824 a
3246 5773 3383 5837 luce,

1815 5885 1843 5921 a
1872 5867 2162 5936 prophetis,
2213 5865 2276 5920 ab
2308 5865 2606 5926 cvenlilms,
2651 5873 2704 5917 ct
2749 5864 2815 5916 ab
2844 5864 2907 5915 iis
2933 5879 3050 5930 quat
3087 5879 3222 5915 num
3256 5862 3385 5916 facta
