3948 6496
588 441 686 493 54.5

585 571 707 613 sunt
739 579 750 612 :
785 560 962 614 subdit
999 561 1139 614 cnim
1176 581 1185 614 :
1227 560 1392 612 .ilmtiu
1441 558 1520 609 die
1548 558 1599 609 in
1629 557 1728 617 via,
1775 567 1820 608 et
1864 554 1965 607 vidi
2008 555 2166 606 lucem

501 679 504 682 -
585 669 662 705 me
693 654 1177 722 circum/'ulgmttem,
1212 665 1254 703 et
1301 671 1402 713 eos,
1451 651 1536 718 qui
1583 666 1774 702 mecum
1827 650 1984 702 ibant.
2035 647 2166 701 Vide

581 760 730 813 ergo,
764 744 1033 812 qumnodo
1062 754 1114 794 et
1143 759 1169 792 a
1201 741 1495 811 prophetis,
1527 751 1582 793 et
1613 741 1680 792 ah
1710 739 1814 804 his,
1849 739 1975 808 ipsis
2007 738 2158 791 ﬁdem

583 838 758 890 faciat.
784 836 858 890 Nc
884 837 1023 890 enim
1050 836 1322 888 videretur
1345 836 1621 899 innovare,
1647 834 1744 887 etsi
1777 849 1963 901 magna
1986 832 2150 884 dicere

583 939 780 992 posset,
834 942 1045 980 rursum
1093 927 1157 978 ad
1209 927 1494 995 prOpbetas
1534 923 1786 991 confugit,
1821 935 1874 977 et
1922 925 2063 992 ipsos
2109 923 2152 972 ἱ.-

581 1021 755 1074 mcdio
802 1021 970 1090 ponit.
1016 1020 1126 1073 lloc
1182 1018 1284 1073 lide
1338 1019 1549 1086 dignius
1592 1028 1747 1071 erat:
1783 1027 1963 1083 utpote
2016 1014 2154 1083 quod

579 1128 719 1165 mune
743 1121 1031 1172 evenerat;
1065 1113 1156 1164 sed
1189 1111 1308 1181 quia
1357 1111 1470 1176 ipse
1498 1109 1642 1164 solus
1688 1108 1913 1171 viderat,
1945 1121 2153 1160 rursum

575 1220 602 1257 a
636 1205 907 1273 prophetis
939 1204 1239 1258 conﬁrmat.
1272 1203 1333 1256 Et
1363 1201 1631 1271 perpende
1657 1201 1801 1253 illum
1833 1214 1935 1253 non
1965 1198 2151 1251 eodem

576 1296 737 1350 modo
767 1297 818 1350 in
843 1297 1064 1365 judicio,
1097 1307 1152 1349 et
1195 1298 1244 1349 in
1278 1295 1501 1350 ecclesia
1549 1294 1816 1348 disserere
1849 1311 1861 1347 :
1895 1307 2014 1345 nam
2047 1291 2153 1345 illic

573 1389 786 1456 quidem
820 1389 973 1449 dixit.
1005 1389 1317 1449 Occidistis;
1350 1387 1433 1441 hic
1463 1401 1590 1440 vero
1620 1385 1746 1439 nihil
1777 1385 1899 1448 tale,
1932 1400 1997 1438 ne
2033 1399 2148 1436 am~

574 1481 711 1550 ptius
741 1479 975 1535 furorem
1008 1481 1378 1540 succenderet,
1410 1479 1500 1531 sed
1531 1479 1667 1532 idem
1695 1479 1864 1547 ipsum
1895 1476 2144 1541 ostendit,

569 1571 757 1625 dicens
787 1589 797 1623 :
835 1571 893 1624 Si
938 1572 1190 1642 passihitis
1231 1569 1479 1626 Christus.
1511 1569 1599 1624 Sic
1626 1569 1743 1622 illos
1768 1583 1796 1622 a
1828 1568 2052 1622 crimine
2085 1567 2147 1620 li-

571 1665 740 1720 berat.
789 1664 968 1733 Igitur,
1016 1664 1065 1718 id
1116 1665 1252 1733 quod
1300 1679 1400 1733 ego
1444 1661 1720 1723 annuntio,
1771 1678 1895 1714 tnnn
1947 1662 2146 1728 primus

571 1765 902 1809 mortuorum
927 1757 1298 1818 resurrexerit,
1345 1753 1394 1808 id
1419 1769 1480 1806 ex
1507 1751 1778 1822 prophetis
1797 1752 2104 1804 demonstro
2127 1769 2140 1803 :

568 1867 689 1904 nam
726 1862 774 1903 et
820 1849 1094 1919 prophetae
1137 1849 1236 1902 hoc
1262 1848 1598 1900 annuntiant.
1637 1846 1817 1914 Itaque
1843 1859 2140 1898 sermonem

567 1958 742 1996 meum
775 1941 1018 2010 accipite,
1050 1953 1103 1994 ut
1125 1941 1212 2008 qui
1242 1950 1321 1994 est
1363 1941 1759 2008 prophetarum.
1802 1937 1933 2004 Quia
1964 1946 2139 1990 autem

566 2035 821 2088 visionem
854 2033 1076 2096 dixerat,
1114 2031 1324 2086 detnmn
1354 2047 1472 2085 cum
1502 2032 1744 2084 libertate
1775 2031 2023 2098 praeclara
2049 2044 2141 2097 ge-

563 2134 642 2179 sta
676 2135 873 2178 narrat.
903 2124 1154 2192 Quaenam
1189 2123 1322 2176 illa?
1356 2121 1423 2175 Ut
1459 2122 1678 2192 aperias,
1727 2120 1912 2189 inquit,
1945 2121 2136 2182 oculos,

562 2226 608 2269 et
635 2225 892 2268 convertas
917 2233 946 2267 a
987 2214 1199 2268 tenebris
1223 2214 1291 2266 ad
1330 2214 1510 2279 lucem,
1543 2224 1589 2266 et
1620 2231 1649 2264 a
1681 2222 1923 2281 potestate
1948 2223 2140 2264 satana?

559 2308 626 2359 at!
652 2306 835 2359 Deum.
868 2305 947 2358 Ad
974 2307 1066 2358 hoc
1093 2306 1247 2369 enim,
1283 2305 1468 2372 inquit,
1501 2305 1720 2372 apparui
1749 2303 1854 2366 tibi,
1902 2303 2000 2356 hoc
2032 2313 2132 2368 est,

559 2411 662 2451 non
689 2406 743 2449 ut
772 2396 1006 2464 puuiam,
1037 2394 1128 2450 sed
1159 2404 1214 2448 ut
1242 2393 1540 2464 apostolum
1569 2401 1619 2447 te
1652 2395 1864 2446 faciam.

629 2487 882 2541 Fidelium
913 2489 1040 2540 bona
1069 2503 1199 2553 qum.
1222 2515 1293 2527 --
1316 2486 1464 2546 Vide,
1500 2485 1637 2539 mala
1668 2501 1786 2555 quze
1831 2484 2132 2537 incredulos

555 2582 791 2635 detinent
825 2580 1079 2645 ostendit,
1127 2589 1364 2633 satanam
1410 2589 1458 2632 et
1505 2579 1790 2642 tenebras;
1825 2581 1961 2632 sicut
2007 2578 2128 2629 lide-

556 2676 681 2729 linm
713 2676 848 2728 bona
880 2685 1001 2727 sunt
1028 2675 1137 2738 lux,
1175 2675 1333 2739 Deus,
1363 2687 1480 2728 sors
1525 2682 1852 2727 sanctorum.
1900 2673 2006 2727 Nec
2047 2689 2133 2725 so-

555 2768 660 2820 lum
684 2767 748 2819 ad
776 2766 1140 2835 pmnitentiam
1167 2765 1430 2829 hortatur,
1455 2765 1546 2819 scd
1572 2766 1635 2819 ad
1661 2765 1953 2820 mirabilem
1980 2781 2132 2835 agen-

552 2860 671 2912 dam
694 2862 874 2912 vitam.
902 2858 967 2912 Et
991 2858 1108 2912 vide
1133 2858 1324 2926 ubique
1345 2869 1530 2927 gentes
1552 2858 1782 2910 sermoni
1807 2858 2125 2926 permixtas;

556 2969 675 3006 nam
705 2952 794 3021 qtti
843 2951 1082 3014 aderant,
1117 2967 1179 3006 ex
1211 2950 1460 3020 gentibus
1491 2960 1658 3002 erant.
1692 2949 2010 3019 Testiﬁeans,
2051 2953 2126 3004 in-

553 3043 685 3113 quit,
718 3053 820 3094 tum
851 3058 1002 3108 parvo
1030 3052 1132 3095 tum
1163 3057 1364 3110 magno.
1398 3041 1618 3110 Propter
1649 3041 1846 3095 milites
1875 3042 1942 3094 ita
1971 3041 2123 3096 dixit.

558 3134 755 3187 llcinde
773 3132 1108 3186 defendentis
1123 3147 1178 3186 se
1192 3131 1378 3187 ordine
1395 3130 1875 3193 dimisso,doctoris
1887 3133 2125 3186 ordinem

550 3227 746 3296 accepit
775 3245 786 3279 :
812 3227 931 3280 ideo
948 3213 1232 3281 ait-Festus
1251 3225 1322 3279 illi
1346 3243 1358 3278 :
1386 3223 1608 3278 Insanis.
1632 3223 1818 3279 Postea
1838 3240 1902 3278 ne
1921 3225 2128 3277 videre-

553 3335 635 3375 Inr
667 3324 776 3391 ipse
797 3321 982 3375 dortor
1002 3334 1140 3382 esse,
1173 3318 1369 3373 inducit
1390 3318 1673 3388 prophetas
1695 3327 1747 3370 et
1771 3317 2000 3388 Moysen:
2027 3336 2038 3369 ε
2067 3319 2127 3373 Si

551 3415 801 3481 passibilis
827 3455 841 3475 ,
885 3413 1051 3481 inquit
1075 3454 1088 3472 ,
1131 3411 1374 3474 Christus,
1406 3413 1450 3464 si
1475 3411 1666 3480 primus
1687 3426 1748 3462 ex
1767 3413 2127 3464 resurrectione

548 3518 853 3559 mortuorum
885 3508 1043 3560 lucem
1071 3505 1462 3558 annuntiaturus
1491 3505 1553 3556 sit
1585 3503 1770 3572 papulo
1797 3512 1843 3555 et
1871 3505 2117 3573 gentibus.

550 3598 731 3652 Festus
756 3614 936 3667 magna
969 3613 1084 3648 voce
1109 3596 1258 3649 dixit.
1303 3595 1390 3650 Sic
1435 3593 1629 3648 furoris
1657 3603 1711 3647 ει
1738 3596 1828 3647 ira:
1855 3609 1956 3648 vox
1985 3605 2118 3649 erat.

619 3691 670 3744 4.
706 3689 840 3755 Quid
871 3704 999 3757 ergo
1031 3686 1268 3742 Paulus?
1316 3685 1434 3739 Non
1489 3696 1561 3739 est
1605 3688 1656 3738 in
1698 3687 1885 3757 angulo
1928 3698 2121 3757 gestum

547 3781 640 3832 hoc
665 3819 680 3843 ,
707 3779 802 3834 ait.
829 3778 924 3833 Hic
951 3777 1018 3832 de
1044 3793 1202 3830 cruce
1233 3777 1467 3846 loquitur
1496 3788 1549 3830 et
1575 3777 1641 3831 de
1686 3778 2084 3832 resurrectione
2102 3821 2116 3843 ,

545 3871 764 3941 etquod
795 3871 983 3938 dogma
1019 3871 1213 3935 ubique
1243 3879 1503 3923 terrarum
1548 3871 1864 3940 pervaserit.
1911 3870 2115 3934 Credis,

546 3965 750 4034 inquit,
782 3979 873 4017 rex
901 3962 1148 4033 Agrippa.
1178 3959 1291 4014 Non
1335 3959 1505 4026 dixit,
1544 3959 1938 4016 Resurrectioni
1963 4002 1978 4025 ,
2025 3961 2143 4020 sed.

549 4053 837 4123 Prop/tetis.
867 4052 1068 4108 Deinde
1097 4059 1428 4121 prtcoccupat
1452 4050 1599 4105 illum
1621 4091 1635 4114 ,
1665 4058 1718 4106 ει
1754 4051 1883 4105 dicit
1911 4070 1924 4105 ε
1955 4051 2076 4106 Scio
2099 4094 2113 4118 ,

545 4147 682 4214 quod
708 4147 887 4199 credis.
916 4145 1008 4200 Cui
1040 4144 1268 4213 Agrippa
1299 4162 1312 4197 :
1344 4142 1408 4197 In
1435 4145 1629 4198 modico
1659 4145 1779 4197 mihi
1805 4147 1985 4200 suades
2006 4147 2118 4214 ﬁeri

543 4236 903 4290 Clu-istianum.
957 4236 1068 4290 Non
1119 4236 1381 4289 intellexit.
1430 4236 1663 4302 Paulus,
1710 4238 1837 4306 quid
1897 4240 2000 4302 sit,
2052 4239 2113 4292 In

546 4328 777 4392 nmtlico;
823 4327 914 4380 sed
967 4327 1167 4396 putavit
1209 4325 1309 4380 hoc
1351 4327 1688 4396 signiﬁcare,
1735 4328 1817 4382 Ex
1857 4330 2108 4384 modico:

545 4419 664 4472 ideo
695 4419 771 4471 sic
801 4417 1126 4486 respondet;
1169 4418 1235 4470 ita
1281 4417 1441 4471 idiota
1488 4426 1621 4472 erat.
1670 4419 1735 4472 Et
1783 4435 1886 4472 non
1937 4420 2110 4487 dixit,

545 4508 771 4571 Vellem,
804 4507 894 4563 sed
917 4551 931 4574 ,
963 4504 1223 4578 Optarent,
1253 4524 1351 4561 non
1378 4509 1540 4562 solum
1569 4518 1633 4576 te,
1659 4511 1747 4563 sed
1768 4512 1913 4564 etiam
1943 4528 2112 4567 omnes

544 4603 823 4654 audientes.
856 4600 987 4654 Vide
1012 4599 1331 4654 adulationis
1360 4611 1631 4670 expertem
1659 4617 1980 4658 sermonem.
2000 4603 2109 4673 0p-

541 4703 737 4756 tarem,
766 4692 966 4762 inquit,
1001 4691 1148 4744 hodie
1176 4707 1344 4746 omnes
1375 4692 1484 4760 ﬁeri
1513 4693 1637 4746 tales
1658 4736 1670 4753 ,
1703 4695 1868 4760 qualis
1889 4712 1979 4766 ego
1999 4713 2110 4749 sunt

539 4785 757 4855 exceptis
779 4785 992 4837 vinculis
1020 4784 1117 4836 his.
1146 4782 1279 4838 Vide
1310 4803 1322 4838 :
1353 4783 1442 4854 qui
1470 4784 1730 4854 gloriatur
1759 4786 1808 4838 in
1843 4787 2065 4842 vinculis
2091 4830 2105 4853 ,

539 4879 627 4948 qui
660 4875 862 4948 profert
887 4877 974 4930 illa
997 4877 1135 4931 sicut
1158 4885 1398 4930 catenam
1444 4891 1656 4930 auream
1685 4918 1698 4939 ,
1730 4877 1815 4931 illa
1845 4895 1982 4933 nunc
2010 4880 2108 4934 de-

537 4979 805 5041 precatur.
860 4968 925 5023 Et
978 4983 1045 5021 ne
1084 4966 1539 5022 mireriszadhuc
1591 4969 1731 5023 enim
1790 4970 2108 5027 inﬁrmiores

539 5071 714 5127 erant,
737 5071 790 5115 et
815 5061 888 5114 illi
911 5070 1295 5130 attemperatus
1315 5074 1492 5116 sermo
1518 5071 1650 5115 erat.
1676 5061 1806 5116 Nam
1833 5064 1969 5133 quod
1997 5065 2104 5119 vin-

538 5155 656 5207 cula
682 5153 855 5222 magni
892 5153 1124 5218 laceret,
1153 5153 1272 5208 vide
1317 5155 1583 5224 quomodo
1621 5156 1670 5208 in
1728 5156 1981 5225 Epistolis
2022 5161 2105 5215 illa

543 5260 754 5315 semper
785 5255 1055 5314 praeponat
1078 5247 1226 5313 aliis,
1259 5247 1443 5304 dicens
1474 5267 1487 5303 :
1530 5248 1725 5303 Paulus
1755 5253 1946 5306 vinctus
1986 5256 2105 5308 lusu

539 5335 724 5393 Christi
749 5338 765 5406 (
793 5336 978 5406 Ephes.
1006 5339 1059 5393 5.
1098 5339 1192 5406 1);
1223 5351 1276 5393 ει
1317 5351 1547 5405 rursum,
1593 5340 1717 5396 Ideo
1755 5345 2101 5412 circumposita

539 5439 611 5483 est
631 5429 752 5482 mihi
777 5439 974 5494 catena,
1005 5429 1092 5482 sed
1119 5431 1317 5482 verbum
1353 5431 1442 5485 Dei
1463 5448 1562 5485 non
1595 5441 1664 5486 est
1692 5434 1995 5504 alligatum;
2034 5447 2098 5490 et.

543 5520 713 5592 Usque
736 5521 803 5574 ad
829 5521 1024 5575 tincula
1043 5521 1185 5590 quasi
1206 5521 1498 5592 malefactor
1522 5522 1746 5594 (Coloss.
1777 5525 1831 5579 4.
1876 5525 1928 5589 5,
1964 5537 2009 5579 et
2052 5526 2088 5579 2

539 5612 675 5668 Tim.
697 5613 753 5668 2.
781 5613 857 5681 9).
879 5611 1032 5677 Vide,
1061 5627 1162 5666 non
1187 5612 1342 5666 modo
1369 5613 1570 5668 vincula
1602 5619 1785 5684 ponit;
1831 5618 1924 5671 sed
1951 5618 2109 5673 etiarn

543 5705 702 5769 Quasi
732 5706 1026 5775 utalefactor
1053 5701 1276 5770 addidit,
1299 5718 1497 5773 augens
1516 5703 1844 5761 vinculorum
1865 5707 2106 5778 gloriam.

543 5799 748 5866 Duplex
774 5797 1112 5868 supplicium,
1135 5795 1276 5867 quod
1305 5797 1496 5866 ligatus
1542 5808 1726 5864 esset,
1777 5808 1833 5854 et
1872 5800 2014 5871 quod
2051 5812 2111 5856 ut

542 5892 866 5946 malefactor.
901 5891 1030 5946 Nam
1062 5894 1103 5946 si
1145 5895 1214 5946 ita
1253 5893 1495 5962 alligatus
1543 5891 1762 5958 luisset,
1815 5901 1966 5966 quasi
2017 5920 2110 5972 pro

1321 443 1374 497 S.
1416 442 1687 496 JOANNIS
1724 437 2191 496 CHRYSOSTOMI
2233 437 2543 493 ARCIIIEP.
2587 441 3112 499 CONSTANTINOP.

2171 5487 2184 5524 Ι

3747 449 3841 504 355

2272 553 2412 605 bono
2432 569 2599 622 opere
2622 595 2635 616 ,
2668 555 2899 624 aliquam
2928 558 3346 611 consolationem
3371 558 3677 620 habuisset;
3710 577 3841 616 nunc

2270 655 2448 699 autem
2482 656 2536 699 ut
2570 647 2912 713 malefactor,
2940 658 2993 702 ct
3020 649 3170 718 quasi
3211 650 3260 703 in
3290 652 3615 718 gravissimis
3654 655 3839 719 deprc-

2270 737 2467 791 hensns
2503 753 2514 789 :
2544 747 2597 791 et
2627 748 2800 793 tamen
2830 740 2962 794 nihil
2993 741 3106 794 ha-c
3133 741 3372 794 curabat.
3401 741 3546 796 Talis
3566 754 3650 796 est
3673 744 3840 797 anima

2265 827 2462 880 ca-lesti
2491 845 2675 884 amore
2709 831 2953 884 sublimis
2980 831 3190 884 ellecta.
3227 830 3355 885 Nam
3405 832 3448 886 si
3495 834 3560 897 ii,
3605 835 3698 902 qui
3748 834 3840 888 hoc

2267 917 2404 985 turpi
2428 933 2612 973 amore
2633 918 2877 988 ﬂagrant,
2909 921 3038 974 nihil
3071 931 3256 990 putant
3288 923 3368 975 vel
3411 923 3708 992 gloriosum
3757 925 3830 977 vel

2265 1012 2552 1078 pretiosum
2575 1054 2588 1072 ,
2622 1013 2714 1066 sed
2743 1029 2801 1066 ea
2834 1015 3038 1076 solum,
3072 1031 3190 1083 qme
3237 1017 3687 1083 concupiscentia:
3731 1032 3835 1070 sue

2265 1103 2521 1157 in-crvire
2553 1120 2804 1175 posunn,
2836 1106 3068 1176 gloriosa
3103 1116 3155 1159 et
3188 1108 3417 1176 pretiosa
3451 1107 3700 1177 jndicant
3723 1147 3740 1172 ,
3785 1122 3832 1160 et

2261 1198 2459 1248 amasia
2491 1199 2545 1250 lit
2572 1201 2649 1252 eis
2679 1202 2854 1251 munia
2888 1216 2900 1250 :
2927 1200 3094 1253 multo
3126 1201 3293 1269 magis
3315 1201 3348 1252 ii
3371 1243 3384 1264 ,
3413 1203 3501 1270 qui
3532 1200 3635 1254 hoc
3658 1217 3833 1255 amore

2258 1292 2396 1358 capti
2421 1301 2577 1356 sunt,
2607 1291 2756 1346 nihili
2784 1291 2981 1345 faciunt
3007 1294 3257 1360 pretiosa.
3284 1293 3434 1359 Quod
3460 1294 3503 1346 si
3545 1293 3689 1346 dicta
3733 1309 3830 1347 non

2260 1382 2640 1454 intelligamus,
2665 1384 2795 1437 nihil
2822 1384 3012 1436 mirutn
3041 1402 3054 1437 :
3085 1385 3135 1437 in
3165 1385 3263 1438 hac
3285 1385 3480 1453 quippe
3493 1385 3824 1452 philostiphia

2257 1474 2485 1543 imperiti
2514 1490 2717 1528 smnus.
2744 1475 2796 1530 Si
2821 1476 2939 1542 quis
2961 1475 3102 1528 enim
3148 1476 3266 1544 igne
3304 1474 3503 1530 Christi
3549 1478 3792 1544 espiatur
3816 1519 3830 1540 ,

2255 1569 2374 1623 talis
2399 1568 2660 1635 elticitnr,
2686 1569 2857 1638 qualis
2887 1567 3046 1622 fuerit
3069 1567 3228 1623 hmIIO
3248 1569 3394 1623 solus
3419 1569 3468 1622 in
3512 1580 3654 1622 terra
3682 1570 3825 1623 habi-

2254 1674 2369 1718 tans
2401 1682 2413 1716 :
2441 1665 2518 1718 sic
2544 1663 2674 1718 nihil
2703 1675 2872 1722 curat.
2895 1679 3002 1718 non
3029 1665 3275 1732 gloriam,
3308 1678 3412 1717 non
3442 1663 3816 1733 ignominiam;

2250 1757 2343 1812 sed
2375 1759 2511 1811 sicut
2536 1759 2580 1812 is
2601 1800 2614 1824 ,
2644 1758 2731 1827 qui
2783 1757 2929 1811 soltts
2953 1759 3212 1811 habitaret
3236 1799 3250 1817 ,
3283 1757 3553 1811 neminem
3582 1769 3820 1821 curaret,

2249 1849 2325 1902 sie
2349 1849 2614 1904 neminem
2645 1849 2734 1903 ille
2759 1859 2930 1902 curat.
2957 1849 3306 1904 Tcntationes
3331 1860 3511 1904 autem
3529 1891 3542 1910 ,
3580 1849 3783 1918 ﬂagella
3807 1891 3821 1913 ,

2247 1957 2492 1996 carceres
2523 1943 2593 1995 ita
2626 1943 2955 2005 contemnit,
2986 1958 3048 1996 ac
3075 1943 3119 1994 si
3161 1942 3212 1995 in
3241 1943 3416 1995 alieno
3453 1956 3685 2012 corpore
3720 1942 3823 1998 hzec

2249 2042 2550 2101 pateretur,
2577 2043 2631 2086 et
2661 2049 2722 2088 ac
2749 2033 2791 2087 si
2823 2033 3167 2088 adamantino
3202 2046 3346 2088 esset
3367 2050 3629 2103 corpore;
3655 2050 3717 2088 ea
3738 2053 3822 2088 au-

2246 2133 2374 2186 tem,
2407 2138 2528 2192 qua:
2554 2124 2734 2176 suavia
2763 2123 2814 2177 in
2848 2122 2948 2176 hac
2973 2123 3077 2176 vita
3100 2132 3244 2186 sunt,
3267 2124 3336 2177 ita
3365 2123 3595 2188 deridet,
3629 2135 3682 2178 et
3705 2141 3817 2194 erga

2245 2215 2331 2267 illa
2366 2215 2689 2269 insensibilis
2719 2224 2802 2270 est
2822 2257 2836 2280 ,
2870 2224 2928 2270 ut
2955 2229 3052 2268 nos
3079 2229 3200 2285 erga
3228 2224 3433 2270 mortua
3461 2229 3714 2284 corpora,
3747 2217 3817 2268 νει

2242 2321 2304 2360 ac
2324 2311 2368 2360 st
2384 2307 2480 2376 ipsi
2505 2306 2697 2360 mortui
2725 2306 2913 2361 simus.
2933 2305 3160 2359 Tantum
3188 2319 3346 2374 porro
3371 2306 3543 2370 abest,
3563 2314 3626 2358 ut
3651 2306 3817 2374 aliquo

2240 2397 2430 2452 alfectu
2460 2399 2722 2468 capiatur,
2753 2407 3008 2467 quantum
3041 2413 3229 2451 aurum
3277 2399 3398 2467 igne
3442 2398 3733 2466 probatum
3768 2407 3816 2451 ct

2245 2508 2431 2562 purum
2458 2507 2487 2545 a
2514 2489 2761 2546 sordibus
2798 2491 3021 2545 liberum
3053 2500 3153 2544 est.
3186 2490 3336 2544 Sicut
3364 2491 3506 2544 enim
3535 2506 3737 2544 muscae
3767 2493 3810 2542 in

2239 2585 2467 2639 mediam
2499 2584 2764 2638 ﬂammam
2810 2597 2914 2636 non
2959 2581 3239 2635 illCldt'l‘llll
3267 2623 3282 2646 ,
3322 2580 3414 2634 sed
3463 2581 3673 2649 fugiunt
3701 2599 3715 2634 :
3744 2582 3812 2633 sic

2240 2691 2337 2730 nec
2356 2675 2520 2728 animi
2544 2673 2766 2728 aﬂ‘ectus
2795 2672 2862 2726 ad
2906 2671 3045 2726 hunc
3073 2673 3246 2741 ignem
3291 2670 3550 2725 accedere
3593 2673 3804 2726 audent.

2239 2769 2304 2822 Et
2328 2768 2519 2823 horum
2543 2767 2738 2822 vellem
2768 2765 3009 2836 exempla
3054 2780 3115 2818 ex
3162 2764 3318 2818 nobis
3353 2763 3482 2832 ipsis
3530 2763 3806 2832 proferre;

2236 2858 2356 2928 quia
2379 2873 2508 2913 vero
2531 2857 2717 2926 inopes
2740 2871 2944 2922 sumus,
2977 2871 3195 2910 necesse
3217 2864 3300 2909 est
3323 2895 3337 2918 ,
3373 2868 3427 2908 ut
3447 2854 3516 2908 ad
3540 2855 3691 2909 illtnn
3736 2855 3805 2922 ip-

2236 2968 2350 3004 squ
2370 2952 2753 3020 confugiamus.
2781 2950 2912 3005 Vide
2932 2959 3130 3009 autem,
3153 2948 3423 3018 quomodo
3445 2949 3536 3004 ille
3560 2949 3674 3019 ipse
3693 2963 3804 3016 erga

2237 3052 2404 3096 totum
2429 3042 2683 3095 mundum
2707 3041 2927 3096 allectus
2939 3052 3102 3095 esset.
3139 3040 3267 3093 Mihi
3294 3040 3516 3104 mundus
3540 3040 3802 3107 cruciﬁxus

2234 3146 2334 3200 est,
2365 3137 2555 3207 inquit,
2589 3146 2635 3190 et
2664 3153 2753 3208 ego
2780 3138 2968 3190 mundo
3001 3133 3156 3206 (Gal.
3186 3135 3240 3190 6.
3276 3135 3376 3206 H)
3399 3152 3413 3200 ;
3439 3136 3631 3198 idest,
3662 3137 3793 3190 Mor-

2233 3239 2354 3285 tuus
2375 3246 2490 3285 sum
2519 3229 2734 3292 mundo,
2757 3239 2809 3283 et
2830 3228 2918 3283 ille
2939 3228 3066 3282 mihi
3091 3237 3331 3282 mortuus
3349 3237 3449 3282 est.
3475 3228 3537 3281 Et
3555 3243 3796 3282 rursum:

2245 3319 2364 3374 Vivo
2390 3330 2555 3374 autem
2572 3322 2685 3389 jam
2716 3335 2816 3372 non
2847 3335 2958 3390 ego,
2982 3318 3099 3372 vivit
3121 3333 3234 3370 vero
3250 3317 3301 3370 in
3322 3333 3401 3369 me
3435 3317 3669 3372 Christus
3694 3316 3792 3386 (ld.

2229 3412 2281 3466 2.
2316 3411 2451 3483 20).
2485 3412 2610 3466 Hzec
2629 3411 2806 3465 dicere
2827 3411 2994 3464 solius
3020 3421 3101 3463 est
3126 3409 3295 3464 Pauli.
3338 3409 3446 3463 Nos
3495 3421 3676 3464 autem
3719 3412 3796 3480 qui

2233 3513 2434 3558 tantum
2457 3503 2523 3556 ah
2554 3503 2646 3557 illo
2679 3503 2952 3565 absumus,
2985 3511 3238 3572 quantum
3260 3503 3447 3556 cadum
3471 3518 3498 3553 a
3525 3513 3690 3563 terra.
3714 3517 3797 3556 tuis

2229 3596 2618 3650 abscondamus
2659 3609 2723 3650 ac
2763 3611 2933 3665 neque
2973 3610 3034 3650 os
3071 3594 3280 3663 aperire
3311 3594 3631 3648 audeamus.
3659 3595 3796 3662 Quod

2227 3699 2401 3742 autem
2431 3689 2577 3757 quasi
2604 3689 2653 3740 in
2685 3687 2972 3740 solitudine
3011 3696 3181 3750 esset,
3217 3696 3270 3741 et
3311 3687 3388 3740 sic
3421 3690 3704 3752 pra-scotia
3731 3703 3795 3738 re-

2225 3782 2457 3848 spiceret
2481 3821 2494 3844 ,
2524 3779 2643 3832 audi
2677 3779 2822 3832 illum
2860 3779 3123 3832 dicentem
3155 3794 3169 3831 :
3203 3777 3322 3831 Non
3365 3779 3790 3832 considerantibus

2227 3871 2366 3924 nobis
2396 3887 2508 3939 qua:
2535 3870 2784 3934 videntur,
2815 3869 2904 3922 sed
2927 3884 3040 3937 qua?
3071 3886 3169 3920 non
3197 3869 3432 3922 videntur
3471 3869 3543 3938 (2
3600 3870 3715 3923 Cor.
3743 3873 3788 3923 4.

2226 3964 2336 4031 18).
2361 3963 2494 4029 Quid
2513 3961 2684 4016 dicis?
2711 3963 2866 4030 Atqui
2899 3971 3082 4016 contra
3115 3977 3274 4030 quam
3305 3961 3440 4015 dicis
3463 4003 3478 4024 ,
3511 3979 3601 4016 res
3628 3980 3687 4016 se
3714 3965 3791 4016 ha-

2223 4056 2312 4110 bet
2341 4074 2354 4108 :
2388 4071 2510 4108 nam
2541 4055 2820 4108 invisibilia
2851 4070 2956 4107 non
2989 4055 3229 4107 videmus
3251 4095 3268 4118 ,
3295 4064 3347 4108 et
3382 4054 3616 4109 visibilia
3661 4058 3789 4109 vide-

2223 4161 2360 4199 mus.
2419 4145 2616 4212 Quales
2669 4145 2902 4199 hahebas
2954 4145 3172 4208 oculos,
3231 4145 3367 4199 tales
3419 4158 3582 4211 sunt,
3628 4148 3713 4216 qui
3761 4164 3783 4198 a

2221 4238 2436 4291 Christo
2468 4237 2576 4291 dati
2611 4253 2624 4289 :
2651 4239 2787 4291 sicut
2811 4237 2952 4290 enim
2981 4236 3030 4288 hi
3059 4235 3280 4288 visibilia
3321 4235 3537 4305 quidem
3584 4238 3780 4300 vident,

2220 4329 2501 4383 invisibilia
2547 4342 2678 4382 vero
2726 4343 2828 4380 non
2874 4326 3056 4380 vident
3088 4344 3100 4380 :
3129 4327 3207 4380 sic
3253 4327 3326 4381 illi
3371 4336 3562 4381 cmitra
3599 4344 3781 4384 :netao

2217 4420 2308 4487 qui
2337 4417 2617 4473 invisibilia
2650 4418 2845 4482 videat,
2879 4418 3105 4472 visibilia
3137 4417 3312 4482 videt;
3341 4433 3501 4472 nemo
3529 4422 3621 4489 qui
3667 4423 3778 4474 visi-

2219 4513 2343 4566 bilia
2366 4513 2562 4578 videat,
2588 4511 2869 4565 invisibilia
2900 4509 3064 4566 videt.
3096 4513 3288 4565 Annon
3321 4513 3483 4566 etiam
3515 4513 3656 4582 apud
3698 4527 3780 4567 nos

2221 4605 2321 4658 boc
2351 4604 2450 4657 llt?
2478 4602 2704 4671 Quando
2729 4603 2870 4657 enim
2904 4617 3160 4658 conversa
3193 4612 3373 4658 mente
3401 4619 3468 4658 ex
3516 4606 3779 4659 invisibili-

2218 4697 2316 4750 bus
2341 4697 2536 4764 aliquid
2563 4697 2876 4764 cogitamus,
2906 4695 3163 4750 sublimes
3191 4695 3344 4751 nobis
3371 4707 3499 4752 sunt
3529 4700 3756 4768 Operatio

2217 4804 2342 4840 num
2381 4789 2543 4840 oculi.
2593 4786 3009 4840 Contemnamus
3063 4786 3319 4857 gloriam;
3366 4788 3533 4842 rideri
3581 4804 3766 4857 magis.

2215 4896 2374 4950 qnam
2409 4879 2610 4932 laudari
2644 4878 2888 4934 velimus.
2919 4877 3051 4932 Nam
3084 4877 3174 4948 qui
3205 4877 3494 4944 irridetur,
3531 4881 3659 4934 nihil
3696 4898 3770 4931 im-

2215 4974 2389 5036 ditur;
2421 4972 2507 5039 qui
2540 4970 2806 5036 laudatur,
2833 4971 3080 5024 multum.
3107 4969 3184 5025 Ne
3214 4977 3388 5042 magni
3419 4971 3677 5026 faciamus
3703 4990 3770 5028 ει,

2217 5081 2335 5133 qua:
2365 5063 2610 5118 homines
2639 5071 2868 5126 terrent;
2901 5058 2996 5113 sed
3014 5059 3163 5113 deiis
3184 5059 3318 5113 utde
3332 5062 3658 5129 puerililusn
3690 5076 3770 5115 tra-

2215 5170 2454 5210 memns:
2486 5169 2657 5224 neque
2683 5153 2846 5217 enim,
2866 5153 2910 5206 si
2936 5168 3092 5222 quem
3119 5154 3393 5207 videamus
3424 5157 3673 5223 puerulos
3700 5170 3771 5204 vs-

2217 5257 2506 5302 terrentem
2533 5287 2548 5312 ,
2582 5245 2754 5314 ipsum
2783 5244 3111 5298 admiramur
3139 5262 3154 5298 :
3186 5260 3306 5298 nam
3335 5247 3583 5315 quisquis
3610 5256 3769 5300 terret.

2221 5338 2470 5396 utendos
2500 5345 2707 5402 terret;
2737 5335 2906 5390 virum
2939 5353 3169 5407 namque
3213 5348 3416 5392 terrere
3453 5355 3563 5393 non
3606 5341 3772 5408 possit.

2219 5433 2283 5485 Et
2311 5428 2759 5500 quemadmodum
2787 5429 2874 5497 qui
2903 5436 3124 5490 terrent,
3155 5429 3237 5482 vel
3285 5431 3575 5497 supercilia
3623 5432 3772 5484 suni-

2214 5531 2375 5593 gunt,
2407 5520 2489 5576 vel
2519 5520 2674 5575 aliter
2703 5520 2906 5573 vultum
2937 5520 3302 5588 distorquent;
3333 5529 3387 5573 at
3419 5521 3461 5573 si
3511 5537 3694 5574 sanum
3732 5531 3770 5572 ct

2219 5623 2551 5669 numsuetum
2573 5611 2784 5668 oculum
2803 5611 3051 5676 habeant,
3082 5611 3180 5665 hoc
3208 5611 3384 5666 facere
3412 5625 3516 5665 non
3553 5611 3769 5682 possint;

2217 5707 2297 5760 sic
2321 5713 2378 5760 et
2407 5701 2950 5774 hi,perspicacitatem
2982 5703 3174 5756 mentis
3204 5701 3605 5771 distorqueutes
3624 5744 3638 5765 ,
3687 5702 3770 5754 hoc

2218 5799 2441 5856 faciunt.
2464 5798 2646 5869 Itaque
2675 5806 3008 5852 mansuetum
3038 5795 3306 5850 hominem
3337 5806 3391 5851 et
3420 5796 3575 5850 bona:
3601 5796 3768 5850 anima-

2224 5919 2381 5957 nemo
2405 5911 2678 5964 exterret,
2706 5890 2800 5948 sed
2831 5891 2976 5945 illum
3003 5904 3318 5945 veneramur
3361 5904 3579 5953 omnes,
3623 5888 3763 5942 bonu-
