4098 6354
198 360 310 416 363

203 476 400 532 ἑαυωῦ
439 473 613 527 ταῦτα
648 472 923 544 πράττων,
961 468 1132 532 οὕτως
1161 468 1419 540 ἐξαίφνης
1448 466 1867 539 μεταϐέϐληται.

200 560 338 618 Εἶτα
360 562 522 616 πάλιν
542 562 590 613 οἱ
617 560 893 631 μάρτυρες
917 559 966 609 οἱ
999 556 1245 619 συνόντες
1263 574 1277 589 ·
1306 551 1423 610 εἶτα
1453 556 1719 608 δείκνυσιν
1751 555 1871 605 ἐαυ-

200 654 290 705 τὸν
305 650 533 712 δικαίως
553 647 865 711 πεισθέντα,
883 646 989 699 ἀπό
1003 662 1063 698 τε
1078 644 1172 698 τοῦ
1193 645 1392 713 φωτὸς,
1418 644 1524 698 ἀπό
1539 660 1597 695 τε
1622 642 1728 694 τῶν
1747 659 1867 711 προς

201 740 409 809 φητῶν,
442 736 551 791 ἀπό
570 752 631 788 τε
659 736 767 788 τῶν
790 734 1090 799 ἐκδάσεων,
1115 733 1221 786 ἀπό
1242 750 1300 785 τε
1319 732 1428 785 τῶν
1456 732 1549 785 νῦν
1579 734 1877 799 γεγενημέ-

198 847 329 880 νων.
371 828 651 897 Ἐπήγαγε
674 824 805 894 γάρ·
826 820 1070 891 Ἡμέρας
1086 820 1285 890 μέσης
1304 819 1453 873 κατὰ
1476 818 1592 886 τὴν
1609 816 1773 879 ὁδὸν,
1797 811 1876 867 εἷ-

198 918 309 969 δον
337 914 711 983 περιλάμὺαν
722 928 799 981 με
819 908 967 980 φῶς,
991 908 1089 962 καὶ
1110 926 1176 961 το
1185 911 1253 973 ὸς
1272 907 1397 961 σὺν
1411 906 1539 977 ἐμοὶ
1556 902 1876 974 πορευομέ-

196 1022 368 1069 νους.
400 1004 543 1074 Ὅρα
580 1001 731 1069 γοῦν,
760 998 879 1061 πῶς
906 997 1001 1051 καὶ
1027 997 1136 1051 άπὸ
1162 996 1272 1049 τῶν
1298 994 1613 1067 προφητῶν,
1646 994 1738 1047 καὶ
1769 992 1877 1044 ἀπὸ

196 1092 407 1143 τούτων
427 1090 625 1151 αὐτοὺς
650 1084 956 1140 πιστοῦται.
986 1085 1102 1138 Ἵνα
1128 1083 1230 1154 γὰρ
1264 1084 1337 1153 μὴ
1359 1082 1486 1154 δόξῃ
1510 1080 1872 1149 καινοτομεῖν,

199 1181 380 1231 καίτοι
418 1178 556 1247 ἔχων
605 1174 819 1246 μεγάλα
864 1175 1061 1237 εἰπεῖν,
1095 1172 1259 1225 πάλιν
1296 1172 1389 1224 ἐπὶ
1425 1171 1553 1233 τοὺς
1590 1168 1875 1240 προφήτας

196 1267 571 1335 καταφεύγει,
620 1264 715 1317 καὶ
752 1263 823 1315 τά
864 1260 1043 1316 αὐτῶν
1088 1262 1168 1323 είς
1209 1260 1370 1330 μέσον
1420 1258 1671 1328 τίθησια.
1706 1256 1876 1308 Τοῦτο

199 1358 299 1427 μὲν
328 1352 423 1409 οὖν
462 1352 899 1422 ἀξιοπιστότερον
925 1350 1019 1404 ac:
1064 1349 1158 1403 νῦν
1184 1348 1473 1419 γενόμενον
1492 1362 1507 1377 ·
1546 1345 1661 1400 ἀλλ’
1688 1344 1874 1414 ἐπειδὴ

199 1446 365 1517 μόνος
390 1440 517 1505 εἶδε,
568 1441 732 1495 πάλιν
780 1439 911 1492 αὐτὸ
940 1438 1046 1491 ἀπὸ
1094 1437 1391 1508 προφητῶν
1424 1435 1727 1488 πιστοῦται.
1765 1435 1875 1485 Kal

194 1535 297 1603 δρα
328 1531 494 1585 αὑτὸν
523 1531 621 1599 οὐχ
655 1528 856 1600 ὁμοίως
883 1525 1267 1595 διαλεγόμενον
1300 1526 1358 1577 ἐν
1390 1521 1746 1592 δικαστηρίῳ,
1780 1520 1876 1572 καὶ

197 1624 253 1673 ἐν
304 1618 603 1688 ἐκκλησίᾳ·
635 1618 751 1669 ἐκεῖ
805 1615 903 1684 μὲν
953 1611 1046 1666 οὖν
1088 1614 1258 1679 λέγει,
1304 1612 1385 1664 ὃτι
1431 1612 1525 1663 καὶ
1577 1608 1871 1662 Ἀνείλετε·

194 1702 436 1755 ἐνταῦθα
478 1701 533 1754 δὲ
564 1700 716 1753 οὐδὲν
760 1696 1023 1762 τοιοῦτον,
1071 1695 1212 1748 ῶστε
1268 1695 1343 1765 μὴ
1391 1694 1554 1746 πλέον
1608 1689 1876 1745 ἐκκαῦσαι

193 1787 286 1837 τὸν
313 1784 488 1855 θυμόν
508 1802 520 1813 ·
566 1783 701 1836 ἀλλά
728 1782 787 1834 τὸ
815 1780 948 1834 αὐτὸ
969 1779 1260 1841 δείκνυσιν,
1298 1775 1486 1840 εἰπὼν,
1524 1777 1591 1828 El
1612 1774 1875 1840 παθητὸς

194 1873 226 1922 ὀ
258 1868 539 1937 Χριστός.
589 1866 774 1928 Οῦτως
798 1864 1022 1934 ἀφίησιν
1056 1863 1251 1923 αὐτοὺς
1282 1860 1663 1931 ἐγκλημάτων.
1698 1859 1875 1927 ’Ὅπερ

192 1960 289 2015 οὖν
316 1959 434 2029 ἐγὼ
467 1956 840 2025 καταγγέλλω,
871 1958 917 2007 εἰ
948 1954 1144 2023 ἀνέστη
1176 1952 1388 2024 πρῶτος
1417 1953 1480 2003 ἐκ
1504 1950 1613 2003 τῶν
1644 1949 1872 2020 νεκρῶν,

198 2052 262 2099 ἐκ
310 2044 423 2096 τῶν
468 2041 761 2113 προφητῶν
797 2039 1075 2108 δείκνυμι·
1120 2036 1351 2106 καὶγὰρ
1390 2036 1483 2088 καὶ
1522 2037 1569 2087 οἱ
1602 2035 1873 2107 προφῆται

192 2126 354 2179 τοῦτο
393 2123 873 2191 καταγγέλλουσιν.
903 2119 1111 2173 Οὐκοῦν
1141 2118 1365 2183 δέξασθε
1387 2118 1477 2169 τὸν
1505 2117 1660 2185 λόγον
1682 2118 1757 2179 ὡς
1782 2117 1874 2169 τὸν

190 2210 411 2265 αὑτοῦδ
457 2210 586 2261 δντα
626 2207 735 2260 τῶν
778 2204 1093 2276 προφητῶν.
1140 2202 1294 2255 Ἐπεὶ
1332 2202 1390 2254 δὲ
1438 2197 1558 2253 εἶπε
1600 2200 1701 2270 τὴν
1731 2200 1872 2269 ὄψιν,

195 2294 387 2346 λοιπὸν
447 2293 541 2344 καὶ
593 2291 731 2358 μετά
776 2288 958 2350 ἁδείας
1004 2287 1098 2341 καὶ
1147 2287 1216 2339 τά
1261 2284 1662 2355 κατορθώματα
1704 2283 1870 2351 λέγει.

196 2388 335 2439 Ποῖα
368 2383 577 2448 ταῦτα;
612 2381 722 2435 Τοῦ
750 2379 983 2444 ἀνοῖξαι
1007 2377 1225 2443 αὐτῶν,
1259 2377 1443 2447 φησὶν,
1475 2374 1625 2447 [595]
1650 2376 1873 2443 ὀφθαλ-

190 2473 370 2543 μοὺς,
397 2471 497 2526 καί
519 2468 896 2537 ἀποστρέψαι
926 2468 1043 2521 άπὸ
1068 2468 1329 2531 σκότους
1349 2467 1435 2529 είς
1457 2463 1604 2533 φῶς,
1629 2462 1727 2516 καί
1755 2464 1873 2517 ἀπὸ

198 2558 309 2626 τῆς
334 2557 629 2622 ἐξουσίας
656 2556 760 2609 τοῦ
803 2551 1042 2608 Σατανᾶ
1076 2552 1176 2605 ἐπὶ
1206 2552 1313 2605 τὸν
1350 2551 1517 2603 Θεόν.
1554 2550 1655 2613 Εἰς
1698 2546 1873 2601 τοῦτο

192 2650 306 2715 γὰρ
354 2647 564 2715 ὤφθην
617 2659 748 2698 σοι·
790 2642 1066 2696 τουτέστιν
1111 2640 1233 2711 οὐχ,
1289 2638 1430 2693 ῶστε
1460 2638 1709 2701 κολάσαι,
1759 2636 1872 2691 ἀλλ’

191 2734 339 2786 ὥστε
372 2727 671 2783 ἀπόστολον
701 2726 949 2795 ποιῆσαι.

266 2816 438 2883 Ὅρα,
466 2812 535 2865 τά
567 2809 859 2880 συνέχοντα
882 2806 1028 2861 κακὰ
1053 2804 1179 2868 τοὺς
1204 2804 1465 2868 ἀπίστους
1493 2803 1753 2864 δείκνυσι,
1784 2798 1875 2851 τὸν

191 2898 468 2960 Σατανᾶν,
492 2893 554 2946 τὸ
578 2893 787 2956 σκότος,
807 2891 995 2961 ῶσπερ
1022 2889 1116 2941 καὶ
1140 2900 1161 2927 ο
1195 2890 1263 2941 τά
1294 2889 1475 2957 ἀγαθά
1506 2887 1613 2941 τῶν
1645 2883 1871 2943 πιστῶν,

190 2995 256 3045 τὸ
283 2992 426 3061 φῶς,
450 2988 542 3043 τὸν
566 2988 719 3053 Θεὸν,
744 2986 833 3038 τὸν
860 2984 1061 3056 κλῆρον
1083 2982 1190 3035 τῶν
1211 2982 1403 3050 ἀγίων.
1434 2981 1544 3034 Kal
1564 2981 1661 3049 οὐχ
1690 2977 1875 3061 ἁπλῶς

195 3059 490 3147 μετανοεῖν
524 3072 799 3142 παραινεῖ,
844 3068 979 3122 ἀλλά
1007 3068 1100 3120 καὶ
1136 3066 1248 3137 βίον
1296 3063 1697 3117 ἐπιδείκνυσθαι
1746 3059 1875 3111 θαυ-

196 3144 432 3231 μαστόν.
483 3159 592 3211 Kal
632 3157 734 3226 ὅρα
780 3151 1055 3222 πανταχοῦ
1094 3150 1162 3204 τὰ
1188 3149 1316 3220 έθνη
1347 3146 1765 3217 συμπλεκόμενα
1799 3144 1876 3210 τῴ

194 3246 370 3315 λόγῳ·
402 3245 454 3297 οί
484 3242 594 3315 γάρ
628 3241 891 3313 παρόντες
914 3237 974 3303 ἐξ
999 3234 1166 3289 ἐθνῶν
1200 3231 1361 3305 ἦσαν.
1396 3232 1873 3315 Μαρτῦρόμενος,

194 3312 366 3397 φησὶ,
397 3312 592 3396 μικρῷ
634 3342 696 3378 τε
749 3323 848 3376 καὶ
878 3319 1142 3391 μεγάλῳ,
1194 3316 1442 3369 τουτέστι
1496 3314 1587 3367 καὶ
1620 3312 1875 3397 ἐπισήμῳ

324 3392 527 3482 ac},qu
548 3409 597 3462 ά.
630 3408 799 3461 Τοῦτο
842 3406 930 3461 διά
961 3407 1085 3465 τους
1118 3399 1454 3472 στρατιώτας
1501 3399 1672 3460 οὕτως
1701 3392 1872 3449 εἶπεν.

195 3494 335 3549 Ιὶῖτα
376 3480 539 3563 ἀφεὶς
582 3493 682 3563 τὴν
713 3492 865 3557 τάξιν
895 3488 989 3542 τοῦ
1024 3484 1483 3555 ἀπολογουμένου,
1530 3482 1629 3552 τὴν
1660 3481 1754 3533 τοῦ
1798 3480 1875 3532 δι-

192 3590 472 3644 οισκάλου
520 3586 700 3641 ἐλαὸε.
754 3584 847 3637 Διὸ
890 3582 983 3637 καὶ
1022 3583 1050 3633 ὁ
1077 3579 1284 3650 Φῆστός
1324 3594 1457 3648 φησι
1502 3575 1641 3647 πρὸς
1675 3572 1869 3627 αὐτόν·

194 3675 422 3741 Μαίνῃ.
452 3665 605 3738 Είτα,
628 3672 716 3725 ἵνα
758 3668 834 3740 μὴ
860 3667 987 3739 δόξῃ
1015 3664 1175 3727 αὐτὸς
1207 3661 1524 3724 διδάσκαλος
1556 3652 1719 3720 εἶναι,
1778 3660 1872 3710 ἐπ-

195 3775 321 3825 αγει
339 3758 468 3819 τοὺς
496 3756 802 3825 προφήτας,
833 3751 924 3804 τὸν
953 3748 1184 3803 Μωσέα·
1218 3749 1288 3801 El
1314 3743 1599 3812 παθητὸς,
1627 3743 1809 3813 φησὶν,
1845 3744 1876 3792 0’

199 3844 481 3915 Χριστὸς,
511 3844 562 3897 εί
584 3840 812 3911 πρῶτος
838 3840 906 3904 ἐξ
931 3837 1325 3901 ἀναστάσεως
1346 3832 1573 3902 νεκρῶν
1591 3831 1715 3901 φῶς
1732 3830 1876 3900 μέλ-

195 3940 293 3987 λει
327 3931 763 4001 καταγγέλλειν
798 3926 879 3993 τῷ
916 3943 979 3980 τε
1022 3922 1150 3989 λαῷ
1191 3923 1292 3975 καὶ
1343 3920 1466 3985 τοῖς
1510 3920 1771 4001 ἔθνεσιν.
1814 3918 1877 3968 'U

196 4022 445 4092 ῲῆστος
765 4014 840 4085 τῇ
886 4012 1056 4084 φωνῇ
1098 4012 1235 4081 ἔφη.
1290 4008 1447 4063 Οὕτω
1475 4004 1648 4077 θυμοῦ
1688 4000 1755 4076 ἦν
1786 4008 1877 4057 καὶ

195 4113 374 4184 ὀργῆς
408 4112 445 4182 ἡ
476 4108 651 4179 φωνήε

367 4177 551 4247 Τίοῦν
578 4177 886 4254 όΨΠαῦλοςς
922 4187 1002 4240 Οὐ
1030 4184 1142 4254 γάρ
1173 4183 1323 4245 ἐστι,
1358 4180 1541 4249 φησὶν,
1584 4179 1655 4231 έν
1698 4177 1876 4246 γωιν¹ςι

197 4279 631 4351 πεπραγμένον
661 4276 859 4330 τοῦτο.
897 4272 1159 4326 Ἐνταῦθα
1179 4270 1307 4340 περὶ
1337 4266 1431 4321 τοῦ
1464 4263 1877 4351 σταυροῦῌλέγει

198 4347 385 4431 τοῦτο,
416 4347 558 4434 ’περὶ
588 4362 690 4431 τῆς
735 4358 1083 4419 ἀναστάσεως
1109 4372 1121 4383 ·
1170 4355 1265 4407 καὶ
1312 4354 1394 4406 ὄτι
1458 4347 1733 4419 πανταχοῦ
1778 4348 1877 4434 τῇς

200 4430 536 4520 οἰκουμένης
582 4430 771 4513 γέγονε
824 4442 887 4495 τὸ
931 4440 1107 4510 δόγμα
1188 4437 1529 4500 Πιστεύεις,
1570 4430 1834 4520 βασιλεῦ
1862 4471 1874 4493 ,

202 4518 398 4607 φησιν,
444 4534 776 4603 Ἀγρίππα;
809 4531 922 4584 Οὐκ
970 4525 1131 4593 εἷπε,
1184 4527 1261 4596 Τῇ
1317 4524 1651 4607 ἀναστάσει,
1705 4518 1876 4579 ἀλλά,

207 4604 338 4686 Τοῖς
380 4616 737 4687 προφήταις.
787 4609 923 4666 Εἶτα
962 4608 1475 4680 προκαταλαμϐάνει
1525 4604 1684 4659 αὑτὸν
1709 4646 1723 4670 ,
1786 4604 1877 4655 καί

199 4720 393 4775 φησιν·
428 4698 591 4763 Οἶδα,
622 4699 711 4752 ὅτι
739 4696 1063 4761 πιστεύεις.
1098 4693 1241 4763 Πρὸς
1270 4693 1325 4745 ὃν
1354 4692 1450 4744 καὶ
1477 4692 1505 4743 6
1550 4688 1877 4759 Ἀγρίππας·

210 4796 320 4848 Ἐν
336 4791 525 4859 ὀλίγῳ
546 4805 623 4857 με
644 4788 869 4850 πείθεις
891 4780 1249 4852 Χριστιανὸν
1268 4779 1569 4849 γενέσθαι.
1595 4778 1709 4829 Οὐκ
1728 4775 1879 4845 ἐνόη-

200 4900 299 4935 σεν
331 4882 360 4932 6
394 4878 608 4941 Παῦλος
650 4876 703 4928 τί
748 4877 917 4937 ἐστιν,
966 4874 1067 4925 Ἐν
1095 4870 1307 4937 ὀλίγῳ,
1340 4867 1453 4921 ἀλλ’
1496 4866 1765 4935 ἐνόμισεν,
1800 4865 1880 4916 ὅτι

211 4968 309 5032 Ἐξ
351 4964 541 5032 όλίγου
567 4980 581 4993 ·
616 4962 697 5016 διὸ
731 4961 825 5014 καὶ
877 4959 1012 5031 πρὸς
1063 4956 1220 5009 τοῦτο
1277 4952 1659 5021 ἀποκρίνεται·
1709 4947 1881 5010 οὓτως

201 5056 435 5123 ἰδιώτης
488 5046 577 5121 ἦν.
634 5049 745 5102 Kal
788 5048 888 5100 οὐκ
932 5042 1107 5108 εἶπεν,
1158 5044 1232 5095 Οὐ
1280 5041 1575 5111 βούλομαι,
1620 5036 1734 5090 ἀλλ’
1766 5037 1881 5089 Εὕ-

196 5159 415 5213 χοιιαι,
445 5142 517 5193 οὺ
543 5139 733 5208 μόνον
764 5135 858 5200 σὲ,
893 5133 1055 5188 ἀλλὰ
1083 5133 1178 5185 καὶ
1204 5129 1433 5193 πάντας
1461 5127 1603 5193 τοὺς
1632 5126 1883 5180 ἀκούον-

199 5249 337 5295 τας.
379 5229 526 5296 Ὅρα
556 5225 848 5287 κολακείας
878 5218 1300 5293 ἀπηλλαγμένον
1346 5218 1438 5270 τὸν
1487 5216 1661 5283 λόγον.
1694 5214 1883 5283 Εῠχο-

197 5339 338 5389 μαι,
397 5318 552 5389 φησὶ,
614 5315 881 5384 σήμερον
930 5310 1209 5382 γενέσθαι
1263 5307 1494 5372 πάντας
1539 5304 1879 5369 τοιούτους,

208 5410 427 5475 ὁποῖος
467 5407 567 5462 καὶ
592 5407 706 5476 ἐγώ
736 5408 873 5475 εἰμι,
906 5402 1197 5471 παρεκτὸς
1222 5399 1339 5454 τῶν
1368 5397 1607 5467 δεσμῶν
1636 5398 1879 5450 τούτων.

209 5500 381 5567 Ὅρα·
406 5499 434 5550 6
462 5494 814 5566 καυχώμενος
826 5492 918 5545 ἐπὶ
942 5495 1052 5553 τοῖς
1079 5488 1358 5559 δεσμοῖς,ό
1378 5486 1663 5558 προφέρων
1690 5486 1883 5547 αὐτοὺς

208 5589 475 5658 καθάπερ
520 5586 710 5639 ἅλυσιν
764 5585 991 5654 χρυσῆν,
1046 5580 1253 5641 τούτοις
1285 5577 1581 5646 ἀπεύχεται
1623 5574 1736 5628 νῦν.
1781 5577 1885 5628 Kal

213 5684 297 5749 μὴ
332 5676 641 5746 θαυμάσῃς·
668 5673 747 5726 ἔτι
782 5674 889 5744 γάρ
920 5670 1304 5738 ἀσθενέστερον
1327 5665 1607 5727 διέκειντο,
1640 5665 1731 5716 καὶ
1760 5680 1887 5725 συγ-

210 5762 735 5833 καταϐατικώτερος
774 5757 841 5833 ἦν
891 5762 919 5813 6
960 5760 1116 5827 λόγος
1162 5754 1327 5826 αὐτῷ.
1384 5754 1553 5816 Ἐπεὶ,
1595 5755 1675 5805 ὅτι
1706 5752 1774 5803 τά
1803 5752 1884 5804 δε-

283 5875 309 5900 ¹
340 5873 479 5919 Alius
502 5872 581 5918 καὶ
603 5868 746 5917 τοῦτο
771 5870 915 5931 μέσον
936 5867 1108 5923 τίθησι.
1178 5868 1204 5906 ιν
1224 5860 1684 5931 Lf’gebalurlovt’rrc'w3
1710 5860 1882 5929 geniu-

215 5949 345 6005 ymn.
364 5948 424 5979 vx
448 5948 545 6005 um}
569 5932 677 6005 god:
707 5923 997 6001 reéepimus.
1022 5932 1163 6005 Eo‘n.’
1224 5932 1244 5955 ⁸⁵
1270 5924 1524 6005 Ὥὶτερικαί
1544 5924 1689 6005 ιιιιψςι
1712 5923 1759 5993 ιι)
1781 5923 1891 5981 qui-

217 5998 444 6044 husdam.
514 5996 538 6031 «Ι
569 5996 745 6047 Ver-im,
774 5984 1049 6040 τοῦτέστι...
1076 5992 1267 6051 ἀσήμῳ,
1293 5989 1353 6036 ub
1375 5984 1524 6034 editis
1560 5984 1802 6041 absentia,
1826 5996 1886 6029 ex

218 6060 359 6107 Codd
388 6066 587 6119 recvpla
615 6067 741 6106 sunt.
772 6057 907 6105 Ευιτ.

1288 347 1352 402 lN
1396 347 1571 403 ACTA
1614 343 2140 402 APUS'I'OLORUM.
2182 348 2415 406 HOMIL.
2444 350 2553 405 ιιι.

3537 351 3640 407 56νῦ

1979 467 2090 537 σμά
2118 468 2325 539 βέλτιον
2366 471 2571 540 ἠγεῖτο,
2619 468 2782 523 ἄκουε
2821 470 2935 533 πῶς
2977 469 3063 523 ἀεὶ
3095 471 3152 523 ἐν
3184 472 3302 535 ταῖς
3333 473 3638 531 ἐπιστολαῖς

1979 554 2514 629 πάντωνλπροτίθησι
2538 556 2649 609 τῶν
2676 556 2873 619 ἄλλων,
2906 557 3100 626 λέγων·
3135 560 3376 627 Παῦλος
3398 560 3641 632 δέσμιος

1989 642 2193 708 Ἰησοῦ
2207 645 2486 712 Χριστοῦ·
2512 646 2607 698 καὶ
2627 644 2810 709 πάλιν,
2847 646 3063 700 Τούτου
3083 645 3257 714 χάριν
3282 648 3395 715 τὴν
3420 648 3641 703 ἅλυσιν

1978 732 2328 800 περίκειμαι,
2362 733 2498 787 ἀλλ’
2529 735 2563 786 ὁ
2594 734 2776 802 λόγος
2808 732 2916 787 τοῦ
2947 734 3095 787 Θεοῦ
3137 737 3209 788 οὐ
3232 735 3481 789 δέδεται·
3526 739 3640 801 καὶ,

1980 819 2143 887 Ἄχρι
2171 819 2410 889 δεσμῶν
2438 822 2518 886 ὡς
2563 820 2912 891 κακοῦργος.
2967 824 3139 894 Ὅρα·
3189 825 3331 895 οὐχὶ,
3377 826 3637 893 Δεσμῶν,

1980 907 2159 977 μόνον,
2192 906 2327 961 ἀλλά
2360 908 2480 972 καὶ,
2524 908 2620 974 Ὡς
2664 909 3018 980 κακοῦργος,
3070 912 3431 983 προσέθηκεν,
3464 913 3641 979 αὔξων

1976 994 2073 1065 τὴν
2103 994 2211 1048 ἀπὸ
2243 996 2351 1048 τῶν
2391 996 2607 1067 δεσμῶν
2643 994 2820 1061 δόξαν.
2853 998 3027 1068 Διπλῆ
3059 999 3116 1052 δὲ
3154 1002 3186 1071 ἡ
3226 1003 3466 1073 τιμωρία
3488 1046 3505 1071 ,
3553 1010 3641 1056 καὶ

1976 1083 2057 1136 ὅτι
2090 1082 2317 1148 ἐδέδετο,
2366 1084 2460 1137 καὶ
2503 1085 2584 1138 ὅτι
2625 1084 2701 1149 ὡς
2749 1086 3073 1157 κακοῦργος.
3109 1088 3171 1139 Εἰ
3204 1089 3303 1157 μὲν
3335 1092 3441 1162 γὰρ
3470 1092 3641 1155 οὕτως

1976 1171 2183 1224 ἐδέδετο
2231 1171 2307 1235 ὡς
2359 1173 2445 1225 ἐπ’
2478 1173 2688 1243 ἀγαθῷ,
2737 1172 2900 1243 ἔφερέ
2937 1191 3057 1228 τινα
3104 1174 3169 1229 ἂν
3200 1179 3553 1249 παραμυθίαν
3584 1182 3641 1233 τὸ

1978 1259 2230 1329 πρᾶγμα·
2262 1258 2359 1311 νῦν
2403 1258 2461 1311 δέ
2498 1259 2592 1311 καὶ
2637 1259 2713 1322 ῶς
2761 1257 3090 1330 κακοῦργος,
3144 1263 3237 1314 καὶ
3284 1264 3359 1326 ώς
3411 1268 3503 1318 ἐπὶ
3533 1270 3642 1330 τοῖς

1975 1346 2169 1409 δεινοῖς
2198 1345 2358 1408 ἁλούς
2382 1363 2397 1377 ·
2444 1346 2540 1399 καὶ
2586 1347 2736 1417 ὅμως
2792 1346 3002 1411 οὐδενὸς
3053 1348 3257 1402 τούτων
3284 1363 3306 1388 ε
3338 1352 3637 1423 ἐφρόντιζε.

1978 1436 2228 1489 Τοιοῦτον
2256 1436 2401 1507 ψυχὴ
2436 1437 2779 1508 πτερωθεῖσα
2823 1437 2900 1507 τῷ
2943 1438 3179 1509 οὐρανίῳ
3219 1439 3403 1510 ἔρωτι.
3434 1443 3495 1494 Εἰ
3535 1447 3642 1514 γάρ

1976 1525 2025 1576 οἱ
2054 1524 2145 1576 τὸν
2174 1524 2397 1595 αἰσχρὸν
2430 1524 2617 1577 τοῦτον
2665 1525 2896 1595 ἐρῶντες
2936 1524 3112 1595 ἔρωτα
3136 1567 3151 1591 ,
3189 1527 3342 1580 οὐδὲν
3386 1528 3642 1599 ¹ἡγοῦνται

1976 1608 2099 1663 οὔτε
2130 1610 2337 1678 ἔνδοξον
2382 1610 2507 1664 οὔτε
2535 1612 2735 1682 τίμιον,
2769 1612 2882 1666 ἀλλ’
2916 1613 2935 1651 τ
2966 1615 3167 1679 ἐκεῖνα,
3202 1616 3301 1668 ὅσα
3348 1616 3415 1670 ἂν
3461 1618 3640 1681 αὐτοῖς

1978 1697 2114 1767 πρὸς
2138 1698 2239 1768 τὴν
2268 1698 2563 1769 ἐπιθυμίαν
2599 1699 2868 1772 συντείνῃ,
2916 1699 3087 1753 ταῦτα
3126 1701 3370 1772 κρίνεται
3415 1704 3511 1757 καὶ
3561 1705 3641 1757 ἕνα

1976 1784 2103 1850 δοξα
2132 1787 2224 1838 καὶ
2253 1785 2468 1856 ἔντιμα,
2500 1787 2594 1839 καὶ
2619 1787 2778 1839 τοῦτο
2826 1788 3002 1841 πάντα
3049 1789 3234 1853 αὐτοῖς
3259 1791 3423 1851 ,ἐστιν
3449 1793 3482 1861 ἡ
3510 1793 3642 1863 ἐρω-

1981 1872 2136 1942 μένη,
2167 1871 2344 1943 πολλῷ
2376 1872 2576 1942 μᾶλλον
2610 1874 2661 1925 οί
2688 1872 2861 1944 τούτῳ
2895 1873 3113 1937 ἁλόντες
3145 1875 3221 1946 τῷ
3263 1876 3450 1948 ἔρωτι,
3491 1879 3643 1931 οὐδὲν

1975 1958 2330 2027 ἡγοῦνταιτά
2375 1960 2648 2030 ἐπιτίμια.
2686 1962 2747 2014 El
2783 1960 2838 2013 δέ
2866 1961 2927 2013 οὐ
2968 1962 3195 2031 νοοῦμεν
3241 1964 3310 2017 τά
3354 1964 3642 2036 λεγόμενα,

1980 2046 2131 2119 [594]
2160 2048 2222 2100 οὐ
2250 2047 2580 2118 θαυμαστόν·
2616 2048 2833 2119 ἄπειροι
2866 2050 2976 2121 γάρ
3002 2052 3167 2121 ἐσμεν
3198 2052 3297 2122 τῆς
3327 2052 3642 2122 φιλοσοφίας

1976 2134 2201 2206 ταύτης.
2237 2136 2300 2188 Εί
2335 2135 2444 2205 γάρ
2468 2153 2553 2199 τις
2582 2135 2695 2207 ἁλῷ
2722 2136 2801 2207 τῷ
2830 2138 2963 2207 πυρὶ
2996 2138 3090 2192 τοῦ
3121 2140 3378 2211 Χριστοῦ,
3405 2140 3641 2203 τοιοῦτος

1976 2224 2207 2292 γίνεται,
2238 2218 2351 2287 οἷος
2384 2225 2450 2279 ἂν
2478 2225 2704 2295 γένηται
2746 2225 3035 2296 ἄνθρωπος
3070 2228 3229 2297 μόνος
3268 2228 3363 2281 ἐπὶ
3411 2232 3509 2300 τῆς
3541 2232 3642 2299 γῆς

1978 2313 2162 2367 οἰκῶν·
2196 2312 2366 2375 οὕτως
2413 2313 2625 2377 οὐδενὸς
2663 2312 2811 2383 αὐτῷ
2863 2314 3014 2384 μέλει
3048 2315 3207 2385 δόξης
3260 2317 3352 2369 καὶ
3399 2318 3639 2388 ἀτιμίας·

1978 2404 2091 2460 ἀλλ’
2118 2403 2307 2474 ὥσπερ
2350 2403 2416 2456 ἂν
2464 2405 2514 2457 εί
2570 2404 2729 2475 μόνος
2775 2405 2939 2459 οίκῶν
2975 2406 3185 2469 οὐδενὸς
3212 2406 3277 2459 ἂν
3305 2407 3640 2478 ἐφρόντισεν,

1978 2490 2149 2554 οὕτως
2177 2490 2299 2543 οὐδὲ
2344 2491 2463 2543 τότε
2509 2493 2538 2545 6
2587 2492 2826 2555 τοιοῦτος
2878 2494 3178 2564 φροντίζει.
3227 2495 3558 2566 Πειρασμῶν
3588 2499 3644 2551 δὲ
3731 2556 3737 2561 ,

1978 2576 2122 2634 οὕτω
2176 2581 2510 2650 καταφρονεῖ
2561 2580 2655 2634 καὶ
2711 2581 2993 2652 μαστίγων
3024 2574 3037 2593 ⁸
3066 2584 3160 2636 καὶ
3217 2583 3639 2656 δεσμωτηρίων.

1977 2664 2163 2739 ῶσπερ
2207 2666 2281 2721 ἂν
2319 2667 2367 2718 εί
2412 2668 2469 2719 ἐν
2518 2666 2784 2739 ἀλλοτρίῳ
2839 2668 3052 2740 σώματι
3100 2671 3267 2724 ταῦτα
3310 2672 3566 2743 ἔπασχεν,
3612 2676 3642 2742 ἢ

1977 2754 2165 2825 ὥσπερ
2196 2754 2263 2807 ἂν
2296 2755 2342 2806 εί
2371 2754 2730 2825 ἀδαμάντινον
2764 2756 3027 2828 ἐκέκτητο
3058 2759 3237 2829 σῶμα·
3259 2760 3368 2813 τῶν
3400 2762 3456 2814 δὲ
3480 2763 3645 2832 ἡδέων

1976 2840 2082 2893 τῶν
2115 2842 2174 2893 ἐν
2205 2839 2283 2911 τῷ
2318 2840 2418 2911 βίῳ
2448 2840 2591 2895 οὕτω
2621 2844 2930 2916 καταγελᾷ,
2981 2846 3076 2899 καὶ
3122 2848 3517 2919 ἀνεπαίσθητος
3548 2851 3642 2903 αύο

1975 2928 2084 2981 τῶν
2112 2930 2283 2995 ἐστιν,
2312 2929 2498 3002 ῶσπερ
2528 2932 2637 2985 τῶν
2664 2932 2874 3003 νεκρῶν
2917 2936 3185 3003 σωμάτων
3225 2938 3405 3008 ἡμεῖς,
3434 2938 3468 3009 ἢ
3497 2940 3647 2991 αὐτοὶ

1977 3015 2127 3081 ὄντες
2154 3017 2359 3087 νεκροί.
2387 3018 2652 3073 Τοσοῦτον
2701 3020 2759 3073 δὲ
2800 3022 2993 3091 ἀπέχει
3039 3023 3240 3077 ἁλῶναι
3280 3023 3449 3078 πάθει
3497 3028 3605 3079 τινὶ
3631 3068 3644 3091 ,

1977 3106 2099 3158 ὅσον
2127 3106 2324 3175 χρυσὸς
2351 3106 2691 3178 πυρούμενος
2718 3110 2747 3161 6
2791 3109 3031 3181 καθαρὸς
3075 3111 3141 3164 ἂν
3170 3112 3460 3182 ἀπόσχοιτο
3490 3112 3647 3185 κηλῖ-

1976 3194 2086 3257 δος.
2126 3194 2339 3265 Ὠσπερ
2369 3195 2478 3266 γὰρ
2528 3198 2682 3265 μυῖαι
2734 3198 2812 3260 είς
2852 3198 3026 3268 μέσην
3075 3199 3249 3268 φλόγα
3291 3201 3391 3253 ούκ
3435 3202 3502 3255 ἂν
3549 3204 3645 3273 ἐμ-

1980 3281 2212 3347 πέσοιεν,
2246 3282 2382 3335 άλλά
2414 3282 2729 3353 φεύγουσιν,
2768 3284 2907 3338 οὕτω
2938 3288 3031 3339 καὶ
3062 3285 3129 3340 τά
3160 3287 3306 3359 πάθη
3333 3288 3452 3341 οὐδὲ
3483 3291 3647 3359 ἐγγὺς

1978 3369 2230 3440 γενέσθαι
2255 3371 2444 3425 τούτου
2474 3372 2669 3444 τολμᾷ.
2708 3374 2821 3427 Kal
2857 3373 3062 3428 τούτων
3091 3375 3392 3449 ἐϐουλόμην
3422 3377 3520 3448 μέν
3554 3380 3645 3447 ἀφ’

1978 3460 2136 3530 ἡμῶν
2184 3459 2254 3513 τά
2301 3461 2719 3532 παραδείγματα
2750 3466 3092 3533 παραγαγεῖν
3129 3464 3387 3519 δύνασθαι
3409 3483 3424 3496 ·
3460 3467 3649 3533 ἐπειδὴ

1976 3550 2034 3603 δὲ
2071 3550 2402 3621 ἀποροῦμεν,
2434 3551 2649 3621 ἀνάγκη
2699 3552 2837 3622 πρὸς
2878 3552 3040 3606 αὐτὸν
3070 3553 3259 3606 τοῦτον
3288 3557 3643 3624 καταφυγεῖν.

1980 3639 2123 3709 Ὅρα
2156 3637 2289 3707 γοῦν
2318 3638 2479 3693 αὑτὸν
2514 3640 2649 3709 πρὸς
2680 3641 2860 3693 πάντα
2891 3640 2982 3692 τὸν
3017 3642 3223 3713 κόσμον
3252 3642 3367 3707 πῶς
3391 3643 3642 3698 διέκειτο.

1991 3725 2153 3794 Ἐμοὶ
2203 3726 2431 3795 κόσμος
2477 3726 2861 3795 ἐσταύρωται,
2897 3729 3051 3799 φησὶ,
3100 3731 3262 3801 κάγὼ
3296 3732 3376 3796 τῷ
3420 3733 3643 3803 κόσμῳ·

1977 3814 2246 3879 τουτέστι,
2266 3814 2479 3882 Νεκρός
2511 3816 2624 3884 είμι
2652 3815 2729 3884 τῷ
2764 3816 2973 3885 κόσμῳ.
2998 3818 3249 3880 κάκεῖνος
3278 3818 3403 3888 ἐμοὶ¹
3434 3820 3642 3890 νεκρός.

1979 3903 2087 3954 Καὶ
2115 3902 2296 3955 πάλιν·
2326 3899 2418 3954 Ζῶ
2444 3901 2512 3953 δὲ
2531 3901 2729 3954 οὐκέτι
2761 3902 2895 3971 ἐγὼ,
2928 3902 2995 3971 ζῇ
3017 3903 3086 3955 δὲ
3113 3904 3183 3956 ἐν
3208 3904 3337 3972 ἐμοὶ
3370 3907 3640 3973 Χριστός.

1978 3988 2149 4042 Τοῦτο
2176 3989 2337 4058 μόνου
2364 3987 2577 4041 Παύλου
2614 3987 2790 4057 λέγειν
2819 3991 2986 4054 ἐστὶν,
3022 3990 3179 4061 ἡμῶν
3208 3990 3264 4044 δὲ
3292 3990 3399 4045 τῶν
3434 3994 3645 4047 ἐκείνου

1977 4075 2227 4129 τοσοῦτον
2261 4074 2728 4146 ἀπολειπομένων,
2783 4079 2907 4132 ὅσον
2949 4078 3048 4148 τῆς
3086 4079 3189 4149 γῆς
3217 4082 3245 4133 ὁ
3273 4081 3519 4152 οὐρανὸς,
3550 4084 3643 4150 ἐγο

1978 4164 2369 4231 καλύπτεσθαι,
2418 4166 2493 4230 ώς
2555 4168 2689 4238 μηδέ
2724 4166 2786 4220 τὸ
2821 4166 2996 4237 στόμα
3028 4166 3212 4236 διᾶραι
3253 4169 3479 4241 τολμᾷν.
3524 4170 3643 4223 Ὅτι

1976 4254 2033 4306 δέ
2074 4254 2149 4317 ώς
2186 4255 2244 4307 ἐν
2288 4254 2495 4326 ἐρημία
2532 4250 2634 4325 ἦν,
2682 4256 2773 4307 καὶ
2821 4254 2995 4318 οὕτως
3046 4256 3192 4327 ἐώρα
3245 4258 3313 4311 τά
3364 4258 3642 4330 παρόντα,

1978 4341 2141 4395 ἄκουε
2172 4340 2336 4395 αὑτοῦ
2354 4342 2607 4410 λέγοντος
2626 4359 2640 4374 ·
2664 4342 2761 4411 Μὴ
2793 4345 3187 4398 σκοπούντων
3212 4346 3381 4413 ἡμῶν
3407 4348 3477 4401 τὰ
3495 4350 3644 4411 ,βλε-

1978 4429 2228 4496 πόμενα,
2258 4429 2417 4481 ἀλλὰ
2446 4427 2516 4482 τὰ
2539 4428 2626 4498 μὴ
2648 4430 3022 4499 βλεπόμενα.
3053 4432 3117 4484 Τί
3150 4432 3327 4501 λέγεις
3352 4451 3365 4498 ;
3396 4434 3505 4487 Kal
3538 4435 3644 4507 μὴν

1977 4517 2038 4569 τὸ
2067 4516 2308 4571 ἐναντίον
2337 4510 2398 4569 οῦ
2427 4516 2605 4586 λέγεις
2633 4519 2772 4571 ἐστί·
2800 4520 2868 4572 τά
2917 4521 3014 4590 μὲν
3045 4520 3152 4591 γάρ
3185 4521 3389 4590 ἀόρατα
3421 4525 3481 4575 ού
3524 4524 3645 4592 βλέ-

1982 4623 2176 4677 πομεν,
2207 4606 2278 4659 τά
2318 4605 2373 4659 δὲ
2418 4606 2588 4677 όρατά
2639 4606 2926 4679 βλέπομεν.
2970 4609 3214 4671 ὐποίους
3256 4610 3413 4679 ἔσχες
3447 4611 3645 4679 ὀφθαλ-

1984 4695 2134 4763 μοὺς,
2183 4692 2414 4746 τοιοῦτοί
2458 4695 2594 4747 εἰσιν
2628 4696 2676 4747 οί
2724 4695 2874 4765 παρά
2926 4694 3021 4748 τοῦ
3068 4695 3303 4765 Χριστοῦ
3352 4696 3641 4766 δεδομένοι·

1982 4780 2231 4850 καθάπερ
2274 4779 2382 4850 γὰρ
2429 4774 2572 4833 οὗτοι
2616 4781 2685 4834 τά
2732 4783 2831 4851 μὲν
2868 4780 3117 4851 ὁρώμενα
3148 4779 3333 4849 ὁρῶσι,
3365 4782 3431 4833 τά
3463 4782 3518 4833 δέ
3546 4784 3643 4853 οὐχ

1980 4865 2231 4937 ὁρώμενα
2256 4866 2353 4935 οὐχ
2391 4866 2607 4938 ὁρῶσιν·
2653 4867 2825 4931 οὓτως
2864 4870 3059 4920 ἐκεῖνοι
3089 4868 3399 4920 τούναντίον
3422 4885 3436 4899 ·
3469 4870 3643 4932 οὐδεὶς

1980 4956 2050 5006 τὰ
2074 4956 2277 5023 ἀόρατα
2318 4954 2549 5024 βλέπων,
2581 4954 2649 5008 τά
2674 4955 2844 5026 ὁρατά
2866 4954 3074 5025 βλέπει·
3098 4956 3273 5019 οὐδεὶς
3302 4957 3368 5009 τά
3392 4957 3644 5027 ὁρώμενα

1986 5042 2213 5113 βλέπων,
2270 5042 2339 5095 τὰ
2395 5043 2600 5113 ἀόρατα
2654 5042 2856 5113 βλέπει.
2893 5043 2965 5095 ’Ἦ
3016 5042 3134 5113 οὐχὶ
3192 5043 3285 5095 καὶ
3334 5046 3463 5115 παρ’
3513 5047 3643 5116 ἡμῖν

1983 5131 2141 5185 τοῦτο
2164 5131 2403 5200 γίνεται;
2437 5132 2605 5184 Ὅταν
2632 5132 2741 5201 γάρ
2772 5130 2861 5183 τὸν
2894 5130 3017 5184 νοῦν
3057 5132 3460 5202 συστρέψαντες
3500 5133 3643 5203 λογι-

1984 5218 2205 5289 ζώμεθά
2238 5238 2291 5271 τι
2314 5219 2422 5271 τῶν
2452 5220 2719 5289 ἀοράτων,
2766 5220 3027 5288 μετέωροι
3055 5220 3162 5273 τῶν
3191 5222 3479 5292 ἐνεργειῶν
3510 5224 3643 5291 ἡμῖν

1983 5309 2219 5376 γίνονται
2262 5309 2317 5359 αἱ
2366 5306 2535 5376 ὄψεις.
2587 5307 3099 5378 Καταφρονήσωμεν
3146 5306 3329 5379 δόξης,
3382 5309 3642 5378 γελᾶσθαι

1987 5396 2300 5467 βουλώμεθα
2347 5396 2566 5467 μᾶλλον,
2597 5398 2630 5465 ἢ
2669 5395 3029 5450 ἐπαινεῖσθαι.
3078 5398 3136 5449 'O
3180 5399 3276 5467 μὲν
3325 5400 3432 5467 γὰρ
3476 5398 3643 5464 γελώ-

1989 5502 2167 5555 μενος,
2218 5484 2367 5537 ούδέν
2402 5483 2717 5554 βλάπτεται·
2766 5487 2795 5537 6
2838 5485 2894 5538 δὲ
2931 5485 3357 5556 ἐπαινούμενος,
3409 5486 3638 5554 μεγάλα.

1987 5575 2075 5645 Μὴ
2109 5575 2250 5644 μέγα
2284 5572 2567 5645 φρονῶμεν
2593 5574 2685 5625 ἐπὶ
2706 5577 2817 5635 τοῖς
2838 5574 3128 5642 ἐκφοϐοῦσι
3153 5574 3280 5637 τοὺς
3302 5574 3640 5643 ἀνθρώπους,

1987 5663 2101 5716 ἀλλ’
2127 5662 2199 5724 ὡς
2234 5662 2326 5714 ἐπὶ
2368 5660 2477 5713 τῶν
2508 5662 2711 5714 παίδων
2738 5662 2893 5714 τοῦτο
2923 5663 3275 5732 πράττωμεν·
3312 5662 3431 5715 οὑδέ
3462 5663 3569 5733 γάρ
3594 5665 3644 5715 εἰ

1988 5769 2105 5803 τινα
2137 5750 2339 5820 ἴδοιμεν
2386 5749 2719 5817 ἐκφοϐοῦντα
2768 5749 2951 5803 παιδία
2972 5791 2986 5812 ,
3034 5748 3383 5819 θαυμάζομεν
3413 5749 3601 5802 τοῦτον
3626 5768 3639 5781 ο

1990 5841 2036 5891 εί
2084 5839 2189 5909 γάρ
2242 5854 2325 5901 τις
2375 5838 2549 5906 φοϐεῖ,
2598 5837 2785 5891 παιδία
2835 5838 3023 5904 φοϐεῖ·
3066 5836 3233 5906 ἄνδρα
3287 5837 3393 5906 γὰρ
3446 5837 3544 5889 οὐκ
3578 5836 3643 5888 ἂν

2004 6032 2013 6039 κ
2048 5967 2241 6037 funus,
2264 5967 2421 6028 ἁλοὺς,
2448 5966 2549 6013 ἀλλ’
2593 5965 2774 6018 οὐδενὸς
2808 5964 2998 6011 τούτων.
3073 5960 3091 6000 ῐ
3126 5962 3275 6022 Unus,
3310 5962 3417 6011 οὔτε
3438 5962 3640 6025 ἔντιμον,
