4098 6354
548 340 655 396 365

543 455 759 511 δύναιτο
799 453 1002 523 φοϐεῖν.
1053 451 1163 505 Καὶ
1218 448 1470 517 καθάπερ
1525 449 1572 500 οἰ
1627 444 1986 514 ἐκφοϐοῦντες
2021 444 2055 514 ἢ
2110 444 2207 505 τὰς

546 541 873 613 βλεφαρίδας
900 540 1150 600 ’ἐλκοντες
1177 536 1305 598 ἄνω,
1330 534 1362 605 ἢ
1387 534 1558 595 ἄλλως
1580 532 1640 583 τὸ
1663 530 1951 601 πρόσωπον
1973 529 2210 600 διαστρέ-

546 645 738 696 φοντες
764 625 924 679 τοῦτο
946 623 1191 678 ποιοῦσιν
1211 665 1226 688 ,
1261 621 1491 688 ὑγιεινὸν
1534 617 1592 672 δὲ
1636 618 1850 688 ἔχοντες
1888 619 1980 670 καὶ
2007 618 2210 687 ἥμερον

543 718 604 769 τὸ
641 717 812 786 ὄμμα,
843 714 944 766 οὐκ
987 712 1050 766 ἂν
1093 710 1341 765 δύναιντο
1370 726 1526 760 τουτο
1558 706 1804 776 ποιῆσαι·
1837 703 1982 757 οὕτω
2011 704 2074 774 δὴ
2119 709 2211 757 καὶ

545 799 712 865 οῦτοι,
747 803 808 855 τὸ
832 797 1138 872 διορατικδν
1172 797 1269 866 τῆς
1302 795 1541 857 διανοίας
1581 792 2022 864 διαστρέφοντες,
2059 791 2216 843 τοῦτο

546 889 808 942 ποιοῦσιν.
834 888 997 951 Ὥστε
1024 884 1230 956 ἥμερόν
1255 899 1318 952 γε
1342 881 1626 951 ἄνθρωπον
1654 881 1748 933 καὶ
1781 879 1943 932 καλὸν
1973 880 2040 949 τῇ
2068 877 2212 947 ψυχῇ

546 977 722 1040 οὐδεὶς
753 975 818 1028 ἂν
865 973 1149 1044 φοϐηθείη,
1185 971 1301 1024 ἁλλ’
1329 967 1629 1039 αἰδούμεθα
1662 968 1882 1030 πάντες,
1931 965 2212 1034 τιμῶμεν,

546 1063 935 1135 ἐντρεπόμεθα.
969 1061 1081 1130 Οὐχ
1121 1059 1305 1128 ὁρᾶτε,
1350 1056 1466 1119 πῶς
1507 1058 1536 1109 6
1577 1055 1808 1124 φοϐερὸς
1851 1054 1946 1106 καὶ
1990 1053 2216 1124 μισητός

545 1151 662 1204 ἐστι
694 1150 786 1202 καὶ
813 1151 976 1201 πᾶσιν
1003 1149 1135 1217 ἡμῖν
1163 1144 1434 1207 ἀπευκτός
1460 1161 1475 1210 ;
1504 1142 1569 1196 Τί
1598 1144 1702 1214 γὰρ
1737 1141 1887 1214 [595]
1927 1141 2033 1194 τῶν
2055 1141 2214 1192 δυνα-

550 1237 724 1308 μένων
765 1236 948 1306 φοϐεῖν
987 1236 1144 1305 μόνον
1178 1234 1278 1285 ούκ
1321 1231 1807 1302 άποστρεφόμεθα;
1857 1231 1980 1300 οὐχὶ
2020 1227 2214 1300 θηρία,

547 1326 669 1396 οὐχὶ
703 1324 906 1394 φωνὰς,
931 1324 1051 1393 ούχί
1080 1322 1251 1391 ὄψεις,
1280 1320 1403 1390 ούχί
1429 1319 1650 1385 τόπους,
1683 1319 1804 1388 οὐχ).
1824 1316 1985 1387 ἀέρα,
2022 1310 2132 1368 οἷον
2161 1316 2220 1366 τὸ

554 1416 743 1475 σκότος
769 1430 783 1476 ;

618 1521 681 1568 ε’.
703 1513 794 1584 Μὴ
809 1511 872 1582 δὴ
889 1511 1029 1582 μέγα
1046 1509 1374 1581 νομίζωμεν,
1389 1509 1438 1562 εἰ
1457 1508 1552 1562 ἄνθ
1561 1526 1731 1580 ρωποι
1747 1507 2033 1577 φοϐοῦνται
2050 1506 2215 1576 ἡμᾶς.

549 1605 772 1676 Πρῶτον
819 1603 916 1674 μὲν
950 1602 1059 1670 γὰρ
1093 1601 1267 1662 οὐδεὶς
1304 1600 1450 1670 ἡμᾶς
1479 1599 1768 1669 ἄνθρωπος
1806 1599 2068 1649 πτοεῖται·
2101 1595 2221 1646 δεύ-

548 1709 726 1762 τερον,
755 1691 816 1742 τὸ
843 1690 934 1743 καὶ
964 1687 1330 1757 πτοουμένους
1361 1687 1510 1758 ἡμᾶς
1562 1686 1637 1754 μὴ
1683 1685 1825 1754 μέγα
1867 1683 2025 1736 τοῦτο
2058 1677 2216 1734 εἶναι.

550 1779 710 1848 Μέγα
756 1777 957 1846 ἀγαθὸν
999 1778 1032 1845 ἡ
1064 1776 1256 1846 ἀρετή·
1304 1774 1399 1829 καὶ
1443 1775 1544 1846 δρα
1595 1772 1712 1836 πῶς
1746 1771 1906 1842 μέγα.
1936 1770 2132 1823 Ἀθλια
2157 1770 2223 1821 τὰ

554 1868 858 1938 πράγματα
902 1866 1216 1935 νομίζοντες
1238 1903 1253 1930 ,
1288 1864 1355 1917 δι’
1387 1857 1461 1917 ὧν
1510 1864 1861 1932 συνέστηκεν,
1889 1859 2057 1930 αὐτὴν
2098 1856 2224 1911 θαυ-

553 1953 801 2024 μάζομεν
836 1953 930 2005 καί
971 1951 1371 2022 μακαρίζομεν.
1411 1951 1505 2015 Τίς
1532 1953 1641 2021 γὰρ
1670 1950 1771 2002 οὐκ
1803 1949 1868 2025 ἂν
1901 1945 2223 2017 μακαρίσειε

551 2041 642 2094 τὸν
676 2039 997 2108 φιλόσοφον,
1055 2038 1235 2093 καίτοι
1287 2038 1467 2100 πενία,
1503 2038 1599 2090 καὶ
1642 2037 1743 2090 ὅσα
1788 2033 2030 2098 τοιαῦτα,
2066 2031 2224 2086 ἄθλια

550 2122 691 2180 εἶναι
734 2127 914 2191 δοκεῖ;
949 2127 1118 2178 Ὅταν
1144 2121 1236 2178 οὖν
1270 2123 1361 2179 διὰ
1389 2125 1496 2178 τῶν
1525 2123 1727 2178 ἀθλίων
1755 2118 1895 2176 εἶναι
1925 2121 2226 2175 δοκούντων

551 2214 764 2284 λάμπῃ,
789 2211 891 2284 ὅρα
906 2211 1002 2283 τὴν
1024 2213 1350 2284 ὑπερϐολήν.
1378 2213 1537 2281 Μέγα
1558 2214 1774 2282 φρονεῖς
1803 2209 1896 2264 ἐπὶ
1915 2207 2222 2279 δυναστείᾳ,

555 2302 809 2372 ἄνθρωπε
834 2321 848 2368 ;
883 2303 993 2355 Καὶ
1023 2302 1149 2354 ποία
1175 2301 1486 2364 δυναστεία,
1521 2300 1642 2354 εἰπέ
1667 2315 1778 2369 μοι,
1804 2296 2222 2370 ἐχειροτονήθη;

553 2389 711 2460 Παρὰ
737 2385 1042 2460 ἀνθρώπων
1076 2389 1263 2458 ἐγένου
1293 2387 1521 2450 δυνατός
1545 2405 1558 2418 ·
1595 2386 1805 2440 ἔνδοθεν
1853 2384 2225 2456 χειροτόνησον

555 2481 801 2532 σεαυτόν.
854 2479 1070 2550 Ἀρχων
1103 2479 1212 2548 γὰρ
1251 2478 1349 2548 ούχ
1380 2481 1408 2529 6
1455 2477 1786 2547 καλούμενός
1838 2477 2006 2540 ἐστιν,
2051 2473 2167 2527 ἀλλ’
2198 2474 2226 2524 6

432 2581 440 2588 ’
551 2561 649 2617 ὥν.
679 2564 889 2634 Ὥσπερ
918 2566 1027 2636 γάρ
1068 2563 1248 2635 ἰατρὸν
1277 2564 1378 2617 οὑκ
1425 2562 1491 2617 ἂν
1523 2563 1768 2633 ποιήσειε
1811 2559 2063 2632 βασιλεὺς
2106 2558 2226 2612 οὐδὲ

556 2649 778 2720 ῥήτορα,
808 2648 983 2712 οὕτως
1006 2649 1127 2701 ούδέ
1155 2650 1407 2721 ἄρχοντα·
1439 2649 1502 2701 οὐ
1525 2648 1633 2720 γὰρ
1654 2647 1722 2700 τὰ
1749 2647 2052 2719 γράμματα
2086 2646 2228 2697 ποιεῖ

553 2741 788 2808 ἄρχοντα
810 2779 823 2802 ,
858 2738 978 2791 οὐδὲ
1007 2738 1068 2791 τὸ
1095 2738 1286 2808 δνομα.
1332 2738 1507 2804 Ἐπεὶ,
1543 2738 1592 2790 εἰ
1623 2735 1834 2808 βούλει,
1880 2733 2228 2804 οἰκοδομείτω

552 2844 634 2888 τις
674 2829 927 2897 ἰατρεῖον,
963 2824 1138 2895 ἐχέτω
1183 2824 1280 2878 καὶ
1331 2824 1604 2896 μαθητὰς,
1659 2823 1830 2894 ἐχέτω
1879 2823 1974 2876 καὶ
2021 2821 2228 2892 δργανα

555 2915 648 2965 καὶ
677 2914 964 2984 φάρμακα,
999 2910 1091 2966 καὶ
1138 2910 1325 2965 εἰσίτω
1370 2911 1506 2982 πρὸς
1555 2911 1682 2974 τοὺς
1737 2909 2044 2981 κάμνοντας
2069 2925 2082 2938 ·
2117 2901 2228 2978 ἄρα

552 3006 712 3074 ἀρκεῖ
747 3001 917 3054 ταῦτα
951 2999 1171 3071 ποιῆσαι
1220 2999 1438 3070 ίατρόν;
1486 2998 1750 3068 Οὐδαμῶς
1775 3015 1788 3029 ·
1827 2997 1963 3052 ἀλλὰ
1993 2997 2074 3050 δεῖ
2126 3001 2228 3068 τῆς

554 3091 771 3160 τέχνης,
807 3088 902 3140 καὶ
927 3087 1128 3158 ταύτης
1154 3087 1306 3152 ἄνευ,
1341 3087 1402 3139 οὐ
1438 3087 1597 3156 μόνον
1623 3084 1798 3139 ταῦτα
1820 3086 1973 3138 οὐδὲν
2005 3084 2223 3153 ὠφελεῖ,

555 3178 694 3231 ἀλλὰ
747 3176 842 3229 καὶ
897 3176 1156 3246 βλάπτει·
1185 3175 1277 3228 τὸν
1312 3174 1420 3246 γὰρ
1461 3174 1564 3228 ούκ
1616 3174 1797 3246 ἰατρὸν
1840 3173 2046 3245 βέλτιον
2093 3173 2229 3244 μηδέ

564 3267 697 3336 Ἁχειν
727 3266 1014 3336 φάρμακα.
1059 3265 1118 3318 '0
1161 3265 1259 3336 μὲν
1297 3260 1388 3317 οὖν
1424 3262 1498 3334 μὴ
1531 3262 1668 3333 ἒχων
1722 3261 1846 3316 οὔτε
1900 3260 2061 3326 σώζει
2104 3261 2229 3314 οὔτε

552 3354 867 3407 ἀπόλλυσιν·
901 3355 929 3406 6
975 3353 1031 3406 δέ
1077 3353 1212 3424 ἔχων
1235 3392 1248 3416 ,
1286 3352 1580 3405 ἀπόλλυσιν
1605 3364 1654 3414 ει,
1700 3350 1802 3403 οὐκ
1842 3349 1997 3414 εἰδὼς
2020 3389 2036 3416 ,
2081 3350 2230 3413 ὅπως

553 3445 846 3514 χρήσηται·
879 3443 1066 3508 ἐπειδὴ
1090 3444 1190 3494 οὐκ
1217 3444 1272 3495 ἐν
1302 3444 1367 3512 τῇ
1401 3441 1556 3508 φύσει
1579 3441 1686 3492 τῶν
1729 3441 2038 3510 φαρμάκων
2082 3441 2228 3493 ἐστὶν

555 3532 590 3600 ἡ
625 3531 865 3599 σωτηρία
901 3531 1080 3600 μόνον,
1113 3530 1248 3583 ἀλλὰ
1281 3531 1376 3584 καὶ
1408 3530 1464 3581 ἐν
1496 3531 1562 3600 τῇ
1609 3529 1772 3602 τέχνῃ
1805 3527 1899 3580 τοῦ
1929 3530 2229 3600 προσάγον-

554 3631 664 3676 τος·
691 3615 879 3666 τούτου
908 3615 1017 3685 γὰρ
1053 3614 1128 3685 μὴ
1166 3614 1336 3678 ὄντος,
1366 3614 1547 3666 πάντα
1583 3612 1925 3682 διέφθαρται.
1974 3612 2228 3676 Τοιοῦτος

557 3704 650 3754 καὶ
683 3703 710 3754 6
734 3701 917 3772 ἄρχων
950 3703 1117 3755 ἐστίν·
1152 3702 1264 3772 ἔχει
1296 3701 1526 3772 ὄργανα,
1555 3703 1656 3772 τὴν
1684 3700 1894 3771 φωνὴν,
1917 3703 2008 3754 τὸν
2036 3701 2226 3770 θυμὸν,

554 3793 681 3854 τοὺς
711 3791 955 3862 δημίους,
996 3791 1094 3854 τὰς
1137 3791 1454 3862 ὑπερορίας,
1490 3791 1588 3853 τὰς
1616 3791 1783 3862 τιμάς
1806 3832 1821 3855 ,
1870 3791 1970 3854 τὰς
1999 3790 2224 3860 δωρεὰς,

555 3888 681 3946 τοὺς
707 3883 978 3945 ἐπαίνους·
1016 3881 1131 3952 ἔχει
1163 3885 1256 3934 καὶ
1278 3882 1567 3953 φάρμακα,
1597 3881 1723 3944 τοὺς
1752 3883 1968 3952 νόμους·
1993 3881 2106 3950 ἔχει
2133 3883 2227 3933 καὶ

556 3973 881 4042 κάμνοντας,
927 3972 1052 4034 τοὺς
1087 3968 1405 4039 ἀνθρώπους
1431 3987 1446 4001 ·
1479 3969 1589 4040 ἔχει
1625 3969 2006 4042 ἐργαστήριον,
2051 3968 2115 4021 τὸ
2151 3969 2226 4021 δι·-

556 4058 870 4127 καστήριον·
903 4056 1015 4126 ἔχει
1051 4056 1318 4126 μαθητὰς,
1353 4056 1480 4118 τοὺς
1527 4055 1887 4126 στρατιώτας·
1925 4053 1992 4108 ἂν
2023 4050 2116 4107 οὖν
2146 4054 2222 4124 μὴ

558 4143 670 4213 εἰδῇ
699 4146 798 4213 τὴν
828 4144 1138 4214 ἐπιστήμην
1159 4143 1256 4212 τὴν
1296 4141 1572 4215 ἰατρικὴν,
1604 4141 1756 4195 οὐδὲν
1782 4141 1984 4195 τούτων
2015 4141 2222 4210 ὄφελος.

569 4231 628 4282 Ὁ
659 4227 920 4301 δικαστὴς
950 4231 1131 4300 ἰατρὸς
1169 4231 1359 4300 ψυχῶν
1401 4232 1573 4294 ἐστιν,
1609 4231 1731 4300 ούχὶ
1765 4229 2057 4299 σωμάτων·
2088 4231 2135 4281 εἰ
2170 4228 2225 4280 δὲ

558 4315 695 4385 α’ύτη
734 4319 765 4386 ή
812 4317 1076 4386 σωμάτων
1110 4316 1377 4388 τοσαύτης
1425 4317 1595 4371 δεῖται
1650 4316 1965 4386 ἐπιμελείας
1990 4357 2004 4381 ,
2049 4316 2228 4385 πολλῷ

563 4405 760 4476 μᾶλλον
788 4405 932 4474 ὴτῇς
973 4404 1170 4474 ψυχῆς,
1201 4404 1388 4474 ἐπειδὴ
1419 4405 1513 4458 καὶ
1541 4402 1738 4474 μείζων
1759 4403 1906 4474 ψυχὴ
1942 4406 2224 4474 σωμάτων.

559 4496 672 4547 υύκ
700 4492 806 4562 ἄρα
835 4492 894 4544 τὸ
921 4492 1090 4561 διομα
1119 4491 1261 4561 ἐχειν
1299 4493 1556 4562 ἄρχοντος
1587 4491 1824 4562 ἄρχοντά
1868 4493 2017 4545 ἐστιν
2055 4487 2221 4546 εἶναι·

558 4581 678 4633 ἐπεὶ
705 4581 798 4632 καί⁹
821 4579 966 4632 ἄλλοι
1000 4579 1290 4633 καλοῦνται
1325 4579 1535 4649 μεγάλα
1559 4580 1818 4650 ὀνόματα·
1851 4574 1962 4632 οἷον
1993 4580 2224 4644 Παῦλος,

554 4669 784 4738 Πέτρος,
822 4667 1099 4732 Ἰάκωϐος,
1145 4668 1398 4738 Ἰωάννης
1423 4686 1437 4697 ·
1465 4667 1579 4720 ἀλλ’
1615 4669 1712 4720 οὐκ
1759 4668 1866 4720 ἀπὸ
1903 4668 2009 4721 τῶν
2039 4669 2228 4738 ὀνομά-

554 4770 662 4806 των
716 4755 851 4806 εἰοίν
906 4753 1049 4822 ἅπερ
1103 4752 1435 4816 καλοῦνται,
1486 4753 1735 4824 καθάπερ
1776 4753 1896 4806 οὐδὲ
1945 4753 2073 4822 ἐγώ·
2109 4753 2224 4808 ἀλλ’

557 4842 674 4910 εἰμὶ
698 4841 790 4893 τοῦ
825 4841 1095 4911 μακαρίου
1135 4841 1231 4912 μὲν
1262 4841 1471 4894 ἐκείνου
1504 4841 1824 4912 ὁμώνυμος,
1859 4842 1920 4895 ού
1969 4843 2074 4912 μὴν
2103 4859 2224 4894 συν-

555 4929 784 4998 ώνυμος·
823 4930 921 4981 οὐκ
963 4932 1080 4998 εἰμί
1118 4930 1392 4999 Ἰωάννης,
1425 4930 1559 4984 ἀλλά
1596 4929 1889 4999 καλοῦμαι.
1927 4928 2082 4983 Οὕτω
2125 4930 2225 4981 κά-

557 5021 725 5071 κεῖνοι
761 5019 858 5070 οὐκ
911 5020 1050 5072 εἰσὶν
1100 5019 1399 5090 ἄρχοντες,
1461 5019 1596 5072 ἀλλὰ
1641 5017 1952 5071 καλοῦνται.
2005 5018 2125 5069 Εἰσί
2169 5018 2222 5069 δὲ

555 5105 750 5156 ἐκεῖνοι
776 5108 1030 5174 ἄρχοντες
1062 5109 1154 5160 καὶ
1179 5109 1346 5178 χωρὶς
1369 5110 1592 5167 τούτων.
1615 5105 1802 5176 ὥσπερ
1836 5105 1929 5158 καὶ
1958 5105 2137 5174 ἰατρὸς
2175 5104 2218 5169 δ’

557 5189 658 5242 κᾶν
694 5191 766 5260 μὴ
799 5193 990 5262 χρῆται
1020 5196 1083 5264 τῇ
1113 5196 1408 5265 ἐπιστήμῃ,
1437 5193 1537 5265 ἔχῃ
1567 5193 1622 5246 δὲ
1657 5193 1826 5263 αὐτὴν
1855 5194 1912 5244 ἐν
1944 5194 2010 5262 τῇ
2039 5191 2218 5260 ψυχῇ,

559 5279 739 5348 ἰατρός
772 5295 936 5333 εστιν.
972 5283 1121 5335 Εἰσὶν
1168 5283 1424 5351 ἄρχοντες
1479 5281 1688 5334 ἑαυτῶν
1747 5281 2024 5350 ἄρχοντες.
2084 5279 2222 5350 Τρία

555 5367 663 5437 γὰρ
691 5366 861 5422 ταῦτα
886 5371 1000 5422 ἐστι
1031 5370 1196 5440 ψυχῇ,
1236 5371 1402 5436 οἰκία,
1437 5370 1612 5437 πόλις,
1647 5369 1962 5440 οἰκουμένη·
1997 5369 2090 5423 καὶ
2119 5368 2220 5438 ὁδῷ

617 5520 805 5597 "Minoa
837 5524 962 5597 έχων
1004 5525 1279 5587 ἀπόλλυσιν,
1325 5525 1504 5577 desunt
1547 5528 1597 5576 in
1625 5541 1737 5577 uno.
1790 5525 1820 5568 ι»
1852 5527 1972 5588 Alii,
2017 5529 2214 5576 τούτων.

557 5584 652 5633 Καὶ
674 5587 763 5649 γὰρ
785 5588 812 5634 ὁ
837 5584 1009 5650 ἱατρός.

1332 333 1388 388 S.
1423 330 1712 387 JOANNIS
1750 324 2244 384 σιιιιϊδυδτυλιῐ
2271 324 2594 384 ARCHIEP.
2631 324 3181 382 CONSTANTINOP.
3831 323 3907 380 535

2318 443 2384 496 τὰ
2407 443 2704 514 πράγματα
2735 442 3034 514 προϐαίνει.
3083 443 3174 493 Δεῖ
3212 439 3388 492 τοίνυν
3429 437 3522 492 τὸν
3567 436 3799 508 μέλλοντα
3821 441 3909 493 ἐτι-

2319 530 2605 600 στήσεσθαι
2629 531 2823 594 οἰκίας,
2875 533 2970 583 καὶ
2999 529 3178 591 καλῶς
3218 527 3387 597 αὐτὴν
3429 526 3798 596 οἰκοδομήσειν,
3821 533 3910 598 πρί-

2316 636 2468 690 τερον
2493 619 2588 689 τὴν
2619 620 2797 689 ψυχὴν
2823 621 2920 690 τὴν
2954 617 3148 672 ἐαυτοῦ
3180 616 3481 687 ῥυθμίζειν·
3509 615 3651 670 οἰκία
3677 615 3773 687 γὰρ
3790 618 3910 671 αὑτοῦ

2318 709 2483 759 ἐστιν·
2509 709 2558 758 εἰ
2583 707 2638 759 δὲ
2663 706 2760 778 τὴν
2788 707 2980 760 ἐαυτοῦ
3014 707 3090 777 μὴ
3117 705 3350 768 δύναιτο,
3382 704 3509 758 ἔνθα
3541 703 3635 774 μία
3655 703 3802 774 ψυχὴ,
3822 703 3912 759 ἔνθα

2320 794 2502 864 κύριος
2530 795 2714 860 αὐτὸς,
2746 794 2872 847 ἔνθα
2903 795 2989 847 ἀεὶ
3023 793 3270 847 σύνεστιν
3309 793 3509 863 ἐαυτῷ,
3555 792 3668 856 πῶς
3707 794 3813 856 τοὺς
3846 792 3912 845 ἄλ-

2317 880 2438 946 λους
2489 883 2866 954 οἰκοδομήσει;
2927 881 3079 956 [596]
3139 883 3198 934 Ὀ
3257 881 3354 952 τὴν
3405 880 3584 952 ψυχὴν
3637 880 3728 952 τὴν
3772 881 3914 934 ἑαυτοῦ

2322 970 2583 1040 ρυθμίσαι
2623 971 2951 1042 δυνάμενος,
2991 971 3085 1024 καὶ
3124 969 3185 1022 τὸ
3239 970 3339 1040 μέν
3389 967 3560 1022 ποιῶν
3587 966 3784 1039 ἄρχειν,
3808 966 3914 1019 τί)δέ

2321 1056 2600 1125 ἄρχεσθαι,
2636 1051 2791 1122 οὗτος
2825 1058 2917 1111 καὶ
2945 1058 3121 1111 οἰκίαν
3147 1057 3450 1128 δυνήσεται·
3485 1056 3516 1108 6
3547 1054 3604 1107 δὲ
3645 1053 3815 1115 οἰκίαν,
3850 1056 3916 1108 καὶ

2322 1145 2497 1197 πόλιν·
2526 1149 2555 1199 6
2586 1147 2640 1199 δὲ
2669 1147 2843 1210 πόλιν,
2888 1146 2985 1200 καὶ
3013 1146 3360 1215 οἰκουμένην.
3393 1145 3456 1196 Εἰ
3499 1143 3557 1196 δέ
3584 1142 3747 1212 ψυχὴν
3770 1141 3850 1193 οὐκ
3873 1141 3917 1193 ἂν

2322 1233 2556 1296 δύναιτο,
2607 1235 2723 1297 πῶς
2751 1233 3077 1304 οἰκουμένην
3109 1232 3436 1304 δυνήσεται;
3482 1229 3666 1284 Ταῦτά
3704 1245 3781 1299 μοι
3812 1227 3917 1299 εἴρη-

2323 1339 2430 1384 ται,
2469 1323 2556 1375 ἵνα
2585 1321 2662 1393 μὴ
2688 1317 2836 1394 ὦμεν
2870 1322 3202 1392 ἐπτοημένοι
3236 1321 3372 1390 πρὸς
3399 1318 3598 1392 ἀρχὰς,
3625 1320 3707 1372 ἵνα
3725 1317 3917 1386 εἰδῶμεν,

2324 1410 2376 1462 τί
2416 1412 2545 1464 ποτέ
2586 1413 2733 1464 ἐστιν
2775 1411 2940 1481 ἀρχή·
2986 1409 3146 1463 τοῦτο
3185 1409 3295 1480 γὰρ
3327 1410 3430 1463 οὐκ
3456 1407 3619 1479 ἀρχὴ,
3653 1406 3775 1460 ἀλλὰ
3800 1406 3920 1458 κατὰ·

2325 1499 2498 1566 γελως
2541 1500 2636 1553 καὶ
2675 1498 2909 1565 δουλεία,
2944 1497 3040 1551 καὶ
3072 1499 3243 1570 μυρία
3271 1497 3436 1568 ἕτερα
3468 1499 3542 1552 ἄν’
3573 1513 3658 1559 τις
3684 1495 3919 1549 καλέσειεν.

2327 1588 2461 1641 Εἰπέ
2501 1605 2612 1658 μοι,
2639 1589 2691 1640 τί
2717 1590 2862 1640 ἐστιν
2885 1587 3141 1658 ἄρχοντος
3168 1586 3327 1652 ίδιον;
3359 1582 3469 1655 ἆρα
3499 1585 3620 1655 οὐχὶ
3645 1584 3734 1637 τὸε
3753 1582 3922 1651 ὠφελεῖν

2325 1677 2452 1740 τοὺς
2499 1676 2830 1748 ἀρχομένους
2878 1678 2972 1730 καὶ
3002 1677 3345 1746 εύεργετεῖν;
3394 1675 3460 1727 Τί
3487 1670 3602 1740 οὖν,
3629 1673 3690 1728 ἂν
3714 1673 3842 1726 τοῦτο
3871 1671 3921 1741 μὴ

2328 1763 2589 1834 γένηται;
2621 1763 2741 1826 πῶς
2772 1763 2993 1835 ἐτέρους
3011 1763 3280 1834 ὠφελήσει
3307 1765 3336 1816 6
3365 1763 3556 1816 ἐαυτὸν
3578 1762 3652 1833 μὴ
3674 1760 3921 1829 ὠφελήσας

2327 1854 2356 1904 6
2388 1852 2586 1923 μυρίας
2613 1852 2752 1923 ἔχων
2779 1852 3100 1923 τυραννίδας
3129 1854 3187 1905 ἐν
3215 1856 3280 1923 τῇ
3309 1850 3456 1922 ψυχῇ
3485 1853 3594 1902 τῶν
3639 1848 3819 1911 παθῶν,
3842 1849 3921 1910 πῶς

2327 1944 2426 2007 τὰς
2458 1943 2660 2016 ἐτέρων
2700 1943 2960 2014 ὲκκόψει;
3008 1943 3164 1997 Οὕτω
3199 1944 3295 1997 καὶ
3335 1943 3550 2014 τρυφή·
3592 1942 3687 2010 οὐχ
3709 1940 3824 2008 αὕτη
3843 1941 3923 1990 ἐστὶ

2330 2033 2532 2103 τρυφὴ,
2566 2032 2683 2085 ἀλλ’
2715 2032 2897 2102 ἑτέρα.
2930 2033 3143 2102 Ὥσπερ
3182 2030 3290 2100 γὰρ
3323 2030 3508 2100 ἄρχων
3535 2028 3733 2099 ἐδείχθη
3767 2022 3921 2097 06103-

2329 2137 2443 2183 τος,
2468 2121 2582 2174 ἀλλ’
2610 2120 2813 2192 ἔτερος·
2847 2119 2990 2173 οὓτω
3027 2120 3120 2173 καὶ
3155 2121 3184 2172 6
3213 2119 3432 2188 τρυφῶν
3459 2118 3642 2188 ἕτερός
3671 2119 3791 2169 ἐστι.
3815 2117 3924 2167 Δοκεῖ

2334 2209 2432 2278 μὲν
2487 2209 2592 2278 γάρ
2644 2205 2782 2262 εἶναι
2831 2207 3034 2278 τρυφὴ,
3089 2205 3148 2258 τὸ
3197 2206 3295 2275 τῆς
3343 2205 3538 2276 ἡδονῆς
3580 2203 3838 2258 ἀπολαύειν
3859 2203 3923 2253 ναὶ

2331 2295 2740 2366 γαστρίζεσθαι·
2781 2297 2882 2350 ούκ
2932 2294 3046 2347 ἐστι
3094 2292 3150 2345 δέ
3182 2291 3356 2358 τοῦτο,
3392 2293 3531 2346 ἀλλὰ
3573 2291 3924 2355 τούναντίον,τὸ

2330 2381 2507 2454 ψυχὴν
2538 2383 2681 2453 ἔχειν
2710 2384 3031 2457 θαυμαστὴν
3063 2379 3158 2436 καὶ
3189 2387 3245 2439 ἐν
3277 2386 3438 2456 ἡδονῇ
3484 2380 3640 2437 εἰναι.
3675 2382 3830 2433 Ἔστω
3849 2379 3922 2446 γάρ

2330 2488 2412 2534 τις
2441 2471 2656 2537 ἐσθίων,
2709 2475 2900 2537 πίνων,
2938 2477 3260 2542 σπαταλῶν,
3301 2476 3494 2529 ἔπειτα
3543 2470 3837 2543 φροντιζέτω
3860 2468 3922 2520 καὶ

2331 2558 2626 2630 ἀθυμείτω·
2666 2561 2740 2632 μὴ
2775 2562 2995 2616 δύναται
3023 2559 3175 2627 οὗτος
3206 2560 3348 2618 εἶναι
3375 2565 3434 2616 ἐν
3465 2563 3678 2633 τρυφῇ;
3725 2559 3821 2610 Οὐκ
3851 2555 3925 2624 ἆΡ³

2330 2649 2392 2703 τὸ
2413 2651 2611 2706 ἐσθίειν
2648 2655 2741 2707 καὶ
2771 2656 2947 2708 πίνειν
2995 2654 3194 2726 τρυφὴ,
3239 2653 3376 2708 ἀλλά
3417 2653 3481 2706 τὸ
3527 2654 3581 2705 ἐν
3632 2650 3776 2720 ἡδονῇ
3810 2641 3921 2698 εἰναι.

2337 2739 2516 2793 Ἔστω
2549 2757 2632 2804 τις
2685 2741 2847 2812 ξηρὸν
2899 2742 3189 2813 λαμϐάνων
3245 2741 3430 2813 ἄρτον,
3489 2741 3584 2794 καὶ⁵
3632 2731 3925 2806 ἐμπιπλὰσθω

2337 2828 2452 2896 μετ’
2477 2828 2833 2899 εὐφροσύνης·
2871 2824 2980 2900 ἆρα
3011 2830 3168 2884 τοῦτο
3201 2831 3394 2900 ήδονής
3441 2827 3644 2882 Οὐκοῦν
3667 2827 3752 2880 καὶ
3775 2823 3922 2894 τρυφή.

2338 2915 2564 2985 Ἰδωμεν
2607 2911 2720 2978 οὖν,
2747 2917 2852 2970 τίνι
2885 2917 3243 2987 παραγίνεται
3277 2917 3438 2986 αῦτη,
3468 2921 3578 2980 τοῖς
3604 2911 3876 2967 πλουτοῦσιν
3900 2907 3922 2976 ἢ

2331 3004 2444 3064 τοῖς
2469 3001 2542 3072 μὴ
2579 3003 2930 3068 πλουτοῦσινς
2957 3002 3094 3058 Οὔτε
3123 3005 3333 3066 τούτοις
3365 3003 3573 3066 ἁπλῶς,
3596 3000 3710 3055 οὔτε
3735 2997 3922 3056 ἐκείνοις,

2334 3087 2468 3141 ἀλλὰ
2496 3091 2606 3152 τοῖς
2638 3088 2780 3143 οὕτω
2813 3089 3280 3153 κατασκευάζουσι
3307 3090 3405 3158 τὴν
3433 3089 3609 3159 ψυχὴν
3635 3087 3726 3156 τὴν
3753 3083 3921 3141 ἑαυτῶν,

2333 3176 2473 3230 ὥστε
2507 3177 2581 3247 μὴ
2622 3177 2821 3242 πολλὰς
2878 3178 3023 3249 ἔχειν
3072 3176 3318 3248 ἀθυμιῶν
3347 3177 3651 3238 ὑποθέσεις.
3686 3174 3782 3228 Καὶ
3819 3168 3923 3229 ποῖός

2334 3267 2481 3318 ἐστιν
2506 3261 2660 3328 οὗτος
2694 3266 2722 3318 6
2757 3265 2896 3336 βίος;
2934 3268 3064 3329 ἴσως
3098 3267 3211 3336 ἐρεῖ
3242 3283 3324 3328 τις
3351 3263 3397 3303 ἀ·
3431 3264 3544 3335 ὁρῶ
3571 3263 3674 3333 γὰρ
3695 3259 3923 3330 κεχηνότας

2336 3356 2581 3416 ἅπαντας
2608 3356 2702 3408 καὶ
2731 3354 3084 3425 βουλομένους
3131 3353 3380 3418 ἀκοῦσαι,
3416 3354 3503 3414 τίς
3533 3354 3676 3405 ἐστιν
3704 3352 3729 3402 6
3757 3349 3846 3419 βίος
3863 3336 3923 3397 οὗ·

2333 3459 2422 3505 τος
2445 3445 2473 3495 6
2502 3441 2575 3512 μὴ
2603 3441 2740 3511 ἔχων
2767 3442 3026 3512 ἀθυμίας.
3053 3441 3262 3494 Οὐκοῦν
3295 3441 3659 3512 ὁμολογεῖσθω
3682 3440 3791 3507 παρ’
3815 3433 3923 3503 ὑμῶν

2335 3530 2567 3602 πρῶτον,
2598 3532 2679 3583 ὅτι
2709 3529 2865 3583 τοῦτο
2903 3531 3085 3601 ἡδονὴ,
3119 3529 3274 3583 τοῦτο
3298 3529 3500 3601 τρυφὴ,
3531 3530 3652 3584 ὅταν
3676 3525 3847 3593 ἀθυμία
3872 3520 3921 3588 μὴ

2335 3619 2546 3690 ἐνοχλῇ,
2579 3619 2673 3672 καὶ
2707 3619 2779 3690 μὴ
2823 3619 3026 3689 ἀπαιτῇ
3064 3619 3190 3689 παρ’
3224 3617 3357 3687 ἐμοῦ
3405 3618 3546 3688 κρέα
3592 3618 3680 3670 καὶ
3709 3610 3824 3666 οἶνον
3860 3607 3922 3660 καὶ

2336 3707 2579 3776 καρυκεύ
2589 3724 2733 3777 ματα
2764 3707 2861 3760 καὶ
2896 3707 3086 3777 ἱμάτια
3114 3705 3314 3776 σηρικὰ
3345 3706 3441 3758 καὶ
3470 3705 3664 3775 πλῆθος
3693 3695 3919 3772 τραπέζης·

2333 3795 2458 3848 Αλλ’
2516 3795 2582 3849 ἂν
2635 3793 2797 3860 δείξω
2843 3795 3052 3848 τούτων
3102 3795 3273 3865 χωρὶς
3323 3795 3567 3866 παρόντα
3604 3793 3690 3844 τὸν
3731 3788 3822 3859 βίον
3857 3781 3918 3833 τὸν

2334 3881 2595 3947 τοιοῦτον,
2623 3883 2827 3953 ταύτην
2855 3883 2951 3954 τὴν
2981 3882 3172 3953 ἡδονὴν
3198 3883 3507 3951 ἀγάπησον,
3528 3881 3703 3934 τοῦτον
3732 3876 3805 3930 τὸν
3825 3871 3916 3941 βίον·

2335 3972 2404 4025 τὰ
2433 3972 2542 4042 γὰρ
2578 3971 2749 4024 πολλὰ
2785 3974 2847 4024 ἐκ
2877 3970 2968 4024 τοῦ
3010 3972 3083 4042 μὴ
3119 3969 3425 4039 λογίζεσθαι
3457 3969 3675 4030 δεόντως
3701 3961 3918 4033 παραγίνε·

2333 4077 2423 4113 ται
2449 4062 2579 4130 ἡμῖν
2611 4060 2718 4112 τῶν
2743 4058 3019 4130 λυπηρῶν.
3049 4058 3144 4122 Τίς
3184 4055 3278 4111 οὖν
3309 4057 3529 4111 πλείονα
3552 4043 3916 4126 mmmam

2339 4147 2562 4220 μηδενὸς
2596 4148 2772 4201 αὐτῶν
2803 4147 3127 4218 φροντίζων,
3159 4146 3190 4216 ἢ
3221 4149 3249 4200 6
3285 4145 3620 4219 φροντίζωνς
3670 4145 3696 4196 6
3723 4138 3915 4210 φοϐούμε-

2335 4252 2422 4298 νος
2451 4234 2549 4298 τὰς
2585 4235 2902 4304 μεταϐολὰς,
2929 4235 2962 4304 ἢ
2995 4237 3023 4287 6
3055 4235 3128 4304 μὴ
3171 4233 3536 4304 φοϐούμενος;
3585 4235 3612 4284 6
3671 4225 3913 4300 βασκανίαν,

2334 4326 2360 4376 6
2393 4321 2602 4390 φθόνον,
2633 4324 2661 4375 6
2701 4322 3083 4390 συκοφαντίας,
3129 4323 3157 4372 6
3191 4321 3502 4386 ἐπιϐουλὰς,
3546 4321 3575 4374 6
3609 4317 3842 4373 ἀπώλειαν
3861 4309 3917 4360 δε·

2333 4411 2545 4477 δοικὼς,
2575 4412 2607 4482 ἢ
2634 4414 2661 4464 6
2692 4411 2896 4464 τούτων
2923 4410 3112 4476 ἐκτός;
3139 4411 3167 4462 6
3195 4410 3454 4463 πλειόνων
3483 4410 3734 4480 δεόμενος,
3759 4403 3786 4474 ἢ
3808 4403 3914 4468 ὁμη-

2332 4501 2508 4563 δενός;
2537 4502 2564 4552 6
2595 4499 2807 4571 μυρίοις
2828 4498 3115 4564 δουλεύων,
3146 4499 3179 4568 ἢ
3212 4500 3240 4551 ὀ
3271 4498 3495 4569 μηδενί;
3524 4501 3552 4550 6
3582 4494 3765 4567 μυρίων
3781 4487 3916 4559 χρείαν

2334 4587 2491 4658 ἔχων,
2524 4588 2557 4657 ἢ
2591 4590 2618 4640 6
2646 4587 2959 4657 ἐλεύθερος;
2997 4587 3026 4639 6
3063 4586 3157 4638 ἕνα
3182 4587 3445 4656 δεσπότην
3480 4582 3732 4646 δεδοικὼς,
3755 4579 3779 4647 ἦ
3800 4578 3822 4628 6
3846 4591 3914 4643 μυ·

2335 4677 2515 4748 ρίους;
2547 4674 2756 4728 Οὐκοῦν
2787 4674 2986 4745 μείζων
3020 4676 3054 4745 ἡ
3087 4673 3250 4745 ἡδονὴ
3279 4673 3526 4727 ἐνταῦθα.
3575 4671 3765 4737 Ταύτην
3787 4663 3914 4716 τοίνυν

2331 4763 2634 4832 διώκωμεν,
2668 4767 2761 4816 καὶ
2801 4763 2876 4833 μὴ
2915 4761 3140 4833 περὶτὰ
3170 4762 3411 4832 παρόντα
3455 4756 3601 4832 ὦμεν
3637 4753 3910 4833 ἐπτοημένοις

2332 4848 2466 4900 ἀλλὰ
2497 4847 2888 4917 καταγελῶμεν
2924 4850 3102 4920 πάσης
3134 4846 3233 4915 τῆς
3275 4844 3367 4898 τοῦ
3404 4845 3520 4915 βίου
3548 4838 3823 4913 φαντασίας.
3848 4828 3912 4881 καὶ

2332 4935 2604 5004 πανταχοῦ
2634 4934 2733 5003 τῆς
2765 4934 3105 5004 συμμετρίας
3131 4927 3303 5004 ὦμεν,
3329 4934 3414 4986 ἵνα
3451 4931 3742 5002 δυνηθῶμεν
3763 4923 3910 4977 ἄλυπον

2329 5025 2420 5076 τὸν
2474 5023 2586 5092 βίον
2638 5022 2824 5075 τοῦτον
2882 5021 3196 5090 διαγαγεῖν,
3267 5023 3358 5074 καί¹
3403 5021 3510 5074 τῶν
3567 5008 3910 5087 ἐπηγγελμένων

2331 5111 2546 5179 ἀγαθῶν
2579 5113 2877 5180 ἐπιτυχεῖν,
2907 5109 3091 5180 χάριτι
3121 5110 3216 5162 καὶ
3249 5108 3616 5179 φιλανθρωπίᾳ
3645 5101 3727 5156 τοῦ
3758 5093 3908 5164 Κυρίου

2328 5199 2485 5268 ἡμῶν
2527 5199 2698 5268 Ἰησοῦ
2744 5197 3011 5270 Χριστοῦ,
3049 5197 3166 5267 μεθ’
3207 5191 3266 5250 οῦ
3294 5197 3369 5267 τῷ
3399 5197 3568 5262 Ila-:9).
3599 5193 3704 5263 ἅμα
3725 5185 3789 5254 τῷ
3811 5180 3908 5270 Mf"?

2332 5285 2606 5355 Πνεύματι
2638 5284 2785 5348 δόξαν
2819 5285 3040 5354 κράτος,
3069 5285 3224 5356 τιμὴ,
3251 5283 3345 5337 νῦν
3379 5284 3470 5337 καὶ
3503 5282 3604 5344 ἀεὶ,
3635 5276 3717 5332 καὶ
3738 5273 3801 5334 εἰς
3819 5266 3906 5321 τθπ

2329 5373 2526 5436 αἰῶνας
2555 5372 2664 5424 τῶν
2700 5371 2930 5425 αἰώνων.
2980 5372 3173 5443 Ἀμήν.

2392 5532 2413 5560 °
2442 5529 2583 5584 Illud,
2627 5531 2719 5592 ἄρα
2757 5530 2860 5591 οὐχὶ
2883 5528 2977 5592 λτό,
3009 5530 3151 5579 deest
3184 5531 3233 5579 in
3258 5529 3559 5592 quibusdam.
3624 5525 3648 5563 ά
3679 5516 3799 5573 Illud.
3820 5510 3904 5559 ῐσωὶ

2331 5593 2422 5654 ἐρεῖ
2445 5609 2531 5650 τις,
2554 5589 2703 5640 ἀθεεὶ
2721 5592 2769 5638 in
2795 5589 3101 5652 (jiaibusdam.
