3948 6488
210 419 296 479 565

209 545 353 588 [titulis
376 569 386 584 .
413 537 720 580 reveremur.
753 520 940 573 Annon
965 515 1155 571 videtis
1174 557 1189 580 ,
1217 514 1487 585 quomodo
1514 514 1596 582 is,
1627 512 1718 582 qui

206 619 419 677 terribilis
444 623 537 677 est,
567 613 816 666 ottinihus
846 611 916 664 sit
943 609 1146 662 invisus
1188 617 1244 661 et
1288 603 1676 660 abominandus
1699 608 1723 656 ’ξ

205 712 313 782 Quid
341 709 462 762 enim
488 722 546 758 ex
575 704 672 768 iis,
709 718 828 773 quae
860 709 1064 755 terrere
1091 707 1311 769 possunt
1329 740 1344 760 ,
1367 712 1474 752 non
1502 709 1722 751 aversa-

204 801 336 858 mur?
363 812 520 852 nonne
550 792 704 857 l'eras,
738 807 915 848 nonne
944 791 1146 856 vultus,
1171 804 1349 845 nonne
1377 790 1516 851 loca,
1545 800 1724 841 nonne

200 910 367 952 aerem,
387 889 558 959 quales
586 886 816 941 tenebrae
837 885 859 938 ?

261 988 306 1039 5.
335 982 438 1036 Non
454 980 510 1033 ab
527 981 813 1033 houu'm'bus
837 978 1002 1032 timeri
1025 977 1323 1047 optandum.
1355 976 1613 1042 Quantum
1639 975 1725 1028 bo—

201 1094 299 1133 num
328 1077 382 1129 sit
409 1075 572 1128 virtus.
594 1071 753 1126 —Ne
775 1072 933 1139 igitur
956 1083 1208 1139 magnum
1240 1077 1484 1137 putemus
1511 1081 1651 1132 esse,
1679 1066 1722 1119 si

201 1167 407 1224 homines
425 1180 511 1219 nos
535 1164 773 1217 timeant.
797 1162 1032 1216 Primum
1057 1161 1200 1215 enim
1225 1161 1400 1213 nullus
1421 1174 1544 1213 vere
1566 1157 1726 1212 homo

197 1277 276 1317 nos
301 1260 439 1313 timet
469 1273 479 1308 :
509 1255 821 1317 secundum,
851 1270 956 1308 non
983 1269 1232 1324 magnum
1259 1262 1342 1306 est
1379 1251 1573 1306 timeri.
1613 1249 1724 1304 Ma-

197 1370 327 1423 gnum
356 1351 535 1404 bonum
569 1349 736 1401 virtus
763 1358 882 1401 est:
914 1356 968 1401 et
993 1346 1113 1400 vide
1145 1345 1416 1415 quomodo
1455 1359 1723 1410 magnum.

198 1445 286 1497 Etsi
314 1458 389 1495 res
416 1441 547 1504 illas,
567 1440 758 1507 quibus
786 1448 1029 1504 constat,
1062 1438 1286 1491 miseras
1325 1438 1687 1490 exisrimemus
1709 1475 1725 1500 ,

200 1531 311 1587 illam
340 1540 519 1586 tamem
542 1529 840 1583 mirabilem
859 1529 1172 1596 beatamque
1193 1525 1564 1596 praedicaturus.
1594 1525 1729 1591 Quis

196 1627 310 1681 enim
339 1641 433 1677 non
463 1624 672 1677 beatum
703 1623 956 1691 prmdicet
985 1621 1361 1690 philosophum
1387 1661 1402 1684 ,
1451 1619 1553 1673 etsi
1596 1633 1726 1687 pau-

196 1729 344 1786 pertas
368 1723 414 1767 et
439 1713 629 1767 similia
659 1713 851 1765 misera
893 1693 1024 1766 esse.
1058 1710 1380 1766 videantur?
1423 1707 1554 1763 Cum
1600 1723 1730 1777 ergo

199 1823 272 1875 per
295 1822 369 1873 ea,
390 1821 502 1875 quae
533 1807 725 1858 misera
752 1819 872 1860 esse
894 1805 1170 1870 videntur,
1208 1805 1298 1859 ille
1330 1804 1562 1872 fulgeat,
1610 1801 1730 1856 vide

198 1899 544 1952 excellentiam.
580 1897 759 1950 Altum
787 1897 932 1966 sapis
955 1896 1024 1950 de
1053 1896 1285 1965 potentia
1312 1935 1328 1961 ,
1357 1914 1389 1949 o
1422 1894 1625 1948 homo?
1664 1893 1732 1946 Et

196 2005 291 2058 qua:
317 1988 531 2057 potentia
563 2029 576 2051 ,
607 2002 818 2056 quaeso,
853 1987 1098 2041 ordinata
1136 1988 1256 2041 est?
1303 1988 1385 2042 Ab
1428 1983 1731 2039 hominibtts

199 2091 353 2146 potens
391 2079 553 2131 factus
601 2094 658 2132 es
696 2091 709 2129 :
746 2078 888 2133 intus
933 2078 1121 2132 ordiua
1173 2079 1422 2148 teipsum.
1477 2077 1732 2146 Princeps

197 2173 310 2224 enim
339 2183 430 2234 νει,
461 2153 564 2224 non
594 2171 683 2240 qui
713 2179 952 2234 vomtur,
981 2169 1077 2224 sed
1124 2170 1216 2238 qui
1263 2185 1389 2223 vere
1434 2180 1536 2223 est.
1587 2168 1734 2222 Sicut

199 2263 312 2315 enim
343 2277 424 2314 rex
458 2276 628 2328 neque
659 2260 922 2314 medicum
946 2274 1118 2329 neque
1141 2259 1410 2313 rhetorem
1446 2258 1624 2321 faciet,
1658 2258 1735 2311 sic

200 2370 340 2420 neque
365 2351 651 2420 principem
678 2368 693 2416 ;
725 2367 898 2420 neque
919 2353 1062 2406 enim
1086 2351 1165 2404 vel
1205 2352 1373 2404 literae
1415 2351 1493 2404 vel
1543 2365 1734 2403 nomen

202 2445 452 2512 principem
485 2445 706 2498 faciunt.
736 2444 889 2505 Nam,
919 2444 963 2498 si
995 2444 1094 2506 vis,
1122 2453 1362 2497 exstruat
1401 2444 1520 2513 quis
1565 2442 1737 2496 medi-

201 2537 309 2589 cinae
339 2537 599 2590 ofﬁcinam
620 2577 634 2598 ,
668 2537 861 2591 habeat
887 2536 1048 2592 etiam
1078 2536 1390 2606 discipulos,
1423 2536 1616 2590 habeat
1653 2535 1736 2589 iu-

200 2641 451 2685 sti-amenta
479 2641 532 2685 et
560 2632 845 2700 pharmaca
864 2671 880 2696 ,
910 2640 964 2685 et
997 2631 1192 2685 invisat
1219 2639 1450 2698 aegrotus
1480 2648 1493 2683 :
1522 2646 1590 2683 an
1626 2629 1739 2682 haec

203 2730 388 2790 possunt
420 2721 635 2777 el'licere
681 2723 988 2777 medicum?
1028 2721 1276 2787 Minime;
1319 2723 1414 2777 sed
1457 2731 1574 2776 arte
1607 2735 1742 2790 opus

202 2820 299 2876 est,
325 2824 373 2866 et
395 2814 507 2868 sine
534 2813 623 2866 illa
653 2829 758 2868 non
799 2814 958 2869 modo
987 2814 1118 2867 nihil
1169 2814 1284 2868 hare
1333 2823 1597 2881 prosunt,
1647 2812 1740 2866 sed

204 2906 332 2956 etiam
356 2914 542 2958 nocent
575 2921 592 2959 :
624 2920 744 2961 eum
776 2909 940 2970 enim,
973 2907 1060 2974 qui
1094 2905 1329 2960 medicus
1359 2920 1463 2958 non
1491 2913 1597 2970 est,
1627 2918 1743 2957 nte-

205 2996 284 3047 llllS
302 3006 374 3050 est
399 2998 686 3066 pharmaca
715 3016 818 3053 non
848 2999 1068 3054 habere.
1097 3001 1194 3067 Qui
1229 3016 1332 3053 non
1362 2999 1544 3062 habet,
1572 3012 1744 3068 neque

205 3099 349 3141 servet
386 3106 551 3158 neque
579 3091 753 3160 perdit
783 3109 797 3157 ;
829 3093 918 3161 qui
951 3101 1126 3146 autem
1159 3092 1318 3146 habet
1338 3132 1352 3155 ,
1402 3091 1744 3160 pessumdat,

204 3182 411 3233 nesciens
443 3181 546 3236 illis
611 3184 734 3236 uti:
783 3183 1042 3252 siquidem
1088 3200 1189 3237 non
1239 3185 1289 3236 in
1340 3183 1746 3252 pharmacorum

204 3280 357 3322 natura
387 3281 586 3325 tantum
615 3274 757 3326 salus
779 3285 860 3328 est
887 3314 903 3340 ,
934 3257 1213 3328 sedetiam
1243 3274 1293 3326 in
1340 3281 1455 3327 arte
1499 3273 1696 3327 utentis
1729 3291 1742 3326 :

201 3377 296 3428 qu;e
319 3364 356 3414 si
384 3380 484 3416 non
516 3365 694 3428 adsit,
723 3368 902 3418 munia
933 3375 1178 3435 pereunt.
1211 3365 1356 3420 Talis
1405 3374 1460 3418 et
1500 3365 1748 3433 princeps

203 3464 267 3504 est
295 3471 304 3505 :
335 3453 481 3508 habet
511 3455 890 3520 instrumenta,
923 3472 1132 3521 vocem,
1166 3457 1316 3520 iram,
1350 3455 1582 3519 lictores,
1601 3456 1746 3509 exsi-

203 3542 285 3606 lia,
329 3545 590 3616 ltunores,
637 3548 813 3612 dona,
863 3548 1080 3613 laudes;
1126 3549 1286 3603 habet
1321 3558 1376 3603 et
1423 3549 1745 3618 pharmaca,

204 3636 348 3705 leges;
378 3640 531 3694 habet
562 3657 738 3710 a-gros
759 3685 772 3706 ,
807 3641 1084 3705 homines;
1136 3641 1293 3696 habet
1321 3642 1588 3697 ol'licinam
1609 3682 1623 3707 ,
1653 3642 1748 3695 tri-

201 3726 369 3794 bunal;
403 3731 561 3786 habet
591 3731 903 3801 discipulos,
937 3734 1137 3787 milites
1166 3751 1180 3787 :
1208 3743 1262 3786 at
1282 3733 1326 3785 si
1367 3748 1470 3786 non
1492 3733 1632 3787 adsit
1663 3745 1750 3786 ars

209 3822 385 3876 medica
405 3864 418 3886 ,
448 3826 564 3878 haec
587 3824 721 3878 nihil
764 3825 844 3878 illi
876 3825 1184 3894 proderunt.
1212 3824 1238 3879 .1
1250 3825 1383 3886 udex
1412 3823 1648 3878 medicus
1670 3834 1750 3878 est

202 3915 490 3982 animarum,
521 3933 631 3974 non
658 3933 942 3988 corporum
977 3935 990 3970 :
1019 3919 1063 3972 si
1085 3929 1262 3972 autem
1293 3931 1574 3986 corporum
1602 3917 1750 3971 vale-

205 4008 309 4060 tudo
331 4019 464 4061 tanta
487 4021 610 4078 eget
632 4024 794 4073 cura,
838 4010 1006 4063 multo
1044 4011 1210 4078 magis
1251 4012 1578 4074 animarum,
1627 4010 1748 4079 quia

208 4096 349 4164 major
379 4101 555 4152 anima
586 4114 833 4168 corpore.
861 4100 977 4154 Non
1005 4116 1133 4169 ergo
1157 4115 1350 4164 nomen
1382 4100 1578 4154 habere
1603 4100 1752 4170 prin-

212 4187 334 4254 cipis,
359 4201 436 4245 est
465 4207 592 4247 esse
637 4194 930 4262 principem
968 4211 982 4248 :
1014 4194 1444 4264 quandoquidem
1497 4203 1754 4248 vocantur

212 4285 256 4328 et
275 4279 346 4332 alii
373 4285 578 4353 magnis
606 4284 936 4350 nominibus,
970 4285 1116 4340 verbi
1157 4286 1326 4355 gratia
1365 4284 1597 4351 Paulus,
1648 4285 1750 4340 Pe-

207 4376 318 4430 lrus.
340 4371 586 4441 Jacobus,
614 4374 880 4442 Joannes;
913 4377 1007 4432 sed
1038 4393 1142 4431 non
1165 4392 1226 4431 ex
1249 4376 1551 4432 nominibus
1575 4377 1611 4430 ii
1629 4386 1754 4432 sunt

205 4461 278 4527 qui
308 4477 552 4521 vocantur
588 4485 602 4520 :
638 4477 694 4521 ut
724 4478 778 4522 et
807 4484 904 4537 ego
932 4484 1050 4522 sum
1075 4468 1289 4538 quidem
1315 4468 1454 4523 beati
1479 4468 1620 4523 illius
1655 4468 1754 4524 bo-

203 4566 459 4624 ntonymus
484 4560 599 4613 sive
629 4559 960 4628 cognominis
980 4601 994 4624 ,
1027 4575 1133 4613 non
1161 4571 1338 4614 autem
1380 4574 1708 4631 synonymus
1736 4576 1751 4613 :

204 4657 291 4697 non
317 4660 425 4701 sum
449 4649 709 4714 Joannes,
738 4651 828 4704 sed
856 4666 1032 4705 vocor.
1060 4650 1148 4706 Sic
1174 4662 1225 4706 et
1253 4651 1325 4705 illi
1347 4665 1454 4706 non
1473 4661 1596 4706 sunt
1611 4653 1756 4722 prin-

203 4737 359 4805 cipes,
383 4743 475 4796 sed
509 4753 791 4797 vocantur.
825 4745 959 4798 Sunt
985 4753 1161 4798 autem
1193 4745 1269 4798 illi
1299 4745 1568 4814 principes
1592 4745 1755 4800 etiam

202 4828 300 4884 sine
323 4831 404 4886 his
433 4850 448 4888 :
477 4837 621 4888 sicut
649 4847 701 4890 et
732 4837 969 4891 medicus
994 4837 1118 4891 licet
1141 4845 1255 4891 arte
1283 4851 1378 4891 sua
1405 4853 1511 4893 non
1540 4846 1752 4903 utatur,

201 4919 238 4971 si
262 4919 390 4975 illam
424 4926 475 4978 in
505 4928 682 4980 anitt'ta
718 4927 938 4994 habeat,
970 4927 1210 4990 medicus
1236 4938 1337 4982 est.
1382 4926 1516 4984 Sunt
1560 4929 1757 4998 princi-

205 5023 286 5077 pes
309 5016 381 5066 sui
408 5017 644 5085 ipsorum
675 5019 958 5088 principes.
989 5019 1110 5072 Tria
1138 5020 1280 5072 enim
1315 5021 1427 5074 haec
1471 5030 1590 5073 sunt
1636 5022 1755 5075 ani-

203 5114 313 5164 mae,
339 5104 552 5170 domus,
583 5109 786 5172 civitas,
817 5109 960 5163 orbis
987 5125 1002 5174 ;
1034 5119 1088 5163 et
1114 5110 1196 5162 via
1228 5109 1455 5178 quadam
1501 5125 1588 5164 res
1635 5126 1757 5180 pro-

203 5195 394 5250 cedunt.
424 5199 648 5268 Oportet
679 5202 838 5270 igitur
860 5217 982 5256 eum
1008 5202 1097 5271 qui
1125 5201 1304 5257 domui
1349 5203 1716 5271 praeﬁciendus
1739 5242 1756 5268 ,

202 5295 246 5336 et
271 5287 428 5356 ipsam
461 5302 608 5346 recte
637 5293 991 5347 :ediliatturus
1018 5303 1120 5357 est,
1154 5294 1326 5362 primo
1353 5293 1582 5346 animam
1607 5308 1758 5348 suam

206 5391 508 5449 eompunere
541 5403 554 5439 :
589 5402 703 5439 nam
730 5385 923 5439 domus
953 5399 1046 5439 sua
1077 5396 1172 5436 est.
1207 5386 1258 5436 Si
1284 5399 1410 5438 vero
1439 5400 1585 5439 suam
1609 5401 1756 5456 rege-

1128 399 1193 454 IN
1232 397 1411 454 ACTA
1451 396 1968 454 APOSTOLORUM.
2014 401 2240 477 llOMIL.
2287 401 2392 456 LII.

3301 404 3406 459 366

1835 531 1889 568 re
1923 534 2027 570 non
2056 521 2238 583 possit,
2273 519 2357 572 ubi
2390 535 2490 574 una
2520 519 2693 572 anima
2722 561 2735 583 ,
2765 519 2851 572 ubi
2905 520 3065 574 herus
3109 521 3222 589 ipse
3246 561 3262 587 ,
3318 524 3405 576 ubi

1830 624 2040 678 semper
2064 626 2244 665 secum
2271 621 2388 678 est,
2427 613 2695 681 quomodo
2749 612 2884 666 alios
2928 611 3256 666 ardilicabit?
3309 617 3407 678 Qui

1833 709 2008 766 potest
2036 701 2268 756 animam
2296 717 2618 772 componere
2656 717 2806 756 suam
2831 744 2844 766 ,
2879 702 2969 772 qui
2999 703 3142 758 aliud
3177 718 3370 774 regere
3396 747 3408 762 .

1831 791 1972 844 aliud
2003 794 2112 863 regi
2143 803 2327 858 curat,
2358 795 2445 850 hic
2469 805 2522 849 et
2547 795 2763 849 domum
2812 810 2998 866 regere
3041 796 3274 865 poterit;
3325 799 3412 865 qui

1829 884 2068 948 domtnn,
2097 886 2257 940 etiam
2289 887 2590 953 civitatem;
2622 888 2712 958 qui
2751 887 3019 942 civitatem
3041 928 3056 954 ,
3108 888 3266 943 etiam
3328 901 3416 940 or-

1831 977 1972 1031 bern.
2003 977 2058 1032 Si
2084 977 2313 1032 animam
2339 993 2525 1048 regere
2554 995 2658 1033 non
2687 981 2873 1049 possit,
2900 980 3170 1049 quomodo
3213 981 3404 1037 orbem

1833 1068 2071 1138 poterit?
2097 1068 2220 1124 Haec
2249 1069 2383 1135 dixi,
2414 1081 2468 1122 ut
2499 1084 2565 1124 ne
2595 1071 2658 1123 ad
2687 1070 3016 1140 principatus
3049 1071 3335 1138 inhiemus,
3356 1081 3414 1124 ut

1834 1160 2141 1223 videamus,
2170 1160 2296 1231 quid
2341 1161 2410 1215 sit
2448 1162 2814 1231 principatus:
2845 1165 2946 1218 hoc
2987 1165 3130 1219 enim
3172 1180 3280 1221 non
3332 1172 3416 1218 est

1835 1255 2181 1322 principatus,
2217 1252 2310 1308 sed
2339 1253 2576 1316 derisio,
2625 1256 2886 1324 servitus,
2931 1266 2986 1312 et
3027 1257 3173 1313 mille
3217 1256 3413 1313 similia

1832 1347 1953 1413 quis
1976 1345 2198 1402 dixerit.
2233 1348 2324 1401 Die
2351 1347 2512 1411 mihi,
2546 1347 2671 1415 quid
2705 1355 2785 1401 est
2832 1349 3054 1417 principi
3093 1349 3414 1419 proprium?

1836 1453 2010 1490 nonne
2036 1436 2260 1490 subditis
2291 1438 2548 1506 prodesse
2575 1449 2629 1492 et
2655 1440 2790 1492 bene
2834 1439 3051 1494 facere?
3091 1440 3228 1505 Quid
3255 1455 3412 1510 ergo,

1833 1529 1876 1584 si
1908 1531 2008 1584 hoc
2039 1545 2144 1584 non
2172 1529 2300 1583 liat?
2329 1529 2599 1599 quomodo
2628 1530 2748 1583 aliis
2773 1531 3034 1599 proderit,
3062 1532 3151 1600 qui
3181 1531 3284 1586 sibi
3310 1545 3408 1586 non

1829 1622 2092 1691 prodest?
2123 1620 2212 1690 qui
2239 1621 2506 1676 sescentis
2545 1622 2706 1675 animi
2738 1623 2969 1676 motibus
2997 1623 3245 1691 agitatur,
3284 1636 3426 1691 quo-

1768 5587 1844 5599 —

1833 1713 1993 1766 modo
2036 1712 2261 1766 aliorum
2315 1720 2490 1766 motus
2533 1711 2782 1767 sedabit?
2811 1713 2901 1768 Sic
2943 1714 3102 1767 etiam
3163 1712 3414 1768 deliciae:

1837 1820 1940 1858 non
1973 1804 2088 1857 haec
2115 1811 2236 1856 sunt
2275 1803 2484 1858 deliciae
2504 1845 2519 1869 ,
2550 1803 2642 1858 sed
2669 1804 2792 1857 alia.
2824 1804 2975 1858 Sicut
3013 1808 3158 1858 enim
3197 1803 3419 1857 demon-

1835 1903 2058 1950 stratum
2089 1905 2172 1948 est
2198 1895 2490 1963 principem
2523 1909 2642 1948 esse
2671 1909 2775 1948 non
2807 1894 2950 1948 hunc
2969 1893 3062 1948 sed
3092 1893 3256 1946 alium
3291 1909 3305 1946 :
3339 1891 3419 1945 sic

1836 1990 1926 2058 qtti
1954 1988 2162 2042 deliciis
2191 1987 2389 2057 gaudet
2412 2027 2426 2050 ,
2455 1987 2592 2040 alius
2618 1997 2720 2041 est.
2753 1985 3016 2040 Videntur
3036 1985 3179 2040 enim
3207 1982 3417 2037 delicia:

1836 2095 1957 2135 esse
1984 2079 2240 2149 voluptati
2263 2087 2320 2132 et
2344 2079 2482 2147 gula:
2507 2078 2748 2140 servire;
2781 2079 2874 2132 sed
2899 2077 2998 2132 hoc
3020 2090 3130 2132 non
3157 2083 3240 2129 est
3263 2115 3276 2138 ,
3310 2075 3419 2128 imo

1838 2173 2186 2236 contrarium,
2221 2186 2414 2240 nempe
2434 2171 2665 2224 animam
2695 2170 2892 2224 habere
2919 2169 3242 2231 mirabilem,
3269 2166 3420 2221 etsic

1842 2266 1893 2319 in
1922 2265 2194 2333 voluptate
2221 2264 2444 2316 versari.
2485 2263 2614 2317 Esto
2640 2263 2805 2325 enim,
2837 2259 3084 2316 comedat
3107 2259 3244 2328 quis,
3275 2258 3422 2312 bibat

1842 2355 2172 2421 etlasciviat,
2200 2353 2393 2408 deinde
2420 2369 2600 2406 curam
2625 2353 2820 2407 habeat
2839 2367 2901 2406 ac
2926 2359 3149 2406 maereat
3176 2365 3190 2403 :
3225 2366 3290 2403 an
3325 2363 3425 2418 po-

1844 2456 1946 2499 test
1969 2443 2055 2499 bic
2082 2446 2134 2498 in
2165 2445 2369 2499 deliciis
2395 2458 2516 2499 esse
2533 2445 2556 2497 ?
2579 2442 2695 2498 Non
2720 2458 2851 2513 ergo
2869 2441 3154 2497 comedere
3169 2451 3220 2496 et
3242 2441 3423 2494 bibere

1841 2546 1965 2590 sunt
1990 2536 2195 2591 deliciae
2211 2577 2225 2600 ,
2249 2536 2343 2590 sed
2367 2538 2420 2590 in
2443 2536 2713 2604 voluptate
2733 2550 2873 2590 esse.
2897 2535 3047 2599 Esto,
3071 2533 3192 2603 quis
3213 2531 3422 2586 aridum

1844 2629 2130 2683 manducet
2177 2644 2366 2698 panem
2396 2671 2411 2690 ,
2444 2637 2643 2682 etcum
2671 2628 2854 2681 laetitia
2885 2626 3170 2696 impleatur
3197 2644 3210 2679 :
3244 2638 3420 2678 annon

1845 2722 1948 2778 hoc
1972 2723 2213 2790 voluptas
2241 2721 2360 2777 est?
2387 2721 2531 2790 Ergo
2560 2730 2613 2775 et
2641 2721 2754 2775 haec
2782 2721 3023 2775 ciborum
3067 2718 3290 2773 deliciae.
3336 2717 3426 2768 Vi-

1845 2814 2067 2869 deamus
2090 2828 2228 2883 ergo
2253 2854 2268 2878 ,
2296 2814 2486 2883 quibus
2508 2813 2622 2867 haec
2643 2813 2888 2882 voluptas
2915 2811 3128 2874 accidat
3153 2852 3166 2874 ,
3195 2827 3260 2863 an
3287 2810 3426 2864 divi-

1849 2908 2009 2972 tibus,
2036 2922 2103 2960 an
2132 2922 2238 2960 non
2263 2905 2533 2960 divitibus.
2561 2903 2741 2975 Neque
2774 2905 2856 2957 his
2877 2946 2891 2968 ,
2935 2918 3107 2972 neque
3151 2902 3257 2956 illis
3277 2943 3290 2965 ,
3333 2900 3426 2953 sed

1849 3001 1914 3054 iis
1933 3041 1950 3066 ,
1977 3000 2066 3069 qui
2099 3001 2168 3054 ita
2198 3005 2524 3066 componunt
2552 2999 2784 3050 animam
2807 3011 2992 3060 suam,
3022 3003 3080 3048 ut
3121 3009 3189 3047 ne
3233 2992 3427 3045 multas

1851 3093 2079 3147 habeant
2109 3105 2402 3147 maerorum
2425 3104 2634 3144 causas.
2672 3088 2738 3142 Et
2783 3089 2955 3158 qualis
2992 3096 3075 3142 est
3119 3085 3234 3139 haec
3281 3083 3432 3138 vita?

1850 3187 1991 3241 dicet
2018 3184 2156 3239 forte
2183 3184 2416 3254 aliquis;
2447 3182 2605 3238 video
2629 3183 2770 3236 enim
2809 3198 2904 3235 vos
2949 3195 3137 3235 omnes
3180 3175 3428 3232 audiendi

1853 3279 2029 3333 studio
2059 3276 2368 3347 ﬂagrantes,
2400 3291 2516 3346 quae
2543 3277 2612 3329 sit
2635 3275 2748 3328 lucc
2774 3275 2880 3327 vita
2900 3315 2914 3338 ,
2947 3289 3066 3343 qum
3093 3271 3294 3326 nullum
3336 3268 3431 3322 Ita-

1851 3371 1976 3424 beat
2002 3382 2308 3422 mterorem.
2340 3364 2502 3436 Igitur
2523 3367 2576 3419 in
2602 3365 2846 3420 confesso
2867 3361 3094 3432 sitapud
3132 3375 3226 3416 vos
3259 3359 3433 3429 primo

1855 3462 1992 3514 hanc
2019 3474 2140 3515 esse
2166 3458 2516 3527 voluptatem,
2547 3457 2645 3510 has
2671 3455 2890 3511 delicias
2915 3497 2929 3520 ,
2973 3453 3186 3524 quando
3233 3465 3434 3505 ntmror

1856 3570 1960 3608 non
1993 3551 2170 3607 turbat
2195 3593 2209 3614 ,
2242 3566 2343 3605 nec
2376 3552 2558 3620 petita
2587 3565 2674 3604 me
2713 3564 2906 3604 carnes
2929 3590 2945 3615 ,
2977 3549 3160 3602 vinum
3180 3586 3197 3606 ,
3247 3543 3436 3600 condi-

1855 3657 2054 3708 menta,
2081 3647 2280 3700 sericas
2300 3653 2479 3700 vestes
2503 3684 2518 3710 ,
2550 3644 2745 3698 lautam
2781 3657 3042 3697 mensam.
3076 3643 3144 3695 At
3171 3638 3214 3694 si
3243 3646 3431 3694 osten-

1855 3742 1986 3796 dero
2011 3741 2213 3810 absque
2241 3739 2323 3793 his
2355 3739 2515 3792 talem
2541 3738 2723 3790 haberi
2758 3737 2916 3790 vitam
2943 3777 2957 3796 ,
3007 3735 3146 3788 hanc
3188 3733 3433 3799 volupta-

1859 3844 2006 3895 tem,
2059 3831 2197 3885 hanc
2248 3831 2408 3884 vitam
2458 3830 2654 3898 dilige:
2684 3829 2848 3883 multa
2892 3819 3032 3883 enim
3084 3826 3236 3881 nobis
3263 3823 3431 3878 tristia

1856 3923 2126 3987 accidunt,
2159 3937 2226 3976 eo
2254 3922 2395 3989 quod
2424 3937 2530 3974 non
2557 3962 2571 3986 ,
2606 3929 2664 3973 ut
2689 3936 2782 3988 par
2803 3928 2914 3984 est,
2941 3933 3004 3973 ea
3034 3917 3311 3971 nobiscum
3346 3927 3430 3967 re-

1859 4028 2130 4087 putemus.
2161 4015 2291 4082 Quis
2340 4015 2500 4084 igitur
2541 4015 2711 4084 magis
2762 4013 3004 4078 dolebit,
3048 4013 3164 4066 isne
3210 4009 3299 4079 qui
3347 4007 3434 4062 illa

1859 4107 1990 4161 nihil
2017 4116 2208 4170 curat,
2250 4122 2317 4159 an
2347 4106 2392 4160 is
2418 4105 2506 4174 qui
2545 4103 2740 4159 curat?
2765 4105 2853 4172 qui
2885 4101 3277 4158 vicissitudines
3320 4115 3434 4154 mc-

1860 4199 1958 4252 tuit
1983 4241 1997 4262 ,
2021 4213 2088 4250 an
2115 4197 2205 4267 qui
2234 4213 2338 4252 non
2363 4195 2584 4250 metuit?
2612 4196 2704 4265 qui
2735 4196 2956 4249 livirrem
2983 4236 2998 4259 ,
3029 4192 3280 4247 invidiam
3308 4231 3322 4254 ,
3352 4204 3432 4260 sy-

1859 4289 2173 4356 c0phantias
2195 4327 2210 4351 ,
2241 4287 2463 4342 insidias
2487 4329 2501 4353 ,
2535 4286 2824 4357 perniciem
2857 4287 3046 4348 timet,
3089 4299 3156 4337 an
3199 4283 3287 4352 qui
3337 4295 3442 4334 non

1861 4379 2054 4434 timet?
2084 4380 2173 4449 qui
2200 4379 2406 4443 multis,
2437 4393 2503 4432 an
2531 4379 2620 4448 qui
2654 4378 2798 4432 nullo
2827 4377 3064 4447 indiget?
3085 4376 3172 4446 qui
3199 4375 3442 4428 innume-

1860 4476 1966 4536 ris,
1997 4489 2066 4526 an
2095 4473 2182 4543 qui
2213 4473 2342 4526 nulli
2371 4472 2577 4526 servit?
2605 4472 2694 4540 qui
2723 4471 2900 4524 multis
2945 4484 3080 4537 opus
3128 4469 3326 4531 habet,
3375 4480 3441 4517 an

1860 4566 1950 4635 qui
1983 4566 2120 4618 liber
2147 4564 2272 4618 est?
2297 4563 2386 4632 qui
2418 4579 2579 4616 unum
2612 4564 2763 4617 timet
2793 4560 3088 4620 dominum,
3117 4573 3183 4610 an
3207 4557 3296 4626 qui
3323 4571 3445 4610 sex-

1863 4655 2094 4711 centos?
2120 4654 2262 4723 Ergo
2287 4653 2458 4723 major
2484 4653 2572 4708 hic
2617 4653 2860 4722 voluptas
2908 4660 3008 4704 est.
3062 4648 3213 4702 lianc
3265 4647 3445 4714 itaque

1860 4755 2148 4810 sectemur,
2179 4759 2352 4814 neque
2380 4744 2728 4813 prpsentibus
2750 4742 3051 4805 inhiemus;
3079 4737 3174 4793 sed
3205 4736 3444 4791 deridea-

1863 4853 1982 4893 mus
2001 4852 2215 4891 omnem
2238 4837 2358 4890 vitae
2381 4834 2596 4898 fastum,
2621 4845 2676 4889 et
2696 4834 2890 4901 ubique
2905 4833 3118 4886 modum
3139 4842 3440 4888 servemus,

1862 4938 1921 4983 ut
1949 4931 2211 4999 possimus
2240 4928 2381 4983 hanc
2406 4928 2566 4980 vitam
2591 4926 2708 4980 sine
2734 4938 2966 4980 Interore
2998 4921 3293 4989 transigere
3319 4961 3333 4982 ,
3391 4930 3440 4972 et

1867 5021 2124 5087 promissa
2151 5019 2408 5087 consequi
2424 5017 2584 5081 bona,
2609 5015 2777 5084 gratia
2801 5024 2854 5068 et
2878 5013 3204 5080 benignitate
3227 5009 3434 5065 Domini

1866 5114 2037 5167 nosui
2066 5112 2190 5167 Jesu
2222 5109 2440 5174 Christi,
2471 5108 2682 5178 quicum
2711 5106 2855 5160 Patri
2897 5114 2950 5159 et
2990 5102 3212 5174 Spiritui
3259 5116 3442 5155 sancto

1863 5209 2053 5277 gloria,
2085 5206 2391 5274 imperium,
2424 5204 2618 5269 honor,
2654 5215 2794 5256 nunc
2817 5208 2870 5254 et
2899 5212 3112 5268 semper
3132 5237 3150 5262 ,
3179 5204 3236 5252 ct
3258 5195 3310 5248 in
3339 5210 3444 5249 sa:-

1864 5301 1982 5357 cula
2010 5299 2350 5355 saeculorum.
2380 5299 2571 5350 Amen.
