3948 6502
491 363 593 422 367

1323 470 3386 497 Μ

1194 359 1250 413 s.
1291 356 1568 413 J0.\NNtS
1608 344 2077 409 eunvsosront
2118 345 2429 403 AﬂtZIItEP.
2471 346 3001 411 CONSTANTINOP-
3644 365 3741 425 ιω

3397 485 3682 500 ﬁ

1821 532 2158 596 HOMILIA
2199 533 2361 596 LIII.

495 686 627 744 CAP.
671 687 762 744 28.
808 704 861 740 v.
903 687 990 742 50.
1036 685 1099 739 Et
1138 684 1417 738 exsurrexit
1455 698 1566 745 rex,
1618 696 1804 746 prteses
1842 689 1887 731 et
1933 674 2060 730 Ber-

560 780 690 844 nice,
718 790 766 834 et
797 782 883 849 qui
910 779 1194 833 assidebam
1232 778 1339 829 eis:
1378 776 1467 829 3|.
1502 784 1547 827 et
1578 789 1692 826 cum
1726 771 2063 833 secessissent,

524 940 527 943 ἰ
561 873 890 942 loquebantur
928 871 994 922 ad
1033 870 1261 926 invicem.
1304 868 1524 920 dicentes
1553 881 1572 918 :
1606 864 1754 918 Nihil
1792 873 1951 916 morte
1980 873 2067 915 aut

560 967 774 1021 vinculis
808 965 1015 1033 dignum
1047 964 1161 1029 fecit
1194 963 1274 1014 hic
1304 962 1472 1013 homo.
1516 959 1603 1014 '52.
1636 958 1863 1028 Agrippa
1900 965 2067 1007 autem

564 1057 715 1112 Festo
742 1058 869 1111 dixit
897 1071 916 1108 :
943 1054 1142 1108 Dimitti
1170 1065 1361 1123 poterat
1392 1053 1539 1106 homo
1567 1052 1665 1114 hic,
1695 1050 1738 1103 si
1765 1064 1865 1102 non
1891 1044 2068 1116 appel-

560 1152 711 1205 lasset
734 1147 1005 1203 Ctesarem.

561 1241 614 1295 I.
659 1239 793 1294 Vide
816 1236 1084 1309 quomodo
1107 1252 1317 1292 rursum
1340 1250 1435 1305 pro
1457 1235 1548 1305 illp
1576 1231 1839 1287 calculum
1859 1228 2063 1283 ferunt:

488 1333 650 1389 etiam
688 1339 967 1402 postquam
1012 1328 1201 1384 Festus
1241 1327 1470 1391 dixerat,
1515 1323 1739 1389 Insanis,
1786 1321 2069 1375 absolvunt

489 1426 663 1491 illum,
702 1439 808 1478 non
836 1424 1009 1477 solum
1036 1437 1067 1477 a
1097 1428 1291 1484 morte,
1337 1418 1431 1473 sed
1457 1417 1615 1472 etiam
1660 1430 1690 1468 a
1718 1412 1975 1476 vinculis;
2004 1424 2068 1464 ac

488 1516 702 1573 domum
728 1514 1055 1573 dimisissent
1085 1512 1181 1567 nisi
1214 1511 1479 1565 Caesarem
1510 1506 1845 1578 appellasset.
1869 1502 2065 1557 Verum

490 1611 595 1665 hoc
623 1624 687 1664 ex
712 1606 1044 1677 providentia
1064 1604 1261 1660 factum
1282 1611 1396 1667 est;
1426 1615 1530 1654 non
1551 1598 1722 1652 solum
1745 1605 1921 1651 autem
1942 1595 2063 1662 hoc,

490 1703 583 1758 sed
617 1703 777 1758 etiam
828 1698 968 1769 quod
1017 1713 1135 1752 cum
1172 1695 1393 1750 vinculis
1435 1693 1623 1747 abiret.
1662 1690 1786 1744 Ideo
1825 1688 2062 1754 dicebat,

495 1792 663 1865 Usque
691 1792 758 1845 ad
795 1790 997 1844 vincula
1025 1788 1169 1857 quasi
1206 1787 1335 1841 male
1377 1800 1592 1855 operam
1631 1782 1704 1853 (2.
1742 1781 1875 1835 Tim.
1904 1779 1959 1832 2.
1983 1779 2063 1848 9).

489 1887 544 1942 Si
596 1886 738 1940 enim
800 1884 1055 1938 Dominus
1102 1881 1219 1951 ejus
1262 1895 1381 1934 cum
1436 1878 1628 1947 iniquis
1672 1884 1945 1945 reputatus
1986 1881 2069 1928 est

493 1976 685 2047 (Marc.
717 1977 807 2032 15.
832 1976 949 2044 28),
994 1974 1163 2028 multo
1194 1972 1358 2041 magis
1392 1970 1504 2034 hic;
1538 1968 1629 2023 sed
1660 1969 1797 2021 sicut
1837 1966 1925 2019 ille
1952 1966 2067 2035 glo-

492 2069 625 2124 riam
655 2083 760 2123 non
800 2067 1043 2132 curavit,
1074 2066 1146 2118 ita
1194 2079 1367 2133 neque
1410 2062 1516 2119 hic.
1560 2058 1883 2113 Admirabile
1924 2055 2065 2111 enim

490 2169 591 2227 est,
623 2157 763 2229 quod
792 2159 930 2213 inter
953 2157 1071 2210 illos
1099 2156 1314 2219 mixtus,
1342 2154 1468 2207 nihil
1494 2151 1616 2206 inde
1645 2150 1823 2205 damni
1845 2163 2067 2217 accepe-

491 2266 577 2309 rit.
608 2252 778 2323 (Cap.
805 2242 924 2313 27-)
950 2269 968 2303 ι
999 2250 1049 2305 1.
1079 2249 1147 2304 Ut
1177 2257 1352 2302 autem
1403 2246 1677 2300 decretum
1716 2244 1811 2297 fuit.
1831 2282 1846 2306 ,
1880 2249 1936 2296 ut
1970 2254 2069 2293 nos

491 2347 859 2416 navigaremus
887 2344 942 2397 in
970 2342 1195 2405 Italiam,
1231 2339 1561 2393 tradiderunt
1588 2337 1808 2391 Paulum
1836 2344 1889 2389 et
1908 2347 2068 2402 quos-

492 2440 613 2492 dam
644 2437 779 2492 alios
807 2438 1013 2491 vinctos
1039 2432 1359 2496 centurioni,
1398 2430 1615 2485 nomine
1640 2428 1802 2495 Iulio,
1831 2428 2069 2482 cohortis

488 2536 763 2603 Augustae.
801 2531 856 2585 2.
890 2531 1195 2585 Conscensa
1228 2527 1347 2580 navi
1373 2524 1744 2589 Adrumetina,
1775 2521 2069 2591 navigaturi

490 2626 632 2679 circa
677 2623 821 2678 Asiae
863 2622 977 2676 loca
1041 2621 1323 2683 solvimus,
1371 2625 1746 2686 perseverante
1792 2615 2067 2669 nobiseum

494 2714 807 2772 Aristarcho
850 2713 1139 2767 Macedone
1178 2711 1663 2767 Tlu-ssalonicensi.
1715 2710 1767 2761 5.
1811 2706 2066 2775 Sequenti

490 2820 667 2864 autem
695 2808 783 2862 die
807 2807 1109 2876 appulimus
1137 2805 1410 2860 Sidenem.
1443 2822 1463 2854 ι
1502 2803 1633 2856 Vide
1658 2817 1935 2871 quousque
1973 2815 2069 2855 co-

492 2903 712 2959 mitatur
739 2900 958 2954 Paulum
1005 2896 1363 2952 Aristarchus.
1400 2896 1544 2951 Bene
1586 2896 1747 2950 etiam
1788 2904 1842 2948 et
1872 2893 2071 2947 utiliter

493 2994 646 3051 adest
687 2991 1049 3055 Aristarchus,
1082 2991 1261 3044 omnia
1294 2991 1344 3043 in
1376 2988 1683 3043 Macedonia
1733 2997 2066 3042 narraturus.

499 3105 518 3138 ι
552 3085 863 3139 Humaniter
888 3092 1065 3137 autem
1099 3090 1335 3135 tractans
1362 3080 1536 3135 Julius
1560 3080 1804 3143 Paulum,
1832 3079 2073 3147 permisit

493 3177 558 3232 ad
589 3177 789 3229 amicos
816 3175 913 3240 ire,
946 3182 1000 3228 et
1024 3188 1204 3228 curam
1234 3172 1315 3225 sui
1345 3186 1528 3241 agere.
1571 3172 1625 3225 4.
1677 3170 1745 3225 Et
1790 3170 1913 3226 inde
1949 3185 2070 3226 cum

495 3269 860 3329 Solvissemus,
881 3266 1345 3336 subnavigavimus
1362 3263 1616 3335 Cyprum,
1639 3279 1705 3319 eo
1728 3264 1869 3334 quod
1892 3273 2072 3319 essent

494 3361 635 3415 venti
680 3358 954 3414 contrarii.
988 3377 1007 3409 ι
1054 3356 1308 3419 Permisit,
1366 3355 1555 3424 inquit,
1609 3353 1803 3418 Julius,
1846 3353 2072 3409 Paulum

495 3451 777 3504 humaniter
829 3458 1071 3502 tractans.
1118 3447 1263 3501 Bene
1307 3446 1409 3500 hoc
1450 3446 1707 3515 permisit,
1736 3453 1795 3500 ut
1822 3446 1888 3500 ad
1915 3456 2071 3500 notos

496 3540 763 3611 prolectus
804 3548 1079 3595 curaretur
1105 3555 1120 3593 :
1146 3538 1439 3594 verisimile
1465 3539 1609 3593 enim
1637 3549 1739 3603 est,
1780 3554 1901 3593 eum
1933 3538 2073 3594 male

498 3633 743 3689 habuisse
788 3648 817 3684 a
844 3631 1092 3694 vinculis,
1137 3645 1169 3685 a
1208 3640 1352 3686 metu
1374 3672 1388 3695 ,
1436 3645 1466 3683 a
1498 3631 1905 3699 raptationibus.
1939 3630 2071 3685 Vide

493 3724 761 3793 quomodo
790 3724 892 3777 hoc
917 3740 1023 3778 non
1046 3722 1298 3787 occultet,
1323 3721 1464 3792 quod
1488 3738 1669 3777 curam
1696 3723 1775 3777 sui
1804 3722 2069 3777 habuerit.

493 3819 701 3872 Itursus
728 3817 1069 3882 tentationes,
1111 3830 1301 3870 rursus
1328 3815 1470 3869 venti
1498 3816 1771 3870 Contrarii.
1814 3816 1946 3871 Vide
1977 3833 2071 3886 per

493 3908 671 3963 ontnia
698 3907 858 3961 vitam
886 3916 1190 3961 sanctorum
1212 3907 1289 3961 sic
1311 3907 1521 3961 contexi
1549 3925 1561 3961 :
1591 3905 1886 3977 ell’ugerant
1907 3909 2070 3962 tribu-

493 3999 601 4063 nal,
636 4010 690 4053 et
716 3998 957 4054 incidunt
976 4001 1026 4052 in
1057 3998 1385 4068 naufragium
1414 4008 1469 4052 et
1499 4008 1899 4067 tempestatem;
1928 4001 2069 4070 quod

498 4091 739 4146 indicans
788 4091 999 4160 pergit:
1037 4090 1134 4144 «5.
1174 4089 1242 4144 Ει
1287 4090 1501 4159 pelagus
1551 4092 1688 4143 inter
1734 4090 1970 4145 Ciliciam
2018 4100 2073 4146 et

496 4181 859 4253 Pamphyliam
887 4181 1112 4245 emensi,
1146 4182 1485 4251 pervenimus
1508 4180 1729 4252 Myram,
1760 4197 1879 4251 qua:
1905 4192 1986 4237 est
2016 4184 2069 4237 in

496 4274 676 4344 Lycia.
704 4273 757 4327 6.
788 4273 854 4329 Et
875 4273 946 4326 ibi
974 4274 1212 4329 centurio
1233 4281 1417 4326 nactus
1448 4287 1635 4326 navem
1659 4273 2070 4327 Alexandrinam

503 4367 837 4435 navigantem
891 4365 944 4421 in
1003 4364 1228 4431 Italiam,
1286 4364 1549 4417 transtulit
1601 4379 1699 4418 nos
1743 4366 1796 4418 in
1852 4365 2067 4420 illam.»

501 4457 736 4518 Nactus.
780 4458 966 4527 inquit,
1009 4472 1185 4509 navem
1234 4456 1653 4511 Alexandrinum.
1698 4457 1954 4526 Apposite
1987 4459 2071 4512 in—

498 4552 729 4616 venitur,
786 4563 840 4605 ut
887 4551 963 4605 illi
1007 4567 1126 4618 qua:
1193 4552 1413 4605 Paulum
1478 4552 1791 4621 spectabant
1848 4553 1899 4604 in
1948 4552 2071 4606 Asia

497 4646 831 4707 nuntiarent.
864 4655 917 4699 et
956 4644 1009 4697 hi
1060 4645 1111 4698 in
1142 4645 1322 4714 Lycia.
1355 4644 1487 4699 Vide
1530 4643 1698 4699 Deum
1744 4644 1875 4698 nihil
1919 4645 2075 4699 inno-

502 4751 647 4801 vare,
692 4735 821 4789 nihil
866 4745 1092 4798 mutare,
1139 4735 1231 4790 sed
1278 4736 1589 4805 permittere
1628 4751 1749 4789 eum
1788 4737 2073 4791 contrariis

498 4826 674 4880 ventis
712 4826 979 4894 navigare.
1021 4825 1125 4880 Sed
1151 4826 1310 4880 etiam
1352 4826 1429 4879 sic
1458 4828 1769 4879 miraculum
1799 4836 2068 4895 operatur.

502 4918 568 4972 Ut
598 4927 711 4971 tuto
743 4917 1009 4988 navigent,
1041 4935 1145 4971 non
1180 4919 1305 4973 sinit
1333 4933 1425 4973 eos
1457 4920 1507 4972 in
1534 4920 1751 4989 pelagus
1795 4935 1853 4974 se
1880 4921 2074 4973 immit—

500 5022 634 5070 tere.
668 5009 761 5064 sed
791 5024 1004 5078 semper
1020 5009 1172 5079 juxta
1201 5020 1396 5064 terram
1438 5010 1774 5080 navigabant.
1811 5029 1829 5061 ι
1862 5012 1925 5064 Et
1950 5026 2069 5065 cum

502 5101 683 5155 multis
709 5100 896 5155 diebus
925 5102 1073 5155 tarde
1095 5102 1466 5171 navigaremus
1481 5110 1536 5155 et
1560 5102 1644 5155 vix
1670 5101 2071 5157 devenissemus

498 5201 684 5245 contra
720 5189 968 5257 Cnidum,
1008 5191 1324 5261 prohibente
1361 5207 1460 5248 nos
1486 5201 1665 5259 vento,
1704 5193 2074 5263 subnavigavi-

500 5295 620 5338 mus
646 5282 820 5335 Creta:
841 5280 988 5351 juxta
1014 5284 1337 5349 Sahnonen;
1370 5284 1422 5339 8.
1450 5286 1605 5339 etvix
1642 5287 2075 5355 prmterlcgentes

500 5375 670 5442 illam,
694 5378 1033 5445 pervenimus
1063 5378 1115 5435 in
1143 5380 1314 5433 locum
1339 5378 1623 5446 quemdam
1646 5392 1915 5445 vocatum,
1940 5381 2085 5436 Boni.

502 5480 708 5537 portus,
746 5468 895 5539 juxta
939 5485 1094 5541 quem
1141 5486 1304 5540 prope
1343 5473 1530 5527 civitas
1561 5472 1764 5535 Laszea.
1812 5473 1865 5528 9..
1909 5474 2075 5529 Multo

502 5572 679 5621 autem
712 5572 950 5631 tempore
978 5572 1214 5632 peracto,
1259 5574 1312 5617 et
1338 5579 1459 5619 cum
1485 5564 1594 5634 jam
1643 5582 1751 5623 non
1792 5576 1935 5620 esset
1964 5579 2072 5620 tuta

503 5651 788 5722 navigatio,
814 5666 880 5707 eo
904 5653 1042 5722 quod
1069 5653 1328 5721 jejunium
1351 5654 1460 5722 jam
1491 5656 1851 5723 prmteriisset,
1885 5657 2073 5712 admo-

506 5744 667 5808 nebat
692 5760 785 5800 eos
810 5744 1022 5811 Paulus,
1048 5744 1134 5799 I0.
1161 5744 1344 5798 dicens
1369 5764 1381 5799 :
1411 5745 1596 5813 Video,
1631 5749 1748 5814 viri,
1783 5748 1925 5818 quod
1953 5764 2073 5803 cum

505 5838 695 5917 injuria
724 5848 778 5898 et
810 5838 978 5899 multo
1000 5838 1195 5897 damno
1234 5854 1338 5897 non
1383 5838 1559 5899 solum
1603 5843 1780 5899 oneris
1821 5852 1874 5901 et
1900 5846 2069 5912 navis,

2172 676 2266 732 sed
2294 682 2453 733 etiam
2483 682 2782 741 animarum
2824 697 3126 747 nostrarum
3161 693 3346 764 incipit
3377 712 3499 755 esse
3539 704 3747 767 naviga-

2172 769 2271 822 tio.
2301 768 2392 825 H.
2412 770 2669 829 Centurio
2704 788 2881 833 autem
2910 781 3255 850 gubernatori
3277 798 3330 841 et
3356 791 3611 847 nauclcro
3634 811 3744 847 ma-

2169 861 2250 928 gis
2297 862 2569 931 credebat,
2599 882 2759 936 quam
2803 870 2867 925 iis
2892 912 2908 936 ,
2938 889 3056 937 quae
3085 875 3396 933 dicebantur
3438 897 3467 934 a
3508 883 3696 939 Paulo.
3727 907 3745 939 ι

2178 950 2437 1019 lejunium
2468 955 2568 1011 hoc
2594 959 2785 1027 opinor
2814 962 2921 1017 dici
2941 963 3264 1022 Judzrorum.
3296 970 3428 1027 Nam
3459 987 3578 1044 post
3616 978 3751 1033 Pen-

2174 1049 2412 1098 tecosten
2456 1048 2699 1104 exierant
2744 1052 2891 1108 illinc
2921 1065 3040 1124 post
3066 1060 3290 1114 multum
3331 1074 3561 1134 tempus.
3604 1081 3663 1123 ut
3702 1074 3751 1126 in

2171 1132 2286 1201 ipsa
2329 1135 2443 1191 fere
2486 1138 2660 1195 hieme
2698 1146 2943 1200 venerint
2989 1148 3042 1202 in
3084 1163 3262 1219 partes
3304 1132 3490 1213 Cretan
3546 1161 3613 1215 Et
3655 1162 3754 1219 hoc

2171 1238 2386 1318 quoque
2434 1244 2540 1283 non
2587 1247 2817 1325 parvum;
2855 1239 3189 1308 miraculum,
3234 1248 3373 1315 quod
3418 1251 3491 1305 illi
3537 1266 3753 1325 propter

2173 1312 2315 1370 nunc
2361 1320 2557 1374 servati
2598 1322 2725 1377 sint.
2782 1323 2907 1393 Viri,
2949 1331 3091 1384 video
3142 1312 3277 1403 quod
3310 1354 3425 1391 cum
3464 1312 3658 1412 injuria
3709 1360 3753 1400 et

2172 1408 2329 1463 multo
2365 1411 2571 1479 damno,
2608 1415 2801 1486 inquit,
2840 1436 2941 1473 non
2986 1424 3149 1477 solum
3175 1432 3339 1483 oneris
3367 1442 3413 1484 et
3456 1408 3619 1502 navis,
3668 1442 3753 1491 sed

2173 1501 2325 1555 etiam
2352 1507 2637 1561 animarum
2666 1518 2951 1566 nostrarum
2986 1516 3165 1582 incipit
3201 1536 3308 1574 esse
3344 1525 3616 1596 navigatio.
3654 1529 3755 1582 Ita-

2171 1608 2275 1662 que
2317 1596 2511 1654 Paulus
2534 1600 2694 1670 jussit
2740 1619 2988 1674 manere,
3040 1620 3095 1663 et
3136 1608 3308 1667 futura
3343 1619 3625 1684 pra-dixit;
3682 1623 3753 1677 illi

2172 1700 2301 1739 vero
2331 1690 2661 1757 festinantes,
2684 1709 2805 1749 cum
2837 1712 2866 1750 a
2890 1698 3007 1754 loco
3036 1701 3468 1776 prohiberentur,
3503 1711 3755 1769 volebant

2172 1774 2223 1828 in
2252 1776 2503 1834 Phoenice
2532 1781 2845 1851 bybernare.

2241 1868 2294 1921 2.
2342 1870 2501 1936 Vide,
2547 1890 2758 1942 qua-so,
2803 1878 3493 1958 dispensationem:primo
3536 1896 3752 1965 quidem

2174 1964 2345 2016 navim
2377 1966 2668 2035 solverunt,
2699 1971 3083 2045 abieruntque;
3111 1978 3304 2036 deinde
3330 1994 3387 2037 ut
3408 1964 3589 2040 incidit
3622 2004 3756 2042 vcn-

2175 2063 2278 2118 tus,
2309 2055 2571 2112 dederunt
2592 2075 2653 2115 se
2682 2060 2899 2131 ferenti,
2924 2077 2979 2121 et
3000 2067 3085 2122 vix
3111 2073 3478 2131 servabantur.
3514 2080 3601 2133 12.
3642 2100 3662 2130 ι
3694 2084 3757 2135 Et

2172 2160 2291 2199 cum
2322 2159 2477 2217 aptus
2506 2162 2690 2221 portus
2725 2172 2831 2211 non
2874 2170 3020 2216 esset
3063 2162 3130 2216 ad
3162 2164 3586 2237 hybernandum,
3638 2176 3755 2244 plu-

2173 2240 2292 2293 rimi
2320 2251 2620 2298 statuerunt
2646 2249 2927 2304 consilium
2961 2254 3209 2325 navigare
3237 2258 3379 2327 inde,
3408 2263 3451 2316 si
3481 2240 3756 2333 quomodo

2175 2344 2411 2399 possent,
2443 2340 2678 2404 pervecti
2706 2339 3014 2408 Phoenicen,
3050 2346 3158 2401 illic
3188 2348 3504 2420 hybernare,
3539 2370 3754 2424 portum

2172 2420 2346 2477 Cretae
2368 2427 2737 2496 respicientem
2768 2434 2833 2486 ad
2859 2434 3083 2490 al‘ricum
3117 2450 3170 2493 et
3197 2442 3453 2499 Chorum.
3481 2420 3563 2501 lii.
3596 2452 3757 2519 Aspi-

2174 2522 2324 2568 rante
2348 2525 2524 2571 autem
2570 2531 2773 2588 austro,
2805 2535 3053 2594 putantes
3082 2534 3408 2601 propositum
3440 2553 3498 2592 se
3546 2550 3755 2611 tenere,

2173 2618 2291 2656 cum
2321 2608 2603 2664 solvissent
2624 2614 2779 2679 Asso,
2804 2620 3245 2691 praeterlegebant
3267 2624 3498 2684 Cretam.
3536 2632 3621 2686 16.
3655 2608 3756 2689 Vc;

2175 2712 2292 2750 rum
2316 2700 2455 2754 haud
2483 2703 2648 2758 multo
2676 2715 2795 2775 post
2814 2721 3029 2764 coortus
3055 2722 3136 2767 est
3161 2728 3346 2771 contra
3368 2721 3534 2789 ipsum
3562 2741 3756 2783 ventus

2175 2793 2522 2861 typhonicus,
2578 2796 2665 2865 qui
2711 2811 2930 2854 vocatur
2980 2802 3339 2877 Euroaquilo;
3386 2814 3471 2868 15.
3523 2830 3757 2885 cumque

2175 2894 2421 2952 correpta
2449 2896 2594 2941 esset
2618 2890 2787 2957 navis,
2818 2907 2916 2947 nec
2938 2908 3116 2963 posset
3147 2910 3304 2955 vento
3329 2906 3599 2972 resistere,
3631 2908 3754 2963 data

2175 2974 2295 3027 navi
2325 2975 2538 3033 ﬂatibus
2561 2980 2880 3037 ferebamur.
2909 2986 2991 3041 16.
3023 2987 3077 3042 In
3104 2990 3332 3047 insulam
3362 3007 3540 3052 autem
3563 3016 3756 3069 quatu-

2175 3067 2298 3121 dam
2325 3068 2531 3125 devecti
2560 3073 2776 3130 nomine
2796 3074 3070 3147 Claudam,
3098 3084 3185 3137 vix
3216 3088 3479 3152 potuimus
3503 3067 3754 3149 obtinere

2175 3160 2445 3227 scapham.
2479 3163 2565 3217 17.
2598 3164 2708 3232 Qua
2741 3168 2966 3234 sublata,
2999 3174 3276 3241 adjutoriis
3304 3180 3589 3235 utebantur
3617 3187 3752 3239 sub-

2175 3251 2448 3319 cingentes
2477 3270 2692 3323 navem,
2726 3260 2972 3318 timentes
3002 3280 3069 3320 ne
3096 3266 3147 3319 in
3192 3268 3391 3341 Syrtim
3432 3275 3750 3347 inciderent,

2174 3342 2421 3399 demissis
2450 3348 2582 3403 velis
2626 3351 2694 3403 ita
2728 3351 3045 3412 ferebantur.
3084 3360 3166 3414 18.
3211 3362 3339 3416 Cum
3370 3377 3549 3421 autem
3581 3342 3743 3426 vehes

2175 3437 2341 3489 menti
2391 3448 2706 3509 tempestate
2740 3444 3086 3517 jactaremur,
3132 3457 3375 3525 sequenti
3417 3458 3504 3513 die
3554 3462 3751 3529 jacttuu

2173 3528 2558 3590 fecerunt:I9.
2613 3551 2677 3593 ac
2720 3540 2876 3594 tertio
2916 3542 3002 3597 die
3043 3549 3239 3601 nostris
3285 3552 3530 3606 manibus
3557 3528 3751 3610 arma-

2174 3634 2353 3676 menta
2375 3625 2525 3679 navis
2551 3627 2894 3698 projecimus.
2921 3633 3005 3688 20.
3040 3634 3221 3706 Neque
3242 3650 3418 3695 autem
3443 3644 3558 3700 sole
3581 3661 3753 3717 neque

2175 3716 2437 3771 sideribus
2462 3723 2837 3789 apparentibus
2864 3742 2955 3794 per
2986 3729 3162 3796 plures
3184 3732 3317 3799 dies,
3352 3749 3402 3790 et
3436 3716 3753 3809 tempestate

2176 3823 2281 3861 non
2310 3811 2498 3880 exigua
2541 3814 2871 3883 imminente,
2898 3822 3011 3886 jam
3051 3823 3225 3878 ablata
3271 3839 3385 3882 erat
3424 3835 3603 3886 omnis
3632 3852 3752 3904 spes

2175 3902 2358 3957 salutis
2397 3919 2615 3961 nostrae.
2644 3906 2733 3961 2|.
2764 3909 2913 3965 Tunc
2943 3925 3091 3968 stans
3120 3916 3313 3972 Paulus
3339 3920 3390 3973 in
3423 3924 3603 3978 medio
3631 3902 3751 3981 illo-

2174 4009 2290 4048 rum
2308 3996 2441 4051 dixit
2466 4017 2477 4050 :
2506 4015 2526 4049 ι
2560 3999 2720 4054 Vide:
2755 4014 2871 4070 post
2894 4014 3091 4061 tantam
3119 4018 3487 4079 tempestatem
3516 4034 3621 4072 non
3653 4022 3752 4075 illis

2177 4088 2434 4144 insultans
2477 4090 2592 4145 haec
2620 4093 2870 4161 loquitur,
2922 4098 3014 4151 sed
3049 4109 3105 4152 ut
3136 4103 3217 4156 vel
3250 4104 3299 4156 in
3330 4116 3602 4172 posterum
3653 4112 3751 4165 sibi

2175 4180 2418 4233 credant.
2451 4180 2603 4236 Unde
2645 4193 2698 4237 et
2723 4201 2841 4253 qua:
2870 4201 3159 4245 evenerant
3190 4193 3241 4246 in
3273 4196 3634 4252 testimonium
3664 4216 3751 4254 as-

2176 4271 2338 4324 sumit
2382 4275 2620 4327 veritatis
2661 4292 2866 4343 eorum,
2911 4295 3028 4348 qua:
3072 4283 3309 4339 dicturus
3352 4298 3486 4341 erat.
3536 4290 3605 4345 Et
3648 4292 3751 4347 duo

2178 4364 2529 4429 praedicitzet
2569 4368 2709 4437 quod
2752 4371 2801 4423 in
2843 4373 3066 4427 insulam
3104 4381 3411 4433 exscensuri
3452 4395 3655 4451 essent,
3701 4396 3753 4441 et

2176 4455 2314 4523 quod
2349 4457 2499 4510 navis
2532 4460 2786 4528 peritura,
2817 4476 3059 4520 vectores
3086 4477 3263 4522 autem
3294 4474 3541 4527 servandi
3573 4491 3751 4532 essent

2177 4546 2337 4615 (quod
2365 4563 2472 4601 non
2502 4550 2802 4619 conjectura
2833 4567 2971 4623 erat,
3033 4558 3125 4611 sed
3148 4561 3482 4632 prophetia);
3505 4568 3752 4637 quodque

2179 4640 2291 4707 ipse
2316 4637 2512 4694 Caesari
2542 4643 2811 4699 sistendus
2837 4658 2999 4702 esset.
3036 4648 3165 4705 Illud
3207 4664 3386 4709 autem
3416 4661 3557 4725 quod
3597 4660 3749 4728 dixit,

2179 4731 2399 4787 Donavit
2444 4735 2532 4790 tibi
2572 4738 2709 4793 Deus
2751 4758 2943 4805 omnes,
2977 4759 3079 4797 non
3120 4750 3439 4817 arrogantia:
3477 4766 3617 4816 erat,
3659 4757 3750 4809 sed

2177 4826 2401 4880 volentis
2428 4840 2668 4885 vectores
2693 4832 2759 4886 ad
2785 4834 2939 4889 tidem
2958 4835 3220 4894 adducere
3245 4860 3258 4892 :
3286 4856 3407 4895 nam
3434 4859 3541 4899 non
3575 4854 3633 4900 ut
3653 4848 3749 4900 sibi

2177 4922 2399 4988 gratiam
2434 4922 2709 4987 habt-rent,
2749 4927 2841 4982 sed
2883 4940 2939 4982 ut
2977 4928 3134 4985 dictis
3174 4932 3285 4986 suis
3324 4936 3629 5001 crederent,
3677 4942 3751 4994 sic

2179 5013 2426 5082 loquutus
2475 5026 2570 5073 est.
2623 5018 2752 5073 Illud
2796 5036 2944 5087 vero,
2988 5021 3205 5078 Donavit
3247 5026 3337 5080 tibi
3384 5027 3541 5095 Deus,
3590 5032 3752 5087 Paulo

2179 5104 2375 5158 dictum
2408 5117 2522 5173 est;
2552 5124 2614 5163 ac
2637 5112 2680 5163 si
2701 5109 2919 5166 dixisset
2950 5113 3134 5186 :Digui
3159 5117 3371 5185 quidem
3402 5132 3579 5177 morte
3606 5137 3749 5189 sunt,

2177 5201 2298 5269 quia
2344 5219 2447 5254 non
2475 5202 2824 5269 obediernnt;
2858 5222 3041 5261 verum
3084 5208 3134 5261 in
3172 5210 3244 5263 tui
3285 5212 3510 5281 gratiam
3540 5215 3641 5271 hoc
3673 5219 3749 5271 Iit.

2184 5291 2316 5346 «21.
2362 5293 2422 5346 Et
2470 5309 2587 5347 cum
2638 5296 2797 5351 multa
2840 5298 3011 5352 inedia
3058 5310 3264 5366 esset,»
3315 5304 3506 5375 inquit,
3560 5326 3580 5358 ι
3608 5318 3752 5364 stans

2178 5385 2376 5439 Paulus
2406 5386 2457 5439 in
2490 5387 2665 5441 medio
2708 5403 2891 5443 eorum
2923 5391 3056 5445 dixit
3079 5413 3092 5445 ι
3116 5395 3406 5462 Oportebat
3442 5399 3682 5467 quidem,
3719 5415 3752 5455 ο

2178 5475 2300 5541 viri,
2327 5476 2513 5532 audire
2539 5494 2642 5544 me,
2678 5495 2776 5533 nec
2807 5481 3015 5537 solvere
3050 5499 3079 5537 a
3121 5484 3297 5551 Creta,
3330 5502 3392 5541 ac
3416 5492 3589 5544 vitare
3618 5491 3749 5545 hanc

2148 5562 2424 5636 'injuriam
2467 5583 2520 5624 et
2539 5571 2823 5640 jacturam.
2874 5574 2963 5628 22.
3013 5574 3080 5629 Et
3125 5593 3267 5633 nunc
3295 5578 3482 5635 hortor
3522 5597 3654 5645 vos,
3697 5592 3749 5636 nt

2179 5659 2319 5713 bono
2356 5662 2539 5717 animo
2568 5664 2684 5718 suis
2712 5666 2949 5734 :jaetura
2990 5669 3130 5721 enim
3164 5671 3354 5724 anima:
3382 5673 3526 5726 nulla
3556 5676 3657 5727 erit
3686 5690 3746 5727 ex

2177 5753 2347 5817 vobis,
2379 5755 2472 5809 sed
2502 5766 2704 5811 tantum
2735 5760 2906 5813 navis.
2945 5760 3035 5814 23.
3068 5761 3284 5816 Adstitit
3310 5764 3453 5817 enim
3494 5764 3621 5819 mihi
3652 5765 3747 5819 hac

2182 5857 2335 5903 nocte
2361 5848 2582 5921 angelus
2609 5849 2723 5917 Dei,
2756 5853 2903 5923 cujus
2934 5867 3072 5920 sum,
3114 5866 3165 5911 ct
3200 5871 3356 5926 quem
3381 5858 3520 5922 colu,
3550 5859 3639 5919 21.
3671 5858 3748 5922 ὠν
