4098 6354
142 318 250 375 367

1241 316 1309 370 IN
1343 315 1521 374 ACTA
1559 318 2093 378 APOSTOLORUM.
2136 320 2367 381 IIOMIL.
2410 324 2539 381 LIII.

3468 335 3576 390 368

308 454 3473 490 ww

1528 537 1679 611 [τοι]
1707 540 1954 593 ΟΜΙΛΙΑ
2001 541 2128 596 Nl".

152 627 417 701 ’Δνέστη
446 628 514 682 δὲ
532 631 567 683 ό
591 625 892 701 ,ϐασιλεὺς
918 627 1017 701 καὶ
1040 629 1352 701 όᾼήτεμὼν,
1388 630 1428 698 ἢ
1447 647 1512 685 τε
1530 632 1808 701 Βερνίκη,

214 700 319 752 καί
357 702 413 752 οί
446 699 890 769 συγκαθήμενοι
928 697 1155 769 αὐτοῖς
1179 697 1333 753 (καί
1370 697 1809 769 ἀναχωρήσανο

217 786 319 832 τες
346 767 617 839 ἐλάλουν
641 769 791 839 πρὸς
813 767 1148 839 ἀλλήλους,
1175 767 1592 839 λέγοντες,“ὅτι
1625 767 1817 825 Οὐδὲν

215 838 486 909 θανάτου
518 836 694 903 ἄξιον
747 838 810 909 ἢκ
834 836 1080 909 δεσμῶν
1137 836 1399 907 πράσσει
1438 836 1478 894 ό
1504 840 1815 909 ἅνθρωπος

210 906 419 975 οὗτος.
439 908 763 977 Ἀγρίππας
778 905 853 959 δὲ
873 905 953 971 τῷ
974 905 1189 978 (ῥηστῴ
1204 910 1318 978 ἔφη
1343 928 1356 943 ·
1383 905 1815 964 Ἀπολελύσθαι

208 973 479 1102 ἓδιίνατο
509 973 556 1032 ’ό
602 973 913 1049 ἅνθρωπος
953 973 1150 1045 οὗτος,
1212 973 1262 1034 εί
1306 973 1401 1051 μὴ
1446 980 1814 1048 ἐπεκέκλητο

265 1067 306 1101 α
332 1065 512 1115 σαρα.

210 1134 288 1188 α’.
323 1134 466 1205 Ὀρα
497 1132 617 1197 πῶς
644 1134 740 1187 καὶ
772 1133 934 1188 πάλιν
966 1136 1105 1210 ὑπὲρ
1133 1136 1295 1190 αὐτοῦ
1325 1134 1650 1205 ψηφίζονται
1674 1152 1688 1165 ·
1717 1136 1812 1191 καὶ

132 1222 288 1292 μετά
316 1221 382 1274 τὸ
414 1224 608 1285 εἰπεῖν,
633 1223 854 1291 Μαίνῃ,
886 1223 1108 1292 ἀφιᾶσιν
1137 1224 1319 1287 αὑτὸν,
1344 1225 1403 1276 οὑ
1425 1224 1518 1276 τοῦ
1556 1224 1808 1289 Θανάτου,

128 1309 283 1363 ἀλλὰ
316 1309 545 1362 καὶτῶν
599 1309 814 1380 δεσμῶν
849 1326 863 1339 ο
903 1311 994 1363 καὶ
1040 1311 1221 1364 τέλεον
1266 1311 1330 1365 ἂν
1379 1312 1619 1382 ἀφῆκαν,
1652 1314 1699 1365 εί
1734 1311 1809 1383 μὴ

127 1397 405 1467 Καίσαρα
432 1397 787 1468 ἐπεκέκλητο.
822 1397 981 1451 Ἀλλά
1006 1398 1160 1452 τοῦτο
1182 1400 1540 1470 οἰκονομικῶς
1566 1401 1805 1468 γέγονεν·

125 1481 194 1532 οὐ
234 1482 401 1550 μόνον
421 1481 479 1534 δὲ
507 1480 683 1544 τοῦτο,
718 1480 853 1534 ἀλλά
896 1482 989 1534 καὶ¹
1041 1482 1100 1535 τὸ
1134 1482 1270 1551 μετά
1297 1483 1508 1552 δεσμῶν
1532 1484 1808 1538 ἀπελθεῖν.

123 1567 242 1619 Διὰ
267 1566 430 1620 τοῦτο
458 1567 609 1635 ἔλεγε
634 1577 655 1598 ⁸
684 1583 699 1598 °
731 1568 920 1637 Μέχρι
970 1566 1211 1637 δεσμῶν
1238 1569 1320 1635 ώς
1355 1570 1709 1639 κακοῦργος.
1746 1572 1809 1625 EI

122 1656 247 1727 γὰρ
272 1657 302 1709 ὁ
337 1656 545 1726 Κύριος
564 1656 729 1710 αὑτοῦ
753 1659 890 1726 μετὰ
914 1657 1132 1726 ἀνόμων
1158 1656 1432 1728 ἐλογίσθη,
1466 1658 1644 1729 πολλῷ
1671 1660 1808 1727 μᾶλ-

119 1742 228 1796 λον
268 1736 431 1807 οὗτος
463 1761 477 1774 ο
514 1743 630 1798 ἀλλ’
688 1743 879 1814 ῶσπερ
939 1745 1143 1808 ἐκεῖνος
1204 1745 1304 1797 οὐκ
1352 1745 1674 1817 ἐκοινώνησε
1710 1746 1808 1813 τῆς

119 1830 319 1901 δόξης,
350 1831 523 1895 οὕτως
551 1831 672 1885 οὐδὲ
699 1827 871 1893 οὗτος.
904 1831 977 1884 Τὸ
999 1832 1108 1902 γὰρ
1143 1830 1451 1901 θαυμαστὸν
1479 1833 1600 1885 τότε
1625 1832 1808 1900 φαίνε-

117 1936 247 1983 ται,
271 1919 336 1970 τὸ
366 1919 807 1990 ἀναμεμιγμένον
844 1918 1050 1982 τούτοις
1106 1918 1273 1989 μηδὲν
1309 1919 1450 1988 παρ’
1476 1920 1653 1973 αὐτῶν
1677 1919 1806 1990 βλά-

116 2005 395 2059 πτεσθαι.
438 2006 538 2073 Ὠς
560 2005 629 2059 δὲ
673 2007 879 2073 ἐκρίθη
905 2005 1011 2058 τοῦ
1058 2005 1357 2059 ἀποπλεῖν
1384 2004 1542 2074 ἡμᾶς
1577 2010 1665 2071 είς
1692 2007 1809 2075 τὴν

130 2091 437 2156 Ἰταλίαν,
468 2092 832 2161 παρεδίδουν
856 2092 964 2145 τόν
986 2108 1052 2146 τε
1077 2092 1324 2147 Παῦλον
1348 2093 1449 2146 καί
1483 2110 1649 2160 τινας
1682 2094 1807 2148 ἐτέ-

108 2203 280 2254 ρους
329 2182 641 2252 δεσμώτας
707 2181 1115 2251 ἑκατοντάρχῃ
1140 2222 1155 2247 ,
1218 2184 1463 2251 ὀνόματι
1532 2184 1765 2247 Ἰουλίῳ
1788 2226 1803 2251 ,

118 2274 393 2341 σπειζοας
423 2268 748 2338 Σεϐαστῆς.
802 2269 1142 2334 Ἐπιϐάντες
1186 2269 1255 2322 δὲ
1290 2272 1482 2337 πλοίῳ
1523 2270 1805 2341 Ἀδραμυ-

116 2358 317 2426 τηνῷ,
352 2357 691 2427 μέλλοντες
722 2356 901 2411 πλεῖν
947 2357 1092 2423 τοὺς
1142 2358 1292 2411 κατὰ
1326 2357 1443 2425 τὴν
1472 2359 1683 2412 Ἀσίαν
1706 2360 1806 2412 τό-

112 2462 309 2512 πους,
361 2444 735 2514 ἀνήχθημεν,
775 2443 949 2509 ὄντος
1015 2443 1137 2498 σὺν
1207 2443 1351 2513 ἡμῖν
1412 2445 1804 2516 Ἀριστάρχου

108 2534 483 2601 Μακεδόνος
543 2532 1049 2600 Θεσσαλονικέως.
1091 2532 1171 2603 Τῇ
1206 2534 1274 2587 δέ
1309 2532 1479 2604 ἑτέρᾳ
1502 2535 1805 2605 κατήχθη-

104 2640 242 2693 μεν
257 2625 351 2688 είς
388 2619 640 2675 Σιδῶνα.
668 2621 811 2691 Ὅρα
852 2620 1011 2692 μέχρι
1034 2620 1137 2673 ποῦ
1162 2620 1479 2692 συνέρχεται
1507 2622 1583 2692 τῷ
1606 2623 1804 2693 Παύλῳ

109 2716 216 2765 καὶ
246 2709 637 2781 Ἀρίσταρχος.
658 2706 853 2772 Καλῶς
878 2708 973 2761 καὶ
995 2709 1284 2779 χρησίμως
1315 2709 1578 2781 πάρεστιν
1598 2712 1627 2763 ό
1659 2710 1804 2781 Ἀρί-

113 2815 391 2871 σταρχος,
428 2797 639 2868 μέλλων
685 2797 904 2850 ἅπαντα
931 2796 1298 2865 ἀπαγγέλλειν
1343 2800 1422 2861 είς
1441 2797 1799 2852 Μακεδονίαν.

110 2884 567 2953 Φιλανθρώπως
588 2900 654 2936 τε
674 2886 707 2937 ό
752 2884 1005 2951 Ἰούλιος
1040 2881 1119 2948 τῷ
1158 2885 1375 2948 Παύλῳ
1398 2884 1799 2953 χρησάμενος,

108 2974 423 3043 ἐπέτρεψε
445 2971 600 3041 πρὸς
627 2972 770 3036 τοὺς
813 2971 1034 3039 φίλους
1063 2969 1431 3038 πορευθέντα
1462 2972 1803 3041 ἐπιμελείας

108 3062 355 3132 τυχεῖν.
401 3058 693 3114 Κάκεῖθεν
743 3057 1107 3126 ἀναχθέντες
1167 3061 1641 3129 ὑπεπλεύσαμεν
1684 3060 1802 3127 τὴν

110 3154 369 3218 Κύπρον
392 3148 497 3201 διὰ
524 3146 590 3200 τὸ
628 3146 771 3212 τοὺς
807 3146 1069 3215 ἀνέμους
1110 3146 1264 3200 εἶναι
1296 3147 1628 3213 ἐναντίους.
1658 3148 1799 3200 Ἐπ-

106 3239 371 3306 έτρεψε,
432 3234 585 3305 φησὶ,
640 3234 913 3298 Ἰούλιος,
967 3232 1399 3301 φιλανθρώπως
1445 3233 1526 3297 τῷ
1583 3236 1801 3302 Παύλῳ

108 3322 534 3395 χρησάμενος.
554 3318 749 3382 Καλῶς
783 3319 956 3372 ποιῶν
987 3319 1146 3371 τοῦτο
1167 3320 1474 3391 ἐπιτρέπει,
1504 3320 1644 3374 ὥστε
1680 3322 1799 3374 ἐπι-

112 3414 345 3485 μελείας
385 3413 573 3482 τυχεῖν
598 3407 902 3465 ἀπελθόντα
940 3407 1093 3479 παρὰ
1113 3409 1240 3471 τοὺς
1265 3408 1579 3479 γνωρίμους
1607 3427 1621 3440 ·
1652 3410 1799 3473 εἰκὸς

106 3506 216 3575 γὰρ
241 3499 319 3574 ἦν
350 3500 522 3555 αὑτὸν
557 3498 667 3552 ἀπὸ
687 3496 888 3567 πολλῆς
924 3495 1221 3557 κακώσεως
1246 3492 1387 3550 εἶναι
1413 3497 1523 3551 τῶν
1557 3496 1794 3567 δεσμῶν,

105 3592 200 3644 τοῦ
228 3588 437 3659 φόϐου,
476 3584 573 3639 τοῦ
594 3583 824 3653 ἄγεσθαι
865 3583 959 3636 καὶ
998 3582 1282 3655 φέρεσθαι.
1321 3584 1462 3655 Ὅρα
1510 3584 1628 3648 πῶς
1676 3584 1795 3638 οὐδὲ

107 3680 270 3733 τοῦτο
303 3675 570 3748 κρύπτει,
608 3675 691 3727 ὅτι
734 3671 986 3724 ἐϐούλετο
1030 3671 1345 3741 ἐπιμελείας
1388 3676 1590 3741 τυχεῖν.
1626 3673 1795 3726 Πάλιν

109 3764 448 3837 πειρασμοὶ,
509 3760 673 3814 πάλιν
722 3760 913 3829 ἄνεμοι
969 3757 1221 3813 ἐναντίοι.
1257 3758 1401 3829 Ὅρα
1441 3758 1529 3811 διὰ
1578 3758 1795 3813 πάντων

110 3856 252 3908 οὕτω
284 3852 388 3905 τὸν
430 3849 544 3920 βίον
588 3848 697 3902 τῶν
732 3848 903 3915 ἁγίων
948 3845 1306 3915 ὑφαινόμενον
1342 3863 1357 3876 ο
1398 3845 1656 3915 ἐξέφυγον
1680 3847 1711 3887 1)
1733 3847 1796 3900 τὸ

108 3944 499 4012 δικαστήριον,
550 3938 644 3991 καὶ
681 3934 1075 4008 περιπίπτουσι
1109 3934 1350 4005 ναυαγίῳ
1384 3935 1479 3988 καὶ
1515 3934 1743 4006 χειμῶνι
1776 3950 1790 3966 ο

110 4033 255 4085 aut
278 4027 491 4100 δηλῶν,
552 4026 747 4093 ἐπάγει
779 4038 793 4054 °
850 4024 921 4077 Τό
978 4038 1044 4076 τε
1097 4021 1360 4091 πέλαγος
1386 4022 1451 4075 τὸ
1486 4023 1637 4076 κατὰ
1679 4021 1794 4089 τὴν

108 4118 404 4173 Κιλικίαν
431 4113 530 4167 καὶ
565 4111 930 4181 Παμφυλίαν
971 4110 1472 4174 διαπλεύσαντες,
1503 4108 1790 4173 κατήλθο-

104 4224 216 4276 μεν
251 4208 353 4269 εις
383 4204 557 4270 Μύρα
588 4200 700 4269 τῆς
738 4200 983 4265 Λυκίας.
1010 4196 1198 4252 Κάκεῖ
1220 4196 1411 4264 εὑρὼν
1447 4199 1479 4250 ό
1520 4196 1792 4250 ἑκατόντ-

110 4311 298 4364 αρχος
326 4288 549 4343 πλοῖον
575 4285 1033 4354 Ἀλεξανδρῐνον
1055 4283 1247 4338 πλέον
1259 4286 1345 4349 είς
1368 4283 1483 4351 τὴν
1509 4284 1788 4346 Ἰταλίαν,

110 4382 483 4437 ἀνεϐίϐασεν
509 4374 668 4447 ἡμᾶς
705 4378 793 4441 είς
845 4375 1017 4429 αὑτό.
1054 4372 1264 4441 Εὑρὼν
1315 4372 1551 4436 πλοῖον,
1604 4371 1788 4443 φησὶν,

122 4465 621 4535 Ἀλεξανδρῖνον.
661 4464 901 4526 Εἰκότως
932 4462 1276 4532 εὑρίσκεται,
1332 4460 1472 4512 ὥστε
1504 4459 1791 4523 κάκείνους

112 4558 458 4630 ἀπαγγεῖλαι
484 4558 564 4619 είς
590 4554 688 4625 τὴν
706 4554 895 4607 Ἀσίαν
926 4552 995 4606 τὰ
1025 4552 1167 4606 κατὰ
1198 4551 1288 4605 τὸν
1310 4551 1517 4605 Παῦλον
1545 4552 1638 4605 καὶ
1663 4551 1789 4604 τού-

110 4668 229 4713 τους
255 4650 345 4712 εῖς
390 4648 491 4716 τὴν
548 4643 776 4697 Λυκίαν.
802 4643 946 4713 Ὅρα
969 4641 1060 4694 τὸν
1105 4640 1238 4692 Θεὸν
1287 4640 1437 4693 οὐδὲν
1485 4638 1790 4704 καινίζοντα

111 4739 225 4792 οὐδὲ
249 4733 689 4807 μεταϐάλλοντα,
716 4730 852 4785 ἀλλά
877 4728 1103 4799 ἀφιέντα
1127 4727 1286 4781 αὑτὸν
1307 4729 1387 4791 εἰς
1405 4730 1531 4791 τοὺς
1555 4730 1789 4799 ἀνέμους

113 4828 231 4891 τοὺς
266 4820 687 4892 ἀνεπιτηδείους
729 4818 906 4872 πλεῖν.
953 4815 1114 4871 Ἀλλά
1168 4815 1263 4870 καὶ
1311 4815 1455 4869 οὕτω
1495 4816 1679 4886 θαῦμα
1704 4816 1791 4887 ἐρ-

114 4916 370 4981 γάζεται.
404 4911 569 4962 ’Ὥστε
592 4908 701 4976 γὰρ
728 4905 987 4975 ἀσφαλῶς
1016 4906 1190 4971 πλεῖν,
1219 4905 1320 4957 οὐκ
1346 4904 1561 4974 ἀφῆκεν
1589 4904 1786 4969 αὐτοὺς

118 5001 262 5076 [398]
281 5003 374 5063 εἰς
395 4997 654 5065 πέλαγος,
677 4995 792 5048 ἀλλ’
810 4996 896 5047 ἀεὶ
914 5012 987 5046 πα
995 4993 1063 5064 ρὰ
1078 4993 1182 5063 γῆν
1209 4992 1422 5047 ἔπλεον.
1439 4993 1535 5044 Ἑν
1556 4993 1789 5059 ἱκαναῖς

117 5091 181 5143 δὲ
219 5087 485 5160 ἡμέραις
528 5082 1063 5153 ,ϐραδυπλοοῦντες
1087 5121 1102 5145 ,
1142 5082 1242 5134 καί
1266 5082 1446 5151 μόλις
1483 5082 1789 5151 γενόμενοι

116 5181 262 5232 κατὰ
291 5175 415 5243 τὴν
437 5173 680 5234 Κνίδον,
708 5171 794 5240 μὴ
820 5169 1199 5237 προσεῶντος
1220 5169 1377 5239 ἡμᾶς
1415 5169 1520 5223 τοῦ
1541 5169 1786 5239 ἀνέμου,

116 5264 594 5332 ὑπεπλεύσαμεν
617 5258 732 5326 τὴν
748 5258 987 5329 Ιιζοήτην
1002 5258 1150 5312 κατὰ
1164 5256 1514 5327 Σαλμώνην·
1533 5259 1706 5326 μόλις
1725 5275 1788 5312 τε

119 5355 599 5425 παραλεγόμενοι
635 5346 850 5415 αὐτὴν,
875 5346 1139 5416 ἤλθομεν
1176 5349 1265 5411 εὶς
1306 5346 1494 5399 τόπον
1520 5345 1654 5398 τινὰ
1684 5364 1789 5401 κα-

116 5447 420 5513 λούμενον
435 5436 673 5502 Καλοὺς
690 5433 957 5504 λιμένας,
973 5426 1021 5500 ᾧ
1034 5432 1214 5503 ἐγγὺς
1237 5433 1318 5501 ἦν
1336 5434 1512 5498 πόλις
1531 5434 1785 5487 Λασαία.

130 5529 369 5587 Ἱκανοῦ
422 5527 490 5580 δὲ
536 5526 761 5594 χρόνου
805 5521 1267 5592 διαγενομένου,
1320 5519 1420 5573 καὶ
1463 5518 1637 5586 ὄντος
1668 5520 1787 5587 ἤδη

123 5621 225 5674 τοῦ
245 5618 441 5682 πλοὸς
459 5610 838 5682 ἐπισφαλοῦς
875 5609 973 5663 διὰ
994 5609 1059 5662 τὸ
1084 5607 1183 5661 καὶ
1212 5607 1326 5675 τὴν
1356 5609 1645 5674 νηστείαν
1669 5607 1786 5676 ἤδη

124 5702 634 5776 παρεληλυθέναι,
674 5699 928 5765 παρῄνει
950 5699 981 5750 ὀ
1024 5696 1283 5761 Παῦλος,
1312 5696 1519 5760 αὑτοῖς
1538 5695 1731 5765 λέγων
1772 5712 1784 5723 ⁸

128 5796 388 5863 Ἄνδρες,
417 5788 631 5859 θεωρῶ,
662 5786 751 5840 ὅτι
769 5786 920 5855 μετὰ
946 5786 1164 5853 ὕϐρεως
1201 5784 1299 5837 καί
1318 5783 1555 5852 πολλῆς
1583 5784 1785 5856 ζημίας

190 5944 326 5999 um
343 5942 486 5993 τοῦτο
514 5942 643 6004 ἔλεγε
664 5940 806 5991 deest
830 5938 881 5986 in
905 5946 1018 5985 uno.
1086 5932 1113 5972 δ
1141 5929 1275 5981 Unus
1300 5932 1501 5994 ἐξέφυγε,

1919 635 1992 686 οὑ
2014 635 2209 702 μόνον
2252 636 2358 690 τοῦ
2400 636 2647 705 φορτίου
2693 636 2792 689 καί
2838 637 2947 693 τοῦ
3005 640 3242 706 πλοίου,
3290 642 3451 698 ἀλλὰ
3478 649 3576 700 καί

1916 716 2037 769 τῶν
2058 717 2277 787 ψυχῶν
2294 718 2464 789 ἡμῶν
2511 719 2762 789 μέλλειν
2823 721 3073 777 ἔσεσθαι
3112 724 3218 777 τὸν
3248 727 3468 782 πλοῦν.
3523 731 3576 783 Ὁ

1827 839 1850 856 κ
1915 803 1983 857 δὲ
2020 805 2455 875 ἑκατόνταρχος
2506 805 2586 872 τῷ
2631 808 2969 878 κυϐερνήτῃ
3007 810 3105 864 καὶ
3141 811 3222 876 τῷ
3258 816 3579 885 ναυκλήρῳ

1913 893 2180 948 ἐπείθετο
2214 894 2476 962 μᾶλλον,
2505 895 2544 963 ἣ
2596 895 2717 962 τοῖς
2754 896 2874 950 ὑπὸ
2923 896 3030 951 τοῦ
3072 900 3315 953 Παύλου
3342 905 3580 974 λεγομέ-

1912 995 2062 1045 νοις.
2095 980 2209 1051 Τὴν
2233 980 2489 1051 νηστείαν
2522 981 2756 1035 ἐνταῦθα
2809 982 2908 1052 τὴν
2951 983 3060 1037 τῶν
3106 985 3370 1041 Ἰουδαίων
3399 988 3577 1058 λέγειν

1912 1064 2174 1135 ἠγοῦμαι.
2199 1066 2353 1119 Μετὰ
2378 1066 2487 1138 γὰρ
2530 1068 2631 1137 τὴν
2678 1068 3050 1140 πεντηκοστὴν
3093 1070 3312 1143 ἐξῆλθον
3366 1075 3577 1131 ἐκεῖθεν

1914 1153 2050 1222 μετά
2077 1153 2244 1208 πολὺν
2297 1156 2508 1226 χρόνον,
2560 1156 2637 1219 ὼς
2675 1157 2732 1209 ἐν
2786 1157 2935 1224 αὺτῷ
2984 1159 3166 1228 σχεδὸν
3216 1160 3294 1232 τῷ
3348 1166 3574 1234 χειμῶνι

1912 1241 2311 1310 παραγενέσθαι
2346 1245 2427 1307 είς
2459 1245 2526 1297 τά
2566 1245 2703 1315 μέρη
2733 1244 2834 1314 τῆς
2857 1246 3099 1316 Κρήτης.
3128 1249 3235 1302 Καὶ
3257 1249 3481 1305 τοῦτοδὲ
3510 1254 3572 1306 οὐ

1914 1327 2106 1397 μικρὸν
2141 1327 2358 1396 θαῦμα,
2396 1330 2455 1383 τὸ
2507 1331 2834 1403 διασωθῆναι
2883 1333 2949 1385 δι’
2988 1335 3151 1387 αὑτὸν
3192 1337 3285 1390 καὶ
3313 1339 3571 1403 ἐκείνους.

1915 1414 2187 1481 Ἄνδρες,
2214 1415 2424 1484 θεωρῶ,
2458 1417 2546 1471 ὅτι
2580 1421 2731 1487 μετὰ
2795 1420 3016 1487 ὕϐρεως
3072 1421 3169 1474 καί
3198 1423 3432 1491 πολλῆς
3479 1424 3573 1494 ζη-

1904 1506 2070 1570 μίας,
2096 1503 2280 1572 φησὶν,
2314 1507 2384 1558 οὑ
2414 1506 2605 1574 μόνον
2632 1505 2737 1560 τοῦ
2774 1508 3019 1575 φορτίου
3054 1508 3154 1562 καί
3199 1510 3305 1564 τοῦ
3332 1514 3571 1577 πλοίου,

1910 1589 2186 1644 ἀλλὰκαὶ
2231 1589 2351 1645 τῶν
2403 1592 2620 1662 ψυχῶν
2668 1595 2836 1663 ἡμῶν
2880 1595 3135 1664 μέλλειν
3188 1598 3435 1652 ἔσεσθαι
3468 1600 3576 1653 τὸν

1908 1680 2128 1734 πλοῦν.
2166 1682 2225 1735 '0
2260 1682 2357 1752 μὲν
2410 1678 2503 1736 οὖν
2549 1683 2760 1747 Παῦλος
2810 1686 3060 1739 ἐκέλευσε
3112 1688 3316 1758 μένειν,
3377 1689 3471 1743 καὶ
3505 1690 3573 1745 τά

1911 1769 2173 1839 μέλλοντα
2220 1770 2475 1840 προλέγει
2513 1788 2526 1803 ·
2562 1774 2759 1827 ἐκεῖνοι
2823 1775 2881 1828 δὲ
2926 1776 3291 1846 ἐπειγόμενοι,
3350 1777 3444 1831 καὶ
3467 1778 3572 1832 ὑπὸ

1906 1856 1999 1909 τοῦ
2062 1858 2228 1912 τόπου
2270 1857 2622 1929 κωλυόμενοι,
2682 1860 2871 1932 ῆθελον
2923 1864 3003 1926 είς
3037 1863 3253 1917 Φοίνικα
3302 1879 3570 1936 παραχει-

1910 1944 2102 2015 μάσαι.

1978 2031 2043 2101 β’.
2074 2034 2181 2086 Καὶ
2211 2035 2401 2088 σκόπει
2430 2036 2528 2108 τὴν
2562 2037 2872 2107 οἰκονομίαν
2892 2053 2905 2067 ο
2944 2036 3160 2109 πρῶτον
3203 2038 3302 2110 μὲν
3330 2037 3473 2112 ἦραν
3507 2041 3572 2095 τὸ

1909 2120 2117 2189 σκάφος
2144 2122 2237 2175 καὶ
2266 2124 2577 2195 ἐξήρχοντο,
2602 2124 2791 2178 ἔπειτα
2820 2125 2893 2188 ὡς
2916 2126 3173 2179 ἐνέπεσεν
3196 2128 3417 2198 ἄνεμος,
3462 2129 3570 2182 ἐδί-

1903 2206 2026 2259 δουν
2056 2206 2133 2277 τῷ
2161 2208 2399 2277 φέροντι,
2458 2212 2553 2265 καὶ
2604 2212 2756 2282 μόλις
2790 2212 3074 2276 ἐσώζοντο.
3112 2215 3461 2270 Ἀνευθέτου
3499 2216 3569 2268 δὲ

1904 2294 2013 2348 τοῦ
2047 2296 2295 2364 λιμένος
2340 2298 2722 2366 ὑπάρχοντος
2769 2301 2917 2367 πρὸς
2969 2303 3480 2371 παραχειμασίαν,
3510 2305 3566 2356 οι

1904 2383 2155 2449 πλείους
2176 2383 2381 2439 ἔθεντο
2430 2386 2677 2453 ,ϐουλὴν
2730 2386 3065 2455 ἀναχθῆναι
3092 2388 3337 2453 ἐκεῖθεν,
3363 2388 3420 2442 εἴ
3442 2406 3566 2456 πως

1902 2469 2183 2525 δύναιντο
2205 2473 2693 2542 καταντήσαντες
2718 2476 2805 2540 είς
2830 2476 3075 2529 Φοίνικα
3101 2475 3561 2545 παραχειμάσαι,

1901 2556 2116 2625 λιμένα
2143 2559 2251 2626 τῆς
2286 2559 2521 2628 Κρήτης
2548 2560 2861 2623 ,ϐλέποντα
2915 2563 3066 2616 κατὰ
3100 2564 3241 2617 λίϐα
3287 2563 3383 2616 καὶ
3412 2564 3565 2617 κατὰ

1901 2643 2125 2711 Χῶρον.
2175 2644 2698 2713 Ὑποπνεύσαντος
2746 2646 2814 2699 δὲ
2862 2648 3062 2713 νότου,
3115 2648 3403 2715 δόξαντες
3453 2649 3563 2719 τῆς

1902 2731 2241 2800 προθέσεως
2264 2734 2712 2801 κεκρατηκέναι,
2743 2735 2996 2803 ἄραντες
3034 2736 3281 2802 Ἄσσον,
3312 2739 3563 2805 παρελέ-

1902 2837 2078 2889 γοντο
2101 2820 2217 2889 τὴν
2242 2821 2503 2889 Κρήτην.
2531 2827 2650 2877 Μετ
2666 2824 2681 2845 ‘
2706 2826 2777 2878 οὑ
2808 2825 2967 2878 πολὺ
2990 2825 3059 2877 δὲ
3088 2825 3265 2880 ἔϐαλε
3293 2828 3430 2880 κατ’
3453 2830 3561 2883 αὑ-

1901 2911 2013 2976 τὴν
2049 2910 2269 2979 ἄνεμος
2298 2912 2646 2980 τυφωνικὸς,
2677 2916 2709 2966 ό
2742 2915 3113 2984 καλούμενος
3143 2917 3557 2980 Εὑροκλύδων·

1856 3018 1861 3025 ·
1899 2999 2436 3066 συναρπασθέντος
2483 2999 2551 3052 δὲ
2586 2999 2693 3054 τοῦ
2730 3002 2945 3055 πλοίου
2970 3002 3069 3056 καὶ
3102 3005 3186 3073 μὴ
3218 3004 3559 3074 δυναμένου

1898 3087 2340 3158 ἀντοφθαλμεῖν
2369 3090 2451 3154 τῷ
2472 3090 2686 3158 ἀνέμῳ,
2726 3091 3036 3158 ἐπιδόντες
3062 3094 3409 3163 ἐφερόμεθα.
3436 3098 3558 3164 Νη-

1898 3177 2038 3230 σίον
2092 3176 2159 3229 δέ
2210 3195 2265 3231 τι
2316 3177 2763 3246 ὑποδραμόντες
2811 3181 3188 3249 καλούμενον
3251 3182 3556 3251 Κλαύδην,

1891 3266 2073 3332 μόλις
2095 3267 2436 3334 ίσχύσαμεν
2455 3266 2824 3334 περικρατεῖς
2846 3267 3122 3336 γενέσθαι
3153 3269 3261 3335 τῆς
3290 3270 3555 3338 σκάφης⁹

1896 3352 1978 3419 ἣν
2004 3355 2275 3421 ἄραντες,
2332 3354 2642 3420 ,ϐοηθείαις
2703 3353 2965 3423 ἐχρῶντο
3018 3354 3465 3423 ὑποζωννύντες
3489 3357 3559 3412 τὸ

1895 3442 2113 3495 πλοῖον
2140 3460 2154 3473 ·
2177 3442 2534 3511 φοϐούμενοί
2555 3459 2619 3495 τε
2636 3442 2722 3511 μὴ
2747 3445 2833 3508 εἰς
2856 3442 2971 3511 τὴν
2997 3445 3209 3512 Σύρτιν
3232 3444 3556 3516 ἐκπέσωσι,

1895 3531 2276 3601 χαλάσαντες
2327 3532 2398 3585 τὰ
2437 3530 2598 3584 ίστία
2632 3531 2821 3597 οὕτως
2841 3530 3143 3600 ἐφέροντο.
3184 3532 3461 3601 Σφοδρῶς
3488 3533 3559 3587 δὲ

1894 3619 2323 3688 χειμαζομένων
2364 3617 2548 3687 ἡμῶν,
2591 3617 2664 3687 τῇ
2715 3618 2863 3686 ἑξῆς
2913 3619 3176 3686 ἐκϐολὴν
3201 3620 3513 3674 ἐποιοῦντο
3539 3638 3555 3652 ·

1894 3709 1993 3761 καί
2018 3706 2094 3776 τῇ
2121 3709 2286 3777 τρίτῃ
2317 3708 2659 3775 αὐτόχειρες
2690 3706 2803 3773 τὴν
2834 3707 3069 3775 σκευὴν
3089 3708 3196 3761 τοῦ
3230 3709 3447 3763 πλοίου
3469 3708 3558 3778 ἐρ·

1884 3796 2174 3865 ῥίψαμεν.
2201 3795 2365 3861 Μήτε
2396 3794 2464 3847 δὲ
2495 3795 2671 3862 ἡλίου
2708 3793 2862 3862 μήτε
2908 3795 3146 3861 ἄστρων
3184 3795 3557 3863 έπιφαινομέ·

1893 3900 2018 3937 νων
2046 3883 2145 3935 ἐπὶ
2172 3883 2459 3946 πλείονας
2482 3881 2726 3950 ἡμέρας,
2779 3880 3071 3948 χειμῶνός
3118 3899 3183 3935 τε
3208 3885 3317 3935 οὑκ
3346 3884 3554 3951 ὀλίγου

1891 3974 2294 4041 ἐπικειμένου,
2334 3969 2552 4023 λοιπὸν
2576 3968 2903 4036 περιῃρεῖτο
2928 3966 3096 4022 πᾶσα
3117 3968 3295 4034 ἐλπὶς
3312 3970 3420 4023 τοῦ
3446 3969 3557 4023 σώ-

1893 4061 2091 4123 ζεσθαι
2114 4058 2289 4128 ἡμᾶς.
2325 4057 2573 4126 Πολλῆς
2594 4054 2662 4109 δὲ
2691 4056 2929 4121 ἀσιτίας
2963 4058 3379 4124 ὑπαρχούσης,
3420 4059 3555 4112 τότε

1891 4148 2134 4215 σταθείς
2161 4151 2192 4201 ὁ
2215 4147 2455 4211 Παῦλος
2490 4146 2561 4199 ἐν
2580 4144 2743 4213 μέσῳ
2769 4144 2986 4206 αὐτῶν,
3010 4141 3197 4199 εἶπεν.
3231 4145 3389 4214 Ὅρα·
3416 4147 3553 4215 μετά

1890 4238 1981 4290 τὸν
2011 4233 2262 4288 τοσοῦτον
2290 4232 2534 4304 χειμῶνα
2571 4233 2671 4285 οὐκ
2707 4232 3051 4301 ἐπεμϐαίνων
3092 4232 3275 4295 αὐτοῖς
3307 4232 3551 4301 διαλέγε-

1889 4343 2000 4388 ται,
2031 4323 2167 4378 ἀλλά
2199 4322 2516 4393 βουλόμενος
2569 4319 2672 4373 κᾶν
2733 4321 2813 4383 είς
2868 4319 2928 4372 τὸ
2961 4319 3150 4389 μέλλον
3177 4319 3550 4389 πιστευθῆναι.

1893 4413 2056 4466 Ὅθεν
2084 4411 2178 4466 καὶ
2202 4412 2270 4464 τὰ
2295 4409 2640 4480 γεγενημένα
2682 4407 3101 4479 παραλαμϐάνει
3134 4409 3214 4471 εἰς
3246 4408 3552 4478 μαρτυρίαν

1889 4501 1988 4572 τῆς
2011 4500 2120 4552 τῶν
2151 4498 2536 4571 ῥηθησομένων
2580 4496 2857 4567 ἀληθείας.
2905 4495 3013 4549 Καὶ
3033 4495 3126 4549 δύο
3157 4495 3431 4565 προλέγει,
3470 4495 3552 4548 ὃτι

1889 4604 1951 4639 τε
1974 4586 2054 4649 εἰς
2080 4585 2243 4654 νῆσον
2275 4586 2527 4639 ἐκπεσεῖν
2559 4583 2659 4647 δεῖ,
2709 4584 2804 4636 καὶ
2842 4582 2923 4634 ὅτι
2971 4582 3030 4635 τὸ
3066 4582 3163 4651 μὲν
3199 4580 3380 4634 πλοῖον
3416 4582 3552 4633 ἀπο-

1890 4677 2079 4740 λεῖται,
2113 4674 2241 4728 οίδέ
2289 4674 2498 4735 ἐνόντες
2551 4672 2881 4743 σωθήσονται
2933 4673 3089 4740 (ὅπερ
3120 4673 3219 4724 οὐκ
3264 4666 3331 4740 ἦν
3365 4688 3554 4741 στοχα-

1894 4763 2053 4835 σμοῦ,
2089 4762 2225 4816 ἀλλὰ
2263 4760 2645 4832 προφητείας),
2695 4761 2789 4813 καὶ⁵
2847 4760 2928 4812 ὅτι
2986 4757 3148 4811 αὐτὸν
3191 4758 3426 4826 Καίσαρι
3472 4758 3555 4809 δεῖ

1892 4852 2254 4923 παραστῆναι.
2278 4850 2351 4902 Τὸ
2374 4850 2451 4913 δέ,
2474 4847 2835 4916 Κεχάρισταί
2880 4862 2978 4899 σοι
3018 4848 3050 4898 ό
3087 4845 3228 4909 Θεὸς
3257 4844 3549 4907 ἅπαντας,

1889 4940 2026 5010 ὅπερ
2056 4934 2229 5001 εἶπεν,
2272 4938 2373 4990 οὐκ
2396 4934 2545 5008 [599]
2572 4935 2885 4997 ἀλαζονείας
2920 4934 3089 4993 ἐστὶν,
3122 4930 3256 4984 ἀλλὰ
3299 4929 3554 4999 βουλομέ-

1891 5044 1982 5082 νου
2018 5025 2465 5097 προσαγαγέσθαι
2496 5023 2619 5085 τοὺς
2640 5020 2974 5091 ἐμπλέοντας
3000 5035 3013 5048 -
3041 5018 3140 5089 οὺχ
3160 5018 3248 5071 ἵνα
3271 5016 3376 5087 γὰρ
3405 5016 3553 5089 αὐτῷ

1891 5110 2051 5188 χάριν
2074 5116 2287 5186 ἔχωσιν,
2334 5114 2445 5166 ἀλλ’
2486 5112 2573 5164 ἵνα
2606 5109 2902 5162 πείθωνται
2932 5109 3043 5171 τοῖς
3086 5107 3180 5159 ὑπ’
3211 5106 3375 5161 αὑτοῦ
3405 5106 3554 5174 λεγο-

1895 5208 2103 5278 μένοις,
2126 5204 2300 5266 οὕτως
2324 5198 2467 5255 εἷπε.
2504 5200 2578 5253 Τὸ
2610 5199 2689 5262 δὲ,
2716 5196 3077 5266 Κεχάρισταί
3107 5211 3205 5250 σοι
3228 5199 3261 5249 ό
3290 5194 3454 5259 Θεὸς,
3474 5194 3552 5265 τῷ

1893 5295 2091 5365 Παύλῳ
2110 5295 2346 5364 εῑρηται.
2394 5287 2565 5342 Τοῦτο
2605 5284 2886 5357 μονονουχὶ
2923 5283 3096 5353 λέγων
3146 5282 3294 5353 αὐτῷ
3324 5298 3338 5313 ο
3375 5281 3552 5346 ’Ἃξιοι

1895 5383 1993 5452 μὲν
2017 5380 2152 5433 εἰσὶν
2182 5376 2495 5441 ἀποθανεῖν,
2530 5372 2717 5444 ἐπειδὴ
2744 5373 3099 5443 παρήκουσαν
3130 5387 3144 5400 ο
3185 5369 3323 5440 πλὴν
3345 5369 3424 5430 είς
3452 5367 3551 5439 τὴν

1890 5472 2050 5541 χάριν
2079 5468 2175 5538 τὴν
2207 5467 2305 5537 σὴν
2356 5464 2513 5519 τοῦτο
2554 5464 2780 5531 γίνεται.
2820 5457 3060 5527 Πολλῆς
3094 5458 3183 5521 δὲ,
3214 5457 3397 5526 φησὶν,
3420 5456 3550 5508 ἀσι-

1890 5560 1947 5611 τί
1954 5577 2027 5623 ας
2051 5554 2469 5625 ὑπαρχούσης,
2499 5552 2632 5605 τότε
2661 5548 2904 5613 σταθεὶς
2932 5549 2965 5601 ό
2998 5546 3242 5610 Παῦλος
3276 5543 3346 5596 ὲν
3380 5542 3550 5610 μέσῳ

1889 5648 2089 5702 αὐτῶν
2107 5645 2277 5701 εἷπεν
2298 5662 2312 5676 ·
2342 5643 2499 5697 Ἔδει
2516 5642 2652 5710 μὲν,
2680 5660 2727 5694 ω
2778 5638 3010 5705 ἄνδρες,
3029 5629 3549 5699 πειθαρχήσαντάς

1885 5755 2006 5808 μοι,
2032 5736 2117 5806 μὴ
2152 5735 2477 5805 ἀνάγεσθαι
2509 5734 2627 5787 ἀπὸ
2675 5729 2785 5797 τῆς
2828 5725 3082 5794 Κρήτης,
3141 5718 3431 5808 κερδῆσαί
3486 5735 3549 5771 τε

1890 5806 2006 5893 ﬁt?“
2036 5826 2207 5893 ὕϐριν
2238 5825 2463 5888 ταύτην
2501 5820 2598 5875 καὶ
2629 5818 2743 5885 τὴν
2781 5815 3011 5884 ζημίαν.
3050 5808 3156 5864 Καὶ
3184 5806 3374 5861 τανῦν
3394 5821 3546 5893 παρη

1900 5891 2043 5969 αινῶ
2068 5891 2222 5984 ὑμᾶς
2260 5910 2538 5979 εὐθυμεῖν
2573 5926 2585 5938 '
2633 5902 2905 5969 ἀποϐολὴ
2932 5900 3039 5970 γὰρ
3068 5893 3275 5968 ψυχῆς
3307 5891 3552 5962 οὐδεμία
