  <div class='ocr_page' id='page_1' title='image "/cluster/home/n/w/nwhite01/storage/ocr_20150623/60/hvd.32044019207810/375.png"; bbox 0 0 3948 6462; ppageno 0'>
   <div class='ocr_carea' id='block_1_1' title="bbox 663 296 798 396">
    <p class='ocr_par' dir='ltr' id='par_1_1' title="bbox 663 296 798 396">
     <span class='ocr_line' id='line_1_1' title="bbox 663 296 798 396; baseline -0.007 -1"><span class='ocrx_word' id='word_1_1' title='bbox 663 296 666 298; x_wconf 50' lang='grc'><em>’</em></span> <span class='ocrx_word' id='word_1_2' title='bbox 701 339 798 396; x_wconf 67' lang='grc' dir='ltr'><strong>δτι</strong></span> 
     </span>
    </p>
   </div>
   <div class='ocr_carea' id='block_1_2' title="bbox 697 453 2265 529">
    <p class='ocr_par' dir='ltr' id='par_1_2' title="bbox 697 453 2265 529">
     <span class='ocr_line' id='line_1_2' title="bbox 697 453 2265 529; baseline 0.006 -21"><span class='ocrx_word' id='word_1_3' title='bbox 697 463 922 524; x_wconf 79' lang='lat' dir='ltr'><strong>gerentes</strong></span> <span class='ocrx_word' id='word_1_4' title='bbox 961 453 1086 508; x_wconf 67' lang='lat' dir='ltr'><strong>mihi</strong></span> <span class='ocrx_word' id='word_1_5' title='bbox 1127 456 1286 509; x_wconf 88' lang='lat' dir='ltr'><strong>vitare</strong></span> <span class='ocrx_word' id='word_1_6' title='bbox 1304 455 1582 526; x_wconf 68' lang='lat' dir='ltr'><strong>iacturam.</strong></span> <span class='ocrx_word' id='word_1_7' title='bbox 1618 458 1800 525; x_wconf 90' lang='lat' dir='ltr'><strong>Vides,</strong></span> <span class='ocrx_word' id='word_1_8' title='bbox 1839 461 2112 529; x_wconf 86' lang='lat' dir='ltr'><strong>quomodo</strong></span> <span class='ocrx_word' id='word_1_9' title='bbox 2161 479 2265 518; x_wconf 92' lang='lat' dir='ltr'><strong>non</strong></span> 
     </span>
    </p>
   </div>
   <div class='ocr_carea' id='block_1_3' title="bbox 699 546 2265 621">
    <p class='ocr_par' dir='ltr' id='par_1_3' title="bbox 699 546 2265 621">
     <span class='ocr_line' id='line_1_3' title="bbox 699 546 2265 621; baseline 0.007 -24"><span class='ocrx_word' id='word_1_10' title='bbox 699 560 882 612; x_wconf 91' lang='lat' dir='ltr'><strong>parum</strong></span> <span class='ocrx_word' id='word_1_11' title='bbox 908 546 974 598; x_wconf 91' lang='lat' dir='ltr'><strong>ad</strong></span> <span class='ocrx_word' id='word_1_12' title='bbox 1014 546 1333 602; x_wconf 90' lang='lat' dir='ltr'><strong>audiendum</strong></span> <span class='ocrx_word' id='word_1_13' title='bbox 1373 549 1678 603; x_wconf 83' lang='lat' dir='ltr'><strong>conferrent</strong></span> <span class='ocrx_word' id='word_1_14' title='bbox 1707 558 1994 621; x_wconf 89' lang='lat' dir='ltr'><strong>tempestas</strong></span> <span class='ocrx_word' id='word_1_15' title='bbox 2036 563 2092 608; x_wconf 90' lang='lat' dir='ltr'><strong>et</strong></span> <span class='ocrx_word' id='word_1_16' title='bbox 2118 563 2265 609; x_wconf 88' lang='lat' dir='ltr'><strong>tene-</strong></span> 
     </span>
    </p>
   </div>
   <div class='ocr_carea' id='block_1_4' title="bbox 695 635 2269 712">
    <p class='ocr_par' dir='ltr' id='par_1_4' title="bbox 695 635 2269 712">
     <span class='ocr_line' id='line_1_4' title="bbox 695 635 2269 712; baseline 0.007 -22"><span class='ocrx_word' id='word_1_17' title='bbox 695 635 844 690; x_wconf 68' lang='lat' dir='ltr'><strong>brai?</strong></span> <span class='ocrx_word' id='word_1_18' title='bbox 873 636 937 690; x_wconf 84' lang='lat' dir='ltr'><strong>Et</strong></span> <span class='ocrx_word' id='word_1_19' title='bbox 961 637 1100 701; x_wconf 83' lang='lat' dir='ltr'><strong>vide,</strong></span> <span class='ocrx_word' id='word_1_20' title='bbox 1129 640 1396 708; x_wconf 91' lang='lat' dir='ltr'><strong>quomodo</strong></span> <span class='ocrx_word' id='word_1_21' title='bbox 1427 656 1627 695; x_wconf 90' lang='lat' dir='ltr'><strong>morem</strong></span> <span class='ocrx_word' id='word_1_22' title='bbox 1651 654 1800 712; x_wconf 85' lang='lat' dir='ltr'><strong>gerat</strong></span> <span class='ocrx_word' id='word_1_23' title='bbox 1827 646 2090 711; x_wconf 91' lang='lat' dir='ltr'><strong>centurio,</strong></span> <span class='ocrx_word' id='word_1_24' title='bbox 2119 645 2188 700; x_wconf 90' lang='lat' dir='ltr'><strong>ita</strong></span> <span class='ocrx_word' id='word_1_25' title='bbox 2214 657 2269 701; x_wconf 91' lang='lat' dir='ltr'><strong>ut</strong></span> 
     </span>
    </p>
   </div>
   <div class='ocr_carea' id='block_1_5' title="bbox 694 725 2265 799">
    <p class='ocr_par' dir='ltr' id='par_1_5' title="bbox 694 725 2265 799">
     <span class='ocr_line' id='line_1_5' title="bbox 694 725 2265 799; baseline 0.008 -22"><span class='ocrx_word' id='word_1_26' title='bbox 694 725 945 795; x_wconf 83' lang='lat' dir='ltr'><strong>scapham</strong></span> <span class='ocrx_word' id='word_1_27' title='bbox 986 732 1194 783; x_wconf 86' lang='lat' dir='ltr'><strong>amittat</strong></span> <span class='ocrx_word' id='word_1_28' title='bbox 1237 739 1291 785; x_wconf 92' lang='lat' dir='ltr'><strong>et</strong></span> <span class='ocrx_word' id='word_1_29' title='bbox 1322 731 1527 799; x_wconf 90' lang='lat' dir='ltr'><strong>perdat.</strong></span> <span class='ocrx_word' id='word_1_30' title='bbox 1557 733 1710 797; x_wconf 79' lang='lat' dir='ltr'><strong>Quod</strong></span> <span class='ocrx_word' id='word_1_31' title='bbox 1739 735 1784 788; x_wconf 91' lang='lat' dir='ltr'><strong>si</strong></span> <span class='ocrx_word' id='word_1_32' title='bbox 1813 745 1988 790; x_wconf 71' lang='lat' dir='ltr'><strong>nauta:</strong></span> <span class='ocrx_word' id='word_1_33' title='bbox 2031 737 2265 791; x_wconf 89' lang='lat' dir='ltr'><strong>nondum</strong></span> 
     </span>
    </p>
   </div>
   <div class='ocr_carea' id='block_1_6' title="bbox 692 817 2266 900">
    <p class='ocr_par' dir='ltr' id='par_1_6' title="bbox 692 817 2266 900">
     <span class='ocr_line' id='line_1_6' title="bbox 692 817 2266 900; baseline 0.008 -28"><span class='ocrx_word' id='word_1_34' title='bbox 692 817 1054 882; x_wconf 91' lang='lat' dir='ltr'><strong>crediderunt,</strong></span> <span class='ocrx_word' id='word_1_35' title='bbox 1084 820 1176 875; x_wconf 91' lang='lat' dir='ltr'><strong>sed</strong></span> <span class='ocrx_word' id='word_1_36' title='bbox 1204 832 1408 890; x_wconf 89' lang='lat' dir='ltr'><strong>postea,</strong></span> <span class='ocrx_word' id='word_1_37' title='bbox 1441 840 1506 877; x_wconf 90' lang='lat' dir='ltr'><strong>ne</strong></span> <span class='ocrx_word' id='word_1_38' title='bbox 1533 825 1776 888; x_wconf 85' lang='lat' dir='ltr'><strong>mireris;</strong></span> <span class='ocrx_word' id='word_1_39' title='bbox 1806 825 1908 881; x_wconf 88' lang='lat' dir='ltr'><strong>hoc</strong></span> <span class='ocrx_word' id='word_1_40' title='bbox 1934 828 2076 882; x_wconf 91' lang='lat' dir='ltr'><strong>enim</strong></span> <span class='ocrx_word' id='word_1_41' title='bbox 2101 844 2266 900; x_wconf 86' lang='lat' dir='ltr'><strong>genus</strong></span> 
     </span>
    </p>
   </div>
   <div class='ocr_carea' id='block_1_7' title="bbox 691 905 2111 978">
    <p class='ocr_par' dir='ltr' id='par_1_7' title="bbox 691 905 2111 978">
     <span class='ocr_line' id='line_1_7' title="bbox 691 905 2111 978; baseline 0.008 -18"><span class='ocrx_word' id='word_1_42' title='bbox 691 905 968 964; x_wconf 80' lang='lat' dir='ltr'><strong>hominum</strong></span> <span class='ocrx_word' id='word_1_43' title='bbox 997 911 1236 978; x_wconf 74' lang='lat' dir='ltr'><strong>petulans</strong></span> <span class='ocrx_word' id='word_1_44' title='bbox 1261 921 1344 966; x_wconf 90' lang='lat' dir='ltr'><strong>est</strong></span> <span class='ocrx_word' id='word_1_45' title='bbox 1371 922 1424 968; x_wconf 92' lang='lat' dir='ltr'><strong>et</strong></span> <span class='ocrx_word' id='word_1_46' title='bbox 1454 914 1644 968; x_wconf 89' lang='lat' dir='ltr'><strong>durum</strong></span> <span class='ocrx_word' id='word_1_47' title='bbox 1675 915 1740 970; x_wconf 90' lang='lat' dir='ltr'><strong>ad</strong></span> <span class='ocrx_word' id='word_1_48' title='bbox 1765 917 2111 973; x_wconf 89' lang='lat' dir='ltr'><strong>credendum.</strong></span> 
     </span>
    </p>
   </div>
   <div class='ocr_carea' id='block_1_8' title="bbox 763 995 2265 1080">
    <p class='ocr_par' dir='ltr' id='par_1_8' title="bbox 763 995 2265 1080">
     <span class='ocr_line' id='line_1_8' title="bbox 763 995 2265 1080; baseline 0.01 -30"><span class='ocrx_word' id='word_1_49' title='bbox 763 995 920 1052; x_wconf 80' lang='lat' dir='ltr'><strong>Pauli</strong></span> <span class='ocrx_word' id='word_1_50' title='bbox 948 1001 1237 1069; x_wconf 77' lang='lat' dir='ltr'><strong>prudentia.</strong></span> <span class='ocrx_word' id='word_1_51' title='bbox 1264 1033 1336 1042; x_wconf 97' lang='lat'><strong>—</strong></span> <span class='ocrx_word' id='word_1_52' title='bbox 1361 1004 1437 1058; x_wconf 88' lang='lat' dir='ltr'><strong>Tu</strong></span> <span class='ocrx_word' id='word_1_53' title='bbox 1468 1021 1593 1060; x_wconf 86' lang='lat' dir='ltr'><strong>vero</strong></span> <span class='ocrx_word' id='word_1_54' title='bbox 1635 1007 1793 1061; x_wconf 90' lang='lat' dir='ltr'><strong>etiam</strong></span> <span class='ocrx_word' id='word_1_55' title='bbox 1826 1008 1949 1062; x_wconf 92' lang='lat' dir='ltr'><strong>hinc</strong></span> <span class='ocrx_word' id='word_1_56' title='bbox 1981 1011 2110 1064; x_wconf 89' lang='lat' dir='ltr'><strong>milii</strong></span> <span class='ocrx_word' id='word_1_57' title='bbox 2152 1026 2265 1080; x_wconf 91' lang='lat' dir='ltr'><strong>per-</strong></span> 
     </span>
    </p>
   </div>
   <div class='ocr_carea' id='block_1_9' title="bbox 689 1089 2260 1172">
    <p class='ocr_par' dir='ltr' id='par_1_9' title="bbox 689 1089 2260 1172">
     <span class='ocr_line' id='line_1_9' title="bbox 689 1089 2260 1172; baseline 0.01 -30"><span class='ocrx_word' id='word_1_58' title='bbox 689 1089 862 1158; x_wconf 84' lang='lat' dir='ltr'><strong>pende</strong></span> <span class='ocrx_word' id='word_1_59' title='bbox 899 1090 1047 1146; x_wconf 88' lang='lat' dir='ltr'><strong>Pauli</strong></span> <span class='ocrx_word' id='word_1_60' title='bbox 1086 1093 1444 1162; x_wconf 88' lang='lat' dir='ltr'><strong>prudentiam.</strong></span> <span class='ocrx_word' id='word_1_61' title='bbox 1491 1097 1672 1168; x_wconf 83' lang='lat' dir='ltr'><strong>Neque</strong></span> <span class='ocrx_word' id='word_1_62' title='bbox 1717 1100 1860 1154; x_wconf 92' lang='lat' dir='ltr'><strong>enim</strong></span> <span class='ocrx_word' id='word_1_63' title='bbox 1904 1101 2138 1172; x_wconf 90' lang='lat' dir='ltr'><strong>increpat</strong></span> <span class='ocrx_word' id='word_1_64' title='bbox 2179 1105 2260 1158; x_wconf 87' lang='lat' dir='ltr'><strong>vel</strong></span> 
     </span>
    </p>
   </div>
   <div class='ocr_carea' id='block_1_10' title="bbox 684 1186 2262 1263">
    <p class='ocr_par' dir='ltr' id='par_1_10' title="bbox 684 1186 2262 1263">
     <span class='ocr_line' id='line_1_10' title="bbox 684 1186 2262 1263; baseline 0.011 -28"><span class='ocrx_word' id='word_1_65' title='bbox 684 1193 1053 1252; x_wconf 73' lang='lat' dir='ltr'><strong>exasperatur,</strong></span> <span class='ocrx_word' id='word_1_66' title='bbox 1085 1186 1180 1241; x_wconf 90' lang='lat' dir='ltr'><strong>sed</strong></span> <span class='ocrx_word' id='word_1_67' title='bbox 1203 1198 1479 1244; x_wconf 88' lang='lat' dir='ltr'><strong>mansuete</strong></span> <span class='ocrx_word' id='word_1_68' title='bbox 1505 1191 1599 1257; x_wconf 91' lang='lat' dir='ltr'><strong>ait,</strong></span> <span class='ocrx_word' id='word_1_69' title='bbox 1625 1192 1715 1247; x_wconf 84' lang='lat' dir='ltr'><strong>Sic</strong></span> <span class='ocrx_word' id='word_1_70' title='bbox 1734 1197 2013 1263; x_wconf 79' lang='lat' dir='ltr'><strong>oportebat.</strong></span> <span class='ocrx_word' id='word_1_71' title='bbox 2048 1196 2262 1253; x_wconf 90' lang='lat' dir='ltr'><strong>Sciebat</strong></span> 
     </span>
    </p>
   </div>
   <div class='ocr_carea' id='block_1_11' title="bbox 682 1277 2254 1358">
    <p class='ocr_par' dir='ltr' id='par_1_11' title="bbox 682 1277 2254 1358">
     <span class='ocr_line' id='line_1_11' title="bbox 682 1277 2254 1358; baseline 0.007 -27"><span class='ocrx_word' id='word_1_72' title='bbox 682 1277 828 1331; x_wconf 90' lang='lat' dir='ltr'><strong>enim</strong></span> <span class='ocrx_word' id='word_1_73' title='bbox 856 1277 908 1331; x_wconf 90' lang='lat' dir='ltr'><strong>in</strong></span> <span class='ocrx_word' id='word_1_74' title='bbox 936 1279 1240 1334; x_wconf 80' lang='lat' dir='ltr'><strong>calamitate</strong></span> <span class='ocrx_word' id='word_1_75' title='bbox 1269 1283 1627 1352; x_wconf 84' lang='lat' dir='ltr'><strong>increpantem</strong></span> <span class='ocrx_word' id='word_1_76' title='bbox 1669 1301 1772 1339; x_wconf 89' lang='lat' dir='ltr'><strong>non</strong></span> <span class='ocrx_word' id='word_1_77' title='bbox 1803 1302 1922 1342; x_wconf 91' lang='lat' dir='ltr'><strong>esse</strong></span> <span class='ocrx_word' id='word_1_78' title='bbox 1951 1301 2254 1358; x_wconf 86' lang='lat' dir='ltr'><strong>acceptum;</strong></span> 
     </span>
    </p>
   </div>
   <div class='ocr_carea' id='block_1_12' title="bbox 683 1370 2259 1449">
    <p class='ocr_par' dir='ltr' id='par_1_12' title="bbox 683 1370 2259 1449">
     <span class='ocr_line' id='line_1_12' title="bbox 683 1370 2259 1449; baseline 0.009 -26"><span class='ocrx_word' id='word_1_79' title='bbox 683 1370 779 1424; x_wconf 90' lang='lat' dir='ltr'><strong>sed</strong></span> <span class='ocrx_word' id='word_1_80' title='bbox 797 1381 1075 1442; x_wconf 89' lang='lat' dir='ltr'><strong>postquam</strong></span> <span class='ocrx_word' id='word_1_81' title='bbox 1105 1374 1332 1428; x_wconf 78' lang='lat' dir='ltr'><strong>maxima</strong></span> <span class='ocrx_word' id='word_1_82' title='bbox 1355 1376 1667 1431; x_wconf 78' lang='lat' dir='ltr'><strong>calamitatis</strong></span> <span class='ocrx_word' id='word_1_83' title='bbox 1691 1394 1812 1446; x_wconf 90' lang='lat' dir='ltr'><strong>pars</strong></span> <span class='ocrx_word' id='word_1_84' title='bbox 1836 1382 2107 1449; x_wconf 66' lang='lat' dir='ltr'><strong>praeteriit,</strong></span> <span class='ocrx_word' id='word_1_85' title='bbox 2136 1393 2259 1438; x_wconf 90' lang='lat' dir='ltr'><strong>tunc</strong></span> 
     </span>
    </p>
   </div>
   <div class='ocr_carea' id='block_1_13' title="bbox 679 1465 2257 1538">
    <p class='ocr_par' dir='ltr' id='par_1_13' title="bbox 679 1465 2257 1538">
     <span class='ocr_line' id='line_1_13' title="bbox 679 1465 2257 1538; baseline 0.01 -23"><span class='ocrx_word' id='word_1_86' title='bbox 679 1475 802 1515; x_wconf 89' lang='lat' dir='ltr'><strong>esse</strong></span> <span class='ocrx_word' id='word_1_87' title='bbox 827 1474 1126 1533; x_wconf 88' lang='lat' dir='ltr'><strong>acceptum.</strong></span> <span class='ocrx_word' id='word_1_88' title='bbox 1155 1465 1304 1521; x_wconf 90' lang='lat' dir='ltr'><strong>Tunc</strong></span> <span class='ocrx_word' id='word_1_89' title='bbox 1334 1483 1461 1538; x_wconf 85' lang='lat' dir='ltr'><strong>ergo</strong></span> <span class='ocrx_word' id='word_1_90' title='bbox 1492 1469 1670 1535; x_wconf 86' lang='lat' dir='ltr'><strong>instat,</strong></span> <span class='ocrx_word' id='word_1_91' title='bbox 1713 1487 1832 1525; x_wconf 91' lang='lat' dir='ltr'><strong>cum</strong></span> <span class='ocrx_word' id='word_1_92' title='bbox 1862 1474 2036 1528; x_wconf 90' lang='lat' dir='ltr'><strong>omnis</strong></span> <span class='ocrx_word' id='word_1_93' title='bbox 2074 1477 2257 1531; x_wconf 90' lang='lat' dir='ltr'><strong>salutis</strong></span> 
     </span>
    </p>
   </div>
   <div class='ocr_carea' id='block_1_14' title="bbox 679 1553 2257 1629">
    <p class='ocr_par' dir='ltr' id='par_1_14' title="bbox 679 1553 2257 1629">
     <span class='ocr_line' id='line_1_14' title="bbox 679 1553 2257 1629; baseline 0.011 -26"><span class='ocrx_word' id='word_1_94' title='bbox 679 1563 804 1619; x_wconf 83' lang='lat' dir='ltr'><strong>spes</strong></span> <span class='ocrx_word' id='word_1_95' title='bbox 835 1553 1041 1609; x_wconf 90' lang='lat' dir='ltr'><strong>sublata</strong></span> <span class='ocrx_word' id='word_1_96' title='bbox 1085 1567 1168 1611; x_wconf 92' lang='lat' dir='ltr'><strong>est</strong></span> <span class='ocrx_word' id='word_1_97' title='bbox 1195 1573 1208 1610; x_wconf 95' lang='lat'>:</span> <span class='ocrx_word' id='word_1_98' title='bbox 1235 1565 1357 1612; x_wconf 92' lang='lat' dir='ltr'><strong>tunc</strong></span> <span class='ocrx_word' id='word_1_99' title='bbox 1399 1560 1544 1613; x_wconf 90' lang='lat' dir='ltr'><strong>utilia</strong></span> <span class='ocrx_word' id='word_1_100' title='bbox 1576 1563 1829 1629; x_wconf 77' lang='lat' dir='ltr'><strong>priedicit.</strong></span> <span class='ocrx_word' id='word_1_101' title='bbox 1871 1563 1938 1618; x_wconf 87' lang='lat' dir='ltr'><strong>Ut</strong></span> <span class='ocrx_word' id='word_1_102' title='bbox 1976 1576 2141 1619; x_wconf 88' lang='lat' dir='ltr'><strong>autem</strong></span> <span class='ocrx_word' id='word_1_103' title='bbox 2169 1568 2257 1621; x_wconf 83' lang='lat' dir='ltr'><strong>de—</strong></span> 
     </span>
    </p>
   </div>
   <div class='ocr_carea' id='block_1_15' title="bbox 677 1645 2254 1728">
    <p class='ocr_par' dir='ltr' id='par_1_15' title="bbox 677 1645 2254 1728">
     <span class='ocr_line' id='line_1_15' title="bbox 677 1645 2254 1728; baseline 0.011 -32"><span class='ocrx_word' id='word_1_104' title='bbox 677 1645 810 1698; x_wconf 86' lang='lat' dir='ltr'><strong>cima</strong></span> <span class='ocrx_word' id='word_1_105' title='bbox 854 1658 1034 1716; x_wconf 84' lang='lat' dir='ltr'><strong>quarta</strong></span> <span class='ocrx_word' id='word_1_106' title='bbox 1073 1665 1176 1703; x_wconf 74' lang='lat' dir='ltr'><strong>nox</strong></span> <span class='ocrx_word' id='word_1_107' title='bbox 1220 1652 1452 1718; x_wconf 78' lang='lat' dir='ltr'><strong>advenit,</strong></span> <span class='ocrx_word' id='word_1_108' title='bbox 1500 1653 1702 1723; x_wconf 85' lang='lat' dir='ltr'><strong>inquit,</strong></span> <span class='ocrx_word' id='word_1_109' title='bbox 1745 1657 1969 1712; x_wconf 78' lang='lat' dir='ltr'><strong>timentes</strong></span> <span class='ocrx_word' id='word_1_110' title='bbox 2015 1659 2254 1728; x_wconf 82' lang='lat' dir='ltr'><strong>optabant</strong></span> 
     </span>
    </p>
   </div>
   <div class='ocr_carea' id='block_1_16' title="bbox 677 1737 2252 1812">
    <p class='ocr_par' dir='ltr' id='par_1_16' title="bbox 677 1737 2252 1812">
     <span class='ocr_line' id='line_1_16' title="bbox 677 1737 2252 1812; baseline 0.013 -26"><span class='ocrx_word' id='word_1_111' title='bbox 677 1737 916 1791; x_wconf 80' lang='lat' dir='ltr'><strong>advenire</strong></span> <span class='ocrx_word' id='word_1_112' title='bbox 958 1739 1112 1794; x_wconf 85' lang='lat' dir='ltr'><strong>diem.</strong></span> <span class='ocrx_word' id='word_1_113' title='bbox 1158 1740 1236 1796; x_wconf 86' lang='lat' dir='ltr'><strong>Ne</strong></span> <span class='ocrx_word' id='word_1_114' title='bbox 1263 1743 1384 1812; x_wconf 88' lang='lat' dir='ltr'><strong>quis</strong></span> <span class='ocrx_word' id='word_1_115' title='bbox 1411 1744 1615 1800; x_wconf 84' lang='lat' dir='ltr'><strong>diceret</strong></span> <span class='ocrx_word' id='word_1_116' title='bbox 1656 1746 1786 1800; x_wconf 90' lang='lat' dir='ltr'><strong>nihil</strong></span> <span class='ocrx_word' id='word_1_117' title='bbox 1835 1750 2112 1812; x_wconf 77' lang='lat' dir='ltr'><strong>evenisse,</strong></span> <span class='ocrx_word' id='word_1_118' title='bbox 2154 1751 2252 1806; x_wconf 86' lang='lat' dir='ltr'><strong>hoc</strong></span> 
     </span>
    </p>
   </div>
   <div class='ocr_carea' id='block_1_17' title="bbox 675 1826 2250 1904">
    <p class='ocr_par' dir='ltr' id='par_1_17' title="bbox 675 1826 2250 1904">
     <span class='ocr_line' id='line_1_17' title="bbox 675 1826 2250 1904; baseline 0.012 -26"><span class='ocrx_word' id='word_1_119' title='bbox 675 1826 824 1887; x_wconf 86' lang='lat' dir='ltr'><strong>dicit.</strong></span> <span class='ocrx_word' id='word_1_120' title='bbox 862 1830 1152 1886; x_wconf 82' lang='lat' dir='ltr'><strong>ostendens</strong></span> <span class='ocrx_word' id='word_1_121' title='bbox 1177 1833 1354 1886; x_wconf 88' lang='lat' dir='ltr'><strong>omnia</strong></span> <span class='ocrx_word' id='word_1_122' title='bbox 1395 1834 1529 1888; x_wconf 89' lang='lat' dir='ltr'><strong>facta</strong></span> <span class='ocrx_word' id='word_1_123' title='bbox 1567 1852 1706 1892; x_wconf 91' lang='lat' dir='ltr'><strong>esse.</strong></span> <span class='ocrx_word' id='word_1_124' title='bbox 1735 1839 1884 1904; x_wconf 84' lang='lat' dir='ltr'><strong>Quod</strong></span> <span class='ocrx_word' id='word_1_125' title='bbox 1913 1850 2088 1895; x_wconf 75' lang='lat' dir='ltr'><strong>autem</strong></span> <span class='ocrx_word' id='word_1_126' title='bbox 2115 1842 2250 1897; x_wconf 84' lang='lat' dir='ltr'><strong>facta</strong></span> 
     </span>
    </p>
   </div>
   <div class='ocr_carea' id='block_1_18' title="bbox 675 1917 2250 1999">
    <p class='ocr_par' dir='ltr' id='par_1_18' title="bbox 675 1917 2250 1999">
     <span class='ocr_line' id='line_1_18' title="bbox 675 1917 2250 1999; baseline 0.013 -33"><span class='ocrx_word' id='word_1_127' title='bbox 675 1917 802 1980; x_wconf 86' lang='lat' dir='ltr'><strong>sint,</strong></span> <span class='ocrx_word' id='word_1_128' title='bbox 833 1917 992 1973; x_wconf 86' lang='lat' dir='ltr'><strong>timor</strong></span> <span class='ocrx_word' id='word_1_129' title='bbox 1012 1922 1243 1976; x_wconf 83' lang='lat' dir='ltr'><strong>ostendit</strong></span> <span class='ocrx_word' id='word_1_130' title='bbox 1272 1941 1284 1976; x_wconf 90' lang='lat'><strong>:</strong></span> <span class='ocrx_word' id='word_1_131' title='bbox 1321 1923 1575 1993; x_wconf 85' lang='lat' dir='ltr'><strong>Optabant</strong></span> <span class='ocrx_word' id='word_1_132' title='bbox 1601 1929 1751 1990; x_wconf 84' lang='lat' dir='ltr'><strong>enim,</strong></span> <span class='ocrx_word' id='word_1_133' title='bbox 1779 1929 1964 1999; x_wconf 85' lang='lat' dir='ltr'><strong>iirquit,</strong></span> <span class='ocrx_word' id='word_1_134' title='bbox 1999 1934 2130 1985; x_wconf 85' lang='lat' dir='ltr'><strong>diem</strong></span> <span class='ocrx_word' id='word_1_135' title='bbox 2158 1936 2250 1986; x_wconf 88' lang='lat' dir='ltr'><strong>ad-</strong></span> 
     </span>
    </p>
   </div>
   <div class='ocr_carea' id='block_1_19' title="bbox 674 2008 2250 2095">
    <p class='ocr_par' dir='ltr' id='par_1_19' title="bbox 674 2008 2250 2095">
     <span class='ocr_line' id='line_1_19' title="bbox 674 2008 2250 2095; baseline 0.014 -37"><span class='ocrx_word' id='word_1_136' title='bbox 674 2008 840 2061; x_wconf 84' lang='lat' dir='ltr'><strong>venire</strong></span> <span class='ocrx_word' id='word_1_137' title='bbox 878 2011 1120 2066; x_wconf 77' lang='lat' dir='ltr'><strong>timentes.</strong></span> <span class='ocrx_word' id='word_1_138' title='bbox 1167 2014 1234 2068; x_wconf 88' lang='lat' dir='ltr'><strong>Et</strong></span> <span class='ocrx_word' id='word_1_139' title='bbox 1274 2015 1418 2072; x_wconf 89' lang='lat' dir='ltr'><strong>locus</strong></span> <span class='ocrx_word' id='word_1_140' title='bbox 1461 2017 1693 2074; x_wconf 82' lang='lat' dir='ltr'><strong>difﬁcilis</strong></span> <span class='ocrx_word' id='word_1_141' title='bbox 1742 2025 2111 2078; x_wconf 88' lang='lat' dir='ltr'><strong>erat:etenim</strong></span> <span class='ocrx_word' id='word_1_142' title='bbox 2158 2043 2250 2095; x_wconf 77' lang='lat' dir='ltr'><strong>per</strong></span> 
     </span>
    </p>
   </div>
   <div class='ocr_carea' id='block_1_20' title="bbox 675 2101 2247 2183">
    <p class='ocr_par' dir='ltr' id='par_1_20' title="bbox 675 2101 2247 2183">
     <span class='ocr_line' id='line_1_20' title="bbox 675 2101 2247 2183; baseline 0.011 -29"><span class='ocrx_word' id='word_1_143' title='bbox 675 2101 890 2155; x_wconf 86' lang='lat' dir='ltr'><strong>Adriam</strong></span> <span class='ocrx_word' id='word_1_144' title='bbox 925 2103 1038 2158; x_wconf 67' lang='lat' dir='ltr'><strong>haec</strong></span> <span class='ocrx_word' id='word_1_145' title='bbox 1082 2107 1394 2178; x_wconf 87' lang='lat' dir='ltr'><strong>contingunt</strong></span> <span class='ocrx_word' id='word_1_146' title='bbox 1424 2129 1436 2162; x_wconf 88' lang='lat'><strong><em>:</em></strong></span> <span class='ocrx_word' id='word_1_147' title='bbox 1467 2120 1520 2164; x_wconf 92' lang='lat' dir='ltr'><strong>et</strong></span> <span class='ocrx_word' id='word_1_148' title='bbox 1548 2122 1661 2165; x_wconf 89' lang='lat' dir='ltr'><strong>crat</strong></span> <span class='ocrx_word' id='word_1_149' title='bbox 1688 2128 1872 2183; x_wconf 86' lang='lat' dir='ltr'><strong>magna</strong></span> <span class='ocrx_word' id='word_1_150' title='bbox 1904 2116 2074 2170; x_wconf 82' lang='lat' dir='ltr'><strong>inedia</strong></span> <span class='ocrx_word' id='word_1_151' title='bbox 2100 2135 2114 2169; x_wconf 71' lang='grc' dir='ltr'>ε</span> <span class='ocrx_word' id='word_1_152' title='bbox 2149 2117 2247 2171; x_wconf 83' lang='lat' dir='ltr'><strong>llic</strong></span> 
     </span>
    </p>
   </div>
   <div class='ocr_carea' id='block_1_21' title="bbox 667 2193 2236 2280">
    <p class='ocr_par' dir='ltr' id='par_1_21' title="bbox 667 2193 2236 2280">
     <span class='ocr_line' id='line_1_21' title="bbox 667 2193 2236 2280; baseline 0.013 -36"><span class='ocrx_word' id='word_1_153' title='bbox 667 2193 891 2248; x_wconf 79' lang='lat' dir='ltr'><strong>decimus</strong></span> <span class='ocrx_word' id='word_1_154' title='bbox 914 2205 1121 2266; x_wconf 83' lang='lat' dir='ltr'><strong>quartus</strong></span> <span class='ocrx_word' id='word_1_155' title='bbox 1145 2199 1250 2254; x_wconf 83' lang='lat' dir='ltr'><strong>dies</strong></span> <span class='ocrx_word' id='word_1_156' title='bbox 1276 2211 1367 2268; x_wconf 87' lang='lat' dir='ltr'><strong>est,</strong></span> <span class='ocrx_word' id='word_1_157' title='bbox 1398 2204 1532 2268; x_wconf 83' lang='lat' dir='ltr'><strong>quod</strong></span> <span class='ocrx_word' id='word_1_158' title='bbox 1576 2217 1914 2272; x_wconf 75' lang='lat' dir='ltr'><strong>exspectantes</strong></span> <span class='ocrx_word' id='word_1_159' title='bbox 1932 2211 2103 2280; x_wconf 85' lang='lat' dir='ltr'><strong>jejuni</strong></span> <span class='ocrx_word' id='word_1_160' title='bbox 2132 2229 2236 2279; x_wconf 82' lang='lat' dir='ltr'><strong>per-</strong></span> 
     </span>
    </p>
   </div>
   <div class='ocr_carea' id='block_1_22' title="bbox 670 2288 2238 2363">
    <p class='ocr_par' dir='ltr' id='par_1_22' title="bbox 670 2288 2238 2363">
     <span class='ocr_line' id='line_1_22' title="bbox 670 2288 2238 2363; baseline 0.016 -27"><span class='ocrx_word' id='word_1_161' title='bbox 670 2288 900 2341; x_wconf 89' lang='lat' dir='ltr'><strong>nianetis.</strong></span> <span class='ocrx_word' id='word_1_162' title='bbox 933 2289 1072 2360; x_wconf 84' lang='lat' dir='ltr'><strong>Ergo</strong></span> <span class='ocrx_word' id='word_1_163' title='bbox 1103 2292 1335 2363; x_wconf 89' lang='lat' dir='ltr'><strong>undique</strong></span> <span class='ocrx_word' id='word_1_164' title='bbox 1383 2299 1435 2350; x_wconf 92' lang='lat' dir='ltr'><strong>in</strong></span> <span class='ocrx_word' id='word_1_165' title='bbox 1480 2299 1648 2352; x_wconf 84' lang='lat' dir='ltr'><strong>inedia</strong></span> <span class='ocrx_word' id='word_1_166' title='bbox 1695 2312 1866 2358; x_wconf 88' lang='lat' dir='ltr'><strong>morte</strong></span> <span class='ocrx_word' id='word_1_167' title='bbox 1907 2316 2091 2357; x_wconf 87' lang='lat' dir='ltr'><strong>erant:</strong></span> <span class='ocrx_word' id='word_1_168' title='bbox 2119 2305 2238 2361; x_wconf 86' lang='lat' dir='ltr'><strong>ideo</strong></span> 
     </span>
    </p>
   </div>
   <div class='ocr_carea' id='block_1_23' title="bbox 665 2379 2239 2458">
    <p class='ocr_par' dir='ltr' id='par_1_23' title="bbox 665 2379 2239 2458">
     <span class='ocr_line' id='line_1_23' title="bbox 665 2379 2239 2458; baseline 0.014 -27"><span class='ocrx_word' id='word_1_169' title='bbox 665 2379 866 2444; x_wconf 90' lang='lat' dir='ltr'><strong>subdit,</strong></span> <span class='ocrx_word' id='word_1_170' title='bbox 902 2381 1120 2438; x_wconf 77' lang='lat' dir='ltr'><strong>Obsecro</strong></span> <span class='ocrx_word' id='word_1_171' title='bbox 1151 2401 1255 2449; x_wconf 85' lang='lat' dir='ltr'><strong>vos,</strong></span> <span class='ocrx_word' id='word_1_172' title='bbox 1291 2397 1345 2440; x_wconf 90' lang='lat' dir='ltr'><strong>ut</strong></span> <span class='ocrx_word' id='word_1_173' title='bbox 1389 2392 1599 2444; x_wconf 85' lang='lat' dir='ltr'><strong>sunialis</strong></span> <span class='ocrx_word' id='word_1_174' title='bbox 1625 2393 1822 2458; x_wconf 85' lang='lat' dir='ltr'><strong>cibum;</strong></span> <span class='ocrx_word' id='word_1_175' title='bbox 1853 2395 1952 2450; x_wconf 91' lang='lat' dir='ltr'><strong>hoc</strong></span> <span class='ocrx_word' id='word_1_176' title='bbox 1987 2399 2125 2449; x_wconf 89' lang='lat' dir='ltr'><strong>enim</strong></span> <span class='ocrx_word' id='word_1_177' title='bbox 2173 2400 2239 2453; x_wconf 91' lang='lat' dir='ltr'><strong>ad</strong></span> 
     </span>
    </p>
   </div>
   <div class='ocr_carea' id='block_1_24' title="bbox 667 2477 2241 2560">
    <p class='ocr_par' dir='ltr' id='par_1_24' title="bbox 667 2477 2241 2560">
     <span class='ocr_line' id='line_1_24' title="bbox 667 2477 2241 2560; baseline 0.013 -35"><span class='ocrx_word' id='word_1_178' title='bbox 667 2482 898 2528; x_wconf 77' lang='lat' dir='ltr'><strong>vestram</strong></span> <span class='ocrx_word' id='word_1_179' title='bbox 931 2477 1152 2533; x_wconf 87' lang='lat' dir='ltr'><strong>salutem</strong></span> <span class='ocrx_word' id='word_1_180' title='bbox 1182 2479 1367 2546; x_wconf 90' lang='lat' dir='ltr'><strong>fuerit;</strong></span> <span class='ocrx_word' id='word_1_181' title='bbox 1405 2483 1504 2537; x_wconf 88' lang='lat' dir='ltr'><strong>hoc</strong></span> <span class='ocrx_word' id='word_1_182' title='bbox 1543 2495 1648 2549; x_wconf 88' lang='lat' dir='ltr'><strong>est,</strong></span> <span class='ocrx_word' id='word_1_183' title='bbox 1681 2486 1756 2542; x_wconf 92' lang='lat' dir='ltr'><strong>Ne</strong></span> <span class='ocrx_word' id='word_1_184' title='bbox 1783 2487 1920 2542; x_wconf 88' lang='lat' dir='ltr'><strong>forte</strong></span> <span class='ocrx_word' id='word_1_185' title='bbox 1955 2488 2091 2545; x_wconf 88' lang='lat' dir='ltr'><strong>fante</strong></span> <span class='ocrx_word' id='word_1_186' title='bbox 2117 2509 2241 2560; x_wconf 85' lang='lat' dir='ltr'><strong>per-</strong></span> 
     </span>
    </p>
   </div>
   <div class='ocr_carea' id='block_1_25' title="bbox 662 2565 2234 2652">
    <p class='ocr_par' dir='ltr' id='par_1_25' title="bbox 662 2565 2234 2652">
     <span class='ocr_line' id='line_1_25' title="bbox 662 2565 2234 2652; baseline 0.014 -37"><span class='ocrx_word' id='word_1_187' title='bbox 662 2565 825 2630; x_wconf 83' lang='lat' dir='ltr'><strong>eatis,</strong></span> <span class='ocrx_word' id='word_1_188' title='bbox 868 2566 1044 2621; x_wconf 88' lang='lat' dir='ltr'><strong>cibum</strong></span> <span class='ocrx_word' id='word_1_189' title='bbox 1093 2572 1308 2626; x_wconf 88' lang='lat' dir='ltr'><strong>sumite.</strong></span> <span class='ocrx_word' id='word_1_190' title='bbox 1357 2574 1574 2645; x_wconf 85' lang='lat' dir='ltr'><strong>Sumpta</strong></span> <span class='ocrx_word' id='word_1_191' title='bbox 1618 2587 1786 2631; x_wconf 87' lang='lat' dir='ltr'><strong>autem</strong></span> <span class='ocrx_word' id='word_1_192' title='bbox 1827 2597 1991 2650; x_wconf 84' lang='lat' dir='ltr'><strong>pane,</strong></span> <span class='ocrx_word' id='word_1_193' title='bbox 2034 2583 2234 2652; x_wconf 86' lang='lat' dir='ltr'><strong>inquit,</strong></span> 
     </span>
    </p>
   </div>
   <div class='ocr_carea' id='block_1_26' title="bbox 660 2657 1120 2729">
    <p class='ocr_par' dir='ltr' id='par_1_26' title="bbox 660 2657 1120 2729">
     <span class='ocr_line' id='line_1_26' title="bbox 660 2657 1120 2729; baseline 0.022 -23"><span class='ocrx_word' id='word_1_194' title='bbox 660 2657 850 2723; x_wconf 86' lang='lat' dir='ltr'><strong>gratias</strong></span> <span class='ocrx_word' id='word_1_195' title='bbox 867 2659 968 2729; x_wconf 84' lang='lat' dir='ltr'><strong>egit</strong></span> <span class='ocrx_word' id='word_1_196' title='bbox 992 2659 1120 2717; x_wconf 85' lang='lat' dir='ltr'><strong>Deo.</strong></span> 
     </span>
    </p>
   </div>
   <div class='ocr_carea' id='block_1_27' title="bbox 733 2747 2237 2835">
    <p class='ocr_par' dir='ltr' id='par_1_27' title="bbox 733 2747 2237 2835">
     <span class='ocr_line' id='line_1_27' title="bbox 733 2747 2237 2835; baseline 0.015 -34"><span class='ocrx_word' id='word_1_197' title='bbox 733 2747 784 2801; x_wconf 80' lang='grc'><strong>4.</strong></span> <span class='ocrx_word' id='word_1_198' title='bbox 815 2747 950 2805; x_wconf 88' lang='lat' dir='ltr'><strong>Vide</strong></span> <span class='ocrx_word' id='word_1_199' title='bbox 991 2753 1132 2822; x_wconf 91' lang='lat' dir='ltr'><strong>quod</strong></span> <span class='ocrx_word' id='word_1_200' title='bbox 1178 2755 1266 2810; x_wconf 91' lang='lat' dir='ltr'><strong>ille</strong></span> <span class='ocrx_word' id='word_1_201' title='bbox 1307 2759 1504 2828; x_wconf 84' lang='lat' dir='ltr'><strong>gratias</strong></span> <span class='ocrx_word' id='word_1_202' title='bbox 1542 2763 1650 2831; x_wconf 89' lang='lat' dir='ltr'><strong>agit</strong></span> <span class='ocrx_word' id='word_1_203' title='bbox 1677 2763 1746 2818; x_wconf 89' lang='lat' dir='ltr'><strong>de</strong></span> <span class='ocrx_word' id='word_1_204' title='bbox 1791 2763 1854 2818; x_wconf 93' lang='lat' dir='ltr'><strong>iis</strong></span> <span class='ocrx_word' id='word_1_205' title='bbox 1879 2781 1998 2835; x_wconf 68' lang='lat' dir='ltr'><strong>quae</strong></span> <span class='ocrx_word' id='word_1_206' title='bbox 2027 2769 2237 2824; x_wconf 86' lang='lat' dir='ltr'><strong>accide-</strong></span> 
     </span>
    </p>
   </div>
   <div class='ocr_carea' id='block_1_28' title="bbox 661 2839 2236 2919">
    <p class='ocr_par' dir='ltr' id='par_1_28' title="bbox 661 2839 2236 2919">
     <span class='ocr_line' id='line_1_28' title="bbox 661 2839 2236 2919; baseline 0.014 -27"><span class='ocrx_word' id='word_1_207' title='bbox 661 2847 800 2903; x_wconf 86' lang='lat' dir='ltr'><strong>rant,</strong></span> <span class='ocrx_word' id='word_1_208' title='bbox 833 2839 934 2894; x_wconf 86' lang='lat' dir='ltr'><strong>lioc</strong></span> <span class='ocrx_word' id='word_1_209' title='bbox 959 2859 1062 2896; x_wconf 91' lang='lat' dir='ltr'><strong>non</strong></span> <span class='ocrx_word' id='word_1_210' title='bbox 1094 2846 1253 2900; x_wconf 88' lang='lat' dir='ltr'><strong>modo</strong></span> <span class='ocrx_word' id='word_1_211' title='bbox 1280 2849 1398 2902; x_wconf 91' lang='lat' dir='ltr'><strong>illos</strong></span> <span class='ocrx_word' id='word_1_212' title='bbox 1427 2853 1791 2919; x_wconf 80' lang='lat' dir='ltr'><strong>confirmavit,</strong></span> <span class='ocrx_word' id='word_1_213' title='bbox 1820 2859 1912 2910; x_wconf 85' lang='lat' dir='ltr'><strong>sed</strong></span> <span class='ocrx_word' id='word_1_214' title='bbox 1939 2861 2095 2912; x_wconf 90' lang='lat' dir='ltr'><strong>etiam</strong></span> <span class='ocrx_word' id='word_1_215' title='bbox 2120 2862 2236 2913; x_wconf 89' lang='lat' dir='ltr'><strong>ani-</strong></span> 
     </span>
    </p>
   </div>
   <div class='ocr_carea' id='block_1_29' title="bbox 662 2928 2232 3008">
    <p class='ocr_par' dir='ltr' id='par_1_29' title="bbox 662 2928 2232 3008">
     <span class='ocr_line' id='line_1_29' title="bbox 662 2928 2232 3008; baseline 0.017 -30"><span class='ocrx_word' id='word_1_216' title='bbox 662 2942 777 2980; x_wconf 89' lang='lat' dir='ltr'><strong>mos</strong></span> <span class='ocrx_word' id='word_1_217' title='bbox 802 2928 1010 2987; x_wconf 85' lang='lat' dir='ltr'><strong>indidit.</strong></span> <span class='ocrx_word' id='word_1_218' title='bbox 1042 2933 1282 3002; x_wconf 85' lang='lat' dir='ltr'><strong>Eranias,</strong></span> <span class='ocrx_word' id='word_1_219' title='bbox 1315 2939 1498 3008; x_wconf 90' lang='lat' dir='ltr'><strong>inquit,</strong></span> <span class='ocrx_word' id='word_1_220' title='bbox 1532 2959 1703 2998; x_wconf 86' lang='lat' dir='ltr'><strong>omnes</strong></span> <span class='ocrx_word' id='word_1_221' title='bbox 1722 2949 1906 3002; x_wconf 77' lang='lat' dir='ltr'><strong>anima:</strong></span> <span class='ocrx_word' id='word_1_222' title='bbox 1926 2949 1978 3001; x_wconf 91' lang='lat' dir='ltr'><strong>in</strong></span> <span class='ocrx_word' id='word_1_223' title='bbox 1998 2951 2114 3002; x_wconf 87' lang='lat' dir='ltr'><strong>navi</strong></span> <span class='ocrx_word' id='word_1_224' title='bbox 2133 2951 2232 3003; x_wconf 85' lang='lat' dir='ltr'><strong>dii-</strong></span> 
     </span>
    </p>
   </div>
   <div class='ocr_carea' id='block_1_30' title="bbox 657 3024 2233 3100">
    <p class='ocr_par' dir='ltr' id='par_1_30' title="bbox 657 3024 2233 3100">
     <span class='ocr_line' id='line_1_30' title="bbox 657 3024 2233 3100; baseline 0.016 -31"><span class='ocrx_word' id='word_1_225' title='bbox 657 3027 816 3072; x_wconf 77' lang='lat' dir='ltr'><strong>centa:</strong></span> <span class='ocrx_word' id='word_1_226' title='bbox 842 3024 1160 3094; x_wconf 77' lang='lat' dir='ltr'><strong>septuaginta</strong></span> <span class='ocrx_word' id='word_1_227' title='bbox 1186 3044 1292 3080; x_wconf 74' lang='lat' dir='ltr'><strong>sex.</strong></span> <span class='ocrx_word' id='word_1_228' title='bbox 1333 3030 1403 3082; x_wconf 88' lang='lat' dir='ltr'><strong>De</strong></span> <span class='ocrx_word' id='word_1_229' title='bbox 1432 3031 1514 3086; x_wconf 89' lang='lat' dir='ltr'><strong>liis</strong></span> <span class='ocrx_word' id='word_1_230' title='bbox 1547 3032 1773 3100; x_wconf 88' lang='lat' dir='ltr'><strong>dicebat,</strong></span> <span class='ocrx_word' id='word_1_231' title='bbox 1815 3036 2028 3092; x_wconf 85' lang='lat' dir='ltr'><strong>Jactnra</strong></span> <span class='ocrx_word' id='word_1_232' title='bbox 2050 3041 2233 3095; x_wconf 71' lang='lat' dir='ltr'><strong>anima:</strong></span> 
     </span>
    </p>
   </div>
   <div class='ocr_carea' id='block_1_31' title="bbox 657 3112 2231 3194">
    <p class='ocr_par' dir='ltr' id='par_1_31' title="bbox 657 3112 2231 3194">
     <span class='ocr_line' id='line_1_31' title="bbox 657 3112 2231 3194; baseline 0.018 -33"><span class='ocrx_word' id='word_1_233' title='bbox 657 3112 848 3166; x_wconf 84' lang='lat' dir='ltr'><strong>nullius</strong></span> <span class='ocrx_word' id='word_1_234' title='bbox 875 3115 969 3167; x_wconf 88' lang='lat' dir='ltr'><strong>erit</strong></span> <span class='ocrx_word' id='word_1_235' title='bbox 993 3117 1046 3171; x_wconf 87' lang='lat' dir='ltr'><strong>in</strong></span> <span class='ocrx_word' id='word_1_236' title='bbox 1072 3116 1226 3174; x_wconf 82' lang='lat' dir='ltr'><strong>vobis.</strong></span> <span class='ocrx_word' id='word_1_237' title='bbox 1257 3120 1367 3177; x_wconf 90' lang='lat' dir='ltr'><strong>Hoc</strong></span> <span class='ocrx_word' id='word_1_238' title='bbox 1395 3135 1543 3180; x_wconf 90' lang='lat' dir='ltr'><strong>certo</strong></span> <span class='ocrx_word' id='word_1_239' title='bbox 1570 3127 1786 3182; x_wconf 90' lang='lat' dir='ltr'><strong>scientis</strong></span> <span class='ocrx_word' id='word_1_240' title='bbox 1812 3139 1896 3184; x_wconf 90' lang='lat' dir='ltr'><strong>est</strong></span> <span class='ocrx_word' id='word_1_241' title='bbox 1915 3133 2128 3194; x_wconf 65' lang='lat' dir='ltr'><strong>anima),</strong></span> <span class='ocrx_word' id='word_1_242' title='bbox 2157 3134 2231 3188; x_wconf 92' lang='lat' dir='ltr'><strong>di-</strong></span> 
     </span>
    </p>
   </div>
   <div class='ocr_carea' id='block_1_32' title="bbox 651 3207 2231 3280">
    <p class='ocr_par' dir='ltr' id='par_1_32' title="bbox 651 3207 2231 3280">
     <span class='ocr_line' id='line_1_32' title="bbox 651 3207 2231 3280; baseline 0.015 -23"><span class='ocrx_word' id='word_1_243' title='bbox 651 3218 778 3260; x_wconf 89' lang='lat' dir='ltr'><strong>cere</strong></span> <span class='ocrx_word' id='word_1_244' title='bbox 811 3207 986 3263; x_wconf 89' lang='lat' dir='ltr'><strong>salvos</strong></span> <span class='ocrx_word' id='word_1_245' title='bbox 1035 3210 1241 3267; x_wconf 89' lang='lat' dir='ltr'><strong>futuros</strong></span> <span class='ocrx_word' id='word_1_246' title='bbox 1282 3231 1418 3270; x_wconf 71' lang='lat' dir='ltr'><strong>esse.</strong></span> <span class='ocrx_word' id='word_1_247' title='bbox 1467 3218 1650 3273; x_wconf 87' lang='lat' dir='ltr'><strong>Satiati</strong></span> <span class='ocrx_word' id='word_1_248' title='bbox 1694 3230 1860 3276; x_wconf 86' lang='lat' dir='ltr'><strong>autem</strong></span> <span class='ocrx_word' id='word_1_249' title='bbox 1887 3225 1996 3278; x_wconf 86' lang='lat' dir='ltr'><strong>cibo</strong></span> <span class='ocrx_word' id='word_1_250' title='bbox 2021 3225 2231 3280; x_wconf 86' lang='lat' dir='ltr'><strong>alleviu-</strong></span> 
     </span>
    </p>
   </div>
   <div class='ocr_carea' id='block_1_33' title="bbox 653 3296 2226 3374">
    <p class='ocr_par' dir='ltr' id='par_1_33' title="bbox 653 3296 2226 3374">
     <span class='ocr_line' id='line_1_33' title="bbox 653 3296 2226 3374; baseline 0.016 -27"><span class='ocrx_word' id='word_1_251' title='bbox 653 3296 771 3349; x_wconf 85' lang='lat' dir='ltr'><strong>bant</strong></span> <span class='ocrx_word' id='word_1_252' title='bbox 799 3302 986 3365; x_wconf 82' lang='lat' dir='ltr'><strong>navim,</strong></span> <span class='ocrx_word' id='word_1_253' title='bbox 1019 3304 1268 3374; x_wconf 84' lang='lat' dir='ltr'><strong>ejicientes</strong></span> <span class='ocrx_word' id='word_1_254' title='bbox 1296 3309 1534 3362; x_wconf 65' lang='lat' dir='ltr'><strong>triticum.</strong></span> <span class='ocrx_word' id='word_1_255' title='bbox 1570 3311 1792 3368; x_wconf 79' lang='lat' dir='ltr'><strong>Viden&#39;?</strong></span> <span class='ocrx_word' id='word_1_256' title='bbox 1816 3315 1882 3368; x_wconf 89' lang='lat' dir='ltr'><strong>ad</strong></span> <span class='ocrx_word' id='word_1_257' title='bbox 1909 3317 2226 3372; x_wconf 88' lang='lat' dir='ltr'><strong>sumendum</strong></span> 
     </span>
    </p>
   </div>
   <div class='ocr_carea' id='block_1_34' title="bbox 650 3389 2227 3482">
    <p class='ocr_par' dir='ltr' id='par_1_34' title="bbox 650 3389 2227 3482">
     <span class='ocr_line' id='line_1_34' title="bbox 650 3389 2227 3482; baseline 0.018 -41"><span class='ocrx_word' id='word_1_258' title='bbox 650 3389 826 3444; x_wconf 90' lang='lat' dir='ltr'><strong>cibum</strong></span> <span class='ocrx_word' id='word_1_259' title='bbox 852 3397 1239 3461; x_wconf 80' lang='lat' dir='ltr'><strong>persuadentur</strong></span> <span class='ocrx_word' id='word_1_260' title='bbox 1273 3410 1475 3456; x_wconf 89' lang='lat' dir='ltr'><strong>tantum</strong></span> <span class='ocrx_word' id='word_1_261' title='bbox 1504 3423 1516 3458; x_wconf 95' lang='lat'><strong>:</strong></span> <span class='ocrx_word' id='word_1_262' title='bbox 1547 3405 1640 3459; x_wconf 88' lang='lat' dir='ltr'><strong>sed</strong></span> <span class='ocrx_word' id='word_1_263' title='bbox 1671 3407 1749 3462; x_wconf 91' lang='lat' dir='ltr'><strong>sic</strong></span> <span class='ocrx_word' id='word_1_264' title='bbox 1771 3410 1881 3477; x_wconf 88' lang='lat' dir='ltr'><strong>jam</strong></span> <span class='ocrx_word' id='word_1_265' title='bbox 1911 3419 2078 3466; x_wconf 87' lang='lat' dir='ltr'><strong>totum</strong></span> <span class='ocrx_word' id='word_1_266' title='bbox 2101 3413 2227 3482; x_wconf 87' lang='lat' dir='ltr'><strong>reji-</strong></span> 
     </span>
    </p>
   </div>
   <div class='ocr_carea' id='block_1_35' title="bbox 649 3482 2225 3572">
    <p class='ocr_par' dir='ltr' id='par_1_35' title="bbox 649 3482 2225 3572">
     <span class='ocr_line' id='line_1_35' title="bbox 649 3482 2225 3572; baseline 0.018 -36"><span class='ocrx_word' id='word_1_267' title='bbox 649 3482 860 3540; x_wconf 88' lang='lat' dir='ltr'><strong>ciebant</strong></span> <span class='ocrx_word' id='word_1_268' title='bbox 885 3487 935 3541; x_wconf 92' lang='lat' dir='ltr'><strong>in</strong></span> <span class='ocrx_word' id='word_1_269' title='bbox 967 3489 1210 3555; x_wconf 88' lang='lat' dir='ltr'><strong>Paulum,</strong></span> <span class='ocrx_word' id='word_1_270' title='bbox 1241 3493 1309 3547; x_wconf 90' lang='lat' dir='ltr'><strong>ita</strong></span> <span class='ocrx_word' id='word_1_271' title='bbox 1354 3507 1411 3549; x_wconf 92' lang='lat' dir='ltr'><strong>ut</strong></span> <span class='ocrx_word' id='word_1_272' title='bbox 1436 3507 1488 3550; x_wconf 91' lang='lat' dir='ltr'><strong>et</strong></span> <span class='ocrx_word' id='word_1_273' title='bbox 1533 3499 1760 3554; x_wconf 89' lang='lat' dir='ltr'><strong>triticum</strong></span> <span class='ocrx_word' id='word_1_274' title='bbox 1792 3502 2064 3572; x_wconf 89' lang='lat' dir='ltr'><strong>ejicerent.</strong></span> <span class='ocrx_word' id='word_1_275' title='bbox 2093 3505 2225 3564; x_wconf 85' lang='lat' dir='ltr'><strong>Vide</strong></span> 
     </span>
    </p>
   </div>
   <div class='ocr_carea' id='block_1_36' title="bbox 649 3575 2218 3659">
    <p class='ocr_par' dir='ltr' id='par_1_36' title="bbox 649 3575 2218 3659">
     <span class='ocr_line' id='line_1_36' title="bbox 649 3575 2218 3659; baseline 0.017 -33"><span class='ocrx_word' id='word_1_276' title='bbox 649 3575 772 3630; x_wconf 90' lang='lat' dir='ltr'><strong>illos</strong></span> <span class='ocrx_word' id='word_1_277' title='bbox 816 3577 1045 3634; x_wconf 87' lang='lat' dir='ltr'><strong>humana</strong></span> <span class='ocrx_word' id='word_1_278' title='bbox 1099 3583 1370 3651; x_wconf 76' lang='lat' dir='ltr'><strong>facientes,</strong></span> <span class='ocrx_word' id='word_1_279' title='bbox 1425 3604 1520 3643; x_wconf 91' lang='lat' dir='ltr'><strong>nec</strong></span> <span class='ocrx_word' id='word_1_280' title='bbox 1566 3590 1930 3659; x_wconf 90' lang='lat' dir='ltr'><strong>prohibentem</strong></span> <span class='ocrx_word' id='word_1_281' title='bbox 1977 3596 2218 3652; x_wconf 88' lang='lat' dir='ltr'><strong>Paulum.</strong></span> 
     </span>
    </p>
   </div>
   <div class='ocr_carea' id='block_1_37' title="bbox 651 3667 2216 3754">
    <p class='ocr_par' dir='ltr' id='par_1_37' title="bbox 651 3667 2216 3754">
     <span class='ocr_line' id='line_1_37' title="bbox 651 3667 2216 3754; baseline 0.015 -35"><span class='ocrx_word' id='word_1_282' title='bbox 651 3667 868 3733; x_wconf 83' lang='lat' dir='ltr'><strong>Quando</strong></span> <span class='ocrx_word' id='word_1_283' title='bbox 890 3682 1057 3726; x_wconf 87' lang='lat' dir='ltr'><strong>autem</strong></span> <span class='ocrx_word' id='word_1_284' title='bbox 1085 3675 1191 3728; x_wconf 88' lang='lat' dir='ltr'><strong>dies</strong></span> <span class='ocrx_word' id='word_1_285' title='bbox 1218 3680 1338 3745; x_wconf 80' lang='lat' dir='ltr'><strong>fuit,</strong></span> <span class='ocrx_word' id='word_1_286' title='bbox 1385 3680 1570 3750; x_wconf 90' lang='lat' dir='ltr'><strong>inquit,</strong></span> <span class='ocrx_word' id='word_1_287' title='bbox 1603 3684 1897 3740; x_wconf 76' lang='lat' dir='ltr'><strong>laxaverant</strong></span> <span class='ocrx_word' id='word_1_288' title='bbox 1925 3689 2216 3754; x_wconf 74' lang='lat' dir='ltr'><strong>iuncturas.</strong></span> 
     </span>
    </p>
   </div>
   <div class='ocr_carea' id='block_1_38' title="bbox 645 3758 2222 3837">
    <p class='ocr_par' dir='ltr' id='par_1_38' title="bbox 645 3758 2222 3837">
     <span class='ocr_line' id='line_1_38' title="bbox 645 3758 2222 3837; baseline 0.016 -26"><span class='ocrx_word' id='word_1_289' title='bbox 645 3758 882 3814; x_wconf 89' lang='lat' dir='ltr'><strong>Solvitur</strong></span> <span class='ocrx_word' id='word_1_290' title='bbox 907 3763 1056 3817; x_wconf 86' lang='lat' dir='ltr'><strong>navis</strong></span> <span class='ocrx_word' id='word_1_291' title='bbox 1102 3764 1151 3818; x_wconf 91' lang='lat' dir='ltr'><strong>in</strong></span> <span class='ocrx_word' id='word_1_292' title='bbox 1183 3768 1288 3833; x_wconf 89' lang='lat' dir='ltr'><strong>die,</strong></span> <span class='ocrx_word' id='word_1_293' title='bbox 1336 3785 1400 3822; x_wconf 91' lang='lat' dir='ltr'><strong>ne</strong></span> <span class='ocrx_word' id='word_1_294' title='bbox 1441 3771 1512 3825; x_wconf 89' lang='lat' dir='ltr'><strong>illi</strong></span> <span class='ocrx_word' id='word_1_295' title='bbox 1555 3784 1697 3828; x_wconf 89' lang='lat' dir='ltr'><strong>metu</strong></span> <span class='ocrx_word' id='word_1_296' title='bbox 1736 3777 2132 3836; x_wconf 84' lang='lat' dir='ltr'><strong>dissolvantur:</strong></span> <span class='ocrx_word' id='word_1_297' title='bbox 2165 3793 2222 3837; x_wconf 95' lang='lat' dir='ltr'><strong>ut</strong></span> 
     </span>
    </p>
   </div>
   <div class='ocr_carea' id='block_1_39' title="bbox 643 3843 2220 3933">
    <p class='ocr_par' dir='ltr' id='par_1_39' title="bbox 643 3843 2220 3933">
     <span class='ocr_line' id='line_1_39' title="bbox 643 3843 2220 3933; baseline 0.018 -34"><span class='ocrx_word' id='word_1_298' title='bbox 643 3848 826 3904; x_wconf 87' lang='lat' dir='ltr'><strong>videas</strong></span> <span class='ocrx_word' id='word_1_299' title='bbox 855 3843 1190 3923; x_wconf 82' lang='lat' dir='ltr'><strong>prophetiam</strong></span> <span class='ocrx_word' id='word_1_300' title='bbox 1230 3873 1392 3928; x_wconf 88' lang='lat' dir='ltr'><strong>opere</strong></span> <span class='ocrx_word' id='word_1_301' title='bbox 1421 3865 1756 3933; x_wconf 90' lang='lat' dir='ltr'><strong>completam.</strong></span> <span class='ocrx_word' id='word_1_302' title='bbox 1803 3868 2025 3924; x_wconf 80' lang='lat' dir='ltr'><strong>Militum</strong></span> <span class='ocrx_word' id='word_1_303' title='bbox 2052 3884 2220 3927; x_wconf 85' lang='lat' dir='ltr'><strong>autem</strong></span> 
     </span>
    </p>
   </div>
   <div class='ocr_carea' id='block_1_40' title="bbox 640 3943 2216 4032">
    <p class='ocr_par' dir='ltr' id='par_1_40' title="bbox 640 3943 2216 4032">
     <span class='ocr_line' id='line_1_40' title="bbox 640 3943 2216 4032; baseline 0.019 -41"><span class='ocrx_word' id='word_1_304' title='bbox 640 3943 909 3997; x_wconf 87' lang='lat' dir='ltr'><strong>concilium</strong></span> <span class='ocrx_word' id='word_1_305' title='bbox 934 3947 1048 4015; x_wconf 83' lang='lat' dir='ltr'><strong>fuit,</strong></span> <span class='ocrx_word' id='word_1_306' title='bbox 1084 3959 1136 3999; x_wconf 91' lang='lat' dir='ltr'><strong>nt</strong></span> <span class='ocrx_word' id='word_1_307' title='bbox 1159 3950 1346 4006; x_wconf 87' lang='lat' dir='ltr'><strong>vinctos</strong></span> <span class='ocrx_word' id='word_1_308' title='bbox 1367 3955 1662 4010; x_wconf 88' lang='lat' dir='ltr'><strong>occiderent.</strong></span> <span class='ocrx_word' id='word_1_309' title='bbox 1694 3958 1869 4025; x_wconf 87' lang='lat' dir='ltr'><strong>Vides,</strong></span> <span class='ocrx_word' id='word_1_310' title='bbox 1893 3965 2033 4032; x_wconf 92' lang='lat' dir='ltr'><strong>quod</strong></span> <span class='ocrx_word' id='word_1_311' title='bbox 2059 3967 2216 4021; x_wconf 88' lang='lat' dir='ltr'><strong>etiam</strong></span> 
     </span>
    </p>
   </div>
   <div class='ocr_carea' id='block_1_41' title="bbox 646 4033 2214 4120">
    <p class='ocr_par' dir='ltr' id='par_1_41' title="bbox 646 4033 2214 4120">
     <span class='ocr_line' id='line_1_41' title="bbox 646 4033 2214 4120; baseline 0.018 -36"><span class='ocrx_word' id='word_1_312' title='bbox 646 4033 698 4085; x_wconf 93' lang='lat' dir='ltr'><strong>in</strong></span> <span class='ocrx_word' id='word_1_313' title='bbox 729 4034 830 4088; x_wconf 91' lang='lat' dir='ltr'><strong>hoc</strong></span> <span class='ocrx_word' id='word_1_314' title='bbox 855 4035 1268 4110; x_wconf 79' lang='lat' dir='ltr'><strong>Panlogratiam</strong></span> <span class='ocrx_word' id='word_1_315' title='bbox 1296 4043 1616 4102; x_wconf 85' lang='lat' dir='ltr'><strong>habuerint?</strong></span> <span class='ocrx_word' id='word_1_316' title='bbox 1647 4063 1865 4120; x_wconf 87' lang='lat' dir='ltr'><strong>propter</strong></span> <span class='ocrx_word' id='word_1_317' title='bbox 1897 4056 2041 4109; x_wconf 89' lang='lat' dir='ltr'><strong>illum</strong></span> <span class='ocrx_word' id='word_1_318' title='bbox 2072 4059 2214 4112; x_wconf 90' lang='lat' dir='ltr'><strong>enim</strong></span> 
     </span>
    </p>
   </div>
   <div class='ocr_carea' id='block_1_42' title="bbox 640 4128 2219 4205">
    <p class='ocr_par' dir='ltr' id='par_1_42' title="bbox 640 4128 2219 4205">
     <span class='ocr_line' id='line_1_42' title="bbox 640 4128 2219 4205; baseline 0.018 -28"><span class='ocrx_word' id='word_1_319' title='bbox 640 4128 885 4182; x_wconf 81' lang='lat' dir='ltr'><strong>centurio</strong></span> <span class='ocrx_word' id='word_1_320' title='bbox 921 4147 1024 4184; x_wconf 92' lang='lat' dir='ltr'><strong>non</strong></span> <span class='ocrx_word' id='word_1_321' title='bbox 1073 4137 1310 4202; x_wconf 88' lang='lat' dir='ltr'><strong>permisit</strong></span> <span class='ocrx_word' id='word_1_322' title='bbox 1341 4149 1396 4192; x_wconf 93' lang='lat' dir='ltr'><strong>ut</strong></span> <span class='ocrx_word' id='word_1_323' title='bbox 1435 4142 1822 4200; x_wconf 87' lang='lat' dir='ltr'><strong>occiderentur.</strong></span> <span class='ocrx_word' id='word_1_324' title='bbox 1859 4145 1934 4200; x_wconf 90' lang='lat' dir='ltr'><strong>lta</strong></span> <span class='ocrx_word' id='word_1_325' title='bbox 1981 4149 2106 4204; x_wconf 88' lang='lat' dir='ltr'><strong>mihi</strong></span> <span class='ocrx_word' id='word_1_326' title='bbox 2141 4151 2219 4205; x_wconf 88' lang='lat' dir='ltr'><strong>vi-</strong></span> 
     </span>
    </p>
   </div>
   <div class='ocr_carea' id='block_1_43' title="bbox 640 4218 2218 4304">
    <p class='ocr_par' dir='ltr' id='par_1_43' title="bbox 640 4218 2218 4304">
     <span class='ocr_line' id='line_1_43' title="bbox 640 4218 2218 4304; baseline 0.02 -35"><span class='ocrx_word' id='word_1_327' title='bbox 640 4218 834 4273; x_wconf 87' lang='lat' dir='ltr'><strong>dentur</strong></span> <span class='ocrx_word' id='word_1_328' title='bbox 861 4221 938 4276; x_wconf 91' lang='lat' dir='ltr'><strong>illi</strong></span> <span class='ocrx_word' id='word_1_329' title='bbox 969 4239 1032 4278; x_wconf 80' lang='lat' dir='ltr'><strong>ex</strong></span> <span class='ocrx_word' id='word_1_330' title='bbox 1062 4227 1309 4284; x_wconf 89' lang='lat' dir='ltr'><strong>confesso</strong></span> <span class='ocrx_word' id='word_1_331' title='bbox 1351 4232 1562 4289; x_wconf 80' lang='lat' dir='ltr'><strong>scelesti</strong></span> <span class='ocrx_word' id='word_1_332' title='bbox 1591 4237 1773 4304; x_wconf 86' lang='lat' dir='ltr'><strong>fuisse,</strong></span> <span class='ocrx_word' id='word_1_333' title='bbox 1820 4241 1893 4294; x_wconf 88' lang='lat' dir='ltr'><strong>ita</strong></span> <span class='ocrx_word' id='word_1_334' title='bbox 1939 4252 1992 4297; x_wconf 91' lang='lat' dir='ltr'><strong>ut</strong></span> <span class='ocrx_word' id='word_1_335' title='bbox 2019 4244 2218 4300; x_wconf 82' lang='lat' dir='ltr'><strong>vellent</strong></span> 
     </span>
    </p>
   </div>
   <div class='ocr_carea' id='block_1_44' title="bbox 640 4309 2214 4398">
    <p class='ocr_par' dir='ltr' id='par_1_44' title="bbox 640 4309 2214 4398">
     <span class='ocr_line' id='line_1_44' title="bbox 640 4309 2214 4398; baseline 0.018 -36"><span class='ocrx_word' id='word_1_336' title='bbox 640 4309 786 4376; x_wconf 89' lang='lat' dir='ltr'><strong>ipsos</strong></span> <span class='ocrx_word' id='word_1_337' title='bbox 805 4313 1092 4370; x_wconf 90' lang='lat' dir='ltr'><strong>occidere:</strong></span> <span class='ocrx_word' id='word_1_338' title='bbox 1122 4321 1214 4373; x_wconf 92' lang='lat' dir='ltr'><strong>sed</strong></span> <span class='ocrx_word' id='word_1_339' title='bbox 1249 4322 1521 4391; x_wconf 88' lang='lat' dir='ltr'><strong>prohibiti,</strong></span> <span class='ocrx_word' id='word_1_340' title='bbox 1553 4343 1656 4390; x_wconf 86' lang='lat' dir='ltr'><strong>non</strong></span> <span class='ocrx_word' id='word_1_341' title='bbox 1686 4329 1923 4386; x_wconf 90' lang='lat' dir='ltr'><strong>fecerunt</strong></span> <span class='ocrx_word' id='word_1_342' title='bbox 1953 4349 1967 4398; x_wconf 91' lang='lat'><strong>;</strong></span> <span class='ocrx_word' id='word_1_343' title='bbox 2008 4335 2101 4389; x_wconf 89' lang='lat' dir='ltr'><strong>sed</strong></span> <span class='ocrx_word' id='word_1_344' title='bbox 2126 4337 2214 4390; x_wconf 90' lang='lat' dir='ltr'><strong>alii</strong></span> 
     </span>
    </p>
   </div>
   <div class='ocr_carea' id='block_1_45' title="bbox 637 4401 2214 4486">
    <p class='ocr_par' dir='ltr' id='par_1_45' title="bbox 637 4401 2214 4486">
     <span class='ocr_line' id='line_1_45' title="bbox 637 4401 2214 4486; baseline 0.02 -33"><span class='ocrx_word' id='word_1_345' title='bbox 637 4401 853 4468; x_wconf 87' lang='lat' dir='ltr'><strong>quidem</strong></span> <span class='ocrx_word' id='word_1_346' title='bbox 881 4413 1146 4476; x_wconf 85' lang='lat' dir='ltr'><strong>natarunt,</strong></span> <span class='ocrx_word' id='word_1_347' title='bbox 1178 4411 1264 4465; x_wconf 90' lang='lat' dir='ltr'><strong>alii</strong></span> <span class='ocrx_word' id='word_1_348' title='bbox 1297 4413 1348 4467; x_wconf 90' lang='lat' dir='ltr'><strong>in</strong></span> <span class='ocrx_word' id='word_1_349' title='bbox 1381 4415 1570 4472; x_wconf 89' lang='lat' dir='ltr'><strong>tabulis</strong></span> <span class='ocrx_word' id='word_1_350' title='bbox 1601 4417 1922 4486; x_wconf 88' lang='lat' dir='ltr'><strong>ferebantur,</strong></span> <span class='ocrx_word' id='word_1_351' title='bbox 1949 4435 2003 4479; x_wconf 92' lang='lat' dir='ltr'><strong>et</strong></span> <span class='ocrx_word' id='word_1_352' title='bbox 2029 4441 2214 4484; x_wconf 88' lang='lat' dir='ltr'><strong>omnes</strong></span> 
     </span>
    </p>
   </div>
   <div class='ocr_carea' id='block_1_46' title="bbox 640 4492 2210 4588">
    <p class='ocr_par' dir='ltr' id='par_1_46' title="bbox 640 4492 2210 4588">
     <span class='ocr_line' id='line_1_46' title="bbox 640 4492 2210 4588; baseline 0.02 -43"><span class='ocrx_word' id='word_1_353' title='bbox 640 4492 710 4546; x_wconf 87' lang='lat' dir='ltr'><strong>ita</strong></span> <span class='ocrx_word' id='word_1_354' title='bbox 743 4495 965 4551; x_wconf 89' lang='lat' dir='ltr'><strong>salutem</strong></span> <span class='ocrx_word' id='word_1_355' title='bbox 997 4502 1135 4555; x_wconf 91' lang='lat' dir='ltr'><strong>nacti</strong></span> <span class='ocrx_word' id='word_1_356' title='bbox 1165 4514 1324 4571; x_wconf 92' lang='lat' dir='ltr'><strong>sunt,</strong></span> <span class='ocrx_word' id='word_1_357' title='bbox 1367 4522 1430 4561; x_wconf 90' lang='lat' dir='ltr'><strong>ac</strong></span> <span class='ocrx_word' id='word_1_358' title='bbox 1475 4510 1752 4579; x_wconf 88' lang='lat' dir='ltr'><strong>prophetia</strong></span> <span class='ocrx_word' id='word_1_359' title='bbox 1799 4513 1957 4570; x_wconf 84' lang='lat' dir='ltr'><strong>finem</strong></span> <span class='ocrx_word' id='word_1_360' title='bbox 1987 4521 2210 4588; x_wconf 84' lang='lat' dir='ltr'><strong>accepit,</strong></span> 
     </span>
    </p>
   </div>
   <div class='ocr_carea' id='block_1_47' title="bbox 638 4585 2213 4676">
    <p class='ocr_par' dir='ltr' id='par_1_47' title="bbox 638 4585 2213 4676">
     <span class='ocr_line' id='line_1_47' title="bbox 638 4585 2213 4676; baseline 0.017 -36"><span class='ocrx_word' id='word_1_361' title='bbox 638 4585 853 4642; x_wconf 87' lang='lat' dir='ltr'><strong>etiamsi</strong></span> <span class='ocrx_word' id='word_1_362' title='bbox 883 4605 985 4644; x_wconf 90' lang='lat' dir='ltr'><strong>non</strong></span> <span class='ocrx_word' id='word_1_363' title='bbox 1014 4607 1042 4644; x_wconf 93' lang='lat' dir='ltr'><strong>a</strong></span> <span class='ocrx_word' id='word_1_364' title='bbox 1081 4602 1319 4665; x_wconf 92' lang='lat' dir='ltr'><strong>tempore</strong></span> <span class='ocrx_word' id='word_1_365' title='bbox 1349 4598 1489 4652; x_wconf 86' lang='lat' dir='ltr'><strong>clara</strong></span> <span class='ocrx_word' id='word_1_366' title='bbox 1520 4615 1660 4658; x_wconf 89' lang='lat' dir='ltr'><strong>esset</strong></span> <span class='ocrx_word' id='word_1_367' title='bbox 1691 4624 1703 4658; x_wconf 91' lang='lat'>:</span> <span class='ocrx_word' id='word_1_368' title='bbox 1734 4621 1905 4676; x_wconf 89' lang='lat' dir='ltr'><strong>neque</strong></span> <span class='ocrx_word' id='word_1_369' title='bbox 1927 4612 2067 4663; x_wconf 89' lang='lat' dir='ltr'><strong>enim</strong></span> <span class='ocrx_word' id='word_1_370' title='bbox 2090 4623 2213 4667; x_wconf 87' lang='lat' dir='ltr'><strong>ante</strong></span> 
     </span>
    </p>
   </div>
   <div class='ocr_carea' id='block_1_48' title="bbox 637 4679 2210 4758">
    <p class='ocr_par' dir='ltr' id='par_1_48' title="bbox 637 4679 2210 4758">
     <span class='ocr_line' id='line_1_48' title="bbox 637 4679 2210 4758; baseline 0.017 -27"><span class='ocrx_word' id='word_1_371' title='bbox 637 4679 835 4735; x_wconf 87' lang='lat' dir='ltr'><strong>inultos</strong></span> <span class='ocrx_word' id='word_1_372' title='bbox 855 4696 1027 4738; x_wconf 92' lang='lat' dir='ltr'><strong>annos</strong></span> <span class='ocrx_word' id='word_1_373' title='bbox 1054 4685 1194 4740; x_wconf 78' lang='lat' dir='ltr'><strong>illam</strong></span> <span class='ocrx_word' id='word_1_374' title='bbox 1222 4693 1618 4758; x_wconf 70' lang='lat' dir='ltr'><strong>praanuntiarat,</strong></span> <span class='ocrx_word' id='word_1_375' title='bbox 1649 4697 1741 4750; x_wconf 91' lang='lat' dir='ltr'><strong>sed</strong></span> <span class='ocrx_word' id='word_1_376' title='bbox 1766 4713 1943 4754; x_wconf 90' lang='lat' dir='ltr'><strong>rerum</strong></span> <span class='ocrx_word' id='word_1_377' title='bbox 1969 4712 2210 4756; x_wconf 89' lang='lat' dir='ltr'><strong>naturain</strong></span> 
     </span>
    </p>
   </div>
   <div class='ocr_carea' id='block_1_49' title="bbox 635 4776 2212 4864">
    <p class='ocr_par' dir='ltr' id='par_1_49' title="bbox 635 4776 2212 4864">
     <span class='ocr_line' id='line_1_49' title="bbox 635 4776 2212 4864; baseline 0.017 -40"><span class='ocrx_word' id='word_1_378' title='bbox 635 4786 866 4842; x_wconf 90' lang='lat' dir='ltr'><strong>sequens</strong></span> <span class='ocrx_word' id='word_1_379' title='bbox 901 4792 914 4828; x_wconf 93' lang='lat'>:</span> <span class='ocrx_word' id='word_1_380' title='bbox 945 4776 1212 4846; x_wconf 89' lang='lat' dir='ltr'><strong>insperata</strong></span> <span class='ocrx_word' id='word_1_381' title='bbox 1257 4782 1400 4836; x_wconf 76' lang='lat' dir='ltr'><strong>enim</strong></span> <span class='ocrx_word' id='word_1_382' title='bbox 1443 4796 1596 4840; x_wconf 89' lang='lat' dir='ltr'><strong>erant</strong></span> <span class='ocrx_word' id='word_1_383' title='bbox 1624 4789 1822 4854; x_wconf 91' lang='lat' dir='ltr'><strong>omnia,</strong></span> <span class='ocrx_word' id='word_1_384' title='bbox 1868 4801 1922 4846; x_wconf 92' lang='lat' dir='ltr'><strong>et</strong></span> <span class='ocrx_word' id='word_1_385' title='bbox 1964 4809 2060 4862; x_wconf 89' lang='lat' dir='ltr'><strong>per</strong></span> <span class='ocrx_word' id='word_1_386' title='bbox 2089 4811 2212 4864; x_wconf 87' lang='lat' dir='ltr'><strong>pro-</strong></span> 
     </span>
    </p>
   </div>
   <div class='ocr_carea' id='block_1_50' title="bbox 636 4865 2213 4944">
    <p class='ocr_par' dir='ltr' id='par_1_50' title="bbox 636 4865 2213 4944">
     <span class='ocr_line' id='line_1_50' title="bbox 636 4865 2213 4944; baseline 0.016 -28"><span class='ocrx_word' id='word_1_387' title='bbox 636 4865 804 4933; x_wconf 89' lang='lat' dir='ltr'><strong>priam</strong></span> <span class='ocrx_word' id='word_1_388' title='bbox 835 4866 1062 4922; x_wconf 90' lang='lat' dir='ltr'><strong>salutem</strong></span> <span class='ocrx_word' id='word_1_389' title='bbox 1091 4868 1372 4928; x_wconf 85' lang='lat' dir='ltr'><strong>discebant</strong></span> <span class='ocrx_word' id='word_1_390' title='bbox 1400 4875 1521 4944; x_wconf 90' lang='lat' dir='ltr'><strong>quis</strong></span> <span class='ocrx_word' id='word_1_391' title='bbox 1555 4888 1698 4933; x_wconf 88' lang='lat' dir='ltr'><strong>esset</strong></span> <span class='ocrx_word' id='word_1_392' title='bbox 1737 4881 1951 4938; x_wconf 91' lang='lat' dir='ltr'><strong>Paulus.</strong></span> <span class='ocrx_word' id='word_1_393' title='bbox 1999 4883 2101 4940; x_wconf 90' lang='lat' dir='ltr'><strong>Sed</strong></span> <span class='ocrx_word' id='word_1_394' title='bbox 2130 4887 2213 4942; x_wconf 81' lang='lat' dir='ltr'><strong>di-</strong></span> 
     </span>
    </p>
   </div>
   <div class='ocr_carea' id='block_1_51' title="bbox 633 4961 2210 5035">
    <p class='ocr_par' dir='ltr' id='par_1_51' title="bbox 633 4961 2210 5035">
     <span class='ocr_line' id='line_1_51' title="bbox 633 4961 2210 5035; baseline 0.015 -24"><span class='ocrx_word' id='word_1_395' title='bbox 633 4961 772 5013; x_wconf 77' lang='lat' dir='ltr'><strong>xerit</strong></span> <span class='ocrx_word' id='word_1_396' title='bbox 799 4963 1080 5032; x_wconf 87' lang='lat' dir='ltr'><strong>quispiam,</strong></span> <span class='ocrx_word' id='word_1_397' title='bbox 1125 4962 1231 5018; x_wconf 89' lang='lat' dir='ltr'><strong>Cur</strong></span> <span class='ocrx_word' id='word_1_398' title='bbox 1279 4981 1383 5020; x_wconf 92' lang='lat' dir='ltr'><strong>non</strong></span> <span class='ocrx_word' id='word_1_399' title='bbox 1424 4969 1583 5023; x_wconf 91' lang='lat' dir='ltr'><strong>etiam</strong></span> <span class='ocrx_word' id='word_1_400' title='bbox 1623 4973 1796 5027; x_wconf 83' lang='lat' dir='ltr'><strong>navim</strong></span> <span class='ocrx_word' id='word_1_401' title='bbox 1838 4979 2108 5032; x_wconf 84' lang='lat' dir='ltr'><strong>servavit?</strong></span> <span class='ocrx_word' id='word_1_402' title='bbox 2139 4979 2210 5035; x_wconf 91' lang='lat' dir='ltr'><strong>Ut</strong></span> 
     </span>
    </p>
   </div>
   <div class='ocr_carea' id='block_1_52' title="bbox 633 5049 2207 5138">
    <p class='ocr_par' dir='ltr' id='par_1_52' title="bbox 633 5049 2207 5138">
     <span class='ocr_line' id='line_1_52' title="bbox 633 5049 2207 5138; baseline 0.017 -38"><span class='ocrx_word' id='word_1_403' title='bbox 633 5049 902 5105; x_wconf 86' lang='lat' dir='ltr'><strong>discerent</strong></span> <span class='ocrx_word' id='word_1_404' title='bbox 943 5063 1195 5122; x_wconf 90' lang='lat' dir='ltr'><strong>quantum</strong></span> <span class='ocrx_word' id='word_1_405' title='bbox 1235 5058 1526 5126; x_wconf 88' lang='lat' dir='ltr'><strong>periculum</strong></span> <span class='ocrx_word' id='word_1_406' title='bbox 1561 5065 1828 5119; x_wconf 87' lang='lat' dir='ltr'><strong>evaserint</strong></span> <span class='ocrx_word' id='word_1_407' title='bbox 1863 5083 1878 5119; x_wconf 92' lang='lat'><strong>:</strong></span> <span class='ocrx_word' id='word_1_408' title='bbox 1915 5069 2055 5138; x_wconf 89' lang='lat' dir='ltr'><strong>quod</strong></span> <span class='ocrx_word' id='word_1_409' title='bbox 2101 5085 2207 5126; x_wconf 91' lang='lat' dir='ltr'><strong>non</strong></span> 
     </span>
    </p>
   </div>
   <div class='ocr_carea' id='block_1_53' title="bbox 634 5138 2208 5219">
    <p class='ocr_par' dir='ltr' id='par_1_53' title="bbox 634 5138 2208 5219">
     <span class='ocr_line' id='line_1_53' title="bbox 634 5138 2208 5219; baseline 0.019 -31"><span class='ocrx_word' id='word_1_410' title='bbox 634 5138 848 5192; x_wconf 86' lang='lat' dir='ltr'><strong>humani</strong></span> <span class='ocrx_word' id='word_1_411' title='bbox 873 5143 1052 5197; x_wconf 78' lang='lat' dir='ltr'><strong>auxilii</strong></span> <span class='ocrx_word' id='word_1_412' title='bbox 1085 5153 1250 5200; x_wconf 88' lang='lat' dir='ltr'><strong>totum</strong></span> <span class='ocrx_word' id='word_1_413' title='bbox 1279 5158 1440 5214; x_wconf 88' lang='lat' dir='ltr'><strong>esset,</strong></span> <span class='ocrx_word' id='word_1_414' title='bbox 1471 5151 1565 5205; x_wconf 91' lang='lat' dir='ltr'><strong>sed</strong></span> <span class='ocrx_word' id='word_1_415' title='bbox 1599 5153 1691 5208; x_wconf 93' lang='lat' dir='ltr'><strong>Dei</strong></span> <span class='ocrx_word' id='word_1_416' title='bbox 1719 5171 1904 5210; x_wconf 90' lang='lat' dir='ltr'><strong>manus</strong></span> <span class='ocrx_word' id='word_1_417' title='bbox 1930 5161 2045 5215; x_wconf 90' lang='lat' dir='ltr'><strong>sine</strong></span> <span class='ocrx_word' id='word_1_418' title='bbox 2072 5178 2208 5219; x_wconf 89' lang='lat' dir='ltr'><strong>nave</strong></span> 
     </span>
    </p>
   </div>
   <div class='ocr_carea' id='block_1_54' title="bbox 632 5230 2203 5313">
    <p class='ocr_par' dir='ltr' id='par_1_54' title="bbox 632 5230 2203 5313">
     <span class='ocr_line' id='line_1_54' title="bbox 632 5230 2203 5313; baseline 0.019 -34"><span class='ocrx_word' id='word_1_419' title='bbox 632 5230 917 5283; x_wconf 86' lang='lat' dir='ltr'><strong>servantis.</strong></span> <span class='ocrx_word' id='word_1_420' title='bbox 946 5233 1267 5304; x_wconf 85' lang='lat' dir='ltr'><strong>ltaquejiisti</strong></span> <span class='ocrx_word' id='word_1_421' title='bbox 1303 5241 1403 5294; x_wconf 90' lang='lat' dir='ltr'><strong>etsi</strong></span> <span class='ocrx_word' id='word_1_422' title='bbox 1435 5243 1485 5296; x_wconf 91' lang='lat' dir='ltr'><strong>in</strong></span> <span class='ocrx_word' id='word_1_423' title='bbox 1523 5252 1838 5313; x_wconf 87' lang='lat' dir='ltr'><strong>tempestate</strong></span> <span class='ocrx_word' id='word_1_424' title='bbox 1863 5250 1989 5311; x_wconf 83' lang='lat' dir='ltr'><strong>sint.</strong></span> <span class='ocrx_word' id='word_1_425' title='bbox 2020 5255 2119 5308; x_wconf 89' lang='lat' dir='ltr'><strong>etsi</strong></span> <span class='ocrx_word' id='word_1_426' title='bbox 2153 5255 2203 5309; x_wconf 93' lang='lat' dir='ltr'><strong>in</strong></span> 
     </span>
    </p>
   </div>
   <div class='ocr_carea' id='block_1_55' title="bbox 634 5318 2206 5404">
    <p class='ocr_par' dir='ltr' id='par_1_55' title="bbox 634 5318 2206 5404">
     <span class='ocr_line' id='line_1_55' title="bbox 634 5318 2206 5404; baseline 0.02 -33"><span class='ocrx_word' id='word_1_427' title='bbox 634 5318 766 5371; x_wconf 91' lang='lat' dir='ltr'><strong>mari</strong></span> <span class='ocrx_word' id='word_1_428' title='bbox 793 5320 874 5374; x_wconf 86' lang='lat' dir='ltr'><strong>vel</strong></span> <span class='ocrx_word' id='word_1_429' title='bbox 903 5322 953 5374; x_wconf 86' lang='lat' dir='ltr'><strong>iii</strong></span> <span class='ocrx_word' id='word_1_430' title='bbox 983 5325 1188 5394; x_wconf 85' lang='lat' dir='ltr'><strong>pelago,</strong></span> <span class='ocrx_word' id='word_1_431' title='bbox 1208 5328 1336 5383; x_wconf 90' lang='lat' dir='ltr'><strong>nihil</strong></span> <span class='ocrx_word' id='word_1_432' title='bbox 1358 5347 1524 5401; x_wconf 88' lang='lat' dir='ltr'><strong>grave</strong></span> <span class='ocrx_word' id='word_1_433' title='bbox 1552 5336 1839 5404; x_wconf 88' lang='lat' dir='ltr'><strong>patiuntur,</strong></span> <span class='ocrx_word' id='word_1_434' title='bbox 1864 5340 1969 5395; x_wconf 90' lang='lat' dir='ltr'><strong>imo</strong></span> <span class='ocrx_word' id='word_1_435' title='bbox 1999 5354 2050 5398; x_wconf 89' lang='lat' dir='ltr'><strong>et</strong></span> <span class='ocrx_word' id='word_1_436' title='bbox 2071 5347 2206 5404; x_wconf 90' lang='lat' dir='ltr'><strong>alios</strong></span> 
     </span>
    </p>
   </div>
   <div class='ocr_carea' id='block_1_56' title="bbox 632 5419 2200 5501">
    <p class='ocr_par' dir='ltr' id='par_1_56' title="bbox 632 5419 2200 5501">
     <span class='ocr_line' id='line_1_56' title="bbox 632 5419 2200 5501; baseline 0.019 -39"><span class='ocrx_word' id='word_1_437' title='bbox 632 5422 814 5464; x_wconf 87' lang='lat' dir='ltr'><strong>secum</strong></span> <span class='ocrx_word' id='word_1_438' title='bbox 853 5424 1087 5469; x_wconf 89' lang='lat' dir='ltr'><strong>servant.</strong></span> <span class='ocrx_word' id='word_1_439' title='bbox 1137 5419 1192 5472; x_wconf 88' lang='lat' dir='ltr'><strong>Si</strong></span> <span class='ocrx_word' id='word_1_440' title='bbox 1235 5421 1354 5475; x_wconf 92' lang='lat' dir='ltr'><strong>navi</strong></span> <span class='ocrx_word' id='word_1_441' title='bbox 1397 5425 1730 5492; x_wconf 89' lang='lat' dir='ltr'><strong>periclitante</strong></span> <span class='ocrx_word' id='word_1_442' title='bbox 1776 5439 1830 5484; x_wconf 92' lang='lat' dir='ltr'><strong>et</strong></span> <span class='ocrx_word' id='word_1_443' title='bbox 1873 5435 2200 5501; x_wconf 84' lang='lat' dir='ltr'><strong>naufragium</strong></span> 
     </span>
    </p>
   </div>
   <div class='ocr_carea' id='block_1_57' title="bbox 633 5504 2207 5595">
    <p class='ocr_par' dir='ltr' id='par_1_57' title="bbox 633 5504 2207 5595">
     <span class='ocr_line' id='line_1_57' title="bbox 633 5504 2207 5595; baseline 0.018 -41"><span class='ocrx_word' id='word_1_444' title='bbox 633 5514 788 5571; x_wconf 88' lang='lat' dir='ltr'><strong>passa</strong></span> <span class='ocrx_word' id='word_1_445' title='bbox 830 5504 988 5560; x_wconf 91' lang='lat' dir='ltr'><strong>vincti</strong></span> <span class='ocrx_word' id='word_1_446' title='bbox 1031 5522 1060 5560; x_wconf 92' lang='lat' dir='ltr'><strong>a</strong></span> <span class='ocrx_word' id='word_1_447' title='bbox 1093 5507 1254 5563; x_wconf 85' lang='lat' dir='ltr'><strong>Paulo</strong></span> <span class='ocrx_word' id='word_1_448' title='bbox 1299 5516 1496 5569; x_wconf 88' lang='lat' dir='ltr'><strong>servati</strong></span> <span class='ocrx_word' id='word_1_449' title='bbox 1543 5528 1666 5572; x_wconf 90' lang='lat' dir='ltr'><strong>sunt</strong></span> <span class='ocrx_word' id='word_1_450' title='bbox 1697 5537 1710 5572; x_wconf 91' lang='lat'>:</span> <span class='ocrx_word' id='word_1_451' title='bbox 1739 5523 1932 5592; x_wconf 74' lang='lat' dir='ltr'><strong>cogita,</strong></span> <span class='ocrx_word' id='word_1_452' title='bbox 1973 5527 2098 5595; x_wconf 90' lang='lat' dir='ltr'><strong>quid</strong></span> <span class='ocrx_word' id='word_1_453' title='bbox 2138 5530 2207 5583; x_wconf 90' lang='lat' dir='ltr'><strong>sit</strong></span> 
     </span>
    </p>
   </div>
   <div class='ocr_carea' id='block_1_58' title="bbox 631 5597 2204 5688">
    <p class='ocr_par' dir='ltr' id='par_1_58' title="bbox 631 5597 2204 5688">
     <span class='ocr_line' id='line_1_58' title="bbox 631 5597 2204 5688; baseline 0.019 -41"><span class='ocrx_word' id='word_1_454' title='bbox 631 5597 800 5650; x_wconf 90' lang='lat' dir='ltr'><strong>virum</strong></span> <span class='ocrx_word' id='word_1_455' title='bbox 845 5607 1088 5653; x_wconf 80' lang='lat' dir='ltr'><strong>Sanctum</strong></span> <span class='ocrx_word' id='word_1_456' title='bbox 1121 5599 1318 5657; x_wconf 89' lang='lat' dir='ltr'><strong>habere</strong></span> <span class='ocrx_word' id='word_1_457' title='bbox 1359 5604 1501 5659; x_wconf 89' lang='lat' dir='ltr'><strong>domi</strong></span> <span class='ocrx_word' id='word_1_458' title='bbox 1537 5625 1549 5660; x_wconf 89' lang='lat'><strong>:</strong></span> <span class='ocrx_word' id='word_1_459' title='bbox 1586 5613 1762 5667; x_wconf 66' lang='lat' dir='ltr'><strong>multae</strong></span> <span class='ocrx_word' id='word_1_460' title='bbox 1804 5632 2030 5688; x_wconf 88' lang='lat' dir='ltr'><strong>namque</strong></span> <span class='ocrx_word' id='word_1_461' title='bbox 2071 5631 2204 5676; x_wconf 86' lang='lat' dir='ltr'><strong>tem-</strong></span> 
     </span>
    </p>
   </div>
   <div class='ocr_carea' id='block_1_59' title="bbox 634 5691 2202 5784">
    <p class='ocr_par' dir='ltr' id='par_1_59' title="bbox 634 5691 2202 5784">
     <span class='ocr_line' id='line_1_59' title="bbox 634 5691 2202 5784; baseline 0.018 -43"><span class='ocrx_word' id='word_1_462' title='bbox 634 5697 867 5756; x_wconf 80' lang='lat' dir='ltr'><strong>pestates</strong></span> <span class='ocrx_word' id='word_1_463' title='bbox 893 5705 990 5746; x_wconf 92' lang='lat' dir='ltr'><strong>nos</strong></span> <span class='ocrx_word' id='word_1_464' title='bbox 1010 5691 1210 5761; x_wconf 89' lang='lat' dir='ltr'><strong>jactant</strong></span> <span class='ocrx_word' id='word_1_465' title='bbox 1229 5736 1242 5760; x_wconf 91' lang='lat'><strong>,</strong></span> <span class='ocrx_word' id='word_1_466' title='bbox 1273 5705 1325 5750; x_wconf 90' lang='lat' dir='ltr'><strong>et</strong></span> <span class='ocrx_word' id='word_1_467' title='bbox 1357 5697 1438 5751; x_wconf 89' lang='lat' dir='ltr'><strong>liis</strong></span> <span class='ocrx_word' id='word_1_468' title='bbox 1468 5698 1621 5769; x_wconf 83' lang='lat' dir='ltr'><strong>longe</strong></span> <span class='ocrx_word' id='word_1_469' title='bbox 1651 5707 1952 5775; x_wconf 83' lang='lat' dir='ltr'><strong>graviores;</strong></span> <span class='ocrx_word' id='word_1_470' title='bbox 1980 5712 2073 5767; x_wconf 89' lang='lat' dir='ltr'><strong>sed</strong></span> <span class='ocrx_word' id='word_1_471' title='bbox 2106 5731 2202 5784; x_wconf 85' lang='lat' dir='ltr'><strong>po-</strong></span> 
     </span>
    </p>
   </div>
   <div class='ocr_carea' id='block_1_60' title="bbox 631 5782 2200 5867">
    <p class='ocr_par' dir='ltr' id='par_1_60' title="bbox 631 5782 2200 5867">
     <span class='ocr_line' id='line_1_60' title="bbox 631 5782 2200 5867; baseline 0.02 -33"><span class='ocrx_word' id='word_1_472' title='bbox 631 5790 733 5835; x_wconf 88' lang='lat' dir='ltr'><strong>test</strong></span> <span class='ocrx_word' id='word_1_473' title='bbox 760 5782 896 5839; x_wconf 82' lang='lat' dir='ltr'><strong>Deus</strong></span> <span class='ocrx_word' id='word_1_474' title='bbox 916 5793 970 5839; x_wconf 89' lang='lat' dir='ltr'><strong>et</strong></span> <span class='ocrx_word' id='word_1_475' title='bbox 992 5799 1088 5840; x_wconf 90' lang='lat' dir='ltr'><strong>nos</strong></span> <span class='ocrx_word' id='word_1_476' title='bbox 1113 5800 1346 5854; x_wconf 89' lang='lat' dir='ltr'><strong>servare,</strong></span> <span class='ocrx_word' id='word_1_477' title='bbox 1369 5790 1527 5846; x_wconf 90' lang='lat' dir='ltr'><strong>modo</strong></span> <span class='ocrx_word' id='word_1_478' title='bbox 1547 5795 1825 5853; x_wconf 87' lang='lat' dir='ltr'><strong>credamus</strong></span> <span class='ocrx_word' id='word_1_479' title='bbox 1846 5806 2043 5859; x_wconf 77' lang='lat' dir='ltr'><strong>sanctis</strong></span> <span class='ocrx_word' id='word_1_480' title='bbox 2065 5808 2200 5867; x_wconf 89' lang='lat' dir='ltr'><strong>sicut</strong></span> 
     </span>
    </p>
   </div>
   <div class='ocr_carea' id='block_1_61' title="bbox 1383 341 3173 425">
    <p class='ocr_par' dir='ltr' id='par_1_61' title="bbox 1383 341 3173 425">
     <span class='ocr_line' id='line_1_61' title="bbox 1383 341 3173 425; baseline 0.013 -28"><span class='ocrx_word' id='word_1_481' title='bbox 1383 341 1439 397; x_wconf 89' lang='lat' dir='ltr'><strong>S.</strong></span> <span class='ocrx_word' id='word_1_482' title='bbox 1478 341 1752 400; x_wconf 75' lang='lat' dir='ltr'><strong>JOANNIS</strong></span> <span class='ocrx_word' id='word_1_483' title='bbox 1786 343 2250 402; x_wconf 80' lang='lat' dir='ltr'><strong>CHRYSOSTOMI</strong></span> <span class='ocrx_word' id='word_1_484' title='bbox 2290 347 2602 407; x_wconf 78' lang='lat' dir='ltr'><strong>ARCHIEP.</strong></span> <span class='ocrx_word' id='word_1_485' title='bbox 2645 355 3173 425; x_wconf 79' lang='lat' dir='ltr'><strong>CONSTANTINOP.</strong></span> 
     </span>
    </p>
   </div>
   <div class='ocr_carea' id='block_1_62' title="bbox 3773 391 3836 450">
    <p class='ocr_par' dir='ltr' id='par_1_62' title="bbox 3773 391 3836 450">
     <span class='ocr_line' id='line_1_62' title="bbox 3773 391 3836 450; baseline 0.095 -7"><span class='ocrx_word' id='word_1_486' title='bbox 3773 391 3836 450; x_wconf 67' lang='lat'><strong>372</strong></span> 
     </span>
    </p>
   </div>
   <div class='ocr_carea' id='block_1_63' title="bbox 2359 489 3827 583">
    <p class='ocr_par' dir='ltr' id='par_1_63' title="bbox 2359 489 3827 583">
     <span class='ocr_line' id='line_1_63' title="bbox 2359 489 3827 583; baseline 0.02 -41"><span class='ocrx_word' id='word_1_487' title='bbox 2359 489 2467 556; x_wconf 78' lang='lat' dir='ltr'><strong>illi,</strong></span> <span class='ocrx_word' id='word_1_488' title='bbox 2516 490 2559 546; x_wconf 90' lang='lat' dir='ltr'><strong>si</strong></span> <span class='ocrx_word' id='word_1_489' title='bbox 2605 490 2860 550; x_wconf 81' lang='lat' dir='ltr'><strong>faciamus</strong></span> <span class='ocrx_word' id='word_1_490' title='bbox 2903 515 3023 567; x_wconf 71' lang='lat' dir='ltr'><strong>qua:</strong></span> <span class='ocrx_word' id='word_1_491' title='bbox 3067 502 3139 556; x_wconf 90' lang='lat' dir='ltr'><strong>illi</strong></span> <span class='ocrx_word' id='word_1_492' title='bbox 3184 507 3508 575; x_wconf 72' lang='lat' dir='ltr'><strong>principium.</strong></span> <span class='ocrx_word' id='word_1_493' title='bbox 3553 511 3703 583; x_wconf 81' lang='lat' dir='ltr'><strong>Neque</strong></span> <span class='ocrx_word' id='word_1_494' title='bbox 3740 528 3827 582; x_wconf 72' lang='lat' dir='ltr'><strong>enim</strong></span> 
     </span>
    </p>
   </div>
   <div class='ocr_carea' id='block_1_64' title="bbox 2366 582 3828 678">
    <p class='ocr_par' dir='ltr' id='par_1_64' title="bbox 2366 582 3828 678">
     <span class='ocr_line' id='line_1_64' title="bbox 2366 582 3828 678; baseline 0.025 -45"><span class='ocrx_word' id='word_1_495' title='bbox 2366 582 2681 652; x_wconf 87' lang='lat' dir='ltr'><strong>simpliciter</strong></span> <span class='ocrx_word' id='word_1_496' title='bbox 2702 599 2998 658; x_wconf 86' lang='lat' dir='ltr'><strong>servantur,</strong></span> <span class='ocrx_word' id='word_1_497' title='bbox 3031 593 3123 648; x_wconf 80' lang='lat' dir='ltr'><strong>sed</strong></span> <span class='ocrx_word' id='word_1_498' title='bbox 3145 597 3302 651; x_wconf 89' lang='lat' dir='ltr'><strong>etiam</strong></span> <span class='ocrx_word' id='word_1_499' title='bbox 3333 599 3427 668; x_wconf 88' lang='lat' dir='ltr'><strong>ipsi</strong></span> <span class='ocrx_word' id='word_1_500' title='bbox 3449 602 3592 658; x_wconf 83' lang='lat' dir='ltr'><strong>fidem</strong></span> <span class='ocrx_word' id='word_1_501' title='bbox 3611 614 3828 678; x_wconf 70' lang='lat' dir='ltr'><strong>attulerunt</strong></span> 
     </span>
    </p>
   </div>
   <div class='ocr_carea' id='block_1_65' title="bbox 2371 671 3829 774">
    <p class='ocr_par' dir='ltr' id='par_1_65' title="bbox 2371 671 3829 774">
     <span class='ocr_line' id='line_1_65' title="bbox 2371 671 3829 774; baseline 0.023 -51"><span class='ocrx_word' id='word_1_502' title='bbox 2371 671 2589 728; x_wconf 86' lang='lat' dir='ltr'><strong>Etiamsi</strong></span> <span class='ocrx_word' id='word_1_503' title='bbox 2622 677 2827 734; x_wconf 87' lang='lat' dir='ltr'><strong>vinctus</strong></span> <span class='ocrx_word' id='word_1_504' title='bbox 2867 683 2937 736; x_wconf 89' lang='lat' dir='ltr'><strong>sit</strong></span> <span class='ocrx_word' id='word_1_505' title='bbox 2976 697 3212 752; x_wconf 90' lang='lat' dir='ltr'><strong>sanctus,</strong></span> <span class='ocrx_word' id='word_1_506' title='bbox 3244 690 3438 758; x_wconf 88' lang='lat' dir='ltr'><strong>majora</strong></span> <span class='ocrx_word' id='word_1_507' title='bbox 3477 708 3710 766; x_wconf 87' lang='lat' dir='ltr'><strong>operatur,</strong></span> <span class='ocrx_word' id='word_1_508' title='bbox 3734 724 3829 774; x_wconf 80' lang='lat' dir='ltr'><strong>quam</strong></span> 
     </span>
    </p>
   </div>
   <div class='ocr_carea' id='block_1_66' title="bbox 2369 763 3831 854">
    <p class='ocr_par' dir='ltr' id='par_1_66' title="bbox 2369 763 3831 854">
     <span class='ocr_line' id='line_1_66' title="bbox 2369 763 3831 854; baseline 0.021 -39"><span class='ocrx_word' id='word_1_509' title='bbox 2369 763 2400 815; x_wconf 93' lang='lat' dir='ltr'><strong>ii</strong></span> <span class='ocrx_word' id='word_1_510' title='bbox 2434 766 2520 830; x_wconf 86' lang='lat' dir='ltr'><strong>qui</strong></span> <span class='ocrx_word' id='word_1_511' title='bbox 2547 767 2706 822; x_wconf 90' lang='lat' dir='ltr'><strong>soluti</strong></span> <span class='ocrx_word' id='word_1_512' title='bbox 2733 781 2874 826; x_wconf 92' lang='lat' dir='ltr'><strong>sunt.</strong></span> <span class='ocrx_word' id='word_1_513' title='bbox 2912 773 2976 827; x_wconf 83' lang='lat' dir='ltr'><strong>Et</strong></span> <span class='ocrx_word' id='word_1_514' title='bbox 2999 775 3099 830; x_wconf 88' lang='lat' dir='ltr'><strong>hoc</strong></span> <span class='ocrx_word' id='word_1_515' title='bbox 3127 780 3404 836; x_wconf 87' lang='lat' dir='ltr'><strong>considera</strong></span> <span class='ocrx_word' id='word_1_516' title='bbox 3435 763 3520 839; x_wconf 5' lang='lat' dir='ltr'><strong>hic?</strong></span> <span class='ocrx_word' id='word_1_517' title='bbox 3540 763 3706 846; x_wconf 81' lang='lat' dir='ltr'><strong>factum</strong></span> <span class='ocrx_word' id='word_1_518' title='bbox 3725 763 3755 849; x_wconf 58' lang='grc' dir='ltr'><strong>ί.</strong></span> 
     </span>
    </p>
   </div>
   <div class='ocr_carea' id='block_1_67' title="bbox 2367 854 3831 950">
    <p class='ocr_par' dir='ltr' id='par_1_67' title="bbox 2367 854 3831 950">
     <span class='ocr_line' id='line_1_67' title="bbox 2367 854 3831 950; baseline 0.025 -42"><span class='ocrx_word' id='word_1_519' title='bbox 2367 854 2505 910; x_wconf 89' lang='lat' dir='ltr'><strong>Intus</strong></span> <span class='ocrx_word' id='word_1_520' title='bbox 2533 863 2775 915; x_wconf 88' lang='lat' dir='ltr'><strong>centurio</strong></span> <span class='ocrx_word' id='word_1_521' title='bbox 2807 865 2982 920; x_wconf 90' lang='lat' dir='ltr'><strong>vincto</strong></span> <span class='ocrx_word' id='word_1_522' title='bbox 3022 869 3112 923; x_wconf 90' lang='lat' dir='ltr'><strong>illo</strong></span> <span class='ocrx_word' id='word_1_523' title='bbox 3140 871 3363 927; x_wconf 90' lang='lat' dir='ltr'><strong>habebat</strong></span> <span class='ocrx_word' id='word_1_524' title='bbox 3401 891 3567 946; x_wconf 88' lang='lat' dir='ltr'><strong>opus:</strong></span> <span class='ocrx_word' id='word_1_525' title='bbox 3599 885 3831 950; x_wconf 67' lang='lat' dir='ltr'><strong>gubernatur</strong></span> 
     </span>
    </p>
   </div>
   <div class='ocr_carea' id='block_1_68' title="bbox 2367 950 3830 1044">
    <p class='ocr_par' dir='ltr' id='par_1_68' title="bbox 2367 950 3830 1044">
     <span class='ocr_line' id='line_1_68' title="bbox 2367 950 3830 1044; baseline 0.026 -44"><span class='ocrx_word' id='word_1_526' title='bbox 2367 950 2566 1016; x_wconf 89' lang='lat' dir='ltr'><strong>peritus</strong></span> <span class='ocrx_word' id='word_1_527' title='bbox 2609 967 2694 1015; x_wconf 93' lang='lat' dir='ltr'><strong>eo,</strong></span> <span class='ocrx_word' id='word_1_528' title='bbox 2743 956 2830 1022; x_wconf 90' lang='lat' dir='ltr'><strong>qui</strong></span> <span class='ocrx_word' id='word_1_529' title='bbox 2878 973 2981 1011; x_wconf 91' lang='lat' dir='ltr'><strong>non</strong></span> <span class='ocrx_word' id='word_1_530' title='bbox 3026 962 3346 1030; x_wconf 83' lang='lat' dir='ltr'><strong>gubernator</strong></span> <span class='ocrx_word' id='word_1_531' title='bbox 3391 980 3524 1038; x_wconf 88' lang='lat' dir='ltr'><strong>erat,</strong></span> <span class='ocrx_word' id='word_1_532' title='bbox 3563 975 3742 1044; x_wconf 83' lang='lat' dir='ltr'><strong>egebat;</strong></span> <span class='ocrx_word' id='word_1_533' title='bbox 3769 984 3830 1038; x_wconf 76' lang='lat' dir='ltr'><strong>imo</strong></span> 
     </span>
    </p>
   </div>
   <div class='ocr_carea' id='block_1_69' title="bbox 2363 1043 3828 1141">
    <p class='ocr_par' dir='ltr' id='par_1_69' title="bbox 2363 1043 3828 1141">
     <span class='ocr_line' id='line_1_69' title="bbox 2363 1043 3828 1141; baseline 0.02 -51"><span class='ocrx_word' id='word_1_534' title='bbox 2363 1053 2490 1093; x_wconf 89' lang='lat' dir='ltr'><strong>vero</strong></span> <span class='ocrx_word' id='word_1_535' title='bbox 2512 1043 2887 1112; x_wconf 86' lang='lat' dir='ltr'><strong>gubernatore.</strong></span> <span class='ocrx_word' id='word_1_536' title='bbox 2920 1049 3035 1104; x_wconf 90' lang='lat' dir='ltr'><strong>Non</strong></span> <span class='ocrx_word' id='word_1_537' title='bbox 3081 1054 3222 1108; x_wconf 92' lang='lat' dir='ltr'><strong>enim</strong></span> <span class='ocrx_word' id='word_1_538' title='bbox 3252 1058 3406 1112; x_wconf 91' lang='lat' dir='ltr'><strong>talem</strong></span> <span class='ocrx_word' id='word_1_539' title='bbox 3446 1065 3672 1132; x_wconf 79' lang='lat' dir='ltr'><strong>scapham</strong></span> <span class='ocrx_word' id='word_1_540' title='bbox 3703 1076 3828 1141; x_wconf 60' lang='lat' dir='ltr'><strong>gum.</strong></span> 
     </span>
    </p>
   </div>
   <div class='ocr_carea' id='block_1_70' title="bbox 2365 1131 3830 1235">
    <p class='ocr_par' dir='ltr' id='par_1_70' title="bbox 2365 1131 3830 1235">
     <span class='ocr_line' id='line_1_70' title="bbox 2365 1131 3830 1235; baseline 0.028 -53"><span class='ocrx_word' id='word_1_541' title='bbox 2365 1131 2540 1201; x_wconf 85' lang='lat' dir='ltr'><strong>nabat,</strong></span> <span class='ocrx_word' id='word_1_542' title='bbox 2588 1135 2682 1188; x_wconf 90' lang='lat' dir='ltr'><strong>sed</strong></span> <span class='ocrx_word' id='word_1_543' title='bbox 2728 1138 2874 1192; x_wconf 79' lang='lat' dir='ltr'><strong>orbis</strong></span> <span class='ocrx_word' id='word_1_544' title='bbox 2917 1141 3229 1210; x_wconf 79' lang='lat' dir='ltr'><strong>Ecclesium,</strong></span> <span class='ocrx_word' id='word_1_545' title='bbox 3279 1149 3346 1203; x_wconf 91' lang='lat' dir='ltr'><strong>ab</strong></span> <span class='ocrx_word' id='word_1_546' title='bbox 3390 1152 3480 1206; x_wconf 90' lang='lat' dir='ltr'><strong>illo</strong></span> <span class='ocrx_word' id='word_1_547' title='bbox 3516 1131 3830 1235; x_wconf 39' lang='lat' dir='ltr'><strong>edocws‘quld</strong></span> 
     </span>
    </p>
   </div>
   <div class='ocr_carea' id='block_1_71' title="bbox 2361 1225 3830 1326">
    <p class='ocr_par' dir='ltr' id='par_1_71' title="bbox 2361 1225 3830 1326">
     <span class='ocr_line' id='line_1_71' title="bbox 2361 1225 3830 1326; baseline 0.022 -53"><span class='ocrx_word' id='word_1_548' title='bbox 2361 1225 2523 1276; x_wconf 77' lang='lat' dir='ltr'><strong>mai-is</strong></span> <span class='ocrx_word' id='word_1_549' title='bbox 2551 1225 2798 1283; x_wconf 90' lang='lat' dir='ltr'><strong>dominus</strong></span> <span class='ocrx_word' id='word_1_550' title='bbox 2838 1239 2940 1295; x_wconf 87' lang='lat' dir='ltr'><strong>est,</strong></span> <span class='ocrx_word' id='word_1_551' title='bbox 2972 1250 3076 1288; x_wconf 92' lang='lat' dir='ltr'><strong>non</strong></span> <span class='ocrx_word' id='word_1_552' title='bbox 3106 1236 3332 1294; x_wconf 90' lang='lat' dir='ltr'><strong>humana</strong></span> <span class='ocrx_word' id='word_1_553' title='bbox 3375 1254 3506 1308; x_wconf 85' lang='lat' dir='ltr'><strong>arte,</strong></span> <span class='ocrx_word' id='word_1_554' title='bbox 3547 1250 3626 1302; x_wconf 84' lang='lat' dir='ltr'><strong>sed</strong></span> <span class='ocrx_word' id='word_1_555' title='bbox 3666 1264 3708 1307; x_wconf 88' lang='lat' dir='ltr'><strong>et</strong></span> <span class='ocrx_word' id='word_1_556' title='bbox 3734 1225 3830 1326; x_wconf 53' lang='lat' dir='ltr'><strong>ius.</strong></span> 
     </span>
    </p>
   </div>
   <div class='ocr_carea' id='block_1_72' title="bbox 2363 1315 3829 1412">
    <p class='ocr_par' dir='ltr' id='par_1_72' title="bbox 2363 1315 3829 1412">
     <span class='ocr_line' id='line_1_72' title="bbox 2363 1315 3829 1412; baseline 0.025 -46"><span class='ocrx_word' id='word_1_557' title='bbox 2363 1315 2486 1367; x_wconf 93' lang='lat' dir='ltr'><strong>tuali</strong></span> <span class='ocrx_word' id='word_1_558' title='bbox 2515 1319 2790 1387; x_wconf 88' lang='lat' dir='ltr'><strong>sapientia.</strong></span> <span class='ocrx_word' id='word_1_559' title='bbox 2826 1322 2878 1376; x_wconf 91' lang='lat' dir='ltr'><strong>lii</strong></span> <span class='ocrx_word' id='word_1_560' title='bbox 2907 1323 3004 1380; x_wconf 89' lang='lat' dir='ltr'><strong>hac</strong></span> <span class='ocrx_word' id='word_1_561' title='bbox 3031 1330 3226 1399; x_wconf 84' lang='lat' dir='ltr'><strong>scapha</strong></span> <span class='ocrx_word' id='word_1_562' title='bbox 3255 1335 3417 1388; x_wconf 91' lang='lat' dir='ltr'><strong>multa</strong></span> <span class='ocrx_word' id='word_1_563' title='bbox 3462 1340 3717 1412; x_wconf 80' lang='lat' dir='ltr'><strong>naufragia,</strong></span> <span class='ocrx_word' id='word_1_564' title='bbox 3740 1315 3829 1407; x_wconf 73' lang='lat' dir='ltr'><strong>titulii</strong></span> 
     </span>
    </p>
   </div>
   <div class='ocr_carea' id='block_1_73' title="bbox 2358 1403 3830 1502">
    <p class='ocr_par' dir='ltr' id='par_1_73' title="bbox 2358 1403 3830 1502">
     <span class='ocr_line' id='line_1_73' title="bbox 2358 1403 3830 1502; baseline 0.024 -44"><span class='ocrx_word' id='word_1_565' title='bbox 2358 1403 2570 1473; x_wconf 82' lang='lat' dir='ltr'><strong>ﬂuetus,</strong></span> <span class='ocrx_word' id='word_1_566' title='bbox 2601 1412 2819 1477; x_wconf 81' lang='lat' dir='ltr'><strong>spiritus</strong></span> <span class='ocrx_word' id='word_1_567' title='bbox 2862 1419 3131 1486; x_wconf 71' lang='lat' dir='ltr'><strong>iiequitiie,</strong></span> <span class='ocrx_word' id='word_1_568' title='bbox 3162 1420 3313 1478; x_wconf 85' lang='lat' dir='ltr'><strong>Intus</strong></span> <span class='ocrx_word' id='word_1_569' title='bbox 3349 1443 3546 1497; x_wconf 67' lang='lat' dir='ltr'><strong>pugnae,</strong></span> <span class='ocrx_word' id='word_1_570' title='bbox 3575 1437 3679 1502; x_wconf 78' lang='lat' dir='ltr'><strong>faris</strong></span> <span class='ocrx_word' id='word_1_571' title='bbox 3700 1441 3830 1498; x_wconf 74' lang='lat' dir='ltr'><strong>timum</strong></span> 
     </span>
    </p>
   </div>
   <div class='ocr_carea' id='block_1_74' title="bbox 2359 1497 3828 1589">
    <p class='ocr_par' dir='ltr' id='par_1_74' title="bbox 2359 1497 3828 1589">
     <span class='ocr_line' id='line_1_74' title="bbox 2359 1497 3828 1589; baseline 0.025 -39"><span class='ocrx_word' id='word_1_572' title='bbox 2359 1497 2432 1568; x_wconf 71' lang='lat'><strong>(2.</strong></span> <span class='ocrx_word' id='word_1_573' title='bbox 2463 1498 2580 1554; x_wconf 85' lang='lat' dir='ltr'><strong>Cor.</strong></span> <span class='ocrx_word' id='word_1_574' title='bbox 2605 1503 2655 1556; x_wconf 91' lang='lat'><strong>7.</strong></span> <span class='ocrx_word' id='word_1_575' title='bbox 2684 1504 2761 1570; x_wconf 86' lang='lat'><strong>5).</strong></span> <span class='ocrx_word' id='word_1_576' title='bbox 2795 1505 2977 1576; x_wconf 85' lang='lat' dir='ltr'><strong>Itaque</strong></span> <span class='ocrx_word' id='word_1_577' title='bbox 3003 1526 3128 1566; x_wconf 86' lang='lat' dir='ltr'><strong>vere</strong></span> <span class='ocrx_word' id='word_1_578' title='bbox 3153 1514 3480 1584; x_wconf 81' lang='lat' dir='ltr'><strong>gubernator</strong></span> <span class='ocrx_word' id='word_1_579' title='bbox 3507 1497 3589 1576; x_wconf 82' lang='lat' dir='ltr'><strong>ille</strong></span> <span class='ocrx_word' id='word_1_580' title='bbox 3617 1538 3724 1582; x_wconf 88' lang='lat' dir='ltr'><strong>erat.</strong></span> <span class='ocrx_word' id='word_1_581' title='bbox 3750 1532 3828 1589; x_wconf 77' lang='lat' dir='ltr'><strong>l&#39;itlc</strong></span> 
     </span>
    </p>
   </div>
   <div class='ocr_carea' id='block_1_75' title="bbox 2355 1597 3826 1678">
    <p class='ocr_par' dir='ltr' id='par_1_75' title="bbox 2355 1597 3826 1678">
     <span class='ocr_line' id='line_1_75' title="bbox 2355 1597 3826 1678; baseline 0.026 -37"><span class='ocrx_word' id='word_1_582' title='bbox 2355 1599 2532 1645; x_wconf 90' lang='lat' dir='ltr'><strong>autem</strong></span> <span class='ocrx_word' id='word_1_583' title='bbox 2561 1602 2723 1649; x_wconf 89' lang='lat' dir='ltr'><strong>totam</strong></span> <span class='ocrx_word' id='word_1_584' title='bbox 2765 1597 2925 1652; x_wconf 88' lang='lat' dir='ltr'><strong>vitam</strong></span> <span class='ocrx_word' id='word_1_585' title='bbox 2955 1612 3215 1671; x_wconf 89' lang='lat' dir='ltr'><strong>nostrain,</strong></span> <span class='ocrx_word' id='word_1_586' title='bbox 3245 1613 3512 1676; x_wconf 89' lang='lat' dir='ltr'><strong>quomodo</strong></span> <span class='ocrx_word' id='word_1_587' title='bbox 3539 1617 3644 1671; x_wconf 88' lang='lat' dir='ltr'><strong>talis</strong></span> <span class='ocrx_word' id='word_1_588' title='bbox 3667 1623 3733 1675; x_wconf 90' lang='lat' dir='ltr'><strong>sit.</strong></span> <span class='ocrx_word' id='word_1_589' title='bbox 3757 1628 3826 1678; x_wconf 70' lang='lat' dir='ltr'><strong>illi.</strong></span> 
     </span>
    </p>
   </div>
   <div class='ocr_carea' id='block_1_76' title="bbox 2353 1683 3824 1785">
    <p class='ocr_par' dir='ltr' id='par_1_76' title="bbox 2353 1683 3824 1785">
     <span class='ocr_line' id='line_1_76' title="bbox 2353 1683 3824 1785; baseline 0.024 -53"><span class='ocrx_word' id='word_1_590' title='bbox 2353 1683 2565 1749; x_wconf 88' lang='lat' dir='ltr'><strong>quando</strong></span> <span class='ocrx_word' id='word_1_591' title='bbox 2592 1687 2733 1740; x_wconf 89' lang='lat' dir='ltr'><strong>enim</strong></span> <span class='ocrx_word' id='word_1_592' title='bbox 2779 1689 3060 1748; x_wconf 87' lang='lat' dir='ltr'><strong>clementia</strong></span> <span class='ocrx_word' id='word_1_593' title='bbox 3108 1694 3351 1765; x_wconf 87' lang='lat' dir='ltr'><strong>fruimur,</strong></span> <span class='ocrx_word' id='word_1_594' title='bbox 3397 1704 3662 1771; x_wconf 88' lang='lat' dir='ltr'><strong>aliquando</strong></span> <span class='ocrx_word' id='word_1_595' title='bbox 3692 1726 3824 1785; x_wconf 80' lang='lat' dir='ltr'><strong>lelttpc-</strong></span> 
     </span>
    </p>
   </div>
   <div class='ocr_carea' id='block_1_77' title="bbox 2353 1773 3825 1874">
    <p class='ocr_par' dir='ltr' id='par_1_77' title="bbox 2353 1773 3825 1874">
     <span class='ocr_line' id='line_1_77' title="bbox 2353 1773 3825 1874; baseline 0.024 -49"><span class='ocrx_word' id='word_1_596' title='bbox 2353 1782 2490 1828; x_wconf 89' lang='lat' dir='ltr'><strong>state</strong></span> <span class='ocrx_word' id='word_1_597' title='bbox 2507 1773 2808 1844; x_wconf 89' lang='lat' dir='ltr'><strong>jactamur;</strong></span> <span class='ocrx_word' id='word_1_598' title='bbox 2851 1783 3012 1838; x_wconf 89' lang='lat' dir='ltr'><strong>modo</strong></span> <span class='ocrx_word' id='word_1_599' title='bbox 3054 1785 3122 1840; x_wconf 91' lang='lat' dir='ltr'><strong>ob</strong></span> <span class='ocrx_word' id='word_1_600' title='bbox 3165 1788 3645 1853; x_wconf 81' lang='lat' dir='ltr'><strong>inconsiderantiam</strong></span> <span class='ocrx_word' id='word_1_601' title='bbox 3676 1773 3825 1874; x_wconf 71' lang='lat' dir='ltr'><strong>eligit:-</strong></span> 
     </span>
    </p>
   </div>
   <div class='ocr_carea' id='block_1_78' title="bbox 2352 1863 3820 1962">
    <p class='ocr_par' dir='ltr' id='par_1_78' title="bbox 2352 1863 3820 1962">
     <span class='ocr_line' id='line_1_78' title="bbox 2352 1863 3820 1962; baseline 0.023 -48"><span class='ocrx_word' id='word_1_602' title='bbox 2352 1863 2488 1916; x_wconf 86' lang='lat' dir='ltr'><strong>viain</strong></span> <span class='ocrx_word' id='word_1_603' title='bbox 2532 1865 2581 1918; x_wconf 93' lang='lat' dir='ltr'><strong>in</strong></span> <span class='ocrx_word' id='word_1_604' title='bbox 2625 1869 2772 1923; x_wconf 86' lang='lat' dir='ltr'><strong>mille</strong></span> <span class='ocrx_word' id='word_1_605' title='bbox 2818 1872 2954 1928; x_wconf 85' lang='lat' dir='ltr'><strong>mala</strong></span> <span class='ocrx_word' id='word_1_606' title='bbox 2995 1875 3275 1934; x_wconf 89' lang='lat' dir='ltr'><strong>incidimus</strong></span> <span class='ocrx_word' id='word_1_607' title='bbox 3304 1900 3316 1935; x_wconf 88' lang='lat'><strong>:</strong></span> <span class='ocrx_word' id='word_1_608' title='bbox 3350 1884 3456 1939; x_wconf 92' lang='lat' dir='ltr'><strong>imo</strong></span> <span class='ocrx_word' id='word_1_609' title='bbox 3504 1887 3596 1942; x_wconf 85' lang='lat' dir='ltr'><strong>hoc</strong></span> <span class='ocrx_word' id='word_1_610' title='bbox 3622 1896 3748 1962; x_wconf 67' lang='lat' dir='ltr'><strong>magis</strong></span> <span class='ocrx_word' id='word_1_611' title='bbox 3778 1904 3820 1959; x_wconf 73' lang='lat' dir='ltr'><strong>lit,</strong></span> 
     </span>
    </p>
   </div>
   <div class='ocr_carea' id='block_1_79' title="bbox 2349 1957 3821 2053">
    <p class='ocr_par' dir='ltr' id='par_1_79' title="bbox 2349 1957 3821 2053">
     <span class='ocr_line' id='line_1_79' title="bbox 2349 1957 3821 2053; baseline 0.024 -46"><span class='ocrx_word' id='word_1_612' title='bbox 2349 1957 2471 2023; x_wconf 91' lang='lat' dir='ltr'><strong>quia</strong></span> <span class='ocrx_word' id='word_1_613' title='bbox 2505 1958 2720 2014; x_wconf 85' lang='lat' dir='ltr'><strong>Paulum</strong></span> <span class='ocrx_word' id='word_1_614' title='bbox 2749 1979 2853 2018; x_wconf 92' lang='lat' dir='ltr'><strong>non</strong></span> <span class='ocrx_word' id='word_1_615' title='bbox 2879 1966 3142 2035; x_wconf 86' lang='lat' dir='ltr'><strong>audimus,</strong></span> <span class='ocrx_word' id='word_1_616' title='bbox 3172 1973 3258 2027; x_wconf 92' lang='lat' dir='ltr'><strong>ubi</strong></span> <span class='ocrx_word' id='word_1_617' title='bbox 3285 1974 3590 2035; x_wconf 84' lang='lat' dir='ltr'><strong>festinamus</strong></span> <span class='ocrx_word' id='word_1_618' title='bbox 3611 1985 3747 2053; x_wconf 78' lang='lat' dir='ltr'><strong>aliquo</strong></span> <span class='ocrx_word' id='word_1_619' title='bbox 3766 1991 3821 2053; x_wconf 70' lang='lat' dir='ltr'><strong>ire,</strong></span> 
     </span>
    </p>
   </div>
   <div class='ocr_carea' id='block_1_80' title="bbox 2348 2049 3821 2130">
    <p class='ocr_par' dir='ltr' id='par_1_80' title="bbox 2348 2049 3821 2130">
     <span class='ocr_line' id='line_1_80' title="bbox 2348 2049 3821 2130; baseline 0.023 -33"><span class='ocrx_word' id='word_1_620' title='bbox 2348 2062 2451 2116; x_wconf 92' lang='lat' dir='ltr'><strong>quo</strong></span> <span class='ocrx_word' id='word_1_621' title='bbox 2482 2049 2572 2105; x_wconf 90' lang='lat' dir='ltr'><strong>ille</strong></span> <span class='ocrx_word' id='word_1_622' title='bbox 2601 2067 2706 2106; x_wconf 91' lang='lat' dir='ltr'><strong>non</strong></span> <span class='ocrx_word' id='word_1_623' title='bbox 2733 2054 2904 2123; x_wconf 88' lang='lat' dir='ltr'><strong>jubet.</strong></span> <span class='ocrx_word' id='word_1_624' title='bbox 2935 2058 3221 2118; x_wconf 86' lang='lat' dir='ltr'><strong>Nobiscum</strong></span> <span class='ocrx_word' id='word_1_625' title='bbox 3247 2069 3389 2121; x_wconf 89' lang='lat' dir='ltr'><strong>enim</strong></span> <span class='ocrx_word' id='word_1_626' title='bbox 3417 2071 3570 2125; x_wconf 87' lang='lat' dir='ltr'><strong>etiam</strong></span> <span class='ocrx_word' id='word_1_627' title='bbox 3599 2091 3710 2129; x_wconf 85' lang='lat' dir='ltr'><strong>nunc</strong></span> <span class='ocrx_word' id='word_1_628' title='bbox 3729 2085 3821 2130; x_wconf 78' lang='lat' dir='ltr'><strong>imi-</strong></span> 
     </span>
    </p>
   </div>
   <div class='ocr_carea' id='block_1_81' title="bbox 2345 2139 3822 2224">
    <p class='ocr_par' dir='ltr' id='par_1_81' title="bbox 2345 2139 3822 2224">
     <span class='ocr_line' id='line_1_81' title="bbox 2345 2139 3822 2224; baseline 0.024 -36"><span class='ocrx_word' id='word_1_629' title='bbox 2345 2147 2452 2205; x_wconf 88' lang='lat' dir='ltr'><strong>gat,</strong></span> <span class='ocrx_word' id='word_1_630' title='bbox 2486 2139 2580 2194; x_wconf 92' lang='lat' dir='ltr'><strong>sed</strong></span> <span class='ocrx_word' id='word_1_631' title='bbox 2627 2157 2732 2197; x_wconf 91' lang='lat' dir='ltr'><strong>non</strong></span> <span class='ocrx_word' id='word_1_632' title='bbox 2780 2155 2837 2200; x_wconf 90' lang='lat' dir='ltr'><strong>ut</strong></span> <span class='ocrx_word' id='word_1_633' title='bbox 2883 2158 3004 2204; x_wconf 90' lang='lat' dir='ltr'><strong>tunc</strong></span> <span class='ocrx_word' id='word_1_634' title='bbox 3031 2151 3236 2209; x_wconf 92' lang='lat' dir='ltr'><strong>vinctus</strong></span> <span class='ocrx_word' id='word_1_635' title='bbox 3263 2173 3277 2210; x_wconf 94' lang='lat'><strong>:</strong></span> <span class='ocrx_word' id='word_1_636' title='bbox 3308 2158 3550 2215; x_wconf 87' lang='lat' dir='ltr'><strong>hortatur</strong></span> <span class='ocrx_word' id='word_1_637' title='bbox 3584 2165 3822 2224; x_wconf 77' lang='lat' dir='ltr'><strong>etiamnum:</strong></span> 
     </span>
    </p>
   </div>
   <div class='ocr_carea' id='block_1_82' title="bbox 2345 2235 3821 2324">
    <p class='ocr_par' dir='ltr' id='par_1_82' title="bbox 2345 2235 3821 2324">
     <span class='ocr_line' id='line_1_82' title="bbox 2345 2235 3821 2324; baseline 0.02 -39"><span class='ocrx_word' id='word_1_638' title='bbox 2345 2246 2458 2294; x_wconf 89' lang='lat' dir='ltr'><strong>eos,</strong></span> <span class='ocrx_word' id='word_1_639' title='bbox 2489 2235 2577 2302; x_wconf 93' lang='lat' dir='ltr'><strong>qui</strong></span> <span class='ocrx_word' id='word_1_640' title='bbox 2619 2236 2670 2289; x_wconf 90' lang='lat' dir='ltr'><strong>in</strong></span> <span class='ocrx_word' id='word_1_641' title='bbox 2721 2237 2824 2293; x_wconf 90' lang='lat' dir='ltr'><strong>lioe</strong></span> <span class='ocrx_word' id='word_1_642' title='bbox 2873 2244 3002 2296; x_wconf 90' lang='lat' dir='ltr'><strong>mari</strong></span> <span class='ocrx_word' id='word_1_643' title='bbox 3050 2248 3326 2316; x_wconf 80' lang='lat' dir='ltr'><strong>navigant,</strong></span> <span class='ocrx_word' id='word_1_644' title='bbox 3360 2253 3624 2324; x_wconf 87' lang='lat' dir='ltr'><strong>dicitque:</strong></span> <span class='ocrx_word' id='word_1_645' title='bbox 3653 2261 3821 2314; x_wconf 63' lang='lat' dir='ltr'><strong>Attiuditi</strong></span> 
     </span>
    </p>
   </div>
   <div class='ocr_carea' id='block_1_83' title="bbox 2343 2323 3819 2409">
    <p class='ocr_par' dir='ltr' id='par_1_83' title="bbox 2343 2323 3819 2409">
     <span class='ocr_line' id='line_1_83' title="bbox 2343 2323 3819 2409; baseline 0.022 -36"><span class='ocrx_word' id='word_1_646' title='bbox 2343 2323 2480 2376; x_wconf 82' lang='lat' dir='ltr'><strong>vobis</strong></span> <span class='ocrx_word' id='word_1_647' title='bbox 2509 2325 2632 2393; x_wconf 85' lang='lat' dir='ltr'><strong>ipsis</strong></span> <span class='ocrx_word' id='word_1_648' title='bbox 2659 2343 2680 2382; x_wconf 90' lang='lat'><strong><em>:</em></strong></span> <span class='ocrx_word' id='word_1_649' title='bbox 2724 2329 3069 2399; x_wconf 85' lang='lat' dir='ltr'><strong>ingredientur</strong></span> <span class='ocrx_word' id='word_1_650' title='bbox 3114 2340 3243 2392; x_wconf 86' lang='lat' dir='ltr'><strong>enim</strong></span> <span class='ocrx_word' id='word_1_651' title='bbox 3288 2354 3400 2409; x_wconf 86' lang='lat' dir='ltr'><strong>post</strong></span> <span class='ocrx_word' id='word_1_652' title='bbox 3439 2346 3682 2402; x_wconf 78' lang='lat' dir='ltr'><strong>discessum</strong></span> <span class='ocrx_word' id='word_1_653' title='bbox 3719 2371 3819 2406; x_wconf 73' lang='lat' dir='ltr'><strong>main</strong></span> 
     </span>
    </p>
   </div>
   <div class='ocr_carea' id='block_1_84' title="bbox 2342 2412 3818 2503">
    <p class='ocr_par' dir='ltr' id='par_1_84' title="bbox 2342 2412 3818 2503">
     <span class='ocr_line' id='line_1_84' title="bbox 2342 2412 3818 2503; baseline 0.022 -40"><span class='ocrx_word' id='word_1_654' title='bbox 2342 2412 2451 2480; x_wconf 87' lang='lat' dir='ltr'><strong>lupi</strong></span> <span class='ocrx_word' id='word_1_655' title='bbox 2474 2433 2646 2485; x_wconf 85' lang='lat' dir='ltr'><strong>graves</strong></span> <span class='ocrx_word' id='word_1_656' title='bbox 2673 2421 2724 2473; x_wconf 86' lang='lat' dir='ltr'><strong>in</strong></span> <span class='ocrx_word' id='word_1_657' title='bbox 2751 2423 2884 2479; x_wconf 85' lang='lat' dir='ltr'><strong>vobis</strong></span> <span class='ocrx_word' id='word_1_658' title='bbox 2905 2425 3038 2494; x_wconf 82' lang='lat' dir='ltr'><strong>(Act.</strong></span> <span class='ocrx_word' id='word_1_659' title='bbox 3078 2427 3168 2484; x_wconf 72' lang='grc'><strong>20.</strong></span> <span class='ocrx_word' id='word_1_660' title='bbox 3206 2432 3294 2487; x_wconf 74' lang='lat'><strong>28.</strong></span> <span class='ocrx_word' id='word_1_661' title='bbox 3323 2433 3441 2503; x_wconf 78' lang='lat'><strong>9.9);</strong></span> <span class='ocrx_word' id='word_1_662' title='bbox 3469 2448 3522 2491; x_wconf 86' lang='lat' dir='ltr'><strong>et</strong></span> <span class='ocrx_word' id='word_1_663' title='bbox 3562 2455 3760 2495; x_wconf 88' lang='lat' dir='ltr'><strong>rursum:</strong></span> <span class='ocrx_word' id='word_1_664' title='bbox 3782 2446 3818 2496; x_wconf 75' lang='lat' dir='ltr'><strong>lii</strong></span> 
     </span>
    </p>
   </div>
   <div class='ocr_carea' id='block_1_85' title="bbox 2341 2509 3818 2602">
    <p class='ocr_par' dir='ltr' id='par_1_85' title="bbox 2341 2509 3818 2602">
     <span class='ocr_line' id='line_1_85' title="bbox 2341 2509 3818 2602; baseline 0.02 -44"><span class='ocrx_word' id='word_1_665' title='bbox 2341 2509 2620 2566; x_wconf 82' lang='lat' dir='ltr'><strong>novissimis</strong></span> <span class='ocrx_word' id='word_1_666' title='bbox 2666 2519 2970 2585; x_wconf 85' lang='lat' dir='ltr'><strong>temporibus</strong></span> <span class='ocrx_word' id='word_1_667' title='bbox 3030 2523 3279 2578; x_wconf 83' lang='lat' dir='ltr'><strong>instabunt</strong></span> <span class='ocrx_word' id='word_1_668' title='bbox 3335 2537 3558 2598; x_wconf 87' lang='lat' dir='ltr'><strong>tempora</strong></span> <span class='ocrx_word' id='word_1_669' title='bbox 3601 2537 3760 2602; x_wconf 75' lang='lat' dir='ltr'><strong>gravia.</strong></span> <span class='ocrx_word' id='word_1_670' title='bbox 3792 2552 3818 2590; x_wconf 77' lang='lat' dir='ltr'><strong>et</strong></span> 
     </span>
    </p>
   </div>
   <div class='ocr_carea' id='block_1_86' title="bbox 2340 2600 3813 2694">
    <p class='ocr_par' dir='ltr' id='par_1_86' title="bbox 2340 2600 3813 2694">
     <span class='ocr_line' id='line_1_86' title="bbox 2340 2600 3813 2694; baseline 0.02 -47"><span class='ocrx_word' id='word_1_671' title='bbox 2340 2608 2482 2650; x_wconf 85' lang='lat' dir='ltr'><strong>erant</strong></span> <span class='ocrx_word' id='word_1_672' title='bbox 2515 2600 2740 2657; x_wconf 79' lang='lat' dir='ltr'><strong>homines</strong></span> <span class='ocrx_word' id='word_1_673' title='bbox 2777 2607 2852 2660; x_wconf 80' lang='lat' dir='ltr'><strong>sui</strong></span> <span class='ocrx_word' id='word_1_674' title='bbox 2883 2620 3135 2676; x_wconf 76' lang='lat' dir='ltr'><strong>amantes,</strong></span> <span class='ocrx_word' id='word_1_675' title='bbox 3169 2616 3344 2680; x_wconf 91' lang='lat' dir='ltr'><strong>avari,</strong></span> <span class='ocrx_word' id='word_1_676' title='bbox 3377 2633 3653 2688; x_wconf 79' lang='lat' dir='ltr'><strong>arrogantes</strong></span> <span class='ocrx_word' id='word_1_677' title='bbox 3671 2623 3715 2694; x_wconf 71' lang='grc' dir='ltr'><strong>(Ξ</strong></span> <span class='ocrx_word' id='word_1_678' title='bbox 3737 2625 3813 2676; x_wconf 76' lang='lat' dir='ltr'><strong>Tim.</strong></span> 
     </span>
    </p>
   </div>
   <div class='ocr_carea' id='block_1_87' title="bbox 2337 2687 3794 2782">
    <p class='ocr_par' dir='ltr' id='par_1_87' title="bbox 2337 2687 3794 2782">
     <span class='ocr_line' id='line_1_87' title="bbox 2337 2687 3794 2782; baseline 0.02 -41"><span class='ocrx_word' id='word_1_679' title='bbox 2337 2687 2393 2741; x_wconf 82' lang='grc'><strong>5.</strong></span> <span class='ocrx_word' id='word_1_680' title='bbox 2424 2689 2476 2743; x_wconf 76' lang='grc'><strong>1.</strong></span> <span class='ocrx_word' id='word_1_681' title='bbox 2507 2689 2584 2760; x_wconf 74' lang='grc'><strong>2).</strong></span> <span class='ocrx_word' id='word_1_682' title='bbox 2615 2693 2710 2749; x_wconf 83' lang='lat' dir='ltr'><strong>Hic</strong></span> <span class='ocrx_word' id='word_1_683' title='bbox 2733 2697 2873 2751; x_wconf 90' lang='lat' dir='ltr'><strong>enim</strong></span> <span class='ocrx_word' id='word_1_684' title='bbox 2901 2702 3135 2756; x_wconf 91' lang='lat' dir='ltr'><strong>omnium</strong></span> <span class='ocrx_word' id='word_1_685' title='bbox 3161 2708 3504 2774; x_wconf 86' lang='lat' dir='ltr'><strong>gravissimus</strong></span> <span class='ocrx_word' id='word_1_686' title='bbox 3528 2714 3710 2782; x_wconf 81' lang='lat' dir='ltr'><strong>Spiritus</strong></span> <span class='ocrx_word' id='word_1_687' title='bbox 3729 2727 3794 2770; x_wconf 79' lang='lat' dir='ltr'><strong>est.</strong></span> 
     </span>
    </p>
   </div>
   <div class='ocr_carea' id='block_1_88' title="bbox 2405 2781 3815 2877">
    <p class='ocr_par' dir='ltr' id='par_1_88' title="bbox 2405 2781 3815 2877">
     <span class='ocr_line' id='line_1_88' title="bbox 2405 2781 3815 2877; baseline 0.018 -41"><span class='ocrx_word' id='word_1_688' title='bbox 2405 2781 2460 2836; x_wconf 81' lang='lat'><strong>5.</strong></span> <span class='ocrx_word' id='word_1_689' title='bbox 2492 2781 2647 2838; x_wconf 81' lang='lat' dir='ltr'><strong>Fides</strong></span> <span class='ocrx_word' id='word_1_690' title='bbox 2672 2797 2806 2842; x_wconf 86' lang='lat' dir='ltr'><strong>tutus</strong></span> <span class='ocrx_word' id='word_1_691' title='bbox 2831 2796 3411 2860; x_wconf 81' lang='lat' dir='ltr'><strong>portas.—Maneaniiis</strong></span> <span class='ocrx_word' id='word_1_692' title='bbox 3429 2781 3580 2872; x_wconf 82' lang='lat' dir='ltr'><strong>igitur</strong></span> <span class='ocrx_word' id='word_1_693' title='bbox 3597 2806 3670 2860; x_wconf 87' lang='lat' dir='ltr'><strong>tibi</strong></span> <span class='ocrx_word' id='word_1_694' title='bbox 3693 2809 3754 2862; x_wconf 88' lang='lat' dir='ltr'><strong>ille</strong></span> <span class='ocrx_word' id='word_1_695' title='bbox 3762 2813 3815 2877; x_wconf 83' lang='lat' dir='ltr'><strong>ju-</strong></span> 
     </span>
    </p>
   </div>
   <div class='ocr_carea' id='block_1_89' title="bbox 2336 2870 3812 2966">
    <p class='ocr_par' dir='ltr' id='par_1_89' title="bbox 2336 2870 3812 2966">
     <span class='ocr_line' id='line_1_89' title="bbox 2336 2870 3812 2966; baseline 0.02 -40"><span class='ocrx_word' id='word_1_696' title='bbox 2336 2870 2446 2935; x_wconf 89' lang='lat' dir='ltr'><strong>bet.</strong></span> <span class='ocrx_word' id='word_1_697' title='bbox 2479 2876 2531 2929; x_wconf 92' lang='lat' dir='ltr'><strong>in</strong></span> <span class='ocrx_word' id='word_1_698' title='bbox 2562 2877 2685 2944; x_wconf 86' lang='lat' dir='ltr'><strong>fide,</strong></span> <span class='ocrx_word' id='word_1_699' title='bbox 2732 2881 2784 2934; x_wconf 93' lang='lat' dir='ltr'><strong>in</strong></span> <span class='ocrx_word' id='word_1_700' title='bbox 2819 2891 2931 2938; x_wconf 88' lang='lat' dir='ltr'><strong>tuto</strong></span> <span class='ocrx_word' id='word_1_701' title='bbox 2961 2899 3115 2954; x_wconf 92' lang='lat' dir='ltr'><strong>portu</strong></span> <span class='ocrx_word' id='word_1_702' title='bbox 3146 2906 3158 2940; x_wconf 90' lang='lat'>:</span> <span class='ocrx_word' id='word_1_703' title='bbox 3190 2891 3362 2960; x_wconf 89' lang='lat' dir='ltr'><strong>ipsum</strong></span> <span class='ocrx_word' id='word_1_704' title='bbox 3395 2870 3559 2966; x_wconf 81' lang='lat' dir='ltr'><strong>magis</strong></span> <span class='ocrx_word' id='word_1_705' title='bbox 3596 2900 3812 2963; x_wconf 76' lang='lat' dir='ltr'><strong>audiamus,</strong></span> 
     </span>
    </p>
   </div>
   <div class='ocr_carea' id='block_1_90' title="bbox 2333 2969 3813 3052">
    <p class='ocr_par' dir='ltr' id='par_1_90' title="bbox 2333 2969 3813 3052">
     <span class='ocr_line' id='line_1_90' title="bbox 2333 2969 3813 3052; baseline 0.02 -37"><span class='ocrx_word' id='word_1_706' title='bbox 2333 2979 2490 3032; x_wconf 91' lang='lat' dir='ltr'><strong>quam</strong></span> <span class='ocrx_word' id='word_1_707' title='bbox 2530 2969 2936 3036; x_wconf 87' lang='lat' dir='ltr'><strong>gubernatorem</strong></span> <span class='ocrx_word' id='word_1_708' title='bbox 2976 2979 3062 3045; x_wconf 90' lang='lat' dir='ltr'><strong>qui</strong></span> <span class='ocrx_word' id='word_1_709' title='bbox 3105 2983 3268 3036; x_wconf 90' lang='lat' dir='ltr'><strong>estin</strong></span> <span class='ocrx_word' id='word_1_710' title='bbox 3312 2985 3488 3052; x_wconf 90' lang='lat' dir='ltr'><strong>nobis,</strong></span> <span class='ocrx_word' id='word_1_711' title='bbox 3538 2992 3746 3045; x_wconf 87' lang='lat' dir='ltr'><strong>rationem</strong></span> <span class='ocrx_word' id='word_1_712' title='bbox 3768 2995 3813 3046; x_wconf 88' lang='lat' dir='ltr'><strong>in-</strong></span> 
     </span>
    </p>
   </div>
   <div class='ocr_carea' id='block_1_91' title="bbox 2332 3059 3813 3151">
    <p class='ocr_par' dir='ltr' id='par_1_91' title="bbox 2332 3059 3813 3151">
     <span class='ocr_line' id='line_1_91' title="bbox 2332 3059 3813 3151; baseline 0.021 -44"><span class='ocrx_word' id='word_1_713' title='bbox 2332 3071 2509 3124; x_wconf 84' lang='lat' dir='ltr'><strong>quam.</strong></span> <span class='ocrx_word' id='word_1_714' title='bbox 2541 3059 2617 3114; x_wconf 90' lang='lat' dir='ltr'><strong>Ne</strong></span> <span class='ocrx_word' id='word_1_715' title='bbox 2663 3061 2915 3120; x_wconf 84' lang='lat' dir='ltr'><strong>faciamus</strong></span> <span class='ocrx_word' id='word_1_716' title='bbox 2957 3083 3017 3122; x_wconf 89' lang='lat' dir='ltr'><strong>ea</strong></span> <span class='ocrx_word' id='word_1_717' title='bbox 3061 3087 3179 3139; x_wconf 82' lang='lat' dir='ltr'><strong>quae</strong></span> <span class='ocrx_word' id='word_1_718' title='bbox 3219 3072 3306 3129; x_wconf 90' lang='lat' dir='ltr'><strong>hic</strong></span> <span class='ocrx_word' id='word_1_719' title='bbox 3346 3081 3596 3147; x_wconf 80' lang='lat' dir='ltr'><strong>suggerit,</strong></span> <span class='ocrx_word' id='word_1_720' title='bbox 3635 3097 3712 3137; x_wconf 87' lang='lat' dir='ltr'><strong>nec</strong></span> <span class='ocrx_word' id='word_1_721' title='bbox 3740 3100 3813 3151; x_wconf 60' lang='lat' dir='ltr'><strong>quae</strong></span> 
     </span>
    </p>
   </div>
   <div class='ocr_carea' id='block_1_92' title="bbox 2331 3149 3812 3228">
    <p class='ocr_par' dir='ltr' id='par_1_92' title="bbox 2331 3149 3812 3228">
     <span class='ocr_line' id='line_1_92' title="bbox 2331 3149 3812 3228; baseline 0.019 -30"><span class='ocrx_word' id='word_1_722' title='bbox 2331 3149 2630 3215; x_wconf 88' lang='lat' dir='ltr'><strong>nauclerus,</strong></span> <span class='ocrx_word' id='word_1_723' title='bbox 2677 3153 2771 3208; x_wconf 91' lang='lat' dir='ltr'><strong>sed</strong></span> <span class='ocrx_word' id='word_1_724' title='bbox 2821 3173 2938 3225; x_wconf 75' lang='lat' dir='ltr'><strong>qua:</strong></span> <span class='ocrx_word' id='word_1_725' title='bbox 2979 3158 3218 3216; x_wconf 87' lang='lat' dir='ltr'><strong>Paulus:</strong></span> <span class='ocrx_word' id='word_1_726' title='bbox 3251 3167 3448 3222; x_wconf 91' lang='lat' dir='ltr'><strong>multas</strong></span> <span class='ocrx_word' id='word_1_727' title='bbox 3497 3171 3673 3227; x_wconf 89' lang='lat' dir='ltr'><strong>similes</strong></span> <span class='ocrx_word' id='word_1_728' title='bbox 3709 3176 3812 3228; x_wconf 82' lang='lat' dir='ltr'><strong>subiit</strong></span> 
     </span>
    </p>
   </div>
   <div class='ocr_carea' id='block_1_93' title="bbox 2331 3247 3810 3327">
    <p class='ocr_par' dir='ltr' id='par_1_93' title="bbox 2331 3247 3810 3327">
     <span class='ocr_line' id='line_1_93' title="bbox 2331 3247 3810 3327; baseline 0.021 -36"><span class='ocrx_word' id='word_1_729' title='bbox 2331 3248 2694 3309; x_wconf 87' lang='lat' dir='ltr'><strong>tempestates.</strong></span> <span class='ocrx_word' id='word_1_730' title='bbox 2742 3247 2818 3302; x_wconf 87' lang='lat' dir='ltr'><strong>Ne</strong></span> <span class='ocrx_word' id='word_1_731' title='bbox 2865 3254 3193 3320; x_wconf 83' lang='lat' dir='ltr'><strong>experientia</strong></span> <span class='ocrx_word' id='word_1_732' title='bbox 3260 3257 3564 3327; x_wconf 90' lang='lat' dir='ltr'><strong>discamus;</strong></span> <span class='ocrx_word' id='word_1_733' title='bbox 3614 3267 3690 3320; x_wconf 87' lang='lat' dir='ltr'><strong>sed</strong></span> <span class='ocrx_word' id='word_1_734' title='bbox 3735 3281 3810 3322; x_wconf 79' lang='lat' dir='ltr'><strong>ante</strong></span> 
     </span>
    </p>
   </div>
   <div class='ocr_carea' id='block_1_94' title="bbox 2327 3333 3807 3422">
    <p class='ocr_par' dir='ltr' id='par_1_94' title="bbox 2327 3333 3807 3422">
     <span class='ocr_line' id='line_1_94' title="bbox 2327 3333 3807 3422; baseline 0.019 -39"><span class='ocrx_word' id='word_1_735' title='bbox 2327 3333 2711 3400; x_wconf 80' lang='lat' dir='ltr'><strong>experientiam</strong></span> <span class='ocrx_word' id='word_1_736' title='bbox 2745 3340 2966 3397; x_wconf 79' lang='lat' dir='ltr'><strong>vitemus</strong></span> <span class='ocrx_word' id='word_1_737' title='bbox 2985 3354 3039 3398; x_wconf 92' lang='lat' dir='ltr'><strong>et</strong></span> <span class='ocrx_word' id='word_1_738' title='bbox 3083 3345 3330 3416; x_wconf 89' lang='lat' dir='ltr'><strong>injuriam</strong></span> <span class='ocrx_word' id='word_1_739' title='bbox 3362 3362 3418 3406; x_wconf 90' lang='lat' dir='ltr'><strong>et</strong></span> <span class='ocrx_word' id='word_1_740' title='bbox 3440 3354 3697 3422; x_wconf 87' lang='lat' dir='ltr'><strong>jacturam.</strong></span> <span class='ocrx_word' id='word_1_741' title='bbox 3721 3361 3807 3411; x_wconf 79' lang='lat' dir='ltr'><strong>Audi</strong></span> 
     </span>
    </p>
   </div>
   <div class='ocr_carea' id='block_1_95' title="bbox 2325 3423 3807 3506">
    <p class='ocr_par' dir='ltr' id='par_1_95' title="bbox 2325 3423 3807 3506">
     <span class='ocr_line' id='line_1_95' title="bbox 2325 3423 3807 3506; baseline 0.018 -34"><span class='ocrx_word' id='word_1_742' title='bbox 2325 3423 2450 3489; x_wconf 88' lang='lat' dir='ltr'><strong>quid</strong></span> <span class='ocrx_word' id='word_1_743' title='bbox 2477 3423 2619 3479; x_wconf 92' lang='lat' dir='ltr'><strong>dicat</strong></span> <span class='ocrx_word' id='word_1_744' title='bbox 2652 3445 2664 3480; x_wconf 87' lang='lat'><strong>:</strong></span> <span class='ocrx_word' id='word_1_745' title='bbox 2698 3428 2798 3494; x_wconf 84' lang='lat' dir='ltr'><strong>Qui</strong></span> <span class='ocrx_word' id='word_1_746' title='bbox 2825 3430 3000 3486; x_wconf 88' lang='lat' dir='ltr'><strong>volunt</strong></span> <span class='ocrx_word' id='word_1_747' title='bbox 3025 3437 3202 3491; x_wconf 88' lang='lat' dir='ltr'><strong>divites</strong></span> <span class='ocrx_word' id='word_1_748' title='bbox 3226 3440 3360 3506; x_wconf 80' lang='lat' dir='ltr'><strong>ﬁeri,</strong></span> <span class='ocrx_word' id='word_1_749' title='bbox 3388 3444 3608 3498; x_wconf 85' lang='lat' dir='ltr'><strong>incidunt</strong></span> <span class='ocrx_word' id='word_1_750' title='bbox 3634 3447 3677 3499; x_wconf 81' lang='lat' dir='ltr'><strong>iii</strong></span> <span class='ocrx_word' id='word_1_751' title='bbox 3701 3459 3807 3500; x_wconf 78' lang='lat' dir='ltr'><strong>tenti-</strong></span> 
     </span>
    </p>
   </div>
   <div class='ocr_carea' id='block_1_96' title="bbox 2324 3514 3807 3606">
    <p class='ocr_par' dir='ltr' id='par_1_96' title="bbox 2324 3514 3807 3606">
     <span class='ocr_line' id='line_1_96' title="bbox 2324 3514 3807 3606; baseline 0.018 -40"><span class='ocrx_word' id='word_1_752' title='bbox 2324 3514 2507 3570; x_wconf 82' lang='lat' dir='ltr'><strong>tionein</strong></span> <span class='ocrx_word' id='word_1_753' title='bbox 2538 3517 2613 3590; x_wconf 79' lang='grc' dir='ltr'><strong>(Ι.</strong></span> <span class='ocrx_word' id='word_1_754' title='bbox 2647 3519 2778 3574; x_wconf 87' lang='lat' dir='ltr'><strong>Tim.</strong></span> <span class='ocrx_word' id='word_1_755' title='bbox 2812 3524 2864 3577; x_wconf 87' lang='lat'><strong>6.</strong></span> <span class='ocrx_word' id='word_1_756' title='bbox 2899 3525 2979 3596; x_wconf 88' lang='lat'><strong>9).</strong></span> <span class='ocrx_word' id='word_1_757' title='bbox 3015 3527 3310 3586; x_wconf 90' lang='lat' dir='ltr'><strong>Credamus</strong></span> <span class='ocrx_word' id='word_1_758' title='bbox 3354 3551 3483 3606; x_wconf 83' lang='lat' dir='ltr'><strong>ergo</strong></span> <span class='ocrx_word' id='word_1_759' title='bbox 3511 3540 3556 3593; x_wconf 93' lang='lat' dir='ltr'><strong>ei</strong></span> <span class='ocrx_word' id='word_1_760' title='bbox 3585 3557 3596 3592; x_wconf 94' lang='lat'>:</span> <span class='ocrx_word' id='word_1_761' title='bbox 3621 3555 3713 3593; x_wconf 86' lang='lat' dir='ltr'><strong>nam</strong></span> <span class='ocrx_word' id='word_1_762' title='bbox 3733 3539 3807 3593; x_wconf 75' lang='lat' dir='ltr'><strong>ride</strong></span> 
     </span>
    </p>
   </div>
   <div class='ocr_carea' id='block_1_97' title="bbox 2323 3608 3804 3688">
    <p class='ocr_par' dir='ltr' id='par_1_97' title="bbox 2323 3608 3804 3688">
     <span class='ocr_line' id='line_1_97' title="bbox 2323 3608 3804 3688; baseline 0.016 -29"><span class='ocrx_word' id='word_1_763' title='bbox 2323 3608 2448 3676; x_wconf 92' lang='lat' dir='ltr'><strong>quid</strong></span> <span class='ocrx_word' id='word_1_764' title='bbox 2489 3611 2740 3668; x_wconf 87' lang='lat' dir='ltr'><strong>acciderit</strong></span> <span class='ocrx_word' id='word_1_765' title='bbox 2783 3616 2867 3679; x_wconf 93' lang='lat' dir='ltr'><strong>iis,</strong></span> <span class='ocrx_word' id='word_1_766' title='bbox 2911 3619 3000 3688; x_wconf 91' lang='lat' dir='ltr'><strong>qui</strong></span> <span class='ocrx_word' id='word_1_767' title='bbox 3039 3636 3142 3676; x_wconf 92' lang='lat' dir='ltr'><strong>non</strong></span> <span class='ocrx_word' id='word_1_768' title='bbox 3174 3624 3533 3684; x_wconf 89' lang='lat' dir='ltr'><strong>crediderunt.</strong></span> <span class='ocrx_word' id='word_1_769' title='bbox 3575 3630 3633 3684; x_wconf 83' lang='lat' dir='ltr'><strong>Et</strong></span> <span class='ocrx_word' id='word_1_770' title='bbox 3665 3647 3804 3686; x_wconf 82' lang='lat' dir='ltr'><strong>rursum</strong></span> 
     </span>
    </p>
   </div>
   <div class='ocr_carea' id='block_1_98' title="bbox 2323 3699 3802 3794">
    <p class='ocr_par' dir='ltr' id='par_1_98' title="bbox 2323 3699 3802 3794">
     <span class='ocr_line' id='line_1_98' title="bbox 2323 3699 3802 3794; baseline 0.017 -42"><span class='ocrx_word' id='word_1_771' title='bbox 2323 3699 2447 3755; x_wconf 90' lang='lat' dir='ltr'><strong>alibi</strong></span> <span class='ocrx_word' id='word_1_772' title='bbox 2485 3702 2629 3770; x_wconf 91' lang='lat' dir='ltr'><strong>dicit,</strong></span> <span class='ocrx_word' id='word_1_773' title='bbox 2673 3707 2798 3776; x_wconf 88' lang='lat' dir='ltr'><strong>quid</strong></span> <span class='ocrx_word' id='word_1_774' title='bbox 2845 3711 3114 3783; x_wconf 86' lang='lat' dir='ltr'><strong>naufragia</strong></span> <span class='ocrx_word' id='word_1_775' title='bbox 3155 3718 3384 3784; x_wconf 90' lang='lat' dir='ltr'><strong>pariant.</strong></span> <span class='ocrx_word' id='word_1_776' title='bbox 3422 3721 3520 3789; x_wconf 84' lang='lat' dir='ltr'><strong>Qui</strong></span> <span class='ocrx_word' id='word_1_777' title='bbox 3554 3727 3802 3794; x_wconf 68' lang='lat' dir='ltr'><strong>naufragat:-</strong></span> 
     </span>
    </p>
   </div>
   <div class='ocr_carea' id='block_1_99' title="bbox 2321 3794 3801 3880">
    <p class='ocr_par' dir='ltr' id='par_1_99' title="bbox 2321 3794 3801 3880">
     <span class='ocr_line' id='line_1_99' title="bbox 2321 3794 3801 3880; baseline 0.016 -36"><span class='ocrx_word' id='word_1_778' title='bbox 2321 3802 2438 3846; x_wconf 85' lang='lat' dir='ltr'><strong>runt</strong></span> <span class='ocrx_word' id='word_1_779' title='bbox 2462 3794 2594 3849; x_wconf 89' lang='lat' dir='ltr'><strong>circa</strong></span> <span class='ocrx_word' id='word_1_780' title='bbox 2621 3797 2771 3861; x_wconf 79' lang='lat' dir='ltr'><strong>ﬁdem</strong></span> <span class='ocrx_word' id='word_1_781' title='bbox 2800 3799 2820 3872; x_wconf 90' lang='lat'>(</span> <span class='ocrx_word' id='word_1_782' title='bbox 2853 3799 2939 3854; x_wconf 85' lang='lat' dir='ltr'><strong>Id.</strong></span> <span class='ocrx_word' id='word_1_783' title='bbox 2990 3805 3041 3859; x_wconf 78' lang='grc'><strong>1.</strong></span> <span class='ocrx_word' id='word_1_784' title='bbox 3093 3805 3160 3860; x_wconf 79' lang='grc'><strong>19</strong></span> <span class='ocrx_word' id='word_1_785' title='bbox 3187 3806 3231 3877; x_wconf 85' lang='grc'><strong>),</strong></span> <span class='ocrx_word' id='word_1_786' title='bbox 3261 3809 3454 3880; x_wconf 91' lang='lat' dir='ltr'><strong>inquit.</strong></span> <span class='ocrx_word' id='word_1_787' title='bbox 3476 3813 3551 3868; x_wconf 90' lang='lat' dir='ltr'><strong>Tu</strong></span> <span class='ocrx_word' id='word_1_788' title='bbox 3576 3831 3681 3869; x_wconf 84' lang='lat' dir='ltr'><strong>vero</strong></span> <span class='ocrx_word' id='word_1_789' title='bbox 3701 3831 3801 3868; x_wconf 80' lang='lat' dir='ltr'><strong>mane</strong></span> 
     </span>
    </p>
   </div>
   <div class='ocr_carea' id='block_1_100' title="bbox 2321 3885 3798 3962">
    <p class='ocr_par' dir='ltr' id='par_1_100' title="bbox 2321 3885 3798 3962">
     <span class='ocr_line' id='line_1_100' title="bbox 2321 3885 3798 3962; baseline 0.012 -22"><span class='ocrx_word' id='word_1_790' title='bbox 2321 3885 2374 3940; x_wconf 89' lang='lat' dir='ltr'><strong>in</strong></span> <span class='ocrx_word' id='word_1_791' title='bbox 2405 3887 2490 3949; x_wconf 89' lang='lat' dir='ltr'><strong>iis,</strong></span> <span class='ocrx_word' id='word_1_792' title='bbox 2521 3904 2641 3959; x_wconf 74' lang='lat' dir='ltr'><strong>qua:</strong></span> <span class='ocrx_word' id='word_1_793' title='bbox 2685 3891 2913 3948; x_wconf 91' lang='lat' dir='ltr'><strong>didicisti</strong></span> <span class='ocrx_word' id='word_1_794' title='bbox 2945 3904 2998 3949; x_wconf 92' lang='lat' dir='ltr'><strong>et</strong></span> <span class='ocrx_word' id='word_1_795' title='bbox 3035 3897 3324 3957; x_wconf 88' lang='lat' dir='ltr'><strong>credidisti.</strong></span> <span class='ocrx_word' id='word_1_796' title='bbox 3357 3901 3634 3962; x_wconf 85' lang='lat' dir='ltr'><strong>Credamus</strong></span> <span class='ocrx_word' id='word_1_797' title='bbox 3666 3907 3798 3961; x_wconf 80' lang='lat' dir='ltr'><strong>Paulo:</strong></span> 
     </span>
    </p>
   </div>
   <div class='ocr_carea' id='block_1_101' title="bbox 2320 3977 3797 4068">
    <p class='ocr_par' dir='ltr' id='par_1_101' title="bbox 2320 3977 3797 4068">
     <span class='ocr_line' id='line_1_101' title="bbox 2320 3977 3797 4068; baseline 0.014 -37"><span class='ocrx_word' id='word_1_798' title='bbox 2320 3977 2444 4033; x_wconf 92' lang='lat' dir='ltr'><strong>licet</strong></span> <span class='ocrx_word' id='word_1_799' title='bbox 2475 3981 2525 4034; x_wconf 90' lang='lat' dir='ltr'><strong>in</strong></span> <span class='ocrx_word' id='word_1_800' title='bbox 2555 3982 2726 4037; x_wconf 80' lang='lat' dir='ltr'><strong>media</strong></span> <span class='ocrx_word' id='word_1_801' title='bbox 2757 3992 3072 4056; x_wconf 87' lang='lat' dir='ltr'><strong>tempestate</strong></span> <span class='ocrx_word' id='word_1_802' title='bbox 3109 3991 3294 4058; x_wconf 92' lang='lat' dir='ltr'><strong>simus,</strong></span> <span class='ocrx_word' id='word_1_803' title='bbox 3337 4011 3556 4052; x_wconf 91' lang='lat' dir='ltr'><strong>omnino</strong></span> <span class='ocrx_word' id='word_1_804' title='bbox 3577 4015 3604 4053; x_wconf 89' lang='lat' dir='ltr'><strong>a</strong></span> <span class='ocrx_word' id='word_1_805' title='bbox 3628 4000 3797 4068; x_wconf 65' lang='lat' dir='ltr'><strong>periculi:</strong></span> 
     </span>
    </p>
   </div>
   <div class='ocr_carea' id='block_1_102' title="bbox 2320 4068 3794 4159">
    <p class='ocr_par' dir='ltr' id='par_1_102' title="bbox 2320 4068 3794 4159">
     <span class='ocr_line' id='line_1_102' title="bbox 2320 4068 3794 4159; baseline 0.014 -37"><span class='ocrx_word' id='word_1_806' title='bbox 2320 4068 2697 4137; x_wconf 89' lang='lat' dir='ltr'><strong>liberabiinur;</strong></span> <span class='ocrx_word' id='word_1_807' title='bbox 2743 4077 2950 4134; x_wconf 87' lang='lat' dir='ltr'><strong>etiamsi</strong></span> <span class='ocrx_word' id='word_1_808' title='bbox 3008 4085 3412 4150; x_wconf 89' lang='lat' dir='ltr'><strong>qualuordecim</strong></span> <span class='ocrx_word' id='word_1_809' title='bbox 3476 4089 3644 4144; x_wconf 88' lang='lat' dir='ltr'><strong>diebus</strong></span> <span class='ocrx_word' id='word_1_810' title='bbox 3689 4089 3794 4159; x_wconf 82' lang='lat' dir='ltr'><strong>jejuni</strong></span> 
     </span>
    </p>
   </div>
   <div class='ocr_carea' id='block_1_103' title="bbox 2317 4165 3794 4246">
    <p class='ocr_par' dir='ltr' id='par_1_103' title="bbox 2317 4165 3794 4246">
     <span class='ocr_line' id='line_1_103' title="bbox 2317 4165 3794 4246; baseline 0.012 -32"><span class='ocrx_word' id='word_1_811' title='bbox 2317 4165 2693 4233; x_wconf 87' lang='lat' dir='ltr'><strong>manserimus,</strong></span> <span class='ocrx_word' id='word_1_812' title='bbox 2722 4170 2820 4223; x_wconf 91' lang='lat' dir='ltr'><strong>etsi</strong></span> <span class='ocrx_word' id='word_1_813' title='bbox 2849 4185 2971 4239; x_wconf 87' lang='lat' dir='ltr'><strong>spes</strong></span> <span class='ocrx_word' id='word_1_814' title='bbox 3003 4175 3189 4229; x_wconf 90' lang='lat' dir='ltr'><strong>salutis</strong></span> <span class='ocrx_word' id='word_1_815' title='bbox 3215 4178 3498 4246; x_wconf 85' lang='lat' dir='ltr'><strong>exciderit,</strong></span> <span class='ocrx_word' id='word_1_816' title='bbox 3531 4183 3617 4236; x_wconf 88' lang='lat' dir='ltr'><strong>etsi</strong></span> <span class='ocrx_word' id='word_1_817' title='bbox 3643 4182 3684 4236; x_wconf 89' lang='lat' dir='ltr'><strong>in</strong></span> <span class='ocrx_word' id='word_1_818' title='bbox 3704 4194 3794 4236; x_wconf 74' lang='lat' dir='ltr'><strong>icitu-</strong></span> 
     </span>
    </p>
   </div>
   <div class='ocr_carea' id='block_1_104' title="bbox 2317 4253 3792 4342">
    <p class='ocr_par' dir='ltr' id='par_1_104' title="bbox 2317 4253 3792 4342">
     <span class='ocr_line' id='line_1_104' title="bbox 2317 4253 3792 4342; baseline 0.01 -36"><span class='ocrx_word' id='word_1_819' title='bbox 2317 4253 2427 4308; x_wconf 88' lang='lat' dir='ltr'><strong>bris</strong></span> <span class='ocrx_word' id='word_1_820' title='bbox 2450 4264 2504 4310; x_wconf 91' lang='lat' dir='ltr'><strong>et</strong></span> <span class='ocrx_word' id='word_1_821' title='bbox 2546 4257 2770 4328; x_wconf 87' lang='lat' dir='ltr'><strong>caligine</strong></span> <span class='ocrx_word' id='word_1_822' title='bbox 2801 4276 3095 4332; x_wconf 88' lang='lat' dir='ltr'><strong>versemur,</strong></span> <span class='ocrx_word' id='word_1_823' title='bbox 3142 4269 3425 4326; x_wconf 87' lang='lat' dir='ltr'><strong>credentes</strong></span> <span class='ocrx_word' id='word_1_824' title='bbox 3470 4273 3517 4328; x_wconf 93' lang='lat' dir='ltr'><strong>ei</strong></span> <span class='ocrx_word' id='word_1_825' title='bbox 3557 4289 3584 4327; x_wconf 91' lang='lat' dir='ltr'><strong>a</strong></span> <span class='ocrx_word' id='word_1_826' title='bbox 3623 4273 3792 4342; x_wconf 81' lang='lat' dir='ltr'><strong>periculis</strong></span> 
     </span>
    </p>
   </div>
   <div class='ocr_carea' id='block_1_105' title="bbox 2318 4343 3791 4428">
    <p class='ocr_par' dir='ltr' id='par_1_105' title="bbox 2318 4343 3791 4428">
     <span class='ocr_line' id='line_1_105' title="bbox 2318 4343 3791 4428; baseline 0.012 -31"><span class='ocrx_word' id='word_1_827' title='bbox 2318 4343 2684 4403; x_wconf 88' lang='lat' dir='ltr'><strong>liberabimur.</strong></span> <span class='ocrx_word' id='word_1_828' title='bbox 2709 4349 2893 4406; x_wconf 89' lang='lat' dir='ltr'><strong>Navim</strong></span> <span class='ocrx_word' id='word_1_829' title='bbox 2921 4369 3039 4409; x_wconf 90' lang='lat' dir='ltr'><strong>esse</strong></span> <span class='ocrx_word' id='word_1_830' title='bbox 3066 4367 3307 4426; x_wconf 91' lang='lat' dir='ltr'><strong>putemus</strong></span> <span class='ocrx_word' id='word_1_831' title='bbox 3333 4372 3504 4418; x_wconf 91' lang='lat' dir='ltr'><strong>totum</strong></span> <span class='ocrx_word' id='word_1_832' title='bbox 3527 4367 3695 4428; x_wconf 87' lang='lat' dir='ltr'><strong>orbein.</strong></span> <span class='ocrx_word' id='word_1_833' title='bbox 3713 4366 3791 4418; x_wconf 75' lang='lat' dir='ltr'><strong>etin</strong></span> 
     </span>
    </p>
   </div>
   <div class='ocr_carea' id='block_1_106' title="bbox 2317 4435 3794 4522">
    <p class='ocr_par' dir='ltr' id='par_1_106' title="bbox 2317 4435 3794 4522">
     <span class='ocr_line' id='line_1_106' title="bbox 2317 4435 3794 4522; baseline 0.014 -33"><span class='ocrx_word' id='word_1_834' title='bbox 2317 4435 2402 4490; x_wconf 91' lang='lat' dir='ltr'><strong>illa</strong></span> <span class='ocrx_word' id='word_1_835' title='bbox 2435 4437 2706 4508; x_wconf 89' lang='lat' dir='ltr'><strong>improbos</strong></span> <span class='ocrx_word' id='word_1_836' title='bbox 2739 4452 2795 4497; x_wconf 88' lang='lat' dir='ltr'><strong>et</strong></span> <span class='ocrx_word' id='word_1_837' title='bbox 2819 4449 3082 4502; x_wconf 82' lang='lat' dir='ltr'><strong>sexcentis</strong></span> <span class='ocrx_word' id='word_1_838' title='bbox 3116 4449 3322 4521; x_wconf 84' lang='lat' dir='ltr'><strong>ﬂagitiis</strong></span> <span class='ocrx_word' id='word_1_839' title='bbox 3351 4455 3627 4522; x_wconf 81' lang='lat' dir='ltr'><strong>obnoxios;</strong></span> <span class='ocrx_word' id='word_1_840' title='bbox 3648 4468 3689 4513; x_wconf 86' lang='lat' dir='ltr'><strong>et</strong></span> <span class='ocrx_word' id='word_1_841' title='bbox 3708 4457 3794 4509; x_wconf 75' lang='lat' dir='ltr'><strong>aliis</strong></span> 
     </span>
    </p>
   </div>
   <div class='ocr_carea' id='block_1_107' title="bbox 2315 4531 3790 4619">
    <p class='ocr_par' dir='ltr' id='par_1_107' title="bbox 2315 4531 3790 4619">
     <span class='ocr_line' id='line_1_107' title="bbox 2315 4531 3790 4619; baseline 0.02 -38"><span class='ocrx_word' id='word_1_842' title='bbox 2315 4531 2526 4598; x_wconf 89' lang='lat' dir='ltr'><strong>quidem</strong></span> <span class='ocrx_word' id='word_1_843' title='bbox 2558 4534 2843 4604; x_wconf 89' lang='lat' dir='ltr'><strong>principes.</strong></span> <span class='ocrx_word' id='word_1_844' title='bbox 2874 4539 3008 4594; x_wconf 91' lang='lat' dir='ltr'><strong>alios</strong></span> <span class='ocrx_word' id='word_1_845' title='bbox 3045 4557 3172 4597; x_wconf 90' lang='lat' dir='ltr'><strong>vero</strong></span> <span class='ocrx_word' id='word_1_846' title='bbox 3197 4548 3468 4614; x_wconf 90' lang='lat' dir='ltr'><strong>custodes,</strong></span> <span class='ocrx_word' id='word_1_847' title='bbox 3513 4553 3629 4606; x_wconf 90' lang='lat' dir='ltr'><strong>alios</strong></span> <span class='ocrx_word' id='word_1_848' title='bbox 3659 4552 3790 4619; x_wconf 79' lang='lat' dir='ltr'><strong>justas.</strong></span> 
     </span>
    </p>
   </div>
   <div class='ocr_carea' id='block_1_108' title="bbox 2316 4621 3790 4703">
    <p class='ocr_par' dir='ltr' id='par_1_108' title="bbox 2316 4621 3790 4703">
     <span class='ocr_line' id='line_1_108' title="bbox 2316 4621 3790 4703; baseline 0.014 -31"><span class='ocrx_word' id='word_1_849' title='bbox 2316 4629 2373 4673; x_wconf 93' lang='lat' dir='ltr'><strong>ut</strong></span> <span class='ocrx_word' id='word_1_850' title='bbox 2404 4621 2617 4690; x_wconf 87' lang='lat' dir='ltr'><strong>Paulus,</strong></span> <span class='ocrx_word' id='word_1_851' title='bbox 2645 4625 2778 4680; x_wconf 88' lang='lat' dir='ltr'><strong>alios</strong></span> <span class='ocrx_word' id='word_1_852' title='bbox 2805 4628 3008 4684; x_wconf 91' lang='lat' dir='ltr'><strong>vinctos</strong></span> <span class='ocrx_word' id='word_1_853' title='bbox 3033 4641 3088 4686; x_wconf 91' lang='lat' dir='ltr'><strong>et</strong></span> <span class='ocrx_word' id='word_1_854' title='bbox 3131 4640 3359 4703; x_wconf 89' lang='lat' dir='ltr'><strong>peccatis</strong></span> <span class='ocrx_word' id='word_1_855' title='bbox 3389 4643 3706 4698; x_wconf 84' lang='lat' dir='ltr'><strong>constrictos:</strong></span> <span class='ocrx_word' id='word_1_856' title='bbox 3726 4642 3790 4694; x_wconf 86' lang='lat' dir='ltr'><strong>iu-</strong></span> 
     </span>
    </p>
   </div>
   <div class='ocr_carea' id='block_1_109' title="bbox 2313 4713 3790 4803">
    <p class='ocr_par' dir='ltr' id='par_1_109' title="bbox 2313 4713 3790 4803">
     <span class='ocr_line' id='line_1_109' title="bbox 2313 4713 3790 4803; baseline 0.018 -40"><span class='ocrx_word' id='word_1_857' title='bbox 2313 4727 2416 4781; x_wconf 86' lang='lat' dir='ltr'><strong>qiie</strong></span> <span class='ocrx_word' id='word_1_858' title='bbox 2458 4715 2502 4768; x_wconf 94' lang='lat' dir='ltr'><strong>si</strong></span> <span class='ocrx_word' id='word_1_859' title='bbox 2547 4713 2710 4771; x_wconf 88' lang='lat' dir='ltr'><strong>Paulo</strong></span> <span class='ocrx_word' id='word_1_860' title='bbox 2752 4719 3050 4785; x_wconf 90' lang='lat' dir='ltr'><strong>credamus,</strong></span> <span class='ocrx_word' id='word_1_861' title='bbox 3094 4741 3199 4781; x_wconf 92' lang='lat' dir='ltr'><strong>non</strong></span> <span class='ocrx_word' id='word_1_862' title='bbox 3243 4731 3402 4786; x_wconf 90' lang='lat' dir='ltr'><strong>vincti</strong></span> <span class='ocrx_word' id='word_1_863' title='bbox 3435 4735 3699 4803; x_wconf 89' lang='lat' dir='ltr'><strong>peribimus,</strong></span> <span class='ocrx_word' id='word_1_864' title='bbox 3730 4731 3790 4784; x_wconf 75' lang='lat' dir='ltr'><strong>sed</strong></span> 
     </span>
    </p>
   </div>
   <div class='ocr_carea' id='block_1_110' title="bbox 2313 4804 3790 4890">
    <p class='ocr_par' dir='ltr' id='par_1_110' title="bbox 2313 4804 3790 4890">
     <span class='ocr_line' id='line_1_110' title="bbox 2313 4804 3790 4890; baseline 0.014 -32"><span class='ocrx_word' id='word_1_865' title='bbox 2313 4804 2625 4862; x_wconf 83' lang='lat' dir='ltr'><strong>solveiuur:</strong></span> <span class='ocrx_word' id='word_1_866' title='bbox 2670 4825 2767 4864; x_wconf 91' lang='lat' dir='ltr'><strong>nos</strong></span> <span class='ocrx_word' id='word_1_867' title='bbox 2807 4828 3016 4883; x_wconf 87' lang='lat' dir='ltr'><strong>quoque</strong></span> <span class='ocrx_word' id='word_1_868' title='bbox 3047 4815 3120 4870; x_wconf 90' lang='lat' dir='ltr'><strong>illi</strong></span> <span class='ocrx_word' id='word_1_869' title='bbox 3163 4817 3382 4876; x_wconf 89' lang='lat' dir='ltr'><strong>donabit</strong></span> <span class='ocrx_word' id='word_1_870' title='bbox 3423 4823 3574 4880; x_wconf 91' lang='lat' dir='ltr'><strong>Deus.</strong></span> <span class='ocrx_word' id='word_1_871' title='bbox 3598 4827 3790 4890; x_wconf 71' lang='lat' dir='ltr'><strong>Anni-gas</strong></span> 
     </span>
    </p>
   </div>
   <div class='ocr_carea' id='block_1_111' title="bbox 2313 4901 3787 4976">
    <p class='ocr_par' dir='ltr' id='par_1_111' title="bbox 2313 4901 3787 4976">
     <span class='ocr_line' id='line_1_111' title="bbox 2313 4901 3787 4976; baseline 0.009 -25"><span class='ocrx_word' id='word_1_872' title='bbox 2313 4907 2529 4969; x_wconf 88' lang='lat' dir='ltr'><strong>peccata</strong></span> <span class='ocrx_word' id='word_1_873' title='bbox 2560 4907 2614 4955; x_wconf 89' lang='lat' dir='ltr'><strong>et</strong></span> <span class='ocrx_word' id='word_1_874' title='bbox 2651 4901 2872 4958; x_wconf 72' lang='lat' dir='ltr'><strong>affectus</strong></span> <span class='ocrx_word' id='word_1_875' title='bbox 2914 4921 3075 4976; x_wconf 88' lang='lat' dir='ltr'><strong>grave</strong></span> <span class='ocrx_word' id='word_1_876' title='bbox 3122 4911 3389 4968; x_wconf 88' lang='lat' dir='ltr'><strong>vinculum</strong></span> <span class='ocrx_word' id='word_1_877' title='bbox 3417 4930 3532 4972; x_wconf 89' lang='lat' dir='ltr'><strong>esse</strong></span> <span class='ocrx_word' id='word_1_878' title='bbox 3552 4920 3572 4970; x_wconf 82' lang='lat'><strong>?</strong></span> <span class='ocrx_word' id='word_1_879' title='bbox 3592 4934 3674 4970; x_wconf 91' lang='lat' dir='ltr'><strong>non</strong></span> <span class='ocrx_word' id='word_1_880' title='bbox 3695 4921 3787 4968; x_wconf 85' lang='lat' dir='ltr'><strong>enim</strong></span> 
     </span>
    </p>
   </div>
   <div class='ocr_carea' id='block_1_112' title="bbox 2311 4989 3786 5064">
    <p class='ocr_par' dir='ltr' id='par_1_112' title="bbox 2311 4989 3786 5064">
     <span class='ocr_line' id='line_1_112' title="bbox 2311 4989 3786 5064; baseline 0.013 -22"><span class='ocrx_word' id='word_1_881' title='bbox 2311 4989 2442 5044; x_wconf 65' lang='lat' dir='ltr'><strong>sola:</strong></span> <span class='ocrx_word' id='word_1_882' title='bbox 2478 5006 2668 5046; x_wconf 89' lang='lat' dir='ltr'><strong>manus</strong></span> <span class='ocrx_word' id='word_1_883' title='bbox 2696 4994 2887 5049; x_wconf 70' lang='lat' dir='ltr'><strong>vineta:</strong></span> <span class='ocrx_word' id='word_1_884' title='bbox 2914 5008 3058 5062; x_wconf 91' lang='lat' dir='ltr'><strong>sunt,</strong></span> <span class='ocrx_word' id='word_1_885' title='bbox 3104 5003 3195 5056; x_wconf 88' lang='lat' dir='ltr'><strong>sed</strong></span> <span class='ocrx_word' id='word_1_886' title='bbox 3229 5013 3371 5061; x_wconf 90' lang='lat' dir='ltr'><strong>totus</strong></span> <span class='ocrx_word' id='word_1_887' title='bbox 3404 5007 3574 5064; x_wconf 88' lang='lat' dir='ltr'><strong>homo.</strong></span> <span class='ocrx_word' id='word_1_888' title='bbox 3603 5011 3676 5063; x_wconf 88' lang='lat' dir='ltr'><strong>Dic</strong></span> <span class='ocrx_word' id='word_1_889' title='bbox 3694 5007 3786 5062; x_wconf 82' lang='lat' dir='ltr'><strong>enim</strong></span> 
     </span>
    </p>
   </div>
   <div class='ocr_carea' id='block_1_113' title="bbox 2312 5081 3789 5165">
    <p class='ocr_par' dir='ltr' id='par_1_113' title="bbox 2312 5081 3789 5165">
     <span class='ocr_line' id='line_1_113' title="bbox 2312 5081 3789 5165; baseline 0.016 -33"><span class='ocrx_word' id='word_1_890' title='bbox 2312 5081 2462 5147; x_wconf 90' lang='lat' dir='ltr'><strong>mihi,</strong></span> <span class='ocrx_word' id='word_1_891' title='bbox 2491 5083 2535 5136; x_wconf 94' lang='lat' dir='ltr'><strong>si</strong></span> <span class='ocrx_word' id='word_1_892' title='bbox 2563 5085 2682 5154; x_wconf 90' lang='lat' dir='ltr'><strong>quis</strong></span> <span class='ocrx_word' id='word_1_893' title='bbox 2724 5088 2915 5142; x_wconf 89' lang='lat' dir='ltr'><strong>multas</strong></span> <span class='ocrx_word' id='word_1_894' title='bbox 2962 5096 3211 5160; x_wconf 77' lang='lat' dir='ltr'><strong>pecunias</strong></span> <span class='ocrx_word' id='word_1_895' title='bbox 3244 5099 3516 5165; x_wconf 92' lang='lat' dir='ltr'><strong>possidens</strong></span> <span class='ocrx_word' id='word_1_896' title='bbox 3554 5117 3644 5155; x_wconf 86' lang='lat' dir='ltr'><strong>non</strong></span> <span class='ocrx_word' id='word_1_897' title='bbox 3665 5109 3789 5165; x_wconf 71' lang='lat' dir='ltr'><strong>eroget</strong></span> 
     </span>
    </p>
   </div>
   <div class='ocr_carea' id='block_1_114' title="bbox 2310 5173 3788 5265">
    <p class='ocr_par' dir='ltr' id='par_1_114' title="bbox 2310 5173 3788 5265">
     <span class='ocr_line' id='line_1_114' title="bbox 2310 5173 3788 5265; baseline 0.018 -40"><span class='ocrx_word' id='word_1_898' title='bbox 2310 5173 2395 5226; x_wconf 89' lang='lat' dir='ltr'><strong>vel</strong></span> <span class='ocrx_word' id='word_1_899' title='bbox 2443 5177 2726 5242; x_wconf 84' lang='lat' dir='ltr'><strong>expendat,</strong></span> <span class='ocrx_word' id='word_1_900' title='bbox 2783 5180 2879 5234; x_wconf 92' lang='lat' dir='ltr'><strong>sed</strong></span> <span class='ocrx_word' id='word_1_901' title='bbox 2909 5184 3158 5256; x_wconf 50' lang='lat' dir='ltr'><strong>‘retineat</strong></span> <span class='ocrx_word' id='word_1_902' title='bbox 3190 5207 3202 5242; x_wconf 93' lang='lat'><strong>:</strong></span> <span class='ocrx_word' id='word_1_903' title='bbox 3235 5205 3410 5248; x_wconf 88' lang='lat' dir='ltr'><strong>nonne</strong></span> <span class='ocrx_word' id='word_1_904' title='bbox 3460 5195 3650 5265; x_wconf 82' lang='lat' dir='ltr'><strong>gravius</strong></span> <span class='ocrx_word' id='word_1_905' title='bbox 3683 5207 3788 5262; x_wconf 73' lang='lat' dir='ltr'><strong>quam</strong></span> 
     </span>
    </p>
   </div>
   <div class='ocr_carea' id='block_1_115' title="bbox 2308 5265 3789 5354">
    <p class='ocr_par' dir='ltr' id='par_1_115' title="bbox 2308 5265 3789 5354">
     <span class='ocr_line' id='line_1_115' title="bbox 2308 5265 3789 5354; baseline 0.012 -37"><span class='ocrx_word' id='word_1_906' title='bbox 2308 5265 2516 5320; x_wconf 88' lang='lat' dir='ltr'><strong>vinctus</strong></span> <span class='ocrx_word' id='word_1_907' title='bbox 2545 5269 2717 5336; x_wconf 90' lang='lat' dir='ltr'><strong>quivis</strong></span> <span class='ocrx_word' id='word_1_908' title='bbox 2748 5273 3073 5339; x_wconf 88' lang='lat' dir='ltr'><strong>parcimonia</strong></span> <span class='ocrx_word' id='word_1_909' title='bbox 3114 5278 3376 5338; x_wconf 90' lang='lat' dir='ltr'><strong>insolubili</strong></span> <span class='ocrx_word' id='word_1_910' title='bbox 3405 5286 3602 5341; x_wconf 91' lang='lat' dir='ltr'><strong>vinculo</strong></span> <span class='ocrx_word' id='word_1_911' title='bbox 3624 5282 3789 5354; x_wconf 80' lang='lat' dir='ltr'><strong>ligatur?</strong></span> 
     </span>
    </p>
   </div>
   <div class='ocr_carea' id='block_1_116' title="bbox 2308 5357 3789 5447">
    <p class='ocr_par' dir='ltr' id='par_1_116' title="bbox 2308 5357 3789 5447">
     <span class='ocr_line' id='line_1_116' title="bbox 2308 5357 3789 5447; baseline 0.014 -37"><span class='ocrx_word' id='word_1_912' title='bbox 2308 5357 2466 5426; x_wconf 85' lang='lat' dir='ltr'><strong>Quid,</strong></span> <span class='ocrx_word' id='word_1_913' title='bbox 2499 5360 2542 5412; x_wconf 91' lang='lat' dir='ltr'><strong>si</strong></span> <span class='ocrx_word' id='word_1_914' title='bbox 2570 5362 2688 5429; x_wconf 92' lang='lat' dir='ltr'><strong>quis</strong></span> <span class='ocrx_word' id='word_1_915' title='bbox 2709 5363 2816 5417; x_wconf 91' lang='lat' dir='ltr'><strong>fato</strong></span> <span class='ocrx_word' id='word_1_916' title='bbox 2856 5381 2915 5420; x_wconf 92' lang='lat' dir='ltr'><strong>se</strong></span> <span class='ocrx_word' id='word_1_917' title='bbox 2941 5369 3200 5437; x_wconf 87' lang='lat' dir='ltr'><strong>subjiciat,</strong></span> <span class='ocrx_word' id='word_1_918' title='bbox 3233 5387 3405 5430; x_wconf 91' lang='lat' dir='ltr'><strong>nonne</strong></span> <span class='ocrx_word' id='word_1_919' title='bbox 3435 5377 3516 5433; x_wconf 90' lang='lat' dir='ltr'><strong>hic</strong></span> <span class='ocrx_word' id='word_1_920' title='bbox 3538 5379 3638 5432; x_wconf 78' lang='lat' dir='ltr'><strong>aliis</strong></span> <span class='ocrx_word' id='word_1_921' title='bbox 3656 5377 3789 5447; x_wconf 80' lang='lat' dir='ltr'><strong>ligatus</strong></span> 
     </span>
    </p>
   </div>
   <div class='ocr_carea' id='block_1_117' title="bbox 2307 5451 3786 5539">
    <p class='ocr_par' dir='ltr' id='par_1_117' title="bbox 2307 5451 3786 5539">
     <span class='ocr_line' id='line_1_117' title="bbox 2307 5451 3786 5539; baseline 0.012 -35"><span class='ocrx_word' id='word_1_922' title='bbox 2307 5460 2389 5504; x_wconf 92' lang='lat' dir='ltr'><strong>est</strong></span> <span class='ocrx_word' id='word_1_923' title='bbox 2415 5451 2681 5507; x_wconf 89' lang='lat' dir='ltr'><strong>vinculis?</strong></span> <span class='ocrx_word' id='word_1_924' title='bbox 2702 5456 2848 5525; x_wconf 91' lang='lat' dir='ltr'><strong>quid,</strong></span> <span class='ocrx_word' id='word_1_925' title='bbox 2877 5459 2923 5511; x_wconf 80' lang='lat' dir='ltr'><strong>si</strong></span> <span class='ocrx_word' id='word_1_926' title='bbox 2963 5460 3458 5521; x_wconf 83' lang='lat' dir='ltr'><strong>observationibus?</strong></span> <span class='ocrx_word' id='word_1_927' title='bbox 3481 5471 3611 5539; x_wconf 87' lang='lat' dir='ltr'><strong>quid,</strong></span> <span class='ocrx_word' id='word_1_928' title='bbox 3635 5470 3670 5522; x_wconf 86' lang='lat' dir='ltr'><strong>si</strong></span> <span class='ocrx_word' id='word_1_929' title='bbox 3691 5482 3786 5536; x_wconf 76' lang='lat' dir='ltr'><strong>sym-</strong></span> 
     </span>
    </p>
   </div>
   <div class='ocr_carea' id='block_1_118' title="bbox 2305 5542 3785 5628">
    <p class='ocr_par' dir='ltr' id='par_1_118' title="bbox 2305 5542 3785 5628">
     <span class='ocr_line' id='line_1_118' title="bbox 2305 5542 3785 5628; baseline 0.015 -34"><span class='ocrx_word' id='word_1_930' title='bbox 2305 5542 2476 5595; x_wconf 88' lang='lat' dir='ltr'><strong>bolis?</strong></span> <span class='ocrx_word' id='word_1_931' title='bbox 2503 5548 2816 5616; x_wconf 73' lang='lat' dir='ltr'><strong>nonnelnec</strong></span> <span class='ocrx_word' id='word_1_932' title='bbox 2853 5550 2999 5605; x_wconf 91' lang='lat' dir='ltr'><strong>omni</strong></span> <span class='ocrx_word' id='word_1_933' title='bbox 3029 5551 3240 5607; x_wconf 88' lang='lat' dir='ltr'><strong>vinculo</strong></span> <span class='ocrx_word' id='word_1_934' title='bbox 3268 5569 3389 5611; x_wconf 92' lang='lat' dir='ltr'><strong>sunt</strong></span> <span class='ocrx_word' id='word_1_935' title='bbox 3415 5560 3663 5628; x_wconf 74' lang='lat' dir='ltr'><strong>graviora?</strong></span> <span class='ocrx_word' id='word_1_936' title='bbox 3681 5556 3785 5627; x_wconf 64' lang='lat' dir='ltr'><strong>quid.</strong></span> 
     </span>
    </p>
   </div>
   <div class='ocr_carea' id='block_1_119' title="bbox 2303 5633 3786 5716">
    <p class='ocr_par' dir='ltr' id='par_1_119' title="bbox 2303 5633 3786 5716">
     <span class='ocr_line' id='line_1_119' title="bbox 2303 5633 3786 5716; baseline 0.007 -28"><span class='ocrx_word' id='word_1_937' title='bbox 2303 5633 2348 5688; x_wconf 92' lang='lat' dir='ltr'><strong>si</strong></span> <span class='ocrx_word' id='word_1_938' title='bbox 2379 5635 2624 5691; x_wconf 80' lang='lat' dir='ltr'><strong>absurda:</strong></span> <span class='ocrx_word' id='word_1_939' title='bbox 2653 5639 2860 5694; x_wconf 87' lang='lat' dir='ltr'><strong>cuidam</strong></span> <span class='ocrx_word' id='word_1_940' title='bbox 2901 5647 3344 5714; x_wconf 71' lang='lat' dir='ltr'><strong>concupiscentia:</strong></span> <span class='ocrx_word' id='word_1_941' title='bbox 3387 5651 3466 5706; x_wconf 81' lang='lat' dir='ltr'><strong>vel</strong></span> <span class='ocrx_word' id='word_1_942' title='bbox 3504 5649 3786 5716; x_wconf 74' lang='lat' dir='ltr'><strong>ainorilouis</strong></span> 
     </span>
    </p>
   </div>
   <div class='ocr_carea' id='block_1_120' title="bbox 2368 5817 3781 5892">
    <p class='ocr_par' dir='ltr' id='par_1_120' title="bbox 2368 5817 3781 5892">
     <span class='ocr_line' id='line_1_120' title="bbox 2368 5817 3781 5892; baseline 0.004 -24"><span class='ocrx_word' id='word_1_943' title='bbox 2368 5819 2383 5850; x_wconf 82' lang='grc'>¹</span> <span class='ocrx_word' id='word_1_944' title='bbox 2409 5817 2550 5878; x_wconf 82' lang='lat' dir='ltr'><strong>Illud,</strong></span> <span class='ocrx_word' id='word_1_945' title='bbox 2575 5825 2620 5869; x_wconf 86' lang='lat' dir='ltr'><strong>et</strong></span> <span class='ocrx_word' id='word_1_946' title='bbox 2641 5817 2728 5870; x_wconf 82' lang='lat' dir='ltr'><strong>hoc</strong></span> <span class='ocrx_word' id='word_1_947' title='bbox 2751 5821 2999 5876; x_wconf 81' lang='lat' dir='ltr'><strong>considera</strong></span> <span class='ocrx_word' id='word_1_948' title='bbox 3018 5822 3096 5878; x_wconf 80' lang='lat' dir='ltr'><strong>hic</strong></span> <span class='ocrx_word' id='word_1_949' title='bbox 3118 5827 3314 5890; x_wconf 78' lang='lat' dir='ltr'><strong>faction,</strong></span> <span class='ocrx_word' id='word_1_950' title='bbox 3332 5830 3466 5881; x_wconf 84' lang='lat' dir='ltr'><strong>deest</strong></span> <span class='ocrx_word' id='word_1_951' title='bbox 3489 5833 3530 5880; x_wconf 90' lang='lat' dir='ltr'><strong>iu</strong></span> <span class='ocrx_word' id='word_1_952' title='bbox 3550 5826 3781 5892; x_wconf 78' lang='lat' dir='ltr'><strong>quibusdam.</strong></span> 
     </span>
    </p>
   </div>
  </div>
