4098 6354
46 301 205 356 ’571

50 418 297 471 τοῦτο
326 417 434 487 γάρ
467 417 602 478 ἐστι,
636 415 759 481 Τὴν
792 412 1024 479 σκευὴν
1057 410 1163 464 τοῦ
1203 412 1421 464 πλοίου
1454 410 1799 479 ἑῤῥίψαμεν.

52 504 382 572 Πελιίῆς
427 505 495 557 δὲ
540 504 775 567 ἀσιτίας
824 501 1241 568 ὑπαρχούσης,
1292 495 1510 552 εἷπενό
1537 496 1797 564 Παῦλος·

60 594 302 647 Ἐδει
346 590 871 661 πειθαρχήσαντάς
914 608 1015 658 μοι
1064 587 1351 656 κερδῆσαι
1400 586 1517 655 τὴν
1568 584 1797 654 ζημίαν.

1150 301 1213 354 ΙΝ
1254 298 1437 353 ACTA
1476 295 2007 353 APOSTOLORUM.
2045 297 2275 354 IIOMIL.
2323 300 2451 355 LIII.

3452 306 3559 360 572

1909 405 2046 463 εἶναι
2070 414 2127 464 ἐν
2158 413 2335 484 οξκίᾳ·
2399 413 2583 466 πολλοὶ
2610 412 2718 485 γάρ
2751 414 2800 467 οἱ
2834 414 3101 484 χειμῶνες
3148 417 3241 468 1:01
3286 418 3417 488 ήμῖν
3461 422 3560 489 ἐφ-

1912 496 2176 561 ίστανται,
2200 500 2292 553 καὶ
2319 500 2497 570 πολλῷ
2516 501 2719 554 τούτων
2737 501 3127 573 χαλεπώτεροι,
3156 504 3293 558 ἀλλά
3337 506 3563 561 δύναται

1907 585 1998 637 1:01
2048 586 2193 655 ἡμᾶς
2221 588 2569 658 χαρίσασθαι,
2600 589 2758 657 μόνον
2785 590 2879 642 ἐάν
2910 590 3225 659 πειθώμεθα
3250 593 3357 654 τοῖς
3388 593 3561 660 ἁγίοις

56 679 305 745 Εἶδες,
342 683 466 745 πῶς
487 683 547 733 οὐ
580 680 752 749 μικρὰ
780 679 915 749 πρὸς
940 678 1039 748 τὴν
1062 677 1327 748 ἀκρόασιν
1355 674 1681 728 συνεϐάλετο
1709 674 1826 735 καὶ,
1903 670 2154 742 καθάπερ
2186 674 2404 739 ἐκεῖνοι,
2439 675 2505 727 ἂν
2538 675 2779 744 ποιῶμεν
2806 675 2839 729 ἃ
2873 677 3317 746 προστάττουσιν.
3338 681 3425 753 ⁸υύ
3450 681 3559 751 γάρ

54 770 97 820 ὁ
137 771 397 840 χειμὼν
422 771 516 822 1:01
542 770 603 821 τὸ
624 767 849 829 σκότοςς
883 765 989 818 K01
1041 766 1141 835 ὅρα
1172 764 1289 827 πῶς
1341 762 1587 815 πείθεται
1627 764 1655 814 6
1676 762 1804 812 ἐκα-

59 859 448 931 τόνταρχος,
481 858 619 910 ὥστε
657 856 751 907 1:01
770 855 869 924 τὴν
904 854 1118 925 σκάφην
1145 854 1363 924 ἀφεῖναι
1391 852 1487 905 1:01
1517 850 1800 904 ἀπολέσαι.

62 947 151 998 ΕΞ
196 947 277 1001 δὲ
302 950 357 1001 οἰ
384 947 575 1002 ναῦται
620 945 829 998 οὐδέπω
874 943 1228 1014 ἐπείσθησαν,
1260 942 1389 997 ἀλλ’
1414 940 1640 1011 ὔστερον
1684 937 1803 990 πεί-

70 1035 339 1097 θονται,
388 1036 463 1107 μὴ
490 1035 778 1105 θαυμάσῃς
810 1050 823 1063 ·
855 1035 948 1087 καὶ
971 1036 1081 1104 γάρ
1109 1033 1168 1086 τὸ
1187 1031 1342 1100 γένος
1370 1030 1430 1083 τὸ
1457 1029 1659 1083 τούτων
1692 1028 1803 1080 ἰτα-

75 1122 214 1190 μὸν
267 1122 396 1186 πώς
426 1124 543 1175 ἐστι
568 1122 660 1175 1:01
683 1121 916 1191 σκληρὸν
949 1122 1083 1190 πρὸς
1107 1120 1168 1172 τὸ
1192 1117 1499 1171 πείθεσθαι.

166 1209 268 1262 Σὺ
301 1209 366 1262 δέ
407 1227 494 1278 μοι
527 1210 717 1263 σκόπει
744 1210 841 1279 τὴν
875 1209 1090 1261 σύνεσιν
1122 1206 1215 1260 καὶ
1247 1204 1497 1259 ἐντεῦθεν
1526 1202 1621 1256 τοῦ
1654 1198 1802 1256 Παύ-

72 1296 226 1347 λου.
266 1297 355 1349 Οὐ
381 1296 490 1367 γάρ
513 1298 739 1365 ἐπιτιμᾷ
766 1296 856 1349 1:01
878 1294 1224 1363 τραχύνεται,
1259 1293 1385 1345 ἀλλ’
1418 1292 1658 1362 ἡμέρως,
1695 1289 1805 1342 Οὖ-

70 1398 227 1447 τως
264 1384 420 1445 ἔδει,
458 1385 644 1452 φησίν.
681 1383 835 1454 ’ῌδει
863 1384 992 1453 γάρ,
1026 1384 1107 1435 ὅτι
1156 1383 1258 1435 ούκ
1299 1381 1445 1434 ἔστιν
1498 1378 1804 1449 εὐπαράδε-

78 1486 247 1532 κτος
276 1471 537 1538 ἐγκαλῶν
568 1489 652 1534 τις
679 1472 736 1523 ἐν
791 1472 1066 1541 συμφορᾷ,
1092 1468 1218 1522 ἀλλ’
1242 1470 1369 1522 ὅταν
1399 1469 1491 1521 1:01
1514 1467 1582 1520 τά
1634 1466 1804 1519 πλείοο

77 1575 163 1607 να.
200 1560 552 1641 παρατρέχῃ
581 1562 681 1631 τῆς
726 1561 1029 1629 συμφορᾶς,
1061 1559 1178 1610 τότε
1212 1558 1624 1628 εύπαράδεκτος
1656 1555 1802 1622 γίνε-

78 1663 218 1699 ται.
263 1648 414 1700 Τότε
458 1640 637 1699 τοίνυν
673 1646 996 1709 ἐπιτίθεται,
1034 1646 1121 1697 ὅτε
1153 1646 1303 1697 πᾶσα
1334 1643 1538 1713 ήέλπὶς
1569 1640 1662 1694 τοῦ
1696 1658 1801 1694 σω-

80 1735 281 1805 θῆναι
316 1736 624 1807 περιῃρέθη
650 1751 663 1766 ·
700 1737 818 1788 τότε
852 1735 944 1787 καὶ
968 1734 1032 1787 τὰ
1061 1732 1269 1804 χρηστά
1298 1731 1574 1800 προλέγει.
1622 1732 1716 1796 Ὠς
1737 1730 1803 1783 δὲ

84 1822 759 1891 τεσσαρεσκαιδεκάτη
793 1822 911 1885 νὺξ
956 1822 1213 1891 ἐγένετο,
1267 1820 1419 1890 φησὶ,
1447 1818 1802 1887 φοϐούμενοι

82 1912 398 1978 ηὔχοντο
424 1911 656 1979 ἡμέραν
674 1908 968 1979 γενέσθαι.
1006 1908 1124 1960 Ἵνα
1169 1908 1242 1977 μή
1274 1924 1356 1969 τις
1396 1906 1547 1977 είπῃ,
1578 1906 1657 1958 ὅτι
1714 1905 1803 1957 ού·

85 2000 191 2050 66-;
223 1999 461 2067 γέγονε,
508 1997 667 2050 τοῦτο
719 1998 989 2066 ἐπήγαγε,
1045 1995 1257 2058 δεικνὺς
1297 1994 1470 2047 πάντα
1520 1993 1797 2061 γεγονότα.

87 2088 238 2139 Ὅτι
267 2086 338 2138 δὲ
369 2084 562 2153 γέγονε
585 2124 598 2145 ,
638 2085 730 2137 καὶ
758 2085 785 2135 6
822 2083 983 2151 φόϐος
1015 2083 1284 2152 μαρτυρεῖ
1320 2098 1332 2111 ·
1367 2081 1639 2147 Ηῦχοντο
1670 2078 1797 2147 γὰρ,

92 2175 323 2243 φησὶν,
358 2172 591 2241 ἡμέραν
624 2173 900 2240 γενέσθαι
932 2171 1307 2239 φοϐούμενοι.
1341 2169 1499 2221 K016
1526 2167 1687 2229 τόπος
1710 2185 1801 2237 χα-

90 2264 284 2325 λεπός
323 2280 338 2291 ·
370 2261 515 2313 κατὰ
558 2260 665 2329 γὰρ
721 2259 809 2311 τὸν
844 2258 1057 2327 Ἀδρίαν
1076 2256 1252 2309 ταῦτα
1275 2255 1565 2325 συμϐαίνει
1600 2268 1617 2290 ·
1659 2270 1673 2285 ·
1704 2254 1799 2306 1:01

91 2354 130 2418 ἡ
171 2350 389 2404 ἀσιτία
423 2351 456 2419 ή
484 2348 651 2417 πολλή
706 2363 719 2377 ·
782 2343 1452 2413 Τεσσαρεσκαιδεκάτην
1478 2342 1585 2413 γάρ
1617 2341 1801 2410 σήμε-

84 2454 220 2503 ι-οι·
243 2437 495 2503 ἡμέραν
543 2432 995 2501 προσδοκῶντες
1034 2433 1229 2484 ἄσιτοι
1260 2429 1601 2483 διατελεῖτε.
1635 2429 1799 2480 Ὥστε

94 2524 163 2586 ἐξ
200 2524 484 2575 ἁπάντων
521 2523 578 2573 ἐν
617 2522 766 2591 μέσῳ
806 2515 945 2590 ἦσαν
991 2519 1220 2572 θανάτου
1257 2534 1269 2547 ·
1309 2517 1388 2570 διὸ
1430 2517 1524 2570 καὶ
1557 2518 1752 2583 ἐπάγει
1783 2532 1795 2543 ·

96 2606 467 2677 Παρακαλῶ
489 2606 643 2675 ὑμᾶς
665 2606 1028 2673 προσλαϐεῖν
1057 2604 1299 2673 τροφῆς.
1328 2604 1497 2657 Τοῦτο
1532 2604 1639 2673 γάρ
1664 2603 1800 2673 πρὸς

96 2700 207 2767 τῆς
260 2696 549 2764 ὑμετέρας
604 2693 875 2764 σωτηρίας
921 2693 1153 2763 ὑπάρχει
1190 2708 1203 2721 ·
1238 2692 1502 2754 τουτέστι,
1536 2693 1625 2761 Μή
1670 2708 1798 2743 ποτε

94 2784 262 2852 λιμῷ
297 2782 504 2848 διαφθα
514 2781 661 2849 ρῆτε,
684 2781 888 2851 τροφῆς
908 2779 1259 2848 μεταλάϐετε.
1281 2776 1490 2832 Λαϐὼν
1509 2777 1575 2830 δὲ
1595 2777 1796 2845 ἀρτον,

98 2873 315 2941 φησιν,
347 2868 759 2935 εὐχαρίστησε
784 2866 864 2930 τῷ
901 2865 1042 2930 Θεῷ.

173 2959 248 3010 δ’.
304 2958 475 3027 Ὅρα,
493 2955 555 3006 τὸ
577 2953 971 3024 εύχαριστῆσαι
994 2952 1156 3005 αὑτὸν
1177 2952 1269 3005 61:1
1289 2954 1400 3015 τοῖς
1415 2951 1799 3022 γεγενημένοις

99 3048 165 3098 ού
199 3046 378 3115 μόνον
410 3043 610 3103 αὐτοὺς
657 3042 994 3112 ἐπέρρωσεν,
1048 3040 1185 3093 ἀλλά
1216 3042 1306 3093 1:01
1337 3040 1607 3109 εύθύμους
1632 3042 1790 3093 ποιεῖ.

96 3130 308 3201 Ἦμεν
328 3130 424 3189 δὲ,
453 3128 608 3198 φησὶ,
640 3126 829 3181 πᾶσαι
849 3130 907 3180 αἱ
929 3128 1119 3196 ψυχαί
1143 3128 1212 3180 ὲν
1252 3126 1333 3193 τῷ
1370 3128 1562 3190 πλοίῳ
1597 3126 1795 3180 διακό-

104 3231 243 3267 σιαι
270 3210 788 3279 ἐϐδομηκονταέξ.
823 3211 956 3279 Περὶ
1006 3211 1212 3263 τούτων
1243 3211 1428 3279 ἔλεγεν
1448 3225 1462 3239 ·
1506 3211 1795 3279 ’Λποϐολὴ

102 3296 333 3365 ψυχῆς
363 3294 616 3362 οὐδεμία
648 3292 818 3346 ἔσται
842 3294 909 3357 ἐξ
940 3292 1126 3361 ὑμῶν.
1175 3293 1322 3365 [402]
1364 3294 1532 3347 Τοῦτο
1585 3294 1791 3365 πεπλη-

106 3382 518 3455 ροφορημένης
540 3382 737 3451 ψυχῆς.
778 3382 837 3433 τὸ
866 3383 1059 3444 εἰπεῖν,
1098 3383 1180 3434 ὅτι
1226 3381 1580 3452 σωθήσονται.
1621 3386 1795 3449 Κορε-

103 3469 375 3530 σσέντες
403 3464 471 3515 δὲ
490 3462 599 3531 τῆς
626 3462 852 3531 τροφῆς
873 3463 1185 3532 ἐκούφιζον
1214 3464 1279 3517 τό
1333 3464 1547 3517 πλοῖον
1587 3465 1798 3517 ἐκϐαλ-

104 3553 372 3619 λόμενοι
414 3547 524 3601 τὸν
566 3549 756 3601 σῖτον.
813 3548 1015 3617 Ὀρᾷς;
1069 3547 1204 3616 πρὸς
1236 3546 1297 3599 τὸ
1344 3547 1529 3599 λαϐεῖν
1588 3548 1795 3618 τροφὴν

108 3638 628 3708 πείθονται-μόνον’
652 3636 767 3689 ἀλλ’
788 3636 930 3688 οῦτω
975 3636 1160 3689 λοιπὸν
1195 3636 1261 3697 τὸν
1284 3638 1390 3689 πᾶν
1422 3635 1650 3708 ἔρριψαν
1704 3636 1796 3688 ἐπὶ

106 3728 200 3779 τὸν
242 3705 497 3786 Παῦλόν,
518 3725 591 3788 ὡς
612 3726 706 3778 1:01
728 3725 817 3777 τὸν
853 3726 995 3778 σῖτον
1018 3725 1285 3778 ἐκϐαλεῖν.
1313 3726 1453 3796 Ὅρα
1478 3725 1672 3787 αὐτοὺς
1701 3726 1796 3777 1:01

110 3816 179 3867 τά
201 3812 540 3884 ἀνθρώπινα
572 3810 860 3875 ποιοῦντας
884 3849 899 3874 ,
932 3811 1027 3864 1:01
1052 3811 1112 3864 οὐ
1140 3810 1415 3864 κωλύοντα
1441 3810 1533 3863 τὸν
1565 3809 1791 3863 Παῦλον.

115 3900 250 3950 Ὅτε
290 3897 390 3960 δὲ,
423 3896 608 3967 φησὶν,
643 3897 834 3965 ἡμέρα
863 3897 1122 3965 ἐγένετο,
1158 3897 1395 3965 ἀνῆκαν
1432 3898 1537 3963 τὰς
1561 3898 1796 3963 ζευκτη-

105 3983 269 4047 ρίας.
304 3978 599 4032 Διαλύεται
646 3980 707 4032 τὸ
743 3981 924 4033 πλοῖον
966 3981 1024 4033 ἐν
1072 3981 1275 4051 ἡμέρᾳ,
1321 3982 1409 4033 ἵνα
1442 3981 1514 4051 μὴ
1536 3981 1612 4050 τῷ
1648 3981 1797 4050 φόϐῳ

113 4068 476 4129 διαλυθῶσιν,
531 4068 618 4120 ἵνα
677 4067 793 4139 ἴδῃς
825 4067 968 4138 ἔργῳ
1006 4069 1105 4138 τὴν
1143 4068 1497 4138 προφητείαν.
1571 4068 1691 4122 Τῶν
1730 4068 1797 4120 δὲ

114 4149 507 4218 στρατιωτῶν
532 4149 735 4217 ,βουλὴ
764 4150 1137 4219 ἐγένετο,ἴνα
1161 4150 1305 4216 τοὺς
1332 4150 1638 4219 δεσμώτας
1657 4152 1797 4205 ἀπο-

114 4234 467 4307 κτείνωσιν.
507 4233 671 4302 Ὁρᾷς
701 4233 783 4285 ὅτι
829 4234 922 4285 καὶ
967 4237 1108 4287 κατά
1137 4234 1295 4286 τοῦτο
1339 4233 1417 4303 τῷ
1457 4234 1654 4305 Παύλῳ
1679 4236 1797 4305 ἐχα-

118 4322 431 4391 ρίσθησαν;
468 4319 555 4372 διὰ
587 4320 696 4392 γὰρ
729 4321 891 4374 αὐτὸν
924 4321 1023 4374 οὐκ
1062 4322 1240 4374 είασεν
1278 4322 1474 4384 αὐτοὺς
1506 4323 1797 4393 ἀναιρεθῆ-

116 4426 199 4460 ναι
233 4411 266 4462 6
294 4409 713 4479 ἑκατόνταρχος.
752 4408 908 4463 Οὕτω
953 4428 1041 4479 μοι
1096 4411 1343 4463 δοκοῦσιν
1390 4411 1795 4482 ὠμολογημένοι

116 4492 259 4549 εἶναι
300 4498 469 4548 κακοὶ
528 4498 746 4562 ἐκεῖνοι,
793 4496 933 4550 ὥστε
967 4497 1180 4551 ἑλέσθαι
1210 4500 1404 4562 αὐτοὺς
1434 4501 1525 4553 1:01
1553 4500 1792 4553 ἀνελεῖν·

118 4580 232 4631 ἀλλ’
263 4579 423 4631 οὐδὲν
465 4580 625 4633 πλέον
656 4582 873 4649 γέγονε,
928 4581 1019 4634 τοῦ
1063 4581 1398 4652 βουλήματος
1440 4584 1794 4651 κωλυθέντος,

117 4667 232 4719 ἀλλ’
256 4667 309 4719 01
342 4664 443 4735 μὲν
461 4664 904 4737 ἐξεκολύμϐησαν
922 4668 974 4732 b,
1005 4669 1053 4721 οἰ
1073 4668 1128 4721 66
1157 4670 1249 4722 ἐπὶ
1276 4670 1502 4723 σανίδων
1516 4671 1791 4741 ἐφέροντο,

119 4756 209 4807 καὶ
250 4753 461 4815 πάντες
505 4752 675 4816 οὕτως
710 4753 1014 4825 ἐσώθησαν,
1068 4758 1165 4810 1:01
1225 4758 1259 4827 ή
1306 4759 1613 4829 προφητεία
1642 4760 1795 4823 τέλος

118 4844 459 4912 ἐλάμϐανεν,
484 4843 533 4894 εἰ
552 4842 647 4896 καὶ
679 4842 753 4913 μὴ
787 4842 865 4912 τῷ
894 4844 1069 4914 χρόνῳ
1100 4846 1269 4915 σεμνή
1294 4863 1377 4908 τις
1398 4842 1532 4899 οὖσα
1556 4862 1569 4876 ·
1594 4847 1657 4899 οὐ
1687 4849 1795 4917 γὰρ

119 4933 227 5002 1:96
252 4930 474 4986 πολλῶν
504 4929 641 4983 ἐτῶν
676 4931 846 5001 αὐτὴν
871 4935 1155 5002 προεῖπεν,
1215 4933 1351 4986 ἀλλὰ
1378 4937 1443 5003 τῇ
1480 4934 1639 5003 φύσει
1685 4935 1792 4987 τῶν

119 5018 473 5089 πραγμάτων
505 5018 799 5088 ἑπόμενος·
850 5020 1144 5073 ἀνέλπιστα
1196 5020 1307 5090 γὰρ
1345 5016 1414 5091 ῆν
1468 5022 1664 5085 πάντα,
1700 5023 1793 5077 1:01

117 5106 201 5160 διὰ
252 5107 359 5174 τῆς
405 5105 612 5169 οἰκείας
657 5107 933 5177 σωτηρίας
986 5106 1290 5177 ἐμάνθανον
1345 5108 1429 5172 τίς
1491 5109 1520 5160 6
1578 5109 1793 5175 Παῦλος

120 5189 203 5263 ἦν.
254 5193 401 5247 Ἀλλ’
458 5193 604 5246 εἴποι
656 5195 723 5248 ἀν
777 5211 863 5257 τις
900 5211 914 5225 ·
966 5195 1066 5249 Διά
1116 5194 1171 5247 τί
1224 5195 1298 5266 μὴ
1353 5196 1447 5250 1:01
1492 5195 1552 5249 τὸ
1608 5198 1791 5251 πλοῖον

122 5281 421 5347 ὃιέσωσενς
454 5282 570 5334 Ἵνα
602 5281 846 5352 μάθωσιν
868 5276 979 5336 οἷον
1010 5282 1254 5336 κίνδυνον
1272 5284 1524 5353 διέφυγον
1543 5301 1557 5316 ·
1581 5286 1661 5338 ὃτι
1693 5288 1792 5340 οὐκ

126 5371 477 5439 ἀνθρωπίνης
510 5368 761 5440 βοηθείας
791 5366 861 5440 ἦν
892 5372 952 5424 τὸ
997 5373 1124 5433 πᾶν,
1177 5371 1312 5424 ἀλλά
1359 5373 1459 5442 τῆς
1510 5373 1607 5426 τοῦ
1657 5374 1791 5427 Θεοῦ

128 5459 316 5529 χειρὸς
356 5459 529 5529 χωρὶς
555 5458 745 5510 πλοίου
770 5458 1068 5528 σωζούσης.
1101 5459 1261 5512 Ὥστε
1287 5461 1337 5512 οἱ
1360 5460 1556 5515 δίκαιοι
1602 5462 1703 5516 κᾶν
1734 5465 1791 5516 ἐν

128 5547 355 5616 χειμῶνι
393 5540 516 5607 ὦσι,
544 5546 648 5599 κᾶν
697 5548 755 5599 ἐν
793 5547 1058 5619 θαλάσσῃ.
1103 5548 1207 5602 κᾶν
1245 5550 1302 5602 ἐν
1335 5550 1584 5618 πελάγει,
1640 5552 1790 5604 οὐδὲν

129 5635 399 5704 πάσχουσι
430 5633 622 5698 δεινὸν,
654 5633 791 5688 ἀλλά
824 5636 918 5689 1:01
949 5636 1171 5706 ἐτέρους
1222 5638 1692 5703 συνδιασώζουσιν.
1728 5641 1789 5693 Εἰ

131 5721 311 5774 πλοῖον
341 5721 650 5775 κινδυνεῦον
679 5723 772 5775 1:01
802 5723 1058 5791 ναυάγιον
1078 5724 1366 5793 ὑπομένον,
1398 5727 1491 5780 1:01
1514 5726 1790 5798 δεσμῶται

130 5807 213 5863 διὰ
247 5810 458 5865 Παῦλον
488 5808 790 5881 ἐσώθησαν,
832 5811 1183 5883 ἐννόησον,τί
1231 5814 1379 5865 ἐστιν
1426 5814 1580 5882 ἀγιον
1623 5814 1790 5887 ἄνδρα

197 5936 221 5964 ⁸
244 5932 409 5983 Ταῦτα
429 5933 673 5995 συμϐαίνει
706 5935 852 5984 deest
894 5936 941 5984 in
968 5948 1064 5983 uno
1088 5935 1193 5985 cod.
1244 5996 1249 6001 η
1280 5934 1309 5975 b
1332 5935 1430 5985 Alii
1455 5935 1758 5998 ἐκολύμϐουν.

1900 757 2089 819 ἁπλῶς
2145 758 2427 823 σώζονται,
2461 762 2595 815 ἀλλὰ
2629 764 2723 815 1:01
2782 763 2933 817 αὐτοὶ
2984 764 3166 817 πίστιν
3214 768 3556 837 εἰσήνεγκαν.

1901 844 2020 926 Κᾶν
2052 845 2270 915 δέσμιος
2354 848 2381 899 6
2411 848 2585 915 ἀγιος,
2631 850 2739 901 τῶν
2788 850 3095 919 λελυμένων
3146 853 3369 922 μείζονα
3398 857 3563 926 ἐργά-

1901 923 2070 987 ζεται.
2101 928 2209 978 K01
2234 928 2421 980 σκόπει
2446 928 2601 981 τοῦτο
2643 930 2873 984 ἐνταῦθα
2914 934 3277 1003 γεγενημένον
3310 946 3355 987 ο.
3401 923 3459 988 Ὅ
3483 936 3563 988 λε-

1899 1007 2129 1078 λυμένος
2164 1011 2560 1082 ἑκατόνταρχος
2614 1012 2777 1065 αὑτοῦ
2822 1014 2988 1067 ἐδεῖτο
3037 1014 3131 1068 τοῦ
3177 1016 3496 1086 δεδεμένου·
3531 1021 3561 1073 6

1902 1094 2219 1163 ἐπιστήμων
2241 1095 2577 1166 κυϐερνήτης
2604 1096 2698 1148 τοῦ
2724 1098 2797 1166 μὴ
2816 1097 3146 1168 κυϐερνήτου
3171 1097 3390 1171 ἔχρῃζε,
3427 1102 3563 1170 μᾶλ-

1901 1175 1991 1227 λον
2015 1176 2071 1228 δὲ
2096 1175 2188 1228 τοῦ
2212 1177 2381 1239 ὅντως
2412 1176 2767 1247 κυϐερνήτου.
2805 1180 2878 1231 Ού
2900 1180 3258 1250 γάρτοιοῦτον
3292 1183 3558 1255 ἐκυϐέρνα

1903 1258 2131 1324 σκάφος,
2186 1258 2321 1311 ἀλλά
2366 1259 2464 1327 τῆς
2517 1261 2839 1329 οἰκουμένης
2892 1262 2992 1332 τὴν
3035 1263 3381 1333 Ἐκκλησίαν,
3430 1269 3559 1338 παρ’

1902 1340 2110 1393 ἐκείνου
2136 1340 2323 1411 μαθὼν
2348 1343 2442 1394 τοῦ
2470 1343 2563 1395 1:01
2592 1343 2867 1412 θαλάσσης
2900 1346 3190 1405 Δεσπότου,
3225 1348 3324 1399 οὐκ
3350 1347 3560 1419 ἀνθρω-

1902 1423 2030 1493 πίνῃ
2092 1424 2273 1495 τέχνῃ,
2324 1424 2459 1477 ἀλλὰ
2506 1430 2847 1497 πνευματικῇ
2884 1428 3066 1498 σοφίᾳ.
3114 1430 3200 1480 Ἐν
3248 1430 3325 1499 τῷ
3363 1432 3559 1499 σκάφει

1902 1504 2074 1574 τούτῳ
2102 1506 2270 1558 πολλὰ
2296 1507 2548 1573 ναυάγια,
2581 1508 2746 1560 πολλὰ
2778 1510 3017 1578 κύματα,
3048 1511 3334 1579 πνεύματα
3395 1531 3561 1584 πονη-

1907 1586 2047 1655 ρίας,
2078 1588 2344 1640 Ἕσωθεν
2366 1587 2572 1657 μάχαι,
2624 1590 2844 1653 ἔξωθεν
2893 1595 3094 1659 φόϐοι·
3147 1592 3286 1646 ὥστε
3335 1595 3363 1646 6
3393 1595 3561 1658 ὅντως

1904 1670 2238 1739 κυϐερνήτης
2274 1672 2479 1733 ἐκεῖνος
2497 1667 2585 1742 ἦν.
2616 1672 2754 1744 Ὅρα
2781 1674 2843 1745 δή
2876 1676 2967 1727 τὸν
3002 1675 3113 1744 βίον
3146 1676 3301 1746 ήμῶν
3347 1678 3561 1733 ἅπαντα

1904 1752 2021 1815 πῶς
2047 1752 2285 1815 τοιοῦτός
2314 1755 2450 1809 ἐστι.
2498 1755 2633 1807 Ποτὲ
2691 1756 2788 1825 μὲν
2835 1757 2940 1826 γάρ
2986 1757 3391 1828 φιλανθρωπίας
3420 1760 3557 1812 ἀπο-

1902 1831 2159 1901 λαύομεν,
2217 1832 2344 1883 ποτέ
2387 1831 2444 1883 66
2494 1833 2779 1903 χειμῶνος,
2822 1837 2950 1888 ποτὲ
3015 1837 3109 1888 1:01
3167 1839 3297 1905 1:09’
3351 1839 3559 1891 οἰκείαν

1902 1918 2180 1982 ἀϐουλίαν,
2217 1918 2310 1971 1:01
2352 1920 2501 1991 παρά
2540 1921 2599 1973 τὸ
2632 1921 2894 1991 ῥᾳθυμεῖν
2939 1922 2996 1975 δέ
3034 1924 3247 1993 μυρίοις
3285 1924 3558 1994 ἐμπίπτο-

1905 2020 2003 2073 μεν
2029 2005 2240 2067 κακοῖς·
2264 2003 2464 2073 μᾶλλον
2484 2005 2540 2057 66
2558 2005 2715 2057 τοῦτο
2740 2006 2964 2072 γίνεται,
2987 2010 3135 2077 παρὰ
3158 2009 3220 2059 τὸ
3244 2008 3317 2078 μὴ
3340 2008 3559 2062 ἀκούειν

1904 2088 2138 2149 Παύλου,
2172 2089 2300 2142 ὅταν
2329 2088 2678 2159 ἐπειγώμεθά
2707 2106 2805 2141 που
2846 2088 3123 2153 ἀπελθεῖν,
3173 2089 3301 2142 ἔνθα
3350 2093 3423 2163 μὴ
3468 2109 3560 2145 κε·

1900 2173 2063 2226 λεύει.
2102 2172 2345 2241 Συμπλεῖ
2387 2172 2493 2242 γάρ
2524 2172 2615 2224 1:01
2650 2172 2742 2224 νῦν
2794 2173 2942 2241 ἡμῖν,
2987 2172 3101 2224 ἀλλ’
3150 2173 3210 2224 ού
3254 2172 3555 2242 δεδεμένος,

1900 2254 2152 2323 καθάπερ
2183 2254 2301 2306 τότε
2326 2270 2338 2281 ·
2369 2257 2627 2323 παραινεῖ
2650 2254 2744 2307 1:01
2777 2254 2892 2317 νῦν,
2929 2256 3023 2307 1:01
3076 2254 3223 2321 λέγει
3247 2257 3357 2317 τοῖς
3407 2257 3463 2306 ἐν
3488 2258 3555 2325 τῇ

1902 2334 2136 2407 θαλάττῃ
2158 2336 2329 2406 ταύτῃ
2377 2335 2550 2407 [ἐθὸιο
2600 2336 2931 2404 Προσέχετε
2969 2336 3232 2401 ἑαυτοῖς·
3289 2339 3557 2390 εἰσελεύ-

1900 2436 2105 2473 σονται
2128 2420 2237 2487 γὰρ
2264 2419 2413 2488 μετὰ
2443 2419 2556 2485 τὴν
2587 2419 2796 2487 ἄφιξίν
2833 2438 2946 2486 μου
3002 2420 3176 2472 λύκοι
3212 2420 3423 2488 βαρεῖς
3470 2422 3559 2485 εἷς

1899 2503 2083 2569 ὑμᾶς·
2115 2504 2207 2555 καὶ
2238 2502 2418 2566 πάλιν,
2456 2503 2559 2555 Ἐν
2585 2502 2854 2570 ὑστέροις
2881 2503 3106 2569 καιροῖς
3153 2502 3557 2568 ἐνστήσονται

1898 2586 2085 2652 καιροὶ
2114 2585 2389 2653 χαλεποί,
2414 2584 2511 2636 καί
2547 2586 2790 2638 ἔσονται
2825 2587 2878 2637 οὶ
2910 2584 3204 2652 ἅνθρωποι
3251 2585 3554 2653 φίλαυτοι,

1896 2668 2270 2738 φιλάργυροι,
2291 2667 2597 2735 ἀλαζόνες.
2614 2667 2784 2721 Τοῦτο
2810 2668 3025 2721 πάντων
3052 2667 3428 2739 χαλεπώτερον
3447 2667 3559 2721 τῶν

1900 2770 2250 2821 πνευματων.

1967 2923 2028 2970 ε’.
2062 2918 2327 2986 Μένωμεν
2349 2911 2441 2971 οῦν
2467 2917 2592 2971 ἔνθα
2611 2916 2821 2970 κελεύει
2837 2917 2928 2969 61:1
2949 2917 3050 2987 τῆς
3077 2917 3330 2981 πίστεως,
3351 2917 3442 2971 61:1
3463 2916 3558 2970 τοῦ

1897 2998 2113 3069 λιμένος
2134 3001 2227 3052 τοῦ
2260 3000 2535 3069 ἀσφαλοῦς
2555 3017 2567 3030 ·
2598 3000 2761 3053 αὐτοῦ
2789 2999 2990 3070 μᾶλλον
3032 2999 3340 3069 ἀκούωμεν,
3390 3000 3423 3071 ἢ
3460 2999 3556 3052 τοῦ

1898 3085 2231 3155 κυϐερνήτου
2266 3084 2360 3137 τοῦ
2412 3086 2469 3138 ἐν
2518 3086 2667 3154 ἡμῖν,
2719 3084 2962 3137 τουτέστι
3008 3083 3099 3135 τοῦ
3135 3082 3420 3153 λογισμοῦ.
3464 3085 3556 3155 Μὴ

1898 3174 2041 3243 άπερ
2070 3174 2136 3225 ἀν
2181 3170 2458 3242 ὑποϐάλλῃ
2503 3166 2689 3234 οὗτος,
2732 3171 2999 3241 ποιῶμεν,
3045 3172 3120 3240 μή
3161 3169 3307 3241 άπερ
3355 3173 3383 3223 6
3424 3170 3554 3224 ναύ-

1896 3254 2115 3325 κληρος,
2135 3254 2267 3307 ἀλλὰ
2296 3254 2436 3321 άπερ
2458 3253 2562 3306 ἀνό
2584 3252 2812 3315 Παῦλος·
2840 3254 3062 3323 μυρίους
3079 3252 3348 3315 τοιούτους
3373 3252 3557 3323 διῆλθε

1897 3333 2189 3403 χειμῶνας.
2237 3334 2329 3402 Μὴ
2371 3335 2436 3402 τῇ
2485 3334 2650 3402 πείρα
2708 3331 3098 3401 μανθάνωμεν,
3143 3330 3277 3382 ἀλλὰ
3316 3330 3422 3401 πρὸ
3458 3332 3558 3401 τῆς

1898 3413 2095 3483 πείρας
2146 3411 2494 3482 κερδάνωμεν
2529 3413 2619 3463 καὶ
2670 3410 2826 3482 ὓϐριν
2873 3410 2967 3463 1:01
3017 3409 3239 3479 ζημίαν.
3288 3411 3556 3461 ’Λκουσον

1896 3495 1948 3548 τί
1980 3512 2163 3564 φησιν·
2200 3498 2264 3548 Ol
2282 3495 2647 3563 ,βουλόμενοι
2686 3494 2994 3557 πλουτεῖν,
3029 3493 3433 3560 ἐμπίπτουσιν
3470 3494 3558 3557 εἰς

1897 3576 2247 3642 πειρασμόν.
2274 3573 2596 3643 Πειθὼμεθα
2622 3574 2799 3626 τοίνυν
2815 3572 2983 3641 αὐτῷ,
3002 3572 3124 3624 ἐπεὶ
3151 3572 3243 3624 1:01
3269 3573 3465 3623 ἐκεῖνοι
3482 3571 3557 3640 μὴ

1896 3653 2229 3717 πεισθέντες,
2263 3656 2423 3723 όρᾷτε
2442 3655 2496 3707 τί
2513 3654 2729 3708 ἔπαθον.
2757 3655 2864 3707 K01
2886 3653 3046 3706 πάλιν
3071 3651 3295 3722 ἑτέρωθι
3314 3651 3481 3719 λέγει,
3502 3652 3557 3704 τί

1896 3736 2041 3786 ποιεῖ
2072 3735 2334 3801 ναυάγια·
2366 3735 2613 3799 Οἵτινες,
2640 3735 2826 3805 φησὶν,
2867 3732 3256 3801 ἐναυάγησαν
3280 3732 3414 3799 περὶ
3441 3731 3557 3799 τὴν

1896 3818 2121 3870 πίστιν.
2154 3817 2225 3869 Συ
2241 3817 2297 3869 δὲ
2322 3817 2451 3885 μένε
2470 3819 2527 3869 ἐν
2557 3812 2636 3879 οἷς
2660 3817 2859 3885 ἔμαθες
2882 3817 2974 3869 1:01
2995 3814 3321 3885 ἐπιστώθης.
3354 3814 3559 3867 Πειθώ-

1899 3894 2037 3963 μεθα
2064 3893 2281 3963 Παύλῳ·
2316 3894 2416 3947 κᾶν
2442 3895 2500 3945 ἐν
2524 3894 2672 3962 μέσῳ
2697 3888 2844 3963 ὦμεν
2868 3894 3117 3963 χειμῶνι,
3138 3895 3353 3955 πάντως
3382 3893 3557 3945 ἀπαλε-

1895 3972 2245 4044 λαγησόμεθα
2261 3972 2365 4026 τῶν
2388 3973 2667 4030 κινδύνων,
2690 3972 2790 4025 κᾶν
2811 3971 3305 4044 τεσσαρεσκαίδεκα
3325 3973 3555 4041 ἡμέραις

1896 4053 2069 4106 ἄσιτοι
2099 4051 2461 4123 διαμένωμεν,
2494 4052 2650 4121 κᾶνή
2688 4052 2841 4113 ἐλπὶς
2866 4052 2965 4120 τῆς
3006 4051 3277 4119 σωτηρίας
3324 4050 3552 4121 ἐκπέσῃ,

1896 4128 1997 4182 κάν
2030 4132 2087 4182 ἐν
2142 4130 2319 4200 σκότῳ,
2375 4124 2526 4200 ὦμεν
2573 4129 2668 4182 καὶ
2733 4130 2938 4199 γνόφῳ,
3007 4130 3321 4191 πεισθέντες
3378 4130 3553 4198 αύτῷ,

1896 4208 2392 4280 ἀπαλλαγησόμεθα
2423 4208 2533 4261 τῶν
2550 4208 2833 4266 κινδύνων.
2858 4210 3048 4261 Πλοῖον
3075 4204 3215 4262 εἶναι
3245 4207 3555 4279 νομίζοιμεν

1896 4293 1995 4363 τὴν
2026 4293 2347 4363 οἰκουμένην
2371 4295 2571 4355 πᾶσαν,
2601 4294 2705 4347 κάν
2735 4292 2908 4365 τούτῳ
2935 4296 3061 4357 τοὺς
3090 4293 3435 4365 κακούργους
3460 4296 3555 4346 1:01

1899 4372 2070 4443 μυρία
2100 4372 2317 4442 ἔχοντας
2342 4372 2509 4438 δεινά,
2550 4374 2677 4436 τοὺς
2710 4374 2808 4445 μὲν
2829 4374 3115 4445 ἄρχοντας,
3139 4375 3265 4438 τοὺς
3290 4374 3348 4427 66
3392 4373 3557 4441 φύλα-

1896 4469 2018 4515 κας,
2049 4454 2173 4513 τοὺς
2203 4452 2258 4505 66
2276 4451 2540 4517 δικαίους,
2570 4449 2681 4516 οἷος
2726 4452 2957 4517 Παῦλος,
2998 4453 3124 4515 τοὺς
3162 4454 3219 4505 66
3276 4452 3553 4522 δεσμίους,

1895 4534 2015 4594 ταῖς
2047 4532 2340 4602 ἁμαρτίαις
2366 4531 2704 4603 δεδεμένους·
2740 4534 2805 4585 ἂν
2829 4534 2926 4602 μὲν
2958 4528 3052 4585 οῦν
3105 4532 3301 4600 Παύλῳ
3354 4531 3553 4583 πειθὼ-

1901 4612 2059 4682 μεθα,
2105 4613 2167 4664 οὐ
2207 4612 2481 4682 δεδεμένοι
2532 4612 2904 4682 ἀπολλύμεθα,
2949 4613 3085 4666 ἀλλά
3139 4612 3234 4664 1:01
3278 4611 3550 4679 λυόμεθα·

1898 4694 2164 4761 χαριεῖται
2198 4691 2291 4743 1:01
2320 4692 2464 4761 ἡμᾶς
2495 4694 2694 4762 αύτῷό
2740 4693 2892 4755 Θεός.
2943 4694 3013 4745 Ἢ
3061 4693 3161 4744 061:
3203 4691 3305 4742 οἴει
3356 4691 3556 4760 δεσμὸν

1897 4764 2032 4821 εἶναι
2065 4768 2300 4838 χαλεπὸν
2326 4770 2395 4821 τά
2423 4771 2792 4840 ἁμαρτήματα
2829 4771 2922 4822 1:01
2954 4770 3023 4823 τά
3061 4768 3240 4839 πάθη;
3265 4770 3328 4821 ού
3354 4769 3461 4839 γὰρ
3489 4769 3554 4840 δὴ

1896 4851 2075 4919 χεῖρες
2126 4848 2286 4919 μόνον
2330 4850 2439 4904 εἰσὶ
2489 4849 2790 4919 δεδεμέναι,
2845 4850 2962 4902 ἀλλ’
3022 4850 3051 4901 6
3102 4851 3210 4911 πᾶς
3245 4849 3551 4919 ἄνθρωπος.

1897 4930 2031 4982 Εἰπὲ
2057 4930 2165 5001 γάρ
2189 4947 2300 5000 μοι,
2328 4931 2456 4983 ὅταν
2477 4948 2559 4993 τις
2602 4932 2858 5001 χρήματα
2900 4930 3068 4982 πολλά
3110 4929 3446 5000 κεκτημένος
3478 4929 3553 5002 μὴ

1851 5013 1862 5022 ’
1896 5010 2160 5081 ἁναλίσκῃ
2195 5010 2329 5080 μηδέ
2369 5010 2604 5080 δαπανᾷ,
2646 5010 2782 5062 ἀλλά
2823 5010 3047 5081 κατέχῃ.
3081 5010 3203 5078 οὐχὶ
3234 5008 3430 5071 παντὸς
3469 5008 3554 5062 δε-

1897 5090 2057 5159 σμίου
2080 5088 2457 5159 χαλεπώτερον
2480 5091 2546 5158 τῇ
2580 5087 2838 5158 φειδωλία
2861 5089 3137 5157 δεσμείται
3172 5086 3353 5157 δεσμῷ
3381 5088 3553 5159 6990-

1894 5177 2013 5242 γεῖ;
2057 5174 2122 5225 Τί
2173 5174 2281 5232 δαὶ.
2339 5173 2466 5225 ὅταν
2525 5189 2609 5234 τις
2656 5171 2965 5244 εἱμαρμένῃ
3003 5171 3196 5225 ἐαυτὸν
3252 5172 3552 5244 ὑποϐάλλῃ,

1893 5254 2015 5323 οὐχὶ
2035 5254 2196 5306 πάλιν
2247 5252 2426 5314 ἀλλοις
2471 5246 2621 5315 οὗτος
2667 5252 2887 5321 δεσμοῖς
2920 5253 3170 5320 δέδεται;
3201 5252 3267 5305 Τί
3289 5253 3399 5315 601,
3425 5254 3551 5306 ὅταν

1896 5334 2349 5404 παρατηρήσεσι;
2385 5331 2437 5384 τί
2484 5331 2591 5394 601,
2636 5332 2765 5384 ὅταν
2814 5331 3133 5403 συμϐόλοις;
3190 5332 3308 5402 οὐχὶ
3349 5333 3551 5396 παντὸς

1892 5413 2091 5483 δεσμοῦ
2149 5411 2321 5464 ταῦτα
2366 5409 2751 5481 χαλεπώτερας
2815 5412 2868 5463 τί
2926 5411 3051 5476 601,
3104 5413 3230 5464 ὅταν
3285 5410 3550 5481 ἐπιθυμίᾳ

1892 5495 2071 5565 ἀλόγῳ
2110 5493 2204 5546 1:01
2237 5493 2436 5560 69:01:;
2473 5491 2567 5554 Τίς
2593 5489 3114 5562 διαρρήξειτούτους
3147 5492 3273 5560 ὑμῖν
3310 5491 3436 5551 τοὺς
3465 5490 3552 5542 δε-

1897 5573 2097 5644 σμούς;
2128 5572 2235 5625 Τοῦ
2267 5570 2400 5625 Θεοῦ
2429 5571 2585 5641 χρεία
2611 5571 2752 5624 ὥστε
2782 5570 3030 5640 λυθῆναι.
3070 5570 3178 5622 Καὶ
3204 5568 3262 5620 ἓν
3292 5568 3391 5637 μὲν
3421 5566 3548 5619 τού-

1892 5670 1998 5704 των
2021 5653 2183 5723 ἀρκεῖ
2208 5651 2449 5705 κίνδυνον
2499 5651 2826 5721 ἐμποιῆσαι·
2860 5652 2989 5703 ὅταν
3022 5649 3080 5701 66
3108 5648 3201 5701 1:01
3241 5645 3417 5716 δεσμά
3456 5648 3551 5701 1:01

1893 5730 2116 5802 χειμὼν,
2149 5730 2399 5800 ἐννόησον
2442 5730 2564 5783 ὅσον
2600 5730 2658 5783 τὸ
2689 5730 2797 5782 τῶν
2849 5728 3129 5783 κινδύνων.
3196 5727 3260 5779 Τί
3294 5726 3401 5797 γάρ
3448 5727 3549 5799 οὐχ

1954 5873 1977 5902 ο
1997 5869 2126 5981 ΗίῗΓ,
2170 5871 2250 5919 καὶ
2301 5872 2470 5920 σκόπει
2526 5869 2668 5921 τοῦτο
2715 5868 2909 5921 ἐνταῦθα
2972 5869 3295 5931 γεγενημένον,
3366 5870 3539 5921 won:

1954 5946 2059 5981 unnu
2103 5946 2133 5981 I.

1894 5946 2133 5984 ῐιοιιηιιιιι.
