3948 6484
99 382 182 438 5"5

97 507 184 558 MC
211 491 337 547 mhi;
363 483 550 540 vincula
594 481 932 549 disrumpet?
963 481 1070 532 Deo
1116 494 1250 547 opus
1281 487 1361 532 est
1394 490 1450 531 ut
1479 479 1583 530 sol-

94 600 262 646 vsntur.
289 585 340 637 Et
367 594 514 632 unum
541 577 748 645 quidem
779 573 966 626 horum
989 571 1183 624 sufficit
1207 569 1270 623 ad
1301 571 1588 638 periculum

95 680 324 739 creandum
354 694 363 726 :
390 687 502 726 cum
543 678 721 722 autem
750 666 955 720 vincula
1001 676 1052 716 et
1086 674 1391 732 tempestas,
1421 665 1591 732 cogita

93 785 246 846 quanta
274 771 366 825 sint
393 763 635 833 pericula.
666 761 801 827 Quid
834 761 974 813 enim
1021 773 1125 812 non
1159 759 1351 812 sufficit
1375 758 1440 811 ad
1472 775 1581 825 per-

95 863 307 921 tlvndtuu?
355 872 518 910 nonne
567 854 757 907 sufficit
801 852 1015 905 fames?
1055 866 1232 904 nonne
1263 851 1594 918 tempestas?

96 971 234 1013 nonne
257 960 501 1003 vectorum
532 945 803 1014 nequitia?
833 957 1010 996 nonne
1042 953 1252 1009 tempus
1283 942 1593 1010 inopportu-

94 1046 219 1102 nunt?
240 1042 415 1094 Verum
437 1036 496 1089 ad
528 1040 638 1089 btec
668 1034 843 1086 omnia
865 1033 1010 1086 stetit
1032 1032 1357 1085 clarissimus
1380 1032 1592 1085 Paulus.

94 1141 144 1194 Ita
177 1148 217 1190 et
244 1147 366 1187 nunc
396 1151 408 1184 :
441 1129 760 1183 retineamus
809 1125 1084 1179 uobiscum
1128 1135 1361 1188 sanctos,
1395 1135 1448 1178 et
1489 1142 1592 1178 non

92 1234 165 1284 erit
191 1233 472 1293 tempestas;
499 1221 602 1273 imo
627 1220 785 1273 etiam
817 1217 860 1272 si
886 1218 954 1270 sit.
985 1224 1291 1284 tempestas,
1324 1215 1424 1271 erit
1453 1231 1595 1270 srre.

95 1311 607 1382 uiLaseltranqttillitas
633 1324 843 1378 magna,
875 1324 936 1360 ac
964 1307 1207 1360 liberatio
1251 1321 1278 1359 a
1320 1307 1590 1376 periculis.

94 1412 252 1465 Etenim
279 1404 419 1457 vidua
449 1401 531 1455 illa
563 1408 802 1452 sanctum
847 1397 1074 1452 trahebat
1095 1396 1347 1460 amicum,
1377 1404 1430 1450 et
1453 1412 1596 1450 mors

95 1503 159 1554 lilii
195 1498 340 1551 soluta
381 1503 476 1554 est,
525 1503 850 1561 puerumque
876 1489 1172 1543 redivivum
1223 1490 1447 1556 accepit.
1493 1486 1595 1542 Ubi

95 1591 213 1657 pedes
235 1595 513 1640 sanctorum
545 1589 844 1645 versantur,
888 1579 1019 1632 nihil
1061 1579 1253 1633 accidit
1297 1580 1484 1633 triste:
1515 1580 1595 1632 sin

93 1680 264 1740 act-idat,
293 1677 350 1728 ad
379 1675 735 1742 probationem
767 1683 822 1725 et
863 1672 929 1724 ad
961 1671 1218 1740 majorem
1252 1671 1346 1725 Dei
1374 1671 1594 1740 gloriam

93 1773 252 1829 accidit.
295 1770 388 1823 Fac
437 1778 489 1821 ut
533 1767 726 1819 domus
774 1765 1132 1833 pavimentum
1181 1765 1486 1835 frequenter
1531 1765 1598 1817 ab

95 1864 330 1935 lmjustnodi
360 1862 592 1914 calcetur
621 1859 860 1926 pedibus,
897 1875 992 1912 nec
1019 1858 1088 1912 ibi
1118 1857 1334 1912 calcabit
1365 1858 1594 1921 daunon;

93 1972 130 2012 et
152 1956 307 2010 lttf‘t’llO
330 1954 556 2023 quidem.
587 1952 729 2005 Sient
761 1951 901 2003 enini
935 1950 1021 2002 tibi
1055 1949 1358 2019 fragrantia,
1397 1948 1464 2000 ibi
1496 1947 1596 2002 fte-

93 2062 152 2104 lor
172 2051 312 2103 locum
349 2061 446 2098 non
493 2040 690 2097 habeti
723 2043 799 2096 sic
844 2041 928 2095 ubi
977 2053 1302 2107 unguentum
1332 2048 1595 2105 sanctum,

93 2143 142 2195 ibi
165 2139 413 2193 suffocatur
437 2135 668 2196 daemon,
692 2133 849 2186 simul
874 2142 1091 2202 agentes
1122 2133 1370 2196 laetificat,
1395 2140 1601 2186 recreat

93 2233 287 2284 annuam.
319 2227 409 2283 Ubi
453 2227 644 2295 spiam,
685 2225 755 2278 ibi
794 2227 919 2278 fera:
951 2243 963 2276 :
997 2223 1085 2277 ubi
1138 2222 1488 2292 hospitalitas,
1529 2221 1600 2276 ibi

93 2325 216 2390 spina:
238 2336 327 2373 non
356 2327 473 2373 sunt
500 2337 510 2369 .
544 2332 667 2370 nam
699 2317 935 2384 ingressa
958 2314 1295 2384 eleemosyna
1327 2313 1460 2367 falce
1477 2326 1601 2366 acu-

95 2416 169 2466 tior
190 2413 341 2481 spinas
373 2409 618 2470 sueridit,
649 2418 702 2460 et
735 2409 853 2475 igne
884 2405 1252 2460 vehementius
1281 2404 1456 2459 exurit
1485 2419 1598 2458 eas.

977 364 1040 419 ΙΝ
1081 363 1256 419 ACTA
1333 361 1851 418 APOSTOIDRUM.
1897 363 2121 418 IIOMIL.
2165 362 2296 421 LIV.

3173 373 3273 424 δτι

1698 478 1774 533 Ne
1799 479 1988 533 timeas
2013 498 2024 531 :
2053 481 2241 534 timent
2283 488 2583 535 sanctorum
2619 484 2836 553 vestigia
2880 486 3013 538 sicut
3060 488 3268 542 leonem

1699 571 1900 638 vulpes.
1943 569 2120 625 Justus
2149 578 2299 638 enim,
2330 575 2515 641 inquit,
2559 585 2611 627 ut
2640 575 2714 628 leo
2740 579 2944 645 conﬁdit
2968 577 3144 647 (Prov.
3179 581 3269 635 28.

1701 664 1775 730 l).
1810 663 1917 717 llos
1947 663 2346 720 introducamus
2371 666 2551 721 leones
2583 669 2633 720 in
2665 669 2901 734 domum,
2928 681 2980 723 et
3009 670 3131 724 fune
3158 689 3267 725 mu-

1701 769 1794 807 nes
1840 753 2177 823 fugabuntur,
2213 771 2315 809 non
2353 756 2458 811 illis
2483 760 2900 815 occlamautihns
2930 762 3021 815 sed
3072 767 3275 834 simpli-

1699 847 1833 899 citer
1860 845 2218 914 loquentibus.
2249 848 2362 901 Non
2388 851 2528 902 enim
2553 851 2755 919 rugitus
2782 853 2947 906 leonis
2978 855 3170 908 bestias
3200 859 3276 910 sic

1701 934 1865 1005 fugat,
1909 943 1965 990 tit
2003 936 2128 1005 justi
2177 940 2409 1006 precatio
2452 939 2722 993 danuouas
2761 959 2772 993 :
2807 947 2849 996 si
2883 944 3127 1012 loquatur
3156 956 3274 999 tan-

1701 1037 1836 1092 tum,
1872 1029 2155 1083 formidant
2192 1031 2286 1083 illi.
2321 1032 2385 1084 Et
2431 1032 2664 1096 ubinam,
2709 1036 2934 1101 inquies,
2974 1055 3112 1091 nunc
3145 1041 3277 1093 tales

1702 1119 1944 1174 homines
1981 1123 2138 1174 sunt?
2169 1120 2394 1190 Ubique,
2438 1124 2480 1176 si
2534 1139 2629 1177 nos
2659 1126 2958 1192 crrdatnus,
3000 1131 3041 1181 si
3073 1148 3278 1199 quaera-

1702 1227 1843 1274 mus,
1874 1213 1916 1264 si
1953 1213 2160 1266 curiose
2189 1215 2629 1283 pervestigemns.
2666 1215 2766 1269 Ubi
2798 1219 3106 1286 qua-sivisti,
3134 1240 3279 1290 qua-.-

1703 1304 1798 1357 so‘?
1827 1305 2162 1371 quandonam
2201 1303 2299 1359 hoc
2326 1306 2559 1359 curasti?
2588 1307 2641 1362 Si
2688 1324 2790 1360 non
2821 1327 3047 1378 qumras,
3087 1330 3151 1368 ne
3181 1316 3280 1368 nti—

1702 1398 1858 1457 reris.
1880 1398 1921 1450 si
1952 1413 2055 1450 non
2082 1399 2348 1466 reperias:
2376 1415 2494 1452 natu
2523 1399 2616 1463 Qui
2635 1403 2832 1470 quazrit,
2857 1405 3040 1456 inreuit
3064 1405 3274 1474 (Matth.

1705 1489 1755 1543 7.
1791 1489 1865 1555 7),
1901 1505 2002 1542 non
2036 1490 2122 1555 qui
2158 1504 2262 1541 non
2293 1492 2503 1557 qumrit.
2537 1492 2671 1545 Audi
2705 1510 2798 1546 eos
2824 1496 2911 1562 qui
2949 1497 2998 1548 in
3030 1498 3277 1550 Solitudi-

1705 1581 1858 1634 nibus
1908 1590 2030 1633 sunt
2077 1599 2088 1633 :
2135 1581 2304 1650 abjice
2363 1599 2550 1636 aurum
2601 1593 2653 1636 et
2713 1598 3026 1651 argentum;
3088 1589 3281 1656 ubique

1705 1681 1966 1725 terrarum
1996 1683 2139 1726 sunt.
2170 1675 2222 1726 Si
2255 1688 2360 1727 non
2389 1675 2529 1728 domi
2564 1676 2809 1744 recipias,
2844 1679 2987 1730 illum
3018 1679 3122 1742 adi,
3159 1697 3278 1734 cum

1705 1764 1795 1818 illo
1822 1779 2064 1827 versare,
2111 1764 2176 1817 ad
2207 1765 2321 1834 ejus
2359 1767 2576 1819 domum
2624 1769 2820 1824 accede
2843 1813 2855 1832 ,
2891 1781 2947 1824 ttt
2989 1774 3159 1841 possis
3192 1774 3284 1828 illo

1706 1855 1806 1908 frui
1836 1856 2056 1926 ejusque
2087 1857 2475 1912 benedictione.
2523 1859 2708 1930 Magna
2739 1863 2932 1932 quippe
2963 1873 3043 1917 est
3073 1876 3286 1920 sancto-

1704 1963 1822 2002 rum
1871 1949 2190 2015 benedictio,
2233 1965 2388 2018 quam
2445 1953 2654 2021 assequi
2702 1968 2968 2020 curemus,
3002 1966 3057 2010 ut
3100 1974 3281 2011 eorum

1707 2039 1952 2108 precibus
1997 2038 2182 2107 adjuli,
2229 2041 2317 2092 Dei
2351 2039 2459 2112 [qui
2493 2042 2610 2094 illos
2642 2043 2875 2116 roborat]
2923 2047 3283 2104 l'lliSCl‘lt.‘0l‘tii:l

1707 2130 1962 2191 fruamur,
2020 2131 2190 2198 gratia
2240 2141 2293 2185 et
2349 2132 2669 2202 benignitate
2719 2134 2981 2204 Uuigeniti
3029 2141 3144 2208 ejus
3172 2139 3286 2211 [Fi-

1708 2218 1808 2291 lii},
1850 2221 2060 2289 quicum
2109 2221 2246 2274 Patri
2299 2232 2350 2275 et
2401 2222 2618 2291 Spiritui
2663 2236 2846 2279 sancto
2885 2228 3083 2296 gloria,
3116 2232 3285 2302 imper

1707 2310 1865 2372 rium,
1887 2309 2078 2377 honor,
2100 2326 2238 2366 nunc
2255 2322 2307 2367 et
2323 2328 2554 2382 semper,
2578 2325 2631 2369 et
2654 2315 2704 2369 itt
2728 2319 2920 2371 Saecula
2944 2322 3281 2379 smculornnt.

1708 2404 1902 2458 Amen.

94 2538 2866 2563 Μ

1415 2610 1753 2672 HOMlLlA
1788 2611 1946 2671 LIV.

93 2772 184 2827 Cir.
205 2773 279 2826 28.
306 2788 352 2824 v.
387 2767 697 2823 L'Barbari
730 2781 844 2818 vero
885 2761 1187 2832 priestabant
1225 2775 1323 2812 non
1353 2757 1601 2810 modicam

144 2866 455 2916 Inmmnitatem
499 2861 664 2914 nobis.
707 2858 762 2912 2.
816 2858 1037 2909 Accensa
1060 2855 1191 2907 enim
1235 2867 1381 2922 pyra,
1411 2850 1607 2915 reficie-

143 2961 233 3010 t-mn
253 2975 333 3010 nos
357 2973 542 3019 omnes,
569 2964 770 3024 propter
791 2953 995 3004 imbrem
1013 2949 1097 3019 qui
1119 2947 1426 3008 imminebat,
1447 2954 1493 2997 et
1513 2944 1605 3013 [ri-

144 3067 230 3117 gns.
256 3051 299 3102 5.
322 3049 440 3102 Cant
464 3055 812 3118 congregasset
837 3053 1002 3096 autem
1028 3041 1218 3094 Paulus
1241 3047 1606 3093 sarmentorum

144 3141 466 3193 multitudinem
506 3149 553 3191 et
584 3136 901 3206 imposuisset
928 3135 980 3186 in
1022 3133 1207 3202 ignem,
1245 3132 1414 3198 vipera
1461 3145 1492 3180 a
1524 3145 1608 3179 ca-

146 3235 228 3286 lore
247 3250 345 3285 cum
367 3231 706 3302 processisset,
735 3228 1006 3281 momordit
1033 3241 1239 3278 manant
1268 3224 1400 3290 ejus.

144 3326 182 3378 l.
209 3324 464 3392 Quomodo
502 3322 886 3378 humanitatem
920 3324 1233 3387 prtestarent
1259 3313 1488 3376 barbari,
1522 3311 1606 3364 itt-

94 3425 358 3484 trrprrtatnr
385 3433 397 3467 :
427 3416 666 3473 Accensa,
699 3413 886 3482 inquit,
917 3426 1044 3480 pyra
1063 3408 1349 3474 reﬁciebant
1371 3421 1459 3459 nos
1480 3402 1609 3476 [om-

95 3505 187 3577 nis].
211 3508 321 3574 Quia
346 3507 482 3561 enim
512 3505 657 3559 nulla
679 3519 740 3558 ex
771 3502 1021 3555 evasione
1043 3499 1237 3552 utilitas
1259 3497 1466 3561 fuisset,
1489 3509 1608 3548 cum

95 3599 217 3666 frigus
255 3598 361 3652 illos
387 3599 830 3664 interempturum
858 3600 1022 3656 e~sel,
1071 3589 1370 3646 accendunt
1402 3601 1604 3658 pyram.

97 3690 195 3745 llinc
221 3691 394 3745 Paulus
435 3701 655 3757 acet-pta
698 3693 963 3741 sarmenta
1012 3686 1061 3736 in
1110 3697 1294 3751 rogum
1336 3680 1514 3741 infert,
1555 3687 1614 3733 ut

96 3782 160 3834 ille
181 3783 458 3851 subiungit:
486 3781 616 3833 Cum
665 3785 1015 3848 congregasset
1056 3785 1220 3826 autent
1269 3772 1462 3826 Paulus
1503 3789 1614 3823 sar—

98 3885 318 3926 mentorum
339 3873 732 3926 multitudinem.
753 3869 884 3922 Vide
907 3868 1050 3921 illum
1069 3873 1398 3935 operantem;
1417 3874 1467 3917 et
1492 3878 1618 3915 nus-

96 3987 213 4035 quam
228 3970 401 4024 frustra
423 3969 684 4024 mirabilia
699 3976 901 4038 patrant
913 3981 1016 4027 em,
1033 3964 1124 4018 sed
1141 3964 1208 4015 ob
1225 3963 1614 4015 necessitatem:

97 4063 246 4115 uatniu
268 4072 571 4131 tempestate
593 4077 801 4129 quoque
829 4074 934 4112 non
952 4058 1069 4110 sine
1083 4069 1237 4109 causa
1261 4051 1614 4124 prophetavit,

95 4155 222 4209 cthic
239 4173 428 4212 rursum
455 4165 724 4211 sarmenta
747 4153 945 4222 colligit
970 4161 1023 4205 et
1051 4150 1290 4218 imponit.
1319 4147 1447 4202 Vide
1471 4146 1616 4200 illum

97 4260 179 4298 non
195 4247 247 4299 ad
265 4247 444 4302 fastutn
465 4248 548 4303 vel
575 4247 844 4316 superflue
861 4255 1124 4312 agentem,
1149 4240 1241 4295 sed
1266 4249 1323 4292 ιιι
1346 4238 1416 4292 illi
1436 4253 1619 4291 serva-

94 4341 414 4396 renturcalore
429 4341 663 4412 quodam
684 4337 935 4391 fruentes.
951 4333 1152 4389 Deinde
1169 4333 1347 4400 vipera
1367 4346 1429 4384 ex
1444 4329 1622 4383 calore

97 4443 266 4498 egressa
287 4449 490 4486 manum
516 4433 634 4500 ejus
656 4430 848 4484 invasit
874 4447 885 4481 :
910 4437 959 4483 et
986 4427 1124 4494 quod
1152 4425 1423 4488 invaserit,
1450 4423 1621 4492 palam

99 4530 159 4573 est
179 4537 232 4574 ex
265 4524 628 4593 sequentibus.
660 4523 714 4576 ὁ.
751 4520 818 4575 Ut
864 4536 978 4573 vero
1015 4520 1241 4571 viderunt
1279 4516 1478 4569 barbari
1507 4531 1625 4582 pen-

100 4610 252 4663 dentem
279 4614 478 4668 bestiam
502 4618 564 4668 de
588 4631 742 4666 manu
766 4615 894 4683 ejus,
913 4611 1040 4664 inter
1059 4627 1111 4662 se
1140 4608 1367 4661 dicebant
1391 4624 1408 4660 :
1436 4606 1620 4673 Utique

99 4702 304 4756 homicida
331 4717 401 4759 est
446 4708 597 4759 homo
629 4705 708 4757 hic
732 4746 746 4766 ,
787 4721 931 4773 quem
961 4713 1208 4755 servatum
1252 4704 1312 4753 de
1338 4701 1464 4752 mari
1504 4699 1628 4750 ultio

99 4807 175 4845 non
193 4796 296 4848 sinit
323 4798 498 4851 vivere.
533 4797 676 4851 Bene
701 4795 801 4850 hoc
827 4795 1139 4864 [lt‘rllllSSllm
1171 4801 1271 4853 est,
1298 4803 1351 4845 ut
1383 4793 1502 4845 talia
1554 4791 1626 4845 illi

97 4885 295 4942 viderent
312 4898 363 4944 et
386 4891 749 4958 loutierentur,
782 4899 835 4941 ιιι
859 4888 1035 4941 futuro
1060 4888 1316 4940 miraculo
1343 4887 1498 4938 fidem
1525 4902 1627 4939 non

99 4989 330 5045 negarent.
363 4981 494 5035 Vide
539 4981 782 5036 naturale
823 4981 1078 5048 judicium
1111 4996 1136 5030 a
1173 4979 1409 5032 barbaris
1453 4977 1632 5047 prola-

97 5075 182 5122 tum
203 5113 215 5134 ,
247 5073 489 5143 ipsosque
531 5074 754 5127 honeste
779 5074 917 5126 inter
941 5089 999 5127 se
1042 5074 1316 5142 loquentes
1341 5114 1352 5134 ,
1385 5087 1480 5124 uec
1507 5063 1659 5125 sim?

100 5160 270 5225 pliciter
305 5164 642 5220 damuantes.
686 5165 758 5218 ita
802 5165 885 5218 hic
927 5166 1072 5235 prius
1110 5165 1311 5227 vident,
1362 5174 1416 5217 ιιι
1469 5165 1634 5232 magis

99 5251 334 5310 mirentur.
364 5257 416 5312 5.
456 5275 476 5308 ι
526 5260 593 5311 At
623 5257 711 5312 ille
735 5271 951 5311 excussa
978 5259 1142 5312 bestia
1173 5259 1222 5311 in
1263 5258 1436 5326 ignem
1462 5299 1475 5321 ,
1507 5257 1635 5310 nihil

103 5345 198 5396 mali
224 5362 399 5415 passus
427 5358 512 5404 est
539 5369 551 5403 :
577 5351 626 5404 6.
656 5351 728 5403 illi
751 5364 878 5404 vero
908 5348 1284 5403 existimabant
1312 5363 1432 5402 eum
1467 5348 1516 5400 in
1550 5358 1636 5401 tu-

103 5447 267 5491 morem
313 5443 734 5494 convertendutn
763 5451 815 5495 et
852 5441 1026 5495 subito
1055 5455 1300 5495 casurum
1345 5450 1631 5493 mortuum.

106 5523 181 5577 Diu
203 5543 365 5585 autem
389 5533 494 5588 illis
524 5533 941 5602 expectantibus,
970 5542 1024 5588 et
1053 5533 1355 5586 ridentibus
1399 5532 1529 5586 nihil
1557 5533 1634 5587 illi

107 5617 204 5671 min
226 5622 477 5689 accidere,
513 5635 709 5677 mutata
739 5623 1023 5688 sententia,
1050 5623 1299 5678 dicebant
1329 5623 1498 5692 ipsum
1521 5639 1638 5678 esse

106 5705 252 5764 deum.
291 5732 308 5764 ι
337 5715 435 5780 Qui
479 5717 849 5770 existimabant
878 5715 1024 5770 illum
1055 5713 1119 5767 In
1156 5725 1401 5768 tumorem
1435 5731 1639 5768 conver-

108 5802 300 5871 tendutn,
327 5805 375 5859 id
402 5814 505 5873 est,
533 5805 936 5878 dirumpcndum
963 5823 976 5861 :
1005 5805 1241 5862 videntes
1267 5803 1319 5858 hi
1363 5819 1483 5859 eum
1506 5804 1636 5859 nihil

1717 2756 1841 2809 mali
1866 2771 2098 2826 passum,
2121 2759 2303 2814 dicunt
2326 2777 2446 2817 esse
2465 2763 2642 2818 deum.
2664 2764 2867 2821 Rursus
2893 2783 3048 2835 supra
3076 2770 3288 2825 modmn

1716 2850 1858 2903 illum
1893 2852 2171 2916 honorant,
2199 2866 2255 2908 ut
2279 2859 2445 2910 turb:e
2475 2860 2579 2912 ilbe
2602 2863 2651 2913 in
2679 2862 2960 2932 Lycaonia.
2993 2866 3041 2917 7.
3077 2865 3140 2918 In
3164 2867 3288 2920 locis

1713 2951 1880 2996 autem
1924 2946 2098 2999 vicinis
2142 2958 2282 3001 erant
2335 2951 2526 3019 prwdia
2572 2953 2814 3024 principis
2860 2957 3041 3009 insula?
3093 2959 3292 3011 nomine

1717 3035 1923 3100 Publii;
1954 3042 2038 3107 qui
2068 3058 2158 3095 nos
2183 3045 2480 3112 suscipiens,
2512 3047 2678 3100 triduo
2705 3065 2796 3101 nos
2843 3049 3050 3119 benigne
3073 3052 3292 3120 hospitio
3359 3044 3366 3050 ’

1715 3133 1920 3200 recepit.
1966 3133 2104 3188 Ecce
2133 3137 2320 3191 iterum
2347 3139 2484 3192 alius
2509 3140 2783 3208 hOSpitalis
2812 3141 3030 3198 Publius
3060 3145 3212 3198 dives
3238 3157 3294 3200 et

1715 3222 2001 3290 opulentus
2027 3242 2039 3278 :
2070 3226 2156 3295 qui
2189 3242 2310 3280 cum
2341 3228 2471 3282 nihil
2497 3229 2715 3285 vidisset
2743 3272 2757 3298 ,
2789 3233 2881 3287 sed
2914 3235 2984 3287 ob
3005 3235 3170 3288 solam
3199 3251 3291 3289 ca-

1717 3315 2006 3371 lamitatem
2036 3318 2285 3373 misertus
2316 3320 2544 3385 illorum,
2573 3321 2802 3392 hospitio
2823 3328 3031 3396 excepit
3056 3337 3109 3379 et
3141 3328 3286 3381 fovit.

1717 3407 1770 3460 8.
1791 3407 2008 3479 Contigit
2037 3419 2222 3473 autem,
2241 3422 2433 3479 patrem
2463 3412 2636 3468 Publii
2657 3415 2872 3486 febribus
2898 3435 2958 3470 ac
3005 3418 3291 3490 dysenteria

1718 3513 1951 3554 vexatum
1978 3502 2272 3557 decumbere
2302 3520 2320 3557 :
2345 3505 2411 3557 ad
2437 3522 2580 3574 queat
2615 3505 2806 3562 Paulus
2829 3510 3082 3579 ingressus
3111 3513 3290 3576 oravit,

1719 3593 2064 3661 impositisque
2089 3597 2168 3649 illi
2189 3597 2416 3650 manibus
2439 3600 2628 3651 curavit
2651 3617 2781 3653 enin.
2812 3603 2940 3666 Quia
2968 3602 3156 3672 dignus
3181 3615 3296 3658 erat

1721 3683 2002 3750 beneficio,
2039 3687 2204 3741 vicem
2236 3687 2309 3741 illi
2336 3687 2712 3754 hOSpitalitatis
2736 3691 3053 3760 rependens,
3087 3696 3292 3748 curavit

1723 3786 1952 3844 patrem.
1979 3778 2034 3834 9.
2076 3779 2188 3845 Quo
2236 3781 2390 3848 facta,
2435 3797 2605 3835 omnes
2639 3783 2803 3852 quiin
2843 3783 3010 3836 insula
3051 3784 3297 3838 Ῑιιώεὺηητ

1721 3869 2037 3932 inﬁrmitates
2060 3911 2073 3935 ,
2107 3872 2402 3925 accedebant
2451 3883 2496 3926 et
2539 3877 2846 3928 curabuntur
2874 3891 2893 3928 .'
2924 3877 3006 3930 10.
3037 3879 3122 3946 qui
3147 3879 3294 3930 etiam

1723 3961 1893 4014 multis
1921 3961 2194 4016 honoribus
2219 3979 2308 4016 nos
2329 3964 2702 4017 Itonoraverunt
2725 4005 2740 4028 ,
2785 3975 2830 4019 et
2864 3967 3167 4020 solventibus
3203 3969 3299 4018 im-

1725 4062 1996 4122 posuerunt
2023 4068 2136 4122 qua:
2164 4055 2443 4108 necessaria
2472 4066 2612 4108 erant
2644 4071 2662 4109 :
2688 4057 2738 4109 id
2777 4066 2860 4110 est
2884 4097 2898 4119 ,
2925 4065 2979 4110 et
3007 4059 3157 4111 nobis
3186 4059 3295 4112 sol-

1726 4144 1968 4198 ventibus
2018 4147 2316 4201 necdSsaria
2353 4147 2617 4203 dederunt
2666 4159 2718 4204 et
2759 4149 2896 4204 aliis.
2948 4150 3078 4205 Vide
3110 4153 3228 4206 illos
3268 4169 3296 4206 a

1727 4244 2041 4306 tempestate
2062 4239 2334 4306 liberatos,
2363 4256 2467 4295 non
2499 4241 2659 4296 fuisse
2683 4243 2952 4312 neglectos
2979 4260 2993 4308 ;
3023 4245 3114 4298 sed
3139 4247 3296 4300 etiam

1728 4339 1946 4398 propter
1975 4330 2194 4384 Paulum
2220 4332 2424 4386 liberali
2463 4333 2694 4402 hospitio
2725 4346 3000 4402 susceptos
3032 4356 3043 4389 :
3076 4351 3167 4404 per
3196 4345 3302 4390 tres

1727 4422 1869 4475 enim
1889 4437 2100 4478 menses
2114 4424 2364 4478 alimenta
2381 4425 2626 4480 omnibus
2642 4428 2974 4497 suppeditata
2990 4439 3130 4484 sunt.
3151 4430 3301 4498 Quod

1730 4514 1870 4567 enim
1916 4524 2116 4568 tantum
2149 4518 2400 4584 temporis
2431 4518 2501 4572 ibi
2529 4520 2858 4583 manserint,
2887 4520 3006 4574 audi
3038 4521 3303 4589 quomodo

1731 4617 1912 4674 postea
1943 4619 2122 4662 narret
2150 4624 2166 4660 :
2197 4609 2285 4663 Η.
2323 4627 2342 4660 t
2380 4609 2506 4663 Post
2537 4627 2749 4665 menses
2778 4623 2951 4665 autem
2995 4622 3053 4664 tri
3076 4627 3100 4664 s
3120 4654 3133 4667 .
3161 4613 3304 4666 navi-

1733 4697 1970 4766 gavimus
1999 4699 2048 4751 itt
2083 4700 2204 4752 navi
2233 4700 2588 4755 Alexandrina
2616 4745 2630 4766 ,
2659 4721 2777 4772 qua:
2803 4703 2854 4756 in
2899 4703 3067 4758 insula
3099 4705 3302 4757 hit-tua-

1735 4799 1902 4853 verat,
1933 4790 2016 4842 cui
2045 4799 2159 4843 erat
2200 4792 2405 4861 insigne
2425 4793 2611 4847 Castor
2643 4804 2691 4847 et
2722 4793 2928 4847 Pollux.
2961 4793 3046 4847 12.
3084 4795 3149 4847 Et
3176 4811 3294 4849 cum

1735 4882 2066 4936 venissemus
2091 4881 2401 4953 Syracusas,
2423 4887 2714 4939 mansimus
2742 4886 2810 4938 ibi
2841 4886 3032 4940 triduo.
3063 4887 3148 4941 15.
3178 4887 3308 4941 lude

1736 4973 2180 5042 circumlegeutcs
2222 4975 2533 5030 devenimus
2574 4973 2833 5044 Rhegium
2868 4992 2881 5025 :
2913 4987 2963 5028 ct
2999 4986 3115 5046 post
3145 4994 3306 5033 unum

1739 5066 1877 5119 diem
1905 5066 2066 5122 flante
2091 5079 2274 5120 austro
2301 5110 2314 5130 ,
2344 5067 2576 5121 secunda
2604 5069 2692 5120 die
2733 5069 2975 5122 venimus
3014 5069 3260 5124 Puteolos
3292 5088 3305 5123 :

1741 5159 1826 5212 Η.
1863 5159 1945 5212 ubi
1977 5159 2204 5213 inventis
2233 5159 2494 5221 fratribus,
2526 5161 2688 5227 rogati
2718 5175 2900 5212 sumus
2928 5176 3141 5214 manere
3164 5163 3301 5232 apud

1741 5266 1833 5306 eos
1864 5260 2064 5320 septem
2092 5251 2235 5313 dies;
2261 5260 2314 5303 et
2343 5251 2418 5304 sic
2441 5250 2677 5304 venimus
2709 5251 2950 5305 Romam.
2988 5254 3070 5308 l5.
3099 5253 3158 5306 Et
3189 5255 3310 5309 inde

1740 5358 1859 5396 cum
1891 5343 2162 5396 audissent
2205 5340 2396 5394 fratres
2420 5381 2432 5403 ,
2467 5351 2818 5395 occurrerunt
2858 5343 3008 5395 nobis
3042 5359 3208 5412 usque
3241 5345 3308 5398 ad

1744 5435 1898 5504 Appii
1949 5435 2116 5487 forum
2163 5444 2213 5487 et
2255 5434 2388 5488 Tres
2436 5434 2704 5490 tabernas.
2739 5435 2882 5501 Quos
2928 5451 3045 5488 eum
3095 5437 3311 5491 vidisset

1743 5527 1957 5591 Paulus,
1984 5539 2145 5593 agens
2174 5525 2370 5592 gratias
2395 5525 2502 5580 Deo
2525 5567 2537 5588 ,
2583 5528 2784 5596 accepit
2816 5525 3080 5580 fiduciam.
3125 5546 3142 5577 ι
3179 5525 3309 5581 Vide

1743 5619 2008 5689 quomodo
2031 5627 2249 5687 propter
2271 5616 2490 5672 Paulum
2523 5617 2636 5672 bare
2657 5618 2831 5671 omnia
2864 5620 3010 5680 fiant,
3046 5628 3099 5671 ut
3122 5619 3311 5672 crede-

1745 5721 1860 5765 rent
1893 5711 2074 5774 viueti,
2118 5711 2312 5764 milites
2335 5753 2346 5773 ,
2379 5713 2640 5765 centurio.
2669 5711 2798 5766 Nam
2827 5713 2922 5766 etsi
2956 5712 3140 5779 lapidoi
3185 5711 3313 5765 fuis-

1745 5813 1863 5859 seut
1887 5844 1902 5871 ,
1935 5813 1988 5858 et
2032 5818 2124 5873 per
2153 5818 2213 5858 ea
2240 5819 2356 5873 qua:
2392 5805 2760 5859 consulentem
2788 5802 3101 5866 audierant,
3135 5813 3186 5856 ct
3218 5820 3312 5872 per
