3948 6472
663 326 765 381 575

654 454 716 493 ea
744 454 863 510 quas
888 437 1207 510 praedixerat
1232 477 1247 501 ,
1276 450 1479 506 perque
1522 431 1776 488 miracula
1805 446 1922 502 quze
1954 438 2187 499 patrarat
2209 466 2225 491 ,

653 543 708 587 et
734 548 800 588 ex
826 531 1092 587 alimentis
1117 530 1219 585 sibi
1248 526 1615 598 suppeditatis,
1647 539 1839 593 magna
1875 523 1943 578 de
1975 522 2069 577 illo
2089 536 2222 576 con-

654 626 941 693 cepissem.
996 621 1127 677 Vide
1182 618 1393 691 quando
1441 626 1645 673 rectum
1679 615 1936 686 judicium
1986 625 2089 677 est,
2132 628 2233 667 nee

655 715 849 771 affectu
902 722 1345 785 prteoccupatum,
1395 709 1663 781 quomodo
1712 710 1892 765 statim
1946 717 2118 763 rectas
2174 720 2229 761 et

656 808 907 878 probatas
933 806 1225 862 sententias
1253 802 1497 872 accipiat.
1544 800 1660 856 Jam
1692 801 1745 855 in
1783 799 2015 855 Siciliam
2044 812 2230 877 perve-

658 909 809 955 nerat
829 896 1132 967 prtedicatio
1156 912 1171 959 ;
1198 894 1307 964 jam
1330 908 1498 962 usque
1522 893 1775 946 Puteolos
1806 892 2105 961 pertigerat,
2140 889 2227 943 ubi

655 992 882 1061 repertis
927 986 1239 1059 quibusdam
1297 984 1549 1040 fratribus
1603 984 1739 1053 apud
1810 982 1929 1037 illos
1988 990 2225 1035 manent.

654 1080 854 1137 Deinde
888 1078 998 1143 alii,
1021 1078 1155 1131 lautia
1186 1076 1436 1149 permoti,
1468 1074 1597 1143 ipsis
1630 1080 1979 1128 occurrerunt
2007 1089 2019 1124 :
2053 1080 2229 1125 tantus

653 1181 766 1225 erat
812 1170 1033 1225 fratrum
1081 1168 1321 1232 affectus,
1370 1166 1461 1238 qui
1502 1181 1606 1219 non
1658 1164 1853 1218 turbati
1901 1172 2045 1228 sunt,
2086 1162 2226 1231 quod

652 1262 847 1316 Paulus
874 1269 1019 1315 esset
1044 1260 1097 1315 in
1123 1259 1372 1324 vinculis,
1405 1257 1499 1312 sed
1541 1256 1751 1311 obviam
1775 1263 2057 1309 venerunt.
2092 1254 2225 1309 Vide

657 1363 834 1407 autem
868 1353 1013 1406 illum
1046 1351 1334 1405 humanum
1358 1349 1625 1420 quidpiam
1657 1362 1867 1416 passum
1895 1362 2034 1401 esse.
2061 1345 2227 1399 Fidu-

650 1445 801 1507 ciam,
830 1443 1020 1513 inquit,
1049 1442 1240 1513 accepit
1260 1442 1430 1494 videns
1452 1442 1650 1511 fratres.
1675 1439 1929 1505 Quamvis
1977 1447 2054 1491 tot
2077 1438 2226 1506 signa

655 1537 888 1600 fecisset,
917 1535 1122 1604 accepit
1164 1542 1341 1587 tamen
1374 1548 1438 1587 ex
1494 1542 1713 1601 aspectu
1746 1530 1949 1585 ﬁducia:
1977 1545 2229 1601 augmen-

652 1640 785 1684 tum.
820 1628 953 1682 llinc
977 1628 1229 1681 discimus
1259 1627 1405 1680 illum
1426 1626 1659 1679 lmmano
1680 1625 1837 1678 etiam
1867 1638 2015 1679 more
2032 1638 2225 1678 conso-

654 1723 907 1776 lationem
932 1720 1202 1791 accepisse
1226 1761 1240 1785 ,
1272 1727 1327 1774 et
1356 1727 1563 1772 contra.
1591 1717 1677 1772 16.
1718 1718 1845 1771 Cum
1874 1728 2038 1769 autem
2064 1716 2227 1769 venis-

650 1832 815 1869 semus
845 1815 1058 1868 Romam
1086 1852 1103 1879 ,
1134 1812 1432 1880 permissum
1458 1820 1529 1864 est
1562 1808 1729 1862 Paulo
1770 1825 1971 1862 manere
2002 1824 2223 1862 seorsum

653 1924 765 1960 eum
793 1907 949 1959 milite
984 1921 1037 1958 se
1065 1904 1389 1958 custodiente.
1418 1901 1648 1956 Viden“?
1678 1901 1991 1969 permissum
2015 1910 2097 1954 est
2126 1901 2223 1967 illi,

652 2008 710 2052 ut
729 1999 951 2051 seorsim
974 2006 1233 2052 maneret.
1263 1996 1377 2050 Non
1408 2010 1625 2065 parvum
1651 2002 1808 2048 estet
1829 1994 1930 2047 hoc
1952 2009 2225 2063 argumen-

651 2104 759 2145 tum
786 2092 931 2145 illum
953 2092 1005 2144 in
1023 2106 1206 2159 magna
1225 2090 1574 2143 admiratione
1592 2087 1754 2142 fuisse
1778 2106 1790 2141 :
1815 2103 1918 2141 non
1941 2088 2080 2141 enim
2101 2102 2221 2141 cum

652 2185 770 2238 aliis
797 2184 968 2250 ipsum
995 2181 1437 2236 annumerabant.
1482 2179 1609 2233 Post
1649 2188 1746 2232 tres
1771 2186 1937 2230 autent
1967 2177 2073 2230 dies
2097 2194 2221 2231 con-

646 2274 835 2327 vocavit
862 2275 1049 2341 primos
1064 2272 1095 2325 J
1105 2274 1378 2324 udazorum.
1413 2271 1536 2323 Post
1558 2268 1786 2323 triduum
1814 2269 2002 2324 accivit
2020 2269 2221 2339 primos

644 2367 947 2419 Judmornm
974 2406 989 2429 ,
1023 2380 1090 2419 ne
1116 2380 1275 2418 aures
1320 2364 1533 2417 illorum
1579 2371 2101 2431 prmoccuparentur.
2155 2361 2220 2415 Et

644 2458 771 2527 quid
811 2473 1091 2513 commune
1121 2472 1239 2511 cum
1272 2455 1378 2509 illis
1402 2455 1623 2509 habuit?
1654 2470 1756 2508 non
1786 2456 1926 2527 enim
1958 2455 2031 2509 illi
2059 2470 2219 2509 accu-

644 2550 806 2603 Saturi
843 2550 1011 2619 ipsum
1040 2557 1210 2603 erant.
1245 2551 1314 2602 At
1341 2547 1429 2602 ille
1458 2563 1561 2601 non
1590 2547 1690 2600 hoe
1716 2548 1933 2602 curabat
1953 2590 1968 2609 ,
1993 2548 2085 2603 sed
2118 2548 2220 2603 hoc

643 2642 837 2696 docere
866 2641 1096 2705 volebat,
1129 2650 1184 2695 ut
1210 2656 1276 2694 ne
1306 2656 1369 2695 ex
1401 2640 1558 2694 dictis
1588 2640 2000 2695 offendereutur.

713 2735 769 2785 2.
801 2732 967 2786 Juda-i
999 2746 1125 2802 ergo
1157 2741 1232 2785 tot
1258 2731 1498 2785 videntes
1527 2731 1802 2793 miracula,
1834 2731 2220 2800 persequeban-

646 2834 750 2888 tur,
784 2824 1055 2892 pellebant
1080 2841 1092 2887 ;
1124 2822 1336 2876 barbari
1366 2837 1493 2875 vero
1514 2863 1527 2886 ,
1557 2823 1645 2891 qui
1679 2821 1807 2874 nihil
1837 2821 2074 2875 viderant
2099 2862 2114 2887 ,
2152 2837 2220 2877 ex

646 2916 757 2967 sola
790 2915 1091 2969 calamitate
1127 2912 1501 2967 misericordes
1532 2921 1704 2967 erant.
1742 2912 1981 2976 Omnino,
2011 2912 2217 2980 inquie-

601 3038 612 3050 -
646 3007 796 3071 bant,
815 3006 1065 3059 homicida
1092 3014 1163 3058 est
1195 3005 1275 3056 hic
1302 3005 1469 3057 Itomo.
1500 3003 1612 3056 Non
1642 3002 1954 3072 simpliciter
1986 2994 2219 3071 pronun-

642 3099 777 3151 tiant
800 3140 814 3161 ,
846 3098 938 3152 sed
964 3139 981 3163 ,
1013 3097 1255 3163 Omnino,
1286 3096 1508 3161 dicunt;
1538 3095 1593 3149 id
1621 3104 1741 3161 est,
1773 3103 1831 3148 ut
1860 3094 2041 3149 videre
2070 3094 2213 3148 licet.

648 3191 713 3244 Et
739 3192 864 3245 ultio
884 3233 896 3257 ,
932 3191 1207 3259 inquiunt,
1238 3191 1403 3259 ipsum
1432 3190 1592 3243 vivere
1615 3206 1716 3243 non
1744 3188 1880 3242 sinit.
1921 3188 2061 3257 Ergo
2090 3202 2217 3257 pro-

642 3282 892 3337 videntia:
936 3283 1195 3337 rationem
1246 3282 1548 3347 habebant,
1598 3290 1651 3335 et
1695 3281 1861 3349 magis
1918 3278 2218 3349 philosophi

641 3383 829 3436 erant,
865 3388 1025 3442 quam
1067 3373 1164 3441 ipsi
1211 3372 1530 3441 philosophi.
1576 3372 1639 3425 lli
1666 3373 1809 3425 enim
1834 3386 1896 3425 ea
1923 3412 1938 3435 ,
1970 3387 2089 3441 qua:
2118 3370 2219 3425 sub

644 3463 765 3517 luna
799 3462 952 3527 fiunt,
977 3462 1305 3531 prm'ideutia
1335 3464 1434 3517 frui
1464 3479 1567 3517 non
1596 3467 1776 3516 sinunt
1801 3480 1814 3517 :
1846 3462 1917 3516 illi
1948 3477 2077 3516 vero
2106 3461 2221 3515 ubi-

640 3568 742 3622 que
773 3554 1026 3621 putabant
1057 3554 1220 3607 Deum
1262 3568 1381 3608 esse
1410 3562 1770 3622 praesentem,
1817 3562 1870 3609 et
1912 3552 2053 3622 quod
2095 3553 2220 3607 licet

642 3644 807 3696 inulta
838 3644 957 3711 quis
983 3643 1250 3714 effugerit,
1283 3660 1386 3698 non
1417 3660 1583 3714 usque
1611 3645 1662 3699 in
1694 3645 1851 3699 finem
1882 3654 2055 3699 tamen
2086 3645 2217 3699 effu-

642 3736 771 3802 giet.
808 3733 876 3787 Et
906 3734 1046 3801 vide,
1077 3735 1345 3804 quomodo
1367 3750 1470 3789 non
1501 3736 1775 3805 insurgunt
1802 3734 1854 3789 in
1883 3734 2029 3788 illum
2056 3735 2220 3788 omni-

643 3842 751 3891 no,
799 3825 891 3879 sed
937 3836 1154 3895 propter
1183 3828 1538 3881 calamitatem
1584 3826 1794 3881 interim
1840 3835 2215 3892 revercantur;

644 3934 817 3987 neque
848 3919 934 3972 illa
975 3919 1282 3986 divulgaut,
1314 3920 1404 3973 sed
1441 3920 1577 3973 inter
1602 3933 1660 3973 se
1694 3919 1913 3973 dicunt:
1947 3934 2067 3972 nam
2102 3920 2217 3972 viu-

640 4010 759 4063 cula
784 4009 916 4063 hanc
941 4009 1245 4079 injiciebaut
1270 4010 1626 4079 suspicionem
1654 4026 1667 4061 :
1695 4009 1854 4063 vincti
1882 4009 2023 4063 enim
2045 4018 2217 4063 erant.

644 4100 974 4155 Erubescant
1003 4100 1036 4153 ii
1066 4102 1155 4169 qui
1183 4100 1394 4165 dicunt,
1427 4100 1501 4154 Ne
1546 4100 1848 4154 benefacias
1882 4099 1960 4153 eis
1984 4139 2000 4163 ,
2046 4100 2133 4168 qui
2166 4099 2217 4152 in

642 4193 949 4247 carceribus
991 4203 1148 4257 sunt;
1200 4194 1460 4262 pudorem
1506 4193 1660 4246 nobis
1696 4192 1920 4247 afferant
1963 4193 2216 4248 barbari:

648 4299 753 4338 non
782 4286 922 4339 enim
949 4284 1187 4339 sciebant
1213 4287 1426 4353 quinam
1455 4285 1528 4338 illi
1557 4296 1755 4348 essent,
1787 4286 1879 4339 sed
1910 4301 1975 4339 ex
2005 4286 2221 4339 calami-

645 4383 753 4429 tate
783 4374 922 4443 ipsos
943 4389 1063 4429 esse
1090 4375 1333 4429 homines
1363 4374 1695 4439 didicerunt;
1726 4377 1949 4445 ideoque
1975 4392 2093 4429 cum
2118 4377 2219 4430 huc

647 4465 899 4519 manitale
926 4465 1046 4519 illos
1075 4474 1420 4535 exceperunt.
1458 4465 1678 4519 Multum
1718 4478 1883 4519 autem
1910 4468 2013 4520 illis
2039 4485 2218 4537 exspe-

644 4559 935 4620 ctantibus,
986 4558 1197 4627 inquit;
1252 4558 1302 4612 id
1352 4567 1474 4625 est,
1525 4558 1615 4613 diu
1666 4560 2046 4629 exspectabant
2096 4577 2216 4613 eum

649 4650 988 4704 moriturum.
1036 4649 1129 4703 llle
1158 4664 1281 4703 \ero
1309 4649 1532 4703 bestiam
1562 4651 1795 4704 excussit
1826 4651 1875 4704 in
1910 4652 2080 4720 ignem
2106 4694 2120 4714 .
2166 4661 2221 4705 et

644 4755 857 4794 manum
890 4739 1018 4794 nihil
1049 4754 1257 4809 passam
1288 4742 1619 4794 monstravit.
1673 4741 1783 4795 lloe
1823 4742 2059 4796 videntes
2103 4752 2216 4796 stu-

647 4830 839 4900 pefacti
867 4840 920 4885 et
945 4831 1117 4884 mirati
1147 4842 1288 4884 sunt.
1316 4830 1492 4900 Neque
1518 4833 1694 4885 statim
1721 4832 2109 4900 deprehensum
2138 4843 2220 4889 est

642 4923 850 4991 signum
877 4963 891 4985 ,
937 4923 1030 4977 sed
1058 4923 1383 4992 aliquamdiu
1414 4933 1797 4994 exspectarunt
1824 4924 2066 4980 homines
2088 4968 2103 4992 ,
2150 4942 2217 4981 ne

644 5011 915 5066 videretur
946 5013 1222 5083 phantasia
1248 5028 1368 5068 esse
1398 5029 1409 5065 :
1443 5015 1521 5067 sic
1553 5029 1657 5068 non
1689 5023 1804 5069 erat
1833 5014 2034 5069 fallacia
2061 5057 2075 5079 ,
2108 5032 2216 5071 non

644 5104 807 5158 fraus.
850 5103 917 5157 In
945 5106 1119 5159 vicinis
1145 5114 1313 5159 autem
1342 5106 1467 5159 locis
1495 5114 1639 5159 erant
1663 5106 1855 5175 prwdia
1886 5108 2037 5175 primi
2075 5109 2217 5161 insu-

646 5195 729 5257 lae,
768 5197 969 5248 nomine
997 5195 1210 5252 Publii:
1236 5202 1321 5267 qui
1359 5214 1449 5251 nos
1486 5198 1789 5268 suscipiens,
1820 5198 2027 5270 benigne
2053 5200 2217 5268 hospi-

647 5286 715 5337 tio
757 5290 970 5353 excepit.
1004 5285 1145 5342 Bene
1185 5289 1262 5343 sic
1309 5289 1540 5359 loquitur
1576 5307 1589 5343 :
1640 5290 1978 5361 benignitatis
2020 5292 2215 5362 quippe

650 5394 853 5449 magna:
893 5387 975 5431 cst
999 5378 1254 5434 ducentas
1275 5382 1606 5451 septuaginta
1632 5383 1834 5437 animas
1862 5382 2089 5452 hospitio
2119 5400 2198 5437 ex.

642 5468 1043 5539 cipere.Cogita
1069 5478 1318 5538 quantum
1345 5472 1415 5524 sit
1443 5472 1819 5541 hospitalitatis
1850 5474 2073 5527 lucrum.
2098 5473 2210 5528 Non

643 5560 785 5631 quod
816 5574 919 5623 nec
948 5561 1238 5615 necessitas
1266 5572 1426 5627 esset,
1460 5578 1631 5632 neque
1656 5564 1798 5634 quod
1827 5566 2019 5618 invitus
2055 5576 2210 5635 agat,

644 5652 738 5705 scd
764 5652 905 5722 quod
938 5652 1144 5708 lucrum
1174 5661 1360 5723 putet,
1403 5668 1498 5723 per
1526 5664 1633 5709 tres
1672 5654 1787 5710 dies
1825 5655 2053 5725 hospitio
2095 5657 2213 5711 illos

644 5745 870 5815 excepit.
920 5744 1151 5817 Ideoque
1192 5745 1312 5801 talis
1350 5744 1724 5816 hospitalitatis
1756 5751 2053 5805 mercedem
2093 5750 2213 5819 jure

1360 322 1418 379 S.
1458 318 1732 377 JOANNIS
1768 307 2241 373 CIIRYSOSTUMI
2283 308 2598 368 ARCHIEP.
2637 314 3169 373 CONSTANTINOP.
3768 326 3842 385 375

2332 431 2560 497 accipit,
2591 428 2700 485 imo
2723 429 2881 500 longe
2905 430 3051 486 dono
3075 430 3334 503 majorem
3363 452 3377 489 :
3418 449 3535 490 nam
3561 446 3741 507 patrem
3760 448 3841 513 ejus

2330 526 2533 573 curata
2554 520 2857 592 dysenteria
2881 522 3022 578 male
3044 523 3330 593 patientem
3356 540 3373 590 ;
3412 541 3507 581 nec
3526 528 3673 582 modo
3696 532 3840 601 ipsum,

2335 610 2431 667 sed
2460 612 2658 667 multos
2681 614 2841 669 etiam
2870 615 3005 671 alios
3025 617 3265 673 inﬁmos
3284 628 3464 685 curat,
3492 623 3577 690 qui
3606 622 3749 679 vicem
3780 645 3840 684 re-

2335 700 2573 770 Iaendunt
2593 702 2906 772 honoribus,
2928 717 3232 764 commeatu
3254 724 3273 766 :
3300 710 3439 779 quod
3468 711 3551 765 hic
3572 712 3839 773 declaratur:

2336 790 2436 856 Qui
2464 793 2633 848 multis
2660 794 2933 852 honoribus
2957 814 3050 853 nos
3086 801 3381 869 prosequuti
3404 812 3518 855 sunt
3535 844 3549 866 .
3594 815 3638 857 et
3666 807 3841 864 solventi-

2333 885 2424 939 bus
2447 886 2793 957 imposuerunt
2816 906 2930 961 quia
2952 894 3235 947 necessaria
3259 904 3420 947 erant.
3456 895 3569 950 Non
3605 902 3838 959 mercedem

2332 980 2568 1047 recepit,
2614 980 2793 1046 absit;
2824 981 2920 1038 sed
2951 984 3205 1054 impletur
3232 985 3285 1038 id
3315 986 3453 1056 quod
3492 989 3726 1057 scriptum
3756 1006 3836 1049 est:

2331 1067 2535 1139 Dignus
2559 1080 2631 1125 est
2658 1074 2924 1142 operarius
2947 1076 3058 1130 cibo
3081 1092 3174 1130 suo
3204 1075 3415 1146 (Matth.
3456 1079 3543 1134 10.
3581 1080 3683 1149 10).
3707 1082 3836 1141 Palam

2329 1171 2507 1217 autem
2548 1173 2631 1220 est
2659 1179 2754 1220 eos
2777 1206 2794 1231 ,
2841 1167 2931 1237 qui
2968 1168 3048 1223 sic
3088 1168 3237 1223 illum
3277 1180 3637 1239 exceperunt,
3673 1176 3835 1233 verbum

2332 1254 2723 1322 prtedicationis
2765 1258 3037 1328 accepisse
3065 1277 3080 1314 :
3108 1275 3282 1331 neque
3316 1262 3459 1315 enim
3490 1262 3725 1318 trimestri
3746 1277 3835 1321 tem~

2330 1359 2461 1414 pore
2490 1346 2864 1411 disseruisset,
2906 1350 3009 1405 nisi
3048 1348 3122 1405 illi
3152 1366 3276 1406 vere
3301 1351 3648 1408 credidissent
3684 1367 3728 1409 et
3762 1358 3836 1412 tru-

2329 1450 2472 1491 etum
2497 1438 2885 1495 exhibuissent.
2906 1441 3084 1512 Itaque
3107 1441 3231 1497 hinc
3252 1443 3505 1498 iudicium
3530 1456 3628 1507 est.
3649 1462 3833 1517 magnum

2330 1529 2495 1583 fuisse
2523 1530 2857 1587 credentium
2884 1548 3187 1587 numerum.
3220 1532 3286 1586 Et
3310 1534 3582 1598 solvimus,
3613 1540 3775 1605 inquit,
3799 1542 3833 1592 in

2328 1622 2445 1676 navi
2483 1621 2833 1677 Alexandrina
2856 1665 2871 1690 ,
2913 1640 3026 1695 qua:
3068 1625 3371 1679 hiemaverat
3414 1626 3469 1679 in
3507 1626 3693 1693 insula,
3732 1634 3831 1697 αλιι

2327 1713 2522 1785 insigne
2550 1713 2833 1768 Castorum.
2867 1714 2922 1769 ω
2950 1714 3175 1770 fortasse
3207 1715 3259 1771 in
3290 1716 3377 1770 illa
3407 1717 3607 1785 pictum
3642 1728 3763 1781 erat;
3787 1721 3830 1772 ita

2328 1812 2484 1858 erant
2518 1804 2675 1859 idolis
2712 1805 2901 1860 dediti.
2945 1805 3081 1861 Vide
3118 1806 3241 1861 illos
3275 1821 3455 1861 moras
3496 1808 3763 1872 trahentes,
3798 1823 3831 1865 et

2328 1912 2535 1951 rursum
2569 1897 2901 1954 festinantes.
2932 1897 3103 1952 Paulo
3128 1908 3294 1955 autem
3321 1900 3615 1968 permissum
3639 1902 3719 1967 fuit
3738 1919 3830 1955 uor-

2325 2006 2438 2043 sam
2475 2007 2700 2045 manere.
2730 1991 2955 2045 Demum
2988 1991 3058 2044 ita
3088 1991 3409 2046 venerabilis
3436 2000 3555 2045 erat
3582 1992 3772 2057 Paulus,
3794 2006 3829 2049 ut

2324 2096 2566 2137 seorsmn
2597 2097 2815 2138 manere
2845 2082 3263 2152 permitteretur.
3282 2082 3465 2153 Neque
3495 2084 3545 2137 id
3570 2085 3733 2138 mirum
3751 2096 3827 2139 est:

2323 2188 2445 2225 nam
2474 2174 2518 2226 si
2544 2173 2770 2228 antehac
2801 2172 3028 2243 benigne
3055 2174 3199 2229 illum
3227 2182 3572 2244 exceperunt,
3600 2175 3739 2229 multo
3754 2192 3827 2229 ma-

2321 2262 2401 2332 gis
2429 2278 2591 2318 nunc.
2637 2261 2703 2316 Et
2739 2265 2895 2335 ﬂante
2924 2274 3095 2318 austro
3117 2304 3135 2329 ,
3167 2264 3339 2335 inquit
3360 2307 3377 2331 ,
3408 2265 3646 2332 postridie
3668 2270 3827 2321 verum

2327 2357 2600 2420 Puteolos,
2646 2357 2731 2410 ubi
2770 2356 2983 2410 inventis
3026 2357 3303 2427 fratribus,
3344 2358 3513 2429 rogati
3548 2375 3703 2413 sumus
3733 2360 3827 2427 apud

2320 2449 2435 2502 illos
2462 2465 2666 2502 manere
2690 2460 2875 2519 septem
2902 2448 3074 2503 diebus
3098 2464 3117 2503 :
3144 2459 3189 2503 et
3217 2451 3288 2503 sic
3316 2447 3538 2503 Romam
3561 2451 3763 2504 venimus.
3784 2450 3826 2502 Et

2318 2542 2436 2594 inde
2459 2550 2514 2593 ut
2541 2545 2721 2612 fratres
2745 2540 3015 2595 audierunt
3044 2542 3106 2595 de
3120 2542 3281 2606 nobis,
3304 2542 3536 2595 exierunt
3558 2542 3607 2595 in
3631 2558 3825 2595 occursum

2319 2633 2461 2685 nobis
2488 2649 2644 2703 usque
2668 2631 2737 2685 ad
2759 2632 2915 2704 Appii
2940 2637 3107 2705 forum
3131 2643 3176 2687 et
3200 2632 3326 2687 Tres
3353 2632 3604 2687 tabernas.
3629 2632 3750 2699 Quod
3768 2650 3825 2701 pe-

2319 2725 2545 2779 riculum
2589 2733 2887 2780 metuentes
2930 2725 3156 2779 exierint
3180 2765 3195 2789 ,
3238 2725 3324 2780 vel
3356 2724 3465 2780 hoc
3500 2726 3622 2781 satis
3659 2741 3736 2796 pro
3756 2727 3823 2779 illis

2318 2816 2566 2885 Spondet.
2602 2815 2733 2870 Vide
2758 2816 3027 2885 quomodo
3054 2817 3105 2871 in
3137 2826 3281 2871 tanta
3312 2818 3642 2888 navigatione
3670 2817 3722 2871 ad
3744 2819 3823 2870 nul-

2318 2910 2422 2965 lam
2455 2910 2732 2979 appellunt
2757 2911 3049 2977 civitatem,
3081 2911 3175 2967 sed
3205 2911 3271 2966 ad
3298 2912 3561 2977 insulam;
3584 2922 3633 2967 et
3655 2912 3822 2967 hiemen

2319 3010 2483 3055 totam
2509 3003 2809 3072 transigunt
2832 3003 2887 3057 in
2910 3003 3247 3073 navigatione
3271 3021 3285 3056 :
3317 3003 3403 3058 his
3428 3005 3502 3059 ita
3525 3005 3771 3074 dispositis.
3787 3014 3821 3057 ut

2318 3096 2405 3161 qui
2436 3093 2597 3147 simul
2625 3094 2982 3164 navigabant,
3014 3093 3082 3149 ad
3112 3094 3273 3150 fidem
3300 3095 3693 3151 deducerentur.
3729 3094 3819 3149 Ρα-

2317 3186 2524 3239 missum
2551 3194 2620 3238 est
2648 3185 2727 3253 ei,
2760 3186 2967 3257 inquit,
3007 3196 3061 3241 ut
3088 3197 3402 3259 permaneret
3430 3188 3567 3243 solus
3590 3205 3690 3242 cum
3713 3189 3820 3240 milia

2316 3277 2483 3346 ipsum
2508 3277 2835 3335 custodiente.
2875 3278 2944 3333 Et
2971 3288 3271 3349 opportune
3298 3291 3477 3343 certe,
3507 3290 3561 3334 ut
3587 3280 3747 3333 nemini
3779 3280 3818 3330 li-

2317 3379 2461 3423 ceret
2487 3369 2658 3437 ipsum
2682 3369 2886 3425 insidiis
2906 3378 3198 3440 appetere:
3229 3387 3403 3440 neque
3428 3371 3567 3425 enim
3593 3372 3723 3425 isthic
3738 3372 3819 3423 lice-

2318 3459 2409 3514 bat
2435 3460 2729 3516 seditiones
2758 3476 2996 3517 movere.
3027 3462 3208 3532 Itaque
3234 3478 3337 3516 non
3370 3464 3517 3518 illum
3542 3462 3818 3521 cuswdielnt.

2318 3551 2409 3605 sed
2437 3552 2679 3617 curabat,
2714 3567 2781 3607 ne
2813 3552 2888 3606 illi
2919 3552 3116 3621 aliquid
3146 3554 3427 3607 molestum
3460 3553 3819 3609 accideretznon

2318 3645 2459 3698 enim
2501 3644 2695 3699 licebat
2741 3646 2790 3699 in
2837 3654 2979 3699 tanta
3008 3646 3253 3709 civitate,
3287 3645 3374 3699 ubi
3421 3645 3690 3715 Imperator
3716 3652 3816 3703 erat.

2317 3750 2474 3803 quem
2518 3735 2881 3804 appellaverat
2920 3736 3153 3801 Paulus,
3199 3736 3398 3805 aliquid
3438 3747 3621 3806 praeter
3642 3735 3817 3789 ordinem

2320 3826 2454 3880 ﬁeri.
2501 3827 2578 3881 lta
2623 3842 2838 3897 semper
2881 3842 2975 3896 per
3000 3842 3098 3891 ea,
3141 3842 3259 3896 qua:
3299 3828 3549 3882 videntur
3572 3837 3724 3881 contra
3754 3838 3817 3877 nos

2319 3932 2459 3983 esse,
2486 3933 2583 3987 pro
2608 3918 2761 3971 nobis
2792 3918 2969 3972 omnia
3001 3919 3132 3972 fiunt
3158 3935 3172 3971 :
3196 3929 3379 3973 custos
3409 3921 3548 3974 enim
3574 3918 3711 3973 Paulo
3725 3926 3813 3970 erat.

2320 4009 2385 4061 Et
2414 4008 2724 4062 convocatis
2756 4009 2940 4077 primis
2970 4008 3274 4064 Judworum
3300 4052 3315 4074 ,
3342 4023 3467 4064 cum
3500 4011 3596 4064 illis
3628 4008 3813 4062 dissuit:

2319 4100 2405 4168 qui
2439 4110 2493 4153 et
2517 4100 2885 4155 contradicere
2908 4110 3182 4166 verentur,
3211 4110 3372 4170 atque
3400 4102 3468 4155 ab
3498 4102 3584 4155 illo
3609 4101 3811 4167 increpan-

2331 4201 2415 4245 tur
2443 4201 2497 4246 et
2545 4192 2675 4245 nihil
2705 4192 2902 4247 audent
2942 4191 3155 4257 dicere;
3189 4192 3318 4246 nihil
3370 4193 3514 4247 enim
3559 4193 3655 4261 jam
3687 4199 3811 4243 contra

2321 4280 2467 4335 illum
2500 4290 2705 4336 tentare
2757 4282 2950 4337 licebat
2980 4282 3101 4335 illis.
3151 4282 3262 4337 lloc
3296 4282 3441 4336 enim
3489 4281 3700 4336 mirabile
3735 4286 3809 4337 est.

2319 4371 2461 4442 quod
2509 4388 2616 4427 non
2676 4387 2770 4441 per
2830 4388 2927 4439 ea,
2968 4387 3085 4442 qua:
3139 4372 3388 4428 videntur
3432 4373 3497 4428 ad
3557 4373 3810 4428 securitatem

2318 4464 2585 4530 conferre,
2625 4464 2719 4519 sed
2768 4480 2863 4536 per
2907 4467 3171 4520 contraria
3216 4481 3314 4537 pro
3353 4466 3509 4521 nobis
3541 4466 3688 4520 omnia
3713 4464 3809 4514 liaul.

2320 4556 2470 4622 Quod
2523 4567 2584 4611 ut
2636 4558 2839 4623 discas,
2911 4557 3034 4612 hinc
3086 4558 3385 4629 perpende.
3454 4560 3611 4615 Jussit
3668 4556 3814 4611 Pharao

2322 4664 2517 4718 pueros
2548 4650 2600 4702 in
2631 4647 2827 4703 ﬂumen
2853 4649 3067 4719 conjici.
3090 4649 3200 4704 Nisi
3224 4651 3447 4720 projecti
3479 4651 3671 4703 fuissent
3693 4644 3811 4717 pueri.

2320 4742 2419 4795 nisi
2451 4740 2503 4795 id
2525 4740 2773 4810 iussisset
2798 4740 3025 4805 Pharao,
3053 4756 3157 4796 non
3185 4750 3430 4796 servatus
3459 4742 3630 4795 fuisset
3650 4739 3810 4806 Moyses.

2320 4848 2423 4887 non
2450 4834 2501 4887 in
2524 4834 2665 4903 regia
2678 4833 2955 4888 educatus.
2985 4832 3120 4889 Cum
3137 4835 3473 4901 servabatur,
3504 4834 3653 4889 nonin
3672 4832 3811 4883 honor:-

2318 4933 2465 4988 erat;
2495 4939 2613 4978 cum
2644 4924 2917 4993 expositus
2949 4926 3081 4990 fuit,
3122 4935 3230 4980 tum
3274 4926 3323 4979 iu
3368 4926 3571 4980 honore
3610 4923 3703 4977 fuit.
3738 4919 3810 4972 llnc

2319 5031 2450 5069 vero
2499 5015 2726 5069 faciebat
2770 5016 2911 5071 Deus
2935 5057 2949 5081 ,
2997 5026 3053 5070 ut
3083 5028 3138 5072 et
3171 5018 3458 5087 potentiam
3488 5026 3540 5073 et
3576 5013 3808 5084 sapientum

2319 5121 2468 5161 suam
2510 5107 2836 5162 ostenderet.
2861 5107 3087 5163 Minatus
3113 5118 3195 5164 est
3221 5108 3436 5164 Judaaus
3456 5151 3471 5175 ,
3499 5109 3693 5163 dicens:
3717 5102 3811 5155 .Vnn

2318 5199 2543 5253 occidere
2569 5215 2647 5253 me
2671 5199 2743 5252 vis
2774 5197 2966 5270 (Exod.
2996 5199 3050 5253 2.
3081 5200 3210 5267 l4)?
3234 5211 3289 5255 et
3316 5200 3417 5255 hoc
3446 5202 3515 5255 illi
3544 5197 3720 5269 profuit.
3746 5194 3812 5245 lu-

2317 5309 2419 5364 que
2464 5309 2532 5348 ex
2578 5292 2914 5363 providentia
2964 5294 3156 5348 factum
3204 5306 3326 5359 est,
3368 5304 3424 5348 ut
3460 5294 3687 5348 visionem
3711 5288 3807 5340 illam

2321 5385 2520 5439 videret
2560 5384 2612 5438 in
2653 5383 2897 5449 deserto,
2942 5395 3000 5438 ut
3040 5395 3248 5455 tempus
3288 5399 3579 5455 congruens
3626 5380 3810 5449 implere-

2318 5487 2423 5541 tur,
2459 5486 2514 5530 ut
2542 5475 3009 5545 philosopharetur
3039 5478 3090 5531 in
3122 5479 3427 5540 solitudine.
3456 5487 3509 5531 et
3530 5487 3691 5530 secure
3710 5470 3809 5521 vire-

2315 5578 2416 5624 ret.
2439 5567 2508 5621 Et
2534 5567 2586 5621 in
2609 5567 2857 5622 omnibus
2877 5584 2996 5638 qua:
3022 5584 3051 5623 a
3076 5568 3275 5624 Iudaeis
3294 5569 3389 5641 ipsi
3412 5576 3644 5640 parantur
3662 5557 3811 5617 insidiis

2316 5660 2547 5730 “ipsum
2579 5658 2673 5713 ﬁt:
2725 5666 2852 5714 tunc
2880 5660 3077 5715 clarior
3100 5661 3366 5717 eflicitur:
3399 5672 3456 5717 ut
3491 5664 3634 5717 etiam
3665 5648 3806 5711 Aanmi

2316 5752 2560 5823 contigit.
2592 5749 3007 5808 lnsurreserunt
3038 5753 3091 5807 in
3125 5753 3297 5823 illum,
3324 5764 3376 5812 et
3398 5755 3653 5811 clariorem
3676 5741 3808 5805 παιδί’
