4098 6354
285 266 388 323 375

273 382 469 453 έδραμε
498 380 592 434 καὶ
631 380 689 432 ἐν
714 378 1011 445 Ποτιόλοις,
1034 377 1163 433 ἔνθα
1187 380 1280 435 καὶ
1298 379 1564 449 ἀδελφούς
1590 398 1744 446 τινας
1755 382 1940 454 εὑρόν-

272 482 361 529 τες
388 465 702 533 ἐπιμένωσι
733 453 862 533 παρ⁸
890 463 1096 527 αὐτοῖς.
1123 459 1255 518 Εἶτα
1276 466 1372 518 καὶ
1402 465 1551 519 ἄλλοι
1572 467 1713 520 κατά
1748 453 1937 537 φήμην

272 544 451 609 αὐτοῖς
485 544 786 600 ἀπαντῶσι·
810 545 1047 618 τοσαύτη
1068 544 1138 618 ἦν
1163 549 1197 618 ή
1223 548 1505 619 προθυμία
1530 549 1639 603 τῶν
1666 544 1933 619 ἀδελφῶν,

271 632 351 684 ὅτι
377 632 477 684 οὐκ
508 629 842 701 ἐθορύϐησεν
866 630 1063 693 αὐτοὺς
1081 631 1142 682 τὸ
1172 633 1230 684 ἐν
1253 631 1472 701 δεσμοῖς
1496 628 1636 686 εἶναι
1666 634 1756 685 τὸν
1785 634 1938 687 Παῦ-

271 712 357 767 λον
380 726 427 777 ε,
470 712 585 766 ἀλλ’
616 712 837 784 ἐξῆλθον
871 714 951 776 είς
995 714 1321 783 ἀπάντησιν.
1371 714 1514 786 Ὅρα
1551 714 1607 769 δέ
1641 732 1732 785 μοι
1775 714 1937 768 αὑτὸν

271 798 361 869 καὶ
383 795 721 866 ἀνθρώπινόν
740 813 793 847 τι
818 794 1078 849 παθόντα.
1111 795 1345 864 Θάρσος
1362 797 1490 866 γὰρ,
1514 815 1587 866 φη
1598 796 1700 858 σίν,
1722 796 1940 849 ἐλαϐεν

273 877 409 933 ίδὼν
456 878 598 943 τοὺς
640 876 963 946 ἀδελφούς.
1004 877 1194 929 Καίτοι
1236 878 1476 931 τοσαῦτα
1525 881 1726 947 σημεῖα
1771 880 1938 947 ἐργα-

272 962 520 1031 σάμενος,
567 961 682 1015 ἀλλ’
710 962 859 1030 ὅμως
901 960 1059 1013 ἔλαϐε
1091 960 1185 1013 καὶ
1222 954 1331 1017 ἀπὸ
1356 963 1457 1030 τῆς
1484 961 1659 1028 διᾷιεως
1692 961 1939 1032 προσθή-

270 1060 389 1114 κην.
455 1042 591 1096 Ἀπὸ
641 1044 834 1095 τούτου
885 1042 1260 1112 μανθάνομεν,
1307 1042 1388 1095 ὅτι
1434 1041 1791 1111 ἀνθρωπίνως
1846 1043 1940 1095 καὶ

270 1125 649 1194 παμκαλεῖτο,
672 1124 767 1178 καὶ
793 1126 1123 1185 τούναντίον.
1151 1126 1289 1177 Ὅτε
1308 1125 1377 1177 δέ
1401 1118 1668 1193 ἤλθομεν
1687 1128 1774 1189 εἰς
1808 1123 1939 1177 Ῥώο

266 1225 406 1281 μην,
456 1207 763 1276 ἐπετράπη
806 1207 887 1273 τῷ
924 1207 1145 1274 Παύλῳ
1171 1206 1380 1275 μένειν
1412 1207 1541 1260 καθ’
1570 1207 1790 1261 ἐαυτὸν
1817 1208 1941 1261 σὺν

270 1290 347 1355 τῷ
363 1291 750 1359 φυλάσσοντι
770 1290 956 1344 αὑτὸν
975 1289 1324 1358 στρατιώτῃ.
1361 1291 1526 1361 Ὁρᾷς
1546 1309 1559 1353 ;
1586 1291 1938 1363 συνεχωρήθη

270 1372 413 1442 αὐτῷ
435 1372 558 1426 καθ’
580 1371 772 1426 ἐαυτὸν
802 1373 1002 1442 μένειν.
1027 1374 1099 1425 Ού
1123 1373 1318 1443 μικρὸν
1348 1374 1441 1425 καὶ
1464 1374 1623 1426 τοῦτο
1643 1377 1941 1444 τεκμήριον

269 1454 359 1508 τοῦ
392 1456 534 1508 πάνυ
571 1453 952 1525 θαυμασθῆναι
985 1452 1167 1507 αὐτόν·
1212 1456 1272 1507 ού
1306 1456 1416 1525 γὰρ
1445 1455 1508 1526 δὴ
1541 1458 1677 1526 μετὰ
1710 1457 1817 1510 τῶν
1846 1458 1942 1511 ἀλι-

270 1537 373 1591 λων
408 1538 681 1609 ήρίθμουν
718 1537 901 1591 αὐτόν.
948 1536 1220 1605 Ἐγένετο
1251 1537 1319 1589 δέ
1349 1540 1500 1605 μετὰ
1531 1536 1687 1605 τρεῖς
1718 1538 1943 1607 ἡμέρας

270 1618 765 1689 συγκαλέσασθαι
814 1618 1002 1672 αὐτὸν
1038 1618 1182 1682 τοὺς
1225 1617 1405 1682 ὄντας
1454 1616 1574 1672 τῶν
1640 1619 1945 1673 Ἰουδαίων

272 1704 558 1773 πρώτους.
599 1700 757 1755 Μετά
792 1703 943 1770 τρεῖς
983 1700 1202 1770 ἡμέρας
1242 1700 1470 1753 ἐκάλεσε
1518 1701 1648 1763 τοὺς
1696 1701 1944 1772 πρώτους

270 1788 375 1841 τῶν
417 1785 711 1847 Ἰουδαίων,
742 1782 883 1841 ὥστε
918 1784 992 1855 μὴ
1019 1783 1395 1855 προληφθῆναι
1425 1782 1601 1836 αὐτῶν
1629 1783 1729 1845 τὰς
1752 1782 1940 1845 ἀκοάς.

273 1869 381 1921 Καὶ
420 1867 472 1920 τί
518 1867 702 1920 κοινὸν
735 1866 873 1937 πρὸς
919 1866 1158 1928 ἐκείνους
1202 1861 1383 1935 είχενς
1414 1864 1476 1917 ού
1525 1864 1633 1934 γάρ
1670 1865 1736 1917 ἂν
1787 1862 1944 1916 αὐτοὶ

274 1949 490 2022 ἔμελλον
543 1950 948 2019 κατηγορήσειν
997 1948 1184 2002 αὑτοῦ.
1253 1943 1393 2000 Ἀλλ’
1450 1949 1599 2018 ὅμως
1646 1948 1707 2000 οὐ
1754 1947 1943 2000 τούτου

272 2028 606 2104 ἐφρόντιζεν,
631 2029 768 2084 ἀλλά
799 2030 958 2084 τοῦτο
982 2030 1191 2095 διδάξαι
1214 2030 1311 2083 καὶ
1337 2030 1411 2101 μὴ
1442 2030 1743 2101 προστῆναι
1763 2029 1946 2087 αὐτοῖς

271 2116 340 2169 τά
364 2115 654 2184 λεγόμενα.

324 2201 406 2282 β’.
441 2202 506 2254 Oi
549 2200 656 2270 μὲν
687 2195 784 2253 οὖν
829 2198 1078 2254 Ἰουδαῖοι
1111 2200 1348 2256 τοσαῦτα
1391 2199 1627 2271 ὁρῶντες
1663 2198 1943 2269 θαύματα,

274 2288 514 2355 ἐδίωκον,
543 2288 780 2359 ήλαυνον
800 2303 813 2317 ·
839 2287 889 2340 οί
916 2286 973 2341 δέ
996 2286 1263 2359 βάρϐαροι
1281 2288 1435 2342 οὐδὲν
1458 2286 1809 2358 θεασάμενοι,
1839 2282 1947 2339 ἀπὸ

279 2372 439 2443 μόνης
464 2372 564 2440 τῆς
597 2370 885 2441 συμφορᾶς
914 2369 1285 2441 φιλάνθρωποι
1306 2366 1468 2442 ἦσαν.
1499 2369 1765 2434 Πάντως,
1790 2368 1943 2438 φησὶ,

272 2459 489 2527 φονεύς
529 2460 707 2511 ἐστιν
753 2460 785 2511 ό
823 2456 1135 2526 ἄνθρωπος
1183 2450 1383 2523 οὗτος.
1425 2458 1539 2528 Ούχ
1572 2454 1759 2518 ἁπλῶς
1809 2455 1947 2508 ἀπολ-

278 2547 579 2615 φαίνονται,
620 2543 776 2608 ἀλλά,
805 2538 1068 2611 πάντως,
1092 2544 1257 2612 φασί·
1290 2544 1591 2609 τουτέστιν,
1633 2542 1708 2606 ὡς
1737 2541 1948 2594 ἔνεστιν

278 2630 419 2685 ἰδεῖν.
450 2630 561 2684 Kal
594 2630 636 2697 ή
670 2629 830 2696 δίκη,
863 2630 1018 2699 φησὶ,
1054 2628 1163 2697 ζῇν
1198 2630 1309 2682 οὐκ
1341 2629 1513 2682 εἴασε
1544 2627 1750 2682 αὐτόν.
1802 2626 1949 2696 Ἀρα

278 2717 474 2770 καὶτὸν
499 2717 634 2785 περὶ
668 2716 927 2785 προνοίας
951 2714 1107 2784 λόγον
1143 2712 1309 2785 εἶχον,
1337 2718 1433 2769 καὶ
1456 2714 1635 2785 πολλῷ
1662 2714 1771 2768 τῶν
1800 2712 1949 2783 φιλο-

279 2806 453 2874 σόφων
480 2802 631 2861 οῦτοι
663 2807 711 2858 οἰ
742 2804 1006 2875 βάρϐαροι
1042 2804 1467 2875 φιλοσοφώτεροι
1495 2803 1810 2873 ἐτύγχανον.
1837 2802 1948 2855 Αύ-

276 2895 357 2947 τοὶ
385 2896 482 2966 μὲν
510 2895 626 2965 γὰρ
652 2895 752 2948 οὐκ
781 2895 976 2963 ἀφιᾶσι
1012 2894 1273 2964 προνοίας
1312 2893 1609 2946 ἀπολαύειν
1633 2892 1702 2944 τὰ
1725 2890 1830 2943 ὑπὸ
1860 2907 1950 2943 σε-

280 2980 460 3053 λήνηνο
494 2984 543 3035 oi
575 2982 636 3035 δέ
665 2981 942 3051 πανταχοῦ
975 2981 1252 3052 νομίξουσι
1285 2982 1540 3052 παρεῖναι
1562 2980 1653 3034 τὸν
1683 2979 1835 3043 Θεὸν,
1858 2978 1953 3031 καὶ

280 3072 378 3134 ὃτι,
408 3070 508 3125 κᾶν
544 3068 721 3123 πολλά
745 3086 828 3132 τις
858 3068 1097 3139 διαφύγῃ
1124 3110 1139 3134 ,
1173 3069 1232 3121 ού
1276 3067 1625 3134 διαφεύξεται
1659 3067 1740 3129 εἰς
1773 3065 1948 3128 τέλος.

282 3159 387 3214 Καὶ
427 3159 549 3230 ὅρα,
593 3158 714 3220 πῶς
762 3157 864 3211 οὐκ
899 3156 1233 3210 ἐπιτίθενται
1282 3156 1475 3217 διόλου,
1520 3154 1633 3207 ἀλλ’
1682 3152 1951 3207 αἰδοῦνται

282 3243 413 3307 τέως
440 3245 526 3299 διὰ
549 3244 653 3315 τὴν
679 3243 966 3315 συμφοράν
984 3257 996 3269 ·
1022 3243 1144 3295 ούδέ
1166 3243 1629 3313 ἐκπομπεύουσιν,
1656 3241 1794 3296 ἀλλά
1815 3239 1953 3310 πρὸς

283 3332 537 3401 ἀλλήλους
570 3332 825 3401 λέγουσι’
861 3330 929 3384 τά
972 3330 1081 3403 γάρ
1117 3331 1293 3401 δεσμὰ
1317 3329 1476 3383 τοῦτο
1507 3328 1788 3382 ἐδίδασκεν
1823 3328 1955 3380 ὑπο-

286 3421 528 3474 πτεύειν’
563 3420 745 3473 καίτοι
785 3418 1064 3488 δεσμῶται
1098 3414 1259 3489 ἦσαν.
1303 3415 1756 3486 Αἰσχυνέσθωσαν
1787 3415 1838 3467 οί
1868 3412 1955 3466 λέ-

286 3524 488 3575 γοντες,
517 3508 615 3577 Μὴ
634 3503 692 3560 εὖ
716 3506 860 3559 ποίει
887 3507 1015 3568 τοὺς
1036 3507 1096 3558 ἐν
1117 3507 1241 3568 ταῖς
1262 3504 1552 3573 φυλακαῖςο
1579 3501 1956 3572 αἰσχυνθῶμεν

286 3597 406 3660 τοὺς
435 3594 771 3667 βαρϐάρους·
801 3593 864 3645 οὐ
884 3592 995 3664 γὰρ
1022 3592 1221 3663 ᾔδεσαν
1248 3592 1392 3655 τίνες
1419 3586 1560 3661 ἦσαν
1589 3592 1808 3652 ἐκεῖνοι,
1840 3588 1956 3641 ἀλλ’

288 3682 390 3736 ἀπὸ
411 3684 510 3753 τῆς
541 3682 836 3752 συμφορᾶς
855 3680 1013 3744 τέως,
1039 3680 1121 3732 δτι
1143 3678 1419 3748 ἄνθρωποι
1438 3673 1601 3748 ἦσαν,
1631 3675 1954 3746 ἐμάνθανονο

289 3769 364 3824 διὸ
392 3772 486 3825 καὶ
514 3768 931 3840 φιλανθρωπίας
958 3766 1199 3837 ἠξίωσαν
1241 3765 1459 3828 αὐτούς.
1513 3766 1639 3819 Ἐπί
1673 3764 1831 3818 πολὺ
1867 3764 1955 3828 δέ,

292 3858 438 3927 φησί,
470 3855 950 3927 προσδοκώντων
973 3854 1191 3919 αὐτῶν,
1218 3854 1519 3917 τουτέστιν,
1544 3852 1619 3916 ὡς
1641 3850 1807 3904 πολὺν
1827 3851 1959 3921 χρό-

293 3965 375 4001 νον
403 3948 672 4019 ἀνέμενον
704 3946 1114 4000 ἀποθανεῖσθαι.
1153 3946 1211 3999 '0
1234 3944 1291 3996 δὲ
1325 3944 1385 3997 τό
1416 3961 1473 3996 τε
1504 3942 1692 4015 θηρίον
1723 3942 1961 4006 ἐξετίνα-

297 4033 379 4099 ξεν
412 4039 489 4101 είς
512 4036 575 4089 τὸ
614 4034 747 4105 πῦρ,
796 4034 891 4088 καὶ
927 4033 1027 4106 τήν
1058 4035 1213 4105 χεῖρα
1252 4031 1422 4095 ἔδειξε
1456 4030 1729 4084 παθοῦσαν
1771 4028 1958 4100 μηδέν.

298 4120 458 4179 Τοῦτο
509 4123 714 4184 ἰδόντες
751 4122 848 4173 καὶ
897 4121 1279 4191 ἐξεπλάγησαν
1326 4118 1421 4171 καὶ
1461 4114 1798 4185 ἐθαύμασαν.
1847 4116 1962 4167 Ούκ

298 4210 504 4281 ἐγένετο
536 4210 596 4265 δέ
624 4210 686 4263 τὸ
721 4212 948 4279 σημεῖον
1004 4207 1187 4270 εὐθὺς,
1219 4206 1354 4259 ἀλλά
1387 4204 1463 4274 τῷ
1494 4203 1668 4275 χρόνῳ
1701 4202 1961 4271 ἐνδιέτρι-

298 4298 397 4366 ψαν
418 4301 466 4351 οἰ
495 4297 795 4368 ἄνθρωποι,
825 4293 966 4348 ὣστε
1005 4295 1080 4364 μὴ
1111 4292 1259 4357 δόξαι
1290 4290 1591 4362 φαντασίας
1620 4287 1770 4360 [4071
1800 4284 1959 4340 εἶναι·

299 4384 461 4454 οὕτως
491 4386 594 4439 οὐκ
631 4379 699 4455 ἧν
729 4384 935 4451 ἀπάτη,
982 4383 1083 4434 οὐκ
1110 4376 1177 4450 ἦν
1214 4379 1559 4449 συναρπαγή.
1607 4376 1708 4431 Ἐν
1738 4375 1807 4428 δὲ
1839 4375 1963 4438 τοῖς

300 4474 423 4542 περί
449 4472 555 4526 τὸν
584 4472 773 4525 τόπον
796 4470 1032 4523 ἐκεῖνον
1053 4466 1290 4536 ὑπῆρχε
1315 4465 1497 4535 χωρία
1522 4463 1603 4529 τῷ
1624 4462 1831 4531 πρώτῳ
1854 4461 1963 4530 τῆς

300 4561 509 4629 νήσου,
559 4560 804 4627 ὀνόματι
861 4555 1135 4618 Ποπλίῳο
1185 4554 1253 4621 ὃς
1314 4551 1761 4621 ἀναδεξάμενος
1803 4549 1963 4619 ἡμᾶς

302 4649 671 4715 φιλοφρόνως
689 4645 946 4709 ἐξένισε.
970 4641 1168 4705 Καλῶς
1193 4640 1366 4704 οὔτως
1390 4636 1533 4693 εἷπε·
1563 4636 1961 4711 φιλοφροσύνης

302 4734 404 4806 γὰρ
432 4735 697 4805 μεγάλης,
730 4732 1010 4795 διακοσίας
1037 4730 1414 4800 ἐϐδομήκοντα
1442 4727 1504 4779 τὸ
1531 4726 1735 4792 ξενίσαι
1762 4726 1960 4795 ψυχάς.

315 4821 589 4893 Ἐννόησον
610 4822 708 4889 τῆς
728 4818 1030 4890 φιλοξενίας
1051 4819 1175 4871 ὅσον
1198 4816 1257 4869 τὸ
1277 4815 1484 4884 κέρδος·
1508 4815 1607 4884 οὐχ
1625 4813 1701 4877 ὡς
1719 4813 1964 4881 ἀνάγκης

304 4907 460 4979 οὔσης
489 4910 612 4963 οὐδὲ
639 4909 714 4971 ὼς
751 4908 921 4972 ἄκων,
953 4905 1066 4959 ἀλλ’
1112 4905 1188 4966 ὡς
1223 4905 1413 4974 κέρδος
1457 4902 1772 4971 τιθέμενος,
1816 4903 1966 4970 τρεῖς

306 4997 508 5066 ἡμέρας
542 4996 779 5061 ἐξένισεν
809 4993 1023 5057 αὐτούς.
1069 4993 1291 5056 Διὸκαὶ
1319 4990 1553 5061 ἀμοιϐὴν
1580 4991 1677 5060 τῆς
1712 4988 1967 5057 τοιαύτης

308 5079 601 5147 φιλοξενίας
622 5078 845 5140 εἰκότως
865 5075 1152 5147 λαμϐάνει,
1168 5075 1260 5129 καί⁵
1282 5072 1459 5142 πολλῷ
1479 5072 1750 5143 μείζοναῆ
1776 5070 1961 5122 ἔδωκε-

306 5166 393 5219 τὸν
419 5168 524 5239 γὰρ
548 5166 759 5239 πατέρα
780 5163 944 5218 αὑτοῦ
967 5161 1257 5231 θεραπεύει
1279 5162 1383 5213 ὑπὸ
1404 5159 1751 5229 δυσεντερίας
1780 5157 1965 5217 κακῶς

310 5253 597 5323 πάσχοντα·
628 5254 689 5305 ού
723 5253 883 5323 μόνον
911 5251 968 5304 δὲ
1002 5249 1183 5307 αὐτὸν,
1204 5248 1340 5302 ἀλλὰ
1364 5247 1459 5301 καὶ⁸
1490 5246 1718 5307 πολλοὺς
1746 5244 1966 5313 ἔχοντας

311 5340 582 5405 ἀσθενείας
612 5343 722 5394 τῶν
751 5339 929 5392 αὐτῶν
958 5339 1126 5404 ἀξιοῖ·
1158 5336 1217 5390 ὃν
1244 5337 1339 5389 καὶ
1376 5335 1751 5405 ἀμειϐόμενοι,
1783 5332 1967 5400 τιμαῖς

311 5428 463 5483 αὑτὸν
505 5430 598 5483 καὶ
629 5428 918 5499 χορηγίαις
946 5426 1267 5497 δωροῦνται.
1316 5424 1488 5477 Τοῦτο
1523 5422 1579 5475 δὲ
1612 5421 1770 5492 δῆλον
1798 5420 1968 5473 ποιῶν

317 5515 536 5584 ἐπάγει·
569 5516 639 5570 Οἳ
671 5516 769 5570 καί
808 5514 1069 5579 πολλαῖς
1095 5513 1288 5583 τιμαῖς
1324 5512 1619 5581 ἐτίμησαν
1645 5508 1803 5578 ἡμᾶς
1823 5548 1837 5572 ,
1868 5506 1968 5559 καὶ

317 5601 697 5673 ἀναγομένοις
744 5603 1027 5657 ἐπέθεντο
1072 5601 1144 5655 τὰ
1196 5600 1347 5669 πρὸς
1385 5598 1500 5666 τὴν
1542 5597 1771 5667 χρείαν.
1827 5591 1962 5663 Οὐχὶ

379 5872 401 5898 ⁸
424 5868 609 5932 Verbis,
652 5869 879 5923 αὐτοὺς...
908 5865 1117 5925 Παῦλον,
1139 5864 1338 5914 carebat
1364 5862 1534 5913 Morel.

638 5961 907 6019 ΡΑτιιοι..
954 5957 1070 6015 (in.
1118 5954 1242 6013 LX.

1188 6054 1255 6079 ιτ

1292 261 1363 318 IN
1399 262 1583 319 ACTA
1646 260 2194 320 APOSTOLORUM.
2250 263 2487 321 HOMIL.
2529 265 2658 321 LIV.

3616 268 3720 323 376

2053 380 2245 450 μισθὸν
2259 380 2442 444 ἔλαϐε,
2469 382 2544 451 μὴ
2566 381 2779 449 γένοιτο
2796 397 2811 413 ·
2832 381 2972 436 ἀλλὰ
2992 382 3054 435 τὸ
3071 381 3456 454 γεγραμμένον
3479 383 3721 453 πληροῦ-

2045 480 2166 516 ται·
2204 464 2397 530 Ἇξιος
2421 467 2454 517 ό
2478 463 2730 533 ἐργάτης
2755 464 2864 533 τῆς
2901 464 3130 534 τροφῆς
3150 465 3337 520 αὐτοῦ
3359 465 3548 519 ἐστιν.
3577 467 3638 519 Οἱ
3665 465 3722 518 δέ

2013 546 2217 610 »οὕτως
2252 548 2452 611 αὐτοὺς
2480 548 2893 616 ὑποδεξάμενοι,
2936 548 3158 619 εῦδηλον
3185 549 3266 602 ὅτι
3304 547 3399 601 καὶ
3435 547 3527 603 τὸν
3564 548 3721 616 λόγον

2037 629 2284 695 ἐδέξαντο
2310 629 2402 683 τοῦ
2428 629 2802 700 κηρύγματος
2823 631 2885 683 ού
2906 630 3015 701 γάρ
3040 630 3104 683 ἂν
3128 632 3184 682 ἐν
3206 630 3457 700 τριμήνῳ
3480 628 3721 682 τοσαῦτα

2035 712 2313 782 διελέχθη,
2348 711 2422 782 μὴ
2465 713 2670 782 σφόδρα
2698 713 2874 765 αὐτῶν
2907 716 3316 767 πιστευσάντων
3345 714 3439 766 καὶ
3471 710 3718 783 καρποὺς

2034 795 2461 863 ἐπιδειξαμένων
2484 810 2498 824 ·
2551 794 2690 847 ὥστε
2740 796 2851 848 ἀπὸ
2888 796 3079 849 τούτου
3106 798 3405 866 τεκμήριον
3438 795 3582 865 μέγα
3623 792 3718 846 τοῦ

2036 876 2271 946 πλήθους
2293 876 2400 928 τῶν
2424 878 2829 930 πιστευσάντων
2852 877 3004 931 ἐστιν
3031 879 3181 931 ἰδεῖν.
3206 880 3315 933 Καὶ
3340 878 3712 946 ἀνήχθημεν,

2038 959 2190 1028 φησί,
2233 959 2304 1011 έν
2330 960 2518 1025 πλοίῳ
2556 960 2987 1028 Ἀλεξανδρίνῳ
3005 964 3539 1030 παρακεχειμακότι
3555 961 3625 1013 ἐν
3645 959 3717 1028 τῇ

2036 1042 2227 1110 νήσῳ,
2254 1042 2590 1111 παρασήμῳ
2609 1044 3183 1110 Διοσκούροις.’1σως
3201 1043 3361 1096 τοῦτο
3382 1038 3449 1112 ἦν
3474 1059 3716 1115 γεγραμ-

2041 1126 2202 1195 μένον
2237 1127 2294 1178 ἐν
2322 1125 2489 1195 αὐτῷ·
2530 1126 2705 1184 οὕτως
2731 1122 2871 1196 ἦσαν
2901 1126 3237 1182 κατείδωλοι.
3268 1120 3416 1197 ¹Ὅρα
3449 1124 3718 1196 ἐνδιατρί-

2039 1207 2250 1271 ϐοντας,
2274 1209 2367 1259 καὶ
2385 1207 2545 1259 πάλιν
2570 1207 2896 1271 σπεύδοντας
2917 1207 2966 1261 δ.
2994 1207 3076 1273 Τῷ
3088 1207 3154 1260 δὲ
3179 1209 3396 1272 Παύλῳ
3411 1207 3714 1275 ἐπετράπη

2040 1290 2242 1355 μένειν
2271 1291 2399 1342 καθ’
2429 1291 2667 1343 ἑαυτόν.
2694 1289 2894 1343 Λοιπὸν
2921 1290 3194 1361 αἰδέσιμος
3228 1290 3399 1354 οὕτως
3421 1286 3489 1360 ἦν
3512 1292 3541 1341 0
3567 1288 3715 1343 Hatﬁ-

2039 1370 2150 1434 λος,
2181 1373 2256 1435 ὼς
2288 1374 2383 1425 καί
2416 1373 2824 1443 συγχωρεῖσθαι
2857 1372 2981 1426 καθ’
3015 1374 3206 1443 ἐαυτὸν
3232 1368 3392 1427 εἶναι.
3428 1372 3538 1427 Καὶ
3569 1373 3716 1437 ξένον

2036 1455 2192 1507 οὐδέν
2212 1471 2225 1484 ⁸
2263 1457 2310 1508 εἰ
2338 1456 2449 1525 γὰρ
2482 1456 2577 1509 καὶ
2618 1456 2726 1527 πρὸ
2755 1454 2946 1508 τούτου
2987 1442 3381 1524 φὶλανθρώπως
3415 1455 3718 1525 ἐχρήσαντο

2041 1536 2218 1607 αὐτῷ,
2265 1536 2447 1607 πολλῴ
2490 1535 2695 1608 μᾶλλον
2741 1537 2858 1591 νῦν.
2902 1536 3022 1591 ,Καὶ
3056 1536 3518 1605 ἐπιγενομένου,
3559 1539 3717 1608 φησὶ,

2040 1621 2249 1683 νότου,
2305 1620 2631 1689 δευτεραῖοι
2673 1620 2938 1689 ἤλθομεν
2985 1622 3071 1685 είς
3116 1623 3466 1686 Ποτιόλους,
3499 1617 3569 1676 οὗ
3614 1624 3717 1676 εὐ-

2039 1704 2249 1771 ρόντες
2294 1703 2629 1771 ἀδελφοὺς,
2682 1703 3151 1772 παρεκλήθημεν
3199 1704 3293 1756 ἐπ’
3335 1703 3543 1769 αὐτοῖς
3585 1704 3719 1758 ,ἐπιδ

2038 1786 2235 1855 μεῖναι
2290 1784 2513 1855 ἡμέρας
2566 1785 2744 1839 ἐπτὰο
2791 1785 2890 1839 καί
2940 1785 3129 1852 οὕτως
3170 1786 3259 1851 εἰς
3301 1785 3419 1854 τὴν
3489 1786 3719 1855 Ῥώμην

2043 1874 2329 1944 ἤλθομεν.
2364 1872 2651 1929 Κάκεῖθεν
2689 1876 2744 1927 οἱ
2780 1873 3033 1943 ἀδελφοί
3064 1874 3449 1940 ἀκούσαντες
3477 1875 3551 1927 τὰ
3582 1874 3717 1941 περὶ

2043 1961 2242 2031 ἡμῶν,
2267 1961 2534 2030 ἐξῆλθον
2557 1964 2646 2027 εἰς
2676 1961 3022 2028 ἀπάντησιν
3060 1959 3209 2029 ἡμῖν
3237 1961 3409 2030 ἄχρις
3464 1961 3719 2015 Ἀππίου

2042 2051 2233 2117 φόρου
2288 2049 2388 2103 καί
2452 2048 2632 2116 Τριῶν
2684 2046 3005 2116 ταϐερνῶν.
3070 2049 3193 2101 Ὀτι
3249 2046 3580 2117 φοϐηθέντες
3626 2048 3718 2099 τὸν

2043 2134 2285 2188 κίνδυνον
2302 2134 2545 2203 ἐξῆλθον,
2564 2135 2656 2188 καὶ
2676 2135 2851 2189 ταῦτα
2874 2135 3036 2188 ἰκανά
3053 2134 3295 2198 ἐκείνους
3318 2134 3717 2189 πιστώσασθαι.

2044 2222 2190 2292 Ὅρα
2235 2223 2353 2285 πῶς
2383 2222 2620 2293 οὐδαμοῦ
2667 2223 2819 2277 πόλει
2857 2222 3166 2294 παρέϐαλον
3202 2225 3259 2275 ἐν
3304 2222 3545 2293 τοσούτῳ
3580 2222 3714 2293 πλῷ,

2045 2310 2179 2365 ἀλλὰ
2207 2311 2374 2380 νήσῳ,
2406 2311 2500 2363 ,ιαί⁵
2524 2310 2613 2363 τὸν
2640 2327 2720 2380 χει
2730 2310 2884 2381 μῶνα
2917 2310 3207 2380 ὀλόκληρον
3236 2309 3497 2380 διήγαγον
3531 2310 3720 2363 πλέον·

2044 2414 2158 2461 τες,
2210 2399 2437 2449 ἐκείνων
2475 2396 2892 2468 ῥυθμιζομένων
2942 2399 3023 2461 εἰς
3059 2398 3161 2466 τὴν
3195 2395 3377 2448 πίστιν
3423 2396 3532 2449 τῶν
3584 2413 3723 2466 συμ-

2047 2481 2419 2545 πλευσάντων,
2448 2483 2613 2551 λέγω.
2656 2483 2994 2554 Ἐπετράπη,
3032 2483 3185 2552 φησί,
3218 2483 3402 2553 μένειν
3432 2482 3553 2536 καθ’
3588 2483 3718 2536 ἐαυ-

2043 2570 2135 2623 τὸν
2160 2571 2257 2622 σὺν
2288 2569 2363 2639 τῷ
2392 2570 2722 2638 φυλάσσοντι
2750 2570 2913 2622 αὐτὸν
2936 2568 3263 2640 στρατιώτῃ.
3287 2570 3451 2623 Μάλα
3469 2570 3715 2637 εἰκότως,

2045 2656 2186 2710 ὥστε
2225 2656 2298 2727 μὴ
2333 2656 2532 2720 ἐξεῖναι
2569 2656 2703 2726 μηδέ
2750 2659 2869 2709 ἐκεῖ
2896 2654 3191 2725 ἐπιϐουλήν
3216 2673 3339 2708 τινα
3383 2656 3543 2710 αὐτὸν
3579 2657 3710 2709 ὑπο-

2048 2746 2259 2814 στῆναι’
2288 2744 2351 2795 οὐ
2376 2743 2485 2813 γάρ
2513 2744 2640 2813 ἐνῆν
2660 2744 2945 2797 στασιάσαι
2975 2742 3180 2797 λοιπόν.
3203 2744 3365 2795 Ὥστε
3391 2744 3490 2796 οὐκ
3515 2745 3721 2797 ἐκεῖνον

2046 2830 2352 2900 ἐφύλασσεν
2372 2869 2387 2894 ,
2419 2830 2534 2882 ἀλλ’
2570 2829 2712 2883 ὥστε
2748 2831 2822 2899 μὴ
2871 2830 3128 2897 γενέσθαι
3176 2848 3227 2883 τι
3259 2830 3369 2884 τῶν
3397 2831 3576 2900 ἀηδῶν
3596 2847 3611 2862 '
3656 2832 3719 2884 οὐ

2045 2920 2155 2988 γὰρ
2178 2917 2305 2988 ἐξῆν
2332 2917 2514 2971 λοιπὸν
2539 2918 2633 2971 καὶ
2669 2917 2875 2980 πόλεως
2912 2915 3077 2985 οὔσης
3108 2920 3398 2987 τοσαύτης,
3430 2918 3524 2974 καὶ
3562 2917 3720 2988 βασι-

2047 3007 2183 3070 λέως
2212 3006 2362 3069 ὄντος
2385 3046 2400 3068 ,
2435 3006 2530 3058 καὶ
2568 3005 2808 3073 ἐφέσεως
2838 3004 3005 3075 οὔσης
3025 3045 3039 3066 ,
3073 3004 3328 3072 γενέσθαι
3358 3022 3411 3058 τι
3441 3005 3592 3076 παρὰ
3622 3005 3720 3076 τήν

2027 3087 2385 3143 ἀκολουθίαν.
2439 3086 2625 3150 Οὕτως
2664 3087 2751 3140 ἀεί⁵
2797 3086 2886 3141 διὰ
2927 3087 3036 3139 τῶν
3072 3086 3370 3140 δοκούντων
3412 3083 3551 3141 εἶναι
3597 3088 3719 3141 καθ’

2048 3174 2242 3246 ήμῶν,
2272 3173 2413 3243 ὑπὲρ
2460 3173 2615 3243 ήμῶν
2662 3173 2839 3226 πάντα
2877 3172 3103 3241 γίνεται·
3148 3171 3324 3241 φύλαξ
3358 3173 3466 3242 γὰρ
3510 3170 3578 3244 ἦν
3623 3172 3719 3227 τοῦ

2050 3261 2286 3315 Παύλου.
2322 3262 2432 3314 Καὶ
2464 3259 2805 3328 συγκαλέσας
2836 3258 2962 3323 τοὺς
2993 3258 3241 3329 πρώτους
3270 3258 3380 3312 τῶν
3422 3259 3719 3323 Ἰουδαίων,

2050 3348 2358 3416 διαλέγεται
2399 3348 2583 3409 αὐτοῖς
2606 3361 2619 3374 ·
2662 3345 2711 3398 οἳ
2755 3347 2847 3399 καὶ
2886 3345 3259 3413 ἀντιλέγοντες
3282 3355 3304 3382 θ
3344 3345 3719 3416 ἀναχωροῦσι,

2052 3436 2149 3489 καὶ
2176 3435 2490 3506 ὑϐρίζονται
2521 3434 2648 3502 παρ’
2687 3430 2873 3496 αὑτοῦ,
2910 3432 3005 3485 καὶ
3035 3432 3186 3484 οὐδὲν
3214 3431 3489 3502 τολμῶσιν
3523 3433 3719 3485 εἰπεῖν’

2053 3529 2113 3582 ού
2145 3528 2254 3598 γὰρ
2282 3522 2436 3599 [408]
2464 3527 2532 3596 τῇ
2568 3522 2787 3595 ἐξουσίᾳ
2831 3521 3011 3576 αὐτῶν
3062 3522 3399 3592 ἐπετρέπετο
3442 3521 3626 3574 λοιπὸν
3656 3521 3725 3575 τὰ

2054 3616 2175 3669 κατ’
2203 3614 2387 3667 αὐτόν.
2424 3612 2498 3665 Τὸ
2539 3612 2648 3683 γὰρ
2678 3610 2989 3681 θαυμαστὸν
3017 3609 3175 3662 τοῦτό
3208 3611 3378 3673 ἐστιν,
3409 3609 3499 3661 ὅτι
3534 3609 3595 3661 οὐ
3637 3608 3725 3662 διὰ

2054 3702 2163 3756 τῶν
2188 3700 2488 3754 δοκούντων
2518 3695 2658 3753 εἶναι
2687 3698 2826 3768 πρὸς
2854 3697 3176 3766 ἀσφάλειαν,
3205 3696 3342 3749 ἀλλὰ
3376 3698 3467 3751 καὶ
3498 3696 3587 3749 διὰ
3616 3696 3725 3749 τῶν

2055 3786 2314 3842 ἐναντίων
2367 3786 2545 3840 πάντα
2588 3785 2730 3854 ὑπὲρ
2766 3782 2924 3854 ήμῶν
2967 3783 3197 3851 γίνεται.
3239 3785 3352 3837 Καὶ
3396 3784 3486 3837 ίνα
3526 3784 3724 3855 μάθῃς,

2059 3872 2555 3941 σκόπειέντεῦθεν.
2595 3871 2911 3925 Ἐκέλευσεν
2936 3869 2966 3920 0
2989 3867 3190 3939 Φαραὼ
3222 3868 3511 3940 ῥίπτεσθαι
3535 3872 3614 3931 είς
3635 3871 3726 3923 τὸν

2058 3961 2301 4033 ποταμὸν
2340 3960 2411 4013 τὰ
2438 3959 2632 4030 βρέφη.
2678 3959 2740 4011 Εἰ
2777 3957 2854 4027 μὴ
2892 3957 3092 4027 ἐρρίφη
3136 3955 3206 4007 τὰ
3243 3954 3454 4027 βρέφη,
3489 3958 3537 4009 εἰ
3576 3956 3654 4027 μὴ
3691 3959 3725 4027 ή

2063 4050 2359 4124 πρόσταξις
2384 4049 2477 4103 τοῦ
2503 4044 2700 4115 Φαραὼ
2727 4047 2944 4115 ἐγένετο
2968 4044 3019 4110 ³,
3043 4044 3234 4098 ούκλᾶν
3257 4041 3436 4114 ἐσώθη
3462 4044 3725 4115 Μωῦσῆς,

2059 4140 2158 4192 οὐκ
2190 4138 2254 4191 ἂν
2285 4140 2339 4190 ἐν
2373 4134 2663 4207 βασιλείοις
2698 4133 2928 4203 ἐτράφη.
2973 4133 3104 4185 Ὅτε
3144 4131 3397 4196 ἐσώζετο,
3431 4132 3531 4185 οὐκ
3564 4128 3631 4202 ἦν
3670 4134 3727 4185 ἐν

2057 4228 2211 4297 τιμῇ·
2246 4225 2333 4277 ὅτε
2356 4223 2601 4291 ἐξετέθη,
2622 4220 2745 4274 τότε
2766 4219 2984 4288 ἐγένετο
3012 4222 3068 4272 ἐν
3094 4222 3251 4291 τιμῇ.
3281 4218 3450 4273 Τοῦτο
3472 4220 3526 4273 δέ
3553 4221 3729 4274 ἐποίει

2058 4318 2086 4368 0
2107 4314 2257 4377 Θεὸς,
2284 4312 2344 4365 τὸ
2370 4311 2599 4382 εὔπορον
2630 4309 2794 4363 αὐτοῦ
2822 4309 3035 4371 δεικνὺς
3064 4309 3155 4362 καὶ
3180 4308 3506 4379 εὐμήχανον.
3546 4308 3730 4361 Ἡπεί-

2056 4402 2222 4472 λησεν
2271 4397 2421 4469 αύτῷ
2467 4401 2495 4451 0
2550 4397 2802 4460 Ἰουδαῖος
2845 4397 3054 4465 λέγων·
3104 4392 3199 4463 Μὴ
3242 4395 3487 4450 ἀνελεῖν
3529 4412 3605 4465 με
3646 4397 3728 4450 σὺ

2060 4488 2290 4553 θέλεις;
2320 4487 2413 4540 ιιιαί⁵
2442 4482 2600 4539 τοῦτο
2629 4483 2791 4538 αὑτὸν
2817 4483 3045 4554 ὤνησεν.
3082 4483 3226 4553 Ἀρά
3255 4482 3612 4553 οἰκονομικῶς
3634 4483 3729 4550 γέ-

2060 4593 2237 4645 γονεν,
2286 4574 2428 4627 ὥστε
2471 4573 2569 4640 τὴν
2616 4573 2736 4641 ὸψιν
2782 4572 2946 4623 αὑτὸν
2987 4571 3204 4639 ἐκείνην
3247 4569 3374 4622 ἰδεῖν
3411 4569 3511 4639 τὴν
3559 4571 3616 4621 ἐν
3661 4572 3725 4640 τῇ

2062 4665 2275 4734 ἐρήμῳ,
2300 4660 2442 4713 ὥστε
2467 4660 2558 4713 τὸν
2587 4660 2931 4729 προσήκοντα
2957 4659 3147 4727 χρόνον
3173 4655 3554 4725 πληρωθῆναι,
3584 4653 3727 4706 ὥστε

2061 4752 2224 4804 αὑτὸν
2268 4748 2699 4819 ἐμφιλοσοφῆσαι
2728 4749 2794 4816 τῇ
2830 4747 3039 4815 ἐρήμῳ,
3076 4743 3170 4796 καὶ
3206 4745 3267 4794 ἐν
3294 4742 3563 4812 ἀσφαλείᾳ
3607 4742 3727 4813 ζῇν.

2064 4840 2175 4893 Καὶ
2200 4839 2256 4890 ἐν
2284 4836 2485 4897 πάσαις
2506 4837 2621 4895 ταῖς
2648 4832 2767 4885 κατ’
2798 4830 2960 4884 αὑτοῦ
2988 4828 3098 4882 τῶν
3128 4827 3397 4881 Ἰουδαίων
3417 4828 3731 4890 ἐπιϐουλαῖς

2064 4926 2255 4979 ταυτὸν
2286 4925 2517 4992 γίνεται’
2559 4921 2680 4973 τότε
2715 4918 3095 4988 λαμπρότερος
3122 4914 3467 4979 καθίσταται,
3498 4909 3608 4968 οἷον
3631 4916 3728 4968 καὶ

2064 5015 2156 5067 ἐπὶ
2183 5012 2276 5064 τοῦ
2323 5008 2532 5078 ’Δαρών
2559 5022 2570 5034 ⁸
2606 5005 2983 5073 ἐπανέστησαν
3008 5001 3156 5071 αὐτῷ
3175 5042 3189 5065 ,
3220 5001 3315 5054 καὶ
3347 5001 3728 5072 λαμπρότερον

2064 5096 2223 5151 αὑτὸν
2264 5094 2554 5163 ἐποίησανο
2596 5088 2843 5142 ἐντεῦθεν
2882 5089 2989 5157 γὰρ
3022 5086 3170 5156 αὐτῷ
3215 5086 3311 5137 καὶ
3360 5085 3421 5138 τὸ
3458 5086 3732 5156 ἱερατικὸν

2068 5182 2397 5235 ποικίλλεται
2436 5178 2657 5247 ἔνδυμα,
2699 5176 2793 5227 καὶ
2836 5177 2867 5245 ὴ
2910 5173 3120 5244 κίδαρις
3153 5172 3526 5244 περιτίθεται,
3572 5172 3667 5223 καὶ
3702 5174 3732 5223 0

2064 5269 2247 5331 λοιπὸς
2279 5269 2373 5336 τῆς
2400 5265 2591 5333 στολῆς
2621 5264 2843 5332 κόσμος,
2875 5261 3013 5315 ὥστε
3036 5260 3519 5330 ἀναμφισϐήτητον
3543 5269 3566 5297 ο
3591 5254 3731 5311 εἶναι

2064 5358 2165 5429 τὴν
2194 5353 2551 5428 χειροτονίαν,
2576 5351 2717 5404 ὥστε
2742 5352 2837 5403 καὶ
2859 5352 2937 5413 εἰς
2966 5348 3027 5401 τὸ
3057 5349 3179 5417 ἐξῆς
3214 5346 3591 5417 θαυμάζεσθαι
3622 5344 3733 5398 ἀπὸ

2065 5447 2172 5497 τῶν
2202 5443 2449 5496 πετάλων
2472 5440 2567 5493 τοῦ
2594 5437 2816 5508 χαλκοῦ.
2842 5440 2985 5491 ’Ἱστε
3007 5439 3221 5498 πάντως
3241 5435 3338 5505 τὴν
3365 5433 3625 5505 ἱστορίανο
3651 5431 3733 5486 διὸ

2066 5536 2162 5588 καὶ
2207 5530 2535 5602 παρατρέχω
2578 5529 2641 5581 τὸ
2675 5527 2939 5598 διήγημα.
3000 5527 3109 5580 Καὶ
3156 5527 3205 5577 εί
3253 5520 3524 5593 βούλεσθε,
3568 5521 3732 5576 πάλιν

2134 5697 2163 5736 ι,
2184 5674 2469 5736 γενδεηριαὶ
2496 5672 2661 5736 πάλιν,
2678 5671 2985 5736 σπεύδοντας..
3004 5733 3013 5736 _
3032 5670 3173 5717 nobis
3214 5668 3463 5736 deﬁgam-ny,
3502 5665 3654 5736 Sayi-l.

2073 5716 2179 5788 treus
2201 5716 2925 5789 Μότεὶζέιάι
2950 5716 3188 5790 λέγοντες.
3222 5716 3229 5717 ί
3254 5727 3282 5767 ἀ
3311 5728 3450 5780 Mulﬁ
3484 5727 3665 5785 verbis,
3692 5716 3732 5763 εἶ

2075 5804 2220 5863 μὴ...
2237 5799 2457 5863 ἐγένετο.-
2482 5802 2668 5863 ρει-ειη.
2742 5806 2764 5832 ε
2803 5792 2938 5863 [lpus
2963 5793 3104 5841 αὐτὸν
3124 5791 3370 5852 ἐποίησαν,
3392 5792 3519 5839 ὥστε
3538 5791 3732 5851 ἐναμφιο

2080 5856 2337 5921 ξτεήτητδν,
2362 5857 2554 5907 omissis
2580 5856 2907 5905 inlcrmediis.

3130 5938 3209 5997 24
