  <div class='ocr_page' id='page_1' title='image "/cluster/home/n/w/nwhite01/storage/ocr_20150623/60/hvd.32044019207810/381.png"; bbox 0 0 4098 6354; ppageno 0'>
   <div class='ocr_carea' id='block_1_1' title="bbox 370 208 475 269">
    <p class='ocr_par' dir='ltr' id='par_1_1' title="bbox 370 208 475 269">
     <span class='ocr_line' id='line_1_1' title="bbox 370 208 475 269; baseline -0.038 0"><span class='ocrx_word' id='word_1_1' title='bbox 370 208 475 269; x_wconf 72' lang='grc'><strong>877</strong></span> 
     </span>
    </p>
   </div>
   <div class='ocr_carea' id='block_1_2' title="bbox 367 296 2039 381">
    <p class='ocr_par' dir='ltr' id='par_1_2' title="bbox 367 296 2039 381">
     <span class='ocr_line' id='line_1_2' title="bbox 367 296 2039 381; baseline -0.021 -1"><span class='ocrx_word' id='word_1_2' title='bbox 367 321 572 380; x_wconf 81' lang='grc' dir='ltr'><strong>ἀνωθεν</strong></span> <span class='ocrx_word' id='word_1_3' title='bbox 593 318 663 372; x_wconf 90' lang='lat'><strong>16</strong></span> <span class='ocrx_word' id='word_1_4' title='bbox 680 314 822 371; x_wconf 80' lang='grc' dir='ltr'><strong>αὐτὰ</strong></span> <span class='ocrx_word' id='word_1_5' title='bbox 841 311 1181 381; x_wconf 74' lang='grc' dir='ltr'><strong>ἐπέλθωμεν.</strong></span> <span class='ocrx_word' id='word_1_6' title='bbox 1210 310 1271 363; x_wconf 86' lang='lat'><strong>&#39;0</strong></span> <span class='ocrx_word' id='word_1_7' title='bbox 1288 306 1429 362; x_wconf 79' lang='grc' dir='ltr'><strong>Καῒν</strong></span> <span class='ocrx_word' id='word_1_8' title='bbox 1454 305 1545 357; x_wconf 80' lang='grc' dir='ltr'><strong>τὸν</strong></span> <span class='ocrx_word' id='word_1_9' title='bbox 1564 300 1793 369; x_wconf 84' lang='grc' dir='ltr'><strong>ἀδελφὸν</strong></span> <span class='ocrx_word' id='word_1_10' title='bbox 1812 296 2039 355; x_wconf 79' lang='grc' dir='ltr'><strong>ἀνεῖλεν,</strong></span> 
     </span>
    </p>
   </div>
   <div class='ocr_carea' id='block_1_3' title="bbox 368 396 2040 486">
    <p class='ocr_par' dir='ltr' id='par_1_3' title="bbox 368 396 2040 486">
     <span class='ocr_line' id='line_1_3' title="bbox 368 396 2040 486; baseline -0.021 -9"><span class='ocrx_word' id='word_1_11' title='bbox 368 422 503 477; x_wconf 85' lang='grc' dir='ltr'><strong>ἀλλά</strong></span> <span class='ocrx_word' id='word_1_12' title='bbox 554 417 727 486; x_wconf 79' lang='grc' dir='ltr'><strong>ταύτῃ</strong></span> <span class='ocrx_word' id='word_1_13' title='bbox 782 412 981 484; x_wconf 80' lang='grc' dir='ltr'><strong>μᾶλλον</strong></span> <span class='ocrx_word' id='word_1_14' title='bbox 1019 408 1320 477; x_wconf 86' lang='grc' dir='ltr'><strong>ὠφέλησεν·</strong></span> <span class='ocrx_word' id='word_1_15' title='bbox 1369 404 1600 458; x_wconf 73' lang='grc' dir='ltr'><strong>ἄκουσον</strong></span> <span class='ocrx_word' id='word_1_16' title='bbox 1631 398 1742 468; x_wconf 90' lang='lat'><strong>769</strong></span> <span class='ocrx_word' id='word_1_17' title='bbox 1778 396 1831 448; x_wconf 93' lang='grc' dir='ltr'><strong>τί</strong></span> <span class='ocrx_word' id='word_1_18' title='bbox 1874 405 2040 463; x_wconf 87' lang='grc' dir='ltr'><strong>φησι·</strong></span> 
     </span>
    </p>
   </div>
   <div class='ocr_carea' id='block_1_4' title="bbox 369 489 2048 587">
    <p class='ocr_par' dir='ltr' id='par_1_4' title="bbox 369 489 2048 587">
     <span class='ocr_line' id='line_1_4' title="bbox 369 489 2048 587; baseline -0.02 -12"><span class='ocrx_word' id='word_1_19' title='bbox 369 518 541 587; x_wconf 80' lang='grc' dir='ltr'><strong>Φωνὴ</strong></span> <span class='ocrx_word' id='word_1_20' title='bbox 576 516 822 585; x_wconf 81' lang='grc' dir='ltr'><strong>αἵματος</strong></span> <span class='ocrx_word' id='word_1_21' title='bbox 853 509 961 565; x_wconf 79' lang='grc' dir='ltr'><strong>τοῦ</strong></span> <span class='ocrx_word' id='word_1_22' title='bbox 998 503 1269 577; x_wconf 71' lang='grc' dir='ltr'><strong>ἀδελφοῦ</strong></span> <span class='ocrx_word' id='word_1_23' title='bbox 1311 518 1429 558; x_wconf 88' lang='grc' dir='ltr'><strong>σου</strong></span> <span class='ocrx_word' id='word_1_24' title='bbox 1462 496 1586 567; x_wconf 80' lang='grc' dir='ltr'><strong>,βοᾷ</strong></span> <span class='ocrx_word' id='word_1_25' title='bbox 1625 500 1777 565; x_wconf 83' lang='grc' dir='ltr'><strong>πρός</strong></span> <span class='ocrx_word' id='word_1_26' title='bbox 1810 505 1918 563; x_wconf 80' lang='grc' dir='ltr'><strong>με·</strong></span> <span class='ocrx_word' id='word_1_27' title='bbox 1957 489 2048 543; x_wconf 68' lang='grc' dir='ltr'><strong>καὶ</strong></span> 
     </span>
    </p>
   </div>
   <div class='ocr_carea' id='block_1_5' title="bbox 372 588 2052 686">
    <p class='ocr_par' dir='ltr' id='par_1_5' title="bbox 372 588 2052 686">
     <span class='ocr_line' id='line_1_5' title="bbox 372 588 2052 686; baseline -0.019 -13"><span class='ocrx_word' id='word_1_28' title='bbox 372 620 533 676; x_wconf 82' lang='grc' dir='ltr'><strong>πάλιν</strong></span> <span class='ocrx_word' id='word_1_29' title='bbox 558 613 817 686; x_wconf 79' lang='grc' dir='ltr'><strong>ἀλλαχοῦ,</strong></span> <span class='ocrx_word' id='word_1_30' title='bbox 845 610 1078 679; x_wconf 80' lang='grc' dir='ltr'><strong>Αἵματι,</strong></span> <span class='ocrx_word' id='word_1_31' title='bbox 1102 605 1256 676; x_wconf 68' lang='grc' dir='ltr'><strong>φησι,</strong></span> <span class='ocrx_word' id='word_1_32' title='bbox 1290 599 1560 670; x_wconf 75' lang='grc' dir='ltr'><strong>κρεῖττον</strong></span> <span class='ocrx_word' id='word_1_33' title='bbox 1578 593 1871 651; x_wconf 69' lang='grc' dir='ltr'><strong>λαλοῦντι</strong></span> <span class='ocrx_word' id='word_1_34' title='bbox 1893 588 2052 656; x_wconf 85' lang='grc' dir='ltr'><strong>παρὰ</strong></span> 
     </span>
    </p>
   </div>
   <div class='ocr_carea' id='block_1_6' title="bbox 376 685 2052 776">
    <p class='ocr_par' dir='ltr' id='par_1_6' title="bbox 376 685 2052 776">
     <span class='ocr_line' id='line_1_6' title="bbox 376 685 2052 776; baseline -0.021 -5"><span class='ocrx_word' id='word_1_35' title='bbox 376 718 483 770; x_wconf 82' lang='grc' dir='ltr'><strong>τὸν</strong></span> <span class='ocrx_word' id='word_1_36' title='bbox 515 713 718 768; x_wconf 75' lang='grc' dir='ltr'><strong>Ἅϐελ.</strong></span> <span class='ocrx_word' id='word_1_37' title='bbox 760 703 1096 776; x_wconf 78' lang='grc' dir='ltr'><strong>Ἀπήλλαξεν</strong></span> <span class='ocrx_word' id='word_1_38' title='bbox 1126 700 1289 755; x_wconf 81' lang='grc' dir='ltr'><strong>αὐτὸν</strong></span> <span class='ocrx_word' id='word_1_39' title='bbox 1314 698 1414 770; x_wconf 81' lang='grc' dir='ltr'><strong>τῆς</strong></span> <span class='ocrx_word' id='word_1_40' title='bbox 1442 692 1665 765; x_wconf 86' lang='grc' dir='ltr'><strong>ἀδηλίας</strong></span> <span class='ocrx_word' id='word_1_41' title='bbox 1695 687 1791 742; x_wconf 90' lang='grc' dir='ltr'><strong>τοῦ</strong></span> <span class='ocrx_word' id='word_1_42' title='bbox 1829 685 2052 758; x_wconf 86' lang='grc' dir='ltr'><strong>μέλλον-</strong></span> 
     </span>
    </p>
   </div>
   <div class='ocr_carea' id='block_1_7' title="bbox 373 783 2052 879">
    <p class='ocr_par' dir='ltr' id='par_1_7' title="bbox 373 783 2052 879">
     <span class='ocr_line' id='line_1_7' title="bbox 373 783 2052 879; baseline -0.02 -12"><span class='ocrx_word' id='word_1_43' title='bbox 373 828 488 875; x_wconf 87' lang='grc' dir='ltr'><strong>τος,</strong></span> <span class='ocrx_word' id='word_1_44' title='bbox 516 810 610 864; x_wconf 85' lang='grc' dir='ltr'><strong>τδν</strong></span> <span class='ocrx_word' id='word_1_45' title='bbox 639 805 832 879; x_wconf 80' lang='grc' dir='ltr'><strong>μισθὸν</strong></span> <span class='ocrx_word' id='word_1_46' title='bbox 860 801 1066 875; x_wconf 73' lang='grc' dir='ltr'><strong>ηὔξησε</strong></span> <span class='ocrx_word' id='word_1_47' title='bbox 1090 816 1105 831; x_wconf 91' lang='grc'><strong>·</strong></span> <span class='ocrx_word' id='word_1_48' title='bbox 1140 798 1241 868; x_wconf 81' lang='grc' dir='ltr'><strong>τὴν</strong></span> <span class='ocrx_word' id='word_1_49' title='bbox 1267 793 1493 863; x_wconf 83' lang='grc' dir='ltr'><strong>ἀγάπην</strong></span> <span class='ocrx_word' id='word_1_50' title='bbox 1522 787 1800 861; x_wconf 73' lang='grc' dir='ltr'><strong>ἐμάθομεν</strong></span> <span class='ocrx_word' id='word_1_51' title='bbox 1828 783 2052 843; x_wconf 85' lang='grc' dir='ltr'><strong>πάντες,</strong></span> 
     </span>
    </p>
   </div>
   <div class='ocr_carea' id='block_1_8' title="bbox 373 878 2057 978">
    <p class='ocr_par' dir='ltr' id='par_1_8' title="bbox 373 878 2057 978">
     <span class='ocr_line' id='line_1_8' title="bbox 373 878 2057 978; baseline -0.02 -17"><span class='ocrx_word' id='word_1_52' title='bbox 373 909 443 978; x_wconf 70' lang='grc' dir='ltr'><strong>ἢν</strong></span> <span class='ocrx_word' id='word_1_53' title='bbox 473 909 501 961; x_wconf 95' lang='lat'><strong>6</strong></span> <span class='ocrx_word' id='word_1_54' title='bbox 522 878 653 968; x_wconf 83' lang='grc' dir='ltr'><strong>Θεὸς</strong></span> <span class='ocrx_word' id='word_1_55' title='bbox 683 903 810 972; x_wconf 70' lang='grc' dir='ltr'><strong>ἔσχε</strong></span> <span class='ocrx_word' id='word_1_56' title='bbox 840 899 979 969; x_wconf 84' lang='grc' dir='ltr'><strong>πρὸς</strong></span> <span class='ocrx_word' id='word_1_57' title='bbox 1002 895 1188 950; x_wconf 82' lang='grc' dir='ltr'><strong>αὐτόν.</strong></span> <span class='ocrx_word' id='word_1_58' title='bbox 1221 892 1288 947; x_wconf 90' lang='grc' dir='ltr'><strong>Τί</strong></span> <span class='ocrx_word' id='word_1_59' title='bbox 1316 890 1426 961; x_wconf 87' lang='lat'><strong>769</strong></span> <span class='ocrx_word' id='word_1_60' title='bbox 1455 886 1732 959; x_wconf 71' lang='grc' dir='ltr'><strong>ἠδίκηται,</strong></span> <span class='ocrx_word' id='word_1_61' title='bbox 1760 878 2057 949; x_wconf 84' lang='grc' dir='ltr'><strong>δεξάμενος</strong></span> 
     </span>
    </p>
   </div>
   <div class='ocr_carea' id='block_1_9' title="bbox 374 975 2056 1073">
    <p class='ocr_par' dir='ltr' id='par_1_9' title="bbox 374 975 2056 1073">
     <span class='ocr_line' id='line_1_9' title="bbox 374 975 2056 1073; baseline -0.018 -16"><span class='ocrx_word' id='word_1_62' title='bbox 374 975 564 1073; x_wconf 79' lang='grc' dir='ltr'><strong>τάχιον</strong></span> <span class='ocrx_word' id='word_1_63' title='bbox 586 1001 683 1071; x_wconf 85' lang='grc' dir='ltr'><strong>τὴν</strong></span> <span class='ocrx_word' id='word_1_64' title='bbox 704 998 993 1068; x_wconf 86' lang='grc' dir='ltr'><strong>τελευτήν;</strong></span> <span class='ocrx_word' id='word_1_65' title='bbox 1018 991 1185 1047; x_wconf 80' lang='grc' dir='ltr'><strong>Οὐδέν</strong></span> <span class='ocrx_word' id='word_1_66' title='bbox 1204 1008 1218 1021; x_wconf 88' lang='grc'><strong>·</strong></span> <span class='ocrx_word' id='word_1_67' title='bbox 1251 988 1306 1040; x_wconf 93' lang='grc' dir='ltr'><strong>τί</strong></span> <span class='ocrx_word' id='word_1_68' title='bbox 1330 986 1460 1057; x_wconf 90' lang='grc' dir='ltr'><strong>γάρ,</strong></span> <span class='ocrx_word' id='word_1_69' title='bbox 1482 981 1605 1037; x_wconf 85' lang='grc' dir='ltr'><strong>είπέ</strong></span> <span class='ocrx_word' id='word_1_70' title='bbox 1630 998 1740 1051; x_wconf 91' lang='grc' dir='ltr'><strong>μοι,</strong></span> <span class='ocrx_word' id='word_1_71' title='bbox 1766 979 1814 1031; x_wconf 91' lang='grc' dir='ltr'><strong>οί</strong></span> <span class='ocrx_word' id='word_1_72' title='bbox 1841 975 2056 1047; x_wconf 83' lang='grc' dir='ltr'><strong>βράδιον</strong></span> 
     </span>
    </p>
   </div>
   <div class='ocr_carea' id='block_1_10' title="bbox 377 1068 2060 1166">
    <p class='ocr_par' dir='ltr' id='par_1_10' title="bbox 377 1068 2060 1166">
     <span class='ocr_line' id='line_1_10' title="bbox 377 1068 2060 1166; baseline -0.02 -13"><span class='ocrx_word' id='word_1_73' title='bbox 377 1068 736 1160; x_wconf 74' lang='grc' dir='ltr'><strong>τελευτῶντες</strong></span> <span class='ocrx_word' id='word_1_74' title='bbox 769 1090 1178 1166; x_wconf 87' lang='grc' dir='ltr'><strong>κερδαίνουσιν;</strong></span> <span class='ocrx_word' id='word_1_75' title='bbox 1226 1081 1393 1138; x_wconf 80' lang='grc' dir='ltr'><strong>Οὐδέν</strong></span> <span class='ocrx_word' id='word_1_76' title='bbox 1418 1096 1433 1111; x_wconf 97' lang='grc'><strong>·</strong></span> <span class='ocrx_word' id='word_1_77' title='bbox 1475 1078 1599 1133; x_wconf 78' lang='grc' dir='ltr'><strong>οὐδὲ</strong></span> <span class='ocrx_word' id='word_1_78' title='bbox 1640 1074 1752 1148; x_wconf 90' lang='lat'><strong>769</strong></span> <span class='ocrx_word' id='word_1_79' title='bbox 1802 1069 1955 1143; x_wconf 79' lang='grc' dir='ltr'><strong>παρά</strong></span> <span class='ocrx_word' id='word_1_80' title='bbox 1996 1068 2060 1120; x_wconf 90' lang='lat'><strong>16</strong></span> 
     </span>
    </p>
   </div>
   <div class='ocr_carea' id='block_1_11' title="bbox 380 1166 2060 1263">
    <p class='ocr_par' dir='ltr' id='par_1_11' title="bbox 380 1166 2060 1263">
     <span class='ocr_line' id='line_1_11' title="bbox 380 1166 2060 1263; baseline -0.019 -14"><span class='ocrx_word' id='word_1_81' title='bbox 380 1194 550 1249; x_wconf 81' lang='grc' dir='ltr'><strong>πο),λά</strong></span> <span class='ocrx_word' id='word_1_82' title='bbox 591 1193 689 1263; x_wconf 79' lang='grc' dir='ltr'><strong>ζῇν</strong></span> <span class='ocrx_word' id='word_1_83' title='bbox 736 1191 831 1261; x_wconf 74' lang='grc' dir='ltr'><strong>ἔτη</strong></span> <span class='ocrx_word' id='word_1_84' title='bbox 860 1187 893 1258; x_wconf 81' lang='grc' dir='ltr'><strong>ἦ</strong></span> <span class='ocrx_word' id='word_1_85' title='bbox 934 1186 1092 1253; x_wconf 82' lang='grc' dir='ltr'><strong>ὀλίγα</strong></span> <span class='ocrx_word' id='word_1_86' title='bbox 1124 1183 1159 1253; x_wconf 86' lang='grc' dir='ltr'>ἡ</span> <span class='ocrx_word' id='word_1_87' title='bbox 1196 1177 1490 1251; x_wconf 84' lang='grc' dir='ltr'><strong>εύημερία,</strong></span> <span class='ocrx_word' id='word_1_88' title='bbox 1521 1172 1661 1228; x_wconf 88' lang='grc' dir='ltr'><strong>ἀλλά</strong></span> <span class='ocrx_word' id='word_1_89' title='bbox 1703 1168 1856 1242; x_wconf 84' lang='grc' dir='ltr'><strong>παρά</strong></span> <span class='ocrx_word' id='word_1_90' title='bbox 1889 1166 1951 1220; x_wconf 89' lang='lat'><strong>16</strong></span> <span class='ocrx_word' id='word_1_91' title='bbox 1980 1166 2060 1228; x_wconf 87' lang='grc' dir='ltr'><strong>είς</strong></span> 
     </span>
    </p>
   </div>
   <div class='ocr_carea' id='block_1_12' title="bbox 379 1261 2063 1359">
    <p class='ocr_par' dir='ltr' id='par_1_12' title="bbox 379 1261 2063 1359">
     <span class='ocr_line' id='line_1_12' title="bbox 379 1261 2063 1359; baseline -0.018 -14"><span class='ocrx_word' id='word_1_92' title='bbox 379 1291 495 1344; x_wconf 84' lang='grc' dir='ltr'><strong>δέον</strong></span> <span class='ocrx_word' id='word_1_93' title='bbox 542 1261 845 1359; x_wconf 81' lang='grc' dir='ltr'><strong>κεχρῆσθαι</strong></span> <span class='ocrx_word' id='word_1_94' title='bbox 874 1284 942 1353; x_wconf 83' lang='grc' dir='ltr'><strong>τῇ</strong></span> <span class='ocrx_word' id='word_1_95' title='bbox 975 1280 1112 1350; x_wconf 73' lang='grc' dir='ltr'><strong>ζωῇ.</strong></span> <span class='ocrx_word' id='word_1_96' title='bbox 1155 1277 1221 1330; x_wconf 72' lang='lat' dir='ltr'><strong>OE</strong></span> <span class='ocrx_word' id='word_1_97' title='bbox 1266 1275 1416 1345; x_wconf 83' lang='grc' dir='ltr'>τρεῖς</span> <span class='ocrx_word' id='word_1_98' title='bbox 1458 1270 1649 1332; x_wconf 91' lang='grc' dir='ltr'><strong>παῖδες</strong></span> <span class='ocrx_word' id='word_1_99' title='bbox 1693 1261 2063 1334; x_wconf 72' lang='grc' dir='ltr'><strong>ἐνεϐλήθησαν</strong></span> 
     </span>
    </p>
   </div>
   <div class='ocr_carea' id='block_1_13' title="bbox 382 1357 2063 1455">
    <p class='ocr_par' dir='ltr' id='par_1_13' title="bbox 382 1357 2063 1455">
     <span class='ocr_line' id='line_1_13' title="bbox 382 1357 2063 1455; baseline -0.02 -14"><span class='ocrx_word' id='word_1_100' title='bbox 382 1388 463 1450; x_wconf 83' lang='grc' dir='ltr'><strong>είς</strong></span> <span class='ocrx_word' id='word_1_101' title='bbox 490 1357 760 1455; x_wconf 76' lang='grc' dir='ltr'><strong>κάμινον,</strong></span> <span class='ocrx_word' id='word_1_102' title='bbox 795 1381 889 1433; x_wconf 68' lang='grc' dir='ltr'><strong>καὶ</strong></span> <span class='ocrx_word' id='word_1_103' title='bbox 920 1376 1009 1432; x_wconf 84' lang='grc' dir='ltr'><strong>διὰ</strong></span> <span class='ocrx_word' id='word_1_104' title='bbox 1054 1372 1246 1429; x_wconf 90' lang='grc' dir='ltr'><strong>τούτου</strong></span> <span class='ocrx_word' id='word_1_105' title='bbox 1294 1370 1555 1439; x_wconf 88' lang='grc' dir='ltr'><strong>γεγόνασι</strong></span> <span class='ocrx_word' id='word_1_106' title='bbox 1596 1361 2000 1434; x_wconf 78' lang='grc' dir='ltr'><strong>λαμπρότεροι·</strong></span> <span class='ocrx_word' id='word_1_107' title='bbox 2033 1357 2063 1409; x_wconf 97' lang='lat'><strong>6</strong></span> 
     </span>
    </p>
   </div>
   <div class='ocr_carea' id='block_1_14' title="bbox 384 1455 2063 1550">
    <p class='ocr_par' dir='ltr' id='par_1_14' title="bbox 384 1455 2063 1550">
     <span class='ocr_line' id='line_1_14' title="bbox 384 1455 2063 1550; baseline -0.017 -16"><span class='ocrx_word' id='word_1_108' title='bbox 384 1480 582 1550; x_wconf 82' lang='grc' dir='ltr'><strong>Δανιὴλ</strong></span> <span class='ocrx_word' id='word_1_109' title='bbox 652 1478 733 1540; x_wconf 87' lang='grc' dir='ltr'><strong>είς</strong></span> <span class='ocrx_word' id='word_1_110' title='bbox 804 1474 1008 1529; x_wconf 83' lang='grc' dir='ltr'><strong>λάκκον</strong></span> <span class='ocrx_word' id='word_1_111' title='bbox 1033 1511 1049 1538; x_wconf 91' lang='grc'><strong>,</strong></span> <span class='ocrx_word' id='word_1_112' title='bbox 1112 1469 1212 1549; x_wconf 64' lang='grc' dir='ltr'><strong>καί.¹</strong></span> <span class='ocrx_word' id='word_1_113' title='bbox 1267 1463 1521 1522; x_wconf 72' lang='grc' dir='ltr'><strong>ἐντεῦθεν</strong></span> <span class='ocrx_word' id='word_1_114' title='bbox 1601 1455 2063 1531; x_wconf 80' lang='grc' dir='ltr'><strong>περιφανέστερος</strong></span> 
     </span>
    </p>
   </div>
   <div class='ocr_carea' id='block_1_15' title="bbox 389 1575 652 1644">
    <p class='ocr_par' dir='ltr' id='par_1_15' title="bbox 389 1575 652 1644">
     <span class='ocr_line' id='line_1_15' title="bbox 389 1575 652 1644; baseline -0.015 -15"><span class='ocrx_word' id='word_1_115' title='bbox 389 1575 652 1644; x_wconf 80' lang='grc' dir='ltr'><strong>κατέστη.</strong></span> 
     </span>
    </p>
   </div>
   <div class='ocr_carea' id='block_1_16' title="bbox 458 1687 2066 1779">
    <p class='ocr_par' dir='ltr' id='par_1_16' title="bbox 458 1687 2066 1779">
     <span class='ocr_line' id='line_1_16' title="bbox 458 1687 2066 1779; baseline -0.017 -15"><span class='ocrx_word' id='word_1_116' title='bbox 458 1716 530 1778; x_wconf 86' lang='grc' dir='ltr'><strong>γ’.</strong></span> <span class='ocrx_word' id='word_1_117' title='bbox 558 1708 725 1779; x_wconf 79' lang='grc' dir='ltr'><strong>Ὀρᾷς</strong></span> <span class='ocrx_word' id='word_1_118' title='bbox 742 1702 1020 1774; x_wconf 88' lang='grc' dir='ltr'><strong>πανταχοῦ</strong></span> <span class='ocrx_word' id='word_1_119' title='bbox 1039 1702 1167 1764; x_wconf 75' lang='grc' dir='ltr'><strong>τοὺς</strong></span> <span class='ocrx_word' id='word_1_120' title='bbox 1188 1694 1529 1770; x_wconf 78' lang='grc' dir='ltr'><strong>πειρασμοὺς</strong></span> <span class='ocrx_word' id='word_1_121' title='bbox 1552 1690 1764 1764; x_wconf 87' lang='grc' dir='ltr'><strong>μεγάλα</strong></span> <span class='ocrx_word' id='word_1_122' title='bbox 1784 1687 2066 1747; x_wconf 90' lang='grc' dir='ltr'><strong>τίκτοντας</strong></span> 
     </span>
    </p>
   </div>
   <div class='ocr_carea' id='block_1_17' title="bbox 387 1783 2068 1877">
    <p class='ocr_par' dir='ltr' id='par_1_17' title="bbox 387 1783 2068 1877">
     <span class='ocr_line' id='line_1_17' title="bbox 387 1783 2068 1877; baseline -0.015 -16"><span class='ocrx_word' id='word_1_123' title='bbox 387 1805 569 1877; x_wconf 86' lang='grc' dir='ltr'><strong>ἀγαθά</strong></span> <span class='ocrx_word' id='word_1_124' title='bbox 605 1806 710 1859; x_wconf 71' lang='grc' dir='ltr'><strong>καὶ</strong></span> <span class='ocrx_word' id='word_1_125' title='bbox 737 1800 1007 1865; x_wconf 72' lang='grc' dir='ltr'><strong>ἐνταῦθα,</strong></span> <span class='ocrx_word' id='word_1_126' title='bbox 1043 1799 1175 1870; x_wconf 86' lang='grc' dir='ltr'><strong>μήτι</strong></span> <span class='ocrx_word' id='word_1_127' title='bbox 1206 1813 1271 1865; x_wconf 89' lang='grc' dir='ltr'><strong>γε</strong></span> <span class='ocrx_word' id='word_1_128' title='bbox 1305 1795 1452 1847; x_wconf 63' lang='grc' dir='ltr'><strong>ἐκεῖ·</strong></span> <span class='ocrx_word' id='word_1_129' title='bbox 1499 1790 1593 1845; x_wconf 73' lang='grc' dir='ltr'><strong>ἐπὶ</strong></span> <span class='ocrx_word' id='word_1_130' title='bbox 1629 1788 1689 1842; x_wconf 74' lang='grc' dir='ltr'><strong>δὲ</strong></span> <span class='ocrx_word' id='word_1_131' title='bbox 1724 1790 1825 1858; x_wconf 83' lang='grc' dir='ltr'><strong>τῆς</strong></span> <span class='ocrx_word' id='word_1_132' title='bbox 1870 1783 2068 1846; x_wconf 87' lang='grc' dir='ltr'><strong>κακίας</strong></span> 
     </span>
    </p>
   </div>
   <div class='ocr_carea' id='block_1_18' title="bbox 387 1871 2068 1969">
    <p class='ocr_par' dir='ltr' id='par_1_18' title="bbox 387 1871 2068 1969">
     <span class='ocr_line' id='line_1_18' title="bbox 387 1871 2068 1969; baseline -0.015 -13"><span class='ocrx_word' id='word_1_133' title='bbox 387 1871 586 1955; x_wconf 83' lang='grc' dir='ltr'><strong>ταυτὸν</strong></span> <span class='ocrx_word' id='word_1_134' title='bbox 611 1902 857 1969; x_wconf 88' lang='grc' dir='ltr'><strong>γίνεται,</strong></span> <span class='ocrx_word' id='word_1_135' title='bbox 887 1891 999 1951; x_wconf 74' lang='grc' dir='ltr'>οἷον</span> <span class='ocrx_word' id='word_1_136' title='bbox 1027 1894 1095 1949; x_wconf 84' lang='grc' dir='ltr'><strong>ἀν</strong></span> <span class='ocrx_word' id='word_1_137' title='bbox 1122 1894 1177 1947; x_wconf 81' lang='grc' dir='ltr'><strong>εί</strong></span> <span class='ocrx_word' id='word_1_138' title='bbox 1202 1907 1287 1954; x_wconf 88' lang='grc' dir='ltr'><strong>τις</strong></span> <span class='ocrx_word' id='word_1_139' title='bbox 1321 1887 1569 1958; x_wconf 89' lang='grc' dir='ltr'><strong>κάλαμον</strong></span> <span class='ocrx_word' id='word_1_140' title='bbox 1603 1884 1743 1955; x_wconf 71' lang='grc' dir='ltr'><strong>ἔχων</strong></span> <span class='ocrx_word' id='word_1_141' title='bbox 1782 1871 2068 1953; x_wconf 77' lang='grc' dir='ltr'><strong>παρατάτ-</strong></span> 
     </span>
    </p>
   </div>
   <div class='ocr_carea' id='block_1_19' title="bbox 389 1973 2072 2068">
    <p class='ocr_par' dir='ltr' id='par_1_19' title="bbox 389 1973 2072 2068">
     <span class='ocr_line' id='line_1_19' title="bbox 389 1973 2072 2068; baseline -0.016 -16"><span class='ocrx_word' id='word_1_142' title='bbox 389 1996 702 2068; x_wconf 53' lang='grc' dir='ltr'><strong>τοιτοῖπρὸς</strong></span> <span class='ocrx_word' id='word_1_143' title='bbox 732 1994 866 2063; x_wconf 88' lang='grc' dir='ltr'><strong>πῦρ·</strong></span> <span class='ocrx_word' id='word_1_144' title='bbox 901 1994 931 2046; x_wconf 92' lang='lat'><strong>6</strong></span> <span class='ocrx_word' id='word_1_145' title='bbox 971 1992 1083 2061; x_wconf 86' lang='lat'><strong>769</strong></span> <span class='ocrx_word' id='word_1_146' title='bbox 1115 1987 1358 2049; x_wconf 93' lang='grc' dir='ltr'><strong>τοιοῦτος</strong></span> <span class='ocrx_word' id='word_1_147' title='bbox 1388 1984 1535 2039; x_wconf 88' lang='grc' dir='ltr'><strong>δοκεῖ</strong></span> <span class='ocrx_word' id='word_1_148' title='bbox 1574 1980 1672 2051; x_wconf 81' lang='grc' dir='ltr'><strong>μὲν</strong></span> <span class='ocrx_word' id='word_1_149' title='bbox 1709 1977 1968 2048; x_wconf 85' lang='grc' dir='ltr'><strong>πλήττειν</strong></span> <span class='ocrx_word' id='word_1_150' title='bbox 2010 1973 2072 2027; x_wconf 88' lang='lat'><strong>16</strong></span> 
     </span>
    </p>
   </div>
   <div class='ocr_carea' id='block_1_20' title="bbox 391 2072 2068 2167">
    <p class='ocr_par' dir='ltr' id='par_1_20' title="bbox 391 2072 2068 2167">
     <span class='ocr_line' id='line_1_20' title="bbox 391 2072 2068 2167; baseline -0.015 -18"><span class='ocrx_word' id='word_1_151' title='bbox 391 2093 526 2167; x_wconf 86' lang='grc' dir='ltr'><strong>πῦρ,</strong></span> <span class='ocrx_word' id='word_1_152' title='bbox 553 2091 683 2147; x_wconf 75' lang='grc' dir='ltr'><strong>αὐτὸ</strong></span> <span class='ocrx_word' id='word_1_153' title='bbox 709 2091 767 2145; x_wconf 81' lang='grc' dir='ltr'><strong>δὲ</strong></span> <span class='ocrx_word' id='word_1_154' title='bbox 795 2089 1177 2161; x_wconf 81' lang='grc' dir='ltr'><strong>λαμπρότερον</strong></span> <span class='ocrx_word' id='word_1_155' title='bbox 1207 2086 1372 2149; x_wconf 88' lang='grc' dir='ltr'><strong>ποιεῖ,</strong></span> <span class='ocrx_word' id='word_1_156' title='bbox 1410 2080 1505 2134; x_wconf 74' lang='grc' dir='ltr'><strong>καὶ</strong></span> <span class='ocrx_word' id='word_1_157' title='bbox 1540 2076 1730 2133; x_wconf 78' lang='grc' dir='ltr'><strong>ἑαυτὸν</strong></span> <span class='ocrx_word' id='word_1_158' title='bbox 1763 2072 2068 2130; x_wconf 90' lang='grc' dir='ltr'><strong>ἀναλίσκει.</strong></span> 
     </span>
    </p>
   </div>
   <div class='ocr_carea' id='block_1_21' title="bbox 392 2170 2073 2261">
    <p class='ocr_par' dir='ltr' id='par_1_21' title="bbox 392 2170 2073 2261">
     <span class='ocr_line' id='line_1_21' title="bbox 392 2170 2073 2261; baseline -0.014 -18"><span class='ocrx_word' id='word_1_159' title='bbox 392 2189 720 2261; x_wconf 78' lang='grc' dir='ltr'><strong>Τροφὴγάρ</strong></span> <span class='ocrx_word' id='word_1_160' title='bbox 749 2186 959 2256; x_wconf 91' lang='grc' dir='ltr'><strong>γίνεται</strong></span> <span class='ocrx_word' id='word_1_161' title='bbox 985 2187 1018 2255; x_wconf 87' lang='grc' dir='ltr'><strong>ή</strong></span> <span class='ocrx_word' id='word_1_162' title='bbox 1053 2182 1222 2237; x_wconf 84' lang='grc' dir='ltr'><strong>κακία</strong></span> <span class='ocrx_word' id='word_1_163' title='bbox 1290 2180 1382 2232; x_wconf 70' lang='grc' dir='ltr'><strong>καὶ</strong></span> <span class='ocrx_word' id='word_1_164' title='bbox 1409 2175 1665 2238; x_wconf 80' lang='grc' dir='ltr'><strong>ὑπόθεσις</strong></span> <span class='ocrx_word' id='word_1_165' title='bbox 1688 2170 2073 2242; x_wconf 78' lang='grc' dir='ltr'><strong>λαμπρότητος</strong></span> 
     </span>
    </p>
   </div>
   <div class='ocr_carea' id='block_1_22' title="bbox 393 2262 2074 2356">
    <p class='ocr_par' dir='ltr' id='par_1_22' title="bbox 393 2262 2074 2356">
     <span class='ocr_line' id='line_1_22' title="bbox 393 2262 2074 2356; baseline -0.013 -18"><span class='ocrx_word' id='word_1_166' title='bbox 393 2284 460 2356; x_wconf 79' lang='grc' dir='ltr'><strong>τῇ</strong></span> <span class='ocrx_word' id='word_1_167' title='bbox 492 2286 682 2355; x_wconf 77' lang='grc' dir='ltr'><strong>ἀρετῇ·</strong></span> <span class='ocrx_word' id='word_1_168' title='bbox 708 2284 772 2353; x_wconf 78' lang='grc' dir='ltr'><strong>τῇ</strong></span> <span class='ocrx_word' id='word_1_169' title='bbox 800 2281 908 2353; x_wconf 84' lang='grc' dir='ltr'><strong>γάρ</strong></span> <span class='ocrx_word' id='word_1_170' title='bbox 938 2279 1122 2350; x_wconf 78' lang='grc' dir='ltr'><strong>ἀδικίᾳ</strong></span> <span class='ocrx_word' id='word_1_171' title='bbox 1147 2277 1227 2339; x_wconf 86' lang='grc' dir='ltr'><strong>είς</strong></span> <span class='ocrx_word' id='word_1_172' title='bbox 1243 2274 1362 2329; x_wconf 84' lang='grc' dir='ltr'><strong>δέον</strong></span> <span class='ocrx_word' id='word_1_173' title='bbox 1381 2272 1476 2326; x_wconf 87' lang='grc' dir='ltr'><strong>τοῦ</strong></span> <span class='ocrx_word' id='word_1_174' title='bbox 1506 2270 1642 2324; x_wconf 84' lang='grc' dir='ltr'><strong>Θεοῦ</strong></span> <span class='ocrx_word' id='word_1_175' title='bbox 1664 2266 1974 2341; x_wconf 83' lang='grc' dir='ltr'><strong>χρωμένου,</strong></span> <span class='ocrx_word' id='word_1_176' title='bbox 2004 2262 2074 2316; x_wconf 90' lang='grc' dir='ltr'><strong>τά</strong></span> 
     </span>
    </p>
   </div>
   <div class='ocr_carea' id='block_1_23' title="bbox 395 2360 2078 2450">
    <p class='ocr_par' dir='ltr' id='par_1_23' title="bbox 395 2360 2078 2450">
     <span class='ocr_line' id='line_1_23' title="bbox 395 2360 2078 2450; baseline -0.012 -18"><span class='ocrx_word' id='word_1_177' title='bbox 395 2379 641 2450; x_wconf 84' lang='grc' dir='ltr'><strong>ἡμέτερα</strong></span> <span class='ocrx_word' id='word_1_178' title='bbox 668 2376 875 2448; x_wconf 87' lang='grc' dir='ltr'><strong>λάμπει</strong></span> <span class='ocrx_word' id='word_1_179' title='bbox 909 2374 1130 2446; x_wconf 77' lang='grc' dir='ltr'><strong>μᾶλλον.</strong></span> <span class='ocrx_word' id='word_1_180' title='bbox 1156 2371 1326 2424; x_wconf 87' lang='grc' dir='ltr'><strong>Πάλιν</strong></span> <span class='ocrx_word' id='word_1_181' title='bbox 1352 2371 1380 2423; x_wconf 95' lang='lat'><strong>6</strong></span> <span class='ocrx_word' id='word_1_182' title='bbox 1407 2366 1653 2429; x_wconf 91' lang='grc' dir='ltr'><strong>διάϐολος</strong></span> <span class='ocrx_word' id='word_1_183' title='bbox 1680 2365 1808 2417; x_wconf 83' lang='grc' dir='ltr'><strong>ὅταν</strong></span> <span class='ocrx_word' id='word_1_184' title='bbox 1838 2360 2078 2432; x_wconf 77' lang='grc' dir='ltr'><strong>ἐργάζη-</strong></span> 
     </span>
    </p>
   </div>
   <div class='ocr_carea' id='block_1_24' title="bbox 393 2459 2075 2544">
    <p class='ocr_par' dir='ltr' id='par_1_24' title="bbox 393 2459 2075 2544">
     <span class='ocr_line' id='line_1_24' title="bbox 393 2459 2075 2544; baseline -0.011 -14"><span class='ocrx_word' id='word_1_185' title='bbox 393 2476 485 2530; x_wconf 85' lang='grc' dir='ltr'><strong>ταί</strong></span> <span class='ocrx_word' id='word_1_186' title='bbox 515 2493 567 2529; x_wconf 91' lang='grc' dir='ltr'><strong>τι</strong></span> <span class='ocrx_word' id='word_1_187' title='bbox 595 2474 868 2539; x_wconf 89' lang='grc' dir='ltr'><strong>τοιοῦτον,</strong></span> <span class='ocrx_word' id='word_1_188' title='bbox 902 2470 1317 2544; x_wconf 81' lang='grc' dir='ltr'><strong>λαμπροτέρους</strong></span> <span class='ocrx_word' id='word_1_189' title='bbox 1354 2468 1499 2520; x_wconf 85' lang='grc' dir='ltr'><strong>ποιεῖ</strong></span> <span class='ocrx_word' id='word_1_190' title='bbox 1524 2464 1653 2527; x_wconf 80' lang='grc' dir='ltr'><strong>τοὺς</strong></span> <span class='ocrx_word' id='word_1_191' title='bbox 1682 2459 2075 2532; x_wconf 84' lang='grc' dir='ltr'><strong>ὑπομένοντας.</strong></span> 
     </span>
    </p>
   </div>
   <div class='ocr_carea' id='block_1_25' title="bbox 397 2551 2077 2642">
    <p class='ocr_par' dir='ltr' id='par_1_25' title="bbox 397 2551 2077 2642">
     <span class='ocr_line' id='line_1_25' title="bbox 397 2551 2077 2642; baseline -0.013 -16"><span class='ocrx_word' id='word_1_192' title='bbox 397 2568 461 2626; x_wconf 86' lang='grc' dir='ltr'><strong>Τί</strong></span> <span class='ocrx_word' id='word_1_193' title='bbox 503 2568 633 2638; x_wconf 84' lang='grc' dir='ltr'><strong>οὖν,</strong></span> <span class='ocrx_word' id='word_1_194' title='bbox 673 2571 878 2642; x_wconf 73' lang='grc' dir='ltr'><strong>φησὶν,</strong></span> <span class='ocrx_word' id='word_1_195' title='bbox 906 2567 999 2621; x_wconf 74' lang='grc' dir='ltr'><strong>ἐπὶ</strong></span> <span class='ocrx_word' id='word_1_196' title='bbox 1033 2565 1130 2620; x_wconf 91' lang='grc' dir='ltr'><strong>τοῦ</strong></span> <span class='ocrx_word' id='word_1_197' title='bbox 1188 2563 1363 2634; x_wconf 78' lang='grc' dir='ltr'><strong>’Ᾱδάμ</strong></span> <span class='ocrx_word' id='word_1_198' title='bbox 1400 2561 1461 2615; x_wconf 82' lang='grc' dir='ltr'><strong>ού</strong></span> <span class='ocrx_word' id='word_1_199' title='bbox 1500 2559 1693 2629; x_wconf 85' lang='grc' dir='ltr'><strong>γέγονε</strong></span> <span class='ocrx_word' id='word_1_200' title='bbox 1732 2556 1913 2621; x_wconf 93' lang='grc' dir='ltr'><strong>τοῦτο,</strong></span> <span class='ocrx_word' id='word_1_201' title='bbox 1961 2551 2077 2608; x_wconf 81' lang='grc' dir='ltr'><strong>ἀλλ’</strong></span> 
     </span>
    </p>
   </div>
   <div class='ocr_carea' id='block_1_26' title="bbox 396 2651 2081 2738">
    <p class='ocr_par' dir='ltr' id='par_1_26' title="bbox 396 2651 2081 2738">
     <span class='ocr_line' id='line_1_26' title="bbox 396 2651 2081 2738; baseline -0.011 -17"><span class='ocrx_word' id='word_1_202' title='bbox 396 2666 724 2738; x_wconf 79' lang='grc' dir='ltr'><strong>ἀτιμότερος</strong></span> <span class='ocrx_word' id='word_1_203' title='bbox 761 2664 996 2733; x_wconf 80' lang='grc' dir='ltr'><strong>γέγονε;</strong></span> <span class='ocrx_word' id='word_1_204' title='bbox 1033 2660 1287 2716; x_wconf 86' lang='grc' dir='ltr'><strong>Μάλιστα</strong></span> <span class='ocrx_word' id='word_1_205' title='bbox 1329 2658 1428 2728; x_wconf 80' lang='grc' dir='ltr'><strong>μὲν</strong></span> <span class='ocrx_word' id='word_1_206' title='bbox 1462 2656 1700 2726; x_wconf 83' lang='grc' dir='ltr'><strong>κάκείνῳ</strong></span> <span class='ocrx_word' id='word_1_207' title='bbox 1747 2654 1776 2706; x_wconf 93' lang='lat'><strong>6</strong></span> <span class='ocrx_word' id='word_1_208' title='bbox 1823 2652 1955 2717; x_wconf 81' lang='grc' dir='ltr'><strong>Θεὸς</strong></span> <span class='ocrx_word' id='word_1_209' title='bbox 1998 2651 2081 2713; x_wconf 87' lang='grc' dir='ltr'><strong>εἰς</strong></span> 
     </span>
    </p>
   </div>
   <div class='ocr_carea' id='block_1_27' title="bbox 398 2750 2080 2837">
    <p class='ocr_par' dir='ltr' id='par_1_27' title="bbox 398 2750 2080 2837">
     <span class='ocr_line' id='line_1_27' title="bbox 398 2750 2080 2837; baseline -0.01 -17"><span class='ocrx_word' id='word_1_210' title='bbox 398 2765 520 2820; x_wconf 80' lang='grc' dir='ltr'><strong>δέον</strong></span> <span class='ocrx_word' id='word_1_211' title='bbox 552 2765 829 2837; x_wconf 73' lang='grc' dir='ltr'><strong>ὲχρήσατο</strong></span> <span class='ocrx_word' id='word_1_212' title='bbox 848 2780 863 2794; x_wconf 92' lang='grc'><strong>·</strong></span> <span class='ocrx_word' id='word_1_213' title='bbox 898 2764 948 2815; x_wconf 78' lang='grc' dir='ltr'><strong>εί</strong></span> <span class='ocrx_word' id='word_1_214' title='bbox 972 2761 1031 2815; x_wconf 86' lang='grc' dir='ltr'><strong>δέ</strong></span> <span class='ocrx_word' id='word_1_215' title='bbox 1058 2759 1161 2814; x_wconf 87' lang='grc' dir='ltr'><strong>πού</strong></span> <span class='ocrx_word' id='word_1_216' title='bbox 1194 2777 1246 2813; x_wconf 93' lang='grc' dir='ltr'><strong>τι</strong></span> <span class='ocrx_word' id='word_1_217' title='bbox 1286 2758 1510 2821; x_wconf 77' lang='grc' dir='ltr'><strong>ἔπαθεν,</strong></span> <span class='ocrx_word' id='word_1_218' title='bbox 1545 2755 1711 2819; x_wconf 74' lang='grc' dir='ltr'><strong>αὐτὸς</strong></span> <span class='ocrx_word' id='word_1_219' title='bbox 1738 2754 1931 2808; x_wconf 76' lang='grc' dir='ltr'><strong>ἑαυτὸν</strong></span> <span class='ocrx_word' id='word_1_220' title='bbox 1962 2750 2080 2822; x_wconf 77' lang='grc' dir='ltr'><strong>ἡδί-</strong></span> 
     </span>
    </p>
   </div>
   <div class='ocr_carea' id='block_1_28' title="bbox 401 2849 2082 2932">
    <p class='ocr_par' dir='ltr' id='par_1_28' title="bbox 401 2849 2082 2932">
     <span class='ocr_line' id='line_1_28' title="bbox 401 2849 2082 2932; baseline -0.009 -16"><span class='ocrx_word' id='word_1_221' title='bbox 401 2874 572 2932; x_wconf 85' lang='grc' dir='ltr'><strong>κησε·</strong></span> <span class='ocrx_word' id='word_1_222' title='bbox 620 2860 691 2915; x_wconf 78' lang='grc' dir='ltr'><strong>τά</strong></span> <span class='ocrx_word' id='word_1_223' title='bbox 746 2860 846 2930; x_wconf 79' lang='grc' dir='ltr'><strong>μὲν</strong></span> <span class='ocrx_word' id='word_1_224' title='bbox 895 2858 1005 2931; x_wconf 88' lang='lat'><strong>769</strong></span> <span class='ocrx_word' id='word_1_225' title='bbox 1062 2855 1197 2928; x_wconf 84' lang='grc' dir='ltr'><strong>παρ’</strong></span> <span class='ocrx_word' id='word_1_226' title='bbox 1252 2854 1457 2925; x_wconf 73' lang='grc' dir='ltr'><strong>ἑτέρων</strong></span> <span class='ocrx_word' id='word_1_227' title='bbox 1503 2853 1583 2915; x_wconf 84' lang='grc' dir='ltr'><strong>είς</strong></span> <span class='ocrx_word' id='word_1_228' title='bbox 1628 2852 1781 2923; x_wconf 80' lang='grc' dir='ltr'><strong>ἡμᾶς</strong></span> <span class='ocrx_word' id='word_1_229' title='bbox 1821 2849 2082 2920; x_wconf 83' lang='grc' dir='ltr'><strong>γινόμενα</strong></span> 
     </span>
    </p>
   </div>
   <div class='ocr_carea' id='block_1_29' title="bbox 405 2947 2083 3031">
    <p class='ocr_par' dir='ltr' id='par_1_29' title="bbox 405 2947 2083 3031">
     <span class='ocr_line' id='line_1_29' title="bbox 405 2947 2083 3031; baseline -0.007 -19"><span class='ocrx_word' id='word_1_230' title='bbox 405 2956 658 3031; x_wconf 84' lang='grc' dir='ltr'><strong>μεγάλων</strong></span> <span class='ocrx_word' id='word_1_231' title='bbox 685 2957 819 3027; x_wconf 78' lang='grc' dir='ltr'><strong>ἡμῖν</strong></span> <span class='ocrx_word' id='word_1_232' title='bbox 849 2953 1072 3024; x_wconf 80' lang='grc' dir='ltr'><strong>ἀγαθῶν</strong></span> <span class='ocrx_word' id='word_1_233' title='bbox 1088 2954 1248 3006; x_wconf 86' lang='grc' dir='ltr'><strong>-αίτια</strong></span> <span class='ocrx_word' id='word_1_234' title='bbox 1286 2950 1495 3020; x_wconf 87' lang='grc' dir='ltr'><strong>γίνεται</strong></span> <span class='ocrx_word' id='word_1_235' title='bbox 1513 2990 1528 3015; x_wconf 94' lang='grc'><strong>,</strong></span> <span class='ocrx_word' id='word_1_236' title='bbox 1558 2948 1627 3003; x_wconf 84' lang='lat'><strong>16</strong></span> <span class='ocrx_word' id='word_1_237' title='bbox 1656 2948 1715 3002; x_wconf 84' lang='grc' dir='ltr'><strong>δὲ</strong></span> <span class='ocrx_word' id='word_1_238' title='bbox 1755 2947 1887 3019; x_wconf 78' lang='grc' dir='ltr'><strong>παρ’</strong></span> <span class='ocrx_word' id='word_1_239' title='bbox 1922 2949 1955 3018; x_wconf 87' lang='grc' dir='ltr'><strong>ή</strong></span> <span class='ocrx_word' id='word_1_240' title='bbox 1966 2947 2083 3018; x_wconf 88' lang='grc' dir='ltr'><strong>μῶν</strong></span> 
     </span>
    </p>
   </div>
   <div class='ocr_carea' id='block_1_30' title="bbox 409 3042 2081 3121">
    <p class='ocr_par' dir='ltr' id='par_1_30' title="bbox 409 3042 2081 3121">
     <span class='ocr_line' id='line_1_30' title="bbox 409 3042 2081 3121; baseline -0.007 -15"><span class='ocrx_word' id='word_1_241' title='bbox 409 3052 591 3107; x_wconf 81' lang='grc' dir='ltr'><strong>αὐτῶν</strong></span> <span class='ocrx_word' id='word_1_242' title='bbox 613 3051 819 3105; x_wconf 82' lang='grc' dir='ltr'><strong>οὐκέτι.</strong></span> <span class='ocrx_word' id='word_1_243' title='bbox 858 3048 1078 3120; x_wconf 81' lang='grc' dir='ltr'><strong>Ἐπειδὴ</strong></span> <span class='ocrx_word' id='word_1_244' title='bbox 1099 3048 1207 3121; x_wconf 84' lang='grc' dir='ltr'><strong>γὰρ</strong></span> <span class='ocrx_word' id='word_1_245' title='bbox 1233 3042 1579 3116; x_wconf 82' lang='grc' dir='ltr'><strong>ἀδικούμενοι</strong></span> <span class='ocrx_word' id='word_1_246' title='bbox 1613 3044 1710 3115; x_wconf 81' lang='grc' dir='ltr'><strong>μὲν</strong></span> <span class='ocrx_word' id='word_1_247' title='bbox 1731 3044 1824 3114; x_wconf 81' lang='grc' dir='ltr'><strong>ὑφ’</strong></span> <span class='ocrx_word' id='word_1_248' title='bbox 1856 3042 2081 3115; x_wconf 76' lang='grc' dir='ltr'><strong>ἑτέρων,</strong></span> 
     </span>
    </p>
   </div>
   <div class='ocr_carea' id='block_1_31' title="bbox 405 3138 2083 3219">
    <p class='ocr_par' dir='ltr' id='par_1_31' title="bbox 405 3138 2083 3219">
     <span class='ocr_line' id='line_1_31' title="bbox 405 3138 2083 3219; baseline -0.007 -17"><span class='ocrx_word' id='word_1_249' title='bbox 405 3146 699 3219; x_wconf 89' lang='grc' dir='ltr'><strong>ἀλγοῦμεν,</strong></span> <span class='ocrx_word' id='word_1_250' title='bbox 739 3145 844 3200; x_wconf 81' lang='grc' dir='ltr'><strong>ὑπὸ</strong></span> <span class='ocrx_word' id='word_1_251' title='bbox 870 3144 929 3198; x_wconf 82' lang='grc' dir='ltr'><strong>δὲ</strong></span> <span class='ocrx_word' id='word_1_252' title='bbox 952 3143 1109 3216; x_wconf 81' lang='grc' dir='ltr'><strong>ἡμῶν</strong></span> <span class='ocrx_word' id='word_1_253' title='bbox 1136 3143 1317 3197; x_wconf 79' lang='grc' dir='ltr'><strong>αὐτῶν</strong></span> <span class='ocrx_word' id='word_1_254' title='bbox 1346 3140 1551 3205; x_wconf 76' lang='grc' dir='ltr'><strong>οὐκέτι,</strong></span> <span class='ocrx_word' id='word_1_255' title='bbox 1576 3139 1847 3193; x_wconf 87' lang='grc' dir='ltr'><strong>δείκνυσιν</strong></span> <span class='ocrx_word' id='word_1_256' title='bbox 1880 3140 1909 3191; x_wconf 87' lang='grc' dir='ltr'><strong>ὁ</strong></span> <span class='ocrx_word' id='word_1_257' title='bbox 1930 3138 2083 3203; x_wconf 79' lang='grc' dir='ltr'><strong>Θεὸς,</strong></span> 
     </span>
    </p>
   </div>
   <div class='ocr_carea' id='block_1_32' title="bbox 406 3232 2087 3311">
    <p class='ocr_par' dir='ltr' id='par_1_32' title="bbox 406 3232 2087 3311">
     <span class='ocr_line' id='line_1_32' title="bbox 406 3232 2087 3311; baseline -0.005 -18"><span class='ocrx_word' id='word_1_258' title='bbox 406 3242 489 3294; x_wconf 87' lang='grc' dir='ltr'><strong>ὃτι</strong></span> <span class='ocrx_word' id='word_1_259' title='bbox 530 3241 559 3292; x_wconf 97' lang='lat'><strong>6</strong></span> <span class='ocrx_word' id='word_1_260' title='bbox 593 3240 690 3311; x_wconf 84' lang='grc' dir='ltr'><strong>μὲν</strong></span> <span class='ocrx_word' id='word_1_261' title='bbox 720 3237 851 3311; x_wconf 84' lang='grc' dir='ltr'><strong>παρ’</strong></span> <span class='ocrx_word' id='word_1_262' title='bbox 895 3237 1085 3309; x_wconf 77' lang='grc' dir='ltr'><strong>ἑτέρου</strong></span> <span class='ocrx_word' id='word_1_263' title='bbox 1129 3235 1325 3299; x_wconf 80' lang='grc' dir='ltr'><strong>ἀδίκως</strong></span> <span class='ocrx_word' id='word_1_264' title='bbox 1359 3234 1606 3305; x_wconf 82' lang='grc' dir='ltr'><strong>πάσχων,</strong></span> <span class='ocrx_word' id='word_1_265' title='bbox 1641 3232 1940 3303; x_wconf 81' lang='grc' dir='ltr'><strong>εὐδοκιμεῖ,</strong></span> <span class='ocrx_word' id='word_1_266' title='bbox 1972 3233 2001 3284; x_wconf 90' lang='lat'><strong>6</strong></span> <span class='ocrx_word' id='word_1_267' title='bbox 2030 3232 2087 3286; x_wconf 85' lang='grc' dir='ltr'><strong>δὲ</strong></span> 
     </span>
    </p>
   </div>
   <div class='ocr_carea' id='block_1_33' title="bbox 411 3324 2086 3408">
    <p class='ocr_par' dir='ltr' id='par_1_33' title="bbox 411 3324 2086 3408">
     <span class='ocr_line' id='line_1_33' title="bbox 411 3324 2086 3408; baseline -0.007 -18"><span class='ocrx_word' id='word_1_268' title='bbox 411 3332 564 3408; x_wconf 71' lang='grc'><strong>[409]</strong></span> <span class='ocrx_word' id='word_1_269' title='bbox 607 3334 800 3389; x_wconf 77' lang='grc' dir='ltr'><strong>ἑαυτὸν</strong></span> <span class='ocrx_word' id='word_1_270' title='bbox 836 3332 1060 3397; x_wconf 84' lang='grc' dir='ltr'><strong>ἀδικῶν,</strong></span> <span class='ocrx_word' id='word_1_271' title='bbox 1111 3331 1427 3402; x_wconf 83' lang='grc' dir='ltr'><strong>βλάπτεται·</strong></span> <span class='ocrx_word' id='word_1_272' title='bbox 1457 3330 1550 3382; x_wconf 75' lang='grc' dir='ltr'><strong>καὶ</strong></span> <span class='ocrx_word' id='word_1_273' title='bbox 1596 3324 1741 3399; x_wconf 85' lang='grc' dir='ltr'><strong>μάλα</strong></span> <span class='ocrx_word' id='word_1_274' title='bbox 1784 3326 2008 3389; x_wconf 83' lang='grc' dir='ltr'><strong>είκότως</strong></span> <span class='ocrx_word' id='word_1_275' title='bbox 2035 3337 2086 3391; x_wconf 74' lang='grc' dir='ltr'><strong>α,</strong></span> 
     </span>
    </p>
   </div>
   <div class='ocr_carea' id='block_1_34' title="bbox 412 3422 2085 3500">
    <p class='ocr_par' dir='ltr' id='par_1_34' title="bbox 412 3422 2085 3500">
     <span class='ocr_line' id='line_1_34' title="bbox 412 3422 2085 3500; baseline -0.006 -15"><span class='ocrx_word' id='word_1_276' title='bbox 412 3433 500 3486; x_wconf 85' lang='grc' dir='ltr'><strong>ἵνα</strong></span> <span class='ocrx_word' id='word_1_277' title='bbox 544 3433 721 3486; x_wconf 72' lang='grc' dir='ltr'><strong>έκεῖνο</strong></span> <span class='ocrx_word' id='word_1_278' title='bbox 773 3429 873 3500; x_wconf 78' lang='grc' dir='ltr'><strong>μὲν</strong></span> <span class='ocrx_word' id='word_1_279' title='bbox 914 3427 1179 3497; x_wconf 81' lang='grc' dir='ltr'><strong>γενναίως</strong></span> <span class='ocrx_word' id='word_1_280' title='bbox 1222 3426 1503 3499; x_wconf 86' lang='grc' dir='ltr'><strong>φέρωμεν,</strong></span> <span class='ocrx_word' id='word_1_281' title='bbox 1549 3422 1709 3476; x_wconf 93' lang='grc' dir='ltr'><strong>τοῦτο</strong></span> <span class='ocrx_word' id='word_1_282' title='bbox 1754 3423 1811 3477; x_wconf 80' lang='grc' dir='ltr'><strong>δὲ</strong></span> <span class='ocrx_word' id='word_1_283' title='bbox 1857 3422 2085 3494; x_wconf 85' lang='grc' dir='ltr'><strong>μηκέτι·</strong></span> 
     </span>
    </p>
   </div>
   <div class='ocr_carea' id='block_1_35' title="bbox 407 3516 2089 3591">
    <p class='ocr_par' dir='ltr' id='par_1_35' title="bbox 407 3516 2089 3591">
     <span class='ocr_line' id='line_1_35' title="bbox 407 3516 2089 3591; baseline -0.008 -9"><span class='ocrx_word' id='word_1_284' title='bbox 407 3525 588 3589; x_wconf 79' lang='grc' dir='ltr'><strong>άλλως</strong></span> <span class='ocrx_word' id='word_1_285' title='bbox 614 3541 678 3579; x_wconf 90' lang='grc' dir='ltr'><strong>τε</strong></span> <span class='ocrx_word' id='word_1_286' title='bbox 706 3524 768 3577; x_wconf 84' lang='grc' dir='ltr'><strong>τὸ</strong></span> <span class='ocrx_word' id='word_1_287' title='bbox 802 3525 913 3577; x_wconf 85' lang='grc' dir='ltr'><strong>πᾶν</strong></span> <span class='ocrx_word' id='word_1_288' title='bbox 954 3523 1071 3575; x_wconf 76' lang='grc' dir='ltr'><strong>ἐκεῖ</strong></span> <span class='ocrx_word' id='word_1_289' title='bbox 1100 3519 1194 3575; x_wconf 92' lang='grc' dir='ltr'><strong>τοῦ</strong></span> <span class='ocrx_word' id='word_1_290' title='bbox 1257 3518 1432 3591; x_wconf 79' lang='grc' dir='ltr'><strong>’Δδάμ</strong></span> <span class='ocrx_word' id='word_1_291' title='bbox 1475 3519 1692 3587; x_wconf 90' lang='grc' dir='ltr'><strong>γέγονε.</strong></span> <span class='ocrx_word' id='word_1_292' title='bbox 1744 3517 1843 3571; x_wconf 88' lang='grc' dir='ltr'><strong>Διά</strong></span> <span class='ocrx_word' id='word_1_293' title='bbox 1879 3517 1933 3571; x_wconf 85' lang='grc' dir='ltr'><strong>τί</strong></span> <span class='ocrx_word' id='word_1_294' title='bbox 1980 3516 2089 3587; x_wconf 87' lang='lat'><strong>769</strong></span> 
     </span>
    </p>
   </div>
   <div class='ocr_carea' id='block_1_36' title="bbox 410 3613 2090 3693">
    <p class='ocr_par' dir='ltr' id='par_1_36' title="bbox 410 3613 2090 3693">
     <span class='ocr_line' id='line_1_36' title="bbox 410 3613 2090 3693; baseline -0.007 -17"><span class='ocrx_word' id='word_1_295' title='bbox 410 3621 634 3676; x_wconf 73' lang='grc' dir='ltr'><strong>ἐπείθου</strong></span> <span class='ocrx_word' id='word_1_296' title='bbox 663 3623 731 3693; x_wconf 75' lang='grc' dir='ltr'><strong>τῇ</strong></span> <span class='ocrx_word' id='word_1_297' title='bbox 755 3618 979 3689; x_wconf 81' lang='grc' dir='ltr'><strong>γυναικί</strong></span> <span class='ocrx_word' id='word_1_298' title='bbox 998 3636 1013 3685; x_wconf 87' lang='grc'>;</span> <span class='ocrx_word' id='word_1_299' title='bbox 1032 3618 1123 3673; x_wconf 88' lang='grc' dir='ltr'><strong>διά</strong></span> <span class='ocrx_word' id='word_1_300' title='bbox 1148 3618 1201 3672; x_wconf 93' lang='grc' dir='ltr'><strong>τί</strong></span> <span class='ocrx_word' id='word_1_301' title='bbox 1229 3616 1338 3688; x_wconf 87' lang='lat'><strong>769</strong></span> <span class='ocrx_word' id='word_1_302' title='bbox 1366 3615 1587 3670; x_wconf 72' lang='grc' dir='ltr'><strong>ἐναντία</strong></span> <span class='ocrx_word' id='word_1_303' title='bbox 1612 3613 2090 3686; x_wconf 85' lang='grc' dir='ltr'><strong>συμϐουλεύουσαν</strong></span> 
     </span>
    </p>
   </div>
   <div class='ocr_carea' id='block_1_37' title="bbox 412 3710 2091 3790">
    <p class='ocr_par' dir='ltr' id='par_1_37' title="bbox 412 3710 2091 3790">
     <span class='ocr_line' id='line_1_37' title="bbox 412 3710 2091 3790; baseline -0.006 -16"><span class='ocrx_word' id='word_1_304' title='bbox 412 3718 897 3790; x_wconf 46' lang='grc' dir='ltr'><strong>οὐκνάπεκρούσω;</strong></span> <span class='ocrx_word' id='word_1_305' title='bbox 936 3717 1009 3770; x_wconf 83' lang='grc' dir='ltr'><strong>Σὺ</strong></span> <span class='ocrx_word' id='word_1_306' title='bbox 1040 3714 1257 3777; x_wconf 87' lang='grc' dir='ltr'><strong>πάντως</strong></span> <span class='ocrx_word' id='word_1_307' title='bbox 1286 3714 1519 3783; x_wconf 85' lang='grc' dir='ltr'><strong>γέγονας</strong></span> <span class='ocrx_word' id='word_1_308' title='bbox 1544 3714 1736 3777; x_wconf 78' lang='grc' dir='ltr'><strong>αἴτιος,</strong></span> <span class='ocrx_word' id='word_1_309' title='bbox 1769 3710 1959 3783; x_wconf 79' lang='grc' dir='ltr'><strong>ἐπειδὴ</strong></span> <span class='ocrx_word' id='word_1_310' title='bbox 1988 3713 2037 3765; x_wconf 86' lang='grc' dir='ltr'><strong>εί</strong></span> <span class='ocrx_word' id='word_1_311' title='bbox 2061 3711 2091 3763; x_wconf 87' lang='lat'><strong>6</strong></span> 
     </span>
    </p>
   </div>
   <div class='ocr_carea' id='block_1_38' title="bbox 410 3806 2089 3884">
    <p class='ocr_par' dir='ltr' id='par_1_38' title="bbox 410 3806 2089 3884">
     <span class='ocr_line' id='line_1_38' title="bbox 410 3806 2089 3884; baseline -0.006 -15"><span class='ocrx_word' id='word_1_312' title='bbox 410 3814 656 3879; x_wconf 81' lang='grc' dir='ltr'><strong>διάϐολος</strong></span> <span class='ocrx_word' id='word_1_313' title='bbox 693 3809 796 3884; x_wconf 71' lang='grc' dir='ltr'><strong>ἦν,</strong></span> <span class='ocrx_word' id='word_1_314' title='bbox 822 3812 931 3866; x_wconf 75' lang='grc' dir='ltr'><strong>ἔδει</strong></span> <span class='ocrx_word' id='word_1_315' title='bbox 970 3810 1112 3866; x_wconf 89' lang='grc' dir='ltr'><strong>κατά</strong></span> <span class='ocrx_word' id='word_1_316' title='bbox 1137 3810 1298 3863; x_wconf 91' lang='grc' dir='ltr'><strong>τοῦτο</strong></span> <span class='ocrx_word' id='word_1_317' title='bbox 1332 3809 1458 3873; x_wconf 85' lang='grc' dir='ltr'><strong>τοὺς</strong></span> <span class='ocrx_word' id='word_1_318' title='bbox 1488 3806 1919 3880; x_wconf 77' lang='grc' dir='ltr'><strong>πειραζομένους</strong></span> <span class='ocrx_word' id='word_1_319' title='bbox 1953 3806 2089 3861; x_wconf 62' lang='grc' dir='ltr'><strong>πάνυ</strong></span> 
     </span>
    </p>
   </div>
   <div class='ocr_carea' id='block_1_39' title="bbox 412 3905 2088 3980">
    <p class='ocr_par' dir='ltr' id='par_1_39' title="bbox 412 3905 2088 3980">
     <span class='ocr_line' id='line_1_39' title="bbox 412 3905 2088 3980; baseline -0.007 -10"><span class='ocrx_word' id='word_1_320' title='bbox 412 3932 515 3978; x_wconf 84' lang='grc' dir='ltr'><strong>τας</strong></span> <span class='ocrx_word' id='word_1_321' title='bbox 536 3910 893 3967; x_wconf 79' lang='grc' dir='ltr'><strong>ἀπόλλυσθαι·</strong></span> <span class='ocrx_word' id='word_1_322' title='bbox 912 3910 961 3963; x_wconf 84' lang='grc' dir='ltr'><strong>εί</strong></span> <span class='ocrx_word' id='word_1_323' title='bbox 978 3909 1035 3963; x_wconf 87' lang='grc' dir='ltr'><strong>δὲ</strong></span> <span class='ocrx_word' id='word_1_324' title='bbox 1061 3910 1136 3980; x_wconf 84' lang='grc' dir='ltr'><strong>μὴ</strong></span> <span class='ocrx_word' id='word_1_325' title='bbox 1156 3908 1510 3970; x_wconf 87' lang='grc' dir='ltr'><strong>ἀπόλλυνται,</strong></span> <span class='ocrx_word' id='word_1_326' title='bbox 1541 3907 1673 3979; x_wconf 78' lang='grc' dir='ltr'><strong>παρ’</strong></span> <span class='ocrx_word' id='word_1_327' title='bbox 1694 3908 1843 3978; x_wconf 79' lang='grc' dir='ltr'><strong>ἡμᾶς</strong></span> <span class='ocrx_word' id='word_1_328' title='bbox 1863 3908 1896 3978; x_wconf 89' lang='grc' dir='ltr'><strong>ή</strong></span> <span class='ocrx_word' id='word_1_329' title='bbox 1920 3905 2088 3959; x_wconf 87' lang='grc' dir='ltr'><strong>αίτία.</strong></span> 
     </span>
    </p>
   </div>
   <div class='ocr_carea' id='block_1_40' title="bbox 427 4003 2088 4079">
    <p class='ocr_par' dir='ltr' id='par_1_40' title="bbox 427 4003 2088 4079">
     <span class='ocr_line' id='line_1_40' title="bbox 427 4003 2088 4079; baseline -0.004 -16"><span class='ocrx_word' id='word_1_330' title='bbox 427 4009 566 4064; x_wconf 74' lang='grc' dir='ltr'><strong>’Ἀλλ’</strong></span> <span class='ocrx_word' id='word_1_331' title='bbox 588 4009 717 4073; x_wconf 78' lang='grc' dir='ltr'><strong>ἔδει,</strong></span> <span class='ocrx_word' id='word_1_332' title='bbox 735 4008 890 4079; x_wconf 76' lang='grc' dir='ltr'><strong>φησὶ,</strong></span> <span class='ocrx_word' id='word_1_333' title='bbox 914 4007 1126 4067; x_wconf 82' lang='grc' dir='ltr'><strong>πάντας</strong></span> <span class='ocrx_word' id='word_1_334' title='bbox 1151 4006 1278 4069; x_wconf 79' lang='grc' dir='ltr'><strong>τοὺς</strong></span> <span class='ocrx_word' id='word_1_335' title='bbox 1310 4003 1740 4077; x_wconf 80' lang='grc' dir='ltr'><strong>πειραζομένους</strong></span> <span class='ocrx_word' id='word_1_336' title='bbox 1766 4003 2088 4075; x_wconf 85' lang='grc' dir='ltr'><strong>κατορθοῦν,</strong></span> 
     </span>
    </p>
   </div>
   <div class='ocr_carea' id='block_1_41' title="bbox 297 4098 2094 4177">
    <p class='ocr_par' dir='ltr' id='par_1_41' title="bbox 297 4098 2094 4177">
     <span class='ocr_line' id='line_1_41' title="bbox 297 4098 2094 4177; baseline -0.004 -18"><span class='ocrx_word' id='word_1_337' title='bbox 297 4167 302 4172; x_wconf 93' lang='lat'><em>_</em></span> <span class='ocrx_word' id='word_1_338' title='bbox 416 4106 451 4177; x_wconf 82' lang='grc' dir='ltr'>ἢ</span> <span class='ocrx_word' id='word_1_339' title='bbox 479 4106 527 4158; x_wconf 90' lang='grc' dir='ltr'><strong>εί</strong></span> <span class='ocrx_word' id='word_1_340' title='bbox 543 4104 839 4175; x_wconf 81' lang='grc' dir='ltr'><strong>παρ”ήμᾶς</strong></span> <span class='ocrx_word' id='word_1_341' title='bbox 859 4103 893 4172; x_wconf 81' lang='grc' dir='ltr'>ἡ</span> <span class='ocrx_word' id='word_1_342' title='bbox 916 4101 1087 4164; x_wconf 91' lang='grc' dir='ltr'><strong>αίτία,</strong></span> <span class='ocrx_word' id='word_1_343' title='bbox 1109 4099 1215 4153; x_wconf 84' lang='grc' dir='ltr'><strong>ἔδει</strong></span> <span class='ocrx_word' id='word_1_344' title='bbox 1241 4100 1337 4154; x_wconf 75' lang='grc' dir='ltr'><strong>καὶ</strong></span> <span class='ocrx_word' id='word_1_345' title='bbox 1359 4100 1527 4171; x_wconf 77' lang='grc' dir='ltr'><strong>χωρὶς</strong></span> <span class='ocrx_word' id='word_1_346' title='bbox 1546 4098 1639 4152; x_wconf 91' lang='grc' dir='ltr'><strong>τοῦ</strong></span> <span class='ocrx_word' id='word_1_347' title='bbox 1664 4098 1911 4152; x_wconf 89' lang='grc' dir='ltr'><strong>διαϐόλου</strong></span> <span class='ocrx_word' id='word_1_348' title='bbox 1934 4099 2094 4153; x_wconf 60' lang='grc' dir='ltr'><strong>ἀπόλι</strong></span> 
     </span>
    </p>
   </div>
   <div class='ocr_carea' id='block_1_42' title="bbox 415 4196 2092 4269">
    <p class='ocr_par' dir='ltr' id='par_1_42' title="bbox 415 4196 2092 4269">
     <span class='ocr_line' id='line_1_42' title="bbox 415 4196 2092 4269; baseline -0.005 -11"><span class='ocrx_word' id='word_1_349' title='bbox 415 4204 645 4269; x_wconf 89' lang='grc' dir='ltr'><strong>λυσθαι;</strong></span> <span class='ocrx_word' id='word_1_350' title='bbox 672 4198 845 4254; x_wconf 88' lang='grc' dir='ltr'><strong>Τοῦτο</strong></span> <span class='ocrx_word' id='word_1_351' title='bbox 859 4197 1214 4267; x_wconf 78' lang='grc' dir='ltr'><strong>καὶγίνεται·</strong></span> <span class='ocrx_word' id='word_1_352' title='bbox 1236 4198 1333 4251; x_wconf 71' lang='grc' dir='ltr'><strong>καὶ</strong></span> <span class='ocrx_word' id='word_1_353' title='bbox 1355 4196 1463 4267; x_wconf 85' lang='grc' dir='ltr'><strong>γὰρ</strong></span> <span class='ocrx_word' id='word_1_354' title='bbox 1486 4196 1672 4250; x_wconf 74' lang='grc' dir='ltr'><strong>πολλοὶ</strong></span> <span class='ocrx_word' id='word_1_355' title='bbox 1694 4198 1786 4250; x_wconf 69' lang='grc' dir='ltr'><strong>καὶ</strong></span> <span class='ocrx_word' id='word_1_356' title='bbox 1808 4197 1978 4268; x_wconf 73' lang='grc' dir='ltr'><strong>χωρὶς</strong></span> <span class='ocrx_word' id='word_1_357' title='bbox 1997 4196 2092 4250; x_wconf 88' lang='grc' dir='ltr'><strong>τοῦ</strong></span> 
     </span>
    </p>
   </div>
   <div class='ocr_carea' id='block_1_43' title="bbox 417 4290 2091 4362">
    <p class='ocr_par' dir='ltr' id='par_1_43' title="bbox 417 4290 2091 4362">
     <span class='ocr_line' id='line_1_43' title="bbox 417 4290 2091 4362; baseline -0.004 -9"><span class='ocrx_word' id='word_1_358' title='bbox 417 4297 662 4353; x_wconf 91' lang='grc' dir='ltr'><strong>διαϐόλου</strong></span> <span class='ocrx_word' id='word_1_359' title='bbox 677 4293 1023 4349; x_wconf 88' lang='grc' dir='ltr'><strong>ἀπόλλυνται·</strong></span> <span class='ocrx_word' id='word_1_360' title='bbox 1039 4293 1098 4344; x_wconf 79' lang='grc' dir='ltr'><strong>οὐ</strong></span> <span class='ocrx_word' id='word_1_361' title='bbox 1112 4290 1220 4362; x_wconf 89' lang='lat'><strong>769</strong></span> <span class='ocrx_word' id='word_1_362' title='bbox 1233 4291 1297 4361; x_wconf 81' lang='grc' dir='ltr'><strong>δὴ</strong></span> <span class='ocrx_word' id='word_1_363' title='bbox 1309 4291 1486 4345; x_wconf 87' lang='grc' dir='ltr'><strong>πάντα</strong></span> <span class='ocrx_word' id='word_1_364' title='bbox 1500 4291 1659 4355; x_wconf 78' lang='grc' dir='ltr'><strong>αὐτὸς</strong></span> <span class='ocrx_word' id='word_1_365' title='bbox 1673 4292 2091 4357; x_wconf 78' lang='grc' dir='ltr'><strong>κατασκευάζει,</strong></span> 
     </span>
    </p>
   </div>
   <div class='ocr_carea' id='block_1_44' title="bbox 417 4384 2096 4459">
    <p class='ocr_par' dir='ltr' id='par_1_44' title="bbox 417 4384 2096 4459">
     <span class='ocr_line' id='line_1_44' title="bbox 417 4384 2096 4459; baseline -0.007 -11"><span class='ocrx_word' id='word_1_366' title='bbox 417 4394 555 4448; x_wconf 83' lang='grc' dir='ltr'><strong>ἀλλά</strong></span> <span class='ocrx_word' id='word_1_367' title='bbox 580 4389 748 4444; x_wconf 89' lang='grc' dir='ltr'><strong>πολλά</strong></span> <span class='ocrx_word' id='word_1_368' title='bbox 773 4390 865 4442; x_wconf 75' lang='grc' dir='ltr'><strong>καὶ</strong></span> <span class='ocrx_word' id='word_1_369' title='bbox 886 4388 994 4442; x_wconf 77' lang='grc' dir='ltr'><strong>ἀπὸ</strong></span> <span class='ocrx_word' id='word_1_370' title='bbox 1030 4384 1198 4459; x_wconf 89' lang='grc' dir='ltr'><strong>μόνης</strong></span> <span class='ocrx_word' id='word_1_371' title='bbox 1222 4386 1430 4455; x_wconf 90' lang='grc' dir='ltr'><strong>γίνεται</strong></span> <span class='ocrx_word' id='word_1_372' title='bbox 1455 4386 1553 4457; x_wconf 85' lang='grc' dir='ltr'><strong>τῆς</strong></span> <span class='ocrx_word' id='word_1_373' title='bbox 1592 4386 1820 4451; x_wconf 87' lang='grc' dir='ltr'><strong>νωθείας</strong></span> <span class='ocrx_word' id='word_1_374' title='bbox 1842 4387 1940 4457; x_wconf 84' lang='grc' dir='ltr'><strong>τῆς</strong></span> <span class='ocrx_word' id='word_1_375' title='bbox 1967 4389 2096 4458; x_wconf 76' lang='grc' dir='ltr'><strong>ἠμε-</strong></span> 
     </span>
    </p>
   </div>
   <div class='ocr_carea' id='block_1_45' title="bbox 419 4480 2097 4559">
    <p class='ocr_par' dir='ltr' id='par_1_45' title="bbox 419 4480 2097 4559">
     <span class='ocr_line' id='line_1_45' title="bbox 419 4480 2097 4559; baseline -0.005 -18"><span class='ocrx_word' id='word_1_376' title='bbox 419 4488 599 4559; x_wconf 86' lang='grc' dir='ltr'><strong>τέρας·</strong></span> <span class='ocrx_word' id='word_1_377' title='bbox 615 4488 664 4539; x_wconf 88' lang='grc' dir='ltr'><strong>εί</strong></span> <span class='ocrx_word' id='word_1_378' title='bbox 683 4484 741 4538; x_wconf 87' lang='grc' dir='ltr'><strong>δέ</strong></span> <span class='ocrx_word' id='word_1_379' title='bbox 759 4502 861 4537; x_wconf 88' lang='grc' dir='ltr'><strong>που</strong></span> <span class='ocrx_word' id='word_1_380' title='bbox 885 4484 1136 4546; x_wconf 86' lang='grc' dir='ltr'><strong>κάκεῖνος</strong></span> <span class='ocrx_word' id='word_1_381' title='bbox 1154 4482 1346 4547; x_wconf 84' lang='grc' dir='ltr'><strong>αίτιος,</strong></span> <span class='ocrx_word' id='word_1_382' title='bbox 1365 4480 1522 4553; x_wconf 86' lang='grc' dir='ltr'><strong>ὴμῶν</strong></span> <span class='ocrx_word' id='word_1_383' title='bbox 1538 4482 1636 4551; x_wconf 84' lang='grc' dir='ltr'><strong>τὴν</strong></span> <span class='ocrx_word' id='word_1_384' title='bbox 1654 4482 1826 4552; x_wconf 82' lang='grc' dir='ltr'><strong>ἀρχὴν</strong></span> <span class='ocrx_word' id='word_1_385' title='bbox 1839 4482 2097 4553; x_wconf 86' lang='grc' dir='ltr'><strong>παρεχόν-</strong></span> 
     </span>
    </p>
   </div>
   <div class='ocr_carea' id='block_1_46' title="bbox 420 4577 2091 4652">
    <p class='ocr_par' dir='ltr' id='par_1_46' title="bbox 420 4577 2091 4652">
     <span class='ocr_line' id='line_1_46' title="bbox 420 4577 2091 4652; baseline -0.004 -15"><span class='ocrx_word' id='word_1_386' title='bbox 420 4599 548 4637; x_wconf 79' lang='grc' dir='ltr'><strong>των.</strong></span> <span class='ocrx_word' id='word_1_387' title='bbox 562 4582 696 4635; x_wconf 83' lang='grc' dir='ltr'><strong>Εἰπὲ</strong></span> <span class='ocrx_word' id='word_1_388' title='bbox 712 4581 820 4652; x_wconf 89' lang='grc' dir='ltr'><strong>γάρ</strong></span> <span class='ocrx_word' id='word_1_389' title='bbox 835 4596 948 4652; x_wconf 86' lang='grc' dir='ltr'><strong>μοι,</strong></span> <span class='ocrx_word' id='word_1_390' title='bbox 965 4578 1097 4632; x_wconf 88' lang='grc' dir='ltr'><strong>πότε</strong></span> <span class='ocrx_word' id='word_1_391' title='bbox 1113 4580 1141 4632; x_wconf 90' lang='lat'><strong>6</strong></span> <span class='ocrx_word' id='word_1_392' title='bbox 1157 4577 1401 4641; x_wconf 88' lang='grc' dir='ltr'><strong>διάϐολος</strong></span> <span class='ocrx_word' id='word_1_393' title='bbox 1418 4577 1638 4645; x_wconf 71' lang='grc' dir='ltr'><strong>ἴσχυσεν</strong></span> <span class='ocrx_word' id='word_1_394' title='bbox 1659 4577 1751 4630; x_wconf 80' lang='grc' dir='ltr'><strong>ὲπὶ</strong></span> <span class='ocrx_word' id='word_1_395' title='bbox 1766 4577 1860 4631; x_wconf 91' lang='grc' dir='ltr'><strong>τοῦ</strong></span> <span class='ocrx_word' id='word_1_396' title='bbox 1890 4578 2091 4645; x_wconf 85' lang='grc' dir='ltr'><strong>Ἰούδα;</strong></span> 
     </span>
    </p>
   </div>
   <div class='ocr_carea' id='block_1_47' title="bbox 424 4673 2135 4749">
    <p class='ocr_par' dir='ltr' id='par_1_47' title="bbox 424 4673 2135 4749">
     <span class='ocr_line' id='line_1_47' title="bbox 424 4673 2135 4749; baseline -0.001 -19"><span class='ocrx_word' id='word_1_397' title='bbox 424 4679 553 4731; x_wconf 88' lang='grc' dir='ltr'><strong>Ὅτε</strong></span> <span class='ocrx_word' id='word_1_398' title='bbox 580 4677 821 4749; x_wconf 84' lang='grc' dir='ltr'><strong>είσῆλθε,</strong></span> <span class='ocrx_word' id='word_1_399' title='bbox 862 4676 1047 4747; x_wconf 78' lang='grc' dir='ltr'><strong>φησὶν,</strong></span> <span class='ocrx_word' id='word_1_400' title='bbox 1074 4676 1154 4739; x_wconf 88' lang='grc' dir='ltr'><strong>είς</strong></span> <span class='ocrx_word' id='word_1_401' title='bbox 1184 4674 1347 4728; x_wconf 82' lang='grc' dir='ltr'><strong>αὑτὸν</strong></span> <span class='ocrx_word' id='word_1_402' title='bbox 1381 4676 1409 4727; x_wconf 92' lang='lat'><strong>6</strong></span> <span class='ocrx_word' id='word_1_403' title='bbox 1432 4675 1695 4737; x_wconf 81' lang='grc' dir='ltr'><strong>Σατανᾶς.</strong></span> <span class='ocrx_word' id='word_1_404' title='bbox 1745 4673 1882 4727; x_wconf 78' lang='grc' dir='ltr'><strong>Ἀλλ’</strong></span> <span class='ocrx_word' id='word_1_405' title='bbox 1929 4674 2095 4728; x_wconf 83' lang='grc' dir='ltr'><strong>άκου-</strong></span> <span class='ocrx_word' id='word_1_406' title='bbox 2134 4740 2135 4743; x_wconf 20' lang='grc' dir='ltr'><strong>η</strong></span> 
     </span>
    </p>
   </div>
   <div class='ocr_carea' id='block_1_48' title="bbox 424 4764 2095 4842">
    <p class='ocr_par' dir='ltr' id='par_1_48' title="bbox 424 4764 2095 4842">
     <span class='ocr_line' id='line_1_48' title="bbox 424 4764 2095 4842; baseline 0 -18"><span class='ocrx_word' id='word_1_407' title='bbox 424 4788 517 4824; x_wconf 91' lang='grc' dir='ltr'><strong>σον</strong></span> <span class='ocrx_word' id='word_1_408' title='bbox 569 4770 668 4842; x_wconf 79' lang='grc' dir='ltr'><strong>τήν</strong></span> <span class='ocrx_word' id='word_1_409' title='bbox 711 4771 914 4825; x_wconf 78' lang='grc' dir='ltr'><strong>αἰτίαν·</strong></span> <span class='ocrx_word' id='word_1_410' title='bbox 975 4771 1055 4823; x_wconf 79' lang='grc' dir='ltr'><strong>ὅτι</strong></span> <span class='ocrx_word' id='word_1_411' title='bbox 1106 4770 1351 4840; x_wconf 84' lang='grc' dir='ltr'><strong>κλέπτης</strong></span> <span class='ocrx_word' id='word_1_412' title='bbox 1401 4764 1490 4840; x_wconf 81' lang='grc' dir='ltr'><strong>ἦν,</strong></span> <span class='ocrx_word' id='word_1_413' title='bbox 1534 4770 1629 4822; x_wconf 71' lang='grc' dir='ltr'><strong>καὶ</strong></span> <span class='ocrx_word' id='word_1_414' title='bbox 1669 4768 1739 4822; x_wconf 91' lang='lat'><strong>16</strong></span> <span class='ocrx_word' id='word_1_415' title='bbox 1789 4769 2095 4840; x_wconf 86' lang='grc' dir='ltr'><strong>βαλλόμενα</strong></span> 
     </span>
    </p>
   </div>
   <div class='ocr_carea' id='block_1_49' title="bbox 422 4866 2091 4940">
    <p class='ocr_par' dir='ltr' id='par_1_49' title="bbox 422 4866 2091 4940">
     <span class='ocr_line' id='line_1_49' title="bbox 422 4866 2091 4940; baseline 0.001 -21"><span class='ocrx_word' id='word_1_416' title='bbox 422 4866 742 4930; x_wconf 74' lang='grc' dir='ltr'><strong>ἐϐάσταζεν.</strong></span> <span class='ocrx_word' id='word_1_417' title='bbox 792 4867 965 4931; x_wconf 81' lang='grc' dir='ltr'><strong>Αὐτὸς</strong></span> <span class='ocrx_word' id='word_1_418' title='bbox 1009 4867 1208 4920; x_wconf 75' lang='grc' dir='ltr'><strong>ἔδωκεν</strong></span> <span class='ocrx_word' id='word_1_419' title='bbox 1247 4867 1395 4938; x_wconf 86' lang='grc' dir='ltr'><strong>αύτῷ</strong></span> <span class='ocrx_word' id='word_1_420' title='bbox 1445 4867 1787 4939; x_wconf 82' lang='grc' dir='ltr'><strong>εὐρυχωρίαν</strong></span> <span class='ocrx_word' id='word_1_421' title='bbox 1838 4868 1937 4940; x_wconf 86' lang='grc' dir='ltr'><strong>τῆς</strong></span> <span class='ocrx_word' id='word_1_422' title='bbox 1981 4869 2091 4921; x_wconf 85' lang='grc' dir='ltr'><strong>είσ-</strong></span> 
     </span>
    </p>
   </div>
   <div class='ocr_carea' id='block_1_50' title="bbox 422 4962 2097 5036">
    <p class='ocr_par' dir='ltr' id='par_1_50' title="bbox 422 4962 2097 5036">
     <span class='ocr_line' id='line_1_50' title="bbox 422 4962 2097 5036; baseline 0.003 -21"><span class='ocrx_word' id='word_1_423' title='bbox 422 4962 575 5016; x_wconf 78' lang='grc' dir='ltr'><strong>ὁδου·</strong></span> <span class='ocrx_word' id='word_1_424' title='bbox 607 4962 745 5016; x_wconf 84' lang='grc' dir='ltr'><strong>ὥστε</strong></span> <span class='ocrx_word' id='word_1_425' title='bbox 791 4966 890 5034; x_wconf 80' lang='grc' dir='ltr'><strong>οὐχ</strong></span> <span class='ocrx_word' id='word_1_426' title='bbox 927 4966 955 5017; x_wconf 89' lang='lat'><strong>6</strong></span> <span class='ocrx_word' id='word_1_427' title='bbox 1000 4964 1244 5027; x_wconf 88' lang='grc' dir='ltr'><strong>διάϐολος</strong></span> <span class='ocrx_word' id='word_1_428' title='bbox 1276 4963 1375 5033; x_wconf 84' lang='grc' dir='ltr'><strong>τὴν</strong></span> <span class='ocrx_word' id='word_1_429' title='bbox 1408 4964 1583 5035; x_wconf 78' lang='grc' dir='ltr'><strong>ἀρχὴν</strong></span> <span class='ocrx_word' id='word_1_430' title='bbox 1620 4965 1923 5036; x_wconf 70' lang='grc' dir='ltr'><strong>ἐντίθησιν,</strong></span> <span class='ocrx_word' id='word_1_431' title='bbox 1980 4967 2097 5020; x_wconf 79' lang='grc' dir='ltr'><strong>ἀλλ’</strong></span> 
     </span>
    </p>
   </div>
   <div class='ocr_carea' id='block_1_51' title="bbox 424 5058 2098 5136">
    <p class='ocr_par' dir='ltr' id='par_1_51' title="bbox 424 5058 2098 5136">
     <span class='ocr_line' id='line_1_51' title="bbox 424 5058 2098 5136; baseline 0.005 -27"><span class='ocrx_word' id='word_1_432' title='bbox 424 5061 585 5129; x_wconf 75' lang='grc' dir='ltr'><strong>ἡμεῖς</strong></span> <span class='ocrx_word' id='word_1_433' title='bbox 616 5058 776 5112; x_wconf 72' lang='grc' dir='ltr'><strong>αὐτὸν</strong></span> <span class='ocrx_word' id='word_1_434' title='bbox 804 5060 1073 5130; x_wconf 85' lang='grc' dir='ltr'><strong>δεχόμεθα</strong></span> <span class='ocrx_word' id='word_1_435' title='bbox 1105 5061 1200 5113; x_wconf 75' lang='grc' dir='ltr'><strong>καὶ</strong></span> <span class='ocrx_word' id='word_1_436' title='bbox 1237 5060 1530 5131; x_wconf 89' lang='grc' dir='ltr'><strong>καλοῦμεν.</strong></span> <span class='ocrx_word' id='word_1_437' title='bbox 1579 5062 1718 5115; x_wconf 79' lang='grc' dir='ltr'><strong>Ἀλλ’</strong></span> <span class='ocrx_word' id='word_1_438' title='bbox 1753 5064 1801 5117; x_wconf 86' lang='grc' dir='ltr'><strong>εί</strong></span> <span class='ocrx_word' id='word_1_439' title='bbox 1843 5065 1920 5136; x_wconf 74' lang='grc' dir='ltr'><strong>μὴ</strong></span> <span class='ocrx_word' id='word_1_440' title='bbox 1952 5066 2098 5118; x_wconf 79' lang='grc' dir='ltr'><strong>ἐκεῖ·</strong></span> 
     </span>
    </p>
   </div>
   <div class='ocr_carea' id='block_1_52' title="bbox 423 5150 2097 5226">
    <p class='ocr_par' dir='ltr' id='par_1_52' title="bbox 423 5150 2097 5226">
     <span class='ocr_line' id='line_1_52' title="bbox 423 5150 2097 5226; baseline 0.005 -19"><span class='ocrx_word' id='word_1_441' title='bbox 423 5172 534 5218; x_wconf 63' lang='grc' dir='ltr'><strong>νος,</strong></span> <span class='ocrx_word' id='word_1_442' title='bbox 564 5152 749 5225; x_wconf 71' lang='grc' dir='ltr'><strong>φησὶν,</strong></span> <span class='ocrx_word' id='word_1_443' title='bbox 790 5150 878 5226; x_wconf 80' lang='grc' dir='ltr'><strong>ἦν,</strong></span> <span class='ocrx_word' id='word_1_444' title='bbox 916 5154 1014 5207; x_wconf 85' lang='grc' dir='ltr'><strong>οὐκ</strong></span> <span class='ocrx_word' id='word_1_445' title='bbox 1048 5155 1112 5209; x_wconf 83' lang='grc' dir='ltr'><strong>ἂν</strong></span> <span class='ocrx_word' id='word_1_446' title='bbox 1145 5155 1355 5224; x_wconf 87' lang='grc' dir='ltr'><strong>μεγάλα</strong></span> <span class='ocrx_word' id='word_1_447' title='bbox 1384 5156 1601 5225; x_wconf 76' lang='grc' dir='ltr'><strong>ἐγένετο</strong></span> <span class='ocrx_word' id='word_1_448' title='bbox 1640 5157 1709 5211; x_wconf 85' lang='grc' dir='ltr'><strong>τά</strong></span> <span class='ocrx_word' id='word_1_449' title='bbox 1742 5159 1909 5215; x_wconf 87' lang='grc' dir='ltr'><strong>δεινά.</strong></span> <span class='ocrx_word' id='word_1_450' title='bbox 1958 5161 2097 5214; x_wconf 82' lang='grc' dir='ltr'><strong>’Δλλ⁹</strong></span> 
     </span>
    </p>
   </div>
   <div class='ocr_carea' id='block_1_53' title="bbox 424 5247 2095 5326">
    <p class='ocr_par' dir='ltr' id='par_1_53' title="bbox 424 5247 2095 5326">
     <span class='ocr_line' id='line_1_53' title="bbox 424 5247 2095 5326; baseline 0.004 -22"><span class='ocrx_word' id='word_1_451' title='bbox 424 5251 801 5323; x_wconf 80' lang='grc' dir='ltr'><strong>ἀπαραίτητος</strong></span> <span class='ocrx_word' id='word_1_452' title='bbox 831 5253 962 5322; x_wconf 77' lang='grc' dir='ltr'><strong>ἡμῖν</strong></span> <span class='ocrx_word' id='word_1_453' title='bbox 982 5250 1204 5321; x_wconf 77' lang='grc' dir='ltr'><strong>ἔμελλεν</strong></span> <span class='ocrx_word' id='word_1_454' title='bbox 1224 5247 1362 5305; x_wconf 79' lang='grc' dir='ltr'><strong>εἶναι</strong></span> <span class='ocrx_word' id='word_1_455' title='bbox 1387 5254 1419 5321; x_wconf 84' lang='grc' dir='ltr'>ὴ</span> <span class='ocrx_word' id='word_1_456' title='bbox 1448 5253 1692 5316; x_wconf 87' lang='grc' dir='ltr'><strong>κόλασις·</strong></span> <span class='ocrx_word' id='word_1_457' title='bbox 1719 5254 1814 5308; x_wconf 92' lang='grc' dir='ltr'><strong>νῦν</strong></span> <span class='ocrx_word' id='word_1_458' title='bbox 1840 5256 1939 5326; x_wconf 88' lang='grc' dir='ltr'><strong>μὲν</strong></span> <span class='ocrx_word' id='word_1_459' title='bbox 1964 5256 2095 5326; x_wconf 86' lang='lat'><strong>769.</strong></span> 
     </span>
    </p>
   </div>
   <div class='ocr_carea' id='block_1_54' title="bbox 425 5346 2099 5423">
    <p class='ocr_par' dir='ltr' id='par_1_54' title="bbox 425 5346 2099 5423">
     <span class='ocr_line' id='line_1_54' title="bbox 425 5346 2099 5423; baseline 0.004 -24"><span class='ocrx_word' id='word_1_460' title='bbox 425 5346 701 5419; x_wconf 80' lang='grc' dir='ltr'><strong>ἀγαπητὲ,</strong></span> <span class='ocrx_word' id='word_1_461' title='bbox 733 5349 801 5400; x_wconf 88' lang='lat'><strong>16</strong></span> <span class='ocrx_word' id='word_1_462' title='bbox 837 5347 938 5417; x_wconf 79' lang='grc' dir='ltr'><strong>τῆς</strong></span> <span class='ocrx_word' id='word_1_463' title='bbox 981 5347 1255 5412; x_wconf 75' lang='grc' dir='ltr'><strong>κολάσεως</strong></span> <span class='ocrx_word' id='word_1_464' title='bbox 1286 5351 1417 5419; x_wconf 77' lang='grc' dir='ltr'><strong>ἡμῖν</strong></span> <span class='ocrx_word' id='word_1_465' title='bbox 1453 5350 1814 5423; x_wconf 85' lang='grc' dir='ltr'><strong>ἡμερώτερα,</strong></span> <span class='ocrx_word' id='word_1_466' title='bbox 1859 5354 1908 5406; x_wconf 88' lang='grc' dir='ltr'><strong>εί</strong></span> <span class='ocrx_word' id='word_1_467' title='bbox 1936 5352 1993 5406; x_wconf 80' lang='grc' dir='ltr'><strong>δὲ</strong></span> <span class='ocrx_word' id='word_1_468' title='bbox 2032 5354 2099 5406; x_wconf 84' lang='grc' dir='ltr'><strong>δι’</strong></span> 
     </span>
    </p>
   </div>
   <div class='ocr_carea' id='block_1_55' title="bbox 424 5442 2096 5520">
    <p class='ocr_par' dir='ltr' id='par_1_55' title="bbox 424 5442 2096 5520">
     <span class='ocr_line' id='line_1_55' title="bbox 424 5442 2096 5520; baseline 0.004 -23"><span class='ocrx_word' id='word_1_469' title='bbox 424 5443 636 5497; x_wconf 74' lang='grc' dir='ltr'><strong>ἑαυτῶν</strong></span> <span class='ocrx_word' id='word_1_470' title='bbox 671 5442 1041 5514; x_wconf 74' lang='grc' dir='ltr'><strong>είργαζόμεθα</strong></span> <span class='ocrx_word' id='word_1_471' title='bbox 1068 5444 1136 5497; x_wconf 88' lang='lat'><strong>16</strong></span> <span class='ocrx_word' id='word_1_472' title='bbox 1164 5443 1331 5511; x_wconf 83' lang='grc' dir='ltr'><strong>δεινὰ,</strong></span> <span class='ocrx_word' id='word_1_473' title='bbox 1363 5446 1638 5518; x_wconf 74' lang='grc' dir='ltr'><strong>ἀφόρητος</strong></span> <span class='ocrx_word' id='word_1_474' title='bbox 1667 5443 1735 5518; x_wconf 84' lang='grc' dir='ltr'><strong>ἦν</strong></span> <span class='ocrx_word' id='word_1_475' title='bbox 1768 5449 1801 5517; x_wconf 84' lang='grc' dir='ltr'>ἡ</span> <span class='ocrx_word' id='word_1_476' title='bbox 1831 5449 2096 5520; x_wconf 89' lang='grc' dir='ltr'><strong>τιμωρία.</strong></span> 
     </span>
    </p>
   </div>
   <div class='ocr_carea' id='block_1_56' title="bbox 427 5537 2091 5615">
    <p class='ocr_par' dir='ltr' id='par_1_56' title="bbox 427 5537 2091 5615">
     <span class='ocr_line' id='line_1_56' title="bbox 427 5537 2091 5615; baseline 0.004 -25"><span class='ocrx_word' id='word_1_477' title='bbox 427 5537 561 5590; x_wconf 74' lang='grc' dir='ltr'><strong>Εἰπὲ</strong></span> <span class='ocrx_word' id='word_1_478' title='bbox 586 5537 694 5607; x_wconf 90' lang='grc' dir='ltr'><strong>γάρ</strong></span> <span class='ocrx_word' id='word_1_479' title='bbox 720 5555 829 5609; x_wconf 92' lang='grc' dir='ltr'><strong>μοι,</strong></span> <span class='ocrx_word' id='word_1_480' title='bbox 854 5540 903 5591; x_wconf 86' lang='grc' dir='ltr'><strong>εί</strong></span> <span class='ocrx_word' id='word_1_481' title='bbox 925 5538 1117 5604; x_wconf 89' lang='grc' dir='ltr'><strong>ταῦτα,</strong></span> <span class='ocrx_word' id='word_1_482' title='bbox 1140 5539 1177 5593; x_wconf 83' lang='grc' dir='ltr'><strong>ἀ</strong></span> <span class='ocrx_word' id='word_1_483' title='bbox 1204 5540 1449 5613; x_wconf 80' lang='grc' dir='ltr'><strong>ἥμαρτεν</strong></span> <span class='ocrx_word' id='word_1_484' title='bbox 1474 5544 1502 5594; x_wconf 87' lang='lat'><strong>6</strong></span> <span class='ocrx_word' id='word_1_485' title='bbox 1537 5542 1730 5612; x_wconf 81' lang='grc' dir='ltr'><strong>Ἀδὰμ,</strong></span> <span class='ocrx_word' id='word_1_486' title='bbox 1760 5544 1933 5615; x_wconf 72' lang='grc' dir='ltr'><strong>χωρὶς</strong></span> <span class='ocrx_word' id='word_1_487' title='bbox 1964 5560 2091 5613; x_wconf 89' lang='grc' dir='ltr'><strong>συμ-</strong></span> 
     </span>
    </p>
   </div>
   <div class='ocr_carea' id='block_1_57' title="bbox 428 5635 2099 5711">
    <p class='ocr_par' dir='ltr' id='par_1_57' title="bbox 428 5635 2099 5711">
     <span class='ocr_line' id='line_1_57' title="bbox 428 5635 2099 5711; baseline 0.004 -22"><span class='ocrx_word' id='word_1_488' title='bbox 428 5635 622 5709; x_wconf 80' lang='grc' dir='ltr'><strong>ϐουλῆς</strong></span> <span class='ocrx_word' id='word_1_489' title='bbox 668 5639 903 5711; x_wconf 78' lang='grc' dir='ltr'><strong>ἥμαρτε,</strong></span> <span class='ocrx_word' id='word_1_490' title='bbox 937 5639 1018 5705; x_wconf 88' lang='grc' dir='ltr'><strong>τίς</strong></span> <span class='ocrx_word' id='word_1_491' title='bbox 1052 5639 1215 5694; x_wconf 82' lang='grc' dir='ltr'><strong>αὑτὸν</strong></span> <span class='ocrx_word' id='word_1_492' title='bbox 1248 5639 1314 5694; x_wconf 83' lang='grc' dir='ltr'><strong>ἂν</strong></span> <span class='ocrx_word' id='word_1_493' title='bbox 1345 5640 1621 5710; x_wconf 77' lang='grc' dir='ltr'><strong>ἐξήρπασε</strong></span> <span class='ocrx_word' id='word_1_494' title='bbox 1654 5637 1762 5693; x_wconf 89' lang='grc' dir='ltr'><strong>τῶν</strong></span> <span class='ocrx_word' id='word_1_495' title='bbox 1803 5640 2099 5703; x_wconf 77' lang='grc' dir='ltr'><strong>κινδύνωνς</strong></span> 
     </span>
    </p>
   </div>
   <div class='ocr_carea' id='block_1_58' title="bbox 496 5823 1941 5887">
    <p class='ocr_par' dir='ltr' id='par_1_58' title="bbox 496 5823 1941 5887">
     <span class='ocr_line' id='line_1_58' title="bbox 496 5823 1941 5887; baseline 0.002 -16"><span class='ocrx_word' id='word_1_496' title='bbox 496 5824 521 5851; x_wconf 75' lang='grc'><strong><em>⁸</em></strong></span> <span class='ocrx_word' id='word_1_497' title='bbox 549 5823 682 5879; x_wconf 65' lang='lat' dir='ltr'><strong>&quot;me.</strong></span> <span class='ocrx_word' id='word_1_498' title='bbox 701 5827 780 5873; x_wconf 83' lang='grc' dir='ltr'><strong>καὶ</strong></span> <span class='ocrx_word' id='word_1_499' title='bbox 804 5826 930 5887; x_wconf 81' lang='grc' dir='ltr'><strong>μάλα</strong></span> <span class='ocrx_word' id='word_1_500' title='bbox 951 5826 1145 5881; x_wconf 77' lang='grc' dir='ltr'><strong>εἰκότως</strong></span> <span class='ocrx_word' id='word_1_501' title='bbox 1168 5830 1220 5873; x_wconf 79' lang='lat' dir='ltr'><strong>et</strong></span> <span class='ocrx_word' id='word_1_502' title='bbox 1243 5839 1353 5875; x_wconf 83' lang='lat' dir='ltr'><strong>mox</strong></span> <span class='ocrx_word' id='word_1_503' title='bbox 1383 5824 1499 5883; x_wconf 82' lang='grc' dir='ltr'><strong>ἐκεῖ,</strong></span> <span class='ocrx_word' id='word_1_504' title='bbox 1521 5824 1703 5876; x_wconf 77' lang='lat' dir='ltr'><strong>desunt</strong></span> <span class='ocrx_word' id='word_1_505' title='bbox 1742 5840 1787 5875; x_wconf 84' lang='lat' dir='ltr'><strong>ll)</strong></span> <span class='ocrx_word' id='word_1_506' title='bbox 1825 5840 1941 5877; x_wconf 85' lang='lat' dir='ltr'><strong>uno.</strong></span> 
     </span>
    </p>
   </div>
   <div class='ocr_carea' id='block_1_59' title="bbox 1086 169 2931 253">
    <p class='ocr_par' dir='ltr' id='par_1_59' title="bbox 1086 169 2931 253">
     <span class='ocr_line' id='line_1_59' title="bbox 1086 169 2931 253; baseline -0.016 0"><span class='ocrx_word' id='word_1_507' title='bbox 1086 197 1144 253; x_wconf 88' lang='lat' dir='ltr'><strong>S.</strong></span> <span class='ocrx_word' id='word_1_508' title='bbox 1180 192 1465 251; x_wconf 79' lang='lat' dir='ltr'><strong>JOANNIS</strong></span> <span class='ocrx_word' id='word_1_509' title='bbox 1502 180 1986 247; x_wconf 76' lang='lat' dir='ltr'><strong>CHRYSOSTOMI</strong></span> <span class='ocrx_word' id='word_1_510' title='bbox 2022 178 2346 236; x_wconf 73' lang='lat' dir='ltr'><strong>AKCHIEP.</strong></span> <span class='ocrx_word' id='word_1_511' title='bbox 2381 169 2931 237; x_wconf 79' lang='lat' dir='ltr'><strong>CONSTANTINOP.</strong></span> 
     </span>
    </p>
   </div>
   <div class='ocr_carea' id='block_1_60' title="bbox 3709 148 3800 203">
    <p class='ocr_par' dir='ltr' id='par_1_60' title="bbox 3709 148 3800 203">
     <span class='ocr_line' id='line_1_60' title="bbox 3709 148 3800 203; baseline -0.022 -1"><span class='ocrx_word' id='word_1_512' title='bbox 3709 148 3800 203; x_wconf 74' lang='lat'><strong>378</strong></span> 
     </span>
    </p>
   </div>
   <div class='ocr_carea' id='block_1_61' title="bbox 2162 268 3802 362">
    <p class='ocr_par' dir='ltr' id='par_1_61' title="bbox 2162 268 3802 362">
     <span class='ocr_line' id='line_1_61' title="bbox 2162 268 3802 362; baseline -0.016 -15"><span class='ocrx_word' id='word_1_513' title='bbox 2162 294 2301 348; x_wconf 80' lang='grc' dir='ltr'><strong>Ἀλλ’</strong></span> <span class='ocrx_word' id='word_1_514' title='bbox 2333 294 2434 347; x_wconf 82' lang='grc' dir='ltr'><strong>οὐκ</strong></span> <span class='ocrx_word' id='word_1_515' title='bbox 2467 292 2534 346; x_wconf 82' lang='grc' dir='ltr'><strong>ἂν</strong></span> <span class='ocrx_word' id='word_1_516' title='bbox 2559 292 2801 362; x_wconf 77' lang='grc' dir='ltr'><strong>ἥμαρτε,</strong></span> <span class='ocrx_word' id='word_1_517' title='bbox 2826 282 2981 356; x_wconf 89' lang='grc' dir='ltr'><strong>φησί.</strong></span> <span class='ocrx_word' id='word_1_518' title='bbox 3007 278 3176 335; x_wconf 79' lang='grc' dir='ltr'><strong>ῐῖόθεν</strong></span> <span class='ocrx_word' id='word_1_519' title='bbox 3208 292 3297 347; x_wconf 91' lang='grc' dir='ltr'><strong>μοι</strong></span> <span class='ocrx_word' id='word_1_520' title='bbox 3324 274 3483 328; x_wconf 85' lang='grc' dir='ltr'><strong>τοῦτο</strong></span> <span class='ocrx_word' id='word_1_521' title='bbox 3510 268 3716 339; x_wconf 75' lang='grc' dir='ltr'><strong>λέγειςς</strong></span> <span class='ocrx_word' id='word_1_522' title='bbox 3750 269 3802 322; x_wconf 88' lang='lat'><strong>&#39;0</strong></span> 
     </span>
    </p>
   </div>
   <div class='ocr_carea' id='block_1_62' title="bbox 2150 368 3803 461">
    <p class='ocr_par' dir='ltr' id='par_1_62' title="bbox 2150 368 3803 461">
     <span class='ocr_line' id='line_1_62' title="bbox 2150 368 3803 461; baseline -0.016 -17"><span class='ocrx_word' id='word_1_523' title='bbox 2150 390 2261 461; x_wconf 86' lang='lat'><strong>769</strong></span> <span class='ocrx_word' id='word_1_524' title='bbox 2284 391 2428 447; x_wconf 77' lang='grc' dir='ltr'><strong>οὕτω</strong></span> <span class='ocrx_word' id='word_1_525' title='bbox 2453 388 2651 461; x_wconf 81' lang='grc' dir='ltr'><strong>χαῦνος</strong></span> <span class='ocrx_word' id='word_1_526' title='bbox 2682 385 2776 439; x_wconf 72' lang='grc' dir='ltr'><strong>καὶ</strong></span> <span class='ocrx_word' id='word_1_527' title='bbox 2804 380 3046 454; x_wconf 75' lang='grc' dir='ltr'><strong>ῥᾴθυμος</strong></span> <span class='ocrx_word' id='word_1_528' title='bbox 3070 375 3168 429; x_wconf 74' lang='grc' dir='ltr'><strong>καὶ</strong></span> <span class='ocrx_word' id='word_1_529' title='bbox 3196 371 3332 444; x_wconf 82' lang='grc' dir='ltr'><strong>πρὸς</strong></span> <span class='ocrx_word' id='word_1_530' title='bbox 3355 370 3545 424; x_wconf 81' lang='grc' dir='ltr'><strong>ἄνοιαν</strong></span> <span class='ocrx_word' id='word_1_531' title='bbox 3575 368 3803 437; x_wconf 71' lang='grc' dir='ltr'><strong>ἕτοιμος,</strong></span> 
     </span>
    </p>
   </div>
   <div class='ocr_carea' id='block_1_63' title="bbox 2150 462 3807 552">
    <p class='ocr_par' dir='ltr' id='par_1_63' title="bbox 2150 462 3807 552">
     <span class='ocr_line' id='line_1_63' title="bbox 2150 462 3807 552; baseline -0.019 -8"><span class='ocrx_word' id='word_1_532' title='bbox 2150 489 2290 543; x_wconf 82' lang='grc' dir='ltr'><strong>ὥστε</strong></span> <span class='ocrx_word' id='word_1_533' title='bbox 2320 485 2575 552; x_wconf 83' lang='grc' dir='ltr'><strong>δέξασθαι</strong></span> <span class='ocrx_word' id='word_1_534' title='bbox 2605 481 2864 550; x_wconf 85' lang='grc' dir='ltr'><strong>τοιαύτην</strong></span> <span class='ocrx_word' id='word_1_535' title='bbox 2894 472 3203 547; x_wconf 79' lang='grc' dir='ltr'><strong>συμϐουλὴν</strong></span> <span class='ocrx_word' id='word_1_536' title='bbox 3228 508 3243 533; x_wconf 93' lang='grc'><strong>,</strong></span> <span class='ocrx_word' id='word_1_537' title='bbox 3269 465 3451 536; x_wconf 82' lang='grc' dir='ltr'><strong>πολλῷ</strong></span> <span class='ocrx_word' id='word_1_538' title='bbox 3486 462 3685 534; x_wconf 77' lang='grc' dir='ltr'><strong>μᾶλλον</strong></span> <span class='ocrx_word' id='word_1_539' title='bbox 3725 462 3807 515; x_wconf 77' lang='grc' dir='ltr'><strong>καὶ</strong></span> 
     </span>
    </p>
   </div>
   <div class='ocr_carea' id='block_1_64' title="bbox 2147 557 3807 656">
    <p class='ocr_par' dir='ltr' id='par_1_64' title="bbox 2147 557 3807 656">
     <span class='ocr_line' id='line_1_64' title="bbox 2147 557 3807 656; baseline -0.017 -17"><span class='ocrx_word' id='word_1_540' title='bbox 2147 584 2317 656; x_wconf 79' lang='grc' dir='ltr'><strong>χωρὶς</strong></span> <span class='ocrx_word' id='word_1_541' title='bbox 2352 581 2541 637; x_wconf 90' lang='grc' dir='ltr'><strong>τούτου</strong></span> <span class='ocrx_word' id='word_1_542' title='bbox 2566 578 2727 633; x_wconf 89' lang='grc' dir='ltr'><strong>τοῦτο</strong></span> <span class='ocrx_word' id='word_1_543' title='bbox 2754 576 2977 644; x_wconf 85' lang='grc' dir='ltr'><strong>γέγονεν</strong></span> <span class='ocrx_word' id='word_1_544' title='bbox 3007 570 3093 624; x_wconf 81' lang='grc' dir='ltr'><strong>ἄν.</strong></span> <span class='ocrx_word' id='word_1_545' title='bbox 3123 567 3283 628; x_wconf 84' lang='grc' dir='ltr'><strong>Ποῖος</strong></span> <span class='ocrx_word' id='word_1_546' title='bbox 3304 560 3555 621; x_wconf 87' lang='grc' dir='ltr'><strong>διάϐολος</strong></span> <span class='ocrx_word' id='word_1_547' title='bbox 3583 558 3705 622; x_wconf 74' lang='grc' dir='ltr'><strong>τοὺς</strong></span> <span class='ocrx_word' id='word_1_548' title='bbox 3725 557 3807 611; x_wconf 91' lang='grc' dir='ltr'><strong>τοῦ</strong></span> 
     </span>
    </p>
   </div>
   <div class='ocr_carea' id='block_1_65' title="bbox 2161 659 3809 751">
    <p class='ocr_par' dir='ltr' id='par_1_65' title="bbox 2161 659 3809 751">
     <span class='ocr_line' id='line_1_65' title="bbox 2161 659 3809 751; baseline -0.018 -15"><span class='ocrx_word' id='word_1_549' title='bbox 2161 681 2361 751; x_wconf 80' lang='grc' dir='ltr'><strong>Ἰωσὴφ</strong></span> <span class='ocrx_word' id='word_1_550' title='bbox 2396 676 2658 746; x_wconf 74' lang='grc' dir='ltr'><strong>ἀδελφοὺς</strong></span> <span class='ocrx_word' id='word_1_551' title='bbox 2712 674 2792 735; x_wconf 89' lang='grc' dir='ltr'><strong>είς</strong></span> <span class='ocrx_word' id='word_1_552' title='bbox 2842 668 3037 740; x_wconf 86' lang='grc' dir='ltr'><strong>φθόνον</strong></span> <span class='ocrx_word' id='word_1_553' title='bbox 3084 661 3374 723; x_wconf 83' lang='grc' dir='ltr'><strong>ὲνέϐαλεν;</strong></span> <span class='ocrx_word' id='word_1_554' title='bbox 3415 660 3519 711; x_wconf 78' lang='grc' dir='ltr'><strong>Ἂν</strong></span> <span class='ocrx_word' id='word_1_555' title='bbox 3570 659 3809 727; x_wconf 66' lang='grc' dir='ltr'><strong>νήφωμεν</strong></span> 
     </span>
    </p>
   </div>
   <div class='ocr_carea' id='block_1_66' title="bbox 2150 752 3809 845">
    <p class='ocr_par' dir='ltr' id='par_1_66' title="bbox 2150 752 3809 845">
     <span class='ocr_line' id='line_1_66' title="bbox 2150 752 3809 845; baseline -0.017 -14"><span class='ocrx_word' id='word_1_556' title='bbox 2150 777 2353 845; x_wconf 90' lang='grc' dir='ltr'><strong>τοίνυν,</strong></span> <span class='ocrx_word' id='word_1_557' title='bbox 2384 772 2684 845; x_wconf 70' lang='grc' dir='ltr'><strong>ἀγαπητοὶ,</strong></span> <span class='ocrx_word' id='word_1_558' title='bbox 2716 769 2812 823; x_wconf 71' lang='grc' dir='ltr'><strong>καὶ</strong></span> <span class='ocrx_word' id='word_1_559' title='bbox 2851 762 3258 832; x_wconf 82' lang='grc' dir='ltr'><strong>εὐδοκιμήσεως</strong></span> <span class='ocrx_word' id='word_1_560' title='bbox 3284 758 3417 827; x_wconf 80' lang='grc' dir='ltr'><strong>ἡμῖν</strong></span> <span class='ocrx_word' id='word_1_561' title='bbox 3446 754 3624 817; x_wconf 83' lang='grc' dir='ltr'><strong>αἴτιος</strong></span> <span class='ocrx_word' id='word_1_562' title='bbox 3655 754 3683 805; x_wconf 90' lang='grc' dir='ltr'><strong>ό</strong></span> <span class='ocrx_word' id='word_1_563' title='bbox 3710 752 3809 805; x_wconf 83' lang='grc' dir='ltr'><strong>διά-</strong></span> 
     </span>
    </p>
   </div>
   <div class='ocr_carea' id='block_1_67' title="bbox 2152 846 3811 938">
    <p class='ocr_par' dir='ltr' id='par_1_67' title="bbox 2152 846 3811 938">
     <span class='ocr_line' id='line_1_67' title="bbox 2152 846 3811 938; baseline -0.017 -13"><span class='ocrx_word' id='word_1_564' title='bbox 2152 872 2310 935; x_wconf 91' lang='grc' dir='ltr'><strong>ϐολος</strong></span> <span class='ocrx_word' id='word_1_565' title='bbox 2332 870 2569 938; x_wconf 84' lang='grc' dir='ltr'><strong>γίνεται.</strong></span> <span class='ocrx_word' id='word_1_566' title='bbox 2596 865 2665 918; x_wconf 90' lang='grc' dir='ltr'><strong>Τί</strong></span> <span class='ocrx_word' id='word_1_567' title='bbox 2690 863 2800 934; x_wconf 90' lang='lat'><strong>769</strong></span> <span class='ocrx_word' id='word_1_568' title='bbox 2824 856 3025 926; x_wconf 67' lang='grc' dir='ltr'><strong>ἔϐλαψε</strong></span> <span class='ocrx_word' id='word_1_569' title='bbox 3049 854 3141 908; x_wconf 86' lang='lat' dir='ltr'><strong>16v</strong></span> <span class='ocrx_word' id='word_1_570' title='bbox 3186 850 3307 905; x_wconf 89' lang='grc' dir='ltr'><strong>Ἰὼϐ</strong></span> <span class='ocrx_word' id='word_1_571' title='bbox 3334 851 3369 921; x_wconf 80' lang='grc' dir='ltr'><strong>ἡ</strong></span> <span class='ocrx_word' id='word_1_572' title='bbox 3391 846 3633 917; x_wconf 84' lang='grc' dir='ltr'><strong>τοσαύτη</strong></span> <span class='ocrx_word' id='word_1_573' title='bbox 3663 846 3811 899; x_wconf 75' lang='grc' dir='ltr'><strong>αὑτοῦ</strong></span> 
     </span>
    </p>
   </div>
   <div class='ocr_carea' id='block_1_68' title="bbox 2156 940 3811 1039">
    <p class='ocr_par' dir='ltr' id='par_1_68' title="bbox 2156 940 3811 1039">
     <span class='ocr_line' id='line_1_68' title="bbox 2156 940 3811 1039; baseline -0.027 -11"><span class='ocrx_word' id='word_1_574' title='bbox 2156 966 2373 1039; x_wconf 85' lang='grc' dir='ltr'><strong>μηχανή</strong></span> <span class='ocrx_word' id='word_1_575' title='bbox 2394 965 2459 1029; x_wconf 78' lang='lat' dir='ltr'><strong>b;</strong></span> <span class='ocrx_word' id='word_1_576' title='bbox 2488 962 2581 1032; x_wconf 77' lang='grc' dir='ltr'><strong>Μὴ</strong></span> <span class='ocrx_word' id='word_1_577' title='bbox 2613 962 2794 1030; x_wconf 73' lang='grc' dir='ltr'><strong>εἴπῃς,</strong></span> <span class='ocrx_word' id='word_1_578' title='bbox 2825 953 2982 1026; x_wconf 75' lang='grc' dir='ltr'><strong>φησὶ,</strong></span> <span class='ocrx_word' id='word_1_579' title='bbox 3014 950 3194 1015; x_wconf 88' lang='grc' dir='ltr'><strong>τοῦτο,</strong></span> <span class='ocrx_word' id='word_1_580' title='bbox 3221 945 3335 1000; x_wconf 82' lang='grc' dir='ltr'><strong>ἀλλ’</strong></span> <span class='ocrx_word' id='word_1_581' title='bbox 3367 946 3397 997; x_wconf 91' lang='lat'><strong>6</strong></span> <span class='ocrx_word' id='word_1_582' title='bbox 3430 942 3667 1012; x_wconf 72' lang='grc' dir='ltr'><strong>ἀσθενὴς</strong></span> <span class='ocrx_word' id='word_1_583' title='bbox 3699 940 3811 1010; x_wconf 80' lang='grc' dir='ltr'><strong>βλά-</strong></span> 
     </span>
    </p>
   </div>
   <div class='ocr_carea' id='block_1_69' title="bbox 2155 1037 3812 1125">
    <p class='ocr_par' dir='ltr' id='par_1_69' title="bbox 2155 1037 3812 1125">
     <span class='ocr_line' id='line_1_69' title="bbox 2155 1037 3812 1125; baseline -0.019 -5"><span class='ocrx_word' id='word_1_584' title='bbox 2155 1037 2373 1119; x_wconf 79' lang='grc' dir='ltr'><strong>πτεται.</strong></span> <span class='ocrx_word' id='word_1_585' title='bbox 2414 1062 2555 1114; x_wconf 79' lang='grc' dir='ltr'><strong>Ἀλλ’</strong></span> <span class='ocrx_word' id='word_1_586' title='bbox 2585 1061 2614 1112; x_wconf 92' lang='lat'><strong>6</strong></span> <span class='ocrx_word' id='word_1_587' title='bbox 2632 1054 2885 1125; x_wconf 81' lang='grc' dir='ltr'><strong>ἀσθενὴς,</strong></span> <span class='ocrx_word' id='word_1_588' title='bbox 2915 1050 3020 1104; x_wconf 78' lang='grc' dir='ltr'><strong>κᾶν</strong></span> <span class='ocrx_word' id='word_1_589' title='bbox 3052 1046 3129 1119; x_wconf 80' lang='grc' dir='ltr'><strong>μὴ</strong></span> <span class='ocrx_word' id='word_1_590' title='bbox 3151 1043 3399 1105; x_wconf 85' lang='grc' dir='ltr'><strong>διάϐολος</strong></span> <span class='ocrx_word' id='word_1_591' title='bbox 3418 1037 3479 1112; x_wconf 82' lang='grc' dir='ltr'><strong>ᾖ,</strong></span> <span class='ocrx_word' id='word_1_592' title='bbox 3510 1039 3812 1109; x_wconf 84' lang='grc' dir='ltr'><strong>βλάπτεται.</strong></span> 
     </span>
    </p>
   </div>
   <div class='ocr_carea' id='block_1_70' title="bbox 2170 1133 3813 1231">
    <p class='ocr_par' dir='ltr' id='par_1_70' title="bbox 2170 1133 3813 1231">
     <span class='ocr_line' id='line_1_70' title="bbox 2170 1133 3813 1231; baseline -0.017 -14"><span class='ocrx_word' id='word_1_593' title='bbox 2170 1162 2331 1216; x_wconf 83' lang='grc' dir='ltr'><strong>Ἀλλά</strong></span> <span class='ocrx_word' id='word_1_594' title='bbox 2388 1156 2687 1231; x_wconf 82' lang='grc' dir='ltr'><strong>μειζόνως,</strong></span> <span class='ocrx_word' id='word_1_595' title='bbox 2725 1150 2894 1225; x_wconf 74' lang='grc' dir='ltr'><strong>φησὶ,</strong></span> <span class='ocrx_word' id='word_1_596' title='bbox 2943 1146 3081 1220; x_wconf 87' lang='grc' dir='ltr'><strong>μετά</strong></span> <span class='ocrx_word' id='word_1_597' title='bbox 3126 1143 3225 1214; x_wconf 82' lang='grc' dir='ltr'><strong>τῆς</strong></span> <span class='ocrx_word' id='word_1_598' title='bbox 3273 1138 3487 1193; x_wconf 77' lang='grc' dir='ltr'><strong>ἐκείνου</strong></span> <span class='ocrx_word' id='word_1_599' title='bbox 3534 1133 3813 1206; x_wconf 72' lang='grc' dir='ltr'><strong>ἐνεργείας.</strong></span> 
     </span>
    </p>
   </div>
   <div class='ocr_carea' id='block_1_71' title="bbox 2169 1232 3814 1319">
    <p class='ocr_par' dir='ltr' id='par_1_71' title="bbox 2169 1232 3814 1319">
     <span class='ocr_line' id='line_1_71' title="bbox 2169 1232 3814 1319; baseline -0.021 -6"><span class='ocrx_word' id='word_1_600' title='bbox 2169 1258 2310 1312; x_wconf 79' lang='grc' dir='ltr'><strong>Ἀλλ’</strong></span> <span class='ocrx_word' id='word_1_601' title='bbox 2337 1256 2578 1316; x_wconf 72' lang='grc' dir='ltr'><strong>ἔλαττον,</strong></span> <span class='ocrx_word' id='word_1_602' title='bbox 2607 1252 2734 1306; x_wconf 82' lang='grc' dir='ltr'><strong>ὅταν</strong></span> <span class='ocrx_word' id='word_1_603' title='bbox 2766 1245 2905 1319; x_wconf 88' lang='grc' dir='ltr'><strong>μετά</strong></span> <span class='ocrx_word' id='word_1_604' title='bbox 2929 1244 3027 1315; x_wconf 85' lang='grc' dir='ltr'><strong>τῆς</strong></span> <span class='ocrx_word' id='word_1_605' title='bbox 3054 1239 3260 1294; x_wconf 76' lang='grc' dir='ltr'><strong>ἐκείνου</strong></span> <span class='ocrx_word' id='word_1_606' title='bbox 3280 1232 3569 1306; x_wconf 78' lang='grc' dir='ltr'><strong>ἐνεργείας</strong></span> <span class='ocrx_word' id='word_1_607' title='bbox 3593 1232 3814 1301; x_wconf 77' lang='grc' dir='ltr'><strong>ἁμάρτῃ,</strong></span> 
     </span>
    </p>
   </div>
   <div class='ocr_carea' id='block_1_72' title="bbox 2158 1324 3819 1418">
    <p class='ocr_par' dir='ltr' id='par_1_72' title="bbox 2158 1324 3819 1418">
     <span class='ocr_line' id='line_1_72' title="bbox 2158 1324 3819 1418; baseline -0.02 -8"><span class='ocrx_word' id='word_1_608' title='bbox 2158 1353 2469 1418; x_wconf 76' lang='grc' dir='ltr'><strong>κολάζεται·</strong></span> <span class='ocrx_word' id='word_1_609' title='bbox 2501 1350 2563 1403; x_wconf 86' lang='grc' dir='ltr'><strong>ού</strong></span> <span class='ocrx_word' id='word_1_610' title='bbox 2600 1346 2710 1417; x_wconf 91' lang='grc' dir='ltr'><strong>γάρ</strong></span> <span class='ocrx_word' id='word_1_611' title='bbox 2741 1343 2959 1399; x_wconf 90' lang='grc' dir='ltr'><strong>πάντων</strong></span> <span class='ocrx_word' id='word_1_612' title='bbox 2988 1338 3097 1391; x_wconf 89' lang='grc' dir='ltr'><strong>τῶν</strong></span> <span class='ocrx_word' id='word_1_613' title='bbox 3131 1330 3552 1407; x_wconf 83' lang='grc' dir='ltr'><strong>ἁμαρτημάτων</strong></span> <span class='ocrx_word' id='word_1_614' title='bbox 3583 1328 3640 1380; x_wconf 87' lang='grc' dir='ltr'><strong>αί</strong></span> <span class='ocrx_word' id='word_1_615' title='bbox 3674 1324 3819 1380; x_wconf 72' lang='grc' dir='ltr'><strong>αὑταὶ</strong></span> 
     </span>
    </p>
   </div>
   <div class='ocr_carea' id='block_1_73' title="bbox 2157 1422 3818 1522">
    <p class='ocr_par' dir='ltr' id='par_1_73' title="bbox 2157 1422 3818 1522">
     <span class='ocr_line' id='line_1_73' title="bbox 2157 1422 3818 1522; baseline -0.019 -18"><span class='ocrx_word' id='word_1_616' title='bbox 2157 1448 2444 1522; x_wconf 89' lang='grc' dir='ltr'><strong>τιμωρίαι.</strong></span> <span class='ocrx_word' id='word_1_617' title='bbox 2472 1444 2560 1515; x_wconf 77' lang='grc' dir='ltr'><strong>Μή</strong></span> <span class='ocrx_word' id='word_1_618' title='bbox 2584 1439 2882 1510; x_wconf 87' lang='grc' dir='ltr'><strong>ἀπατῶμεν</strong></span> <span class='ocrx_word' id='word_1_619' title='bbox 2905 1431 3131 1497; x_wconf 74' lang='grc' dir='ltr'><strong>ἑαυτούς</strong></span> <span class='ocrx_word' id='word_1_620' title='bbox 3149 1449 3164 1463; x_wconf 94' lang='grc'><strong>·</strong></span> <span class='ocrx_word' id='word_1_621' title='bbox 3198 1429 3300 1483; x_wconf 85' lang='grc' dir='ltr'><strong>οὐκ</strong></span> <span class='ocrx_word' id='word_1_622' title='bbox 3329 1427 3478 1480; x_wconf 73' lang='grc' dir='ltr'><strong>ἐστιν</strong></span> <span class='ocrx_word' id='word_1_623' title='bbox 3504 1426 3638 1496; x_wconf 77' lang='grc' dir='ltr'><strong>ἡμῖν</strong></span> <span class='ocrx_word' id='word_1_624' title='bbox 3668 1423 3696 1475; x_wconf 82' lang='lat'><em>6</em></span> <span class='ocrx_word' id='word_1_625' title='bbox 3717 1422 3818 1476; x_wconf 80' lang='grc' dir='ltr'><strong>διά-</strong></span> 
     </span>
    </p>
   </div>
   <div class='ocr_carea' id='block_1_74' title="bbox 2161 1520 3819 1612">
    <p class='ocr_par' dir='ltr' id='par_1_74' title="bbox 2161 1520 3819 1612">
     <span class='ocr_line' id='line_1_74' title="bbox 2161 1520 3819 1612; baseline -0.019 -9"><span class='ocrx_word' id='word_1_626' title='bbox 2161 1520 2319 1612; x_wconf 87' lang='grc' dir='ltr'><strong>ϐολος</strong></span> <span class='ocrx_word' id='word_1_627' title='bbox 2350 1546 2545 1608; x_wconf 89' lang='grc' dir='ltr'><strong>αίτιος,</strong></span> <span class='ocrx_word' id='word_1_628' title='bbox 2586 1540 2682 1594; x_wconf 75' lang='grc' dir='ltr'><strong>έάν</strong></span> <span class='ocrx_word' id='word_1_629' title='bbox 2721 1539 3015 1609; x_wconf 82' lang='grc' dir='ltr'><strong>νήφωμεν·</strong></span> <span class='ocrx_word' id='word_1_630' title='bbox 3052 1530 3258 1591; x_wconf 77' lang='grc' dir='ltr'><strong>ἐκεῖνος</strong></span> <span class='ocrx_word' id='word_1_631' title='bbox 3306 1525 3457 1595; x_wconf 78' lang='grc' dir='ltr'><strong>ἡμᾶς</strong></span> <span class='ocrx_word' id='word_1_632' title='bbox 3495 1522 3696 1594; x_wconf 78' lang='grc' dir='ltr'><strong>μᾶλλον</strong></span> <span class='ocrx_word' id='word_1_633' title='bbox 3728 1520 3819 1588; x_wconf 79' lang='grc' dir='ltr'><strong>ἀφ·</strong></span> 
     </span>
    </p>
   </div>
   <div class='ocr_carea' id='block_1_75' title="bbox 2163 1616 3819 1709">
    <p class='ocr_par' dir='ltr' id='par_1_75' title="bbox 2163 1616 3819 1709">
     <span class='ocr_line' id='line_1_75' title="bbox 2163 1616 3819 1709; baseline -0.02 -8"><span class='ocrx_word' id='word_1_634' title='bbox 2163 1644 2403 1709; x_wconf 74' lang='grc' dir='ltr'><strong>υπνίξει,</strong></span> <span class='ocrx_word' id='word_1_635' title='bbox 2440 1642 2648 1703; x_wconf 75' lang='grc' dir='ltr'><strong>ἐκεῖνος</strong></span> <span class='ocrx_word' id='word_1_636' title='bbox 2694 1636 2843 1709; x_wconf 80' lang='grc' dir='ltr'><strong>ἡμᾶς</strong></span> <span class='ocrx_word' id='word_1_637' title='bbox 2890 1629 3167 1700; x_wconf 80' lang='grc' dir='ltr'><strong>διεγείρει.</strong></span> <span class='ocrx_word' id='word_1_638' title='bbox 3202 1623 3339 1680; x_wconf 77' lang='grc' dir='ltr'><strong>Εἰπὲ</strong></span> <span class='ocrx_word' id='word_1_639' title='bbox 3379 1622 3493 1693; x_wconf 89' lang='grc' dir='ltr'><strong>γάρ</strong></span> <span class='ocrx_word' id='word_1_640' title='bbox 3547 1636 3636 1690; x_wconf 89' lang='grc' dir='ltr'><strong>μοι</strong></span> <span class='ocrx_word' id='word_1_641' title='bbox 3666 1616 3819 1689; x_wconf 85' lang='grc' dir='ltr'><strong>(τέως</strong></span> 
     </span>
    </p>
   </div>
   <div class='ocr_carea' id='block_1_76' title="bbox 2162 1712 3820 1807">
    <p class='ocr_par' dir='ltr' id='par_1_76' title="bbox 2162 1712 3820 1807">
     <span class='ocr_line' id='line_1_76' title="bbox 2162 1712 3820 1807; baseline -0.021 -9"><span class='ocrx_word' id='word_1_642' title='bbox 2162 1743 2338 1797; x_wconf 91' lang='grc' dir='ltr'><strong>ταῦτα</strong></span> <span class='ocrx_word' id='word_1_643' title='bbox 2370 1733 2765 1807; x_wconf 78' lang='grc' dir='ltr'><strong>ἐξετάσωμεν),</strong></span> <span class='ocrx_word' id='word_1_644' title='bbox 2798 1732 2874 1804; x_wconf 82' lang='grc' dir='ltr'><strong>μὴ</strong></span> <span class='ocrx_word' id='word_1_645' title='bbox 2907 1729 3048 1783; x_wconf 72' lang='grc' dir='ltr'><strong>ἔστω</strong></span> <span class='ocrx_word' id='word_1_646' title='bbox 3076 1723 3260 1796; x_wconf 90' lang='grc' dir='ltr'><strong>θηρία,</strong></span> <span class='ocrx_word' id='word_1_647' title='bbox 3292 1719 3368 1793; x_wconf 80' lang='grc' dir='ltr'><strong>μὴ</strong></span> <span class='ocrx_word' id='word_1_648' title='bbox 3390 1718 3534 1772; x_wconf 75' lang='grc' dir='ltr'><strong>ἔστω</strong></span> <span class='ocrx_word' id='word_1_649' title='bbox 3560 1712 3820 1785; x_wconf 85' lang='grc' dir='ltr'><strong>ἀνωμαλία</strong></span> 
     </span>
    </p>
   </div>
   <div class='ocr_carea' id='block_1_77' title="bbox 2165 1810 3821 1912">
    <p class='ocr_par' dir='ltr' id='par_1_77' title="bbox 2165 1810 3821 1912">
     <span class='ocr_line' id='line_1_77' title="bbox 2165 1810 3821 1912; baseline -0.021 -16"><span class='ocrx_word' id='word_1_650' title='bbox 2165 1840 2368 1912; x_wconf 83' lang='grc' dir='ltr'><strong>ἀέρων,</strong></span> <span class='ocrx_word' id='word_1_651' title='bbox 2404 1836 2481 1907; x_wconf 83' lang='grc' dir='ltr'><strong>μὴ</strong></span> <span class='ocrx_word' id='word_1_652' title='bbox 2510 1833 2685 1897; x_wconf 89' lang='grc' dir='ltr'><strong>νόσος,</strong></span> <span class='ocrx_word' id='word_1_653' title='bbox 2731 1828 2807 1901; x_wconf 82' lang='grc' dir='ltr'><strong>μὴ</strong></span> <span class='ocrx_word' id='word_1_654' title='bbox 2838 1826 3032 1888; x_wconf 88' lang='grc' dir='ltr'><strong>λῦπαι,</strong></span> <span class='ocrx_word' id='word_1_655' title='bbox 3070 1820 3145 1893; x_wconf 79' lang='grc' dir='ltr'><strong>μὴ</strong></span> <span class='ocrx_word' id='word_1_656' title='bbox 3177 1816 3432 1889; x_wconf 88' lang='grc' dir='ltr'><strong>ἀθυμίαι,</strong></span> <span class='ocrx_word' id='word_1_657' title='bbox 3465 1814 3544 1886; x_wconf 75' lang='grc' dir='ltr'><strong>μὴ</strong></span> <span class='ocrx_word' id='word_1_658' title='bbox 3579 1810 3754 1882; x_wconf 88' lang='grc' dir='ltr'><strong>’έτερόν</strong></span> <span class='ocrx_word' id='word_1_659' title='bbox 3777 1826 3821 1861; x_wconf 88' lang='grc' dir='ltr'><strong>τι</strong></span> 
     </span>
    </p>
   </div>
   <div class='ocr_carea' id='block_1_78' title="bbox 2164 1907 3824 1992">
    <p class='ocr_par' dir='ltr' id='par_1_78' title="bbox 2164 1907 3824 1992">
     <span class='ocr_line' id='line_1_78' title="bbox 2164 1907 3824 1992; baseline -0.02 -1"><span class='ocrx_word' id='word_1_660' title='bbox 2164 1907 2275 1992; x_wconf 79' lang='grc' dir='ltr'><strong>τῶν</strong></span> <span class='ocrx_word' id='word_1_661' title='bbox 2321 1931 2599 1987; x_wconf 80' lang='grc' dir='ltr'><strong>τοιούτων·</strong></span> <span class='ocrx_word' id='word_1_662' title='bbox 2638 1928 2693 1981; x_wconf 90' lang='grc' dir='ltr'><strong>τί</strong></span> <span class='ocrx_word' id='word_1_663' title='bbox 2723 1926 2825 1979; x_wconf 78' lang='grc' dir='ltr'><strong>οὐκ</strong></span> <span class='ocrx_word' id='word_1_664' title='bbox 2860 1922 2927 1978; x_wconf 76' lang='grc' dir='ltr'><strong>ἂν</strong></span> <span class='ocrx_word' id='word_1_665' title='bbox 2968 1918 3187 1989; x_wconf 69' lang='grc' dir='ltr'><strong>ἐγένετο</strong></span> <span class='ocrx_word' id='word_1_666' title='bbox 3227 1915 3256 1969; x_wconf 95' lang='lat'><strong>6</strong></span> <span class='ocrx_word' id='word_1_667' title='bbox 3289 1911 3619 1986; x_wconf 83' lang='grc' dir='ltr'><strong>ἀνθρωπος;</strong></span> <span class='ocrx_word' id='word_1_668' title='bbox 3652 1907 3824 1977; x_wconf 82' lang='grc' dir='ltr'><strong>Χοῖρος</strong></span> 
     </span>
    </p>
   </div>
   <div class='ocr_carea' id='block_1_79' title="bbox 2171 2002 3822 2106">
    <p class='ocr_par' dir='ltr' id='par_1_79' title="bbox 2171 2002 3822 2106">
     <span class='ocr_line' id='line_1_79' title="bbox 2171 2002 3822 2106; baseline -0.02 -17"><span class='ocrx_word' id='word_1_669' title='bbox 2171 2033 2373 2106; x_wconf 79' lang='grc' dir='ltr'><strong>μᾶλλον</strong></span> <span class='ocrx_word' id='word_1_670' title='bbox 2411 2031 2445 2102; x_wconf 81' lang='grc' dir='ltr'>ἢ</span> <span class='ocrx_word' id='word_1_671' title='bbox 2489 2026 2798 2099; x_wconf 79' lang='grc' dir='ltr'><strong>ἄνθρωπος,</strong></span> <span class='ocrx_word' id='word_1_672' title='bbox 2827 2018 2969 2076; x_wconf 88' lang='grc' dir='ltr'><strong>δοκῶ</strong></span> <span class='ocrx_word' id='word_1_673' title='bbox 3006 2033 3120 2089; x_wconf 92' lang='grc' dir='ltr'><strong>μοι,</strong></span> <span class='ocrx_word' id='word_1_674' title='bbox 3152 2013 3376 2083; x_wconf 84' lang='grc' dir='ltr'><strong>γέγονεν</strong></span> <span class='ocrx_word' id='word_1_675' title='bbox 3413 2009 3484 2065; x_wconf 78' lang='grc' dir='ltr'><strong>ἂν</strong></span> <span class='ocrx_word' id='word_1_676' title='bbox 3507 2049 3523 2074; x_wconf 92' lang='grc'><strong>,</strong></span> <span class='ocrx_word' id='word_1_677' title='bbox 3555 2002 3822 2076; x_wconf 75' lang='grc' dir='ltr'><strong>γαστριζόο</strong></span> 
     </span>
    </p>
   </div>
   <div class='ocr_carea' id='block_1_80' title="bbox 2174 2098 3825 2202">
    <p class='ocr_par' dir='ltr' id='par_1_80' title="bbox 2174 2098 3825 2202">
     <span class='ocr_line' id='line_1_80' title="bbox 2174 2098 3825 2202; baseline -0.022 -16"><span class='ocrx_word' id='word_1_678' title='bbox 2174 2098 2333 2202; x_wconf 80' lang='grc' dir='ltr'><strong>μενος</strong></span> <span class='ocrx_word' id='word_1_679' title='bbox 2370 2098 2465 2182; x_wconf 70' lang='grc' dir='ltr'><strong>καὶ</strong></span> <span class='ocrx_word' id='word_1_680' title='bbox 2506 2122 2743 2194; x_wconf 82' lang='grc' dir='ltr'><strong>μεθύων,</strong></span> <span class='ocrx_word' id='word_1_681' title='bbox 2775 2118 2871 2174; x_wconf 73' lang='grc' dir='ltr'><strong>καὶ</strong></span> <span class='ocrx_word' id='word_1_682' title='bbox 2900 2114 3007 2171; x_wconf 73' lang='grc' dir='ltr'><strong>ὑπὸ</strong></span> <span class='ocrx_word' id='word_1_683' title='bbox 3038 2109 3268 2184; x_wconf 78' lang='grc' dir='ltr'><strong>μηδενὸς</strong></span> <span class='ocrx_word' id='word_1_684' title='bbox 3293 2105 3502 2162; x_wconf 88' lang='grc' dir='ltr'><strong>τούτων</strong></span> <span class='ocrx_word' id='word_1_685' title='bbox 3528 2098 3825 2173; x_wconf 70' lang='grc' dir='ltr'><strong>ἐνοχλούμε-</strong></span> 
     </span>
    </p>
   </div>
   <div class='ocr_carea' id='block_1_81' title="bbox 2169 2196 3824 2291">
    <p class='ocr_par' dir='ltr' id='par_1_81' title="bbox 2169 2196 3824 2291">
     <span class='ocr_line' id='line_1_81' title="bbox 2169 2196 3824 2291; baseline -0.021 -9"><span class='ocrx_word' id='word_1_686' title='bbox 2169 2196 2279 2291; x_wconf 76' lang='grc' dir='ltr'><strong>νος.</strong></span> <span class='ocrx_word' id='word_1_687' title='bbox 2309 2224 2424 2279; x_wconf 84' lang='grc' dir='ltr'><strong>Νῦν</strong></span> <span class='ocrx_word' id='word_1_688' title='bbox 2456 2223 2514 2276; x_wconf 81' lang='grc' dir='ltr'><strong>δὲ</strong></span> <span class='ocrx_word' id='word_1_689' title='bbox 2540 2222 2599 2277; x_wconf 87' lang='grc' dir='ltr'><strong>αί</strong></span> <span class='ocrx_word' id='word_1_690' title='bbox 2624 2215 2904 2291; x_wconf 85' lang='grc' dir='ltr'><strong>φροντίδες</strong></span> <span class='ocrx_word' id='word_1_691' title='bbox 2924 2211 3017 2267; x_wconf 75' lang='grc' dir='ltr'><strong>καὶ</strong></span> <span class='ocrx_word' id='word_1_692' title='bbox 3040 2211 3097 2265; x_wconf 86' lang='grc' dir='ltr'><strong>αί</strong></span> <span class='ocrx_word' id='word_1_693' title='bbox 3127 2207 3392 2280; x_wconf 78' lang='grc' dir='ltr'><strong>μέριμναι</strong></span> <span class='ocrx_word' id='word_1_694' title='bbox 3413 2198 3713 2273; x_wconf 81' lang='grc' dir='ltr'><strong>γυμνάσιόν</strong></span> <span class='ocrx_word' id='word_1_695' title='bbox 3736 2196 3824 2248; x_wconf 87' lang='grc' dir='ltr'><strong>είσι</strong></span> 
     </span>
    </p>
   </div>
   <div class='ocr_carea' id='block_1_82' title="bbox 2173 2291 3826 2396">
    <p class='ocr_par' dir='ltr' id='par_1_82' title="bbox 2173 2291 3826 2396">
     <span class='ocr_line' id='line_1_82' title="bbox 2173 2291 3826 2396; baseline -0.022 -16"><span class='ocrx_word' id='word_1_696' title='bbox 2173 2322 2492 2396; x_wconf 88' lang='grc' dir='ltr'><strong>φιλοσοφίας</strong></span> <span class='ocrx_word' id='word_1_697' title='bbox 2555 2319 2652 2373; x_wconf 75' lang='grc' dir='ltr'><strong>καὶ</strong></span> <span class='ocrx_word' id='word_1_698' title='bbox 2716 2312 3124 2373; x_wconf 88' lang='grc' dir='ltr'><strong>διδασκάλειον,</strong></span> <span class='ocrx_word' id='word_1_699' title='bbox 3182 2306 3282 2360; x_wconf 79' lang='grc' dir='ltr'><strong>καὶ</strong></span> <span class='ocrx_word' id='word_1_700' title='bbox 3336 2298 3533 2371; x_wconf 77' lang='grc' dir='ltr'><strong>ἀγωγὴ</strong></span> <span class='ocrx_word' id='word_1_701' title='bbox 3604 2291 3826 2353; x_wconf 80' lang='grc' dir='ltr'><strong>παιδείας</strong></span> 
     </span>
    </p>
   </div>
   <div class='ocr_carea' id='block_1_83' title="bbox 2173 2390 3828 2497">
    <p class='ocr_par' dir='ltr' id='par_1_83' title="bbox 2173 2390 3828 2497">
     <span class='ocr_line' id='line_1_83' title="bbox 2173 2390 3828 2497; baseline -0.025 -15"><span class='ocrx_word' id='word_1_702' title='bbox 2173 2390 2425 2497; x_wconf 71' lang='grc' dir='ltr'><strong>ἀρίστης.</strong></span> <span class='ocrx_word' id='word_1_703' title='bbox 2466 2419 2671 2474; x_wconf 86' lang='grc' dir='ltr'><strong>Σκόπει</strong></span> <span class='ocrx_word' id='word_1_704' title='bbox 2701 2414 2758 2469; x_wconf 84' lang='grc' dir='ltr'><strong>δὲ</strong></span> <span class='ocrx_word' id='word_1_705' title='bbox 2787 2413 2884 2467; x_wconf 72' lang='grc' dir='ltr'><strong>καὶ</strong></span> <span class='ocrx_word' id='word_1_706' title='bbox 2911 2409 3087 2471; x_wconf 80' lang='grc' dir='ltr'><strong>άλλως</strong></span> <span class='ocrx_word' id='word_1_707' title='bbox 3111 2420 3126 2435; x_wconf 91' lang='grc'><strong>·</strong></span> <span class='ocrx_word' id='word_1_708' title='bbox 3161 2400 3447 2475; x_wconf 86' lang='grc' dir='ltr'><strong>τρεφέσθω</strong></span> <span class='ocrx_word' id='word_1_709' title='bbox 3479 2413 3567 2460; x_wconf 90' lang='grc' dir='ltr'><strong>τις</strong></span> <span class='ocrx_word' id='word_1_710' title='bbox 3607 2394 3663 2446; x_wconf 83' lang='grc' dir='ltr'><strong>ὲν</strong></span> <span class='ocrx_word' id='word_1_711' title='bbox 3697 2390 3828 2461; x_wconf 74' lang='grc' dir='ltr'><strong>βασι-</strong></span> 
     </span>
    </p>
   </div>
   <div class='ocr_carea' id='block_1_84' title="bbox 2173 2485 3825 2591">
    <p class='ocr_par' dir='ltr' id='par_1_84' title="bbox 2173 2485 3825 2591">
     <span class='ocr_line' id='line_1_84' title="bbox 2173 2485 3825 2591; baseline -0.023 -15"><span class='ocrx_word' id='word_1_712' title='bbox 2173 2485 2340 2584; x_wconf 78' lang='grc' dir='ltr'><strong>λείοις</strong></span> <span class='ocrx_word' id='word_1_713' title='bbox 2362 2485 2503 2591; x_wconf 74' lang='grc' dir='ltr'><strong>μήτε</strong></span> <span class='ocrx_word' id='word_1_714' title='bbox 2528 2511 2867 2583; x_wconf 83' lang='grc' dir='ltr'><strong>λυπούμενος</strong></span> <span class='ocrx_word' id='word_1_715' title='bbox 2888 2508 3027 2580; x_wconf 86' lang='grc' dir='ltr'><strong>μήτε</strong></span> <span class='ocrx_word' id='word_1_716' title='bbox 3049 2499 3353 2575; x_wconf 81' lang='grc' dir='ltr'><strong>φροντίζων</strong></span> <span class='ocrx_word' id='word_1_717' title='bbox 3385 2497 3525 2568; x_wconf 89' lang='grc' dir='ltr'><strong>μήτε</strong></span> <span class='ocrx_word' id='word_1_718' title='bbox 3552 2485 3825 2591; x_wconf 62' lang='grc' dir='ltr'><strong>μεριμνῶν,</strong></span> 
     </span>
    </p>
   </div>
   <div class='ocr_carea' id='block_1_85' title="bbox 2175 2579 3826 2687">
    <p class='ocr_par' dir='ltr' id='par_1_85' title="bbox 2175 2579 3826 2687">
     <span class='ocr_line' id='line_1_85' title="bbox 2175 2579 3826 2687; baseline -0.024 -15"><span class='ocrx_word' id='word_1_719' title='bbox 2175 2617 2271 2672; x_wconf 71' lang='grc' dir='ltr'><strong>καὶ</strong></span> <span class='ocrx_word' id='word_1_720' title='bbox 2474 2610 2648 2682; x_wconf 77' lang='grc' dir='ltr'><strong>ὀργῆς</strong></span> <span class='ocrx_word' id='word_1_721' title='bbox 2684 2579 2822 2678; x_wconf 69' lang='grc' dir='ltr'><strong>ἔχων</strong></span> <span class='ocrx_word' id='word_1_722' title='bbox 2868 2601 3141 2675; x_wconf 84' lang='grc' dir='ltr'><strong>πρόφασιν</strong></span> <span class='ocrx_word' id='word_1_723' title='bbox 3175 2596 3312 2667; x_wconf 89' lang='grc' dir='ltr'><strong>μήτε</strong></span> <span class='ocrx_word' id='word_1_724' title='bbox 3353 2587 3683 2659; x_wconf 88' lang='grc' dir='ltr'><strong>ἀποτυχίας,</strong></span> <span class='ocrx_word' id='word_1_725' title='bbox 3712 2579 3826 2637; x_wconf 75' lang='grc' dir='ltr'><strong>ἀλλά</strong></span> 
     </span>
    </p>
   </div>
   <div class='ocr_carea' id='block_1_86' title="bbox 2177 2678 3825 2781">
    <p class='ocr_par' dir='ltr' id='par_1_86' title="bbox 2177 2678 3825 2781">
     <span class='ocr_line' id='line_1_86' title="bbox 2177 2678 3825 2781; baseline -0.026 -9"><span class='ocrx_word' id='word_1_726' title='bbox 2177 2678 2381 2775; x_wconf 69' lang='grc' dir='ltr'><strong>πάντα,</strong></span> <span class='ocrx_word' id='word_1_727' title='bbox 2410 2678 2523 2766; x_wconf 80' lang='grc' dir='ltr'><strong>ἀπε</strong></span> <span class='ocrx_word' id='word_1_728' title='bbox 2526 2678 2566 2781; x_wconf 22' lang='grc' dir='ltr'><strong>ρν</strong></span> <span class='ocrx_word' id='word_1_729' title='bbox 2579 2678 2646 2763; x_wconf 80' lang='grc' dir='ltr'><strong>ἀν</strong></span> <span class='ocrx_word' id='word_1_730' title='bbox 2670 2702 2828 2759; x_wconf 77' lang='grc' dir='ltr'><strong>ἐπιθυ</strong></span> <span class='ocrx_word' id='word_1_731' title='bbox 2838 2700 3007 2772; x_wconf 82' lang='grc' dir='ltr'><strong>μήσῃ,</strong></span> <span class='ocrx_word' id='word_1_732' title='bbox 3031 2694 3275 2758; x_wconf 86' lang='grc' dir='ltr'><strong>ποιείτω,</strong></span> <span class='ocrx_word' id='word_1_733' title='bbox 3299 2689 3395 2744; x_wconf 75' lang='grc' dir='ltr'><strong>καὶ</strong></span> <span class='ocrx_word' id='word_1_734' title='bbox 3421 2678 3825 2754; x_wconf 83' lang='grc' dir='ltr'><strong>έπιτυγχανέτω,</strong></span> 
     </span>
    </p>
   </div>
   <div class='ocr_carea' id='block_1_87' title="bbox 2177 2776 3826 2877">
    <p class='ocr_par' dir='ltr' id='par_1_87' title="bbox 2177 2776 3826 2877">
     <span class='ocr_line' id='line_1_87' title="bbox 2177 2776 3826 2877; baseline -0.024 -9"><span class='ocrx_word' id='word_1_735' title='bbox 2177 2812 2276 2867; x_wconf 75' lang='grc' dir='ltr'><strong>καὶ</strong></span> <span class='ocrx_word' id='word_1_736' title='bbox 2305 2776 2721 2877; x_wconf 32' lang='grc' dir='ltr'><strong>πάντας-ἐχέτω</strong></span> <span class='ocrx_word' id='word_1_737' title='bbox 2752 2796 3131 2857; x_wconf 78' lang='grc' dir='ltr'><strong>ὑπακούοντας</strong></span> <span class='ocrx_word' id='word_1_738' title='bbox 3150 2810 3165 2826; x_wconf 81' lang='grc' dir='ltr'><strong><em>ο</em></strong></span> <span class='ocrx_word' id='word_1_739' title='bbox 3199 2791 3266 2846; x_wconf 83' lang='grc' dir='ltr'><strong>ἀν</strong></span> <span class='ocrx_word' id='word_1_740' title='bbox 3309 2787 3384 2861; x_wconf 82' lang='grc' dir='ltr'><strong>μὴ</strong></span> <span class='ocrx_word' id='word_1_741' title='bbox 3425 2784 3630 2847; x_wconf 83' lang='grc' dir='ltr'><strong>παντὸς</strong></span> <span class='ocrx_word' id='word_1_742' title='bbox 3660 2776 3826 2850; x_wconf 86' lang='grc' dir='ltr'><strong>θηρίου</strong></span> 
     </span>
    </p>
   </div>
   <div class='ocr_carea' id='block_1_88' title="bbox 2179 2896 3182 2982">
    <p class='ocr_par' dir='ltr' id='par_1_88' title="bbox 2179 2896 3182 2982">
     <span class='ocr_line' id='line_1_88' title="bbox 2179 2896 3182 2982; baseline -0.013 -22"><span class='ocrx_word' id='word_1_743' title='bbox 2179 2909 2517 2982; x_wconf 81' lang='grc' dir='ltr'><strong>ἀλογώτερος</strong></span> <span class='ocrx_word' id='word_1_744' title='bbox 2542 2905 2764 2972; x_wconf 90' lang='grc' dir='ltr'><strong>γένηται</strong></span> <span class='ocrx_word' id='word_1_745' title='bbox 2804 2902 2833 2953; x_wconf 92' lang='lat'><strong>6</strong></span> <span class='ocrx_word' id='word_1_746' title='bbox 2862 2896 3100 2957; x_wconf 89' lang='grc' dir='ltr'><strong>τοιοῦτος</strong></span> <span class='ocrx_word' id='word_1_747' title='bbox 3120 2898 3144 2927; x_wconf 72' lang='grc'>⁸</span> <span class='ocrx_word' id='word_1_748' title='bbox 3166 2908 3182 2958; x_wconf 88' lang='lat'><strong>;</strong></span> 
     </span>
    </p>
   </div>
   <div class='ocr_carea' id='block_1_89' title="bbox 2252 2990 3829 3100">
    <p class='ocr_par' dir='ltr' id='par_1_89' title="bbox 2252 2990 3829 3100">
     <span class='ocr_line' id='line_1_89' title="bbox 2252 2990 3829 3100; baseline -0.027 -16"><span class='ocrx_word' id='word_1_749' title='bbox 2252 3024 2407 3100; x_wconf 73' lang='grc'>[410]</span> <span class='ocrx_word' id='word_1_750' title='bbox 2439 3022 2555 3078; x_wconf 80' lang='grc' dir='ltr'><strong>Νῦν</strong></span> <span class='ocrx_word' id='word_1_751' title='bbox 2585 3020 2641 3073; x_wconf 79' lang='grc' dir='ltr'><strong>δὲ</strong></span> <span class='ocrx_word' id='word_1_752' title='bbox 2666 3018 2856 3088; x_wconf 88' lang='grc' dir='ltr'><strong>ῶσπερ</strong></span> <span class='ocrx_word' id='word_1_753' title='bbox 2887 3012 3056 3082; x_wconf 88' lang='grc' dir='ltr'><strong>ἀκόνη</strong></span> <span class='ocrx_word' id='word_1_754' title='bbox 3085 3006 3232 3061; x_wconf 69' lang='grc' dir='ltr'><strong>ἐστὶν</strong></span> <span class='ocrx_word' id='word_1_755' title='bbox 3259 3000 3588 3075; x_wconf 79' lang='grc' dir='ltr'><strong>ὲκτρίϐουσα</strong></span> <span class='ocrx_word' id='word_1_756' title='bbox 3617 2994 3752 3067; x_wconf 82' lang='grc' dir='ltr'><strong>ήμᾶς</strong></span> <span class='ocrx_word' id='word_1_757' title='bbox 3772 2990 3829 3042; x_wconf 81' lang='grc' dir='ltr'><strong>τὰ</strong></span> 
     </span>
    </p>
   </div>
   <div class='ocr_carea' id='block_1_90' title="bbox 2181 3089 3829 3195">
    <p class='ocr_par' dir='ltr' id='par_1_90' title="bbox 2181 3089 3829 3195">
     <span class='ocr_line' id='line_1_90' title="bbox 2181 3089 3829 3195; baseline -0.025 -13"><span class='ocrx_word' id='word_1_758' title='bbox 2181 3126 2291 3180; x_wconf 90' lang='grc' dir='ltr'><strong>τῶν</strong></span> <span class='ocrx_word' id='word_1_759' title='bbox 2320 3121 2719 3195; x_wconf 85' lang='grc' dir='ltr'><strong>περιστάσεων,</strong></span> <span class='ocrx_word' id='word_1_760' title='bbox 2748 3115 2817 3169; x_wconf 89' lang='lat'><strong>16</strong></span> <span class='ocrx_word' id='word_1_761' title='bbox 2835 3110 2946 3166; x_wconf 89' lang='grc' dir='ltr'><strong>τῶν</strong></span> <span class='ocrx_word' id='word_1_762' title='bbox 2967 3106 3220 3177; x_wconf 74' lang='grc' dir='ltr'><strong>θλίψεων.</strong></span> <span class='ocrx_word' id='word_1_763' title='bbox 3252 3100 3353 3155; x_wconf 88' lang='grc' dir='ltr'><strong>Διά</strong></span> <span class='ocrx_word' id='word_1_764' title='bbox 3377 3097 3536 3152; x_wconf 89' lang='grc' dir='ltr'><strong>τοῦτο</strong></span> <span class='ocrx_word' id='word_1_765' title='bbox 3566 3095 3669 3147; x_wconf 89' lang='grc' dir='ltr'><strong>τῶν</strong></span> <span class='ocrx_word' id='word_1_766' title='bbox 3691 3089 3829 3143; x_wconf 82' lang='grc' dir='ltr'><strong>πλον·</strong></span> 
     </span>
    </p>
   </div>
   <div class='ocr_carea' id='block_1_91' title="bbox 2181 3192 3827 3289">
    <p class='ocr_par' dir='ltr' id='par_1_91' title="bbox 2181 3192 3827 3289">
     <span class='ocr_line' id='line_1_91' title="bbox 2181 3192 3827 3289; baseline -0.023 -9"><span class='ocrx_word' id='word_1_767' title='bbox 2181 3192 2420 3279; x_wconf 81' lang='grc' dir='ltr'><strong>τούντων</strong></span> <span class='ocrx_word' id='word_1_768' title='bbox 2446 3220 2497 3274; x_wconf 87' lang='grc' dir='ltr'><strong>οί</strong></span> <span class='ocrx_word' id='word_1_769' title='bbox 2525 3217 2758 3289; x_wconf 85' lang='grc' dir='ltr'><strong>πένητες</strong></span> <span class='ocrx_word' id='word_1_770' title='bbox 2782 3212 2857 3276; x_wconf 84' lang='grc' dir='ltr'><strong>ὼς</strong></span> <span class='ocrx_word' id='word_1_771' title='bbox 2877 3210 2971 3263; x_wconf 74' lang='grc' dir='ltr'><strong>ἐπὶ</strong></span> <span class='ocrx_word' id='word_1_772' title='bbox 2991 3207 3055 3261; x_wconf 89' lang='lat'><strong>16</strong></span> <span class='ocrx_word' id='word_1_773' title='bbox 3077 3201 3327 3260; x_wconf 85' lang='grc' dir='ltr'><strong>πλεῖστόν</strong></span> <span class='ocrx_word' id='word_1_774' title='bbox 3348 3201 3456 3253; x_wconf 90' lang='grc' dir='ltr'><strong>είσι</strong></span> <span class='ocrx_word' id='word_1_775' title='bbox 3481 3192 3827 3262; x_wconf 81' lang='grc' dir='ltr'><strong>συνετώτεροι,</strong></span> 
     </span>
    </p>
   </div>
   <div class='ocr_carea' id='block_1_92' title="bbox 2183 3287 3827 3391">
    <p class='ocr_par' dir='ltr' id='par_1_92' title="bbox 2183 3287 3827 3391">
     <span class='ocr_line' id='line_1_92' title="bbox 2183 3287 3827 3391; baseline -0.024 -13"><span class='ocrx_word' id='word_1_776' title='bbox 2183 3321 2441 3391; x_wconf 89' lang='grc' dir='ltr'><strong>καθάπερ</strong></span> <span class='ocrx_word' id='word_1_777' title='bbox 2491 3287 2711 3375; x_wconf 87' lang='grc' dir='ltr'><strong>πολλοῖς</strong></span> <span class='ocrx_word' id='word_1_778' title='bbox 2749 3304 3206 3382; x_wconf 88' lang='grc' dir='ltr'><strong>περικρουόμενοι</strong></span> <span class='ocrx_word' id='word_1_779' title='bbox 3246 3298 3343 3353; x_wconf 74' lang='grc' dir='ltr'><strong>καὶ</strong></span> <span class='ocrx_word' id='word_1_780' title='bbox 3379 3287 3827 3366; x_wconf 87' lang='grc' dir='ltr'><strong>περιαντλούμενοι</strong></span> 
     </span>
    </p>
   </div>
   <div class='ocr_carea' id='block_1_93' title="bbox 2185 3387 3828 3489">
    <p class='ocr_par' dir='ltr' id='par_1_93' title="bbox 2185 3387 3828 3489">
     <span class='ocr_line' id='line_1_93' title="bbox 2185 3387 3828 3489; baseline -0.022 -17"><span class='ocrx_word' id='word_1_781' title='bbox 2185 3387 2424 3489; x_wconf 50' lang='grc' dir='ltr'><strong>κύμασιί</strong></span> <span class='ocrx_word' id='word_1_782' title='bbox 2456 3412 2569 3468; x_wconf 70' lang='grc' dir='ltr'><strong>Καὶ</strong></span> <span class='ocrx_word' id='word_1_783' title='bbox 2619 3408 2730 3478; x_wconf 88' lang='lat'><strong>769</strong></span> <span class='ocrx_word' id='word_1_784' title='bbox 2780 3406 2941 3476; x_wconf 87' lang='grc' dir='ltr'><strong>σῶμα</strong></span> <span class='ocrx_word' id='word_1_785' title='bbox 2968 3401 3031 3457; x_wconf 86' lang='lat'><strong>16</strong></span> <span class='ocrx_word' id='word_1_786' title='bbox 3089 3400 3188 3471; x_wconf 83' lang='grc' dir='ltr'><strong>μὲν</strong></span> <span class='ocrx_word' id='word_1_787' title='bbox 3237 3394 3407 3467; x_wconf 75' lang='grc' dir='ltr'><strong>ἀργὸν</strong></span> <span class='ocrx_word' id='word_1_788' title='bbox 3464 3392 3563 3446; x_wconf 70' lang='grc' dir='ltr'><strong>καὶ</strong></span> <span class='ocrx_word' id='word_1_789' title='bbox 3608 3387 3828 3489; x_wconf 62' lang='grc' dir='ltr'><strong>ἀκίνητον</strong></span> 
     </span>
    </p>
   </div>
   <div class='ocr_carea' id='block_1_94' title="bbox 2186 3474 3828 3575">
    <p class='ocr_par' dir='ltr' id='par_1_94' title="bbox 2186 3474 3828 3575">
     <span class='ocr_line' id='line_1_94' title="bbox 2186 3474 3828 3575; baseline -0.023 -8"><span class='ocrx_word' id='word_1_790' title='bbox 2186 3474 2415 3572; x_wconf 77' lang='grc' dir='ltr'><strong>νοσῶδες</strong></span> <span class='ocrx_word' id='word_1_791' title='bbox 2448 3508 2545 3561; x_wconf 75' lang='grc' dir='ltr'><strong>καὶ</strong></span> <span class='ocrx_word' id='word_1_792' title='bbox 2593 3474 2790 3575; x_wconf 58' lang='grc' dir='ltr'><strong>ἀηδές,</strong></span> <span class='ocrx_word' id='word_1_793' title='bbox 2823 3474 2888 3554; x_wconf 86' lang='lat'><strong>16</strong></span> <span class='ocrx_word' id='word_1_794' title='bbox 2922 3498 2980 3551; x_wconf 83' lang='grc' dir='ltr'><strong>δὲ</strong></span> <span class='ocrx_word' id='word_1_795' title='bbox 3014 3493 3337 3564; x_wconf 87' lang='grc' dir='ltr'><strong>κινούμενον</strong></span> <span class='ocrx_word' id='word_1_796' title='bbox 3379 3487 3477 3542; x_wconf 78' lang='grc' dir='ltr'><strong>καὶ</strong></span> <span class='ocrx_word' id='word_1_797' title='bbox 3521 3484 3717 3555; x_wconf 87' lang='grc' dir='ltr'><strong>κάμνον</strong></span> <span class='ocrx_word' id='word_1_798' title='bbox 3752 3474 3828 3531; x_wconf 83' lang='grc' dir='ltr'><strong>καὶ</strong></span> 
     </span>
    </p>
   </div>
   <div class='ocr_carea' id='block_1_95' title="bbox 2185 3573 3829 3675">
    <p class='ocr_par' dir='ltr' id='par_1_95' title="bbox 2185 3573 3829 3675">
     <span class='ocr_line' id='line_1_95' title="bbox 2185 3573 3829 3675; baseline -0.022 -12"><span class='ocrx_word' id='word_1_799' title='bbox 2185 3573 2704 3675; x_wconf 88' lang='grc' dir='ltr'><strong>ταλαιπωρούμενον</strong></span> <span class='ocrx_word' id='word_1_800' title='bbox 2747 3594 3081 3669; x_wconf 85' lang='grc' dir='ltr'><strong>ὼραιότερον</strong></span> <span class='ocrx_word' id='word_1_801' title='bbox 3127 3590 3223 3645; x_wconf 70' lang='grc' dir='ltr'><strong>καὶ</strong></span> <span class='ocrx_word' id='word_1_802' title='bbox 3256 3585 3622 3656; x_wconf 74' lang='grc' dir='ltr'><strong>ὑγιεινότερον</strong></span> <span class='ocrx_word' id='word_1_803' title='bbox 3646 3596 3660 3611; x_wconf 89' lang='grc'><strong>·</strong></span> <span class='ocrx_word' id='word_1_804' title='bbox 3697 3573 3829 3631; x_wconf 77' lang='grc' dir='ltr'><strong>τοῦτο</strong></span> 
     </span>
    </p>
   </div>
   <div class='ocr_carea' id='block_1_96' title="bbox 2187 3667 3828 3771">
    <p class='ocr_par' dir='ltr' id='par_1_96' title="bbox 2187 3667 3828 3771">
     <span class='ocr_line' id='line_1_96' title="bbox 2187 3667 3828 3771; baseline -0.022 -10"><span class='ocrx_word' id='word_1_805' title='bbox 2187 3708 2244 3761; x_wconf 82' lang='grc' dir='ltr'><strong>δὲ</strong></span> <span class='ocrx_word' id='word_1_806' title='bbox 2277 3704 2369 3759; x_wconf 72' lang='grc' dir='ltr'><strong>ἐπὶ</strong></span> <span class='ocrx_word' id='word_1_807' title='bbox 2403 3667 2583 3771; x_wconf 63' lang='grc' dir='ltr'><strong>ψυχης</strong></span> <span class='ocrx_word' id='word_1_808' title='bbox 2633 3667 2900 3767; x_wconf 14' lang='grc' dir='ltr'><strong>εῦροιήτις</strong></span> <span class='ocrx_word' id='word_1_809' title='bbox 2938 3690 3025 3744; x_wconf 82' lang='grc' dir='ltr'><strong>ἀν.</strong></span> <span class='ocrx_word' id='word_1_810' title='bbox 3060 3685 3175 3740; x_wconf 73' lang='grc' dir='ltr'><strong>Καὶ</strong></span> <span class='ocrx_word' id='word_1_811' title='bbox 3212 3682 3429 3753; x_wconf 89' lang='grc' dir='ltr'><strong>σίδηρος</strong></span> <span class='ocrx_word' id='word_1_812' title='bbox 3467 3680 3711 3749; x_wconf 85' lang='grc' dir='ltr'><strong>κείμενος</strong></span> <span class='ocrx_word' id='word_1_813' title='bbox 3749 3667 3828 3741; x_wconf 69' lang='grc' dir='ltr'><strong>μὲν</strong></span> 
     </span>
    </p>
   </div>
   <div class='ocr_carea' id='block_1_97' title="bbox 2187 3767 3828 3871">
    <p class='ocr_par' dir='ltr' id='par_1_97' title="bbox 2187 3767 3828 3871">
     <span class='ocr_line' id='line_1_97' title="bbox 2187 3767 3828 3871; baseline -0.024 -13"><span class='ocrx_word' id='word_1_814' title='bbox 2187 3767 2582 3871; x_wconf 73' lang='grc' dir='ltr'><strong>διαφθείρεται,</strong></span> <span class='ocrx_word' id='word_1_815' title='bbox 2600 3790 2973 3863; x_wconf 77' lang='grc' dir='ltr'><strong>ἐργαζόμενος</strong></span> <span class='ocrx_word' id='word_1_816' title='bbox 2993 3784 3051 3838; x_wconf 80' lang='grc' dir='ltr'><strong>δὲ</strong></span> <span class='ocrx_word' id='word_1_817' title='bbox 3070 3783 3297 3853; x_wconf 87' lang='grc' dir='ltr'><strong>λάμπει·</strong></span> <span class='ocrx_word' id='word_1_818' title='bbox 3326 3778 3417 3831; x_wconf 71' lang='grc' dir='ltr'><strong>καὶ</strong></span> <span class='ocrx_word' id='word_1_819' title='bbox 3436 3775 3585 3846; x_wconf 75' lang='grc' dir='ltr'><strong>ψυχὴ</strong></span> <span class='ocrx_word' id='word_1_820' title='bbox 3604 3767 3828 3826; x_wconf 82' lang='grc' dir='ltr'><strong>ὡσαύτως</strong></span> 
     </span>
    </p>
   </div>
   <div class='ocr_carea' id='block_1_98' title="bbox 2188 3860 3827 3966">
    <p class='ocr_par' dir='ltr' id='par_1_98' title="bbox 2188 3860 3827 3966">
     <span class='ocr_line' id='line_1_98' title="bbox 2188 3860 3827 3966; baseline -0.022 -14"><span class='ocrx_word' id='word_1_821' title='bbox 2188 3860 2481 3966; x_wconf 72' lang='grc' dir='ltr'><strong>κινουμένη</strong></span> <span class='ocrx_word' id='word_1_822' title='bbox 2503 3907 2515 3920; x_wconf 97' lang='grc'><strong>·</strong></span> <span class='ocrx_word' id='word_1_823' title='bbox 2540 3860 2755 3958; x_wconf 83' lang='grc' dir='ltr'><strong>κίνησις</strong></span> <span class='ocrx_word' id='word_1_824' title='bbox 2781 3884 2840 3938; x_wconf 81' lang='grc' dir='ltr'><strong>δὲ</strong></span> <span class='ocrx_word' id='word_1_825' title='bbox 2863 3880 3044 3954; x_wconf 81' lang='grc' dir='ltr'><strong>ψυχῆς</strong></span> <span class='ocrx_word' id='word_1_826' title='bbox 3076 3880 3131 3931; x_wconf 90' lang='grc' dir='ltr'><strong>αί</strong></span> <span class='ocrx_word' id='word_1_827' title='bbox 3170 3875 3525 3945; x_wconf 87' lang='grc' dir='ltr'><strong>περιστάσεις</strong></span> <span class='ocrx_word' id='word_1_828' title='bbox 3552 3862 3717 3924; x_wconf 75' lang='grc' dir='ltr'><strong>αὗται.</strong></span> <span class='ocrx_word' id='word_1_829' title='bbox 3739 3860 3827 3917; x_wconf 81' lang='grc' dir='ltr'><strong>Καὶ</strong></span> 
     </span>
    </p>
   </div>
   <div class='ocr_carea' id='block_1_99' title="bbox 2188 3954 3827 4064">
    <p class='ocr_par' dir='ltr' id='par_1_99' title="bbox 2188 3954 3827 4064">
     <span class='ocr_line' id='line_1_99' title="bbox 2188 3954 3827 4064; baseline -0.023 -16"><span class='ocrx_word' id='word_1_830' title='bbox 2188 3954 2375 4064; x_wconf 63' lang='grc' dir='ltr'><strong>τέχναι</strong></span> <span class='ocrx_word' id='word_1_831' title='bbox 2409 3954 2737 4043; x_wconf 78' lang='grc' dir='ltr'><strong>ἀπόλλυνται</strong></span> <span class='ocrx_word' id='word_1_832' title='bbox 2757 4023 2772 4047; x_wconf 91' lang='grc'><strong>,</strong></span> <span class='ocrx_word' id='word_1_833' title='bbox 2805 3980 2879 4051; x_wconf 84' lang='grc' dir='ltr'><strong>μὴ</strong></span> <span class='ocrx_word' id='word_1_834' title='bbox 2924 3973 3254 4044; x_wconf 84' lang='grc' dir='ltr'><strong>κινουμένης</strong></span> <span class='ocrx_word' id='word_1_835' title='bbox 3285 3969 3462 4039; x_wconf 81' lang='grc' dir='ltr'><strong>ψυχῆς</strong></span> <span class='ocrx_word' id='word_1_836' title='bbox 3486 3983 3502 3998; x_wconf 78' lang='grc' dir='ltr'><strong>ο</strong></span> <span class='ocrx_word' id='word_1_837' title='bbox 3545 3964 3753 4020; x_wconf 83' lang='grc' dir='ltr'><strong>κινεῖται</strong></span> <span class='ocrx_word' id='word_1_838' title='bbox 3784 3954 3827 4006; x_wconf 77' lang='grc' dir='ltr'><strong>δὲ</strong></span> 
     </span>
    </p>
   </div>
   <div class='ocr_carea' id='block_1_100' title="bbox 2188 4055 3824 4159">
    <p class='ocr_par' dir='ltr' id='par_1_100' title="bbox 2188 4055 3824 4159">
     <span class='ocr_line' id='line_1_100' title="bbox 2188 4055 3824 4159; baseline -0.025 -14"><span class='ocrx_word' id='word_1_839' title='bbox 2188 4055 2318 4145; x_wconf 70' lang='grc' dir='ltr'><strong>ὅτάν</strong></span> <span class='ocrx_word' id='word_1_840' title='bbox 2351 4085 2426 4159; x_wconf 83' lang='grc' dir='ltr'><strong>μὴ</strong></span> <span class='ocrx_word' id='word_1_841' title='bbox 2454 4083 2631 4138; x_wconf 84' lang='grc' dir='ltr'><strong>πάντα</strong></span> <span class='ocrx_word' id='word_1_842' title='bbox 2656 4072 2910 4151; x_wconf 80' lang='grc' dir='ltr'><strong>εὐθέα·</strong></span> <span class='ocrx_word' id='word_1_843' title='bbox 2945 4075 3177 4128; x_wconf 88' lang='grc' dir='ltr'><strong>κινεῖται</strong></span> <span class='ocrx_word' id='word_1_844' title='bbox 3198 4068 3308 4139; x_wconf 84' lang='lat'><strong>769</strong></span> <span class='ocrx_word' id='word_1_845' title='bbox 3330 4065 3434 4121; x_wconf 78' lang='grc' dir='ltr'><strong>ὑπὸ</strong></span> <span class='ocrx_word' id='word_1_846' title='bbox 3455 4062 3565 4118; x_wconf 83' lang='grc' dir='ltr'><strong>τῶν</strong></span> <span class='ocrx_word' id='word_1_847' title='bbox 3585 4055 3824 4115; x_wconf 76' lang='grc' dir='ltr'><strong>ἐναντίων.</strong></span> 
     </span>
    </p>
   </div>
   <div class='ocr_carea' id='block_1_101' title="bbox 2188 4151 3827 4256">
    <p class='ocr_par' dir='ltr' id='par_1_101' title="bbox 2188 4151 3827 4256">
     <span class='ocr_line' id='line_1_101' title="bbox 2188 4151 3827 4256; baseline -0.022 -16"><span class='ocrx_word' id='word_1_848' title='bbox 2188 4187 2254 4241; x_wconf 71' lang='lat' dir='ltr'><strong><em>El</em></strong></span> <span class='ocrx_word' id='word_1_849' title='bbox 2278 4151 2464 4256; x_wconf 49' lang='lat'><strong>9371611</strong></span> <span class='ocrx_word' id='word_1_850' title='bbox 2488 4176 2723 4242; x_wconf 72' lang='grc' dir='ltr'><strong>ἐναντία,</strong></span> <span class='ocrx_word' id='word_1_851' title='bbox 2750 4173 2904 4228; x_wconf 79' lang='grc' dir='ltr'><strong>οὐδὲν</strong></span> <span class='ocrx_word' id='word_1_852' title='bbox 2931 4170 2997 4225; x_wconf 80' lang='grc' dir='ltr'><strong>ἂν</strong></span> <span class='ocrx_word' id='word_1_853' title='bbox 3026 4169 3111 4240; x_wconf 86' lang='grc' dir='ltr'><strong>είη</strong></span> <span class='ocrx_word' id='word_1_854' title='bbox 3133 4166 3194 4221; x_wconf 89' lang='lat'><strong>16</strong></span> <span class='ocrx_word' id='word_1_855' title='bbox 3215 4163 3419 4219; x_wconf 91' lang='grc' dir='ltr'><strong>κινοῦν·</strong></span> <span class='ocrx_word' id='word_1_856' title='bbox 3451 4156 3584 4227; x_wconf 73' lang='grc' dir='ltr'><strong>οἷον,</strong></span> <span class='ocrx_word' id='word_1_857' title='bbox 3616 4157 3660 4210; x_wconf 89' lang='grc' dir='ltr'><strong>εί</strong></span> <span class='ocrx_word' id='word_1_858' title='bbox 3680 4151 3827 4206; x_wconf 71' lang='grc' dir='ltr'><strong>πάντα</strong></span> 
     </span>
    </p>
   </div>
   <div class='ocr_carea' id='block_1_102' title="bbox 2189 4247 3822 4353">
    <p class='ocr_par' dir='ltr' id='par_1_102' title="bbox 2189 4247 3822 4353">
     <span class='ocr_line' id='line_1_102' title="bbox 2189 4247 3822 4353; baseline -0.022 -17"><span class='ocrx_word' id='word_1_859' title='bbox 2189 4278 2258 4353; x_wconf 78' lang='grc' dir='ltr'><strong>ἦν</strong></span> <span class='ocrx_word' id='word_1_860' title='bbox 2278 4247 2636 4352; x_wconf 44' lang='grc' dir='ltr'><strong>ἐἰργασμένα</strong></span> <span class='ocrx_word' id='word_1_861' title='bbox 2664 4271 2847 4335; x_wconf 86' lang='grc' dir='ltr'><strong>καλῶς</strong></span> <span class='ocrx_word' id='word_1_862' title='bbox 2866 4309 2882 4333; x_wconf 91' lang='grc'><strong>,</strong></span> <span class='ocrx_word' id='word_1_863' title='bbox 2905 4266 3007 4321; x_wconf 80' lang='grc' dir='ltr'><strong>οὐκ</strong></span> <span class='ocrx_word' id='word_1_864' title='bbox 3038 4264 3104 4319; x_wconf 84' lang='grc' dir='ltr'><strong>ἂν</strong></span> <span class='ocrx_word' id='word_1_865' title='bbox 3130 4256 3289 4335; x_wconf 80' lang='grc' dir='ltr'><strong>εῦρεν</strong></span> <span class='ocrx_word' id='word_1_866' title='bbox 3319 4262 3353 4331; x_wconf 86' lang='grc' dir='ltr'>ὴ</span> <span class='ocrx_word' id='word_1_867' title='bbox 3381 4259 3547 4353; x_wconf 65' lang='grc' dir='ltr'><strong>τέχνη</strong></span> <span class='ocrx_word' id='word_1_868' title='bbox 3577 4247 3822 4310; x_wconf 79' lang='grc' dir='ltr'><strong>κινεῖσθαι.</strong></span> 
     </span>
    </p>
   </div>
   <div class='ocr_carea' id='block_1_103' title="bbox 2192 4336 3822 4443">
    <p class='ocr_par' dir='ltr' id='par_1_103' title="bbox 2192 4336 3822 4443">
     <span class='ocr_line' id='line_1_103' title="bbox 2192 4336 3822 4443; baseline -0.023 -12"><span class='ocrx_word' id='word_1_869' title='bbox 2192 4336 2583 4443; x_wconf 41' lang='grc' dir='ltr'><strong>δῦτωικ.αὶ,’[εί</strong></span> <span class='ocrx_word' id='word_1_870' title='bbox 2613 4368 2795 4422; x_wconf 88' lang='grc' dir='ltr'><strong>πάντα</strong></span> <span class='ocrx_word' id='word_1_871' title='bbox 2818 4358 2886 4435; x_wconf 79' lang='grc' dir='ltr'><strong>ἦν</strong></span> <span class='ocrx_word' id='word_1_872' title='bbox 2916 4360 3056 4416; x_wconf 89' lang='grc' dir='ltr'><strong>κατά</strong></span> <span class='ocrx_word' id='word_1_873' title='bbox 3083 4356 3210 4413; x_wconf 92' lang='grc' dir='ltr'><strong>νοῦν</strong></span> <span class='ocrx_word' id='word_1_874' title='bbox 3231 4358 3384 4428; x_wconf 80' lang='grc' dir='ltr'><strong>ἡμῖν.</strong></span> <span class='ocrx_word' id='word_1_875' title='bbox 3413 4336 3517 4415; x_wconf 32' lang='grc' dir='ltr'><strong>οὖδκ</strong></span> <span class='ocrx_word' id='word_1_876' title='bbox 3545 4354 3606 4408; x_wconf 85' lang='grc' dir='ltr'><strong>ἀν</strong></span> <span class='ocrx_word' id='word_1_877' title='bbox 3642 4342 3822 4443; x_wconf 69' lang='grc' dir='ltr'><strong>εὗρενὴ</strong></span> 
     </span>
    </p>
   </div>
   <div class='ocr_carea' id='block_1_104' title="bbox 2191 4431 3820 4540">
    <p class='ocr_par' dir='ltr' id='par_1_104' title="bbox 2191 4431 3820 4540">
     <span class='ocr_line' id='line_1_104' title="bbox 2191 4431 3820 4540; baseline -0.018 -15"><span class='ocrx_word' id='word_1_878' title='bbox 2191 4471 2339 4540; x_wconf 81' lang='grc' dir='ltr'><strong>ψυχὴ</strong></span> <span class='ocrx_word' id='word_1_879' title='bbox 2378 4431 2710 4533; x_wconf 36' lang='grc' dir='ltr'><strong>κινεῖισθαιο]</strong></span> <span class='ocrx_word' id='word_1_880' title='bbox 2752 4462 2800 4514; x_wconf 85' lang='grc' dir='ltr'><strong>εί</strong></span> <span class='ocrx_word' id='word_1_881' title='bbox 2828 4431 3109 4525; x_wconf 78' lang='grc' dir='ltr'><strong>πανταχοῦ</strong></span> <span class='ocrx_word' id='word_1_882' title='bbox 3143 4451 3548 4515; x_wconf 79' lang='grc' dir='ltr'><strong>διεϐαστάζετο,</strong></span> <span class='ocrx_word' id='word_1_883' title='bbox 3580 4442 3730 4514; x_wconf 75' lang='grc' dir='ltr'><strong>ἀηδὴς</strong></span> <span class='ocrx_word' id='word_1_884' title='bbox 3752 4431 3820 4504; x_wconf 72' lang='grc' dir='ltr'><strong>ἧνο</strong></span> 
     </span>
    </p>
   </div>
   <div class='ocr_carea' id='block_1_105' title="bbox 2193 4541 3824 4637">
    <p class='ocr_par' dir='ltr' id='par_1_105' title="bbox 2193 4541 3824 4637">
     <span class='ocr_line' id='line_1_105' title="bbox 2193 4541 3824 4637; baseline -0.022 -15"><span class='ocrx_word' id='word_1_885' title='bbox 2193 4570 2305 4637; x_wconf 84' lang='grc' dir='ltr'><strong>Οὐχ</strong></span> <span class='ocrx_word' id='word_1_886' title='bbox 2335 4566 2487 4636; x_wconf 76' lang='grc' dir='ltr'><strong>ὁρᾷς,</strong></span> <span class='ocrx_word' id='word_1_887' title='bbox 2517 4563 2599 4615; x_wconf 86' lang='grc' dir='ltr'><strong>δτι</strong></span> <span class='ocrx_word' id='word_1_888' title='bbox 2626 4559 2722 4614; x_wconf 79' lang='grc' dir='ltr'><strong>καὶ</strong></span> <span class='ocrx_word' id='word_1_889' title='bbox 2749 4556 2971 4627; x_wconf 84' lang='grc' dir='ltr'><strong>τροφοῖς</strong></span> <span class='ocrx_word' id='word_1_890' title='bbox 2996 4547 3512 4621; x_wconf 71' lang='grc' dir='ltr'><strong>παρακελευόμεθα,</strong></span> <span class='ocrx_word' id='word_1_891' title='bbox 3551 4544 3620 4615; x_wconf 82' lang='grc' dir='ltr'><strong>μὴ</strong></span> <span class='ocrx_word' id='word_1_892' title='bbox 3640 4541 3824 4594; x_wconf 76' lang='grc' dir='ltr'><strong>διαπαν-</strong></span> 
     </span>
    </p>
   </div>
   <div class='ocr_carea' id='block_1_106' title="bbox 2192 4628 3823 4734">
    <p class='ocr_par' dir='ltr' id='par_1_106' title="bbox 2192 4628 3823 4734">
     <span class='ocr_line' id='line_1_106' title="bbox 2192 4628 3823 4734; baseline -0.023 -13"><span class='ocrx_word' id='word_1_893' title='bbox 2192 4628 2609 4734; x_wconf 34' lang='grc' dir='ltr'><strong>τδς1βάστάζειν</strong></span> <span class='ocrx_word' id='word_1_894' title='bbox 2639 4657 2709 4709; x_wconf 86' lang='grc' dir='ltr'><strong>τὰ</strong></span> <span class='ocrx_word' id='word_1_895' title='bbox 2740 4652 2930 4708; x_wconf 88' lang='grc' dir='ltr'><strong>παιδία</strong></span> <span class='ocrx_word' id='word_1_896' title='bbox 2951 4690 2967 4714; x_wconf 90' lang='grc'><strong>,</strong></span> <span class='ocrx_word' id='word_1_897' title='bbox 3003 4649 3143 4702; x_wconf 84' lang='grc' dir='ltr'><strong>ὥστε</strong></span> <span class='ocrx_word' id='word_1_898' title='bbox 3174 4645 3248 4718; x_wconf 81' lang='grc' dir='ltr'><strong>μὴ</strong></span> <span class='ocrx_word' id='word_1_899' title='bbox 3286 4646 3365 4707; x_wconf 85' lang='grc' dir='ltr'><strong>εἰς</strong></span> <span class='ocrx_word' id='word_1_900' title='bbox 3412 4642 3534 4705; x_wconf 78' lang='grc' dir='ltr'><strong>ἔθος</strong></span> <span class='ocrx_word' id='word_1_901' title='bbox 3565 4635 3689 4693; x_wconf 78' lang='grc' dir='ltr'><strong>αὐτὰ</strong></span> <span class='ocrx_word' id='word_1_902' title='bbox 3718 4628 3823 4734; x_wconf 48' lang='grc' dir='ltr'><strong>καθῖ</strong></span> 
     </span>
    </p>
   </div>
   <div class='ocr_carea' id='block_1_107' title="bbox 2197 4716 3819 4831">
    <p class='ocr_par' dir='ltr' id='par_1_107' title="bbox 2197 4716 3819 4831">
     <span class='ocr_line' id='line_1_107' title="bbox 2197 4716 3819 4831; baseline -0.02 -17"><span class='ocrx_word' id='word_1_903' title='bbox 2197 4716 2371 4831; x_wconf 67' lang='grc' dir='ltr'><strong>ιστᾷν,</strong></span> <span class='ocrx_word' id='word_1_904' title='bbox 2423 4716 2560 4827; x_wconf 75' lang='grc' dir='ltr'><strong>μήτε</strong></span> <span class='ocrx_word' id='word_1_905' title='bbox 2608 4746 2828 4820; x_wconf 74' lang='grc' dir='ltr'><strong>ἐξίτηλα</strong></span> <span class='ocrx_word' id='word_1_906' title='bbox 2883 4745 3022 4800; x_wconf 83' lang='grc' dir='ltr'><strong>αύτά</strong></span> <span class='ocrx_word' id='word_1_907' title='bbox 3075 4716 3285 4807; x_wconf 82' lang='grc' dir='ltr'><strong>ποιεῖν;</strong></span> <span class='ocrx_word' id='word_1_908' title='bbox 3318 4739 3414 4792; x_wconf 85' lang='grc' dir='ltr'><strong>Διά</strong></span> <span class='ocrx_word' id='word_1_909' title='bbox 3458 4736 3614 4790; x_wconf 85' lang='grc' dir='ltr'><strong>τοῦτο</strong></span> <span class='ocrx_word' id='word_1_910' title='bbox 3654 4728 3712 4782; x_wconf 81' lang='grc' dir='ltr'><strong>τὰ</strong></span> <span class='ocrx_word' id='word_1_911' title='bbox 3753 4716 3819 4775; x_wconf 75' lang='grc' dir='ltr'><strong>ἐπ’</strong></span> 
     </span>
    </p>
   </div>
   <div class='ocr_carea' id='block_1_108' title="bbox 2193 4827 3816 4928">
    <p class='ocr_par' dir='ltr' id='par_1_108' title="bbox 2193 4827 3816 4928">
     <span class='ocr_line' id='line_1_108' title="bbox 2193 4827 3816 4928; baseline -0.018 -17"><span class='ocrx_word' id='word_1_912' title='bbox 2193 4827 2377 4928; x_wconf 71' lang='grc' dir='ltr'><strong>ὄψεσιν</strong></span> <span class='ocrx_word' id='word_1_913' title='bbox 2398 4847 2808 4921; x_wconf 82' lang='grc' dir='ltr'><strong>ἀνατρεφόμενα</strong></span> <span class='ocrx_word' id='word_1_914' title='bbox 2839 4842 2946 4897; x_wconf 87' lang='grc' dir='ltr'><strong>τῶν</strong></span> <span class='ocrx_word' id='word_1_915' title='bbox 2975 4838 3205 4910; x_wconf 83' lang='grc' dir='ltr'><strong>γονέων,</strong></span> <span class='ocrx_word' id='word_1_916' title='bbox 3244 4836 3607 4907; x_wconf 86' lang='grc' dir='ltr'><strong>ἀσθενέστερα</strong></span> <span class='ocrx_word' id='word_1_917' title='bbox 3630 4827 3816 4897; x_wconf 74' lang='grc' dir='ltr'><strong>γίνεταις</strong></span> 
     </span>
    </p>
   </div>
   <div class='ocr_carea' id='block_1_109' title="bbox 2195 4916 3819 5024">
    <p class='ocr_par' dir='ltr' id='par_1_109' title="bbox 2195 4916 3819 5024">
     <span class='ocr_line' id='line_1_109' title="bbox 2195 4916 3819 5024; baseline -0.02 -18"><span class='ocrx_word' id='word_1_918' title='bbox 2195 4916 2292 5024; x_wconf 61' lang='grc' dir='ltr'><strong>τής</strong></span> <span class='ocrx_word' id='word_1_919' title='bbox 2323 4916 2933 5019; x_wconf 14' lang='grc' dir='ltr'><strong>φειδοῦςντῆςήἀκαίρου</strong></span> <span class='ocrx_word' id='word_1_920' title='bbox 2975 4954 3035 4989; x_wconf 83' lang='grc' dir='ltr'><strong>τε</strong></span> <span class='ocrx_word' id='word_1_921' title='bbox 3077 4935 3171 4988; x_wconf 74' lang='grc' dir='ltr'><strong>καὶ</strong></span> <span class='ocrx_word' id='word_1_922' title='bbox 3195 4932 3433 5003; x_wconf 84' lang='grc' dir='ltr'><strong>ἀμέτρου</strong></span> <span class='ocrx_word' id='word_1_923' title='bbox 3464 4916 3819 4998; x_wconf 76' lang='grc' dir='ltr'><strong>λυμαινομένης</strong></span> 
     </span>
    </p>
   </div>
   <div class='ocr_carea' id='block_1_110' title="bbox 2197 5008 3821 5114">
    <p class='ocr_par' dir='ltr' id='par_1_110' title="bbox 2197 5008 3821 5114">
     <span class='ocr_line' id='line_1_110' title="bbox 2197 5008 3821 5114; baseline -0.023 -13"><span class='ocrx_word' id='word_1_924' title='bbox 2197 5008 2377 5100; x_wconf 81' lang='grc' dir='ltr'><strong>αύτῶν</strong></span> <span class='ocrx_word' id='word_1_925' title='bbox 2400 5043 2498 5114; x_wconf 79' lang='grc' dir='ltr'><strong>τὴν</strong></span> <span class='ocrx_word' id='word_1_926' title='bbox 2529 5039 2763 5110; x_wconf 81' lang='grc' dir='ltr'><strong>ὑγίειαν.</strong></span> <span class='ocrx_word' id='word_1_927' title='bbox 2797 5008 2978 5089; x_wconf 73' lang='grc' dir='ltr'><strong>καλὸν</strong></span> <span class='ocrx_word' id='word_1_928' title='bbox 3018 5030 3115 5085; x_wconf 72' lang='grc' dir='ltr'><strong>καὶ</strong></span> <span class='ocrx_word' id='word_1_929' title='bbox 3146 5029 3291 5100; x_wconf 90' lang='grc' dir='ltr'><strong>λύπη</strong></span> <span class='ocrx_word' id='word_1_930' title='bbox 3325 5027 3664 5098; x_wconf 82' lang='grc' dir='ltr'><strong>σύμμετρος,</strong></span> <span class='ocrx_word' id='word_1_931' title='bbox 3692 5008 3821 5068; x_wconf 73' lang='grc' dir='ltr'><strong>καλὸν</strong></span> 
     </span>
    </p>
   </div>
   <div class='ocr_carea' id='block_1_111' title="bbox 2195 5105 3821 5213">
    <p class='ocr_par' dir='ltr' id='par_1_111' title="bbox 2195 5105 3821 5213">
     <span class='ocr_line' id='line_1_111' title="bbox 2195 5105 3821 5213; baseline -0.023 -15"><span class='ocrx_word' id='word_1_932' title='bbox 2195 5144 2293 5199; x_wconf 80' lang='grc' dir='ltr'><strong>καὶ</strong></span> <span class='ocrx_word' id='word_1_933' title='bbox 2320 5105 2759 5213; x_wconf 32' lang='grc' dir='ltr'><strong>φροντὶςίκαλὺν</strong></span> <span class='ocrx_word' id='word_1_934' title='bbox 2787 5133 2882 5186; x_wconf 57' lang='grc' dir='ltr'><strong>καί⁸</strong></span> <span class='ocrx_word' id='word_1_935' title='bbox 2903 5130 3099 5184; x_wconf 82' lang='grc' dir='ltr'><strong>ένδεια·</strong></span> <span class='ocrx_word' id='word_1_936' title='bbox 3138 5128 3393 5199; x_wconf 62' lang='grc' dir='ltr'><strong>ίσχυροὺς</strong></span> <span class='ocrx_word' id='word_1_937' title='bbox 3420 5124 3528 5194; x_wconf 73' lang='grc' dir='ltr'><strong>γὰρ</strong></span> <span class='ocrx_word' id='word_1_938' title='bbox 3554 5119 3684 5192; x_wconf 68' lang='grc' dir='ltr'><strong>ἡμᾶς</strong></span> <span class='ocrx_word' id='word_1_939' title='bbox 3709 5105 3821 5165; x_wconf 79' lang='grc' dir='ltr'><strong>ποιεῖ</strong></span> 
     </span>
    </p>
   </div>
   <div class='ocr_carea' id='block_1_112' title="bbox 2198 5218 3821 5296">
    <p class='ocr_par' dir='ltr' id='par_1_112' title="bbox 2198 5218 3821 5296">
     <span class='ocr_line' id='line_1_112' title="bbox 2198 5218 3821 5296; baseline -0.016 1"><span class='ocrx_word' id='word_1_940' title='bbox 2198 5240 2338 5296; x_wconf 87' lang='grc' dir='ltr'><strong>καλά</strong></span> <span class='ocrx_word' id='word_1_941' title='bbox 2373 5238 2467 5292; x_wconf 77' lang='grc' dir='ltr'><strong>καὶ</strong></span> <span class='ocrx_word' id='word_1_942' title='bbox 2492 5234 2561 5288; x_wconf 88' lang='grc' dir='ltr'><strong>τὰ</strong></span> <span class='ocrx_word' id='word_1_943' title='bbox 2588 5232 2841 5286; x_wconf 78' lang='grc' dir='ltr'><strong>ἐναντία·</strong></span> <span class='ocrx_word' id='word_1_944' title='bbox 2880 5229 3111 5284; x_wconf 77' lang='grc' dir='ltr'><strong>ἕκαστον</strong></span> <span class='ocrx_word' id='word_1_945' title='bbox 3145 5228 3254 5296; x_wconf 87' lang='grc' dir='ltr'><strong>γὰρ</strong></span> <span class='ocrx_word' id='word_1_946' title='bbox 3284 5222 3461 5279; x_wconf 81' lang='grc' dir='ltr'><strong>αὐτῶν</strong></span> <span class='ocrx_word' id='word_1_947' title='bbox 3501 5220 3715 5290; x_wconf 79' lang='grc' dir='ltr'><strong>ἄμετρον</strong></span> <span class='ocrx_word' id='word_1_948' title='bbox 3750 5218 3821 5272; x_wconf 77' lang='grc' dir='ltr'><strong>γε·</strong></span> 
     </span>
    </p>
   </div>
   <div class='ocr_carea' id='block_1_113' title="bbox 2198 5312 3817 5407">
    <p class='ocr_par' dir='ltr' id='par_1_113' title="bbox 2198 5312 3817 5407">
     <span class='ocr_line' id='line_1_113' title="bbox 2198 5312 3817 5407; baseline -0.022 -17"><span class='ocrx_word' id='word_1_949' title='bbox 2198 5339 2423 5407; x_wconf 87' lang='grc' dir='ltr'><strong>νόμενον</strong></span> <span class='ocrx_word' id='word_1_950' title='bbox 2446 5329 2732 5391; x_wconf 85' lang='grc' dir='ltr'><strong>ἀπόλλυσι,</strong></span> <span class='ocrx_word' id='word_1_951' title='bbox 2755 5325 2846 5380; x_wconf 78' lang='grc' dir='ltr'><strong>καὶ</strong></span> <span class='ocrx_word' id='word_1_952' title='bbox 2869 5324 2929 5378; x_wconf 91' lang='lat'><strong>16</strong></span> <span class='ocrx_word' id='word_1_953' title='bbox 2947 5323 3053 5394; x_wconf 81' lang='grc' dir='ltr'><strong>μὲν</strong></span> <span class='ocrx_word' id='word_1_954' title='bbox 3079 5323 3285 5393; x_wconf 86' lang='grc' dir='ltr'><strong>χαυνοῖ,</strong></span> <span class='ocrx_word' id='word_1_955' title='bbox 3300 5320 3362 5373; x_wconf 86' lang='lat'><strong>16</strong></span> <span class='ocrx_word' id='word_1_956' title='bbox 3383 5318 3441 5372; x_wconf 83' lang='grc' dir='ltr'><strong>δὲ</strong></span> <span class='ocrx_word' id='word_1_957' title='bbox 3461 5312 3817 5386; x_wconf 68' lang='grc' dir='ltr'><strong>δωρῤήγνυσινο</strong></span> 
     </span>
    </p>
   </div>
   <div class='ocr_carea' id='block_1_114' title="bbox 2199 5398 3819 5503">
    <p class='ocr_par' dir='ltr' id='par_1_114' title="bbox 2199 5398 3819 5503">
     <span class='ocr_line' id='line_1_114' title="bbox 2199 5398 3819 5503; baseline -0.019 -14"><span class='ocrx_word' id='word_1_958' title='bbox 2199 5398 2313 5503; x_wconf 80' lang='grc' dir='ltr'><strong>Ούχ</strong></span> <span class='ocrx_word' id='word_1_959' title='bbox 2339 5432 2489 5503; x_wconf 73' lang='grc' dir='ltr'><strong>ὁρᾷς,</strong></span> <span class='ocrx_word' id='word_1_960' title='bbox 2523 5430 2605 5481; x_wconf 85' lang='grc' dir='ltr'><strong>ὅτι</strong></span> <span class='ocrx_word' id='word_1_961' title='bbox 2630 5421 2873 5485; x_wconf 75' lang='grc' dir='ltr'><strong>καὶτοὺς</strong></span> <span class='ocrx_word' id='word_1_962' title='bbox 2898 5420 3062 5474; x_wconf 82' lang='grc' dir='ltr'><strong>αὑτοῦ</strong></span> <span class='ocrx_word' id='word_1_963' title='bbox 3100 5416 3346 5489; x_wconf 83' lang='grc' dir='ltr'><strong>μαθητὰς</strong></span> <span class='ocrx_word' id='word_1_964' title='bbox 3381 5418 3410 5468; x_wconf 89' lang='lat'><strong>6</strong></span> <span class='ocrx_word' id='word_1_965' title='bbox 3437 5408 3657 5485; x_wconf 84' lang='grc' dir='ltr'><strong>Χριστὸς</strong></span> <span class='ocrx_word' id='word_1_966' title='bbox 3683 5398 3819 5454; x_wconf 58' lang='grc' dir='ltr'><strong>οὕτως</strong></span> 
     </span>
    </p>
   </div>
   <div class='ocr_carea' id='block_1_115' title="bbox 2200 5493 3817 5599">
    <p class='ocr_par' dir='ltr' id='par_1_115' title="bbox 2200 5493 3817 5599">
     <span class='ocr_line' id='line_1_115' title="bbox 2200 5493 3817 5599; baseline -0.019 -15"><span class='ocrx_word' id='word_1_967' title='bbox 2200 5493 2425 5599; x_wconf 41' lang='lat'><strong>@6751;-</strong></span> <span class='ocrx_word' id='word_1_968' title='bbox 2462 5493 2525 5578; x_wconf 77' lang='grc' dir='ltr'><strong>Εί</strong></span> <span class='ocrx_word' id='word_1_969' title='bbox 2570 5523 2769 5575; x_wconf 79' lang='grc' dir='ltr'><strong>ἐκεῖνοι</strong></span> <span class='ocrx_word' id='word_1_970' title='bbox 2810 5518 2867 5571; x_wconf 81' lang='grc' dir='ltr'><strong>δὲ</strong></span> <span class='ocrx_word' id='word_1_971' title='bbox 2910 5516 3115 5570; x_wconf 86' lang='grc' dir='ltr'><strong>τούτων</strong></span> <span class='ocrx_word' id='word_1_972' title='bbox 3165 5515 3407 5576; x_wconf 68' lang='grc' dir='ltr'><strong>ἐδέοντο,</strong></span> <span class='ocrx_word' id='word_1_973' title='bbox 3451 5506 3621 5577; x_wconf 81' lang='grc' dir='ltr'><strong>πολλῷ</strong></span> <span class='ocrx_word' id='word_1_974' title='bbox 3661 5493 3817 5570; x_wconf 72' lang='grc' dir='ltr'><strong>μᾶλλον</strong></span> 
     </span>
    </p>
   </div>
   <div class='ocr_carea' id='block_1_116' title="bbox 2199 5594 3815 5700">
    <p class='ocr_par' dir='ltr' id='par_1_116' title="bbox 2199 5594 3815 5700">
     <span class='ocr_line' id='line_1_116' title="bbox 2199 5594 3815 5700; baseline -0.02 -16"><span class='ocrx_word' id='word_1_975' title='bbox 2199 5594 2381 5700; x_wconf 68' lang='grc' dir='ltr'><strong>ἡμεῖς.</strong></span> <span class='ocrx_word' id='word_1_976' title='bbox 2405 5626 2468 5678; x_wconf 67' lang='lat' dir='ltr'><strong>Et</strong></span> <span class='ocrx_word' id='word_1_977' title='bbox 2495 5622 2550 5676; x_wconf 82' lang='grc' dir='ltr'><strong>δὲ</strong></span> <span class='ocrx_word' id='word_1_978' title='bbox 2574 5618 2825 5691; x_wconf 87' lang='grc' dir='ltr'><strong>δεόμεθα,</strong></span> <span class='ocrx_word' id='word_1_979' title='bbox 2855 5616 2930 5687; x_wconf 83' lang='grc' dir='ltr'><strong>μὴ</strong></span> <span class='ocrx_word' id='word_1_980' title='bbox 2954 5614 3371 5685; x_wconf 83' lang='grc' dir='ltr'><strong>ἀγανακτῶμεν,</strong></span> <span class='ocrx_word' id='word_1_981' title='bbox 3400 5611 3531 5665; x_wconf 80' lang='grc' dir='ltr'><strong>ἀλλά</strong></span> <span class='ocrx_word' id='word_1_982' title='bbox 3550 5605 3637 5661; x_wconf 77' lang='grc' dir='ltr'><strong>καὶ</strong></span> <span class='ocrx_word' id='word_1_983' title='bbox 3657 5594 3815 5671; x_wconf 70' lang='grc' dir='ltr'><strong>χαίρω·</strong></span> 
     </span>
    </p>
   </div>
   <div class='ocr_carea' id='block_1_117' title="bbox 2201 5736 3813 5883">
    <p class='ocr_par' dir='ltr' id='par_1_117' title="bbox 2201 5736 3813 5883">
     <span class='ocr_line' id='line_1_117' title="bbox 2201 5736 3813 5883; baseline -0.015 -67"><span class='ocrx_word' id='word_1_984' title='bbox 2201 5835 2233 5883; x_wconf 70' lang='lat' dir='ltr'><strong>h</strong></span> <span class='ocrx_word' id='word_1_985' title='bbox 2261 5769 2293 5881; x_wconf 59' lang='grc' dir='ltr'>ἰ</span> <span class='ocrx_word' id='word_1_986' title='bbox 2319 5766 2455 5814; x_wconf 84' lang='lat' dir='ltr'><strong>Unus</strong></span> <span class='ocrx_word' id='word_1_987' title='bbox 2492 5748 2637 5809; x_wconf 78' lang='grc' dir='ltr'><strong>αὐτοῦ</strong></span> <span class='ocrx_word' id='word_1_988' title='bbox 2691 5753 2948 5818; x_wconf 74' lang='grc' dir='ltr'><strong>ἀμηχανία.</strong></span> <span class='ocrx_word' id='word_1_989' title='bbox 3035 5755 3058 5785; x_wconf 81' lang='grc'>⁶</span> <span class='ocrx_word' id='word_1_990' title='bbox 3098 5750 3158 5803; x_wconf 72' lang='lat'><strong>‘0</strong></span> <span class='ocrx_word' id='word_1_991' title='bbox 3204 5750 3417 5809; x_wconf 87' lang='grc' dir='ltr'><strong>τοιοῦτος</strong></span> <span class='ocrx_word' id='word_1_992' title='bbox 3460 5749 3557 5800; x_wconf 84' lang='lat' dir='ltr'><strong>duo</strong></span> <span class='ocrx_word' id='word_1_993' title='bbox 3586 5736 3705 5796; x_wconf 72' lang='grc' dir='ltr'><strong>εοᾶά</strong></span> <span class='ocrx_word' id='word_1_994' title='bbox 3738 5738 3813 5779; x_wconf 70' lang='lat'><strong>&quot;9“</strong></span> 
     </span>
     <span class='ocr_line' id='line_1_118' title="bbox 2237 5842 2387 5881; baseline -0.027 0"><span class='ocrx_word' id='word_1_995' title='bbox 2237 5846 2262 5881; x_wconf 69' lang='grc' dir='ltr'><strong>ξι</strong></span> <span class='ocrx_word' id='word_1_996' title='bbox 2300 5842 2387 5880; x_wconf 79' lang='lat' dir='ltr'><strong>em</strong></span> 
     </span>
    </p>
   </div>
   <div class='ocr_carea' id='block_1_118' title="bbox 2237 5842 2387 5881">
    <p class='ocr_par' dir='ltr' id='par_1_118' title="bbox 2237 5842 2387 5881">
     <span class='ocr_line' id='line_1_119' title="bbox 2237 5842 2387 5881; baseline -0.027 0"><span class='ocrx_word' id='word_1_997' title='bbox 2237 5842 2387 5881; x_wconf 79' lang='lat' dir='ltr'><strong>abem</strong></span> 
     </span>
    </p>
   </div>
  </div>
