3948 6498
201 562 393 616 derunt;
437 548 551 604 hinc
590 543 731 599 enim
763 540 839 596 illi
870 537 1203 595 sacerdotale
1231 535 1605 592 indumentum
1632 546 1732 603 pa-

199 658 339 711 ratur,
368 645 485 698 tiara
512 635 822 707 imponitur,
854 643 905 687 et
936 632 1178 701 reliquus
1206 628 1434 684 vestium
1472 634 1692 681 ornatus
1714 665 1730 688 ,

199 752 243 798 ut
274 732 506 793 ordinatio
533 729 649 799 ejus
674 727 791 781 sine
820 724 983 780 dubio
1006 721 1076 777 sit
1098 722 1115 753 ³
1140 735 1157 787 ;
1198 728 1258 775 ut
1284 718 1537 787 deinceps
1563 715 1733 769 admi-

195 829 358 890 rationi
390 824 636 880 habeatur
664 834 693 873 a
727 818 924 873 lamina
952 830 1111 870 mrea.
1160 813 1324 868 Scitis
1353 812 1520 882 probe
1558 809 1730 863 histo-

195 925 300 979 riam
327 936 339 973 :
362 917 569 983 ideoque
594 920 975 982 przetercurro.
1002 905 1067 959 Et
1090 905 1135 960 si
1164 904 1346 968 vultis,
1379 903 1549 973 prisca
1580 916 1641 955 ea
1664 899 1732 954 de

192 1033 238 1072 re
260 1012 504 1068 adeamus.
533 1005 663 1061 Cain
693 1004 911 1058 fratrem
943 997 1169 1061 occidit;
1210 995 1304 1052 sed
1343 995 1421 1050 sic
1459 993 1535 1049 illi
1566 992 1731 1062 magis

192 1101 393 1175 profuit:
432 1095 548 1151 audi
579 1094 720 1150 enim
761 1091 887 1162 quid
918 1089 1057 1145 dicat
1082 1106 1095 1143 :
1132 1086 1244 1141 νοω
1266 1084 1527 1175 sanguinis
1554 1081 1731 1175 fratris

191 1172 250 1249 tui
276 1193 441 1247 clamat
465 1187 529 1240 ad
559 1202 637 1240 me
670 1182 820 1255 (Gen.
850 1182 903 1237 4.
937 1181 1060 1251 10);
1089 1188 1142 1235 et
1171 1191 1358 1232 rursus
1386 1174 1543 1229 alibi:
1589 1172 1728 1228 Son.

189 1288 314 1357 quine
338 1281 502 1336 melius
529 1279 761 1345 loquente
786 1288 936 1345 quam
962 1271 1085 1325 Abel
1112 1269 1130 1340 (
1154 1267 1311 1322 Hebr.
1350 1264 1439 1357 12.
1473 1262 1599 1333 24).
1642 1261 1730 1357 μί-

191 1354 363 1432 beravit
406 1371 546 1425 illum
589 1366 657 1421 ab
702 1367 907 1420 incerto
947 1360 1143 1424 futuri,
1186 1356 1490 1413 mercedem
1533 1354 1726 1408 auxit:

190 1467 400 1522 novimus
422 1473 605 1515 omnes
629 1457 971 1534 dilectionem
995 1493 1012 1517 ,
1053 1465 1210 1521 quam
1256 1450 1395 1503 Deus
1420 1460 1545 1515 erga
1577 1444 1728 1534 illum

189 1557 359 1613 habuit.
403 1553 453 1607 In
483 1566 588 1620 quo
615 1533 775 1603 liesus
801 1555 878 1601 est
901 1587 917 1610 ,
949 1541 1106 1599 citius
1133 1550 1306 1595 morte
1339 1533 1624 1592 sublatus?
1675 1533 1729 1588 In

190 1647 348 1703 nullo:
387 1641 505 1713 quid
543 1639 719 1703 enim,
758 1650 964 1707 qtttnso,
1005 1632 1278 1687 lucramur
1318 1628 1352 1683 ii
1399 1626 1489 1695 qui
1529 1623 1731 1681 tardius

187 1733 490 1793 moriuntur?
530 1729 715 1786 Nihil:
749 1741 923 1797 neque
950 1724 1092 1780 enim
1123 1720 1348 1777 felicitas
1391 1733 1455 1774 ex
1496 1724 1603 1772 vnta
1641 1715 1725 1771 vel

186 1833 317 1900 longa
345 1826 420 1881 vel
458 1821 608 1878 brevi
638 1819 864 1891 pendet,
892 1816 985 1873 sed
1022 1831 1089 1870 ex
1129 1829 1230 1881 eo,
1257 1810 1400 1883 quod
1438 1810 1545 1865 vita
1589 1809 1727 1864 bene

186 1932 386 1975 utamur.
408 1910 537 1970 Tres
567 1912 713 1983 pueri
747 1909 925 1980 injecti
956 1917 1083 1963 sunt
1110 1909 1162 1961 in
1190 1907 1460 1960 fornacem
1484 1944 1498 1967 ,
1524 1911 1580 1957 et
1606 1900 1731 1956 hinc

183 2012 403 2067 clariores
428 2004 599 2061 effecti
626 2011 750 2060 sunt
774 2019 789 2057 :
820 1999 1002 2055 Daniel
1027 1998 1077 2053 in
1100 1997 1294 2064 laeum,
1323 2003 1380 2052 et
1403 1993 1526 2050 inde
1552 1992 1732 2065 splen-

182 2104 330 2157 didior
352 2097 608 2154 ascendit.

237 2194 282 2249 5.
322 2190 631 2246 Teutationes
653 2201 836 2258 magna
856 2182 1058 2256 pariunt
1078 2180 1227 2236 bona.
1257 2209 1327 2219 —
1346 2177 1508 2233 Vides
1531 2176 1730 2246 ubique

182 2283 469 2339 tcutationes
509 2293 698 2349 magna
730 2290 920 2347 parere
948 2275 1119 2338 bona,
1159 2271 1318 2327 etiam
1362 2268 1449 2323 hic
1472 2310 1487 2335 ,
1533 2276 1730 2338 quanto

181 2374 322 2444 magis
349 2372 487 2427 illic!
521 2370 579 2424 lu
612 2368 810 2424 malitia
838 2375 1015 2421 autem
1043 2363 1182 2419 idem
1214 2360 1421 2427 evenit,
1451 2374 1513 2414 ac
1540 2359 1584 2412 si
1610 2358 1730 2427 quis

180 2468 405 2522 calamum
442 2461 684 2525 habens,
719 2459 991 2531 prwlietur
1032 2467 1218 2512 contra
1258 2455 1475 2525 ignem:
1517 2450 1730 2505 videtur

178 2560 296 2615 enim
326 2560 492 2629 ignem
521 2566 830 2628 percutere,
859 2562 913 2609 et
939 2552 1111 2623 ipsum
1139 2549 1479 2620 fulgidiorem
1508 2546 1651 2611 facit,
1674 2554 1730 2600 et

176 2652 378 2722 seipsum
406 2648 693 2704 consumit.
717 2645 916 2701 Malitia
946 2658 1178 2714 namque
1206 2640 1385 2696 virtuti
1416 2640 1726 2694 alimentum

176 2757 219 2799 et
247 2742 525 2813 splendoris
547 2740 758 2797 occasio
784 2748 868 2794 est
895 2755 908 2792 :
944 2752 1066 2792 nam
1094 2736 1203 2791 Deo
1229 2734 1484 2804 injustitia
1514 2741 1570 2787 ut
1593 2746 1728 2801 opus

175 2843 242 2891 est
274 2843 470 2901 utente,
514 2848 604 2889 res
632 2840 831 2887 nostrae
871 2830 1038 2901 magis
1073 2829 1292 2899 fulgent.
1340 2826 1571 2881 Rursum
1614 2825 1725 2879 dia-

178 2926 307 2980 bolus
333 2940 448 2979 eum
478 2924 586 2979 tale
613 2922 883 2993 quidpiam
915 2929 1188 2991 operatur,
1215 2934 1309 2973 eos
1340 2918 1426 2988 qui
1457 2916 1728 2987 patiuntur

174 3016 534 3085 splendidiores
564 3014 759 3070 reddit.
793 3014 903 3069 Cur
926 3028 1054 3083 ergo
1075 3052 1091 3077 ,
1136 3010 1345 3081 inquies
1371 3050 1386 3075 ,
1430 3008 1483 3063 in
1522 3007 1727 3061 Adamo

178 3122 263 3159 non
295 3107 391 3161 tale
417 3107 688 3177 quidpiam
716 3106 910 3159 factum
951 3112 1053 3170 est,
1085 3101 1178 3157 sed
1210 3100 1300 3156 ille
1324 3098 1728 3170 ignominiosior

172 3211 240 3253 est
266 3199 531 3254 redditus?
553 3200 727 3254 Etiam
759 3197 849 3252 illo
877 3206 935 3251 ut
955 3212 1052 3267 par
1072 3202 1188 3249 erat
1218 3208 1346 3248 usus
1369 3202 1451 3248 est
1477 3190 1657 3257 Deus;
1682 3191 1727 3246 si

174 3305 278 3344 vero
302 3291 420 3361 quid
444 3304 634 3360 passus
655 3290 745 3353 sit,
770 3290 882 3359 ipse
903 3289 1139 3357 seipsum
1180 3276 1318 3339 laesit
1346 3301 1359 3337 :
1384 3299 1504 3337 nam
1527 3299 1644 3352 quae
1660 3282 1728 3336 ab

170 3383 267 3436 aliis
304 3383 453 3437 nobis
507 3382 852 3447 inferuntur,
898 3392 1211 3449 magnorum
1262 3374 1416 3430 nobis
1466 3375 1726 3429 bonorum

169 3489 321 3529 causa:
359 3483 513 3539 sunt;
557 3490 681 3545 qua:
720 3483 897 3529 autem
939 3488 968 3527 a
996 3471 1152 3525 nobis
1193 3468 1323 3541 ipsis
1352 3509 1367 3533 ,
1420 3482 1526 3522 non
1576 3467 1724 3522 item.

168 3565 279 3632 Quia
316 3568 453 3623 enim
495 3567 567 3622 ab
610 3565 730 3621 aliis
768 3566 884 3621 lzesi
927 3564 1213 3629 dolemus,
1268 3577 1298 3615 a
1346 3561 1499 3616 nobis
1546 3572 1724 3615 autem

172 3655 278 3723 ipsis
302 3674 398 3713 non
430 3660 585 3724 item,
616 3656 848 3713 ostendit
876 3657 1014 3712 Deus
1031 3669 1175 3720 eum,
1193 3653 1282 3724 qui
1308 3652 1376 3707 ab
1400 3652 1507 3706 alio
1534 3650 1728 3721 injuste

174 3749 339 3813 patitur
358 3788 373 3814 ,
400 3750 607 3803 clarum
635 3762 755 3803 esse
778 3790 793 3813 ,
821 3762 941 3803 cum
974 3761 1133 3810 vero,
1162 3745 1250 3814 qui
1281 3744 1513 3814 seipsum
1544 3743 1724 3806 laedit,

171 3838 391 3895 datnnum
416 3839 559 3896 ferre
588 3858 602 3895 :
631 3848 686 3895 et
705 3841 827 3908 jure
852 3838 1089 3909 quidem,
1117 3845 1176 3890 ut
1203 3834 1331 3890 illud
1361 3835 1567 3889 fortiter
1593 3834 1728 3888 fera-

173 3947 287 3995 mus,
312 3943 361 3988 et
392 3948 494 3987 non
524 3932 631 3987 hoc
655 3950 667 3985 :
696 3932 929 4000 alioquin
958 3946 1084 3984 vero
1108 3938 1273 3983 totum
1299 3928 1366 3983 ibi
1392 3926 1489 3983 fuit
1517 3926 1725 3981 Adami.

171 4022 259 4074 Cur
283 4025 416 4078 cnim
443 4024 709 4078 credebas
738 4023 945 4077 mhlieri
966 4020 990 4075 '2
1016 4037 1109 4075 cur
1126 4019 1345 4074 adversa
1364 4019 1727 4074 consulentem

172 4126 258 4164 non
289 4114 568 4182 repulisti?
616 4112 695 4168 Tu
742 4113 960 4166 omnino
992 4112 1043 4164 iu
1086 4125 1243 4165 causa
1287 4108 1471 4163 fuisti:
1518 4122 1639 4161 nam
1684 4106 1728 4161 si

173 4201 391 4258 diabolus
422 4204 473 4257 in
506 4217 674 4259 causa
706 4212 871 4267 esset,
902 4208 1174 4269 oporteret
1199 4213 1388 4253 omnes
1413 4197 1497 4267 qui
1526 4205 1732 4250 tentan-

176 4302 244 4346 tur
268 4298 429 4363 perire
458 4314 471 4350 :
502 4294 650 4365 quod
679 4294 721 4348 si
756 4310 859 4347 non
890 4301 1149 4362 pereunt,
1186 4292 1235 4346 iu
1265 4290 1419 4345 nobis
1443 4300 1601 4345 Causa
1627 4299 1728 4344 cst.

174 4385 225 4437 At
242 4396 517 4455 oporteret.
540 4385 773 4456 inquies,
790 4399 979 4439 omnes
996 4384 1080 4451 qui
1103 4390 1373 4436 tentantur
1390 4391 1533 4435 recte
1551 4395 1728 4452 agere;

174 4474 257 4538 vel,
284 4476 324 4530 si
350 4492 443 4530 nos
468 4478 520 4531 in
544 4488 725 4547 gusti,
744 4489 954 4540 sumus,
987 4475 1145 4528 etiam
1179 4474 1379 4541 absque
1405 4470 1616 4527 diabolo
1642 4488 1734 4542 pe-

173 4564 303 4619 rire?
348 4566 456 4622 lloc
496 4552 922 4633 eam'iVenit;
968 4580 1091 4618 natu
1135 4564 1287 4618 multi
1332 4563 1490 4617 etiam
1534 4563 1734 4633 absque

174 4656 360 4713 diabolo
398 4675 668 4730 pereunt:
714 4675 884 4729 neque
927 4658 1066 4712 enim
1097 4657 1188 4712 ille
1213 4657 1390 4710 omnia
1418 4656 1613 4720 efﬁcit,
1641 4655 1732 4710 sed

173 4749 308 4802 etiam
349 4754 511 4805 multa
547 4752 683 4805 fiunt
720 4766 784 4804 ex
822 4749 1025 4820 ignavia
1057 4755 1239 4802 nostra
1267 4765 1280 4800 :
1308 4745 1448 4817 quod
1475 4746 1519 4800 si
1552 4745 1641 4800 ille
1682 4744 1734 4799 in

175 4852 311 4893 causa
338 4843 423 4905 sit,
454 4844 616 4897 nobis
643 4842 827 4911 utique
854 4855 1039 4893 ausam
1068 4837 1445 4907 prtebentibus.
1476 4836 1569 4891 Die
1594 4836 1735 4891 enim

176 4932 657 5003 mihi,quandonam
687 4933 935 4987 diabolus
965 4940 1169 4985 tantum
1207 4930 1374 4984 valuit
1411 4931 1463 4983 in
1506 4928 1739 4984 ludam?

177 5023 372 5089 Quando
398 5030 676 5096 ingressus
703 5038 783 5081 est
803 5066 818 5090 ,
849 5026 1089 5095 inquies,
1120 5024 1173 5078 in
1201 5040 1322 5079 eum
1351 5032 1587 5078 satanas.
1633 5023 1736 5078 Sed

178 5118 278 5171 audi
302 5136 515 5174 causam
549 5140 562 5174 :
596 5120 719 5190 quia
752 5118 833 5173 fur
859 5127 1016 5183 erat,
1065 5124 1121 5173 et
1161 5132 1281 5186 quae
1320 5115 1740 5170 immittebantur

178 5215 415 5280 portabat.
446 5215 571 5284 Ipse
610 5213 759 5269 dedit
798 5212 872 5266 illi
914 5212 1077 5266 latum
1110 5209 1441 5281 ingrediendi
1468 5208 1694 5279 spatium
1725 5224 1738 5260 :

178 5313 220 5355 et
244 5304 307 5357 ita
330 5322 434 5360 nou
462 5304 717 5359 diabolus
742 5304 950 5359 initiutn
981 5302 1102 5365 dat,
1131 5300 1225 5355 sed
1253 5315 1350 5355 nos
1376 5299 1524 5354 illum
1553 5300 1746 5368 recipi-

179 5407 280 5447 mus
316 5406 368 5451 et
405 5409 689 5451 vocamus.
736 5395 931 5451 Verum
953 5436 969 5461 ,
1000 5394 1228 5464 inquies,
1263 5392 1308 5446 si
1334 5391 1421 5448 ille
1444 5405 1551 5446 non
1578 5399 1742 5458 esset,

179 5499 266 5538 non
290 5486 465 5554 gravia
494 5496 681 5542 essent
707 5486 864 5541 mala.
906 5485 1012 5542 Sed
1057 5482 1363 5540 inevitabile
1398 5496 1497 5537 nos
1540 5482 1745 5552 suppli-

180 5573 297 5627 cium
322 5586 567 5631 maneret
593 5593 605 5630 :
633 5591 773 5630 nunc
797 5575 962 5639 enim,
990 5574 1204 5637 dilecte,
1224 5586 1379 5643 pinna
1402 5571 1558 5627 nobis
1580 5571 1749 5627 levior

180 5672 283 5730 cst;
320 5667 363 5723 si
408 5682 542 5722 vero
568 5682 633 5721 ex
668 5667 821 5721 nobis
847 5667 976 5736 ipsis
1001 5665 1181 5736 gravia
1211 5675 1542 5736 patraremns
1565 5704 1581 5732 ,
1610 5664 1749 5718 into—

215 5818 251 5887 }
280 5825 403 5887 pnus
418 5821 675 5887 habet.....
700 5820 1046 5887 reddiderunt,
1068 5825 1119 5871 ut
1137 5820 1380 5871 ordinatio
1393 5815 1499 5885 ejus
1524 5825 1626 5873 sine
1652 5821 1743 5871 du-

180 5875 250 5928 biu
263 5879 335 5940 sit,
355 5883 552 5933 omissis
576 5883 904 5933 iutermcdiis.

1135 422 1200 479 IN
1238 419 1414 478 ACTA
1456 415 1974 474 APOSTOLORUM.
2018 417 2244 475 llOMlL.
2286 414 2416 475 LIV.

3326 423 3429 481 573

1836 531 2061 589 lerabile
2086 542 2230 589 esset
2255 533 2597 603 supplicium.
2636 534 2740 587 Die
2756 535 2899 589 enim
2920 575 2936 600 ,
2967 550 3082 597 oro.
3111 536 3154 590 si
3181 552 3242 591 ea
3264 579 3278 604 ,
3307 554 3427 609 quze

1838 626 2078 693 peccavit
2104 624 2294 692 Adam,
2325 626 2526 697 absque
2553 627 2779 682 consilio
2806 640 3100 698 peccasset,
3131 631 3252 702 quis
3277 630 3426 689 illum

1835 732 1899 772 ex
1929 718 2180 789 periculis
2206 719 2536 788 eripuisset?
2562 720 2694 787 Sed,
2724 720 2953 792 inquies,
2985 740 3089 779 non
3118 734 3417 796 peccasset.

1840 808 2114 864 Uudenam
2154 810 2255 865 ltoc
2286 811 2415 865 mihi
2444 811 2623 867 dicis?
2650 812 2750 880 Qui
2791 814 2935 869 enim
2977 815 3049 870 ita
3089 816 3269 876 mollis
3308 827 3428 873 erat

1832 910 1884 954 et
1931 900 2185 971 ignavus,
2230 911 2391 971 atque
2428 903 2493 957 ad
2537 903 2896 975 insipientiam
2938 921 3137 976 pronus
3163 949 3179 977 ,
3224 918 3280 964 ut
3321 910 3425 964 tale

1832 992 2114 1047 consilium
2142 994 2429 1063 acciperet,
2460 996 2629 1050 multo
2656 998 2824 1068 magis
2853 1000 3012 1053 etiam
3053 1015 3122 1054 ex
3168 1012 3227 1054 se
3268 997 3425 1056 fecis-

1832 1091 1931 1137 set.
1977 1083 2108 1151 Quis
2136 1083 2383 1141 diabolus
2409 1085 2629 1157 Josephi
2656 1087 2847 1145 fratres
2887 1090 2938 1145 in
2968 1090 3217 1147 invidiam
3242 1091 3426 1164 conje-

1832 1175 1944 1230 cit?
1969 1174 2022 1232 Si
2050 1176 2331 1247 vigilemus
2355 1192 2484 1249 ergo
2502 1218 2518 1243 ,
2546 1178 2724 1234 dilecti
2748 1220 2764 1246 ,
2792 1180 2947 1235 nobis
2970 1181 3214 1237 diabolus
3238 1183 3423 1255 gloria:

1832 1274 2021 1321 auctor
2061 1269 2187 1322 erit.
2230 1268 2367 1336 Quid
2399 1269 2541 1324 enim
2568 1269 2705 1324 Jobo
2733 1272 2916 1326 nocuit
2940 1281 3143 1327 tantum
3170 1274 3310 1329 illius
3334 1289 3421 1329 ar-

1834 1355 2052 1411 tificium
2077 1357 2101 1411 ?
2130 1357 2207 1413 Ne
2240 1359 2360 1424 hoc,
2392 1360 2621 1431 inquies,
2650 1360 2887 1427 dixeris;
2931 1363 3024 1419 sed
3063 1365 3151 1434 qui
3180 1365 3422 1420 infirmus

1831 1457 1913 1504 est
1938 1448 2174 1525 laeditur.
2204 1452 2274 1505 Αι
2305 1451 2571 1519 infirmus,
2599 1454 2808 1510 etiamsi
2838 1454 3083 1510 diabolus
3110 1471 3212 1513 non
3240 1469 3419 1521 esset.

1832 1540 2054 1611 perinde
2084 1542 2318 1598 laeditur.
2352 1545 2549 1601 Verum
2598 1562 2865 1617 repones,
2908 1549 3078 1619 magis
3115 1565 3236 1605 eum
3279 1550 3422 1607 illius

1831 1634 2146 1702 operatione
2172 1633 2403 1689 l.rditur.
2449 1636 2555 1691 Sed
2583 1638 2626 1692 si
2656 1652 2776 1692 cum
2800 1637 2942 1692 illius
2966 1639 3274 1709 operatione
3302 1655 3424 1709 pec-

1831 1725 2064 1790 caverit,
2093 1726 2271 1782 minus
2299 1728 2517 1796 punitur
2540 1745 2553 1782 :
2599 1744 2770 1799 neque
2797 1731 2941 1785 enim
2966 1732 3204 1785 omnium
3238 1746 3425 1802 pecca-

1833 1828 2007 1871 torum
2038 1831 2192 1886 pares
2219 1829 2342 1874 sunt
2368 1834 2561 1891 poenas.
2588 1821 2684 1897 rNe
2730 1838 2827 1877 nos
2867 1823 3011 1892 ipsos
3051 1822 3417 1894 decipiemus:

1832 1918 2047 1965 nonest
2086 1911 2322 1967 nobisin
2360 1927 2522 1968 causa
2560 1913 2841 1978 diabolus,
2878 1916 2922 1969 si
2965 1915 3285 1986 vigilemus:
3332 1915 3423 1972 ille

1832 2016 1929 2055 nos
1954 2002 2122 2072 magis
2145 2004 2515 2060 somnoleutos
2545 2006 2763 2060 excitat.
2795 2007 2887 2063 Dic
2913 2006 3054 2062 enim
3082 2007 3212 2062 mihi
3240 2008 3259 2078 (
3283 2008 3423 2065 inte-

1832 2092 1933 2146 rim
1978 2093 2489 2150 luecexaminemus
2511 2097 2528 2163 )
2554 2112 2567 2149 :
2596 2112 2704 2151 non
2733 2097 2841 2151 sint
2864 2096 3023 2165 ferte,
3052 2113 3159 2152 non
3188 2098 3257 2152 sit
3281 2100 3423 2153 aeris

1831 2182 2174 2252 intemperies
2198 2224 2214 2249 ,
2246 2198 2353 2238 non
2378 2185 2597 2240 morbus
2622 2225 2637 2249 ,
2668 2200 2772 2240 non
2800 2186 3016 2242 dolores
3043 2229 3058 2253 ,
3088 2202 3193 2242 non
3220 2202 3421 2242 mmro-

1830 2287 1919 2328 res
1941 2313 1955 2337 ,
1986 2289 2084 2328 nec
2113 2275 2240 2345 quid
2281 2275 2497 2331 simile:
2548 2277 2639 2346 qui
2682 2292 2787 2331 non
2821 2277 2991 2333 factus
3034 2288 3177 2335 esset
3216 2279 3422 2335 homo?

1832 2365 2035 2421 Porcus
2061 2366 2232 2437 magis
2255 2383 2414 2437 quam
2444 2369 2604 2424 homo
2623 2412 2639 2436 ,
2670 2379 2730 2425 ut
2756 2369 2965 2427 videtur
2991 2372 3157 2438 mihi,
3200 2371 3418 2439 fuisset,

1829 2456 1967 2525 gula:
1996 2465 2050 2512 et
2090 2458 2338 2513 ebrietati
2377 2473 2438 2514 se
2478 2458 2722 2525 dedens,
2764 2469 2819 2516 et
2857 2476 2887 2516 a
2930 2458 3078 2516 nullo
3118 2476 3303 2517 eorum
3342 2462 3422 2516 in-

1832 2547 2239 2604 terturbaretur.
2265 2549 2416 2606 Nunc
2458 2566 2586 2607 vero
2626 2566 2770 2608 cura:
2796 2560 2853 2608 et
2892 2554 3297 2619 sollicitudines,
3320 2571 3418 2626 gy-

1830 2639 2096 2695 mnasium
2137 2649 2192 2696 et
2230 2640 2414 2695 schola
2439 2641 2793 2712 philosophiae
2823 2652 2948 2698 sunt
2977 2643 3091 2712 illi,
3132 2653 3292 2716 atque
3331 2644 3419 2699 in-

1828 2730 2039 2783 stitutio
2063 2730 2283 2800 optima.
2305 2729 2418 2785 Hoc
2446 2731 2571 2786 item
2598 2732 2909 2802 perpende:
2937 2733 3197 2789 educetur
3220 2734 3339 2805 quis
3365 2735 3417 2790 in

1828 2822 1974 2892 regia
2001 2821 2118 2877 sine
2154 2821 2341 2877 dolore
2377 2837 2477 2879 nec
2513 2812 2641 2878 cura
2679 2824 2762 2879 vel
2807 2824 3168 2880 sollicitudine
3190 2867 3205 2893 ,
3246 2840 3420 2895 neque

1830 2913 1923 2967 ira:
1965 2913 2051 2968 vel
2098 2913 2372 2969 infortunii
2416 2914 2759 2970 occasiOnem
2804 2913 3039 2983 habeat,
3090 2915 3185 2972 sed
3239 2918 3417 2971 omnia

1827 3016 1945 3075 quae
1966 3004 2333 3074 concupiverit
2353 3003 2513 3061 faciat
2550 3014 2604 3061 et
2643 3015 2981 3078 assequatur,
3004 3018 3298 3079 omnesque
3325 3008 3420 3062 ha-

1834 3099 1959 3154 beat
1982 3098 2085 3154 sibi
2113 3098 2515 3170 obsequentes:
2563 3113 2740 3154 annon
2771 3099 2893 3155 talis
2933 3100 3097 3155 homo
3123 3101 3267 3155 omni
3305 3100 3416 3156 fera

1831 3191 2250 3247 irrationabilior
2277 3193 2414 3246 fiet?

1902 3289 2262 3343 Calamitatum
2289 3288 2500 3343 utilitas.
2519 3318 2589 3328 —
2606 3287 2756 3343 Nunc
2785 3302 2912 3342 vero
2937 3286 3073 3341 sicut
3100 3303 3193 3342 cos
3219 3302 3417 3343 acuens

1829 3392 1928 3434 nos
1959 3387 2086 3433 sunt
2124 3379 2494 3433 calamitates:
2544 3377 2665 3433 ideo
2696 3392 2957 3448 pauperes
2995 3375 3248 3432 divitibus
3292 3387 3419 3433 sunt

1830 3481 1886 3525 ιιι
1936 3470 2223 3541 plurimum
2272 3470 2666 3540 sapientiores,
2718 3478 2902 3540 utpote
2947 3469 3124 3524 multis
3170 3469 3417 3525 fluctibus

1830 3563 2002 3619 vexati
2034 3572 2086 3619 et
2127 3563 2423 3620 exercitati.
2468 3560 2600 3618 Nam
2641 3577 2836 3633 corpus
2866 3563 3097 3617 otiosum
3127 3569 3182 3618 et
3219 3563 3416 3617 immo-

1831 3666 1940 3710 tum
1966 3698 1982 3723 ,
2013 3656 2215 3712 morbis
2242 3657 2531 3710 obnoxium
2560 3664 2644 3710 est
2673 3664 2727 3709 et
2755 3655 2994 3709 deforme
3018 3670 3033 3720 ;
3066 3654 3207 3725 quod
3238 3662 3415 3709 aut‘em

1831 3757 2081 3803 movetur
2124 3757 2178 3802 et
2222 3746 2431 3801 laborat
2472 3744 2827 3817 afﬂigiturque
2853 3787 2868 3810 ,
2912 3744 3194 3800 formosius
3238 3754 3322 3799 est
3363 3754 3420 3799 et

1830 3843 2052 3896 sanius:
2090 3839 2189 3895 hoc
2216 3840 2375 3894 etiam
2409 3840 2461 3893 in
2499 3839 2676 3893 anima
2711 3836 2945 3905 reperire
2975 3848 3076 3892 est.
3122 3838 3189 3891 Et
3220 3837 3416 3892 ferrum

1831 3936 1873 3988 si
1901 3933 2102 4003 jaceat,
2133 3931 2432 4000 rubiginem
2461 3929 2729 3983 contrahit
2758 3944 2771 3989 ;
2804 3929 2847 3982 si
2877 3937 3190 3982 exerceatur
3218 3937 3417 3990 autem.

1832 4024 2118 4094 splendet:
2168 4022 2521 4091 similiterque
2554 4021 2729 4074 anima
2771 4035 2889 4089 qua:
2932 4027 3208 4083 movetur;
3254 4020 3420 4072 motio

1831 4124 2007 4170 autem
2047 4114 2237 4168 animae
2279 4122 2403 4168 sunt
2446 4111 2776 4167 calamitates
2809 4128 2821 4165 :
2859 4120 3110 4181 artesque
3155 4122 3416 4180 pereunt,

1833 4209 1876 4263 si
1920 4221 2027 4262 non
2060 4214 2345 4260 moveatur
2385 4204 2597 4269 anima;
2630 4214 2879 4257 movetur
2910 4211 3088 4256 autem
3116 4244 3130 4268 ,
3162 4217 3281 4255 cum
3314 4217 3420 4255 non

1833 4298 2011 4353 omnia
2044 4296 2198 4368 plana
2241 4304 2403 4350 sunt:
2437 4300 2681 4349 movetur
2711 4295 2852 4348 enim
2899 4308 2926 4346 a
2968 4292 3270 4347 contrariis.
3312 4292 3421 4346 Nisi

1834 4390 2100 4447 contraria
2122 4389 2249 4452 sint,
2280 4388 2411 4443 nihil
2432 4393 2516 4442 est
2540 4384 2681 4457 quod
2707 4393 2953 4439 moveat:
2983 4384 3211 4454 exempli
3239 4398 3422 4445 causa,

1836 4485 1879 4540 si
1912 4484 2092 4538 omnia
2133 4491 2315 4537 eSsent
2344 4476 2565 4550 pulchre
2596 4478 2729 4534 faeta
2757 4520 2769 4538 ,
2802 4493 2905 4532 non
2938 4478 3199 4532 inveniret
3238 4492 3330 4533 ars
3374 4479 3425 4531 in

1836 4591 1942 4647 quo
1970 4583 2295 4629 moveretur.
2327 4571 2417 4627 Sic
2449 4571 2530 4642 (α)
2562 4569 2629 4643 [si
2666 4570 2842 4623 omnia
2871 4578 3048 4623 essent
3081 4567 3236 4622 nobis
3275 4567 3425 4637 juxta

1838 4669 2165 4721 voluntatem
2198 4673 2457 4728 nostram,
2487 4678 2592 4717 non
2624 4660 2890 4716 inveniret
2918 4660 3115 4725 anima,
3143 4658 3282 4713 unde
3315 4676 3426 4712 m0-

1840 4770 2055 4816 veretur
2085 4778 2097 4814 :
2123 4755 2145 4832 ]
2173 4758 2216 4813 si
2251 4755 2445 4827 ubique
2476 4765 2798 4826 gestaretur,
2847 4754 3051 4823 ingrata
3092 4761 3256 4807 esset.
3309 4748 3425 4806 Non

1843 4852 1990 4907 vit-les
2017 4864 2114 4905 nos
2143 4849 2378 4904 nutrices
2403 4847 2594 4917 jubere
2624 4861 2728 4899 non
2757 4858 2970 4912 semper
2997 4842 3226 4895 infantes
3254 4852 3430 4913 gesta-

1844 4962 1921 5009 re,
1955 4960 2022 4997 ne
2054 4942 2103 4996 in
2139 4942 2275 4995 hanc
2319 4937 2761 4993 consuetudinem
2812 4934 3106 4993 deducant,
3152 4948 3285 4987 neve
3331 4933 3421 4985 im~

1847 5033 2065 5089 bccilles
2100 5032 2267 5085 fiant?
2298 5028 2421 5084 Ideo
2447 5026 2537 5097 qui
2578 5027 2631 5080 in
2673 5032 2959 5092 conspectu
2989 5032 3266 5091 parentum
3295 5022 3418 5076 edu-

1844 5136 2066 5189 cantur,
2109 5120 2432 5176 infirmiores
2460 5124 2621 5179 sunt.
2672 5133 2736 5171 eo
2779 5114 2918 5185 quod
2969 5113 3336 5182 intempestiva
3378 5125 3435 5168 et

1848 5215 2199 5271 immoderata
2246 5227 2373 5266 cura
2424 5210 2632 5265 illorum
2682 5206 3042 5261 valetudinem
3098 5206 3424 5276 pessumdea.

1848 5309 2027 5363 Bonus
2056 5316 2136 5363 est
2165 5305 2320 5361 dolor
2362 5301 2672 5357 moderatus
2696 5341 2712 5366 ,
2756 5300 2892 5353 bona
2920 5314 3044 5354 cura
3071 5341 3086 5366 ,
3129 5300 3264 5353 bona
3312 5299 3433 5353 talis

1849 5409 2058 5471 egestas
2085 5417 2096 5451 :
2146 5398 2310 5452 fortes
2337 5394 2479 5450 enim
2512 5407 2609 5447 nos
2634 5391 2861 5447 reddunt
2893 5408 3013 5461 quze
3049 5391 3185 5445 bona
3216 5400 3273 5445 et
3307 5405 3435 5446 eon-

1853 5491 2014 5546 traria
2044 5498 2207 5552 sunt;
2241 5486 2337 5542 sed
2373 5502 2559 5541 eorum
2592 5485 2799 5555 singula
2830 5485 2873 5541 si
2902 5484 3248 5539 immoderata
3288 5484 3396 5537 sint
3419 5523 3435 5545 ,
3504 5544 3509 5548 ἢ

1854 5582 2119 5653 perdunt,
2165 5578 2415 5650 aliudque
2458 5576 2701 5643 emollit,
2745 5576 2888 5633 aliud
2933 5576 3207 5645 dirumpit.
3248 5574 3438 5629 Nonne

1854 5676 2002 5733 vides
2030 5673 2302 5729 Christum
2331 5672 2626 5745 discipulos
2650 5686 2775 5727 suos
2804 5671 2882 5727 sic
2910 5669 3237 5724 instituere?
3279 5668 3336 5724 Si
3368 5669 3437 5722 illi

1919 5818 2123 5879 (amna:
2147 5817 2278 5879 inter
2299 5816 2511 5879 uncinos
2522 5812 2828 5879 clauduntur,
2843 5824 2937 5862 non
2950 5808 3183 5876 leguntur
3196 5808 3244 5858 in
3258 5808 3441 5868 Menti,

1855 5875 2063 5943 suntque
2089 5878 2310 5942 suppleta
2338 5892 2366 5927 e
2388 5877 2531 5927 Codd.
2563 5882 2613 5925 et
2630 5875 2769 5923 δίῃ-11.
