3948 6488
504 378 607 434 579

509 495 592 550 bis
622 492 870 564 egebant,
903 489 1071 545 multo
1099 489 1265 558 magis
1296 504 1413 544 nos.
1443 487 1498 543 Si
1525 502 1624 543 nos
1652 501 1891 556 egemus,
1920 501 1986 540 ne
2012 486 2093 540 in-

506 583 826 655 dignemur,
872 581 967 636 sed
1014 579 1338 651 gaudeamus
1384 577 1440 632 in
1483 576 1951 632 tribulationibus:
1997 574 2094 630 bu-

506 673 742 745 jusmodi
791 686 1020 743 namque
1050 670 1336 741 pharmaca
1374 677 1507 723 sunt
1550 668 1747 722 nostris
1787 665 2095 723 vulneribus

510 764 861 838 congruentia
886 804 900 827 ,
931 763 1033 819 alia
1061 760 1271 832 quidem
1302 774 1480 815 amara
1500 801 1514 823 ,
1547 759 1650 814 alia
1686 774 1814 815 vero
1852 758 2042 815 blanda
2078 773 2091 810 :

518 863 802 923 utrumque
842 862 1020 908 autem
1064 851 1271 906 illorum
1295 893 1311 919 ,
1357 851 1403 906 si
1443 850 1619 907 solum
1658 850 1861 920 fuerit,
1911 850 2097 906 inutile

512 957 616 1001 est.
662 945 896 1001 Gratiam
944 957 1070 1013 ergo
1109 943 1221 997 Deo
1251 941 1545 999 habeamus
1586 942 1654 998 de
1693 942 1775 998 his
1804 942 2094 998 omnibus:

514 1052 618 1093 non
646 1036 787 1091 enim
817 1034 935 1091 sine
963 1049 1124 1090 causa
1152 1033 1268 1091 hate
1292 1034 1418 1090 sinit
1446 1034 1713 1100 accidere,
1741 1034 1835 1089 sed
1862 1034 1929 1090 ad
1959 1032 2101 1089 utili-

514 1135 677 1183 tatem
721 1126 1018 1181 animarum
1058 1135 1381 1189 nostrarum.
1430 1125 1652 1183 Gratum
1696 1140 1823 1197 ergo
1859 1126 2097 1181 animum

1258 371 1315 429 S.
1355 373 1632 430 JOANNIS
1667 372 2141 430 CHRYSOS'I‘OMI
2168 371 2480 435 ARCHIEP.
2519 378 3054 438 CONSTANTINOP.
3674 386 3754 441 58ft

2202 487 2536 557 exhibentes,
2562 494 2763 563 gratias
2787 507 3030 565 agamus,
3056 493 3440 564 glorificemus,
3472 492 3667 553 fortiter
3690 515 3755 554 re-

2202 581 2455 639 sistamus
2475 623 2492 651 ,
2526 593 2925 655 temporaneam
2949 600 3136 642 eorum
3166 588 3431 643 rationem
3462 589 3756 660 cogitantes,

2205 681 2261 731 et
2286 672 2352 727 ad
2378 673 2551 729 futura
2574 685 2806 733 mentem
2834 686 3075 733 nostram
3101 678 3475 747 extendentes,
3497 689 3555 735 ut
3580 689 3628 735 et
3648 694 3760 750 pne.

2206 765 2383 819 sentia
2411 764 2625 820 fortiter
2652 765 2888 822 feramus
2908 810 2923 834 ,
2955 778 3009 823 et
3040 767 3214 823 futura
3241 768 3380 824 bona
3407 772 3655 840 consequi
3692 773 3756 827 dio

2205 871 2453 926 gnemur,
2484 858 2654 928 gratia
2683 868 2738 914 et
2763 859 3090 931 benignitate
3117 859 3384 932 Unigeniti
3412 861 3552 931 ejus,
3582 864 3758 933 quicum

2208 949 2352 1005 Patri
2390 960 2459 1006 et.
2484 951 2706 1022 Spiritui
2743 962 2931 1009 sancto
2955 955 3124 1024 gloria
3150 994 3167 1021 ,
3213 955 3495 1026 imperium
3520 997 3538 1022 ,
3583 956 3757 1027 honor,

2209 1056 2351 1098 nunc
2377 1052 2431 1097 et
2458 1057 2696 1114 semper.
2724 1052 2778 1099 et
2809 1043 2861 1098 in
2889 1044 3081 1099 stecula
3110 1045 3448 1102 saeculorum.
3480 1051 3667 1103 Amen.

1901 1339 2248 1402 HOMILIA
2290 1338 2419 1399 LV.

510 1492 641 1552 Cu.
670 1494 761 1554 28.
786 1510 838 1550 v.
868 1496 956 1555 l7.
990 1495 1116 1557 Post
1143 1505 1243 1550 tres
1262 1504 1430 1550 autent
1449 1496 1559 1551 dies
1581 1492 1870 1548 convocavit
1901 1489 2098 1545 Paulus

587 1589 778 1661 primos
792 1586 1110 1643 Iudaeorum.
1136 1585 1360 1658 Cumque
1386 1585 1750 1650 convenissent,
1773 1584 1969 1638 dicebat
1988 1583 2099 1637 eis:

594 1680 704 1735 Viri
729 1680 942 1749 fratres,
974 1695 1064 1750 ego
1094 1694 1208 1732 cum
1236 1676 1365 1732 nihil
1392 1676 1708 1732 contrarium
1735 1675 1964 1745 fecissem
1991 1688 2100 1744 po—

588 1772 710 1844 pulo
736 1772 813 1827 vel
836 1770 1015 1842 patriis
1041 1768 1281 1835 moribus,
1311 1768 1506 1823 vinctus
1543 1766 1607 1821 ab
1632 1764 1965 1836 Jerosolymis
1991 1773 2098 1816 tra-

588 1864 726 1919 ditus
751 1880 867 1919 sum
893 1863 946 1917 in
972 1878 1152 1916 manus
1172 1860 1519 1917 Romanorum
1545 1874 1565 1915 :
1590 1858 1678 1915 18.
1704 1858 1790 1931 qui
1803 1874 1920 1913 cum
1946 1857 2101 1910 inter-

587 1955 900 2025 rogationem
924 1954 986 2006 de
1008 1970 1084 2007 me
1110 1952 1420 2017 habuissent,
1447 1950 1675 2005 colebant
1711 1966 1790 2003 me
1813 1948 2062 2003 dimittere
2080 1987 2094 2012 ,

589 2061 648 2099 eo
682 2044 818 2113 quod
844 2044 987 2098 nulla
1011 2054 1139 2099 esset
1173 2059 1328 2097 causa
1353 2043 1529 2097 mortis
1557 2041 1610 2095 in
1636 2057 1734 2094 me.
1759 2039 1847 2095 l9.
1880 2037 2098 2094 Contra—

588 2138 864 2192 dicentibus
887 2146 1055 2191 autem
1081 2135 1299 2198 Judteis,
1333 2144 1535 2190 coactus
1562 2151 1675 2188 sum
1704 2132 1965 2203 appellare
1990 2130 2098 2185 (Ite-

591 2245 755 2283 sarem
784 2244 804 2283 :
830 2244 931 2283 non
959 2228 1105 2300 quasi
1142 2229 1351 2281 habeant
1383 2226 1445 2280 de
1473 2241 1574 2297 quo
1601 2233 1799 2295 gentem
1828 2239 1989 2277 meum
2017 2238 2104 2275 ac-

591 2335 783 2374 cusem.
810 2318 901 2373 20.
936 2317 1153 2388 PrOpter
1180 2319 1312 2372 hanc
1333 2333 1449 2389 ergo
1482 2332 1687 2371 causam
1717 2314 1955 2369 advocavi
1978 2329 2064 2368 vos
2082 2353 2102 2380 ,

536 2406 541 2411 ’
592 2419 648 2464 ut
677 2409 894 2464 viderem
922 2418 969 2465 et
995 2408 1281 2479 alloquerer
1312 2423 1332 2462 :
1351 2416 1556 2480 propter
1574 2423 1717 2477 spem
1737 2406 1871 2460 enim
1893 2403 2104 2458 Israelis

590 2509 767 2555 catena
786 2502 883 2555 hac
910 2500 1251 2555 circumdatus
1277 2515 1411 2554 sum.

592 2594 646 2647 l.
690 2591 801 2647 Hoc
830 2590 966 2646 bene
987 2598 1042 2646 et
1066 2599 1425 2660 congruenter
1446 2588 1585 2661 agit,
1621 2602 1742 2645 cum
1774 2588 1980 2658 primos
2006 2586 2103 2641 Ju-

521 2684 761 2742 dzeorum
791 2678 867 2739 ad
884 2683 1208 2752 colloquium
1237 2691 1521 2737 convocat.
1547 2679 1770 2736 Volebat
1798 2678 1939 2734 enim
1964 2686 2019 2734 et
2047 2692 2106 2733 se

523 2787 581 2837 et
599 2776 735 2832 alios
754 2791 782 2830 a
810 2776 1036 2833 crimine
1063 2775 1293 2830 liberare
1324 2792 1341 2833 :
1364 2788 1443 2841 se,
1466 2787 1532 2828 ne
1555 2779 1897 2827 accusaretur
1911 2770 1980 2825 ab
2004 2770 2104 2838 eis,

523 2878 578 2923 et
596 2867 698 2931 hoc
714 2867 820 2922 illis
833 2874 1053 2922 noceret
1071 2880 1086 2930 ;
1114 2864 1235 2920 illos
1261 2879 1412 2931 vero,
1431 2877 1498 2919 ne
1521 2871 1689 2917 totum
1708 2862 1944 2933 ipsorum
1960 2859 2107 2917 vide-

524 2968 671 3013 retur
696 2971 837 3019 esse.
858 2955 1165 3012 Verisimile
1190 2954 1335 3011 enim
1365 2963 1448 3011 est
1473 2953 1845 3025 percrebuisse
1875 2952 2104 3018 famam,

521 3049 699 3119 ipsum
730 3062 759 3100 a
788 3046 987 3103 Judmis
1012 3047 1266 3100 traditum
1292 3045 1496 3109 fuisse;
1533 3044 1691 3114 idque
1719 3042 2015 3101 sufficiebat
2039 3042 2107 3097 ad

524 3140 837 3196 terrentium
859 3140 1001 3194 illos.
1023 3138 1212 3193 Statim
1240 3153 1370 3209 ergo
1401 3138 1525 3192 huic
1558 3136 1637 3193 rei
1666 3137 1919 3203 occurrit,
1947 3145 2003 3191 et
2029 3135 2109 3191 sic

521 3232 758 3301 seipsum
785 3239 1063 3285 mansuete
1092 3229 1347 3284 defendit.
1377 3229 1505 3283 Vide
1530 3244 1690 3300 porro
1718 3227 1987 3299 quomodo
2015 3227 2110 3283 de-

522 3323 819 3380 fensionem
848 3338 999 3378 suam
1026 3314 1189 3389 texat,
1230 3321 1416 3376 dicens
1443 3339 1456 3375 :
1480 3320 1604 3375 Viri
1642 3323 1842 3393 fratres,
1874 3337 1966 3391 ego
1992 3335 2108 3373 cum

523 3417 653 3471 nihil
696 3415 1009 3470 contrarium
1048 3416 1275 3487 fecissent
1319 3415 1508 3485 papulo
1537 3414 1613 3468 vel
1642 3414 1820 3484 patriis
1847 3412 2101 3479 moribus,

492 3509 714 3564 .oinctus
740 3523 805 3561 ea:
825 3505 1163 3577 Jerosolymis
1191 3506 1406 3559 traditus
1430 3521 1542 3559 sum
1564 3504 1618 3557 in
1644 3520 1821 3558 manus
1849 3502 2107 3558 Romano-

519 3616 654 3654 rum.
686 3597 885 3654 Deinde
908 3599 1033 3669 quia
1063 3596 1353 3653 verisimile
1381 3606 1497 3651 erat
1524 3595 1732 3667 aliquos
1752 3611 1820 3650 ex
1848 3594 2106 3649 auditori-

521 3690 625 3747 bus
660 3688 894 3744 dicturos
929 3702 1051 3745 esse
1084 3705 1097 3742 :
1126 3686 1405 3756 Quomodo
1434 3686 1684 3742 credatur
1713 3696 1765 3741 te
1800 3685 1918 3741 sine
1946 3700 2104 3741 causa

522 3780 771 3835 traditum
807 3779 1008 3835 fuisse?
1032 3777 1237 3834 addidit
1266 3796 1279 3832 :
1316 3778 1416 3845 Qui
1440 3793 1556 3831 cum
1581 3777 2019 3849 interrogationem
2045 3778 2109 3831 de

522 3888 602 3925 me
633 3870 940 3938 habuissent,
964 3871 1229 3925 voluerunt
1258 3885 1336 3923 me
1361 3869 1655 3935 dimittere;
1692 3884 1755 3925 ac
1783 3869 1829 3925 si
1857 3870 2061 3925 diceret
2089 3886 2101 3921 :

519 3964 805 4020 Testantur
826 3964 1188 4019 Romanorum
1219 3963 1509 4033 principes,
1538 3963 1627 4034 qui
1654 3972 1708 4019 et
1734 3964 2106 4019 examinarunt

519 4069 609 4109 me
630 4063 684 4109 et
705 4055 987 4109 voluerunt
1021 4054 1311 4109 dimittere.
1339 4054 1621 4123 Quomodo
1648 4071 1779 4126 ergo
1805 4070 1909 4109 non
1942 4055 2103 4110 dimi-

519 4145 744 4200 serunt?
770 4144 1238 4200 Contradicentibus
1263 4145 1482 4211 Iudicis,
1511 4146 1701 4217 inquit.
1739 4146 1925 4202 Viden‘
1966 4162 2104 4217 quo-

519 4237 681 4293 modo
702 4237 912 4292 illorum
934 4237 1158 4293 crimina
1182 4238 1402 4293 minuit?
1430 4239 1485 4294 Si
1508 4239 1652 4294 enim
1681 4253 1878 4309 augere
1906 4239 2105 4294 voluis-

518 4338 621 4392 set,
641 4338 844 4397 poterat
864 4328 1229 4385 vehementius
1244 4344 1484 4399 carpere.
1502 4329 1730 4401 Ideoque
1740 4330 1817 4386 sic
1831 4331 2100 4402 loquutus,

518 4421 755 4478 Subdidit
788 4439 802 4477 :
836 4422 1052 4477 Coactus
1078 4439 1192 4477 sum
1218 4422 1479 4493 appellare
1505 4421 1773 4478 Caesarem.
1825 4422 2006 4496 Itaque
2036 4424 2101 4479 ad

519 4514 732 4569 veniam
784 4515 960 4568 omnia
1010 4521 1271 4583 spectant.
1332 4512 1534 4568 Deinde
1577 4528 1644 4569 ne
1690 4515 1811 4584 quis
1860 4515 2097 4572 diceret:

518 4599 655 4668 Quid
689 4599 867 4669 igitur,
915 4614 983 4652 an
1015 4609 1068 4652 nt
1096 4613 1192 4653 eos
1226 4612 1467 4666 accuses,
1508 4598 1623 4654 haec
1656 4597 1869 4654 fecisti?
1898 4601 2001 4656 Per
2038 4617 2099 4656 ea

518 4705 638 4760 qua:
663 4687 831 4757 addit,
861 4688 965 4744 hoc
998 4689 1235 4759 corrigit,
1267 4687 1452 4743 dicens
1479 4705 1492 4741 :
1522 4686 1645 4743 Non
1690 4691 1835 4759 quasi
1865 4690 2097 4756 habeam,

520 4783 583 4835 de
609 4797 707 4852 quo
731 4790 930 4853 gentem
956 4796 1117 4835 meam
1145 4796 1411 4844 accusem;
1437 4779 1533 4835 sed
1561 4789 1619 4835 ut
1648 4781 1938 4851 periculum
1966 4783 2102 4837 effu-

515 4866 717 4947 geri-m.
774 4877 1004 4948 Propter
1046 4889 1143 4931 vos
1177 4875 1320 4932 enim
1367 4874 1467 4931 hac
1507 4886 1693 4933 eatena
1740 4868 2100 4932 circumdams

515 4983 655 5022 smn.
688 4966 916 5023 Tantum
956 4968 1129 5034 abest,
1167 4968 1358 5039 inquit,
1391 4979 1451 5023 ut
1480 4969 1696 5041 inimico
1721 4984 1846 5041 erga
1873 4985 1970 5025 vos
1996 4971 2095 5024 sim

514 5061 717 5124 animo,
747 5058 926 5117 uthac
954 5070 1139 5115 catena
1166 5059 1525 5116 circumdatus
1544 5061 1665 5116 sim.
1685 5061 1818 5131 Quid
1845 5078 1972 5133 ergo
1989 5063 2099 5117 illi?

515 5148 777 5206 Sermone
815 5152 931 5222 ejus
969 5152 1041 5207 ila
1083 5154 1223 5223 capti
1268 5161 1412 5221 sunt,
1446 5161 1504 5208 ut
1530 5170 1636 5210 non
1665 5155 1841 5212 solum
1873 5171 1968 5227 pro
2003 5171 2093 5221 se,

516 5243 611 5296 sed
640 5243 798 5296 etiam
828 5259 922 5313 pro
952 5246 1192 5315 cognatis
1235 5247 1348 5301 suis
1390 5246 1763 5305 defensionem
1802 5258 2093 5320 pararent:

2208 1487 2410 1554 literas,
2441 1502 2614 1557 neque
2642 1503 2736 1557 per
2768 1485 3012 1541 homines
3047 1486 3416 1557 signifiearnnt
3442 1488 3634 1560 aliquid
3662 1492 3763 1548 mali

2206 1577 2273 1634 de
2300 1588 2351 1634 te
2378 1597 2392 1633 :
2425 1586 2661 1634 attamen
2692 1587 2797 1634 ate
2824 1578 3009 1633 audire
3036 1579 3301 1634 volumus.
3334 1580 3427 1636 Sic
3459 1596 3765 1653 pratoccupa-

2207 1679 2334 1727 runt
2373 1671 2694 1728 sententiam
2734 1671 3009 1728 declarare
3053 1687 3222 1739 suam,
3258 1683 3311 1728 et
3339 1673 3531 1729 aiunt:
3562 1674 3689 1729 Nam
3719 1679 3768 1731 de

2206 1774 2341 1818 secta
2365 1762 2460 1816 hac
2492 1771 2669 1817 notum
2707 1771 2781 1817 est
2826 1761 2989 1830 nobis,
3030 1762 3168 1833 quod
3219 1763 3400 1834 ubique
3446 1765 3493 1819 ei
3536 1769 3765 1820 contradi-

2206 1853 2359 1909 citur.
2412 1853 2528 1910 Non
2578 1853 2788 1922 dicunt,
2844 1853 3306 1923 Contradicimus;
3355 1856 3473 1924 sed,
3521 1855 3765 1913 Contradi-

2207 1944 2371 2011 citur,
2416 1954 2472 2001 et
2516 1960 2579 2001 se
2624 1945 2693 2005 ab
2734 1946 3075 2003 accusatione
3120 1947 3425 2003 absolvunt.
3461 1968 3481 2003 ι
3530 1950 3619 2005 25.
3661 1942 3767 2006 Cum

2208 2036 2613 2092 constituissent
2638 2046 2818 2093 autem
2848 2038 2897 2093 ei
2931 2037 3097 2105 diem,
3144 2050 3414 2095 venerunt
3453 2040 3525 2097 ad
3576 2056 3688 2096 eum
3728 2043 3769 2096 in

2211 2126 2498 2197 hospitium
2530 2128 2741 2199 plurimi
2772 2146 2786 2182 :
2814 2129 3007 2200 quibus
3047 2131 3351 2200 exponebat
3388 2132 3675 2188 testificaris
3698 2149 3769 2188 re-

2210 2234 2371 2293 gnum
2401 2218 2528 2284 Dei,
2569 2219 2908 2291 suadensque
2938 2220 3017 2277 eis
3041 2220 3110 2277 de
3134 2220 3260 2277 Jesu
3286 2238 3352 2278 ex
3384 2223 3569 2295 Moyse
3596 2232 3648 2278 et
3672 2240 3772 2294 pro-

2209 2308 2407 2381 phetis,
2432 2324 2461 2364 a
2483 2325 2641 2368 mane
2665 2326 2833 2381 usque
2861 2310 2927 2365 ad
2953 2327 3256 2382 vesperam.
3276 2312 3366 2369 24.
3388 2314 3453 2368 Et
3471 2314 3568 2370 alii
3589 2315 3771 2385 quidem

2209 2399 2502 2457 credebant
2532 2390 2618 2469 iis,
2647 2416 2768 2473 qua:
2792 2401 3131 2469 dicebantur,
3180 2402 3271 2458 alii
3309 2418 3439 2460 vero
3482 2421 3594 2460 non
3618 2405 3773 2461 crede-

2212 2490 2359 2546 bant.
2391 2510 2411 2544 s
2447 2490 2635 2548 Viden’
2662 2492 2931 2563 quomodo
2960 2508 3064 2549 non
3106 2494 3288 2549 statim
3334 2494 3645 2565 reSpondit,
3690 2496 3769 2550 sed

2210 2582 2354 2639 diem
2385 2584 2492 2639 illis
2512 2584 2766 2641 audiendi
2792 2587 3073 2642 constituit
3103 2604 3118 2643 :
3150 2576 3273 2644 eum
3300 2598 3479 2645 autem
3503 2592 3771 2655 venissent,

2211 2673 2514 2731 disserebat
2551 2691 2583 2730 a
2626 2676 2743 2748 lege
2787 2676 2984 2749 Moysis
3041 2687 3096 2734 et
3136 2693 3165 2732 a
3209 2678 3484 2749 prophetis
3520 2698 3534 2732 :
3570 2698 3589 2732 ‹
3619 2680 3680 2735 Et
3702 2681 3775 2735 alii

2212 2766 2525 2835 credebant,
2556 2768 2647 2824 alii
2680 2784 2811 2825 vero
2854 2786 2960 2825 non
2986 2770 3297 2827 credebant.
3338 2772 3431 2827 25.
3460 2770 3597 2829 Cum
3626 2782 3775 2829 autem

2214 2873 2321 2913 non
2370 2856 2555 2915 essent
2583 2861 2985 2917 consentientes
3011 2862 3156 2918 inter
3182 2877 3264 2929 se,
3308 2862 3674 2931 discedebant,
3712 2864 3777 2918 di-

2213 2958 2370 3006 cente
2418 2950 2585 3006 Paulo
2630 2968 2795 3007 unum
2834 2954 3057 3009 verbum
3092 2971 3106 3008 :
3139 2954 3284 3011 Bene
3322 2953 3558 3025 Spiritus
3591 2967 3777 3011 sanctus

2214 3041 2467 3114 loquutus
2494 3055 2578 3100 est
2597 3059 2692 3116 per
2710 3044 2902 3101 lsaiam
2930 3049 3244 3118 prophetam
3271 3049 3339 3103 ad
3366 3058 3549 3119 patres
3572 3058 3774 3113 nostros,

2212 3134 2304 3190 26.
2351 3136 2537 3192 dicens
2586 3154 2600 3191 :
2655 3136 2799 3193 Vade
2838 3138 2907 3192 ad
2953 3140 3207 3209 populum
3251 3141 3435 3206 istum,
3478 3152 3537 3196 et
3563 3141 3648 3197 die
3672 3142 3774 3196 eis:

2215 3229 2361 3283 Aure
2384 3228 2634 3297 audietis,
2683 3239 2739 3285 et
2768 3244 2875 3286 non
2905 3230 3252 3302 intelligetis;
3297 3244 3350 3287 et
3375 3232 3625 3288 videntes
3654 3234 3776 3287 vitle-

2214 3318 2359 3383 bitis,
2410 3329 2462 3374 et
2504 3335 2610 3375 non
2653 3322 2980 3393 percipietis.
3026 3323 3116 3377 27.
3148 3323 3510 3379 lncrassatum
3544 3335 3625 3379 est
3660 3325 3777 3378 enim

2215 3423 2310 3464 cor
2336 3411 2514 3479 populi
2544 3409 2727 3481 hujus,
2775 3422 2828 3467 et
2864 3412 3084 3468 auribus
3125 3414 3359 3483 graviter
3400 3415 3699 3477 audierunt,
3738 3424 3778 3468 et

2214 3501 2401 3556 oculos
2423 3517 2552 3558 suos
2588 3514 3043 3574 compresserunt,
3092 3521 3159 3561 ne
3189 3506 3325 3562 forte
3350 3507 3573 3561 videant
3604 3507 3777 3568 oculis,

2214 3600 2269 3646 et
2312 3592 2529 3647 auribus
2568 3592 2805 3656 audiant,
2855 3604 2910 3649 et
2959 3594 3122 3651 corde
3154 3596 3471 3668 intelligant,
3507 3608 3562 3651 et
3589 3613 3781 3653 conver-

2216 3691 2393 3737 tantur
2417 3691 2472 3738 et
2498 3698 2681 3738 sanem
2712 3700 2807 3740 eos
2832 3704 2851 3737 ι
2891 3683 3042 3756 (Isai.
3064 3688 3114 3742 6.
3142 3685 3237 3740 9et
3256 3685 3365 3758 10).
3394 3686 3537 3743 Cum
3570 3687 3778 3743 discede-

2216 3774 2342 3828 bant
2368 3773 2507 3830 inter
2533 3790 2592 3831 se
2628 3775 3039 3845 dissentientes,
3091 3787 3215 3833 tunc
3258 3777 3445 3833 Isaiam
3492 3782 3777 3849 prophetam

2213 3866 2392 3933 affert,
2442 3883 2548 3922 non
2591 3876 2652 3922 ut
2695 3867 2801 3923 illis
2842 3870 3195 3936 convicietur,
3244 3870 3338 3925 sed
3370 3880 3433 3926 ut
3468 3870 3571 3926 hos
3612 3874 3777 3925 firmet.

2212 3957 2349 4027 Quid
2379 3958 2452 4013 ait
2483 3959 2613 4014 ille?
2646 3960 2785 4014 Aure
2810 3960 3049 4027 audietis,
3073 3970 3120 4015 et
3146 3978 3245 4016 non
3268 3962 3588 4034 intelligetis.
3613 3961 3777 4016 Viden’

2212 4048 2482 4120 quomodo
2519 4049 2639 4104 illos
2673 4051 2817 4105 omni
2847 4052 3000 4106 venia
3030 4051 3277 4122 indignos
3319 4053 3603 4108 ostendit?
3639 4052 3776 4122 siqui~

2211 4141 2333 4197 dem
2365 4143 2677 4213 pr0phetam
2716 4142 2976 4199 habentes
3000 4144 3111 4215 jam
3139 4144 3265 4198 olim
3298 4144 3417 4200 haec
3451 4146 3776 4216 praenuntian-

2214 4242 2342 4300 tem,
2399 4250 2506 4290 non
2552 4236 2799 4291 conversi
2850 4245 2992 4290 sunt.
3048 4236 3179 4291 Cum
3220 4247 3403 4291 autem
3451 4238 3602 4301 dicit,
3644 4236 3773 4300 Bm,

2211 4327 2446 4383 ostendit
2475 4328 2760 4397 illosjuste
2800 4328 3003 4399 ejeetos
3030 4328 3215 4384 fuisse.
3260 4331 3438 4400 Atque
3464 4331 3534 4386 ita
3556 4331 3775 4403 gentibus

2211 4418 2392 4475 datum
2433 4430 2536 4487 est,
2592 4430 2651 4475 ut
2701 4420 2803 4475 hoc
2847 4422 3162 4492 mysterium
3156 4416 3617 4677 aerem.
3656 4421 3773 4478 Nihil

2211 4510 2405 4565 mirum
2436 4512 2589 4581 igitur
2618 4512 2660 4565 si
2687 4511 3128 4568 Contradicebant
3155 4530 3171 4544 ·
3493 4516 3619 4571 olim
3663 4529 3773 4585 prm-

2211 4603 2407 4659 dictum
2431 4604 2621 4659 fuerat.
2649 4605 2848 4660 Deinde
2875 4606 3045 4660 zelum
3072 4618 3205 4661 eoru’
3340 4670 3343 4673 _
3376 4674 3379 4675 ν
3460 4616 3550 4663 cat
3574 4624 3636 4663 ex
3662 4623 3771 4677 gen-

2211 4510 2405 4565 mirum
2436 4512 2589 4581 igitur
2618 4512 2660 4565 si
2687 4511 3128 4568 Contradicebant
3155 4510 3447 4585 ﬂ
3493 4516 3619 4571 olim
3663 4529 3774 4585 prat-

2208 4603 2407 4659 dictum
2431 4604 2621 4659 fuerat.
2649 4605 2848 4660 Deinde
2875 4606 3045 4660 zelum
3072 4603 3550 4677 commeat
3574 4624 3636 4663 ex
3662 4623 3771 4678 gen-

2212 4697 2374 4765 tibus,
2424 4698 2539 4753 haic
2571 4699 2861 4768 sulijiciens
2893 4717 2907 4753 :
2945 4699 3095 4755 «28.
3129 4698 3322 4754 Notum
3373 4716 3509 4770 ergo
3537 4702 3604 4756 sit
3624 4700 3769 4760 vobis,

2210 4793 2457 4864 quoniam
2502 4792 2746 4865 gentibus
2792 4792 3013 4846 missum
3057 4791 3273 4846 esthoc
3314 4792 3560 4848 salutare
3588 4792 3691 4856 Dei,
3730 4802 3769 4843 et

2210 4884 2310 4953 ipsi
2347 4882 2585 4938 audient.
2633 4881 2723 4937 29.
2759 4881 2826 4936 Et
2846 4898 2967 4937 cum
3010 4883 3123 4936 hate
3160 4881 3406 4948 dixisset,
3455 4884 3694 4939 exierunt
3717 4882 3768 4933 ab

2208 4987 2275 5028 eo
2295 4972 2490 5040 Judaei,
2524 4972 2743 5028 multam
2776 4971 3034 5027 habentes
3065 4974 3202 5028 inter
3224 4988 3282 5027 se
3308 4976 3679 5043 qumsnionem.
3699 4972 3769 5026 30.

2207 5063 2399 5119 Mansit
2425 5072 2604 5119 autem
2636 5064 2852 5120 biennio
2875 5072 2987 5119 toto
3016 5066 3065 5117 in
3097 5080 3195 5119 suo
3222 5064 3515 5131 conducto,
3547 5076 3601 5120 et
3628 5065 3769 5120 susci-

2207 5159 2388 5227 piebat
2437 5172 2627 5213 omnes
2672 5158 2763 5228 qui
2812 5157 3246 5229 ingrediebantur
3270 5157 3335 5213 ad
3364 5173 3518 5225 eum,
3544 5160 3632 5213 5|.
3663 5173 3775 5228 pra»

2204 5249 2391 5307 dicans
2436 5266 2657 5323 regnum
2708 5251 2823 5315 Dei,
2872 5263 2924 5306 et
2961 5250 3161 5306 docens
3189 5266 3306 5321 qua:
3336 5260 3465 5305 sunt
3490 5252 3562 5307 de
3589 5251 3774 5306 Christo

505 5333 655 5410 Quod
681 5333 960 5389 declarans
980 5336 1057 5390 sic
1081 5338 1251 5407 pergit
1281 5356 1292 5390 :
1323 5355 1341 5389 t
1365 5337 1445 5393 llli
1466 5354 1595 5395 vero
1624 5340 1874 5397 dixerunt
1893 5341 1942 5396 ei
1967 5358 1978 5394 :
2002 5340 2091 5395 2|.

505 5424 623 5482 {\‘os
665 5440 838 5495 neque
874 5426 1057 5480 literas
1101 5426 1170 5482 de
1198 5438 1249 5482 te
1288 5429 1590 5500 accepimus
1616 5445 1647 5486 a
1673 5431 1876 5498 Judaea,
1923 5448 2098 5504 neque

508 5516 808 5573 adveniens
847 5517 1038 5588 aliquis
1072 5518 1293 5574 fratrum
1320 5522 1581 5583 nuntiavit
1614 5532 1707 5578 aut
1734 5524 1983 5595 loquutus
2011 5534 2095 5580 est

510 5608 711 5679 aliquid
744 5607 813 5665 de
859 5617 911 5665 te
948 5609 1094 5664 mali.
1143 5609 1233 5664 22.
1275 5610 1545 5681 Rogamus
1576 5623 1753 5670 autem
1781 5629 1810 5668 a
1840 5623 1890 5670 te
1908 5614 2094 5670 audire

510 5719 627 5771 qua:
658 5703 822 5758 sentis
856 5722 868 5757 :
903 5718 1023 5758 nam
1050 5704 1116 5760 de
1139 5714 1284 5761 secta
1306 5706 1406 5761 hac
1431 5717 1615 5763 notum
1641 5718 1721 5763 est
1752 5709 1926 5775 nobis,
1950 5708 2091 5779 quod

512 5794 703 5865 ubique
728 5796 777 5850 ei
799 5796 1199 5854 contradicitur.
1232 5817 1250 5851 ι
1296 5799 1372 5855 Ac
1397 5800 1441 5855 si
1469 5799 1709 5857 dicerent
1740 5818 1756 5860 :
1784 5800 1968 5871 Neque
1996 5816 2090 5871 per

2204 5343 2330 5398 Jesu
2359 5360 2480 5401 cum
2506 5343 2650 5433 omni
2683 5342 2899 5409 ﬁducia,
2926 5346 3140 5398 nemine
3174 5342 3520 5413 prohibente.
3554 5365 3575 5397 ι
3605 5348 3773 5398 Amen.

2205 5435 2302 5491 llic
2331 5434 2563 5491 ostendit
2589 5436 2808 5491 demum
2852 5436 3153 5491 libertatem
3193 5451 3342 5491 suam
3376 5454 3389 5490 :
3425 5436 3615 5493 Romae
3639 5450 3773 5491 nam:

2203 5542 2305 5596 que
2328 5527 2445 5582 sine
2473 5526 2856 5597 impedimento
2887 5528 3160 5598 praedicat,
3189 5529 3277 5599 qui
3310 5528 3365 5583 in
3392 5529 3584 5585 Judaea
3609 5526 3759 5600 probi

2204 5618 2343 5674 bitus
2374 5618 2563 5683 fuerat,
2589 5627 2643 5674 et
2673 5621 2867 5675 mansit
2898 5620 3115 5675 biennio
3141 5620 3342 5677 docens
3370 5621 3503 5675 illic.

2271 5709 2324 5763 2.
2366 5709 2470 5767 Sed
2492 5709 2769 5779 superiora
2801 5723 3125 5782 repetamus.
3152 5710 3375 5779 Propter
3402 5711 3541 5765 hanc
3560 5725 3766 5771 cantant,

2202 5802 2390 5874 inquit,
2420 5801 2659 5858 advocavi
2688 5819 2773 5858 vos
2813 5814 2864 5858 ut
2905 5804 3148 5869 viderem;
3179 5802 3228 5857 id
3253 5813 3356 5869 est,
3386 5801 3509 5857 ideo
3546 5801 3597 5857 id
3622 5801 3767 5864 volui,
