3950 6460
299 414 380 471 381

296 542 356 584 ne
384 522 599 592 cuipiam
630 521 816 576 liceret
856 534 943 575 me
979 530 1253 581 accusare,
1282 525 1338 571 et
1369 529 1487 585 qua:
1514 513 1567 569 iii
1604 517 1839 567 mentem

294 615 513 674 venerint
538 613 722 668 dicere
751 629 765 666 :
793 613 915 681 quia
944 624 1131 664 manus
1151 622 1337 664 eorum
1357 605 1539 675 eﬂ’ngi,
1570 612 1624 659 et
1647 602 1714 657 ad
1741 601 1842 656 hoc

291 707 415 763 veni.
460 703 573 759 Non
627 711 683 756 ut
719 701 842 754 aliis
877 700 1014 754 mala
1050 699 1324 763 inferrem,
1355 695 1450 751 sed
1479 703 1537 749 ut
1563 694 1677 763 ipse
1703 690 1842 746 mala

290 799 575 866 elIugerem,
610 794 751 847 veni.
797 792 876 846 illi
924 807 1053 846 vero
1097 800 1365 860 reponunt
1397 806 1410 841 :
1445 788 1703 856 Rogamus
1737 802 1769 837 rt
1798 793 1845 837 te

288 889 444 941 audire
478 901 591 953 quia
627 886 801 938 sentis.
838 883 968 938 Vide
1011 883 1133 937 illos
1176 881 1508 936 mansuetius
1539 880 1841 948 loquentes.

288 980 546 1048 Rogamus,
575 974 837 1043 inquiunt,
867 983 923 1029 et
945 974 1130 1027 volunt
1151 973 1310 1028 etiam
1336 986 1431 1041 pro
1458 970 1563 1024 illis
1583 969 1844 1023 rationem

286 1070 489 1127 reddere
531 1087 545 1121 :
589 1067 710 1122 ideo
754 1067 1042 1121 constituta
1087 1066 1174 1119 die
1215 1071 1500 1118 venerunt.
1563 1062 1675 1115 lloc
1716 1075 1845 1114 vero

285 1174 514 1230 magnum
558 1167 674 1213 erat
706 1166 1101 1226 argumentum,
1152 1154 1294 1224 quod
1317 1169 1376 1208 se
1406 1154 1505 1222 ipsi
1533 1152 1848 1206 damnarent

281 1266 439 1321 neque
483 1248 584 1303 sibi
636 1246 882 1303 ﬁderent.
908 1246 1041 1301 Nam
1087 1247 1132 1301 si
1173 1245 1449 1308 ﬁdissent,
1500 1244 1690 1298 saltem
1717 1257 1847 1297 con-

283 1343 561 1402 venissent.
588 1347 647 1393 ut
672 1339 846 1406 ipsum
878 1353 1061 1393 secum
1097 1336 1468 1400 attraherent;
1499 1350 1639 1390 nunc
1667 1344 1845 1389 autem

277 1448 388 1489 cum
425 1445 531 1484 non
582 1429 847 1494 ﬁderent,
911 1427 1045 1498 pigri
1099 1428 1316 1481 fuerunt
1362 1425 1430 1481 ad
1482 1424 1843 1481 veniendum:

277 1523 496 1593 alioquin
527 1536 654 1576 vero
680 1498 866 1585 etiam,
908 1518 1053 1589 quod
1097 1533 1245 1588 saepe
1274 1518 1617 1582 tentaverint,
1662 1525 1846 1571 osten-

276 1617 456 1671 derunt
487 1628 549 1667 se
576 1612 823 1667 fiduciam
857 1624 962 1665 non
996 1609 1212 1664 habere.
1246 1607 1314 1662 Et
1350 1609 1442 1661 alii
1473 1607 1675 1678 quidem
1699 1606 1847 1660 dictis

277 1706 551 1771 credebant,
585 1703 777 1773 inquit,
803 1702 894 1755 alii
922 1717 1024 1755 non
1051 1699 1341 1766 credebant,
1376 1708 1424 1754 et
1462 1715 1575 1752 cum
1601 1715 1703 1752 non
1728 1714 1850 1753 con-

273 1797 437 1853 cordes
475 1804 636 1849 essent
654 1836 669 1859 ,
697 1791 1059 1855 discedebant;
1105 1790 1158 1845 id
1183 1799 1286 1857 est,
1317 1804 1424 1845 non
1455 1788 1739 1844 credentes
1764 1805 1848 1845 rc-

276 1887 545 1945 cedebant.
584 1884 715 1938 Vide
740 1881 1011 1953 quomodo
1058 1896 1199 1935 nunc
1240 1897 1347 1935 non
1381 1881 1433 1934 in
1462 1880 1608 1935 illum
1640 1890 1848 1935 struant

274 1979 515 2043 insidias;
550 1976 646 2032 sed
676 1977 729 2030 in
753 1974 958 2039 Judaea,
987 1974 1076 2028 ubi
1101 1973 1254 2042 quasi
1277 1973 1328 2027 in
1363 1971 1644 2042 tyrannide
1671 1980 1845 2026 erant.

273 2072 373 2128 Cur
397 2084 525 2140 ergo
547 2069 689 2124 Deus
715 2065 951 2138 providit
1018 2074 1077 2120 ut
1129 2064 1222 2118 illo
1271 2063 1799 2134 migrarendixitque
1830 2080 1844 2116 :

273 2164 497 2229 Festina,
525 2162 607 2216 exi
644 2176 709 2215 ea:
742 2158 1029 2213 Jerusalem
1081 2157 1220 2227 (Act.
1246 2156 1336 2211 22.
1382 2156 1512 2227 18)?
1552 2156 1622 2213 Ut
1661 2171 1848 2212 eorum

274 2259 498 2328 nequitia
548 2256 960 2319 ostenderetur,
1017 2267 1224 2308 necnon
1294 2251 1490 2307 veritas
1551 2250 1849 2321 prophetia:

274 2349 481 2415 Christi,
509 2348 655 2419 quod
686 2363 791 2404 non
841 2345 1184 2401 sustinebunt
1210 2362 1224 2397 :
1254 2352 1417 2413 utque
1450 2357 1637 2398 omnes
1676 2342 1849 2397 disce-

276 2452 408 2506 rent,
448 2443 623 2512 ipsum
672 2440 740 2495 ad
788 2437 1096 2509 patiendum
1142 2451 1265 2492 esse
1300 2444 1565 2506 paratum,
1596 2434 1753 2503 idque
1780 2433 1849 2488 ad

272 2536 683 2593 consolationem
708 2540 954 2603 vergeret
978 2545 1166 2586 eorum
1185 2572 1200 2593 ,
1230 2529 1319 2598 qui
1349 2536 1506 2582 erant
1533 2528 1584 2581 in
1612 2526 1796 2581 Judaca
1830 2542 1846 2580 :

272 2645 385 2684 nam
405 2637 460 2684 et
494 2628 570 2682 ibi
614 2627 780 2681 multa
807 2625 944 2680 mala
986 2638 1176 2694 passus
1225 2629 1328 2677 est.
1370 2620 1425 2677 Si
1457 2635 1586 2676 vero
1628 2620 1848 2676 Judaica

272 2720 588 2791 praedicans,
631 2727 775 2773 tanta
807 2731 997 2788 passus
1030 2716 1132 2777 sit.
1177 2714 1222 2768 si
1263 2712 1607 2783 praedicasset
1652 2713 1847 2767 Christi

269 2812 518 2882 gloriam,
563 2809 834 2881 quomodo
866 2808 917 2863 id
954 2805 1232 2862 tulissent?
1275 2805 1409 2859 Cum
1438 2820 1497 2860 se
1521 2803 1847 2874 puriﬁcaret,

271 2920 369 2957 non
392 2912 507 2958 erat
535 2900 852 2964 tolerabilis,
882 2897 1152 2971 quomodo
1172 2906 1349 2952 autem
1379 2895 1675 2966 praedicans
1717 2896 1850 2950 tole-

268 2995 448 3051 rabilis
467 2994 693 3049 fuisset?
719 2993 826 3048 Cur
851 2990 1114 3047 accusatis
1140 2989 1283 3044 nos?
1320 2988 1447 3060 quid
1471 2987 1733 3043 audistis?
1761 2987 1851 3042 Ni-

269 3086 340 3144 hil
375 3088 479 3142 tale
504 3086 662 3143 dixit.
698 3086 856 3141 Visus
883 3093 986 3151 est,
1017 3092 1072 3140 et
1097 3097 1286 3139 omnes
1314 3081 1675 3153 exasperavit.
1722 3081 1850 3137 Jure

264 3195 387 3250 ergo
405 3180 658 3250 gentibus
701 3178 846 3233 salus
873 3191 1133 3234 concessa
1159 3185 1263 3243 est,
1292 3176 1415 3246 jure
1442 3175 1630 3246 procul
1652 3176 1849 3231 missus

265 3281 375 3336 est,
425 3271 537 3325 illic
578 3269 825 3341 gentibus
870 3268 1278 3339 praedicaturus.
1328 3266 1608 3337 Perpende
1641 3275 1844 3333 autem,

265 3362 463 3431 primos
490 3361 710 3417 Iudaeos
743 3359 1004 3425 advocat;
1046 3367 1266 3429 postea,
1314 3365 1374 3412 ut
1418 3371 1505 3413 res
1550 3357 1654 3414 illis
1697 3372 1852 3412 mon-

264 3452 472 3519 stravit,
516 3460 646 3506 tunc
689 3449 757 3505 ad
806 3459 996 3521 gentes
1052 3449 1217 3505 venit.
1265 3447 1419 3517 Quod
1458 3464 1591 3504 vero
1629 3448 1849 3515 dixerit,

268 3542 403 3598 Dixit
432 3543 688 3613 Spiritus,
717 3541 851 3597 nihil
881 3542 1076 3596 mirum
1108 3558 1123 3594 :
1158 3556 1280 3595 nam
1318 3540 1540 3611 angelus
1566 3540 1761 3596 dicitur
1788 3555 1852 3597 ea

262 3634 459 3699 dicere,
510 3648 635 3704 quae
685 3632 945 3687 Dominus
998 3632 1254 3703 loquitur.
1293 3630 1430 3686 Bene
1468 3632 1617 3694 dixit,
1662 3632 1849 3701 inquit,

264 3724 488 3795 Spiritus
555 3734 783 3778 sanctus.
820 3723 924 3781 Sed
968 3723 1056 3779 hic
1100 3724 1198 3789 sic,
1232 3723 1342 3778 illic
1375 3739 1482 3779 non
1519 3724 1667 3779 item.
1701 3724 1854 3780 Alio-

263 3819 386 3882 quin
416 3833 549 3874 vero
574 3832 702 3872 cum
720 3818 788 3872 de
816 3816 1134 3887 quibusdam
1164 3817 1234 3871 ah
1262 3817 1454 3887 angelo
1486 3817 1646 3873 dictis
1677 3817 1853 3887 loqui—

264 3926 399 3975 tnur,
423 3926 535 3969 non
565 3909 812 3972 dicimus,
840 3909 983 3965 Bene
1013 3909 1146 3964 dixit
1188 3909 1445 3979 angelus;
1476 3909 1570 3965 sed
1601 3909 1746 3965 Bene
1775 3910 1857 3965 di-

264 4006 336 4063 xit
358 4004 643 4066 Dominus,
674 4003 819 4059 Bene
847 4002 980 4057 dixit
1006 4002 1267 4072 Spiritus;
1297 4017 1360 4057 ac
1386 4002 1431 4056 si
1462 4002 1707 4057 diceret:
1736 4001 1853 4056 Non

263 4095 387 4149 mihi
439 4094 605 4149 tidem
649 4095 875 4164 negatis,
924 4093 1020 4149 sed
1061 4093 1302 4163 Spiritui.
1353 4093 1536 4163 Itaque
1574 4093 1680 4149 hoc
1726 4093 1855 4149 olim

266 4186 401 4243 Deus
428 4186 775 4257 praeviderat.
811 4186 911 4253 Qui
936 4202 1051 4239 cum
1076 4186 1474 4249 examinassent,
1502 4183 1695 4255 inquit,
1724 4185 1833 4239 uale

264 4278 486 4333 bantrne
510 4278 803 4342 dimittere;
852 4277 905 4333 id
946 4287 1048 4340 est,
1081 4276 1213 4332 nihil
1252 4276 1599 4333 damnatione
1638 4277 1862 4349 dignum

265 4372 605 4428 invenientes
647 4371 701 4427 in
749 4385 857 4437 me,
898 4369 1181 4426 absolvere
1209 4368 1477 4424 volebant.
1522 4368 1736 4424 Etcum
1765 4368 1857 4424 de-

264 4463 505 4522 buissent
533 4446 948 4535 “inihi-eripere,
978 4460 1316 4517 tradiderunt
1343 4461 1396 4515 in
1427 4475 1620 4515 manus
1656 4460 1858 4515 Roma-

264 4571 454 4611 norum
481 4574 504 4621 ;Α
530 4567 589 4612 et
623 4563 765 4631 tanta
794 4563 912 4609 erat
941 4554 1201 4609 libertatis
1229 4552 1576 4620 abundantia,
1610 4561 1667 4607 ut
1697 4553 1863 4608 etiam

265 4647 362 4716 ipsi
388 4648 762 4703 condemnare
791 4660 895 4698 non
923 4651 1167 4715 possent,
1217 4642 1312 4698 sed
1342 4644 1578 4698 vinctum
1623 4642 1859 4698 tradide-

265 4746 406 4794 runt.
455 4738 688 4795 Coactus
721 4753 854 4804 sum,
907 4737 1099 4807 inquit,
1145 4736 1407 4805 appellare
1436 4736 1722 4800 Ctesarem;
1760 4752 1859 4791 non

263 4833 406 4903 quasi
439 4832 662 4887 habeam
706 4831 769 4885 tle
805 4847 902 4897 quo
948 4839 1145 4901 gentem
1178 4844 1343 4882 meam
1383 4844 1648 4891 accusem;
1678 4827 1728 4882 id
1757 4837 1858 4895 est,

265 4941 369 4980 non
398 4933 458 4980 ut
488 4923 641 4979 mala
663 4923 783 4977 aliis
804 4921 1055 4988 inferam,
1079 4920 1176 4976 sed
1199 4928 1256 4975 ut
1276 4936 1364 4975 me
1390 4936 1420 4974 a
1444 4920 1596 4973 malis
1615 4921 1858 4987 liberem,

270 5016 371 5071 hoc
398 5015 530 5081 feci,
558 5029 659 5071 nec
686 5014 897 5077 lubens,
928 5011 1022 5067 sed
1050 5021 1288 5067 coactus.
1321 5010 1457 5065 Vide
1478 5011 1763 5065 verborum
1786 5010 1864 5064 la.

266 5108 641 5164 miliaritatem
666 5123 679 5161 :
705 5120 811 5160 non
839 5120 897 5161 se
925 5104 1181 5167 alienum,
1210 5101 1305 5157 sed
1346 5102 1620 5172 proprium
1655 5100 1761 5155 illis
1789 5099 1865 5155 fa-

265 5202 357 5265 cit,
380 5215 510 5253 cum
542 5195 697 5263 dicit,
730 5195 903 5250 Gentis
931 5209 1073 5250 mete.
1101 5194 1305 5249 Rursus
1331 5202 1507 5247 autem
1537 5193 1726 5262 dogma
1756 5192 1867 5249 dis-

244 5274 523 5369 iseminat.
546 5289 662 5345 Nec
689 5288 844 5355 dixit,
872 5304 979 5342 non
1005 5303 1231 5352 accuso;
1263 5286 1379 5350 sed,
1411 5286 1530 5340 Non
1554 5286 1710 5341 habeo
1730 5286 1866 5357 quod

268 5400 526 5449 accusem,
579 5381 682 5437 etsi
730 5389 836 5435 tam
882 5380 1062 5451 gravia
1106 5394 1317 5450 passus.
1349 5377 1488 5433 Nihil
1516 5393 1643 5448 ergo
1676 5380 1865 5433 horum

268 5476 413 5543 dicit,
446 5493 521 5534 ne
548 5489 817 5532 onerosus
839 5484 983 5530 esset
1013 5492 1026 5529 :
1055 5490 1229 5545 neque
1254 5474 1320 5527 ad
1347 5474 1571 5544 gratiam
1617 5474 1747 5544 ipsis
1779 5479 1866 5530 lo-

269 5572 358 5641 qui
383 5571 630 5627 videtur.
662 5568 791 5625 Ideo
812 5583 918 5624 non
949 5576 1134 5639 aperte
1158 5566 1417 5637 loquitur,
1446 5566 1540 5621 sed
1567 5566 1871 5624 subindicat

270 5671 479 5719 tantum
524 5670 589 5718 et
629 5660 996 5731 prmtercurrit
1022 5677 1036 5715 :
1066 5658 1168 5714 hoc
1205 5658 1349 5714 enim
1383 5658 1594 5714 interim
1624 5660 1870 5715 studebat

271 5755 593 5825 ostendere,
615 5753 759 5825 quod
784 5751 1042 5809 Romanis
1062 5750 1211 5807 illum
1237 5750 1472 5807 vinctum
1502 5750 1863 5807 tradidissent.

273 5846 350 5908 llli
376 5863 519 5907 vero
548 5861 674 5906 cum
712 5846 836 5905 illos
862 5844 1117 5903 damnare
1146 5852 1200 5903 et
1227 5857 1482 5902 accusare
1522 5843 1867 5914 oportuisset,

1206 401 1270 457 ΙΝ
1310 400 1486 456 ACTA
1526 391 2047 451 APOSTOLORUM.
2089 395 2317 449 HOMIL
2359 396 2467 449 LV.

3433 403 3537 457 ὕδει

1949 508 2124 576 potius
2152 508 2448 565 defendunt
2473 523 2567 565 eos
2593 528 2608 576 ;
2649 510 2743 565 sed
2778 525 2872 581 per
2899 527 2982 577 ea,
3012 513 3210 581 quibus
3235 518 3533 584 apologiant

1944 608 2256 663 contexunt,
2282 600 2427 669 ipsos
2452 611 2723 656 accusant.
2752 600 2947 656 Notum
2972 612 3046 656 est
3069 604 3233 665 nobis,
3264 604 3532 673 inquiunt,

1944 689 2082 756 quod
2104 690 2287 760 ubique
2311 693 2700 747 contradicitur.
2730 693 2836 749 Sed
2863 694 3073 749 etiamsi
3106 696 3209 751 hoc
3237 699 3533 769 contingat,

1946 789 2181 835 attamen
2211 782 2407 852 ubiqtte
2429 784 2669 840 creditis.
2703 785 2898 853 Quibus
2925 788 3226 855 exponebat,
3274 789 3464 861 inquit,
3506 809 3539 844 a

1947 869 2057 940 lege
2080 880 2128 924 et
2154 873 2432 941 prapltetis.
2464 874 2597 929 Vide
2624 890 2811 932 rursus
2833 876 2984 931 illum
3010 894 3117 933 non
3150 895 3177 931 a
3219 881 3407 950 signis,
3441 882 3536 937 scd

1947 975 1978 1013 a
2004 961 2122 1031 lege
2168 972 2222 1017 et
2262 965 2536 1034 prophetis
2578 982 2640 1022 os
2684 968 2793 1024 illis
2831 969 3101 1036 obturare,
3130 982 3185 1026 et
3208 972 3406 1042 ubique
3430 974 3535 1029 hoc

1947 1065 2129 1121 agere,
2171 1054 2270 1109 etsi
2303 1054 2489 1111 liceret
2527 1057 2678 1126 signa
2726 1056 2939 1125 facere;
2988 1059 3084 1116 sed
3129 1060 3386 1132 deinceps
3429 1079 3536 1119 non

1950 1144 2073 1200 lidei
2118 1162 2204 1202 res
2243 1147 2431 1203 fuisset
2461 1164 2475 1202 :
2509 1164 2759 1220 magnum
2799 1153 2941 1207 enim
2972 1163 3089 1208 erat
3126 1154 3337 1226 signum
3364 1173 3393 1210 a
3423 1157 3538 1227 lege

1948 1245 2003 1290 et
2027 1236 2303 1307 prophetis
2333 1238 2621 1295 disserere.
2656 1241 2886 1309 Deinde,
2929 1259 2997 1299 ne
3024 1254 3175 1315 putes
3201 1262 3313 1302 rem
3342 1264 3534 1303 novam

1950 1343 2091 1397 esse,
2138 1331 2280 1401 quod
2319 1332 2396 1387 illi
2433 1334 2695 1389 increduli
2723 1348 3023 1402 manerent,
3061 1340 3269 1396 inducit
3299 1343 3533 1414 prophe-

1953 1419 2080 1474 tiam
2108 1420 2375 1478 dicentem
2406 1440 2420 1479 :
2451 1424 2589 1480 Aure
2612 1426 2850 1492 audietis,
2875 1437 2923 1482 et
2948 1445 3049 1483 non
3071 1431 3399 1504 intelligetis;
3418 1451 3534 1491 ma-

1949 1512 2031 1582 gis
2054 1528 2217 1579 nune,
2246 1514 2442 1585 inquit,
2470 1531 2630 1587 quam
2665 1527 2791 1574 tunc
2818 1537 2832 1573 :
2862 1529 2909 1574 et
2938 1521 3187 1589 videbitis,
3217 1535 3264 1578 et
3289 1542 3392 1580 nou
3422 1544 3536 1595 per-

1950 1603 2189 1672 cipietis;
2219 1606 2389 1675 magis
2414 1622 2562 1662 nunc
2596 1624 2754 1678 quam
2805 1619 2954 1666 tunc.
2995 1611 3195 1669 Contra
3231 1615 3539 1674 incredulos

1951 1693 2073 1748 illos
2096 1694 2212 1750 haec
2245 1696 2388 1752 dicta
2417 1697 2653 1768 fuerant,
2695 1716 2815 1771 quae
2840 1718 2947 1758 non
2970 1704 3324 1763 conviciantis
3358 1719 3531 1771 erant.

1950 1786 2044 1842 sed
2071 1786 2452 1845 offendiculum
2484 1791 2741 1848 tollentis.
2783 1794 2980 1850 Notum
3007 1814 3126 1868 ergo
3150 1800 3217 1853 sit
3254 1800 3413 1866 vobis,
3451 1804 3535 1857 iit-

1949 1881 2084 1949 quit,
2111 1881 2246 1949 quod
2274 1883 2328 1936 in
2362 1893 2534 1953 gentes
2574 1887 2789 1940 missum
2826 1899 2899 1942 est
2939 1890 3163 1944 salutare
3196 1891 3292 1945 Dei
3320 1909 3339 1946 :
3364 1896 3452 1964 qui
3491 1906 3539 1949 et

1929 1974 2176 2028 audient.
2204 1972 2311 2029 Cur
2336 1991 2465 2047 ergo
2493 1978 2647 2033 nobis
2675 1978 2952 2049 loqueris?
2981 1997 3049 2036 an
3082 1983 3196 2039 haec
3223 1986 3538 2041 nesciebas?

1950 2065 2146 2132 Etiam,
2174 2066 2269 2120 sed
2296 2076 2351 2121 ut
2373 2067 2606 2123 credatis
2636 2071 2899 2126 rationem
2928 2072 3094 2127 reddo
3113 2115 3128 2140 ,
3171 2083 3227 2129 et
3255 2084 3312 2129 ut
3339 2078 3537 2132 nemini

1950 2155 2071 2211 dem
2098 2171 2304 2211 ansam.
2350 2157 2563 2227 Mansit,
2609 2161 2799 2232 inquit,
2837 2162 3036 2219 Paulus
3065 2174 3169 2219 toto
3195 2167 3416 2236 biennio,
3446 2170 3539 2224 do—

1949 2262 2066 2301 cens
2085 2263 2200 2301 cum
2228 2250 2367 2303 omni
2389 2250 2613 2318 ﬁducia,
2659 2254 2860 2308 nemine
2895 2257 3207 2325 prohibente.
3251 2260 3396 2317 Bene
3436 2262 3540 2318 hoc

1950 2338 2196 2395 addidit:
2228 2342 2491 2414 contingit
2519 2346 2662 2400 enim
2700 2346 2987 2416 aliquando
3022 2350 3193 2407 libere
3228 2353 3534 2424 loquentem

1950 2431 2244 2501 prohiberi.
2286 2432 2555 2489 Fiduciam
2583 2452 2711 2505 ergo
2739 2437 2885 2492 Pauli
2914 2439 3048 2493 nihil
3079 2442 3391 2510 prohibuit,
3441 2447 3535 2501 sed

1951 2524 2110 2577 etiam
2137 2523 2351 2579 nemine
2379 2525 2695 2594 prohibente
2720 2527 2874 2583 dixit.
2904 2529 3096 2586 Mansit
3116 2543 3285 2589 autem
3311 2534 3532 2604 Paulus,

1950 2613 2142 2683 inquit,
2181 2614 2379 2671 biennio
2418 2625 2522 2671 toto
2562 2618 2616 2672 in
2656 2621 2864 2688 proprio
2892 2622 3179 2691 conducto;
3210 2626 3280 2681 ita
3310 2639 3425 2683 erat
3450 2644 3538 2686 se—

1950 2704 2144 2771 dulus;
2184 2706 2293 2761 imo
2318 2708 2391 2762 ita
2423 2710 2733 2779 magistrum
2760 2728 2917 2768 suum
2952 2714 3264 2771 imitabatur
3284 2719 3337 2773 in
3363 2722 3539 2777 omni-

1949 2797 2072 2865 bus,
2101 2807 2159 2853 ut
2182 2798 2344 2854 etiam
2368 2800 2699 2857 domicilium
2723 2802 2946 2861 haberet
2970 2821 3076 2862 non
3096 2823 3163 2864 ex
3182 2810 3373 2868 alienis
3397 2813 3541 2870 labo-

1950 2890 2130 2956 ribus,
2180 2892 2276 2948 sed
2318 2908 2387 2948 ex
2428 2894 2583 2950 suis:
2616 2895 2721 2951 hoc
2758 2898 2900 2952 enim
2948 2899 3212 2971 signiﬁcat
3256 2903 3419 2972 illud,
3470 2907 3538 2962 In

1950 2984 2160 3053 proprio
2201 2985 2471 3043 conducto.
2503 2985 2658 3055 Quod
2681 2997 2859 3045 autem
2897 2990 3154 3050 Dominus
3178 3011 3390 3067 quoque
3417 3000 3538 3055 nul-

1951 3073 2056 3128 lam
2096 3074 2317 3133 haberet
2350 3077 2567 3133 domum
2589 3120 2606 3147 ,
2635 3081 2762 3136 audi
2794 3081 2944 3138 illum
2975 3094 3120 3141 recte
3146 3086 3414 3145 dicentem
3447 3093 3497 3147 ei
3519 3136 3536 3162 ,

1950 3170 2043 3239 qui
2070 3170 2173 3226 sibi
2197 3170 2414 3228 dixerat
2444 3190 2458 3226 :
2483 3173 2683 3244 Sequar
2711 3183 2780 3240 te,
2810 3192 3126 3248 quocumque
3150 3180 3269 3236 ieris
3295 3198 3317 3237 :
3349 3182 3540 3254 Vulpes

1952 3265 2122 3333 foveas
2151 3263 2357 3329 habent,
2384 3274 2433 3319 et
2463 3267 2688 3320 volucres
2715 3266 2827 3321 caeli
2849 3268 3033 3334 nidos;
3063 3269 3233 3327 Filius
3260 3284 3428 3329 autent
3456 3276 3543 3333 Ito-

1951 3357 2103 3411 minis
2139 3372 2244 3411 non
2279 3357 2450 3426 habet,
2493 3358 2578 3413 ubi
2608 3370 2764 3427 caput
2802 3377 2952 3416 suum
2989 3365 3197 3419 reclinet
3243 3365 3453 3438 (Matth.
3482 3370 3539 3426 8.

1951 3448 2068 3520 20).
2099 3449 2189 3506 Sic
2220 3465 2316 3520 per
2340 3465 2400 3507 se
2425 3451 2608 3507 docuit
2634 3452 2765 3508 nihil
2794 3469 2916 3510 esse
2942 3456 3346 3526 possidendum,
3369 3476 3542 3533 neque

1952 3541 2111 3597 rebus
2137 3543 2367 3599 terrenis
2392 3544 2702 3600 lizrrendum
2733 3560 2873 3601 esse.
2907 3546 2976 3601 Et
3000 3550 3303 3619 excipiebat,
3334 3553 3539 3623 inquit,

1955 3631 2204 3688 venientes
2229 3633 2297 3686 ad
2322 3649 2396 3698 se,
2426 3635 2709 3704 praedicans
2729 3652 2941 3707 regnum
2964 3636 3082 3692 Dei.
3129 3638 3261 3695 Vide
3287 3642 3433 3697 illum
3462 3645 3542 3699 ni-

1957 3723 2030 3778 hil
2051 3724 2120 3780 de
2146 3725 2527 3793 prresentibus.
2575 3726 2669 3781 sed
2709 3729 2885 3781 omnia
2908 3728 2978 3784 de
3003 3744 3170 3801 regno
3198 3732 3291 3789 Dei
3317 3733 3539 3804 loquen-

1957 3822 2085 3870 tem.
2128 3814 2313 3871 Viden‘
2342 3816 2434 3870 Dei
2462 3816 2887 3884 providentiam?
2929 3819 3026 3876 Hic
3068 3836 3373 3879 sermonem
3403 3827 3543 3883 sistit

1956 3915 2143 3961 auctor
2170 3906 2325 3972 libri,
2353 3921 2417 3961 ac
2445 3907 2700 3977 relinquit
2743 3909 3041 3967 auditonem
3075 3914 3365 3980 sitientem,
3395 3926 3547 3974 ut-ox.

1959 3999 2140 4069 seipse
2169 3999 2817 4070 deincepsratiocinetur.
2867 4004 2977 4059 [loc
3005 4015 3060 4061 et
3090 4008 3266 4063 exteri
3296 4008 3497 4067 iaciunt
3526 4034 3539 4071 .-

1960 4107 2084 4147 nam
2132 4094 2312 4148 omnia
2358 4093 2521 4160 scire,
2570 4094 2816 4165 ignavum
2854 4105 2911 4153 et
2952 4099 3307 4170 negligentem
3347 4103 3541 4157 reddit.

1958 4182 2072 4238 Hoc
2104 4193 2283 4240 autem
2325 4182 2470 4251 facit,
2520 4195 2575 4239 et
2616 4202 2734 4256 quae
2779 4197 3002 4258 sequuta
3027 4199 3171 4255 sunt,
3204 4207 3308 4246 non
3342 4204 3543 4259 narrat,

1954 4276 2285 4346 superﬂuum
2329 4276 2379 4331 id
2431 4286 2623 4347 putans
2668 4278 2766 4342 iis,
2804 4281 2892 4347 qui
2918 4295 2982 4336 ea
3022 4297 3142 4352 quae
3171 4285 3368 4353 scripta
3394 4296 3549 4341 erant

1961 4368 2217 4438 legerent,
2243 4377 2298 4423 et
2323 4368 2446 4423 hinc
2476 4369 2779 4425 ediscerent
2805 4385 2924 4441 qua:
2945 4370 3028 4427 his
3049 4372 3311 4430 adderent
3343 4393 3357 4429 :
3391 4377 3565 4446 plano

1958 4459 2101 4512 enim
2122 4460 2296 4530 qualia
2315 4460 2515 4529 priora,
2551 4460 2674 4516 talia
2700 4478 2819 4531 qua:
2842 4472 2963 4532 post
2982 4474 3205 4534 sequuta
3236 4476 3380 4523 sunt.
3408 4470 3562 4528 Audi.

1959 4565 2089 4605 vero
2113 4552 2288 4621 qualia
2311 4560 2495 4620 postea
2522 4552 2764 4608 scribens
2793 4554 2871 4615 ad.
2890 4555 3177 4621 Romanos,
3208 4558 3350 4617 dicat
3382 4579 3395 4615 :
3422 4560 3548 4615 Cum

1962 4644 2257 4715 proﬁciscar
2275 4644 2329 4699 in
2348 4643 2684 4715 Hispaniam,
2707 4648 2901 4701 veniam
2928 4648 2996 4701 ad
3016 4666 3100 4703 vos
3127 4649 3301 4722 (Rom.
3334 4653 3544 4721 15.24).

2032 4736 2086 4791 5.
2119 4733 2307 4791 Viden'
2337 4737 2604 4805 quomodo
2624 4738 2803 4792 omnia
2832 4739 3131 4808 przevideat
3164 4756 3375 4797 sacrum
3417 4745 3545 4800 illud

1962 4835 2016 4883 et
2042 4826 2280 4883 divinum
2329 4837 2491 4897 caput
2516 4869 2530 4892 ,
2581 4827 2671 4883 ille
2702 4830 2788 4898 qui
2811 4829 3043 4883 animam
3075 4830 3235 4886 habet
3264 4835 3439 4887 oumia
3471 4834 3544 4887 si-

1963 4920 2072 4975 mttl
2101 4921 2576 4990 complectentem,
2596 4919 2684 4989 qui
2714 4923 2913 4989 primas
2938 4930 3115 4990 partes
3136 4934 3382 4995 occupat,
3416 4924 3557 4979 Pau—

1965 5013 2087 5067 lus?
2107 5012 2260 5082 cujus
2287 5012 2459 5067 solum
2483 5026 2676 5067 nomen
2706 5012 2998 5069 scientibus
3021 5013 3218 5070 sufﬁcit
3234 5016 3298 5070 ad
3315 5018 3546 5073 animam

1964 5102 2320 5167 excitandam,
2339 5102 2403 5155 ad
2432 5100 2776 5172 vigilantiam,
2810 5102 2876 5155 ad
2893 5117 3139 5157 somnum
3171 5107 3547 5163 excutiendum

1967 5211 2204 5254 omnem.
2236 5197 2458 5265 Excepit
2480 5195 2631 5249 illum
2664 5195 2828 5249 [lunia
2858 5196 3113 5263 vinctum,
3145 5214 3212 5253 ex
3234 5201 3441 5255 marino
3470 5202 3557 5257 iti-

1972 5305 2102 5344 nere
2127 5289 2275 5343 littus
2302 5295 2603 5356 tangentem
2627 5327 2643 5353 ,
2674 5301 2705 5341 a
2732 5285 3008 5357 naufragio
3036 5299 3338 5358 servatum,
3384 5302 3439 5347 et
3488 5294 3553 5347 li~

1968 5381 2151 5437 berata
2196 5388 2281 5434 est
2313 5394 2345 5432 a
2379 5377 2656 5449 naufragio
2690 5379 2909 5433 erroris.
2958 5378 3109 5435 Sicut
3139 5381 3282 5435 enim
3317 5398 3409 5438 tcx
3438 5370 3575 5452 post’

1970 5474 2213 5529 navalem
2256 5486 2485 5543 pugnam
2526 5482 2581 5526 et
2613 5472 2928 5538 victoriam,
2962 5472 3014 5527 in
3041 5474 3374 5543 splendidam
3415 5476 3559 5530 illan“

1972 5566 2276 5635 regiamque
2307 5563 2494 5618 urbem
2523 5562 2797 5632 ingressus
2824 5573 2925 5619 est.
2957 5564 3033 5620 De
3053 5564 3137 5619 his
3156 5563 3436 5629 scribens,
3474 5568 3555 5621 di-

1973 5658 2168 5714 cebat:
2203 5655 2442 5721 Veniam,
2474 5662 2525 5710 et
2556 5654 2827 5710 vobiscum
2856 5655 3124 5725 quiescam
3156 5656 3208 5709 in
3241 5657 3559 5727 plenitudine

1977 5750 2332 5807 benedictionis
2355 5740 2620 5820 Evangelii
2665 5746 2862 5821 (Rom.
2910 5747 2995 5801 15.
3037 5746 3183 5819 29);
3227 5759 3281 5805 et
3336 5766 3554 5817 rursus,

1980 5844 2057 5899 Eo
2085 5842 2461 5898 ministrntttrus
2491 5840 2541 5895 in
2569 5838 2853 5894 Jerusalem
2890 5837 3014 5911 (Id.
3050 5855 3098 5893 υ.
3137 5833 3259 5905 25).
3304 5839 3414 5895 lloc
3448 5851 3557 5905 est,
