3950 6434
460 397 561 452 585

443 501 586 573 quod
606 497 817 554 dicebat
845 515 858 552 :
894 496 1254 565 Eleemosynas
1284 497 1511 563 {acturus
1539 489 1675 559 genti
1706 502 1852 552 mete,
1874 490 2030 541 adve—

446 596 499 648 ni
523 594 543 664 (
565 595 680 650 Act.
713 591 805 646 24.
832 591 897 644 17
926 589 966 658 ).
990 587 1108 642 iam
1138 599 1301 656 prope
1319 593 1435 639 erat
1454 592 1514 638 ut
1540 595 1794 638 coronam
1823 579 2035 650 accipe-

445 697 568 744 ret:
602 684 812 750 excepit
829 683 975 736 illum
993 681 1164 735 Roma
1188 679 1445 742 vinctum,
1463 675 1702 744 viditque
1715 681 2031 729 coronatum

445 791 498 836 ct
529 780 940 851 proclamatum.
988 774 1101 829 Illic
1137 765 1402 825 Vobiscum
1447 769 1698 837 quiescam
1721 765 1909 836 (Rom.
1943 764 2029 818 15.

445 873 516 926 ’52
542 875 584 942 ),
603 869 795 940 inquit.
819 866 999 922 lsthuc
1027 863 1185 927 vado,
1211 859 1609 914 ministraturus
1635 858 1687 912 in
1710 857 2027 912 Jerusalem.

446 965 558 1018 lloc
582 971 760 1017 autem
790 959 997 1013 initium
1018 969 1208 1010 cursus
1237 953 1431 1008 iterum
1453 961 1589 1016 erat,
1614 960 1669 1004 et
1694 961 1896 1019 tropaea
1925 956 2035 1000 tro-

445 1054 575 1124 paris
621 1051 881 1114 addebat,
928 1045 1352 1116 inexpugnabilis
1401 1059 1522 1097 cum
1552 1049 1716 1096 esset.
1745 1037 2034 1094 Corinthus

447 1147 596 1200 illum
625 1142 851 1198 detinuit
876 1139 1087 1194 duobus
1116 1137 1292 1202 annis,
1324 1136 1448 1190 Asia
1480 1135 1671 1199 tribus,
1697 1132 1864 1186 Roma
1896 1130 2033 1184 duo-

444 1237 545 1290 bus
567 1275 584 1301 ,
629 1248 736 1304 quo
781 1231 1019 1287 secundo
1050 1229 1230 1292 venit,
1257 1226 1472 1296 quando
1501 1232 1904 1279 consummatus
1929 1231 2031 1276 est.

444 1327 512 1382 In
539 1327 710 1396 prima
747 1340 860 1378 mea
896 1322 1188 1390 defensione
1210 1361 1224 1384 ,
1257 1320 1464 1389 inquit,
1498 1318 1671 1372 nullus
1701 1315 1824 1374 milii
1861 1314 2035 1368 aderat

443 1419 535 1488 (2.
583 1416 718 1471 Tim.
767 1415 822 1470 4.
865 1415 933 1469 16
957 1415 1003 1483 ).
1047 1411 1138 1466 Sic
1177 1425 1319 1466 nunc
1363 1408 1578 1479 eﬂ‘ugit,
1611 1417 1666 1462 et
1703 1422 1826 1462 cum
1865 1415 2032 1459 totum

446 1509 728 1580 implesset
753 1506 971 1572 orbem,
1001 1504 1079 1559 sic
1103 1503 1265 1558 vitam
1315 1499 1508 1556 ﬁnivit.
1543 1497 1683 1566 Quid
1711 1496 1926 1551 volebas
1953 1496 2036 1551 di-

447 1617 601 1658 scere
651 1615 771 1672 quae
823 1596 1159 1670 sequuntur?
1198 1594 1347 1654 Talia
1388 1601 1545 1657 sunt,
1592 1589 1766 1660 qualia
1814 1589 2032 1658 priora:

447 1694 683 1760 vincula,
714 1701 1001 1758 tormenta,
1032 1703 1223 1759 pugnas
1245 1727 1260 1752 ,
1291 1699 1536 1741 carceres
1556 1724 1572 1751 ,
1601 1682 1809 1737 insidiae
1832 1721 1848 1748 ,
1874 1695 2035 1751 syco-

448 1785 717 1855 phantias,
761 1782 1085 1854 quotidiana:
1134 1786 1357 1838 mortes.
1392 1775 1582 1831 Vidisti
1631 1774 1773 1829 illius
1819 1787 2034 1842 parvam

451 1875 702 1946 partem?
730 1875 820 1931 Sic
847 1874 1050 1944 cogites
1077 1871 1281 1940 reliqua
1310 1884 1370 1924 se
1399 1867 1614 1922 habere.
1641 1864 1794 1921 Sicut
1821 1865 1877 1920 in
1903 1864 2035 1918 cazlo

453 1981 846 2042 quamcumque
864 1964 1066 2021 videris
1095 1969 1324 2033 partem,
1355 1959 1486 2016 tales
1512 1968 1637 2013 sunt
1662 1957 1784 2011 aliae
1810 1966 1989 2026 partes
2015 1970 2030 2019 ;

449 2062 495 2116 si
540 2060 684 2114 enim
723 2057 842 2112 cazli
870 2069 1030 2111 unam
1080 2062 1282 2124 partem
1333 2050 1534 2117 videas,
1567 2061 1903 2118 quocumque
1959 2046 2034 2099 ie-

452 2151 550 2217 ris,
593 2139 919 2206 tantumdem
964 2145 1169 2200 videbis
1195 2162 1208 2198 :
1255 2143 1340 2197 vel
1370 2142 1509 2197 sicut
1537 2139 1666 2194 solis
1693 2138 1872 2193 radios
1898 2137 1942 2190 si
1968 2150 2034 2192 ex

449 2252 602 2314 parte
627 2241 845 2306 videris,
880 2241 1002 2295 hinc
1025 2238 1254 2306 conjicis
1274 2235 1448 2305 qualis
1474 2234 1556 2288 sol
1577 2235 1646 2287 sit
1671 2250 1684 2285 :
1708 2232 1785 2285 sic
1805 2231 1872 2285 de
1896 2229 2033 2282 Pau-

448 2339 503 2392 lo
544 2335 853 2394 dicendum.
903 2333 1034 2402 Ejus
1081 2341 1198 2384 acta
1231 2325 1425 2399 p'artint
1465 2327 1642 2381 vidisti
1675 2341 1690 2379 :
1721 2324 1901 2381 omnia
1932 2322 2036 2376 alia

447 2428 642 2483 similia
668 2435 832 2491 sunt,
860 2423 1110 2494 periculis
1151 2422 1327 2491 plena.
1365 2420 1456 2474 Ille
1479 2418 1666 2473 caelum
1705 2427 1822 2472 erat
1866 2415 2034 2470 solem

448 2518 668 2590 justitize
695 2516 920 2580 habens,
944 2529 1052 2569 non
1077 2514 1352 2583 vulgarem
1377 2512 1561 2576 illum;
1590 2519 1750 2578 atque
1775 2510 1908 2564 adeo
1927 2524 2034 2563 ca:-

448 2611 503 2670 lo
530 2610 720 2666 melior
746 2608 828 2670 vir
859 2607 948 2664 ille
970 2614 1104 2663 erat.
1133 2609 1214 2659 An
1240 2604 1343 2660 hoc
1367 2619 1552 2674 parum
1571 2617 1692 2659 esse
1713 2601 1901 2672 putas?
1923 2603 2037 2672 Ego

449 2701 664 2772 quidem
694 2714 800 2754 non
819 2698 1089 2754 existimo.
1110 2697 1243 2752 Cum
1263 2696 1576 2766 Aposmlum
1604 2693 1826 2760 dixeris,
1855 2695 2036 2747 statim

449 2796 599 2851 illum
625 2808 816 2850 omnes
835 2791 1177 2863 cogitabant;
1213 2799 1270 2844 ut
1289 2805 1412 2845 cum
1440 2787 1730 2857 Baptistam
1748 2787 1904 2852 dicis,
1929 2794 2036 2841 sta-

451 2889 546 2945 tim
576 2887 813 2944 Joannes
836 2885 1116 2953 cogitatur.
1151 2882 1250 2937 Cui
1272 2881 1349 2936 rei
1377 2881 1498 2950 quis
1524 2879 1668 2934 illius
1695 2879 1860 2933 verba
1889 2891 2039 2932 com-

450 2978 754 3048 paraverit?
781 2976 953 3043 mari,
983 2990 1053 3030 an
1083 2974 1330 3031 Oceano?
1356 2972 1463 3029 Sed
1504 2971 1635 3026 nihil
1677 2985 1771 3041 par
1800 2970 1905 3025 illis
1932 2978 2035 3030 est.

454 3071 622 3140 llujus
644 3068 816 3122 ﬁuxus
841 3067 996 3136 longe
1019 3075 1144 3122 sunt
1166 3065 1388 3120 marinis
1417 3063 1826 3133 frequentiores,
1853 3062 2037 3132 purio-

449 3176 539 3221 res
563 3202 578 3226 ,
605 3158 1016 3229 profundiores;
1061 3167 1120 3211 ut
1148 3171 1254 3210 non
1288 3156 1620 3210 aberraverit
1647 3155 1738 3224 qui
1763 3169 1856 3210 cor
1886 3153 2037 3208 Pauli

453 3269 600 3309 mare
643 3263 699 3308 et
731 3253 921 3307 caelum
959 3264 1079 3306 esse
1123 3250 1316 3305 dixerit
1346 3266 1360 3305 :
1390 3249 1582 3304 caelum
1617 3250 1687 3305 ob
1714 3250 1997 3318 puritatem
2020 3287 2034 3313 ,

453 3358 603 3399 mare
629 3345 698 3401 ob
724 3342 1162 3414 profunditatem.
1194 3340 1340 3397 Mare
1360 3349 1464 3406 est,
1490 3355 1597 3396 non
1619 3340 1760 3410 quod
1787 3341 2033 3410 navigan-

453 3446 534 3492 tcs
557 3435 624 3490 ab
651 3435 784 3490 urbe
811 3434 863 3487 in
894 3432 1080 3489 urbem
1108 3431 1288 3499 ducat,
1317 3431 1412 3486 sed
1433 3446 1464 3484 a
1495 3441 1634 3486 terra
1659 3432 1713 3486 in
1735 3431 1958 3487 czelum:
1991 3432 2039 3486 si

452 3527 574 3596 quis
615 3525 715 3581 hoc
760 3539 911 3579 mare
945 3525 1194 3593 naviget,
1225 3522 1458 3580 secunda
1499 3537 1631 3580 aura
1658 3523 1949 3594 navigabit.
1977 3524 2038 3579 ln

456 3619 559 3673 hoc
585 3617 719 3677 mari
749 3631 856 3673 non
884 3617 1028 3672 venti
1055 3625 1199 3682 sunt,
1227 3615 1323 3671 sed
1361 3616 1479 3670 vice
1524 3616 1666 3673 venti
1693 3615 1925 3686 Spiritus
1953 3617 2038 3673 di.

457 3711 617 3765 vinus
640 3719 696 3765 et
739 3717 958 3767 sanctus
985 3709 1294 3779 navigantes
1323 3708 1530 3762 animas
1553 3708 1701 3764 vehit
1729 3725 1743 3761 :
1780 3724 1887 3764 non
1915 3718 2039 3766 sunt

457 3803 548 3858 hic
592 3801 803 3867 ﬂuctus,
851 3817 957 3856 non
998 3809 1081 3857 est
1123 3802 1402 3871 scopulus,
1443 3817 1549 3856 non
1588 3801 1820 3858 belluas:
1860 3803 2038 3858 omnia

454 3895 739 3965 tranquilla
767 3903 911 3950 sunt.
940 3893 1084 3949 Mare
1114 3903 1198 3949 est
1227 3902 1382 3963 portu
1406 3894 1746 3965 tranquillius
1769 3905 1822 3950 et
1847 3897 2034 3966 tutius,

456 3987 592 4043 nihil
616 3987 818 4046 salsum
850 3986 1076 4055 habens,
1106 3986 1200 4042 sed
1223 3986 1425 4042 fontem
1449 4002 1665 4058 purum,
1697 3987 2038 4044 dulcissimos

457 4080 642 4138 latices
689 4081 1047 4148 emittentem,
1095 4079 1209 4136 sole
1233 4079 1568 4150 splendidius
1595 4089 1650 4137 et
1681 4078 2032 4151 pcllucidius'

1154 387 1212 444 S.
1250 384 1538 442 JOANNIS
1573 383 2073 439 CHRYSOS'I‘OMI
2107 384 2427 436 ARLlllbl’.
2465 381 3015 438 CONS'IANTINOP.

3597 385 3693 438 584

2135 505 2281 546 mare
2307 499 2423 554 est,
2459 504 2566 544 non
2593 489 2798 559 lapides
2826 489 3032 544 habens
3060 490 3356 559 pretiosos,
3385 505 3486 545 nec
3511 505 3714 560 purpu-

2132 588 2246 627 ram
2275 615 2292 640 ,
2320 576 2415 631 sed
2445 577 2604 648 longe
2633 578 2716 634 bis
2739 578 2986 634 meliora.
3021 579 3118 647 Qui
3145 581 3262 635 vult
3287 582 3340 635 in
3363 580 3467 634 hoc
3497 581 3717 650 pelagus

2131 663 2477 732 descendere,
2525 683 2632 724 non
2653 683 2788 738 opus
2826 670 2988 726 habet
3021 671 3383 727 urinatoribus
3428 672 3512 726 vel
3559 671 3715 739 oleo,

2130 757 2223 813 sed
2247 759 2584 830 philosophia
2613 763 2778 817 multa
2810 780 2823 816 :
2856 763 3092 818 inveniet
3119 763 3173 816 in
3196 763 3312 832 ipso
3339 765 3520 818 omnia
3553 763 3714 826 bona,

2129 864 2248 918 qua:
2267 860 2392 904 sunt
2421 851 2472 906 in
2501 867 2668 922 regno
2694 853 2971 908 caelorum.
2998 854 3100 920 Qui
3124 853 3243 909 talis
3270 865 3375 921 est,
3398 855 3600 925 poterit
3624 869 3715 908 rex

2129 959 2250 998 esse
2270 985 2284 1008 ,
2308 955 2362 1000 et
2392 955 2560 1000 totum
2587 947 2847 1001 mundum
2865 947 3112 1016 accipere
3129 987 3144 1013 ,
3175 962 3402 1019 esseque
3430 949 3483 1002 in
3511 947 3718 1002 honore

2129 1035 2364 1089 maximo
2409 1036 2526 1108 (a):
2573 1038 2665 1107 qtti
2711 1039 2763 1092 in
2810 1038 2913 1093 hoc
2951 1039 3088 1093 mari
3135 1039 3381 1109 navigat,
3424 1053 3714 1108 numquam

2129 1126 2460 1198 naufragium
2510 1129 2703 1197 faciet,
2735 1129 2832 1184 sed
2860 1128 3039 1184 omnia
3065 1129 3203 1186 bene
3222 1130 3379 1184 sciet.
3412 1129 3614 1186 Verum
3639 1132 3715 1186 si—

2129 1229 2220 1274 cut
2242 1220 2298 1285 ii,
2330 1219 2420 1290 qui
2451 1221 2504 1273 in
2533 1220 2634 1275 hoc
2662 1221 2797 1274 mari
2827 1221 3098 1290 navigant,
3123 1221 3171 1276 si
3201 1219 3434 1291 imperiti
3455 1221 3586 1287 sint,
3608 1221 3716 1277 suf-

2129 1313 2413 1368 focantur:
2463 1315 2541 1368 sic
2569 1322 2625 1369 et
2650 1313 2703 1368 in
2729 1313 2817 1367 illo
2847 1314 2980 1367 mari
3014 1330 3028 1367 :
3071 1313 3124 1368 id
3146 1312 3288 1383 quod
3315 1312 3510 1369 accidit
3541 1314 3716 1368 luere-

2131 1406 2252 1460 ticis
2274 1445 2289 1472 ,
2323 1405 2412 1474 qui
2444 1406 2560 1474 plus
2579 1420 2738 1475 quam
2767 1405 2940 1460 ferant
2961 1405 3106 1460 vires
3130 1446 3145 1471 ,
3178 1413 3464 1460 attentarit.
3494 1405 3714 1475 Oportet

2130 1513 2257 1568 ergo
2274 1499 2687 1567 profunditatem
2717 1498 2834 1567 ejus
2859 1499 3021 1563 scire,
3050 1499 3134 1553 vel
3161 1513 3268 1553 non
3299 1507 3588 1554 attentare.
3615 1498 3714 1552 Na-

2129 1591 2355 1660 vigaturi
2379 1605 2509 1660 ergo
2537 1591 2638 1645 hoc
2669 1590 2921 1660 pelagus,
2952 1590 3089 1645 bene
3113 1591 3338 1646 accincti
3366 1590 3557 1644 simus.
3595 1589 3714 1646 Non

2131 1685 2292 1754 potui,
2322 1685 2514 1755 inquit,
2543 1685 2682 1739 vobis
2706 1684 2844 1754 loqui
2872 1693 2925 1736 ut
2945 1684 3315 1760 spirituafibus,
3346 1684 3436 1738 sed
3459 1694 3514 1737 ut
3545 1699 3716 1738 carna-

2132 1775 2262 1830 libus
2291 1775 2310 1845 (
2343 1777 2392 1830 1.
2423 1775 2540 1830 Cor.
2575 1777 2630 1831 5.
2656 1777 2682 1831 1
2713 1777 2754 1845 ).
2786 1776 2975 1830 Nulltts
3006 1775 3290 1844 impatiens
3315 1775 3366 1829 in
3396 1775 3498 1830 hoc
3528 1775 3715 1845 pelago

2130 1868 2361 1938 naviget.
2393 1868 2650 1923 Paremus
2673 1868 2832 1923 nobis
2862 1883 3059 1934 naves;
3092 1868 3143 1922 id
3167 1878 3270 1936 est,
3301 1867 3539 1922 studium
3559 1908 3577 1931 ,
3603 1869 3714 1922 ala-

2129 1959 2392 2024 critatem,
2422 1974 2628 2028 preces,
2648 1969 2706 2015 ut
2731 1975 2852 2015 cum
2879 1961 3058 2030 quiete
3079 1959 3206 2015 illud
3229 1960 3556 2030 trajiciamus
3576 1976 3589 2012 :
3612 1969 3716 2015 ete-

2131 2049 2367 2104 nimhacc
2387 2065 2520 2120 aqua
2539 2053 2726 2107 vivens
2755 2061 2856 2106 est.
2887 2053 2964 2106 Ac
2981 2051 3023 2106 si
3052 2052 3171 2121 quis
3193 2051 3472 2122 chalybem
3502 2052 3715 2121 igneum

2127 2144 2321 2212 capiat,
2354 2143 2430 2198 sic
2455 2144 2546 2212 qui
2578 2144 2800 2198 Paulum
2828 2144 2977 2198 novit
3001 2185 3016 2209 ,
3041 2152 3102 2198 ut
3129 2143 3355 2214 chalybs
3381 2142 3671 2197 roboratur
3697 2160 3710 2195 :

2129 2251 2191 2290 ac
2211 2237 2254 2290 si
2285 2237 2404 2306 quis
2425 2236 2658 2305 gladium
2681 2246 2897 2292 acutum
2923 2236 3135 2301 habeat,
3163 2238 3242 2292 sic
3267 2236 3390 2291 talis
3412 2236 3578 2291 homo
3598 2236 3714 2305 capi

2130 2345 2234 2384 non
2267 2331 2481 2398 poterit.
2522 2331 2695 2386 Etiam
2742 2332 2809 2386 ad
2845 2332 3186 2403 intelligenda
3219 2333 3368 2386 Pauli
3412 2347 3574 2387 sensa
3608 2333 3712 2388 vita

2115 2437 2258 2492 pura
2282 2433 2365 2477 est
2393 2439 2540 2492 opus.
2579 2423 2703 2478 Ideo
2723 2424 2935 2480 dicebat
2961 2443 2974 2478 :
2999 2424 3065 2477 In
3087 2425 3232 2478 lactis
3259 2425 3556 2478 necessitate
3575 2425 3708 2487 estis.

2128 2516 2248 2584 quia
2285 2515 2554 2569 imbecilles
2577 2515 2801 2593 _auribus
2828 2507 2962 2588 facti
2995 2517 3112 2571 estis
3146 2515 3167 2588 (
3193 2515 3350 2570 Hebr.
3376 2517 3431 2571 5.
3471 2515 3561 2570 12.
3597 2517 3709 2585 Η).

2132 2607 2226 2661 Est
2251 2608 2412 2672 enim,
2445 2616 2547 2674 est,
2569 2609 2806 2678 inquam,
2833 2608 3114 2663 inﬁrmitas
3139 2609 3371 2662 auditus.
3395 2607 3548 2663 Sicut
3572 2611 3709 2663 enim

2129 2698 2437 2754 stomachus
2466 2713 2626 2753 sanos
2655 2709 2712 2758 et
2740 2698 2974 2754 difﬁcilis
2999 2699 3261 2754 coctionis
3283 2699 3432 2754 cibos
3457 2713 3564 2753 non
3594 2714 3709 2756 sus-

2128 2792 2279 2862 cipit,
2305 2793 2350 2847 si
2377 2792 2447 2846 sit
2473 2793 2717 2847 inﬁrmus
2751 2810 2763 2844 :
2800 2794 2877 2847 sic
2903 2802 2959 2847 et
2983 2792 3159 2847 anima
3191 2800 3400 2848 tumens
3428 2801 3481 2847 et
3512 2792 3706 2858 inﬂata,

2129 2885 2339 2940 enervis
2368 2885 2505 2940 facta
2535 2894 2589 2939 et
2608 2886 2886 2952 dissoluta,
2914 2901 3021 2940 non
3055 2893 3229 2956 potest
3249 2885 3582 2954 spiritualem
3604 2899 3711 2941 ser-

2129 2991 2342 3032 monem
2361 2978 2622 3047 accipere.
2647 2978 2784 3032 Audi
2812 2977 3106 3047 discipulos
3132 2977 3373 3032 dicentes
3401 2995 3414 3029 :
3445 2975 3626 3031 Durus
3645 2987 3710 3031 est

2130 3070 2212 3124 hic
2239 3086 2440 3134 sermo;
2479 3071 2592 3141 quia
2617 3072 2800 3140 poterit
2839 3087 2954 3125 eum
2980 3070 3159 3124 audire
3188 3070 3209 3142 (
3231 3068 3387 3124 Joan.
3415 3069 3469 3124 6.
3497 3070 3564 3124 61
3596 3067 3707 3140 )?Si

2129 3175 2258 3216 vero
2308 3162 2458 3215 fortis
2502 3169 2558 3216 et
2601 3177 2729 3215 sana
2773 3162 2878 3229 sit,
2919 3162 3100 3216 omnia
3128 3161 3303 3227 levia,
3331 3162 3512 3216 omnia
3546 3161 3708 3215 facilia

2128 3263 2289 3321 sunt;
2316 3255 2581 3312 excelsior
2608 3255 2694 3308 illa
2721 3263 2776 3310 et
2805 3255 2976 3309 levior
2994 3255 3164 3324 magis
3188 3254 3433 3308 sublimis
3462 3253 3706 3319 efficitur,

2131 3357 2186 3402 et
2221 3347 2272 3400 in
2321 3347 2486 3400 altum
2524 3346 2744 3404 tollitur.
2782 3345 2910 3400 Haec
2953 3359 3082 3415 ergo
3101 3359 3221 3399 cum
3253 3344 3507 3408 sciamus,
3535 3357 3708 3397 sanam

2130 3441 2516 3495 constituamus
2545 3439 2780 3496 animam
2809 3447 3052 3494 nostram
3080 3454 3098 3493 :
3127 3439 3443 3496 aemulemur
3469 3437 3707 3503 Paulum,

2132 3532 2404 3586 imitemur
2443 3530 2634 3585 fortem
2664 3529 2807 3584 illam
2834 3539 2887 3584 et
2931 3529 3325 3583 adamantinam
3353 3529 3630 3593 animam;
3660 3536 3710 3584 ut

2131 3622 2247 3693 ejus
2272 3621 2395 3676 vitae
2423 3620 2646 3691 vestigia
2667 3629 2974 3691 sequentes,
3004 3619 3271 3690 possimus
3291 3619 3579 3690 praesentis
3599 3621 3708 3674 vita:

2130 3717 2353 3787 pelagus
2384 3715 2650 3785 trajicere,
2685 3723 2738 3769 et
2766 3713 2834 3769 ad
2867 3713 3210 3783 tranquillum
3239 3721 3451 3783 portum
3479 3712 3706 3782 appelle~

2132 3822 2190 3862 re
2215 3848 2231 3872 ,
2273 3822 2336 3860 ac
2376 3806 2638 3877 promissa
2682 3804 3023 3875 diligentibus
3065 3805 3232 3860 Deum
3259 3803 3395 3858 bona
3423 3805 3704 3872 consequi,

2131 3897 2299 3967 gratia
2341 3904 2395 3951 et
2436 3896 2766 3967 benignitate
2796 3895 3008 3950 Domini
3046 3894 3213 3950 nostri
3234 3893 3360 3949 Jesu
3386 3895 3605 3961 Christi,
3631 3894 3705 3949 cui

2130 3986 2301 4056 gloria
2329 3995 2384 4040 ct
2410 3986 2716 4058 imperium,
2734 4001 2877 4044 nunc
2891 3995 2945 4044 et
2973 4000 3207 4058 semper,
3229 3994 3286 4042 et
3309 3985 3363 4042 in
3395 3987 3590 4043 saecula
3613 3999 3705 4040 sa:-

2133 4075 2397 4143 culorum.
2425 4079 2615 4136 Amen.
