3950 6474
594 362 707 419 885
2031 350 2406 411 ΡιιΑειτΑτιο
3758 358 3861 416 δα

1673 729 2788 887 PBAEFATIO
2932 718 2939 724 ·

1975 1025 2087 1088 AD
2142 1026 2508 1089 HOMILIAS

1061 1241 1218 1354 IN
1306 1235 2202 1351 EPISTOLAM
2315 1238 2513 1350 AD
2624 1237 3403 1355 ROMANOS.

1912 1498 2596 1535 ψ

678 1723 826 1779 lnter
844 1722 1204 1794 elegantiores
1223 1730 1279 1779 et
1300 1720 1778 1793 prastantissimas
1807 1718 2178 1790 Chrysostomi
2209 1716 2502 1775 conciones
2527 1716 2777 1773 Homilite
2817 1718 2873 1773 in
2905 1717 3199 1788 Epistolam
3229 1720 3298 1776 ad
3324 1722 3607 1776 Romanos
3639 1737 3862 1777 censen-

608 1826 719 1873 tur.
775 1818 868 1873 llis
913 1819 1059 1872 enim
1109 1817 1419 1873 accuratius
1476 1815 1869 1871 concinnandis
1918 1830 2140 1885 operam
2195 1814 2353 1869 Dedit
2391 1813 2581 1868 doctor
2632 1820 2841 1876 noster,
2877 1812 3003 1882 quia
3046 1812 3100 1866 in
3138 1813 3241 1868 hac
3275 1814 3504 1885 epistola
3544 1831 3641 1870 sua
3682 1816 3869 1871 Paulus

607 1911 838 1965 obscura
897 1911 1305 1978 humanumque
1354 1910 1698 1965 ratiocinium
1751 1908 2135 1978 exsuperantia
2175 1909 2347 1962 multa
2389 1906 2774 1970 admiscuerat,
2807 1920 2928 1975 quae
2978 1906 3261 1978 ingenioso
3304 1923 3369 1963 ac
3426 1919 3656 1965 strenuo
3706 1910 3866 1965 inter-

607 2009 762 2072 prete
788 2018 924 2072 opus
951 2003 1174 2058 habent.
1207 2001 1555 2073 Explicandis
1583 2000 1796 2055 arcanis
1826 1999 1931 2053 illis
1961 1999 2253 2069 mysteriis,
2278 2014 2399 2070 qua:
2426 2002 2627 2070 passim
2654 2002 2708 2055 in
2742 2004 2843 2059 hac
2868 2005 3020 2060 Pauli
3052 2006 3279 2074 epistola
3319 2016 3641 2072 occurrunt,
3676 2013 3869 2061 tantam

605 2089 847 2150 Joannes
900 2102 1090 2152 noster
1132 2094 1386 2150 adhibuit
1437 2107 1682 2163 operam,
1738 2100 1795 2145 ut
1846 2089 1936 2145 vix
1983 2104 2169 2159 parem
2227 2090 2283 2144 in
2331 2091 2549 2161 scriptis
2600 2092 2720 2162 ejus
2770 2094 3171 2165 deprehendas.
3217 2096 3286 2150 Et
3318 2104 3470 2152 certe
3504 2096 3677 2152 multa
3706 2097 3761 2150 in
3792 2084 3868 2150 illa

610 2189 882 2247 habentur
913 2188 1056 2244 circa
1084 2188 1313 2258 gratiam
1368 2194 1425 2240 et
1462 2182 2019 2256 pmdestinationem,
2057 2199 2179 2253 quae
2219 2183 2674 2255 pcritissimorum
2722 2185 2940 2258 ingenia
2984 2198 3293 2251 exerceant,
3327 2204 3561 2259 quaeque
3609 2205 3723 2243 non
3763 2191 3869 2243 sine

609 2282 832 2338 errandi
865 2280 1111 2352 periculo
1138 2277 1361 2339 tractari
1393 2284 1644 2348 possunt,
1666 2276 1774 2330 nisi
1799 2291 1995 2347 magna
2028 2275 2209 2330 cautio
2236 2276 2581 2333 adhibeatur.
2607 2277 2801 2333 Mirum
2842 2288 3110 2349 quantum
3142 2280 3392 2336 homilias
3430 2281 3596 2336 hasce
3648 2281 3871 2336 Isidorus

608 2377 880 2433 Pelusiota
914 2374 1293 2440 celebraverit,
1323 2374 1415 2445 qui
1447 2372 1531 2428 sic.
1556 2371 1722 2427 habet
1741 2371 1837 2427 lib.
1870 2373 1980 2441 5.in
2005 2370 2168 2442 Epist:

2308 2371 2343 2425 2
2369 2372 2435 2427 ad
2467 2372 2740 2428 Isidorum
2771 2374 3061 2429 diaconum
3092 2394 3106 2431 :
3136 2376 3224 2429 ‘Ev
3252 2379 3319 2447 τῇ
3350 2376 3622 2449 ἑρμηνείᾳ
3648 2380 3716 2447 τῇ
3747 2378 3868 2448 πρὸς

618 2467 923 2540 Ῥωμαίους
968 2468 1203 2538 μάλιστα
1232 2468 1265 2537 ἡ
1301 2464 1551 2522 Ἰωάννου
1577 2463 1670 2518 τοῦ
1707 2463 1986 2533 πανσόφου
2024 2462 2187 2534 σοφία
2218 2462 2669 2535 τεθησαὺρισταιο
2714 2461 2869 2536 οἶμαι
2894 2465 3027 2538 γὰρ,
3053 2466 3149 2521 καὶ
3184 2467 3259 2539 μή
3298 2485 3383 2531 τις
3414 2467 3555 2539 πρὸς
3603 2468 3767 2540 χάριν
3792 2469 3869 2521 ls-

608 2577 731 2633 γειν
781 2559 1068 2633 νομιζέτω,
1104 2560 1185 2613 ὅτι
1232 2561 1281 2614 εί
1324 2557 1354 2610 ὀ
1408 2555 1623 2620 Παῦλος
1685 2555 1713 2608 ὁ
1764 2553 2051 2617 θεσπέσιος
2102 2554 2355 2625 Ἀττικὴν
2404 2554 2595 2624 εἴληφε
2639 2554 2911 2623 γλῶτταν,
2956 2556 3099 2610 ὥστε
3144 2558 3336 2611 ἑαυτὸν
3374 2557 3738 2629 ἑρμηνεῦσαι,
3783 2562 3871 2613 οὒκ

612 2656 680 2710 ἂν
710 2654 885 2719 ἄλλως
914 2653 1283 2726 ήρμήινευσεν,
1319 2650 1353 2722 ἢ
1383 2650 1461 2715 ὡς
1491 2651 1519 2703 ὁ
1549 2648 1948 2719 προειρημένος
1970 2646 2219 2718 ἀοίδιμος
2257 2648 2428 2719 ἀνήρ’
2456 2647 2619 2727 οὔτω.
2634 2647 2729 2703 καὶ
2761 2650 3133 2722 ἐνθυμήμασι,
3170 2650 3265 2704 καὶ
3299 2651 3487 2704 κάλλει
3509 2653 3607 2705 καὶ
3640 2653 3871 2723 κυριολεο

615 2745 704 2819 ξίᾳ
733 2746 1073 2817 κεκόσμηται
1095 2745 1129 2815 ἡ
1158 2743 1447 2816 ἑρμηνεία.
1476 2741 1536 2797 Id
1562 2749 1648 2797 est
1672 2760 1685 2795 :
1726 2740 1791 2795 In
1820 2742 2175 2795 commentarii

2310 2743 2461 2797 nime
2494 2742 2551 2795 in
2580 2740 2881 2811 Epistolam
2908 2744 2979 2797 ad
3007 2742 3275 2798 Romanos
3304 2745 3641 2815 sagacissimi
3665 2744 3870 2799 Joannis

610 2839 890 2908 sapientia:
942 2836 1173 2891 thesauri
1227 2834 1707 2903 deprehenduntur.
1768 2831 1904 2885 Puto
1960 2832 2141 2896 enim;
2190 2849 2254 2885 ac
2299 2848 2362 2886 ne
2418 2833 2535 2902 quis
2588 2850 2670 2887 me
2725 2837 2797 2888 ad
2852 2836 3086 2905 gratiam
3144 2835 3287 2907 loqui
3346 2840 3609 2893 existimet
3652 2854 3671 2892 :
3707 2836 3751 2892 si
3803 2841 3871 2891 di-

613 2933 766 2987 vinus
816 2929 1016 2989 Paulus
1070 2929 1250 2983 Attica
1306 2944 1430 2982 usus
1473 2927 1655 2997 lingua
1708 2926 2045 2994 semetipsum
2104 2925 2481 2995 interpretatus
2532 2927 2737 2995 (uisset,
2795 2924 3051 3004 non.alio
3100 2931 3254 2983 modo
3300 2932 3665 2999 expositurum
3712 2934 3868 3001 fuisse,

616 3040 781 3097 quam
823 3028 1146 3076 memoratus
1188 3019 1495 3089 conspicuus
1516 3017 1595 3071 uir
1624 3032 1643 3071 :
1668 3016 1744 3070 ita
1780 3032 1965 3083 nempe
1996 3032 2172 3082 sensu,
2202 3017 2466 3087 elegantia
2497 3027 2546 3071 et
2580 3018 2856 3073 uerborum
2885 3020 3209 3089 proprietate
3235 3022 3349 3091 ejus
3379 3024 3753 3093 interpretatio
3794 3046 3865 3081 or-

619 3127 806 3175 natur.
953 3123 955 3125 ’

687 3207 794 3264 Alii
821 3220 1040 3276 quoque
1064 3204 1209 3261 docti
1229 3203 1331 3259 viri
1361 3202 1609 3260 eamdem
1651 3203 1721 3259 de
1755 3201 1906 3259 hisce
1930 3203 2291 3258 concionibus
2319 3202 2648 3258 sententiam
2680 3204 2987 3276 proferunt.
3022 3208 3227 3265 Omnes
3256 3210 3492 3282 denique
3521 3213 3614 3270 hic
3645 3230 3865 3288 magnam

620 3305 824 3382 ingenii
851 3302 1235 3368 subtilitatem,
1269 3302 1462 3358 orandi
1493 3303 1604 3357 vim
1634 3311 1691 3357 et
1717 3300 2041 3373 elegantiam
2069 3298 2513 3370 deprehendunt,
2544 3306 2709 3369 atque
2737 3301 2978 3357 nativam
3011 3304 3131 3373 ejus
3167 3304 3559 3376 eloquentiam,
3584 3310 3864 3381 stylumque

618 3399 834 3457 caeteris
859 3395 1234 3466 Chrysostomi
1272 3395 1528 3466 operibus
1549 3395 1630 3450 sic
1659 3394 1898 3457 atlinem,
1928 3400 1986 3446 ut
2008 3408 2118 3446 non
2146 3392 2215 3447 sit
2240 3407 2404 3448 ovum
2431 3408 2535 3448 ovo
2568 3393 2800 3456 similius
2838 3408 2854 3449 :
2885 3395 2959 3451 ita
2986 3407 3045 3455 ut
3073 3414 3144 3453 ne
3172 3415 3313 3454 unus
3349 3400 3574 3471 quidem
3607 3403 3865 3467 dubitatve.

621 3492 715 3559 rit,
752 3488 885 3560 quin
913 3486 1018 3540 hoc
1039 3483 1112 3537 sit
1137 3500 1329 3539 verum
1352 3495 1407 3540 et
1429 3500 1751 3557 germanum
1773 3482 2150 3554 Chrysostomi
2182 3497 2347 3552 opus.

694 3570 813 3639 Non
840 3601 939 3656 par
965 3595 1270 3640 consensus
1301 3579 1629 3649 scriptorum
1660 3586 1742 3632 est
1773 3578 1916 3631 circa
1949 3575 2150 3643 locum,
2182 3575 2274 3631 ubi
2304 3577 2467 3631 hasce
2500 3578 2791 3635 conciones
2822 3579 3011 3635 habuit
3038 3579 3479 3652 Cbrysostomus.
3516 3584 3673 3660 [418]
3693 3587 3865 3655 ρωπί-

624 3683 715 3730 tur
746 3676 911 3740 enim,
940 3674 1316 3735 Antiochimne
1343 3688 1410 3727 an
1447 3670 1916 3740 Constantinopoli
1950 3670 2068 3724 haec
2090 3669 2486 3739 praedicaverit.
2523 3671 2758 3727 Savilius
2787 3674 3090 3733 Antiochiae
3118 3676 3289 3733 dictas
3314 3678 3585 3736 Homilias
3613 3682 3681 3736 ad
3705 3683 3865 3737 Roma-

623 3780 726 3821 nos
756 3766 926 3822 fuisse
951 3768 1231 3838 opinatur,
1264 3763 1592 3820 auctoritate
1618 3763 1815 3817 ductus
1844 3759 2044 3826 Photii,
2069 3759 2168 3830 qui
2196 3761 2271 3817 ait
2298 3761 2669 3819 Antiochenas
2706 3764 3079 3838 Chrysostomi
3110 3768 3361 3823 homilias
3386 3770 3861 3846 Constantinopoli-

625 3859 769 3917 tanis
791 3859 1033 3930 ejusdem
1074 3873 1195 3913 esse
1221 3856 1607 3928 elegantiores.
1634 3854 1772 3910 Cum
1802 3854 2014 3909 videret
2043 3869 2172 3926 ergo
2196 3852 2431 3910 Savilius
2462 3855 2561 3911 has
2591 3857 2884 3912 conciones
2914 3868 3175 3927 praestare
3197 3856 3422 3927 Salibus,
3457 3866 3648 3920 nervis
3689 3876 3743 3921 et
3776 3870 3863 3923 elo-

622 3953 864 4024 quentia,
901 3950 1204 4005 Antiochiae
1234 3948 1589 4003 concinnatus
1636 3956 1691 4000 et
1724 3945 1940 4001 habitas
1970 3943 2141 3999 fuisse
2172 3944 2571 4013 pronuntiavit.
2596 3945 2799 4001 Verum
2838 3931 2954 4003 haec
2982 3946 3164 4003 Photii
3199 3957 3328 4005 nota
3355 3952 3573 4016 critica,
3608 3973 3727 4027 qua:
3751 3974 3862 4028 sape

622 4064 750 4104 vera
780 4062 902 4102 esse
948 4046 1353 4116 comprobatur,
1388 4042 1682 4097 nonnullas
1722 4040 1889 4094 habet
1917 4038 2295 4109 exceptiones.
2327 4038 2634 4129 Aliquando
2670 4040 2819 4097 enim
2863 4040 3487 4115 Constantinopolitante
3520 4036 3859 4125 Cbrysostomi

623 4141 915 4197 conciones
944 4139 1191 4209 quasdam
1223 4135 1463 4192 homiliis
1488 4136 1697 4204 aliquot
1725 4132 2085 4189 Antiochenis
2107 4131 2375 4203 elegantia
2412 4142 2542 4187 sunt
2562 4133 2991 4203 anteponenda,

695 4230 1075 4286 Tilleinontius
1095 4245 1244 4296 vero,
1262 4230 1353 4300 qui
1379 4226 1571 4299 majori
1601 4228 1952 4282 accuratione
1981 4234 2039 4282 et
2060 4224 2356 4295 sagacitate
2382 4242 2472 4283 res
2496 4236 2729 4284 tractare
2756 4228 2915 4293 solet,
2938 4227 3115 4313 allatis
3139 4230 3265 4287 hinc
3290 4241 3349 4288 et
3370 4233 3503 4290 inde
3523 4235 3859 4310 Cbrysostomi

623 4316 779 4381 locis,
806 4327 862 4372 et
890 4317 1132 4373 excussis
1156 4318 1411 4386 utrinque
1436 4314 1761 4380 rationibus,
1789 4330 2097 4386 suspensus
2119 4316 2311 4381 hzeret,
2338 4331 2443 4371 nec
2466 4316 2735 4372 aﬂirmare
2765 4318 2949 4384 audet,
2988 4327 3109 4375 utra
3136 4323 3193 4376 in
3220 4322 3442 4381 civitate
3488 4328 3578 4385 hre
3606 4335 3860 4389 conciones

625 4414 785 4469 dieue
807 4411 1031 4467 fuerint.
1060 4409 1263 4464 Verum
1292 4408 1717 4479 Cbrysostomus
1752 4415 1943 4476 aperte
1988 4406 2122 4463 dicit
2150 4416 2206 4462 et
2240 4421 2299 4462 se
2325 4415 2378 4462 et
2413 4407 2693 4463 auditores
2736 4423 2865 4464 suos
2905 4418 3181 4479 pastorem
3212 4412 3439 4482 habere,
3472 4419 3663 4491 utique
3689 4423 3862 4478 Flavia—

626 4521 781 4571 num,
813 4504 968 4575 queis
999 4501 1269 4571 signiﬁcat
1297 4515 1356 4554 se
1393 4500 1774 4570 presbyterum
1801 4500 2109 4556 Antiochia:
2134 4499 2489 4559 concionare.
2514 4500 2598 4555 En
2631 4502 2755 4571 ejus
2784 4500 2948 4557 verba
2976 4500 3198 4559 homilia
3239 4516 3430 4563 octava
3469 4512 3599 4581 (col.
3627 4515 3743 4585 464)
3771 4536 3781 4570 :
3811 4519 3860 4570 Ti

624 4600 836 4669 λέγεις;
888 4599 1020 4669 ὁρᾷς
1068 4595 1277 4659 πάντας
1331 4596 1480 4666 ἡμᾶς
1529 4594 1636 4648 ὑπὸ
1683 4595 1799 4659 τοῖς
1832 4596 2017 4660 αὐτοῖς
2050 4596 2289 4667 τείχεσιν
2329 4597 2511 4661 ὄντας,
2548 4596 2655 4650 ὑπὸ
2700 4596 2794 4651 τὸν
2836 4597 3002 4652 αὐτὸν
3044 4602 3145 4672 τῆς
3192 4602 3495 4675 ἐκκλησίας
3551 4612 3733 4681 σηκὸν,
3779 4616 3860 4668 ὑπὸ

623 4694 726 4764 τὴν
756 4692 927 4764 αὐτὴν
960 4690 1201 4762 μάνδραν
1240 4689 1361 4762 μεθ’
1379 4688 1635 4759 ὁμονοίας
1667 4688 1934 4755 ἑστῶτας,
1965 4689 2156 4750 οὐδένα
2186 4690 2518 4762 μαχόμενον,
2548 4690 2655 4747 ὑπὸ
2684 4689 2762 4761 τῷ
2795 4690 2947 4760 αὑτῷ
2981 4692 3223 4763 ποιμένι,
3252 4700 3406 4769 κοινῇ
3446 4698 3709 4768 βοῶντας,
3738 4710 3857 4775 κοινῇ

621 4787 732 4843 τῶν
774 4786 1090 4857 λεγομένων
1132 4784 1540 4857 ἀκροωμένους,
1578 4786 1733 4856 κοινῇ
1765 4784 1866 4847 τὰς
1893 4784 2058 4854 εὐχὰς
2089 4784 2539 4856 ἀναπέμποντας,
2572 4785 2670 4839 καὶ
2698 4786 2882 4857 μάχης
2925 4786 3202 4858 μέμνησαι
3245 4789 3339 4843 καὶ
3373 4791 3658 4859 στάσεωςς
3698 4798 3857 4867 Min;

627 4880 935 4951 μέμνημαι,
971 4879 1067 4932 καὶ
1108 4877 1171 4930 οὐ
1214 4875 1480 4948 μαίνομαι
1522 4874 1643 4928 οὐδὲ
1681 4876 1972 4947 ἐξέστηκα.
2022 4876 2165 4947 ⁸0ρῶ
2206 4876 2307 4947 μὲν
2342 4877 2450 4947 γὰρ
2479 4877 2516 4932 ἃ.
2544 4877 2676 4949 ὁρῶ,
2716 4879 2810 4937 καὶ
2839 4871 2977 4945 οἶδα,
3016 4878 3098 4931 δτι
3140 4878 3245 4933 ὑπὸ
3275 4881 3367 4936 τὸν
3397 4883 3570 4954 σηκὸν
3613 4886 3702 4940 τὸν
3728 4889 3855 4941 αὗτέν

623 4974 788 5045 ἐσμεν
820 4973 913 5027 καὶ
940 4973 1031 5026 τὸν
1060 4971 1313 5042 ποιμένα.
1345 4970 1404 5024 Id
1435 4980 1520 5025 est
1552 4987 1563 5022 :
1595 4968 1733 5034 Quid
1763 4970 1891 5024 ais?
1924 4987 2016 5024 nos
2041 4987 2183 5025 omne

2292 4970 2389 5025 Edes
2416 4971 2559 5024 intra
2589 4971 2793 5025 eosdem
2823 4972 3071 5048 parietes,
3101 4972 3158 5026 in
3202 4989 3306 5027 uno
3353 4976 3640 5048 eodemque
3668 4982 3852 5034 ecclesia

622 5078 790 5136 septo,
816 5069 873 5121 in
912 5068 1088 5121 eodem
1117 5066 1241 5120 ovili
1277 5065 1682 5121 concordissime
1705 5074 1994 5131 versantes,
2022 5067 2280 5120 neminem
2314 5076 2658 5137 pugnantem,
2694 5065 2787 5119 sub
2811 5067 2989 5121 eodem
3019 5047 3252 5135 pastore,
3290 5068 3455 5123 simul
3482 5070 3776 5136 clamantes,
3800 5075 3853 5125 si-

624 5159 735 5213 mul
763 5161 904 5213 dicta
936 5161 1229 5225 audientes,
1262 5159 1423 5214 simul
1451 5176 1628 5229 preces
1662 5161 1974 5223 amittentes,
2008 5168 2059 5214 et
2087 5177 2321 5233 pugnam
2350 5160 2760 5230 seditionemque
2794 5160 3099 5214 memoras?
3129 5157 3377 5232 Pugnam
3402 5179 3659 5229 memoro,
3691 5181 3769 5218 nec
3788 5165 3850 5216 iu-

622 5252 795 5313 sanio,
832 5269 922 5305 nec
952 5262 1121 5306 mente
1160 5262 1344 5321 captus
1383 5269 1523 5307 sum.
1558 5252 1714 5307 Video
1741 5254 1879 5308 enim
1912 5253 2007 5306 illa
2042 5268 2166 5323 qua}
2195 5253 2364 5320 video,
2385 5254 2594 5323 scioque
2624 5270 2715 5307 nos
2740 5252 2833 5306 sub
2866 5253 3049 5306 eodem
3082 5263 3227 5323 septo
3254 5270 3362 5309 esse
3397 5264 3447 5309 et
3486 5267 3712 5326 pastore.
3740 5257 3846 5321 Quid

623 5341 867 5399 clarius?
893 5343 1259 5400 Concionator
1285 5345 1401 5415 ipse
1441 5343 1867 5416 Chrysostomus
1891 5346 2121 5416 perinde
2149 5354 2313 5417 atque
2341 5346 2577 5417 populus
2611 5345 2713 5401 sub
2738 5355 2960 5417 pastore
2986 5355 3088 5412 est,
3118 5362 3317 5416 nempe
3357 5348 3462 5402 sub
3491 5347 3742 5403 Flaviano
3760 5351 3847 5418 epl-

622 5447 812 5501 scopo,
845 5431 1186 5502 proindeque
1216 5435 1593 5491 Antiochenos
1617 5437 1929 5507 alloquitur,
1954 5452 2065 5491 non
2094 5445 2279 5492 autem
2307 5438 2969 5508 Constantinopolitanos,
2998 5454 3228 5508 quorum
3262 5439 3400 5510 ipse,
3426 5440 3560 5495 dum
3583 5440 3845 5496 Constanti-

622 5526 803 5595 nopoli
838 5535 1005 5593 esset,
1034 5536 1219 5598 pastor
1243 5529 1551 5600 praecipuus
1587 5540 1642 5586 et
1666 5532 1955 5601 episcopus
1982 5548 2199 5602 semper
2221 5531 2340 5586 fuit.
2372 5531 2432 5587 In
2468 5532 2655 5587 multis
2683 5532 2921 5587 antehae
2957 5533 3212 5595 homiliis,
3249 5533 3340 5587 ubi
3375 5543 3656 5603 pastorem
3698 5548 3844 5602 supre-

623 5633 772 5671 mum
805 5619 1095 5673 memorari
1126 5618 1632 5683 animadvertimus,
1657 5621 1841 5677 statim
1875 5621 2194 5677 concionem
2224 5622 2527 5678 Antiochiae
2553 5622 2791 5679 habitam
2825 5622 2994 5678 fuisse
3020 5639 3143 5679 cum
3175 5623 3529 5681 Tillcmontio
3570 5623 3844 5695 pronuntia-

624 5725 825 5765 Vlmlls.

693 5800 856 5869 Quid,
892 5800 1037 5874 quod
1098 5800 1261 5859 etiam
1319 5818 1380 5859 se
1430 5800 1733 5861 Antiochia:
1789 5806 2205 5865 contionantem
2261 5822 2382 5865 esse
2428 5823 2529 5865 nec
2575 5808 2806 5868 obscure
2860 5807 2965 5864 alio
3009 5808 3062 5863 in
3108 5810 3227 5865 loco
3271 5807 3587 5880 signiﬁcat?
3645 5809 3696 5865 Id
3733 5816 3846 5863 certe
