3950 6418
112 331 200 387 58.,
1142 317 1236 372 AD
1274 314 1510 375 HOMIL.
1555 315 1626 372 IN
1666 314 1888 374 EPIST.
1926 319 2017 372 AD
2055 319 2220 385 nou,
3230 317 3334 373 5⁸8

103 444 204 514 ipso
227 431 554 491 Tillemoutio
590 432 729 488 duce
773 429 1281 495 animadvertimus,
1316 427 1538 485 homilia
1565 442 1765 497 nempe
1795 427 2069 498 trigesima
2100 426 2227 497 (col.
2260 425 2410 496 666),
2444 427 2537 482 ubi
2578 427 2660 483 sic
2689 428 2952 498 populum
2998 429 3334 500 alloquitur:

103 539 144 590 si
177 534 271 603 γὰρ
308 528 442 601 μετά
480 525 734 580 τοσοῦτον
769 525 961 597 χρόνον
996 525 1280 588 εἰσιόντες,
1313 521 1442 576 ἔνθα
1472 521 1656 591 ἔμεινε
1694 518 1930 587 Παῦλος,
1972 519 2104 574 ἔνθα
2149 519 2329 591 ἔδέθη,
2374 518 2506 574 ἔνθα
2545 521 2869 576 συνεκάθισε
2915 523 3014 578 καὶ¹
3064 522 3335 598 διελέχθη,

101 620 433 694 πτερούμεθα,
481 619 576 674 καὶ
629 618 768 690 πρὸς
812 617 912 689 τὴν
968 617 1191 687 μνήμην
1238 615 1340 684 τῆς
1378 613 1598 684 ἡμέρας
1653 610 1764 665 ἀπὸ
1811 612 1921 666 τῶν
1963 611 2146 664 τόπων
2191 612 2702 683 παραπεμπόμεθαο
2759 612 2841 667 ἔτι
2889 614 3174 686 νεωτέρων
3229 621 3338 670 τῶν

100 718 407 792 πραγμάτων
441 715 634 777 ὄντων,
655 713 708 767 τί
737 712 968 784 πάσχειν
1001 712 1148 775 εἰκὸς
1187 712 1314 776 τοὺς
1347 710 1463 782 μετ’
1497 709 1660 763 εὐλαε

1773 707 2254 778 ῖξενοδοχοῦντας;
2295 708 2353 764 Id
2383 719 2510 764 est:
2553 712 2697 764 Nam
2743 712 2789 764 si
2820 728 2912 765 nos
2953 722 3073 780 post
3124 723 3333 766 tantum

100 812 314 882 temporis
338 809 568 879 spatium
593 807 684 861 illo
709 806 951 878 ingressi,
982 806 1070 859 ubi
1095 804 1304 858 Paulus
1333 804 1602 864 manebat,
1637 801 1725 858 ubi
1751 801 1948 872 ligatus
1984 809 2080 865 est,
2109 801 2201 854 ubi
2221 802 2355 855 sedit
2380 811 2429 856 et
2471 804 2739 868 disseruit,
2776 806 2931 874 quasi
2957 805 3062 860 alis
3091 807 3339 860 assumtis

100 909 338 978 erigimur,
369 912 415 958 et
439 904 510 957 ad
540 903 646 956 diei
683 901 830 955 illius
867 888 1282 953 recordationem
1317 914 1381 952 ea:
1415 897 1542 953 locis
1576 898 1703 966 ipsis
1732 896 2054 950 remittimur
2086 910 2104 949 :
2132 911 2250 947 cum
2279 910 2360 947 res
2390 895 2518 962 ipsa
2550 895 2815 961 adessent,
2847 914 2950 966 quo
2988 914 3092 952 non
3149 899 3340 968 affectu

99 1000 404 1057 movebantur
424 995 524 1058 illi,
556 995 646 1064 qui
672 1010 790 1047 cum
820 993 1017 1061 pietate
1049 990 1202 1044 illum
1229 989 1600 1058 excipiebant?
1628 988 1689 1043 In
1722 987 1810 1041 illa
1843 986 2007 1058 igitur
2035 985 2254 1042 civitate
2289 986 2638 1055 praedicabat,
2679 988 2770 1043 ubi
2805 989 3004 1045 Paulus
3033 1002 3337 1058 manserat,

99 1099 174 1155 ubi
217 1112 270 1150 se
314 1093 578 1148 adeuntes
624 1091 1023 1160 alloquebatur,
1064 1087 1211 1141 unde
1257 1085 1415 1140 facile
1464 1086 1757 1141 adibantur
1793 1084 1932 1148 loca,
1965 1083 2056 1139 ubi
2098 1083 2299 1139 Paulus
2349 1082 2546 1154 ligatus
2587 1082 2797 1148 fuerat;
2842 1085 2895 1138 in
2931 1084 3081 1160 [H9]
3125 1088 3339 1143 duabus

97 1201 254 1246 autem
313 1192 518 1240 tantum
569 1183 882 1240 civitatibus
936 1181 1253 1252 prazdicavit
1301 1179 1540 1234 Joannes
1595 1177 2049 1248 Chrysostomus,
2097 1177 2400 1232 Antiochia:
2455 1188 2510 1233 et
2562 1178 3035 1252 ConstantinOpoli
3089 1200 3104 1237 :
3155 1198 3336 1237 annon

103 1279 428 1350 conspicuum
457 1276 682 1332 omnino
712 1283 796 1331 est
831 1314 846 1340 ,
884 1275 975 1331 hic
1000 1275 1069 1330 de
1101 1272 1396 1328 Antiochia
1427 1286 1739 1327 sermonem
1773 1271 2007 1327 haberi?
2033 1271 2167 1326 Nam
2201 1271 2443 1344 Byzantii
2476 1288 2757 1342 nunquam
2789 1275 2948 1329 sedes
2973 1275 3163 1330 habuit
3191 1275 3339 1348 Apo-

97 1373 263 1428 Stolus.

154 1464 314 1518 Haeret
349 1471 529 1517 tamen
575 1460 756 1515 adhuc
803 1457 1188 1514 Tillemontius
1236 1467 1292 1514 et
1325 1472 1545 1512 causam
1596 1457 1838 1512 barendi
1875 1456 2084 1527 profert
2135 1471 2200 1510 ex
2243 1455 2350 1512 line
2402 1455 2642 1512 homilia:
2681 1456 2956 1528 vigesimae
3001 1474 3182 1526 nonae,
3247 1459 3336 1514 ubi

95 1557 486 1629 Chrysostomus
551 1569 611 1608 se
661 1561 937 1623 pastorem
993 1551 1145 1617 dicit,
1192 1561 1246 1606 et
1301 1551 1535 1621 pastoris
1585 1551 1761 1606 ofﬁcia
1807 1566 2244 1606 commemorans
2287 1551 2360 1606 ita
2415 1551 2617 1606 claudit
2661 1570 2674 1606 :
2719 1551 2902 1605 Ταῦτα
2952 1552 3010 1605 δέ
3067 1569 3157 1623 μοι
3211 1554 3342 1623 περὶ

95 1655 304 1725 ἀρίστων
329 1649 549 1722 εἴρητμι
573 1648 866 1717 ποιμένων,
895 1647 958 1700 οὐ
993 1647 1122 1717 περὶ
1145 1645 1385 1717 ἐμαυτοῦ
1414 1646 1505 1700 καὶ
1535 1645 1646 1698 τῶν
1671 1645 1991 1725 xafi‘ilpag,
2014 1645 2130 1698 ἀλλ’
2162 1646 2216 1698 ετ
2245 1662 2328 1708 τις
2350 1645 2611 1708 τοιοῦτος,
2637 1641 2748 1708 οἷος
2780 1648 2807 1699 6
2845 1645 3057 1709 Παῦλος
3095 1641 3184 1718 ἦν,
3230 1641 3341 1710 οἷος

95 1717 136 1804 6'
164 1717 393 1819 Πέτρος-,ν
441 1740 556 1808 οἷος
605 1745 635 1796 6
674 1743 940 1814 Μωῦσῆς.
993 1742 1232 1805 Τούτους
1283 1737 1377 1795 οὖν
1423 1741 1649 1813 μιμησώ

1785 1759 1799 1793 ι
1851 1741 1946 1794 καὶ
1977 1721 2249 1813 ’ἄρχοντες
2283 1740 2380 1793 καὶ
2422 1741 2737 1810 ἀρχόμενοι.
2782 1741 2839 1796 Id
2869 1752 2952 1798 est
2983 1717 3149 1797 :Ha‘c
3188 1760 3345 1814 porro

98 1860 125 1896 ιι
156 1857 228 1894 me
255 1840 391 1892 dicta
423 1846 546 1892 sunt
582 1838 647 1890 de
674 1837 887 1906 optimis
923 1836 1242 1906 pastoribus.
1279 1853 1381 1890 non
1408 1837 1470 1890 de
1503 1853 1584 1888 me
1608 1837 1764 1905 ipso;
1798 1837 1889 1890 sed
1919 1837 1966 1889 si
2008 1836 2124 1906 quis
2153 1834 2278 1889 talis
2312 1835 2379 1887 sit
2414 1836 2587 1905 qualis
2629 1833 2830 1889 Paulus
2867 1845 3000 1900 erat,
3038 1837 3211 1908 qualis
3244 1837 3346 1891 Pe-

96 1948 208 1996 trus,
232 1932 398 2004 qualis
421 1932 642 2002 Moyses.
676 1931 782 1985 Hos
830 1931 1011 2001 itaque
1066 1930 1338 1983 imitemur
1380 1939 1430 1984 et
1469 1931 1705 2002 prmfecti
1753 1939 1802 1984 et
1841 1930 2055 1983 subditi.
2089 1926 2203 1983 Hoc
2241 1944 2350 1983 uno
2389 1928 2657 1984 abductus
2702 1929 3018 1984 testimonio
3047 1928 3346 1984 Tillemon-

98 2032 188 2086 tius
214 2045 241 2082 a
275 2027 483 2100 judicio
504 2025 730 2082 ferendo
757 2026 1041 2094 abstinuit,
1079 2041 1184 2082 nec
1214 2025 1513 2082 decernere
1550 2025 1723 2082 voluit
1750 2024 2129 2080 Antiochiazne
2157 2039 2227 2078 an
2260 2022 2738 2095 Constantinopoli
2779 2023 2878 2081 has
2909 2024 3205 2082 conciones
3244 2023 3344 2079 ba-

98 2126 275 2180 lmcrit.
2856 2191 2858 2194 _
2892 2191 2896 2194 .

160 2222 331 2277 Laudo
354 2219 610 2291 equidem
639 2217 770 2272 tanti
800 2216 900 2272 viri
937 2215 1336 2272 consideratam
1370 2215 1423 2268 in
1448 2211 1655 2284 judicio
1683 2207 1910 2268 ferendo
1941 2215 2272 2280 tarditatem,
2296 2230 2418 2284 qua:
2451 2213 2504 2268 in
2531 2214 2750 2284 scriptis
2788 2214 2902 2269 suis
2933 2213 2985 2268 in
3016 2213 3150 2269 orbe
3187 2211 3347 2268 Chri-

99 2315 252 2369 stiano
285 2323 389 2368 tam
419 2310 707 2367 celebratis
736 2309 943 2381 passim
971 2308 1442 2378 deprehenditur;
1476 2316 1531 2360 at
1567 2307 1655 2361 hic
1676 2316 1824 2362 certe
1849 2306 2062 2362 videtur
2089 2307 2221 2362 mihi
2255 2307 2478 2364 nimiam
2513 2308 2775 2365 adbibere
2823 2308 3154 2363 cautionem.
3209 2308 3349 2362 Dicit

100 2409 499 2479 Cbrysostom—us
527 2420 586 2460 se
613 2405 716 2458 sub
747 2412 965 2474 pastore
1001 2417 1144 2468 esse,
1168 2402 1374 2457 scilicet
1397 2403 1497 2456 sub
1525 2401 1781 2455 Flaviano
1811 2401 2117 2456 Antiochia:
2139 2403 2433 2472 episcopo;
2466 2420 2576 2458 non
2607 2403 2712 2458 alio
2749 2402 2952 2474 quippe
2997 2401 3156 2457 modo
3186 2399 3347 2456 intel-

97 2499 174 2572 ligi
202 2505 375 2569 potest
405 2513 418 2549 :
453 2511 514 2551 se
565 2495 621 2548 in
662 2495 796 2549 urbe
834 2493 923 2548 illa
953 2507 1094 2558 esse,
1128 2492 1220 2547 ubi
1248 2491 1622 2545 venerabundi
1659 2493 1805 2549 cives
1844 2492 1962 2549 loca
1992 2507 2087 2547 seu
2113 2493 2278 2558 aedes,
2314 2494 2366 2547 in
2400 2494 2556 2563 queis
2578 2495 2776 2550 Paulus
2810 2504 3109 2563 manserat,
3140 2495 3348 2549 invise-

97 2595 228 2650 bant.
249 2593 442 2646 Annon
473 2588 709 2660 idipsum
742 2594 880 2651 erat,
917 2601 981 2641 ac
1009 2587 1054 2641 si
1077 2586 1304 2641 dixisset
1326 2601 1384 2640 se
1416 2585 1722 2640 Antiochiae
1747 2587 2097 2641 eoueiouari?
2129 2588 2196 2640 At
2237 2602 2356 2641 sese
2401 2587 2516 2650 ille,
2548 2588 2781 2658 inquies,
2815 2589 2869 2644 in
2897 2590 2996 2644 alia
3032 2590 3085 2644 in
3118 2589 3342 2659 Episto-

98 2688 190 2741 lam
215 2685 277 2740 ad
299 2683 579 2738 Romanos
603 2681 869 2737 concione
898 2688 1173 2750 pastorem
1201 2685 1376 2733 vocat.
1413 2675 1556 2732 Sane
1583 2686 1766 2730 utrum
1800 2677 1852 2732 in
1886 2694 2048 2747 supra
2089 2689 2391 2732 memorato
2429 2680 2549 2734 loco
2591 2697 2711 2735 sese
2749 2689 3022 2750 pastorem
3049 2682 3348 2746 vocaverit,

95 2789 264 2855 posset
295 2781 529 2834 fortasse
562 2777 615 2829 in
648 2772 1080 2830 controversiam
1112 2771 1327 2836 vocari;
1360 2772 1453 2824 sed
1477 2770 1692 2824 etiamsi
1732 2786 1790 2824 se
1830 2771 1988 2824 talem
2022 2769 2240 2834 dixerit,
2276 2770 2405 2841 quid
2443 2778 2556 2826 tum
2593 2772 2828 2841 postea?
2870 2788 3053 2826 annon
3089 2775 3348 2830 sacculo-

98 2882 168 2927 tes
186 2872 288 2938 alii,
320 2885 430 2925 non
469 2865 730 2939 episcopi.
768 2865 859 2936 qui
887 2865 1072 2920 ovium
1097 2861 1298 2916 Christi
1331 2877 1517 2918 curam
1555 2861 1776 2926 habent,
1809 2871 2056 2932 pastores
2089 2870 2216 2916 sunt
2245 2871 2300 2917 et
2335 2864 2645 2917 vocantur?
2671 2864 2909 2919 Joannes
2939 2883 3067 2920 vero
3116 2867 3354 2939 Chryso-

97 2973 282 3019 stomus
310 2950 551 3015 llomilia'
577 2959 630 3012 in
657 2958 840 3012 Terrae
867 2964 1074 3011 motum
1107 2964 1164 3011 et
1191 2954 1454 3010 Lazarum
1484 2967 1616 3011 tom.
1651 2955 1821 3017 llcol.
1855 2955 2036 3022 i029),
2083 2969 2204 3023 quae
2255 2954 2398 3010 haud
2444 2957 2607 3012 dubie
2658 2956 2965 3015 Antiochiae
3012 2959 3196 3015 habita
3228 2960 3351 3029 fuit,

98 3072 200 3111 sese
224 3070 329 3108 non
356 3055 593 3114 obscure
617 3059 889 3121 pastorem
921 3057 976 3102 et
1007 3049 1152 3103 clare
1182 3056 1439 3114 satorem,
1469 3047 1770 3110 doctorem,
1805 3048 2078 3103 medicum
2113 3058 2168 3102 et
2206 3050 2603 3119 speculatorem
2640 3061 2823 3106 vocat.

159 3151 230 3204 En
251 3149 394 3204 illius
420 3146 632 3202 verba:
671 3143 812 3196 Ἀλλ’
841 3143 988 3214 ἐρεῖς
1025 3159 1135 3213 μοι,
1178 3142 1272 3195 καὶ
1316 3141 1370 3196 τί
1407 3141 1636 3209 ὠφελεῖς
1677 3141 1881 3211 λέγων;
1930 3141 2158 3211 Ὠφελῶ,
2193 3143 2287 3194 ἐάν
2324 3142 2406 3207 τίς
2453 3161 2554 3212 μου
2590 3125 2783 3217 ἀκούῃ.
2831 3144 2971 3213 Ἐγὼ
3009 3145 3069 3202 τὸ
3112 3145 3352 3218 ἐμαυτοῦ

103 3243 243 3295 ποιῶ·
268 3245 296 3296 6
323 3240 571 3312 σπείρων
606 3239 843 3306 σπείρει.
881 3236 1136 3307 Ἐξῆλθεν
1164 3235 1192 3287 ὁ
1227 3235 1468 3306 σπείρων
1496 3236 1588 3293 τοῦ
1619 3238 1860 3308 σπεῖραι·
1890 3238 1982 3289 καὶ
2013 3236 2082 3289 τὰ
2117 3237 2215 3306 μὲν
2249 3239 2410 3291 ἔπεσε
2458 3239 2609 3310 παρά
2645 3240 2744 3312 τὴν
2773 3241 2916 3305 ἁδὺν,
2949 3241 3015 3294 τὰ
3041 3241 3096 3294 δὲ
3128 3242 3222 3294 ἐπὶ
3247 3241 3347 3313 τὴν

100 3338 312 3409 πέτραν,
349 3334 421 3388 τὰ
461 3334 521 3387 δὲ
562 3334 656 3386 ἐπὶ
701 3332 798 3395 τὰς
827 3330 1092 3395 ἀκάνθας,
1129 3328 1196 3382 τὰ
1222 3328 1280 3381 δὲ
1309 3328 1405 3381 ἐπὶ
1428 3328 1528 3404 τὴν
1550 3329 1654 3398 γῆν
1684 3327 1782 3399 τὴν
1819 3327 2012 3398 καλήν·
2040 3327 2164 3400 τρία
2199 3331 2344 3404 μέρη
2377 3330 2647 3397 ἀπώλετο,
2683 3334 2777 3384 καὶ
2801 3332 2858 3392 ἐν
2891 3333 3095 3404 ἐσώθη·
3126 3334 3220 3386 καὶ
3253 3335 3354 3389 οὐκ

99 3436 288 3505 ἀπέστη
317 3434 417 3504 τῆς
447 3429 750 3502 γεωργίας,
774 3428 890 3482 ἀλλ’
920 3426 1107 3497 ἐπειδὴ
1150 3424 1209 3480 ἓν
1245 3424 1574 3490 διεσώζετο,
1613 3427 1713 3478 οὐκ
1761 3425 2041 3484 ἐπαύσατο
2080 3427 2178 3498 τῆς
2229 3430 2516 3502 γηπονίας.
2559 3473 2573 3489 .
2609 3471 2624 3484 .
2661 3471 2675 3485 .
2713 3474 2725 3485 .
2768 3431 2891 3484 ἐπεὶ
2931 3430 3026 3483 καὶ
3073 3432 3100 3484 6
3149 3430 3356 3501 ποιμὴν

99 3531 281 3592 ἐκεῖνος
317 3527 387 3581 τὰ
431 3521 952 3593 ὲννενηκονταεννέα
986 3520 1236 3592 πρόϐατα
1277 3518 1618 3584 καταλιπὼν,
1660 3520 1752 3573 ἐπὶ
1805 3519 1871 3573 τὸ
1906 3519 1964 3572 ἓν
2019 3519 2080 3574 τὸ
2128 3523 2548 3596 πεπλανημένον
2598 3525 2853 3598 ἔδραμεν.
2905 3524 2982 3581 Οὐ
3026 3526 3354 3595 καταφρονῶ

100 3621 391 3692 ἀνθρώπου·
423 3617 530 3672 κᾶν
551 3612 631 3682 εἷς
656 3613 1026 3695 ᾖ,,ἆνθρωπός
1055 3615 1194 3680 ἐστι,
1224 3613 1286 3666 τὸ
1316 3613 1658 3686 περισπούδα

1817 3613 1897 3684 τῷ
1934 3613 2052 3686 Θεῷ
2083 3615 2243 3680 ζῶον.
2282 3617 2337 3673 Id
2363 3628 2448 3674 est
2477 3638 2489 3674 :
2523 3621 2591 3674 At
2621 3621 2758 3674 dices
2785 3622 2933 3685 mihi,
2971 3620 3111 3687 Quid
3137 3623 3354 3677 dicendo

100 3715 324 3784 proﬁcis?
349 3712 605 3781 Proﬁcio,
634 3713 680 3766 si
706 3711 822 3784 quis
851 3726 934 3764 me
964 3710 1171 3767 audiat.
1199 3706 1312 3780 Ego
1335 3708 1472 3779 quod
1499 3709 1723 3779 officium
1750 3727 1922 3765 meum
1944 3720 2039 3779 est,
2069 3713 2125 3774 id
2153 3724 2382 3782 prwsto;
2409 3716 2700 3770 seminator
2727 3717 2949 3770 semina.
2982 3715 3128 3771 Exiit
3161 3717 3252 3787 qui
3273 3733 3357 3770 se-

104 3809 251 3861 minat
279 3808 351 3860 ad
386 3805 799 3866 seminandum,’
826 3802 1068 3874 quaedam
1089 3802 1386 3856 ceciderunt
1417 3819 1564 3856 secus
1593 3801 1756 3868 viam,
1781 3805 2023 3874 qutedant
2060 3823 2222 3875 supra
2253 3818 2479 3876 petram,
2512 3808 2757 3881 quendam
2795 3825 2956 3879 supra
2977 3810 3180 3876 spinas,
3204 3825 3352 3880 qua:-

104 3905 207 3956 dam
232 3904 286 3956 in
319 3912 524 3957 terram
555 3900 746 3954 bonam
777 3914 796 3952 :
827 3907 932 3952 tres
969 3906 1148 3966 partes
1174 3899 1466 3968 perierunt,
1490 3905 1538 3951 et
1572 3914 1678 3950 una
1703 3908 1914 3952 servata
1939 3907 2013 3953 est
2031 3916 2051 3965 ;
2077 3916 2171 3953 nec
2207 3910 2384 3953 tamen
2415 3901 2480 3954 ab
2507 3901 2834 3971 agricultura
2859 3902 3075 3966 destitit,
3108 3903 3199 3955 sed
3221 3919 3353 3974 qua-

105 3999 230 4052 niam
255 4016 360 4052 una
384 4006 697 4052 conservata
721 4003 814 4058 est,
849 4012 1039 4066 agrum
1064 3994 1231 4048 colere
1263 4011 1365 4048 non
1387 3995 1628 4048 cessavit.
1669 4034 1684 4048 .
1723 4033 1739 4049 .
1778 4034 1794 4050 .
1833 4035 1848 4050 .
1881 3993 2316 4067 Quandoquidem
2338 4005 2386 4049 et
2409 4005 2590 4066 pastor
2609 3995 2718 4059 ille,
2747 3997 2838 4066 qui
2861 3996 3147 4065 nonaginta
3173 4012 3351 4049 norem

103 4091 364 4161 reliquerat
395 4107 537 4150 oves,
571 4089 642 4143 ad
671 4105 834 4142 unam
866 4086 1118 4150 cucurrit,
1162 4081 1284 4157 qua:
1315 4085 1674 4139 aberraverat.
1729 4083 2012 4144 Hominem
2055 4103 2157 4142 non
2195 4095 2470 4145 contento
2492 4103 2511 4141 :
2537 4087 2658 4145 licet
2688 4104 2821 4141 unus
2849 4089 2936 4149 sit,
2968 4088 3124 4140 homo.
3174 4097 3356 4143 tamen

105 4191 170 4236 ut
207 4181 407 4235 animal
441 4181 552 4237 Deo
579 4179 932 4233 carissimum.
971 4180 1052 4232 An
1084 4175 1238 4250 [420]
1269 4191 1326 4232 se
1353 4186 1626 4246 pastorem
1650 4175 1831 4230 dicere
1852 4193 1961 4232 non
1992 4177 2190 4236 audeat
2221 4176 2288 4242 is,
2319 4179 2410 4249 qui
2441 4179 2512 4234 ita
2548 4179 2826 4249 loquitur;
2861 4181 2971 4240 imo
3014 4195 3140 4235 vero
3167 4196 3353 4236 annon

104 4289 154 4330 se
179 4275 314 4330 clare
343 4282 625 4344 pastorem
654 4271 786 4326 dicit
820 4271 940 4329 haec
973 4269 1344 4341 proferendo?
1387 4269 1553 4324 Paulo
1583 4285 1664 4338 po:

1796 4270 2066 4328 Item'haec
2099 4271 2320 4340 subjicit
2369 4289 2382 4326 :
2423 4273 2496 4324 Οὐ
2529 4271 2812 4342 παύσομαι
2861 4271 3041 4341 λέγειν
3082 4273 3212 4343 ἐγὼ,
3248 4274 3356 4330 κᾶν

109 4368 279 4440 μηδεὶς
376 4369 405 4420 6
440 4365 680 4421 ἀκούων·
715 4365 900 4437 ἱατρός
924 4365 1063 4438 εἰμι,
1096 4361 1383 4436 ἐπιτίθημι
1406 4362 1476 4416 τὰ
1502 4360 1790 4436 φάρμακα’
1821 4362 2142 4427 διδάσκαλός
2170 4365 2308 4435 εἰμι,
2343 4367 2633 4435 παραινεῖν
2661 4366 3011 4440 ὲκελεύσθην·
3047 4367 3198 4439 λέγει,
3223 4371 3350 4442 γάρ’

106 4461 294 4516 Σκοπὸν
341 4459 562 4514 δέδωκά
619 4475 680 4511 σε
731 4456 810 4527 τῷ
857 4455 994 4527 οἴκῳ
1027 4456 1265 4526 Ἰσραήλ.
1325 4453 1383 4509 Id
1430 4464 1558 4510 est:
1601 4453 1666 4509 Νι

1797 4458 1984 4510 licendi
2031 4458 2190 4527 ﬁnem
2246 4459 2466 4528 faciam,
2517 4461 2726 4514 etiamsi
2781 4462 2959 4517 nullus
3005 4463 3072 4516 sit
3121 4465 3212 4534 qui
3256 4482 3357 4519 au-

108 4559 206 4611 diat
228 4577 247 4624 ;
271 4558 510 4612 medicus
538 4572 675 4621 sum,
703 4554 993 4624 pharmaca
1022 4551 1281 4617 adhibeo;
1335 4552 1516 4605 doctor
1546 4569 1684 4629 sum,
1721 4562 1772 4608 et
1824 4554 2081 4613 admoneo
2107 4570 2123 4621 ;
2171 4554 2250 4608 ait
2285 4555 2425 4614 enim
2449 4570 2470 4609 :
2503 4555 2913 4626 Speculatorem
2938 4557 3060 4614 dedi
3086 4567 3138 4616 te
3166 4558 3354 4616 domui

106 4651 272 4709 Israel.

166 4745 224 4800 In
250 4745 370 4800 aliis
397 4758 620 4814 quoque
644 4741 880 4798 homiliis
910 4739 1212 4799 Antiochiae
1235 4739 1455 4804 habitis,
1473 4739 1562 4794 illa
1590 4740 1773 4799 munia
1795 4755 1855 4796 se
1880 4755 2136 4799 exercere
2158 4743 2310 4808 dicit,
2332 4761 2454 4817 quae
2477 4745 2733 4807 videntur
2760 4748 2826 4803 ad
2848 4749 3116 4820 praecipua
3138 4752 3352 4822 episco-

106 4852 281 4910 porum
317 4839 503 4895 officia
535 4837 831 4909 pertinere.
865 4835 955 4892 Sic
987 4836 1042 4890 in
1066 4834 1324 4906 vigesima
1352 4834 1574 4890 homilia
1604 4835 1672 4890 ad
1704 4836 1963 4906 populum
1994 4837 2421 4904 Antiochenum,
2457 4849 2589 4896 tom.
2620 4843 2665 4896 ll
2709 4844 2836 4911 (col.
2863 4836 2987 4914 2H)
3023 4861 3036 4897 :
3068 4847 3354 4918 Τεσσαρά-

108 4947 254 4985 κοντα
291 4930 487 4984 λοιπὸν
522 4929 731 5000 ἡμέραι
763 4927 1062 4999 παρῆλθοψ
1113 4927 1182 4981 ἂν
1221 4927 1399 4981 τοίνυν
1428 4927 1489 4980 τὸ
1521 4929 1709 4997 πάσχα
1751 4929 2000 5001 παρέλθῃ
2037 4929 2101 4984 τὸ
2137 4931 2300 5002 ἱερὸν,
2338 4932 2510 4986 οὐδενὶ
2557 4934 2945 5006 συγγνώσομαι
2987 4936 3192 5002 λοιπὸν,
3229 4941 3352 4995 οὐδὲ

110 5023 417 5093 παραίνεσιν
463 5016 744 5094 προσάξω,
782 5019 900 5074 ἀλλ’
935 5018 1206 5090 ἐπιταγὴν
1237 5020 1332 5072 καὶ
1361 5019 1667 5090 ἀποτομίαν
1704 5020 2180 5093 ἀκαταφρόνητον.
2213 5063 2228 5078 .
2257 5064 2277 5086 .,
2309 5063 2323 5078 .
2353 5063 2367 5076 .
2414 5027 2549 5080 πᾶσι
2594 5026 2772 5082 τοίνυν
2822 5029 3073 5101 προλέγω
3111 5033 3205 5086 καὶ
3237 5033 3355 5090 δια-

112 5117 511 5190 μαρτύρουμαι,
542 5115 625 5170 ὅτι
670 5113 738 5168 ἂν
787 5112 1189 5184 συγγενόμενος
1236 5112 1367 5183 ὑμῖν
1426 5111 1551 5166 κατ’
1592 5111 1751 5178 ίδίαν,
1803 5114 1900 5168 καὶ
1949 5113 2128 5170 λαϐὼν
2183 5116 2495 5189 ἀπόπειραν
2544 5117 2806 5191 (λήψομαι
2845 5121 2903 5176 δὲ
2945 5123 3208 5194 πάντως),
3261 5130 3358 5181 καὶ
3445 5150 3447 5152 ·

112 5209 242 5282 εὕρω
294 5212 452 5277 τινὰς
523 5210 596 5283 μὴ
641 5208 1048 5282 ὀιορθώσαντας
1096 5205 1157 5261 τὸ
1205 5205 1518 5275 ἐλάττωμα.
1570 5206 1866 5280 ἀπαιτήσω
1914 5207 2094 5279 δίκην,
2145 5210 2409 5276 κελεύσας
2469 5211 2576 5279 ἔξω
2631 5215 2814 5288 μένειν
2874 5217 2986 5272 τῶν
3038 5198 3383 5293 μυστηρίων.

111 5302 203 5356 τῶν
229 5304 413 5376 ἱερῶν,
445 5304 562 5360 Hoc
591 5314 675 5360 est
705 5322 719 5360 :
749 5304 1119 5377 Quadraginta
1168 5305 1278 5359 dies
1305 5304 1427 5374 jam
1455 5306 1826 5372 prteterierunt
1857 5323 1876 5362 :
1899 5307 1947 5360 si
1971 5307 2132 5377 igitur
2173 5325 2383 5363 sacrum
2413 5327 2616 5381 quoque
2652 5312 2859 5369 Pascha
2917 5325 3175 5385 transeat,
3225 5320 3358 5374 nulli

113 5396 236 5451 ultra
258 5399 474 5453 veniam
502 5399 656 5461 dabo,
682 5414 785 5451 non
823 5396 1252 5459 admonitionem,
1285 5397 1375 5449 sed
1403 5396 1506 5448 vim
1547 5396 1756 5464 imperii
1782 5406 1854 5451 'et
1895 5399 2226 5452 severitatem
2261 5415 2364 5453 non
2402 5405 2835 5458 contemnendam
2860 5408 3130 5465 adhibebo.
3167 5448 3182 5464 .
3220 5451 3234 5465 .
3269 5450 3283 5465 .
3316 5451 3330 5466 .

112 5487 342 5544 Omnibus
380 5491 566 5561 itaque
587 5490 836 5544 denuntio
865 5498 915 5543 et
940 5497 1230 5558 protestor;
1263 5489 1400 5558 quod
1428 5489 1473 5542 si
1500 5504 1589 5542 vos
1621 5489 1852 5559 singulos
1879 5491 2225 5555 conveniens,
2265 5501 2315 5546 et
2345 5494 2757 5564 experimentum
2795 5514 3005 5555 sumens
3041 5502 3186 5574 (nam
3212 5504 3356 5558 haud

113 5584 247 5639 dubie
271 5586 530 5653 sumam),
561 5585 941 5655 deprehendero
975 5583 1232 5654 quosdam
1261 5582 1357 5636 hoc
1388 5582 1575 5636 vitium
1605 5599 1709 5636 non
1728 5584 2032 5650 correxisse,
2064 5600 2272 5654 poenam
2300 5587 2564 5658 irrogabo,
2601 5591 2804 5646 edicam
2830 5602 2885 5646 ut
2924 5595 3052 5664 foris
3083 5604 3231 5648 extra
3262 5612 3356 5650 sa-

113 5692 193 5730 cra
215 5681 466 5756 mysteria
495 5681 762 5734 consistat.
798 5677 881 5733 An
929 5679 1163 5747 pastoris
1199 5693 1402 5733 nomen
1439 5692 1705 5748 usurpare
1734 5693 1844 5732 non
1883 5680 2081 5734 audeat
2109 5679 2202 5750 qui
2231 5681 2359 5742 talia
2394 5682 2572 5739 fatur?
2604 5683 2804 5740 Verum
2843 5685 2957 5740 haec
2986 5701 3015 5740 a
3040 5685 3246 5756 judicio
3274 5686 3356 5742 le-

113 5767 267 5826 rendo
279 5755 688 5831 Tilleutoutium
711 5771 996 5828 detinuere
1019 5785 1032 5824 :
1057 5779 1112 5828 et
1136 5768 1517 5827 Antiochitene
1534 5784 1605 5826 an
1619 5767 2092 5841 Constantinopoli
2114 5767 2360 5828 Homilies
2379 5771 2434 5827 in
2455 5771 2748 5844 Epistolam
2772 5775 2839 5831 ad
2864 5755 3360 5836 Romanos'habita
