3950 6462
564 339 671 397 589
2000 334 2124 391 PRA

2256 295 2386 390 τεο
2726 328 2729 331 ‘
3726 340 3816 397 svo

563 455 788 521 iuerint,
814 454 1047 511 deﬁnire
1072 469 1185 510 non
1214 468 1381 509 ausus
1405 461 1508 507 est.
1541 449 1652 506 Nos
1684 460 1868 507 autem
1889 451 2048 521 quasi
2078 457 2289 507 certum
2313 460 2369 505 et
2396 451 2732 519 exploratum
2759 453 3067 509 habendum
3095 464 3367 524 putamus,
3398 454 3517 509 illas
3541 454 3817 512 Antiochiae

565 549 781 606 habitas
808 550 995 611 fuisse,
1031 549 1361 605 Tillemontii
1389 550 1535 603 enim
1564 546 1801 616 obiectio
1823 562 1925 601 nos
1952 563 1982 600 a
2015 545 2109 602 tali
2146 544 2369 600 ferenda
2402 546 2672 600 sententia
2700 547 2971 603 abducere
2994 565 3103 604 non
3124 559 3331 619 potest.
3354 548 3467 603 Cur
3493 550 3640 603 enim
3667 546 3818 619 Chry-

565 652 862 709 sostomus,
904 641 1109 697 fatente
1144 640 1509 704 Tillemontio.
1541 640 1627 695 bis
1662 638 1807 693 clare
1837 638 2043 693 indicet
2090 652 2149 691 se
2193 636 2499 690 Antiochiae
2534 636 2868 701 concionari,
2902 632 3037 713 quid
3080 640 3221 696 ultra
3267 640 3617 711 quaeramus?
3646 649 3699 694 et
3738 658 3817 697 cur

567 743 677 788 tam
702 734 806 788 levi
836 734 1153 804 conjectura
1188 749 1219 788 a
1251 731 1622 803 Chrysostomi
1648 731 1963 788 testimonio
1992 730 2272 800 sequendo
2300 728 2681 784 detineamur?

637 853 879 918 Annum,
928 866 1036 923 quo
1069 851 1233 907 hasce
1264 851 1517 906 homilias
1548 850 1789 906 Joannes
1831 846 2123 905 adornavit
2166 856 2222 901 et
2264 846 2417 910 dixit,
2450 862 2520 902 ne
2555 846 2870 916 conjectura
2901 847 3118 919 quidem
3164 846 3381 919 assequi
3412 849 3658 903 valemus
3687 867 3700 903 :
3735 849 3823 906 hoc

568 946 739 1003 unum
768 944 887 998 sine
909 944 1125 999 errandi
1153 943 1400 1017 periculo
1429 943 1612 999 dicere
1635 958 1946 1013 possumus,
1972 940 2192 996 nonnisi
2218 948 2343 1011 post
2375 954 2581 994 annum
2620 938 2726 995 588
2757 940 3001 1010 potuisse
3025 940 3474 1012 Chrysostomum
3505 940 3595 995 his
3622 956 3821 997 manum

567 1050 622 1093 et
660 1052 878 1106 operam
901 1035 1194 1090 admovere
1237 1053 1250 1088 :
1285 1036 1444 1091 annis
1476 1051 1714 1106 namque
1744 1036 1851 1092 illis
1879 1034 2177 1106 prioribus,
2206 1033 2361 1104 queis
2387 1032 2791 1088 coneionatoris
2823 1032 3000 1089 olﬁcio
3026 1033 3248 1090 functus
3271 1043 3374 1103 est,
3405 1042 3484 1092 tot
3509 1035 3680 1091 edidit
3705 1051 3825 1092 con-

565 1131 750 1189 ciones
779 1140 835 1183 et
864 1128 1135 1193 homilias,
1162 1139 1221 1184 ut
1248 1129 1379 1200 ipsis
1408 1130 1542 1184 alias
1574 1129 1813 1200 adjicere
1842 1143 1952 1182 non
1980 1124 2220 1181 licuerit.

633 1240 772 1301 Cum
802 1255 965 1310 porro
989 1238 1260 1307 Julianus,
1291 1241 1382 1312 qui
1408 1240 1607 1312 Pelagii
1633 1255 1848 1296 errores
1880 1237 2157 1304 tuebatur,
2188 1234 2255 1292 ad
2279 1248 2566 1309 peccatum
2595 1239 2858 1312 originale
2883 1239 3184 1296 tollendum
3206 1242 3585 1315 Chrysostomi
3611 1246 3828 1303 auctori-

566 1339 675 1391 tate
700 1349 834 1388 usus
862 1344 1045 1401 esset;
1072 1336 1432 1404 Augustinus,
1462 1334 1552 1404 qui
1587 1334 1736 1389 hunc
1760 1334 2032 1388 hmreseos
2061 1341 2520 1403 prepugnatorem
2553 1334 2767 1405 egregie
2802 1333 3030 1403 depulit,
3069 1350 3137 1389 ex
3164 1336 3393 1391 homilia
3420 1338 3632 1393 decima
3668 1337 3823 1411 (ζωτ-

564 1428 792 1482 sostomi
836 1428 1007 1482 multa
1038 1427 1326 1483 confertim
1355 1426 1538 1483 attulit
1572 1427 1708 1482 libro
1738 1428 1759 1481 l
1791 1434 1980 1481 contra
2006 1422 2308 1491 Iulianum,
2341 1440 2513 1495 eaque
2539 1424 2734 1480 Latine
2773 1440 3057 1493 conversa,
3087 1442 3210 1498 quae
3250 1430 3413 1485 nobis
3449 1430 3542 1486 hic
3566 1446 3825 1503 apponere

566 1520 743 1575 visum
775 1532 878 1587 est,
900 1524 1178 1579 annotatis
1202 1522 1256 1577 in
1291 1521 1537 1594 margine
1566 1521 1721 1587 locis,
1759 1520 1904 1575 unde
1926 1521 2043 1575 haec
2070 1519 2346 1590 excerpsit
2376 1519 2736 1590 Augustinus.

636 1635 789 1709 [421]
828 1637 907 1709 (a)
938 1636 1072 1707 Lege
1098 1639 1259 1693 etiam
1286 1638 1731 1709 quemadmodum
1756 1637 1967 1705 exponit
2000 1636 2139 1688 idem
2182 1634 2294 1703 ipse
2335 1634 2418 1687 uir
2459 1642 2674 1687 sanctus
2723 1642 2965 1688 eumdem
3006 1634 3182 1704 ipsum
3232 1633 3476 1705 Apostoli
3514 1633 3705 1700 locum,
3751 1639 3829 1695 ubi

562 1728 816 1797 scriptum
840 1739 915 1783 est
946 1743 962 1781 :
999 1729 1103 1784 Per
1126 1747 1294 1785 unum
1320 1729 1599 1785 hominem
1628 1738 1912 1800 peccatum
1943 1726 2169 1783 intravit
2196 1726 2251 1785 in
2273 1726 2539 1783 mundum
2575 1726 2751 1795 (Rom.
2779 1742 2835 1788 ν,
2870 1726 2978 1795 ΙΞ).
3012 1726 3092 1782 Ibi
3121 1728 3261 1783 enim
3286 1727 3402 1782 luce
3430 1728 3634 1783 clarius
3660 1730 3714 1783 in
3739 1732 3826 1783 Ini-

556 1816 648 1892 jus
672 1817 795 1885 ﬁdei
822 1816 1106 1874 Catholica:
1140 1820 1361 1874 veritate
1389 1829 1650 1873 versatur.
1674 1817 1827 1883 Quod
1856 1827 2022 1871 totum
2042 1818 2167 1888 quia
2199 1816 2417 1886 longum
2444 1824 2518 1869 est
2549 1816 2670 1869 huic
2694 1818 2840 1887 operi
2864 1818 3116 1883 intexere,
3148 1819 3331 1888 paucis
3354 1820 3477 1873 inde
3502 1821 3826 1891 contingam:

562 1908 927 1977 Manifestum,
961 1913 1153 1983 inquit,
1176 1912 1432 1982 quoniam
1456 1928 1561 1965 non
1596 1911 1775 1981 ipsum
1805 1920 2114 1982 peceatum,
2143 1908 2289 1979 quod
2319 1923 2382 1963 ex
2411 1908 2545 1979 legis
2577 1908 3031 1978 transgressione,
3057 1910 3154 1966 sed
3186 1910 3316 1966 illud
3353 1921 3663 1981 peccatum,
3696 1915 3831 1984 quod

565 2012 631 2052 ex
663 1999 793 2054 Adae
822 2000 1211 2065 inobedientia,
1238 2001 1343 2056 hoc
1371 2011 1509 2067 erat,
1538 2000 1683 2076 quod
1714 2000 1895 2054 omnia
1928 1998 2337 2055 contaminavit.
2373 1997 2441 2052 Et
2473 1999 2635 2068 paulo
2667 2008 2785 2069 post
2812 2014 2832 2053 :
2866 2000 3156 2071 Regnavit,
3182 2003 3373 2073 inquit,
3408 2019 3559 2059 mors
3584 2004 3653 2059 ab
3673 2006 3827 2061 Adam

564 2106 737 2161 usque
759 2091 827 2145 ad
848 2090 1088 2163 Moysen,
1116 2101 1171 2146 et
1201 2092 1253 2145 in
1281 2107 1397 2156 eos,
1429 2092 1522 2161 qui
1556 2108 1664 2146 non
1691 2099 2074 2161 peccaverunt.
2098 2089 2383 2155 Quomodo
2418 2090 2702 2161 regnavit?
2727 2090 2788 2145 ln
2817 2091 3175 2148 similitudine
3208 2096 3661 2166 transgressionis
3681 2098 3815 2162 Adae,

561 2189 655 2259 qui
686 2200 772 2243 est
799 2186 973 2241 forma
1008 2187 1174 2241 futuri
1210 2188 1389 2257 (Ibid,
1418 2188 1528 2256 14).
1561 2186 1855 2256 PrOpterea
1902 2195 1958 2240 et
1995 2185 2175 2240 forma
2204 2195 2289 2241 est
2322 2182 2524 2240 Christi
2559 2184 2750 2240 Adam.
2785 2184 3073 2253 Quomodo
3116 2186 3290 2243 forma
3331 2198 3437 2255 est,
3462 2190 3661 2246 aiunt?
3692 2192 3827 2260 Quo-

561 2280 707 2333 niam
758 2280 899 2334 sicut
942 2278 1032 2334 ille
1083 2295 1146 2333 ex
1179 2279 1472 2350 semetipso
1505 2280 1880 2341 nascentibus.
1911 2280 2161 2349 quamvis
2208 2295 2317 2335 non
2346 2279 2796 2335 manducaverint
2821 2281 2889 2335 de
2914 2280 3078 2349 ligno,
3108 2280 3284 2337 factus
3312 2293 3396 2339 est
3433 2298 3600 2341 causa
3630 2288 3827 2353 mortis,

561 2387 682 2441 quae
707 2386 803 2440 per
832 2370 1013 2425 cibum
1048 2370 1271 2425 inducta’
1293 2379 1377 2425 est
1410 2388 1423 2424 :
1460 2370 1533 2425 ita
1568 2379 1620 2429 et
1660 2370 1914 2426 Christus
1950 2364 2036 2435 iis,
2073 2370 2163 2439 qui
2196 2386 2263 2426 ex
2304 2370 2423 2440 ipso
2469 2379 2617 2435 sunt,
2648 2371 2861 2427 tametsi
2906 2371 3043 2427 nihil
3073 2372 3220 2443 juste
3257 2374 3492 2444 egerint,
3533 2376 3710 2433 factus
3751 2394 3828 2447 es;

561 2463 808 2535 provisor
844 2463 1089 2533 justitiae,
1131 2478 1294 2533 quam
1322 2478 1419 2533 per
1447 2478 1668 2518 crucem
1708 2462 1866 2517 nobis
1893 2462 2149 2516 omnibus
2178 2461 2507 2517 condonavit
2537 2460 2634 2533 (b).
2675 2460 2794 2516 Alio
2831 2463 2887 2516 in
2924 2462 3036 2518 loco
3084 2471 3263 2519 eodem
3285 2483 3528 2521 sermone
3557 2486 3570 2522 :
3606 2469 3680 2525 Ut
3717 2486 3831 2526 eum

562 2559 660 2615 tibi
689 2559 887 2614 dixerit
910 2558 1153 2621 Judattts,
1182 2556 1381 2627 inquit,
1406 2556 1692 2623 Quomodo
1718 2558 1879 2612 unius
1915 2558 2118 2612 virtute
2142 2556 2348 2612 Christi
2371 2557 2607 2612 mundus
2633 2557 2873 2613 salvatus
2895 2560 3013 2614 est?
3034 2559 3213 2629 possis
3240 2559 3289 2614 ei
3316 2561 3535 2616 dicere:
3562 2561 3825 2629 Quemad‘

561 2648 783 2709 modum
814 2663 924 2701 uno
948 2646 1297 2701 inohediente
1318 2646 1490 2701 Adam
1515 2648 1755 2701 mundus
1788 2646 2079 2702 damnatus
2106 2655 2210 2703 est.
2236 2645 2558 2716 Quanquam
2593 2662 2703 2702 non
2728 2649 2835 2703 sint
2867 2649 3115 2719 aequalia,
3139 2650 3307 2723 gratia
3335 2660 3499 2723 atque
3530 2666 3820 2723 peccatum,

561 2757 743 2811 neque
772 2740 924 2810 paria
946 2740 1057 2794 sint
1078 2755 1225 2793 mors
1254 2747 1419 2808 atque
1446 2738 1576 2805 vita,
1606 2754 1717 2793 non
1753 2739 1976 2809 aequalis
2006 2737 2146 2794 Deus
2179 2754 2244 2793 ac
2274 2738 2523 2794 diabolus
2559 2737 2652 2809 (ε).
2692 2742 2831 2795 Item
2860 2750 2975 2810 post
2999 2740 3281 2810 paututum
3310 2762 3324 2797 :
3357 2744 3467 2800 Sed
3502 2761 3616 2801 non
3652 2762 3822 2818 quem—

560 2834 855 2892 admodum
878 2833 1161 2898 delictum,
1192 2832 1383 2900 inquit,
1412 2830 1485 2885 ita
1512 2840 1567 2886 et
1595 2832 1787 2903 gratia.
1821 2831 1880 2887 Si
1908 2832 2055 2887 enim
2086 2831 2249 2887 unius
2276 2832 2474 2889 delicto
2507 2832 2663 2887 multi
2693 2835 2896 2889 mortui
2928 2844 3077 2901 sunt,
3104 2837 3277 2894 multo
3316 2840 3489 2911 magis
3525 2844 3696 2913 gratia
3734 2844 3821 2899 Dei

561 2938 618 2984 et
649 2928 852 2995 donum
878 2927 930 2981 in
955 2926 1125 3004 gratia
1158 2925 1321 2980 unius
1349 2924 1591 2980 hominis
1612 2924 1741 2981 Iesu
1764 2925 1967 2981 Christi
1999 2926 2055 2980 in
2090 2927 2289 2982 muitos
2312 2927 2611 2984 abundavit
2641 2927 2798 2999 (Ibid.
2835 2928 2945 2998 15).
2977 2929 3132 3001 Quod
3158 2932 3303 2989 enim
3332 2933 3486 2998 dicit,
3518 2937 3706 3007 inquit.
3732 2940 3823 2994 hn«

561 3020 803 3094 jusmodi
832 3028 915 3075 est
950 3037 963 3071 :
996 3017 1051 3076 Si
1080 3025 1365 3088 peccatum
1391 3017 1580 3082 valuit,
1618 3027 1672 3072 et
1702 3027 1989 3088 peccatum
2024 3018 2188 3075 unius
2210 3019 2488 3087 hominis;
2520 3020 2693 3092 gratia
2733 3030 2789 3075 et
2835 3022 2929 3077 Dei
2978 3024 3172 3095 gratia,
3200 3034 3255 3080 et
3293 3042 3407 3082 non
3437 3028 3617 3084 solum
3642 3031 3822 3095 Patris.

559 3113 655 3168 sed
687 3111 851 3165 etiam
898 3109 1047 3176 Filii,
1072 3108 1531 3179 quemadmodum
1566 3123 1678 3163 non
1707 3109 1942 3180 amplius
1977 3109 2332 3180 przevalebit?
2378 3110 2545 3166 Multo
2590 3112 2736 3167 enim
2785 3113 2890 3173 hoc
2923 3115 3323 3173 rationabilius.
3370 3118 3506 3175 Nam
3546 3122 3710 3177 alium
3738 3141 3825 3195 pro

559 3203 669 3258 alio
698 3201 967 3265 damnari,
1000 3216 1109 3255 non
1134 3199 1291 3255 valde
1319 3200 1536 3253 videtur
1568 3198 1771 3255 habere
1800 3200 2068 3255 rationem
2108 3218 2125 3260 ξ
2155 3200 2321 3254 alium
2352 3210 2536 3255 autem
2563 3216 2662 3271 pro
2696 3202 2805 3258 alio
2827 3203 3043 3267 salvari,
3076 3214 3134 3260 et
3155 3206 3442 3264 decentius
3464 3210 3638 3282 magis
3661 3222 3715 3267 et
3746 3230 3822 3269 ra-

563 3296 877 3352 tionabilius
911 3303 1163 3366 apparet.
1189 3291 1245 3348 Si
1270 3293 1433 3364 igitur
1456 3293 1587 3348 illud
1619 3293 1822 3349 factum
1854 3302 1956 3358 est,
1983 3295 2158 3349 multo
2190 3295 2362 3367 magis
2395 3294 2498 3349 hoc
2524 3295 2623 3365 (ιι).
2666 3293 2906 3367 Itemque
2930 3296 3060 3355 alibi,
3092 3299 3147 3352 in
3177 3303 3607 3371 consequentibus
3639 3320 3654 3370 ;
3686 3303 3825 3360 ludi-

558 3394 723 3459 cium,
758 3392 949 3462 inquit,
979 3406 1043 3445 ex
1073 3404 1185 3444 uno
1212 3389 1266 3443 in
1296 3388 1834 3453 condemnationem,
1869 3388 2044 3457 gratia
2089 3396 2272 3443 autem
2317 3404 2385 3443 ex
2432 3388 2617 3443 multis
2666 3388 2884 3445 delictis
2934 3390 2991 3445 in
3018 3391 3471 3462 justiﬁeationem
3504 3396 3689 3464 (Ibid.,
3727 3400 3821 3465 16).

559 3486 677 3543 lloc
708 3487 852 3541 idem
880 3493 984 3550 est,
1011 3485 1204 3555 inquit,
1230 3482 1373 3553 quod
1405 3481 1624 3548 dicitur,
1664 3480 1920 3552 quoniam
1946 3480 2167 3551 quidem
2197 3491 2429 3538 mortem
2469 3489 2525 3541 et
2560 3481 2965 3541 damnationem
2999 3484 3180 3555 potuit
3216 3498 3503 3558 peccatum
3534 3490 3826 3559 inducere;

560 3581 730 3656 gratia
757 3588 941 3635 autem
964 3593 1075 3632 non
1108 3592 1277 3631 unum
1310 3575 1441 3631 illud
1474 3574 1853 3630 tantummodo
1892 3573 2169 3631 interfecit
2199 3584 2507 3648 peccatum,
2542 3576 2635 3630 sed
2675 3575 2839 3631 etiam
2888 3587 3011 3646 post
3042 3577 3174 3635 illud
3212 3579 3551 3637 introeuntia
3595 3593 3822 3653 peccata.

560 3674 629 3729 Et
656 3671 818 3742 paulo
843 3677 959 3739 post
981 3668 1046 3721 de
1068 3666 1163 3721 hoc
1191 3666 1302 3735 ipso
1325 3682 1343 3721 :
1369 3664 1637 3732 Quoniam
1660 3680 1811 3737 ergo,
1834 3665 2028 3736 inquit,
2060 3664 2217 3736 plura
2241 3665 2549 3721 introducta
2571 3677 2700 3724 sunt
2727 3667 2894 3735 bona,
2922 3677 2979 3723 et
3005 3685 3117 3725 non
3136 3670 3309 3751 solum
3333 3672 3468 3729 illud
3489 3675 3831 3731 interfectum

559 3776 646 3823 est
676 3776 985 3837 peccatum,
1018 3760 1113 3817 sed
1137 3761 1300 3816 etiam
1331 3760 1515 3816 omnia
1544 3760 1775 3831 reliqua,
1803 3760 2045 3817 ostendit
2067 3760 2257 3817 dicens
2284 3777 2300 3816 :
2328 3760 2513 3817 Gratia
2535 3770 2719 3818 autem
2750 3780 2817 3818 ex
2847 3763 3036 3820 multis
3057 3764 3268 3822 delictis
3287 3766 3342 3822 iu
3370 3766 3821 3839 iustiﬁcationes.

558 3862 630 3919 Et
653 3871 769 3933 post
790 3858 1071 3932 paululum
1094 3860 1172 3912 ait
1218 3874 1232 3912 :
1272 3855 1456 3913 Primo
1483 3857 1628 3913 enim
1660 3856 1832 3913 dixit:
1859 3855 2133 3924 Quoniam
2171 3856 2219 3914 si
2262 3857 2427 3916 unius
2474 3868 2758 3930 peccatum
2798 3859 3069 3917 interfecit
3109 3876 3329 3930 onlnes,
3364 3865 3540 3921 multo
3579 3868 3743 3941 magis
3778 3876 3829 3924 et

556 3956 721 4011 unius
756 3954 929 4027 gratia
957 3952 1160 4024 poterit
1192 3952 1421 4008 salvare.
1453 3951 1582 4013 Post
1613 3951 1732 4007 haec
1759 3959 1945 4007 autem
1975 3951 2238 4017 ostendit,
2274 3953 2468 4023 inquit,
2500 3952 2755 4024 quoniam
2805 3970 2915 4009 non
2956 3954 3088 4011 illud
3138 3957 3315 4013 solum
3359 3958 3711 4017 interfectum
3751 3972 3823 4019 est

556 4059 845 4121 peccatum
878 4064 976 4120 per
1004 4047 1256 4120 gratiam,
1277 4046 1372 4102 sed
1394 4047 1560 4101 etiam
1586 4045 1770 4101 omnia
1793 4045 2003 4117 reliqua
2035 4063 2050 4101 :
2080 4054 2136 4101 et
2157 4062 2271 4101 non
2299 4047 2473 4102 solum
2505 4059 2727 4119 peccata
2754 4048 3041 4105 interfecta
3063 4058 3212 4121 sunt,
3239 4053 3334 4109 sed
3360 4055 3528 4109 etiam
3556 4068 3613 4111 et
3643 4058 3827 4113 tributa

560 4140 771 4212 justitia
803 4148 887 4195 est
917 4157 929 4193 :
961 4148 1016 4194 et
1048 4156 1159 4194 non
1192 4148 1406 4193 tantum
1436 4138 1612 4194 solum
1642 4139 1847 4210 profuit
1889 4138 2162 4205 Christus,
2184 4151 2448 4211 quantum
2485 4142 2673 4198 nocuit
2700 4144 2895 4211 Adam,
2926 4144 3022 4201 sed
3055 4146 3229 4202 multo
3258 4148 3495 4218 amplius
3525 4160 3689 4222 atque
3718 4168 3822 4206 ma-

572 4229 657 4298 gis
682 4228 778 4299 (e).
823 4227 947 4282 Post
985 4229 1094 4282 ha'c
1134 4228 1188 4281 in
1214 4228 1395 4281 eodem
1427 4244 1546 4281 eum
1573 4227 1637 4281 de
1676 4227 1936 4297 baptismo
1971 4237 2171 4299 ageret,
2204 4229 2517 4300 interposuit
2549 4231 2705 4286 verba
2734 4232 2990 4302 Apostoli,
3023 4235 3246 4290 dicentis
3274 4255 3288 4293 :
3319 4237 3403 4292 An
3433 4238 3714 4311 ignoratis,
3747 4244 3819 4296 in-

564 4320 699 4388 quit,
733 4319 948 4386 fratres,
974 4319 1231 4388 quoniam
1251 4318 1562 4388 quicunque
1598 4319 1652 4373 in
1688 4318 1909 4374 Christo
1934 4318 2194 4389 baptizati
2225 4335 2437 4399 sumus,
2464 4322 2521 4376 in
2566 4330 2743 4380 morte
2768 4324 2940 4396 ipsius
2965 4326 3221 4398 baptizati
3250 4332 3478 4387 sumus?
3516 4333 3818 4405 Consepulti

562 4430 695 4485 ergo
722 4429 915 4468 sumus
941 4412 1016 4466 illi
1046 4428 1142 4484 per
1163 4412 1494 4482 baptismum
1529 4411 1584 4465 in
1618 4422 1817 4469 morte.
1868 4412 2011 4480 Quid
2036 4421 2119 4469 est
2148 4432 2168 4469 ε-
2195 4413 2254 4469 In
2282 4422 2458 4470 morte
2491 4416 2611 4487 ejus
2641 4417 2897 4490 haptizati
2927 4423 3160 4476 sumus?
3184 4421 3255 4478 Ut
3286 4432 3342 4479 et
3384 4424 3489 4497 ipsi
3539 4431 3819 4485 moriamur

560 4509 707 4564 sicut
729 4516 785 4563 et
815 4507 924 4562 ille.
947 4506 1093 4562 Crux
1122 4505 1265 4561 enim
1290 4514 1374 4560 est
1400 4505 1687 4576 baptisma.
1718 4506 1873 4573 Quod
1896 4523 2029 4578 ergo
2058 4523 2187 4564 crux
2208 4507 2427 4566 Christo
2448 4519 2503 4565 et
2521 4510 2862 4582 sepulcrum,
2885 4512 2989 4570 hoc
3008 4514 3166 4571 nobis
3190 4515 3463 4588 baptisma
3492 4518 3696 4577 factum
3719 4534 3821 4588 est;

564 4599 781 4659 tametsi
806 4613 916 4654 non
944 4598 1001 4653 in
1030 4597 1238 4653 eisdem
1268 4597 1423 4668 ipsis.
1452 4598 1573 4669 lpse
1602 4615 1838 4670 namque
1859 4616 2022 4658 carne
2056 4609 2113 4656 et
2149 4614 2398 4657 mortuus
2424 4612 2509 4659 est
2528 4613 2584 4659 et
2605 4604 2886 4687 sepultus;
2917 4622 3021 4664 nos
3042 4618 3225 4664 autem
3254 4620 3481 4681 peccato
3510 4613 3565 4668 in
3588 4623 3821 4687 utroque.

559 4693 905 4763 Quapropter
932 4707 1041 4747 non
1073 4690 1243 4747 dixit:
1275 4691 1640 4762 Complantati
1663 4693 1824 4748 morti
1854 4710 1869 4759 ;
1899 4694 2017 4758 sed,
2044 4694 2407 4750 Similitudini
2431 4697 2643 4756 mortis.
2674 4684 2823 4755 Mors
2854 4714 3091 4772 namque
3115 4712 3171 4757 et
3200 4703 3307 4759 hoc
3340 4715 3398 4761 et
3423 4705 3580 4772 illud,
3610 4709 3701 4764 sed
3722 4684 3817 4763 non

557 4789 740 4845 eidem
779 4788 882 4860 ipsi
914 4788 1181 4861 suhjacet,
1207 4787 1304 4845 sed
1341 4788 1459 4844 haec
1485 4788 1705 4860 quidem
1728 4789 1910 4845 carnis
1932 4788 2161 4855 Christi,
2188 4799 2375 4847 nostra
2406 4801 2595 4849 autem
2628 4794 2863 4867 peccati.
2896 4794 3371 4864 Quemadmodum
3408 4815 3544 4875 ergo
3566 4802 3653 4857 illa
3681 4817 3813 4869 vera,

558 4892 617 4941 et
650 4883 768 4938 haec
789 4883 877 4953 (ι’).

634 4998 786 5073 [422]
828 4999 926 5056 His
964 5000 1203 5071 adjicere
1228 4999 1407 5057 visum
1437 5009 1523 5057 est
1550 5000 1658 5067 illa,
1690 5016 1811 5070 qua:
1839 5001 2075 5058 Savilius
2100 5003 2245 5059 circa
2274 5019 2430 5061 suam
2467 5004 2829 5063 liomiliarum
2867 5007 3241 5082 Chrysostomi
3287 5011 3344 5067 in
3369 5012 3643 5084 Epistolas
3670 5010 3802 5067 Pauli

558 5087 889 5157 Editionem,
920 5094 1064 5149 notis
1110 5093 1393 5164 prmmisit.
1427 5092 1590 5150 Putat
1619 5094 1708 5150 ille
1736 5095 1999 5152 Homilias
2029 5096 2405 5171 Chrysostomi
2436 5099 2492 5155 in
2520 5099 2817 5172 Epistolam
2855 5103 2924 5159 ad
2954 5102 3230 5163 Romanos
3267 5106 3582 5165 Antiochiae
3626 5108 3809 5163 habitas

557 5181 747 5274 fuisse,
779 5198 942 5252 quam
965 5201 1065 5241 nos
1087 5188 1420 5242 sententiam
1448 5187 1682 5259 amplexi
1716 5203 1928 5246 sumus.
1955 5189 2155 5247 Verum
2186 5191 2276 5248 ille
2298 5207 2411 5249 non
2442 5192 2636 5250 eodem
2665 5210 2783 5266 quo
2796 5211 2903 5254 nos
2923 5192 3195 5272 κριτηριῳ
3225 5199 3293 5257 ad
3325 5200 3477 5257 illam
3499 5213 3810 5274 propugnan-

559 5273 684 5333 dnm
724 5276 1055 5330 sententiam
1090 5293 1221 5334 usus
1251 5288 1355 5334 est.
2506 5310 2513 5311 κ
3520 5298 3523 5301 -

621 5493 695 5616 qn;
720 5492 990 5557 Augustin.
1020 5499 1187 5545 contra
1207 5494 1465 5569 lulianum
1487 5497 1524 5548 l.
1548 5510 1582 5559 ι,
1608 5510 1652 5547 c.
1678 5498 1759 5557 27,
1853 5497 1965 5549 515.

644 5554 671 5604 b
720 5557 863 5609 Joan.
885 5555 1137 5616 Chrysost.
1166 5558 1335 5608 homil.
1364 5557 1424 5609 10
1448 5561 1497 5611 lu
1523 5558 1683 5616 Epist.
1709 5559 1772 5612 ad
1832 5573 1952 5616 om..

644 5554 693 5625 ὁ)
720 5554 863 5625 toan.
885 5555 1137 5616 Chrysost.
1166 5558 1335 5608 homil.
1364 5557 1424 5609 10
1448 5561 1497 5611 lu
1523 5554 1683 5624 Epist.
1709 5554 1772 5612 ad
1783 5554 1952 5625 Bom.,
1976 5559 2070 5614 col.
2101 5558 2211 5614 475.

644 5619 854 5754 $551.2}?
878 5679 975 5730 col.
1002 5679 1112 5730 476.

642 5742 691 5801 ιτ)
722 5741 844 5790 lbid.

621 5799 685 5865 (ί)
713 5800 837 5855 lbid.
866 5804 943 5857 col
970 5802 1079 5854 480.
