3950 6458
152 321 266 385 3,39-
1233 316 1486 372 savnn
1526 316 1594 370 in
1635 312 1712 370 1c

1828 315 1885 370 lM
1926 313 2261 373 TERTIUM.
3254 315 3388 377 τοο·

538 679 1137 813 SAVILII
1238 681 1400 806 IN
1497 681 2075 811 TOMUM
2176 684 2957 815 TERTIUM.

1531 957 1971 988 ψ

202 1165 338 1241 [435]
367 1165 631 1221 Cancrum
661 1162 729 1217 de
756 1162 897 1226 loco,
924 1158 1019 1214 ubi
1048 1158 1266 1229 scriptae
1290 1157 1377 1242 vel
1404 1157 1565 1214 dictae
1593 1157 1704 1212 sint
1736 1158 1824 1213 ba:
1850 1157 1906 1211 in
1933 1157 2152 1212 beatum
2182 1157 2505 1228 Apostolum
2551 1176 2580 1215 a
2622 1154 2833 1219 Joanne
2873 1172 3064 1223 nostro
3094 1160 3387 1225 elaboratae

145 1259 487 1331 Expositiones
520 1265 575 1309 ct
601 1255 861 1315 homiliae,
894 1268 924 1307 a
958 1251 1135 1308 doctis
1166 1252 1327 1307 video
1358 1250 1413 1304 in
1438 1250 1620 1306 varias
1644 1250 1780 1305 itum
1809 1264 1930 1305 esse
1964 1252 2285 1306 sententias.
2314 1253 2560 1309 Andreas
2593 1255 2861 1312 Dounaeus
2890 1257 2944 1314 in
2976 1260 3121 1318 notis
3148 1264 3261 1317 suis
3286 1266 3386 1320 do-

144 1352 372 1413 ctissimis
398 1350 463 1405 ad
487 1365 611 1404 eum
648 1348 830 1402 locum
860 1344 1253 1415 Chrysostomi,
1281 1343 1373 1413 qui
1403 1343 1676 1413 reperitur

1851 1340 1943 1406 1V,
1976 1358 2095 1414 pag.
2128 1344 2246 1408 126,
2276 1345 2343 1400 15
2372 1362 2385 1397 :
2412 1346 2787 1418 προσέκρουσε
2819 1349 2899 1420 τῷ
2930 1367 3059 1405 ποτε
3094 1357 3384 1425 κρατοῦντι

145 1445 384 1518 manu;
414 1441 687 1512 ἡμετέρα,
714 1448 845 1504 etc.,
873 1432 1057 1493 omnia
1081 1438 1200 1492 hac
1224 1436 1277 1489 in
1308 1436 1528 1491 beatum
1553 1434 1779 1489 Paulum
1807 1434 2113 1490 Antiochia:
2140 1437 2339 1507 scripta
2369 1439 2581 1493 videtur
2607 1454 2853 1495 asserere
2884 1458 2898 1495 :
2932 1458 3055 1499 cum
3098 1453 3279 1501 tamen
3321 1449 3389 1501 de

144 1541 231 1596 illis
263 1538 386 1609 ipsis
414 1536 467 1591 in
498 1534 797 1604 Epistolam
822 1533 888 1589 ad
909 1533 1264 1588 Colossenses
1280 1531 1653 1586 certissimum
1685 1531 1755 1586 sit
1785 1532 2017 1601 scriptas
2038 1532 2209 1589 fuisse
2235 1535 2316 1588 vel
2352 1535 3086 1609 habitasAConstantinopoli,
3119 1548 3179 1594 ut
3205 1557 3269 1596 ex
3301 1560 3388 1599 sea

144 1606 407 1711 quentibus
434 1629 683 1701 liquebit.
718 1628 922 1684 Contra
954 1626 1263 1699 βιογράφοι,
1292 1625 1387 1696 qui
1416 1626 1613 1681 bellam
1639 1626 1799 1680 nobis
1835 1627 2217 1698 excogitarunt
2249 1629 2488 1684 fabulam
2525 1606 2670 1687 illam
2711 1633 2779 1689 de
2812 1606 2979 1690 Paulo
3007 1636 3060 1689 in
3092 1652 3279 1692 aurem
3309 1641 3391 1695 die

144 1737 299 1786 ctante
324 1732 507 1779 nostro
531 1721 751 1787 Joanni,
776 1736 899 1791 qua:
927 1720 1212 1785 scriberet,
1254 1733 1483 1789 eamque
1522 1734 1637 1773 rem
1660 1718 1850 1774 Proclo
1879 1720 1993 1789 (qui
2023 1729 2133 1774 tum
2166 1721 2511 1777 ministrabat
2550 1723 2960 1796 Chrysostomo,
2994 1736 3050 1784 et
3095 1742 3283 1800 postea
3329 1732 3384 1787 in

145 1824 427 1894 episcopatu
454 1815 741 1888 successit)
772 1831 873 1888 per
894 1816 1064 1871 rimas
1094 1815 1290 1882 visam,
1320 1823 1517 1870 cuncta
1546 1813 1802 1870 videntur
1822 1814 2101 1870 vindicare
2138 1814 2635 1889 Constantinopoli.
2667 1818 2878 1886 Neutri,
2900 1830 2961 1877 ut
2982 1822 3197 1893 opinor,
3220 1841 3346 1881 vere
3373 1839 3387 1877 :

147 1916 416 1972 rectissime
448 1915 697 1978 Photius,
730 1912 822 1983 qui
862 1929 985 1984 pag.
1017 1912 1117 1968 201
1152 1912 1408 1968 editionis
1436 1912 1665 1984 August.
1710 1912 1943 1968 mediam
1978 1921 2128 1967 secat
2158 1913 2322 1975 viam,
2374 1914 2459 1969 his
2491 1917 2673 1972 verbis
2704 1936 2717 1972 :
2750 1917 2889 1973 ἀλλά
2925 1920 3024 1984 τὰς
3060 1922 3161 1993 μὲν
3195 1924 3274 1985 είς
3300 1922 3391 1976 τὸν

155 2010 451 2066 ’Διτύατολον
478 2008 829 2079 συγγραφὰς,
858 2006 1009 2059 ἔστιν
1036 2004 1096 2073 ἐξ
1130 2005 1310 2061 αὐτῶν
1332 2004 1560 2059 ἐκείνων
1581 2006 1900 2075 ἐπιγνῶναι,
1939 2005 2091 2060 ποῖαί
2116 2024 2178 2061 τε
2211 2008 2391 2063 αὐτῶν
2419 2009 2480 2062 ἐν
2512 2008 2813 2084 ’Δντιοχείᾳ
2834 2012 3167 2083 διατρίϐοντι
3204 2014 3392 2079 ἐξεπο-

145 2103 380 2174 νήθηεαν,
407 2101 464 2155 αἳ
496 2101 591 2155 καὶ
620 2099 822 2170 μᾶλλον
852 2098 1266 2171 διηκρίῦωνται,
1296 2097 1393 2152 καὶ
1425 2100 1577 2152 ποῖαι
1604 2099 1705 2170 ἀρχ

1831 2098 2438 2188 :rstiow:_é1t0tﬁ9qcav.
2471 2102 2550 2159 Ex
2578 2104 2776 2173 quibus
2798 2106 2980 2161 verbis
3008 2108 3255 2178 quamvis
3289 2125 3391 2163 nec

145 2196 223 2260 ibi,
250 2211 344 2250 nec
370 2209 620 2265 usquam,
662 2192 805 2264 quod
839 2189 1028 2257 sciam,
1070 2189 1139 2244 ab
1169 2189 1287 2259 ipso
1316 2187 1518 2245 diserte
1551 2188 1909 2257 exprimatur,
1941 2205 2050 2259 quo
2072 2187 2311 2261 quazque
2354 2192 2476 2247 loco
2527 2193 2727 2263 scripta
2779 2194 3001 2259 fuerint,
3055 2198 3159 2253 hoc
3211 2208 3391 2254 tamen

148 2288 380 2346 habemus
405 2285 877 2341 Antiochenorum
908 2291 965 2337 et
990 2280 1708 2351 Constantinopolitanorun

1833 2280 2063 2351 ιτήριον,
2094 2282 2352 2337 nimirum
2384 2282 2484 2355 τὴν
2510 2284 2814 2358 ἀκρίϐειαν.
2844 2287 2961 2353 Quo
2987 2296 3168 2345 tamen
3201 2308 3393 2361 κριτη-

150 2388 231 2460 ρίῳ
249 2387 438 2443 certius
466 2383 736 2439 habemus
768 2381 913 2435 aliud
934 2388 985 2435 et
1011 2378 1195 2435 minus
1226 2378 1387 2433 fallax
1422 2377 1477 2431 in
1507 2376 1808 2440 nonnullis,
1841 2377 2078 2431 auctoris
2109 2378 2279 2447 ipsius
2304 2380 2490 2435 verba.
2521 2380 2622 2436 Ubi
2655 2392 2836 2437 autem
2884 2385 2985 2440 hoc
3029 2387 3394 2444 destituemur

146 2483 361 2540 subsidio
379 2482 579 2554 (neque
601 2478 749 2534 enim
774 2477 828 2531 in
856 2476 1113 2532 omnibus
1143 2475 1276 2530 illud
1301 2490 1365 2530 ex
1392 2474 1574 2529 verbis
1601 2472 1977 2547 Chrysostomi
2006 2476 2274 2544 apparet),
2295 2475 2719 2547 confugiendum
2748 2478 2853 2532 erit
2874 2480 2940 2533 ad
2963 2480 3113 2549 prius
3142 2482 3271 2537 illud
3294 2485 3395 2554 τῆς

147 2575 404 2647 ἀκριϐείας
426 2573 735 2643 κριτήριον,
774 2571 880 2625 hoc
905 2578 1011 2635 est,
1042 2584 1129 2624 res
1160 2569 1538 2640 probabilibus
1562 2571 1707 2641 conjt

1832 2571 1899 2626 ris
1924 2571 2299 2641 expendenda.
2331 2572 2409 2627 Ac
2429 2588 2498 2627 ne
2526 2573 2683 2644 longe
2703 2574 2980 2641 abeamus,
3014 2576 3081 2630 de
3115 2578 3293 2647 priore
3327 2580 3392 2633 ad

147 2669 425 2728 Corinthios
454 2681 773 2739 expressum
798 2663 1066 2718 habemus
1094 2678 1160 2718 ex
1192 2663 1365 2732 ipsius
1392 2662 1765 2734 Chrysostomi
1792 2664 1975 2719 verbis
2001 2664 2396 2731 testimonium,
2429 2666 2841 2737 scriptasiuisse
2864 2667 3113 2723 homilias
3146 2670 3262 2724 illas
3287 2675 3397 2726 An-

149 2769 353 2826 tiochiae.
389 2767 569 2821 Locus
600 2771 704 2827 est,
746 2759 971 2816 homilia
1002 2758 1263 2831 vigesima
1293 2760 1466 2830 prima
1498 2776 1552 2831 p.
1585 2760 1709 2825 379,

1867 2758 2158 2816 καὶταῦτα
2190 2762 2246 2813 ὲν
2276 2762 2595 2833 Ἀντιοχείᾳ,
2620 2765 2675 2814 ἐν
2773 2762 2986 2834 πρῶτον
3019 2765 3396 2836 ἐχρημάτισαν

146 2860 451 2932 Χριστιανοί.
486 2858 554 2913 Et
580 2856 797 2927 quidem
826 2851 1007 2907 Photii
1037 2854 1320 2923 κριτήριον
1350 2852 1479 2907 huic
1504 2853 1706 2923 scripto

1838 2855 1977 2909 belle
2006 2855 2283 2919 convenit,
2317 2870 2441 2909 cum
2469 2854 2603 2909 nihil
2634 2856 2706 2910 sit
2738 2856 2945 2927 uspiam
2975 2857 3043 2912 ab
3064 2858 3275 2913 Joanne
3299 2874 3398 2913 no-

149 2965 243 3011 stro
268 2954 365 3008 illis
394 2952 744 3008 sermonibus
772 2950 1035 3021 scriptum
1068 2946 1399 3010 accuratius,
1424 2946 1560 3000 nihil
1590 2947 1854 3001 limatius.
1881 2947 1955 3002 De
1982 2946 2341 3002 Sermonibus
2370 2947 2423 3001 in
2449 2948 2743 3017 Epistulam
2768 2950 2836 3004 ad
2864 2949 3068 3017 ’l‘itum,
3091 2953 3212 3022 plus
3233 2970 3396 3025 quam

151 3054 394 3124 probabile
438 3060 523 3107 est
567 3050 782 3105 habitos
837 3048 1023 3102 itidem
1075 3047 1243 3100 fuisse
1289 3045 1611 3099 Antiocbim.
1656 3044 1745 3098 Sic
1796 3045 1943 3099 en'im
1968 3045 2227 3114 ‘loquitur
2270 3044 2491 3099 homilia
2550 3047 2727 3111 tertia,
2761 3063 2882 3119 pag.
2928 3048 3053 3113 392,
3098 3051 3167 3105 65
3202 3068 3216 3103 :
3249 3052 3303 3104 τί
3332 3054 3399 3106 ἂν

153 3152 276 3200 εέποι
304 3165 383 3207 τις
412 3146 543 3217 περὶ
570 3144 681 3197 τῶν
705 3146 784 3205 εἰς
814 3140 1017 3201 τόπους
1044 3137 1441 3209 ἀπερχομένων
1467 3136 1696 3200 ἐκείνοις
1732 3136 1960 3205 (scilicet
1991 3135 2293 3208 Ἰουδαίοις)
2329 3138 2771 3209 ἀφιερωμένους;
2806 3140 2985 3193 τὸνὲν
3014 3142 3204 3215 Δάφνῃ
3230 3144 3396 3212 λέγω,

151 3246 200 3297 τὸ
220 3244 306 3313 τῆς
332 3243 644 3313 Ματρώνης
668 3240 961 3309 λεγόμενον
994 3235 1263 3307 σπήλαιον
1297 3253 1310 3290 :
1345 3242 1427 3288 est
1475 3242 1658 3287 autem
1708 3233 1711 3285 l

1834 3234 1933 3287 line
1975 3232 2319 3288 notissimum
2362 3232 2491 3286 illud
2540 3234 2915 3289 suburbanum
2970 3235 3394 3293 Antiochenam.

152 3340 248 3395 Jatn
296 3326 363 3394 de
412 3337 774 3394 Sermonibus
828 3335 883 3389 in
946 3331 1244 3403 Epistolam
1299 3330 1363 3386 ad
1426 3330 1803 3398 Colossenses,
1860 3327 2119 3399 quicquid
2193 3328 2339 3383 dicat
2401 3328 2755 3383 doctissimus
2818 3330 3110 3393 Dounmus,
3183 3341 3395 3386 certum

155 3444 222 3488 est
241 3431 699 3501 Constantinopoli
731 3429 964 3500 scriptos
992 3428 1162 3481 fuisse
1196 3425 1264 3480 ab
1287 3424 1478 3480 eodem
1511 3425 1617 3495 iam
1660 3424 1919 3495 episcopo
1958 3443 1969 3475 :
2003 3423 2055 3478 id
2079 3423 2221 3494 quod
2265 3438 2329 3476 ex
2357 3423 2544 3478 multis
2575 3423 2707 3478 locis
2748 3422 2813 3477 ad
2845 3422 3005 3478 linem
3040 3424 3209 3481 etbici
3253 3424 3398 3479 tertii

154 3530 253 3584 luce
296 3529 488 3582 clarius
532 3536 781 3597 apparet,
817 3542 939 3596 pag.
982 3526 1102 3588 107,
1149 3521 1185 3577 l.
1218 3523 1285 3577 14
1326 3539 1339 3576 :
1388 3521 1462 3592 μὴ
1514 3523 1622 3592 γὰρ
1664 3522 1714 3589 ἐπ

1839 3521 2013 3592 ἱὶδωμι
2054 3520 2152 3591 τὴν
2187 3521 2411 3591 εἰρήνην
2438 3537 2451 3586 ;
2483 3519 2644 3590 Atqui
2686 3536 2849 3589 supra
2903 3521 2938 3575 Ι.
2974 3520 3009 3574 2
3054 3521 3155 3577 hoc
3187 3522 3399 3578 dixerat

154 3626 400 3697 proprium
428 3640 551 3680 esse
583 3623 678 3676 τοῦ
703 3622 1011 3691 ἐφεστῶτος
1032 3619 1131 3690 τῆς
1159 3617 1506 3689 Ἐκκλησίας.
1541 3618 1650 3671 Aut
1676 3616 1714 3671 si

1836 3618 2038 3688 :sbyter
2065 3616 2171 3671 dici
2199 3624 2385 3686 posset
2427 3614 2709 3685 προεστὼς
2732 3617 2833 3686 τῆς
2869 3616 3396 3688 Ἐκκλησίας,.ῳιο‹1

155 3738 246 3777 non
272 3733 415 3792 puto,
458 3721 513 3776 in
563 3720 698 3775 urbe
738 3716 1102 3789 episcOpalem
1149 3716 1336 3770 sedem
1383 3714 1642 3775 habente,
1679 3730 1715 3767 ci

1868 3713 2011 3782 quod
2069 3712 2317 3781 sequitur
2360 3712 2397 3765 ι.
2430 3713 2491 3766 41
2530 3728 2544 3765 :
2582 3711 2686 3775 ἕως
2736 3710 2783 3765 δ’
2818 3712 2884 3766 ἂν
2924 3714 3016 3765 ἐπὶ
3063 3712 3158 3766 τοῦ
3203 3713 3396 3783 θρόνου

156 3814 318 3868 τούτου
350 3813 665 3885 καθήμεθα,
696 3821 826 3875 etc.,
851 3811 919 3866 de
954 3810 1271 3881 presbytero
1296 3808 1399 3863 dici
1428 3823 1537 3863 non
1566 3816 1716 3878 potes

1836 3806 1867 3861 ει
1895 3807 2026 3861 illud
2055 3824 2109 3876 p.
2146 3807 2268 3872 108,
2311 3806 2344 3858 5
2372 3822 2385 3858 :
2418 3806 2577 3859 τοῦτο
2596 3805 2705 3875 γάρ
2724 3808 2841 3859 ἐστι
2876 3806 2937 3859 τὸ
2966 3808 3065 3877 τῆς
3092 3809 3396 3879 ἐπισκοπῆς

157 3911 365 3984 ἀξίωμα,
388 3907 839 3965 manifestissime
867 3906 1149 3961 convincit
1177 3920 1364 3959 verum
1388 3920 1533 3971 esse,
1559 3903 1702 3972 quod
1730 3902 1963 3957 dicimus
1986 3901 2157 3956 dehis
2190 3902 2241 3955 in
2272 3900 2543 3972 Epistolas
2561 3902 2628 3955 ad
2663 3902 3017 3957 Colossenses
3040 3904 3306 3958 liomiliis.
3332 3905 3396 3959 ln

159 4013 411 4072 utramque
439 4002 607 4057 etiam
637 4002 703 4056 ad
727 3998 1248 4055 Thcssalonicenscs
1275 3996 1647 4067 Chrysostomi
1676 3994 1939 4049 llomilias
1967 3994 2055 4049 aio
2076 3993 2309 4063 scriptas
2331 3993 2572 4048 dictasve
2587 3994 3079 4064 Constantinopoli.
3102 3994 3174 4049 De
3192 3997 3396 4066 priore,

161 4096 319 4154 bomil.
350 4098 660 4161 undecima,
688 4112 809 4167 pag.
839 4095 964 4160 207,
1004 4095 1064 4149 17
1097 4110 1111 4147 :
1148 4096 1197 4148 εἰ
1232 4093 1339 4165 γὰρ
1372 4091 1674 4155 ὑπεύθυνος
1703 4093 1721 4144 ὲ

1838 4092 1975 4160 ύμην
2004 4091 2101 4160 τῆς
2130 4090 2352 4144 πάντων
2376 4090 2531 4160 ὑμῶν
2571 4090 2930 4159 προστασίας,
2965 4101 3072 4147 etc.
3108 4089 3183 4146 De
3212 4103 3398 4162 poste-

162 4189 299 4253 riore,
326 4190 509 4246 bomil.
534 4198 749 4259 quarta,
773 4203 875 4260 pag
898 4188 1025 4249 258,
1050 4187 1147 4241 lin.
1170 4186 1243 4240 ‘22
1268 4202 1283 4241 :
1316 4187 1378 4239 σὺ
1394 4185 1449 4238 δὲ
1479 4184 1654 4249 ἀξιοῖς
1675 4185 1722 4237 τί

1838 4184 1922 4237 ιον
1946 4184 2084 4254 ὑπὲρ
2105 4184 2197 4236 τοῦ
2221 4186 2530 4255 ἡγουμένου
2553 4186 2892 4255 παρακαλεῖν
2911 4202 2926 4252 ;
2948 4194 3004 4241 et
3028 4201 3153 4241 mox
3180 4188 3275 4241 lin.
3294 4189 3398 4244 25:

160 4283 237 4339 τοῦ
281 4286 602 4358 κρατοῦντος
636 4303 651 4340 :
685 4301 807 4356 qua:
839 4301 950 4339 non
980 4283 1082 4338 nisi
1113 4283 1372 4354 episc0po
1402 4283 1700 4339 convenire
1730 4292 1980 4353 possunt.
2028 4280 2295 4337 Sermone
2336 4294 2531 4351 quarto
2570 4284 2624 4337 in
2675 4282 2972 4354 Epistolam
3010 4284 3078 4339 ad
3114 4284 3396 4350 Hebraeos,

163 4394 264 4451 pag.
291 4382 409 4448 454,
438 4382 679 4452 loquitur
710 4390 769 4436 ut
796 4380 1104 4452 episcopus,
1140 4379 1209 4434 de
1241 4379 1306 4434 iis
1335 4394 1523 4448 agens,
1560 4379 1652 4449 qui
1688 4379 1930 4450 pmﬁcas
1966 4379 2033 4434 ad
2067 4381 2342 4449 planctum
2380 4381 2635 4435 ciendum
2685 4381 2998 4437 conducunt
3034 4401 3049 4438 :
3090 4383 3258 4437 πολὺν
3302 4384 3403 4438 αὑ-

162 4474 267 4536 τοὺς
290 4474 493 4544 χρόνον,
530 4473 711 4544 inquit
740 4473 836 4529 lin.
871 4474 961 4539 30,
985 4474 1085 4545 τῆς
1109 4472 1405 4543 ἐκκλησίας
1437 4472 1703 4545 ἀπείρξω,

1844 4472 1934 4527 τὸν
1964 4474 2359 4547 εἰδωλολάτρην
2389 4494 2403 4531 :
2439 4484 2493 4530 et
2510 4464 2618 4530 Ilin.
2652 4476 2722 4531 38
2755 4492 2769 4530 :
2806 4479 2854 4529 εί
2889 4476 2945 4531 δὲ
2986 4476 3061 4549 μὴ
3113 4477 3401 4547 βούλεσθε,

164 4568 296 4639 ἡμεῖς
317 4571 414 4626 οὐκ
433 4571 741 4643 ἀνεχόμεθα
759 4572 864 4643 ἢθη
891 4570 1117 4627 τοιαῦτα
1145 4568 1368 4639 ὀλέθρια.
1391 4571 1457 4640 τῇ
1482 4569 1724 4641 ὲκκλησίς

1844 4572 2186 4639 εισαγαγεῖν.
2206 4570 2349 4638 Quin
2374 4580 2429 4626 et
2450 4572 2505 4626 in
2523 4571 2641 4642 ipso
2661 4572 2821 4627 titulo
2839 4571 2972 4626 editi
2997 4572 3254 4627 dicuntur
3282 4587 3404 4626 ser-

166 4680 328 4722 mones
344 4666 419 4723 illi
447 4667 504 4723 in
535 4666 836 4737 Epistolam
862 4664 930 4720 ad
952 4666 1212 4721 Hebrteos
1242 4666 1380 4736 μετὰ
1411 4666 1513 4734 τὴν
1543 4663 1726 4735 κοίμηι

1844 4662 2021 4730 κὺτοῦ,
2057 4673 2115 4718 ut
2144 4664 2438 4719 verisimile
2466 4665 2536 4719 sit
2565 4665 2826 4720 extremis
2858 4665 3196 4736 temporibus
3226 4665 3404 4719 dictos

167 4760 327 4818 fuisse.
362 4764 434 4820 De
461 4762 766 4835 posteriore
797 4762 864 4817 ad
893 4760 1210 4817 Corinthios
1244 4762 1598 4817 subdubitare
1629 4776 1717 4814 me
1750 4759 1895 4832 cogit
1918 4760 2104 4824 dictio,
2130 4776 2289 4831 quani
2327 4760 2380 4815 in
2408 4763 2653 4833 proxime
2684 4763 3018 4827 memoratis,
3052 4763 3212 4833 paulo
3239 4765 3405 4830 ἀκρι-

166 4854 387 4929 δεστέρα.
418 4858 475 4913 Si
507 4867 689 4914 tamen
728 4860 950 4929 γνήσιον
994 4866 1077 4913 est
1124 4857 1341 4913 ethicon
1389 4858 1520 4912 illud
1563 4856 1834 4927 vigesima:
1880 4867 2065 4920 sextm,
2116 4858 2259 4927 quod
2292 4858 2436 4913 inter
2473 4860 2663 4914 doctos
2696 4859 2985 4926 disceptari
3024 4858 3200 4926 video,
3236 4860 3403 4916 verba

168 4960 290 5005 certe
313 4952 395 5007 illa
414 4968 536 5025 pag.
567 4952 694 5017 687,
715 4951 785 5006 28
811 4967 825 5003 :
860 4953 958 5005 καὶ
976 4952 1087 5024 γὰρ
1108 4954 1210 5007 καὶ
1232 4953 1471 5007 ἐνταῦθα
1492 4955 1728 5006 Κωνστα·

1841 4968 1898 5004 ον
1925 4951 2016 5005 τὸν
2051 4954 2246 5023 μέγαν,
2271 4963 2401 5018 etc.,
2427 4953 2938 5027 Constantinopolin
2964 4955 3107 5009 clare
3139 4954 3401 5013 indicant.

169 5046 318 5118 Atque
356 5050 469 5106 haec
508 5057 658 5117 sunt,
685 5064 807 5119 qua:
835 5063 902 5103 ex
941 5048 1075 5119 ipsis
1110 5048 1484 5121 Chrysostomi
1533 5050 1735 5114 verbis,
1769 5057 2047 5118 utcunque
2076 5065 2173 5119 pro
2206 5058 2471 5119 tempore,
2515 5049 2712 5103 elicere
2751 5050 3045 5120 potuimus.
3081 5048 3160 5104 Ad
3198 5050 3405 5120 reliqua

171 5144 379 5199 adhibito
408 5146 584 5201 Pbotii
617 5144 912 5218 κριτηρίῳ,
934 5145 1079 5214 quod
1105 5146 1335 5199 alterunt
1372 5161 1489 5212 nos,
1527 5144 1572 5201 si
1611 5156 1757 5201 recte
1784 5144 2091 5212 observavi,
2128 5146 2330 5200 dehinc
2356 5146 2682 5210 destituerit,
2725 5145 2970 5200 llomilia:
3011 5144 3063 5199 in
3107 5145 3405 5217 Epistolam

171 5240 226 5295 ad
253 5240 535 5307 Romanos,
579 5251 635 5298 et
669 5241 947 5312 Expositio
1004 5242 1059 5296 in
1107 5239 1324 5297 Galatas
1373 5242 1730 5299 Antiochenis
1763 5242 1852 5297 διὰ
1898 5243 1997 5313 τὴν
2047 5242 2335 5313 ἀκρίϐειαν
2388 5242 2745 5297 accensendae
2800 5258 2815 5293 :
2866 5242 3113 5297 Honiilim
3170 5242 3223 5296 in
3274 5243 3405 5313 Epi-

174 5334 311 5390 stolas
339 5338 403 5393 ad
444 5337 731 5410 Ephesios,
768 5335 1172 5409 Philippenses,
1208 5348 1496 5409 utramque
1527 5339 1594 5395 ad
1624 5339 1734 5394 Tim

1840 5355 1976 5395 ieum
2014 5348 2068 5394 et
2110 5338 2487 5394 Philemonem
2528 5338 2614 5392 διά
2653 5339 2713 5391 τὸ
2742 5338 2874 5392 αὐτὸ
2918 5340 3263 5410 αὐτοσχέδιον
3300 5337 3400 5407 τῆς

172 5423 341 5493 λέξεως
356 5432 991 5508 Constantinopolitanis.
1023 5434 1201 5505 Atque
1240 5434 1356 5489 hazc
1382 5434 1599 5505 quidem
1630 5450 1730 5491 nos

1845 5431 2292 5506 τοσχεδιάζοντες,
2333 5431 2563 5490 meliora
2597 5441 2911 5491 monentem
2957 5432 3098 5487 haud
3131 5432 3405 5486 illibenter

174 5525 406 5582 secuturi.

2756 5660 2790 5672 ,-

1598 5702 1933 5719 ﬂ
