3950 6460
553 341 651 401 3M

1248 336 1305 393 S.
1344 334 1632 393 JOANNIS
1667 322 2161 388 CHRYSOSTOMI
2194 328 2512 386 ARCHIEP.
2552 326 3102 386 CONSTANTINOP.

3678 334 3777 389 392

556 473 3770 521 ΕΜ

1334 682 1813 773 SANCTI
1915 680 2405 771 PATRIS
2506 678 3007 771 NOSTRI

700 925 1718 1112 JOANNIS
1893 923 3663 1104 CHRYSOSTOMI

1474 1234 1991 1297 ARCllIEPlSCOPI
2042 1237 2885 1306 CONSTANTINOPOLITANI,

880 1376 887 1383 ’
957 1427 1768 1512 COMMENTARIUS
1842 1429 1950 1507 IN
2027 1428 2607 1506 EPISTOLAM
2694 1430 2820 1504 AD
2891 1429 3403 1508 ROMANOS.

1247 1805 1862 1871 ARGUMENTUM
1896 1803 1981 1884 (a)
2026 1804 2463 1867 EPISTOL/E
2502 1805 2614 1864 AD
2653 1802 3059 1866 ROMANOS
3088 1811 3125 1863 ί.

621 1976 674 2038 ι’.
700 1984 834 2038 Dum
857 1982 1217 2053 Epistolarum
1241 1982 1300 2038 S.
1323 1981 1475 2037 Pauli
1495 1980 1783 2037 lectionem
1801 1979 2135 2051 frequenter,

547 2089 612 2128 ac
637 2089 779 2144 saepe
808 2082 890 2129 ter
912 2082 1165 2143 quaterve
1191 2087 1286 2142 per
1306 2072 1543 2143 singulas
1564 2070 1927 2143 hebdomadas
1953 2070 2137 2138 audio,

548 2164 760 2234 quando
789 2172 1095 2219 sanctorum
1120 2174 1413 2234 martyrum
1437 2164 1750 2218 memoriam
1777 2163 2136 2232 celebramus,

548 2257 756 2325 gaudeo
787 2264 842 2310 et
866 2256 1097 2322 exsulto,
1130 2255 1254 2310 tuba
1288 2256 1471 2311 fruens
1512 2256 1808 2325 spirituali,
1838 2256 2140 2312 desiderio-

547 2362 651 2416 que
672 2346 858 2414 ardeo,
882 2361 1005 2401 cum
1031 2348 1256 2401 amicam
1274 2346 1405 2401 mihi
1426 2361 1611 2402 vocem
1634 2348 1896 2415 ausculto,
1924 2348 2142 2417 fereque

549 2437 676 2491 mihi
705 2438 892 2493 videor
922 2439 1070 2493 illum
1104 2445 1421 2509 praesentem
1458 2446 1513 2494 et
1536 2438 1892 2495 disserentem
1921 2440 2140 2509 conspi-

546 2547 705 2597 cere;
738 2531 830 2587 sed
861 2548 1029 2601 angor
1054 2547 1116 2587 ac
1145 2530 1463 2598 discrucior,
1496 2532 1637 2602 quod
1668 2546 1774 2586 non
1805 2547 1996 2588 omnes
2028 2542 2145 2587 lan-

550 2631 660 2675 tum
688 2623 863 2677 virum
883 2632 941 2676 ut
973 2638 1067 2692 par
1086 2630 1233 2678 esset
1250 2631 1597 2692 cognoscant,
1619 2630 1672 2678 et
1689 2637 1859 2693 usque
1880 2622 2014 2677 adeo
2034 2622 2145 2693 qui-

551 2712 673 2767 dam
702 2712 978 2783 ignorent,
1012 2722 1072 2766 ut
1100 2727 1200 2768 nec
1232 2727 1511 2767 numerum
1542 2712 1758 2783 quidem
1790 2713 2140 2783 epistolarum

548 2802 667 2872 ejus
694 2803 887 2856 sciant.
916 2802 1049 2871 Illud
1081 2817 1209 2856 vero
1238 2818 1345 2857 non
1374 2801 1497 2856 hinc
1523 2804 1733 2871 evenit,
1760 2801 1905 2872 quod
1933 2802 2143 2859 discere

551 2909 656 2947 non
684 2894 930 2961 valeant,
977 2894 1072 2949 sed
1122 2892 1264 2965 quod
1294 2894 1467 2949 nolint
1494 2911 1615 2950 cum
1661 2905 1850 2951 sancto
1890 2897 2004 2951 viro
2035 2898 2143 2953 fre-

550 2993 777 3052 quenter
804 2984 1024 3037 versari.
1052 2982 1237 3054 Neque
1266 2984 1407 3039 enim
1436 3000 1534 3040 nos
1564 3002 1681 3055 quae
1709 2988 1933 3053 scimus,
1967 2986 2010 3042 si
2042 3003 2143 3058 qua

551 3085 728 3128 tamen
760 3074 996 3140 scimus,
1027 3090 1093 3131 ex
1137 3076 1335 3146 ingenii
1376 3077 1670 3132 acrimonia
1719 3079 1999 3147 novimus,
2046 3079 2141 3135 sed

547 3164 689 3233 quod
720 3164 837 3234 ejus
869 3165 1066 3234 scripta
1094 3165 1308 3225 assidue
1331 3176 1638 3232 tractemus,
1664 3168 1923 3240 illumque
1945 3168 2144 3226 alit-ctu

558 3255 792 3309 maxime
818 3256 1260 3331 complectamur.
1291 3256 1423 3312 Nam
1454 3257 1544 3327 qui
1580 3270 1801 3325 amant,
1842 3270 2143 3316 amatorum

549 3356 666 3399 acta
699 3346 816 3414 plus
846 3358 1003 3415 quam
1031 3347 1124 3401 alii
1151 3362 1339 3402 omnes
1370 3362 1587 3413 norunt,
1621 3360 1806 3420 utpote
1831 3351 1922 3421 qui
1948 3352 2015 3407 de
2039 3353 2144 3407 illis

550 3438 765 3491 solliciti
797 3437 941 3492 sint:
975 3438 1026 3492 id
1058 3438 1199 3508 quod
1238 3440 1323 3492 hic
1354 3440 1432 3493 vir
1462 3441 1649 3495 beatus
1675 3442 1997 3505 ostendens,
2028 3443 2146 3497 Phi-

550 3528 882 3598 lippensibus
912 3527 1041 3581 dicit
1070 3547 1083 3582 :
1119 3527 1267 3583 Sicut
1292 3529 1416 3583 mihi
1438 3533 1635 3599 justum
1663 3533 1851 3586 esthoc
1876 3533 2060 3586 sentire
2081 3533 2145 3586 de

549 3620 710 3685 vobis,
744 3636 801 3673 eo
821 3619 956 3688 quod
981 3635 1067 3673 vos
1093 3620 1147 3674 in
1172 3620 1326 3674 corde
1351 3621 1558 3676 habeam
1586 3623 1639 3676 in
1668 3624 1881 3678 uinculis
1908 3625 2030 3679 meis
2050 3667 2064 3689 ,
2098 3634 2143 3678 et

548 3715 604 3766 in
632 3713 925 3783 defensione
948 3721 994 3766 et
1024 3713 1407 3780 conﬁrmatione
1430 3716 1676 3785 evangelii
1702 3715 1961 3787 (Philipp.
1987 3719 2040 3772 1.
2061 3718 2140 3788 7).

552 3807 735 3876 Itaque
762 3806 807 3861 si
830 3806 989 3861 vultis
1012 3806 1225 3861 lectioni
1251 3807 1533 3877 diligenter
1551 3811 1847 3877 attendere,
1871 3826 1977 3866 non
2000 3812 2142 3867 aliud

552 3899 932 3968 requirendum
977 3898 1129 3953 vobis
1172 3898 1275 3953 erit
1305 3916 1318 3952 :
1353 3914 1537 3954 verum
1582 3901 1780 3971 quippe
1825 3911 1908 3957 est
1943 3903 2140 3958 Christi

549 3990 750 4045 dictum
783 3986 911 4043 illud
939 4006 952 4042 :
987 3989 1211 4056 Quaerite
1230 4031 1246 4054 ,
1276 3998 1323 4044 et
1352 3990 1651 4056 invenietis;
1693 3992 1919 4060 pulsate,
1948 4003 1995 4047 et
2020 4009 2143 4064 ape-

549 4084 706 4137 rietur
732 4082 873 4141 vobis,
901 4081 1116 4155 (Matth.
1143 4084 1195 4137 7.
1220 4084 1299 4154 7).
1326 4083 1521 4138 Verum
1545 4084 1666 4152 quia
1694 4084 1934 4153 plerique
1959 4100 2025 4140 ex
2054 4086 2139 4153 iis,

551 4175 644 4244 qui
675 4174 777 4228 huc
804 4174 1080 4228 nobiscum
1109 4187 1414 4229 convenere
1434 4215 1450 4239 ,
1480 4175 1710 4241 liberos,
1744 4190 1966 4230 uxorem
1994 4176 2144 4231 alen-

551 4264 711 4331 dam,
752 4264 1002 4335 aedesque
1030 4266 1293 4320 curandas
1331 4281 1653 4336 suscepere,
1696 4282 1796 4323 nec
1823 4283 1944 4323 sese
1990 4277 2132 4323 totos

552 4355 679 4411 huic
700 4356 878 4411 studio
898 4356 1028 4411 dare
1050 4366 1272 4426 possunt
1296 4375 1309 4410 :
1335 4358 1403 4411 ad
1424 4373 1509 4425 ea,
1533 4375 1652 4428 qua:
1679 4358 1770 4413 alii
1790 4360 2139 4431 collegerunt,

552 4448 871 4519 excipienda
901 4465 997 4503 vos
1024 4460 1351 4520 comparate,
1384 4460 1693 4523 tantumque
1716 4454 1953 4510 studium
1983 4456 2141 4512 dictis

552 4541 834 4598 audiendis
881 4541 1163 4611 adhibete,
1210 4552 1469 4613 quantum
1515 4544 1829 4614 colligenda:
1879 4548 2136 4616 pecuniae.

553 4636 669 4691 Etsi
698 4651 928 4705 namque
960 4643 1114 4706 turpe
1136 4645 1219 4692 est
1244 4636 1373 4691 nihil
1395 4652 1425 4692 a
1453 4637 1604 4692 vobis
1626 4639 1745 4708 plus
1772 4640 2014 4710 exigere,
2039 4641 2142 4695 ιιιί-

551 4745 674 4784 nam
704 4729 785 4784 vel
815 4738 1017 4783 tantum
1050 4729 1370 4786 adhibentis.
1855 4751 1861 4759 '

622 4822 1010 4891 Scripturarum
1046 4821 1335 4891 ignorantia
1376 4831 1565 4889 quanta
1593 4821 1758 4892 pariat
1797 4822 1954 4879 mala.
1999 4823 2139 4879 Ordo

548 4914 787 4987 temporis
817 4914 869 4967 in
895 4915 1107 4985 singulis
1134 4915 1360 4984 epistolis
1388 4913 1562 4969 Pauli.
1586 4945 1657 4955 —
1677 4915 1806 4970 Nam
1835 4932 1865 4971 a
1893 4917 2138 4987 Scriptu-

548 5021 725 5060 rarum
747 5004 1043 5074 ignorantia
1064 5004 1341 5060 innumera
1361 5014 1475 5060 orta
1495 5016 1619 5061 sunt
1636 5008 1805 5062 mala:
1831 5007 1954 5063 hinc
1972 5009 2138 5065 multa

553 5096 827 5157 itereseim
871 5099 1023 5163 lues,
1068 5097 1195 5154 hinc
1223 5099 1411 5170 ignava
1448 5100 1660 5155 vivendi
1699 5101 1838 5155 ratio
1877 5111 1933 5157 et
1962 5101 2136 5157 infru-

560 5189 717 5246 uuosi
748 5188 978 5242 labores.
1011 5186 1164 5244 Sicut
1190 5190 1333 5245 enim
1365 5191 1455 5261 qui
1499 5192 1617 5246 luce
1658 5192 1955 5261 privantur,
1988 5201 2135 5248 recta

558 5278 801 5336 :ncedere
827 5289 1097 5348 nequeunt
1124 5297 1137 5333 :
1166 5281 1243 5337 sic
1266 5281 1354 5353 qui
1383 5282 1681 5338 divinarum
1706 5283 1869 5338 radiis
1897 5284 2135 5355 Scriptu-

554 5384 727 5427 rarum
778 5385 887 5425 non
932 5370 1202 5441 fruuntur,
1246 5376 1554 5430 necessario
1591 5384 1817 5446 peccant
1860 5386 1913 5432 et
1954 5385 2137 5433 errant

551 5461 875 5533 frequenter,
906 5472 1090 5534 utpote
1124 5465 1213 5535 qui
1243 5466 1296 5520 in
1320 5464 1654 5522 densissimis
1681 5467 1912 5523 tenebris
1941 5469 2132 5524 ambu-

609 5576 626 5609 ¹
662 5583 791 5647 Ignus
812 5577 965 5647 habet
989 5590 1055 5647 ex
1074 5576 1286 5647 savilio,
1314 5588 1369 5629 In
1388 5580 1951 5647 onmesfaultepistelas
1972 5582 2131 5647 prolo-

544 5637 825 5706 συ.λίῃὶῃο
844 5640 1032 5703 prologi
1056 5640 1121 5706 de
1143 5643 1368 5706 omnibus
1391 5641 1517 5706 Pauli
1533 5637 1770 5706 Epistolis
1792 5645 1911 5706 agit.

607 5701 683 5764 (ι)
699 5700 935 5752 Collatum
958 5700 1067 5753 cum
1085 5701 1262 5754 Codice
1281 5711 1429 5769 Regio
1452 5700 1648 5754 195ιά
1657 5700 1934 5757 (ΜυρτῙίιο
1955 5705 2065 5755 905.

2243 1976 2375 2032 lent.
2421 1978 2477 2033 ld
2507 1994 2577 2035 ne
2605 1980 2858 2048 eveniat,
2898 1983 2965 2037 ad
2983 1983 3220 2053 Apostoli
3261 1984 3527 2041 dictorum
3576 1987 3830 2060 fulgorem

2243 2070 2429 2124 oculos
2470 2072 2773 2140 aperiamus
2804 2092 2818 2127 :
2852 2072 2971 2143 ejus
3006 2075 3205 2145 quippe
3234 2077 3412 2147 lingua
3442 2080 3729 2151 plusquam
3760 2085 3831 2139 sal

2245 2160 2405 2228 lueet,
2436 2172 2768 2235 caeterosque
2789 2181 2979 2220 omnes
2998 2167 3239 2223 doctrina
3263 2171 3410 2227 verbi
3434 2183 3681 2243 superat.
3709 2175 3831 2243 Quia

2244 2254 2386 2307 enim
2432 2254 2550 2323 plus
2590 2270 2747 2325 quam
2776 2256 2851 2311 illi
2881 2257 3174 2325 laboravit,
3220 2276 3464 2331 magnam
3492 2265 3597 2320 sibi
3626 2270 3835 2321 attraxit

2244 2342 2475 2414 Spiritus
2524 2346 2796 2416 gratiam:
2853 2348 3014 2417 idque
3057 2366 3161 2404 non
3212 2368 3279 2407 ex
3333 2354 3575 2424 epistolis
3639 2368 3831 2415 tantum

2245 2434 2393 2505 ejus,
2424 2438 2519 2492 sed
2542 2437 2702 2493 etiam
2733 2454 2798 2494 ex
2827 2441 2992 2510 gestis
3016 2435 3407 2501 contenderim.
3446 2447 3583 2505 Nam
3634 2453 3683 2506 si
3720 2468 3836 2507 coa-

2246 2526 2494 2583 cionandi
2524 2538 2736 2600 tempus
2775 2541 2953 2597 esset,
2984 2533 3104 2589 illas
3132 2536 3229 2606 ipsi
3262 2547 3443 2607 partes
3475 2543 3682 2613 ubique
3718 2560 3837 2601 con-

2247 2620 2510 2675 cedebant
2544 2638 2557 2673 :
2592 2621 2816 2694 ideoque
2859 2624 2999 2694 apud
3046 2626 3352 2686 incredulos
3381 2631 3687 2698 Mercurius
3726 2653 3833 2693 esse

2248 2710 2535 2779 putabatur
2581 2712 2716 2785 (Act.
2758 2715 2847 2769 l4.
2888 2716 3001 2786 ll),
3044 2718 3187 2788 quod
3236 2721 3290 2775 in
3344 2723 3658 2794 eloquentia
3704 2730 3836 2798 prin-

2247 2820 2373 2876 ccps
2424 2819 2589 2863 esset.
2650 2807 2706 2863 In
2766 2808 2903 2865 hanc
2951 2821 3131 2867 autem
3175 2816 3454 2885 epistolam
3507 2818 3833 2891 ingressuri,

2248 2912 2473 2954 necesse
2521 2910 2600 2955 est
2632 2910 2688 2955 ut
2739 2910 2983 2972 tempus,
3035 2920 3141 2974 quo
3183 2907 3378 2977 scripta
3424 2907 3557 2978 fuit,
3609 2915 3835 2985 assigne-

2249 3007 2388 3046 mus.
2434 2992 2551 3048 Non
2608 2994 2783 3060 enim,
2832 3006 2889 3050 ut
2944 2997 3095 3053 multi
3151 3003 3490 3071 existimant,
3529 3016 3663 3068 ante
3716 3012 3835 3065 alias

2249 3098 2438 3138 omnes
2459 3085 2654 3155 scripta
2682 3083 2807 3149 fuit;
2837 3088 2928 3141 sed
2956 3091 3127 3159 prima
3150 3092 3363 3161 quidem
3391 3104 3473 3149 est
3495 3111 3709 3166 earum,
3730 3116 3835 3170 qua:

2248 3173 2417 3229 Roma
2449 3178 2626 3232 missa:
2652 3177 2832 3247 fuere,
2862 3181 3101 3235 ntmtium
3123 3222 3139 3249 ,
3182 3192 3235 3237 at
3263 3187 3530 3254 posterior
3561 3190 3709 3255 aliis,
3746 3194 3833 3247 etsi

2250 3284 2356 3323 non
2386 3270 2654 3325 omnibus.
2690 3272 2898 3327 Etenim
2942 3273 3117 3329 amba:
3152 3275 3218 3329 ad
3251 3275 3557 3337 Corinthios
3601 3284 3833 3352 epistola:

2250 3356 2387 3414 hanc
2425 3372 2838 3430 praecesserunt.
2872 3364 2927 3419 ld
2973 3364 3230 3435 liquidum
3272 3377 3357 3422 est
3384 3384 3450 3424 ex
3494 3371 3591 3439 iis,
3626 3389 3747 3443 quae
3788 3376 3832 3431 in

2250 3450 2354 3506 line
2380 3449 2536 3520 hujus
2565 3454 2779 3523 scripsit
2812 3454 2895 3509 bis
2925 3456 3102 3512 verbis
3128 3474 3141 3511 :
3174 3455 3327 3513 Nunc
3352 3471 3520 3514 autem
3547 3465 3834 3533 proﬁciscor

2246 3545 2649 3615 Jerosolymam,
2684 3548 2974 3603 ministrans
3000 3553 3210 3604 sanctis.
3252 3551 3421 3606 Visam
3447 3565 3522 3608 est
3550 3558 3691 3609 enim
3728 3558 3832 3615 lla.-

2248 3637 2474 3691 cedonite
2502 3647 2549 3691 et
2578 3638 2785 3693 Achaia:
2809 3642 3314 3696 communicationem
3341 3644 3563 3713 aliquam
3591 3648 3759 3714 facere
3786 3652 3829 3703 in

2248 3745 2495 3798 pauperes
2515 3740 2802 3785 sanctorum
2819 3731 2903 3802 qui
2925 3743 3040 3786 sunt
3055 3732 3389 3805 Jerosolymis
3414 3736 3590 3806 (Rom.
3618 3742 3707 3796 l5.
3725 3741 3828 3811 26).

2246 3819 2541 3875 Corinthiis
2570 3830 2749 3876 autem
2776 3822 3018 3878 scribens
3046 3824 3120 3878 ait
3144 3842 3160 3876 :
3198 3824 3348 3891 Quod
3375 3827 3422 3881 si
3448 3828 3668 3898 dignum
3692 3835 3829 3900 fuerit

2247 3922 2301 3966 ut
2328 3923 2374 3968 et
2404 3932 2494 3985 ego
2533 3931 2645 3969 eam
2665 3957 2679 3981 ,
2712 3933 2904 3971 mecum
2944 3919 3328 3989 proﬁciscentur
3358 3922 3435 3994 (1.
3468 3923 3588 3978 Cor.
3633 3926 3719 3982 16.
3744 3926 3824 3994 l);

2246 4006 2315 4063 de
2346 4010 2409 4063 iis
2440 4010 2664 4079 loquens
2684 4052 2698 4075 ,
2730 4011 2820 4080 qui
2853 4011 2977 4067 illuc
3010 4013 3261 4083 pecunias
3300 4015 3634 4083 deportaturi
3667 4029 3822 4074 erant.

2251 4098 2402 4155 Unde
2450 4101 2651 4172 liquet,
2706 4118 2827 4157 cum
2883 4104 3146 4159 scriberet
3191 4106 3519 4172 Corinthiis,
3572 4110 3821 4165 incertum

2248 4192 2412 4247 fuisse
2441 4208 2507 4246 an
2548 4209 2613 4249 eo
2654 4194 2993 4265 profecturus
3021 4207 3204 4263 esset;
3236 4214 3358 4254 cum
3389 4216 3517 4257 vero
3548 4201 3820 4266 Romanis,

2245 4299 2359 4340 rem
2382 4289 2723 4342 constitutam
2749 4298 2805 4344 et
2829 4298 3031 4344 certam
3052 4289 3233 4351 fuisse.
3257 4292 3367 4360 Qua
3394 4309 3451 4349 re
3466 4298 3819 4366 comprobata.

2246 4386 2451 4431 certum
2475 4388 2557 4433 est
2591 4378 2727 4434 hanc
2755 4390 2871 4449 post
2893 4381 3012 4436 illas
3040 4382 3291 4451 scriptam
3316 4384 3497 4440 fuisse.
3523 4386 3700 4443 Etiam
3720 4391 3820 4459 cpi-

2246 4468 2382 4523 stola
2411 4468 2476 4523 ad
2513 4467 3023 4528 Thessalonicenses
3062 4473 3270 4529 videtur
3315 4476 3444 4532 mihi
3491 4481 3819 4546 [incessisse

2244 4560 2524 4630 epistolam
2568 4562 2636 4616 ad
2675 4563 3002 4619 Corinthios.
3046 4564 3177 4621 Nam
3220 4582 3343 4623 cum
3373 4570 3476 4623 illis
3519 4572 3669 4641 prius
3697 4574 3815 4626 scri-

2244 4651 2438 4720 psisset
2461 4651 2529 4706 de
2571 4652 2909 4725 eleemosyna
2940 4654 3024 4709 bis
3055 4656 3264 4721 verbis,
3304 4657 3385 4713 De
3409 4664 3637 4731 fraterno
3661 4672 3816 4716 autem

2243 4763 2415 4803 amore
2434 4765 2537 4803 non
2564 4765 2691 4819 apus
2713 4760 2785 4805 est
2814 4760 2869 4805 ut
2893 4752 3172 4808 scribamus
3194 4754 3329 4809 vobis
3353 4771 3372 4811 :
3401 4773 3486 4811 vos
3513 4758 3646 4810 enim
3669 4774 3701 4809 a
3721 4756 3816 4809 Deo

2242 4839 2377 4894 docti
2412 4840 2529 4895 estis
2557 4850 2613 4894 ut
2646 4842 2871 4913 diligatis
2904 4844 3116 4898 invicem
3142 4860 3161 4898 :
3185 4846 3365 4900 etenim
3392 4847 3488 4900 hoc
3515 4848 3683 4917 facitis
3709 4863 3815 4918 erga

2240 4939 2446 4985 cunctos
2462 4935 2646 5002 fratres
2667 4932 2743 5003 (1.
2769 4932 2943 4989 Thess.
2969 4935 3023 4989 4.
3049 4935 3101 4991 9.
3121 4936 3254 5004 .10);
3282 4946 3411 4993 tunc
3429 4938 3497 4993 ad
3518 4939 3815 4994 Corinthios

2241 5022 2487 5093 scripsit;
2522 5023 2573 5078 id
2602 5024 2743 5094 quod
2786 5025 2900 5095 ipse
2928 5026 3116 5096 probat
3154 5028 3378 5084 dicens:
3412 5029 3536 5085 Scio
3576 5032 3709 5085 enim
3732 5047 3813 5101 ego

2241 5124 2533 5185 promptum
2555 5116 2784 5169 animum
2814 5127 3066 5183 vestrum,
3110 5136 3204 5189 pro
3241 5136 3340 5189 quo
3373 5121 3439 5174 de
3475 5122 3614 5176 vobis
3638 5124 3814 5192 glorior

2240 5206 2378 5275 apud
2404 5205 2748 5274 Macedones;
2770 5210 3008 5279 quoniam
3032 5219 3077 5264 et
3101 5212 3294 5264 Achaia
3316 5222 3499 5282 parata
3518 5223 3589 5267 est
3606 5214 3672 5266 ab
3690 5228 3812 5265 anno

2240 5300 2535 5369 prtetm'to:
2565 5309 2610 5354 et
2639 5310 2803 5355 vestra
2839 5301 3097 5356 aemulatio
3134 5305 3422 5373 prouocauit
3461 5304 3792 5375 plurimosﬂ

2240 5388 2358 5446 Cor.
2383 5390 2436 5446 9.
2464 5391 2546 5462 2).
2576 5390 2780 5459 Quibus
2806 5403 3192 5449 commonstrat
3221 5409 3280 5449 se
3319 5396 3549 5466 primum
3589 5398 3694 5451 illis
3724 5397 3811 5449 hac

2236 5482 2306 5538 de
2332 5498 2390 5537 re
2420 5483 2698 5554 loquutum
2728 5499 2869 5541 esse.
2899 5484 3026 5541 ﬂare
3047 5488 3203 5557 igitur
3230 5488 3482 5558 epistola,
3512 5505 3629 5560 qute
3653 5490 3807 5559 prima

2236 5586 2320 5633 cst
2342 5592 2558 5647 earum,
2593 5594 2723 5650 quas
2750 5579 2936 5635 Romae
2965 5580 3214 5651 scripsit,
3247 5580 3352 5635 illis
3378 5581 3618 5651 epistolis
3646 5589 3809 5650 poste-

2238 5670 2348 5725 rior
2375 5679 2477 5727 est.
2521 5671 2763 5727 Nondum
2794 5672 2937 5727 enim
2980 5672 3200 5728 Romam
3239 5684 3495 5739 venerat,
3538 5688 3655 5728 cum
3684 5675 3807 5725 tum
