4098 6354
1242 220 1312 277 IN
1349 219 1569 277 EPIST.
1608 217 1703 276 AD
1742 218 1909 278 ROM.
1950 217 2185 275 HOMIL.
2234 218 2280 275 1.

3402 220 3512 279 392

151 356 3385 404 rm

885 546 1113 633 ΤΟΥ
1174 548 1320 632 ΕΝ
1384 541 1742 633 ΑΓΙΟΙΣ
1814 547 2249 634 ΠΑΤΡΟΣ
2321 548 2645 637 ΗΜΩΝ

142 782 1177 957 ΙΩΑΝΝΟΥ
1220 782 1661 955 ΤΟΥ
1710 785 3422 963 ΧΡΥΣΟΣΤΟΜΟΥ

1048 1109 1619 1164 ΑΡΧΙΕΠΙΣΚΟΠΟΥ
1651 1110 2488 1176 ΚΩΝΣΤΑΝΤΙΝΟΥΠΟΛΕΩΣ,

359 1320 930 1411 ΕΡΜΗΝΕΙΑ
987 1317 1159 1403 ΕΙΣ
1216 1317 1447 1402 ΤΗΝ
1499 1316 1791 1403 ΠΡΟΣ
1867 1314 2437 1405 ΡΩΜΑΙΟΥΣ
2531 1282 3208 1408 ΕΠΙΣΤΟΛΗΝλ

828 1746 983 1819 [125]
1031 1748 1404 1803 ΥΠΟΘΕΣΙΣ
1444 1750 1580 1805 ΤΗΣ
1618 1751 1817 1804 ΠΡΟΣ
1852 1751 2222 1807 ΡΩΜΑΙΟΥΣ
2256 1751 2681 1809 ΕΠΙΣΤΟΛΗΣ
2718 1766 2766 1807 α.

120 1994 159 2034 ι
177 2020 192 2032 .
215 1974 481 2046 Συνεχῶς
494 1973 709 2028 ἀκούων
730 1971 1253 2043 ἀναγινωσκομένων
1270 1974 1379 2027 τῶν
1410 1975 1739 2030 Ἐπιστολῶν

54 2064 140 2118 τοῦ
166 2062 456 2136 μακαρίου
484 2060 722 2124 Παύλου,
771 2060 868 2114 καὶ
895 2058 1283 2131 καθ’ἐκάστην
1320 2060 1588 2132 ἑϐδομάδα
1634 2062 1739 2128 δὶς,

54 2153 326 2214 πολλάκις
354 2150 415 2203 δέ
436 2148 531 2203 καὶ⁸
555 2149 677 2218 τρὶς
695 2148 790 2201 καὶ
828 2145 1105 2217 τετράκις,
1144 2147 1306 2217 ἡνίκα
1333 2148 1398 2200 ἂν
1445 2148 1737 2221 μαρτύρων

53 2240 230 2307 ἀγίων
276 2238 508 2308 μνήμας
552 2233 911 2305 ἐπιτελῶμεν,
957 2234 1133 2305 χαίρω
1177 2234 1275 2305 μὲν
1305 2235 1407 2305 τῆς
1440 2237 1742 2307 σάλπιγγος

54 2324 358 2379 ἀπολαύων
382 2323 484 2392 τῆς
516 2322 911 2392 πνευματικῆς,
964 2322 1058 2375 καὶ
1086 2321 1457 2393 διανίσταμαι,
1498 2326 1593 2378 καὶ
1622 2326 1743 2398 θερ-

56 2414 333 2483 μαίνομαι
366 2409 448 2480 τῷ
477 2408 647 2479 πόθῳ,
670 2408 769 2478 τὴν
794 2410 918 2480 ἐμοὶ
946 2408 1105 2479 φίλην
1126 2410 1506 2479 ἐπιγινώσκων
1537 2414 1741 2485 φωνὴν,

56 2502 142 2555 καὶ
174 2498 478 2571 μονονουχὶ
524 2496 769 2567 παρόντα
831 2494 993 2549 αὐτὸν
1046 2497 1189 2550 δοκῶ
1233 2498 1621 2567 φαντάζεσθαι,
1651 2500 1746 2553 κα)⁹

54 2586 448 2657 διαλεγόμενον
475 2585 607 2655 ὀρᾷν
629 2600 643 2613 '
679 2582 831 2650 ἀλγῶ
850 2582 907 2635 δὲ
927 2584 1022 2637 καὶ
1040 2584 1336 2655 ὀδυνῶμαι,
1366 2588 1448 2640 ὅτι
1469 2588 1559 2641 τὸν
1579 2588 1747 2660 ἀνδρα

54 2677 254 2729 τοῦτον
287 2674 392 2742 οὐχ
422 2673 659 2734 ἅπαντες
709 2669 909 2735 ῐσασιν,
950 2672 1140 2744 ὥσπερ
1186 2674 1384 2727 εἰδέναι
1436 2675 1564 2747 χρὴ,
1618 2675 1746 2729 ἀλλ’

56 2763 197 2816 οὕτω
227 2760 389 2823 τινὲς
432 2758 594 2813 αὐτὸν
638 2756 949 2826 ἀγνοοῦσιν,
984 2757 1061 2823 ῶς
1093 2760 1226 2830 μηδὲ
1246 2760 1354 2813 τῶν
1418 2762 1749 2815 Ἐπιστολῶν

54 2852 142 2903 τὸν
180 2847 436 2920 ἀριθμὸν
484 2844 686 2898 ειδέναι
732 2844 941 2914 σαφῶς.
986 2844 1159 2898 Τοῦτο
1186 2846 1243 2899 δέ
1271 2847 1478 2916 γίνεται
1507 2850 1568 2902 οὐ
1599 2852 1750 2921 παρά

56 2937 336 3008 ἀμαθίαν,
373 2932 513 2987 ἀλλά
541 2930 697 3003 παρά
729 2931 791 2986 τὸ
826 2933 902 3003 μὴ
950 2930 1237 3002 βούλεσθαι
1277 2935 1512 3006 συνεχῶς
1538 2938 1750 3007 ὁμιλεῖν

55 3023 141 3094 τῷ,
193 3021 465 3095 μακαρίῳ
506 3018 708 3090 τούτῳ.
768 3020 903 3073 Οὐδέ
947 3018 1055 3091 γάρ
1111 3022 1271 3090 ἡμεῖς
1316 3023 1527 3095 ὅσαπερ
1570 3024 1749 3095 ίσμεν,

57 3111 225 3182 εἴπερ
257 3109 390 3162 τινὰ
409 3110 589 3179 ἴσμεν,
611 3106 679 3160 δι’
698 3106 930 3175 εὐφυΐαν
956 3108 1048 3160 καὶ
1086 3107 1324 3179 ὀξύτητα
1351 3109 1591 3174 διανοίας
1636 3113 1754 3165 ἐπι-

57 3196 347 3268 στάμεθα,
376 3194 512 3248 ἀλλὰ
540 3193 632 3247 διὰ
658 3194 719 3247 τὸ
752 3194 992 3265 συνεχῶς
1022 3195 1240 3265 ἔχεσθαι
1271 3197 1366 3250 τοῦ
1414 3198 1625 3271 ἀνδρὸς,
1657 3202 1753 3254 καὶ¹

57 3286 280 3364 σφόδρα
310 3281 624 3336 διακεῖσθαι
656 3281 786 3353 περὶ
815 3282 1001 3335 αὐτόν.
1035 3281 1114 3337 Τὰ
1134 3284 1243 3355 γάρ
1275 3285 1387 3338 τῶν
1415 3287 1751 3357 φιλουμένων

56 3372 167 3443 πρὸ
194 3370 318 3423 τῶν
336 3368 519 3424 ἄλλων
545 3368 803 3423 ἀπάντων
857 3369 908 3423 οί
960 3369 1239 3439 φιλοῦντες
1288 3373 1485 3436 ἴσασιν,
1543 3374 1638 3428 ἅτε
1687 3376 1751 3448 δὴ

60 3457 457 3531 μεριμνῶντες
484 3455 685 3520 αὐτούς
709 3473 723 3487 ο
754 3457 892 3526 ὅπερ
921 3459 1014 3510 καὶ
1045 3460 1072 3511 ὀ
1104 3459 1374 3531 μακάριος
1404 3456 1557 3525 οὗτος
1585 3463 1752 3516 ἐνδει-

56 3548 365 3616 κνύμενος,
415 3544 569 3612 ἔλεγε
620 3543 1005 3614 Φιλιππησίοις
1035 3561 1049 3574 ·
1092 3543 1298 3611 Καθὼς
1345 3546 1471 3614 ἐμοὶ
1518 3547 1754 3602 δίκαιόν

54 3636 191 3687 ἐστι
215 3632 407 3686 τοῦτο
426 3630 673 3699 φρονεῖν
700 3630 834 3698 περὶ
859 3629 1041 3699 ὑμῶν,
1072 3631 1170 3685 διὰ
1202 3631 1266 3685 τὸ
1296 3633 1459 3701 ἔχειν
1479 3652 1557 3703 με
1581 3635 1650 3689 ἐν
1678 3634 1751 3703 τῇ

58 3720 291 3790 καρδίᾳ
320 3717 482 3787 ὑμᾶς
509 3718 580 3771 ἐν
603 3734 665 3771 τε
686 3717 810 3781 τοῖς
847 3716 1094 3786 δεσμοῖς
1125 3736 1245 3787 μου
1267 3722 1363 3776 καὶ
1396 3721 1465 3773 ἐν
1497 3719 1571 3789 τῇ
1604 3723 1751 3777 ἀπο-
1786 3754 1789 3757 ν

53 3808 246 3877 λοτίᾳ
275 3805 375 3859 καὶ
396 3804 715 3869 ,ϐεϐαιώσει
741 3804 849 3858 τοῦ
875 3806 1263 3874 Εὐαγγελίου.
1289 3807 1452 3860 Ὥστε
1473 3810 1565 3863 καὶ
1596 3811 1752 3881 ὑμεῖς

55 3898 109 3949 εί
143 3893 341 3948 θέλετε
375 3890 515 3963 μετά
544 3891 855 3962 προθυμίας
887 3892 1175 3961 προσέχειν
1202 3895 1266 3964 τῇ
1302 3894 1625 3962 ἀναγνώσει,
1664 3898 1751 3951 οὐ⁸

55 3979 215 4041 δενδς
256 3976 451 4046 ἐτέρου
500 3974 868 4045 δεηθήσεσθεο
901 3974 1137 4044 ἀψευδὴς
1182 3976 1291 4047 γάρ
1335 3978 1483 4032 ότοῦ
1513 3981 1751 4052 Χριστοῦ

57 4068 253 4136 λόγος,
290 4061 464 4117 εἰπών
488 4079 502 4095 ’
527 4061 787 4129 Ζητεῖτε,
828 4062 927 4115 καί
951 4061 1241 4129 εὑρήσετε
1281 4082 1295 4096 ο
1332 4068 1603 4135 κρούετε,
1651 4070 1749 4124 καί

58 4151 463 4223 ἀνοιγήσεται
503 4150 666 4219 ὑμῖν.
710 4146 862 4203 Ἀλλ’
920 4150 1109 4222 ἐπειδὴ
1162 4152 1222 4205 τὸ
1270 4153 1433 4206 πλέον
1481 4156 1614 4227 ἡμῖν
1645 4155 1752 4210 τῶν

60 4242 317 4297 ἐνταῦθα
344 4239 755 4310 συλλεγομένων
800 4238 895 4293 καὶ
942 4240 1331 4311 παιδοτροφίαν
1360 4241 1508 4315 [426]
1541 4243 1634 4299 καὶ
1664 4261 1753 4313 γυ-

57 4331 262 4392 ναικὸς
292 4327 612 4398 ἐπιμέλειαν
632 4326 729 4381 καὶ
774 4326 952 4388 οίκίας
998 4328 1254 4398 πρόνοιαν
1285 4330 1623 4395 ἀνεδέξαντο,
1658 4332 1753 4386 καὶ⁹

61 4420 161 4473 διὰ
181 4416 349 4469 τοῦτο
384 4415 486 4467 οὐκ
516 4414 583 4467 ἂν
630 4413 954 4484 ἀνάσχοιντο
977 4414 1132 4479 ὅλους
1175 4418 1400 4482 ἐαυτούς
1440 4418 1628 4475 ,δοῦναι
1671 4420 1751 4491 τῷ

58 4502 222 4571 πόνῳ
242 4497 423 4568 τούτῳ
446 4514 461 4528 ο
494 4496 631 4567 πρὸς
658 4496 789 4565 γοῦν
816 4496 878 4549 τὺ
897 4496 1081 4551 λαϐεῖν
1118 4499 1187 4552 τά
1225 4501 1368 4572 παρ’
1394 4503 1596 4575 ἐτέρων
1625 4504 1750 4557 συλ-

56 4589 305 4656 λεγέντα
327 4584 674 4655 διανάστητε,
702 4584 797 4639 καὶ
823 4584 1091 4656 τοσαύτην
1132 4587 1466 4658 ἀπονείματε
1516 4592 1751 4661 σπουδὴν

56 4680 139 4747 τῇ
184 4676 298 4727 τῶν
355 4670 664 4741 λεγομένων
711 4672 994 4741 ἀκροάσει,
1040 4674 1173 4745 ὅσην
1208 4679 1274 4747 τῇ
1322 4676 1430 4729 τῶν
1458 4680 1752 4748 χρημάτων

60 4765 338 4833 συλλογῇ.
378 4762 440 4814 Εἰ
475 4761 585 4832 γάρ
617 4760 714 4814 καὶ
738 4761 963 4832 αἰσχρὸν
995 4761 1266 4834 τοσαύτην
1300 4764 1602 4835 ἀπαιτῆσαι
1624 4769 1750 4839 παρ’

58 4854 232 4925 ὑμῶν
263 4851 457 4923 μόνην,
506 4848 646 4921 πλὴν
697 4848 826 4902 ἀλλ’
865 4850 1172 4922 ἀγαπητὸν,
1212 4851 1283 4905 ἂν
1322 4852 1590 4925 τοσαύτην
1620 4857 1754 4923 γοῦν

58 4942 231 4997 δῶτε.

146 5029 263 5083 Καὶ
281 5027 391 5097 γάρ
406 5024 657 5078 ἐντεῦθεν
670 5024 739 5077 τά
753 5024 921 5098 μυρία
938 5025 1075 5095 ἐφύη
1093 5026 1259 5091 κακὰ,
1271 5025 1377 5080 ἀπὸ
1392 5027 1490 5097 τῆς
1504 5027 1610 5081 τῶν
1624 5029 1760 5100 Γρα-

61 5115 191 5187 φῶν
224 5112 452 5183 ἀγνοίας
475 5128 491 5144 ·
509 5110 760 5164 ἐντεῦθεν
780 5112 813 5182 ἡ
837 5111 1005 5183 πολλὴ
1031 5112 1138 5166 τῶν
1167 5112 1431 5183 αἱρέσεων
1457 5113 1756 5186 ἐϐλάστησε

60 5205 246 5276 λύμη,
281 5200 533 5254 ἐντεῦθεν
559 5200 609 5253 οί
636 5199 971 5270 ἠμελημένοι
1004 5200 1132 5270 βίοι,
1166 5200 1417 5254 ἐντεῦθεν
1444 5203 1492 5255 οἱ
1510 5203 1757 5274 ἀκερδεῖς

58 5294 252 5347 πόνοι.
284 5289 500 5358 Ὠσπερ
538 5287 648 5359 γὰρ
679 5288 728 5340 οί
755 5287 849 5340 τοῦ
884 5288 1062 5357 φωτὸς
1095 5288 1527 5360 ἀπεστερημένοι
1567 5290 1756 5344 τούτου

58 5382 177 5434 οὐκ
205 5379 275 5433 ἀν
297 5376 435 5447 όρθά
457 5374 732 5445 βαδίσαιεν
752 5376 781 5415 b
804 5392 818 5405 ·
852 5374 1025 5439 οὕτως
1054 5377 1103 5429 οἱ
1127 5375 1261 5445 πρὸς
1292 5377 1391 5448 τὴν
1430 5378 1622 5432 ἀκτῖνα
1648 5379 1759 5433 τῶν

60 5468 241 5522 θείων
270 5466 347 5538 μὴ
375 5464 666 5535 βλέποντες
697 5462 736 5515 Γ
742 5462 953 5533 ραφῶν,
998 5462 1171 5517 πολλά
1213 5464 1621 5532 ἀναγκάζονται
1664 5470 1759 5522 καὶ

61 5556 323 5628 συνεχῶς
342 5554 705 5628 ἁμαρτάνειν,
738 5553 834 5607 ac:
859 5552 925 5625 δὴ
952 5554 1011 5609 ἐν
1051 5554 1228 5626 σκότῳ
1262 5554 1632 5629 χαλεπωτάτῳ
1660 5558 1757 5629 βαο

139 5720 165 5745 ³
198 5718 357 5779 Unus,
399 5717 473 5788 εἰς
489 5718 648 5788 πάσας
674 5714 761 5788 τοῦ
793 5717 997 5788 Ι-ξαύλου
1013 5719 1266 5788 ἐπιστολὰς
1306 5724 1552 5787 πρόλογος.
1621 5724 1646 5761 ³³
1674 5725 1758 5775 Sic

61 5782 175 5831 duo
195 5792 313 5831 mss.
362 5785 419 5831 et
442 5779 595 5831 Savll.
623 5785 774 5829 recte.
798 5779 931 5831 Editi
973 5781 1201 5844 βαδίσειν.

1840 1976 2098 2041 δίζοντες.
2125 1979 2302 2051 Ὅπερ
2322 1980 2407 2033 ἴνα
2429 1980 2504 2053 μὴ
2529 1980 2775 2053 γένηται,
2797 1979 3151 2053 διανοίξωμεν
3168 1983 3295 2049 τοὺς
3319 1982 3521 2054 ὀφθαλ-

1845 2065 1978 2135 μοὺς
2012 2066 2149 2137 πρὸς
2180 2066 2277 2138 τὴν
2308 2068 2629 2139 λαμπηδόνα
2660 2069 2770 2122 τῶν
2794 2069 3173 2124 ἀποστολικῶν
3196 2072 3464 2143 ῥημάτων
3492 2089 3510 2105 ⁸

1843 2155 1937 2207 καὶ
1974 2154 2086 2225 γὰρ
2114 2155 2254 2226 ὑπὲρ
2273 2156 2366 2208 τὸν
2405 2156 2557 2226 ἣλιον
2598 2156 2837 2227 ἔλαμψεν
2866 2158 2899 2225 ἡ
2926 2155 3118 2211 τούτου
3140 2157 3379 2226 γλῶττα,
3423 2161 3522 2213 καὶ

1842 2249 1951 2302 τῶν
1978 2249 2153 2303 ἀλλων
2174 2251 2428 2306 ἀπάντων
2461 2251 2854 2324 ἐπλεονέκτησε
2906 2252 2986 2323 τῷ
3026 2254 3127 2323 τῆς
3174 2252 3523 2317 διδασκαλίας

1843 2336 1989 2408 λόγῳ
2021 2355 2036 2370 ·
2078 2337 2265 2410 ἐπειδὴ
2297 2338 2405 2411 γάρ
2435 2339 2823 2412 περισσότερον
2858 2339 3035 2394 αὐτῶν
3070 2342 3353 2404 ἐκοπίασε,
3388 2341 3523 2393 πολ-

1844 2424 1941 2495 λὴν
1968 2425 2062 2479 καὶ
2110 2424 2208 2497 τὴν
2265 2425 2359 2479 τοῦ
2422 2426 2740 2497 Πνεύματος
2784 2427 3137 2482 ἐπεσπάσατο
3174 2429 3354 2499 χάριν.
3409 2430 3523 2483 Καὶ

1846 2511 2008 2566 τοῦτο
2022 2513 2121 2566 οὐκ
2141 2513 2248 2568 ἀπὸ
2273 2513 2381 2566 τῶν
2411 2513 2741 2568 Ἐπιστολῶν
2760 2513 3167 2586 διισχυρίζομαι
3186 2515 3366 2585 μόνον,
3385 2515 3523 2568 ἀλλά

1848 2601 1942 2652 καὶ
1962 2599 2070 2653 ἀπὸ
2089 2600 2199 2653 τῶν
2222 2600 2492 2672 πράξεων.
2514 2602 2575 2654 Εί
2596 2601 2705 2673 γάρ
2730 2618 2833 2655 που
2856 2601 3198 2673 δημηγορίας
3218 2597 3286 2673 ἦν
3309 2602 3521 2673 καιρὸς,

1849 2688 2000 2759 αὐτῷ
2065 2690 2339 2760 πανταχοῦ
2410 2690 2768 2760 παρεχώρουν
2815 2704 2831 2720 ⁸
2872 2689 2952 2743 διδ
2999 2690 3093 2744 καὶ
3126 2691 3334 2762 Ἐρμῆς
3383 2685 3527 2745 εῖναι

1850 2774 2132 2845 ἐνομίζετο
2164 2776 2315 2847 παρὰ
2341 2779 2455 2841 τοῖς
2493 2778 2763 2843 ἀπίστοις,
2804 2777 2893 2832 διὰ
2940 2778 3002 2831 τὸ
3042 2776 3137 2832 τοῦ
3189 2778 3349 2848 λόγου
3394 2797 3528 2832 κατ·
3646 2780 3651 2785 ’

1851 2863 2372 2935 άρχειν.Μέλλοντας
2387 2866 2444 2920 δέ
2459 2867 2541 2930 είς
2565 2867 2664 2938 τὴν
2681 2866 3004 2936 Ἐπιστολὴν
3034 2867 3283 2921 κατιέναι
3299 2865 3525 2937 ταύτην,

1851 2954 2149 3021 ἀναγκαῖον
2180 2953 2275 3007 καὶ
2306 2954 2397 3007 τὸν
2418 2954 2610 3025 χρόνον
2639 2955 2837 3019 εἰπεῖν,
2868 2954 2991 3008 καθ’
3024 2954 3083 3007 ὃν
3120 2954 3359 3025 ἐγράφη.
3391 2953 3528 3007 Οὐδέ

1850 3039 1979 3110 γάρ,
2004 3039 2079 3102 ώς
2109 3039 2292 3092 πολλοὶ
2321 3041 2625 3110 νομίζουσι,
2658 3041 2764 3113 πρὸ
2808 3040 2996 3096 πασῶν
3018 3041 3127 3094 τῶν
3154 3042 3329 3096 ἀλλων
3353 3042 3524 3107 ἐστὶν,

1852 3125 1987 3179 ἀλλά
2013 3126 2122 3180 τῶν
2152 3126 2250 3197 μὲν
2279 3128 2386 3181 ἀπὸ
2426 3127 2644 3200 Ῥώμης
2689 3127 3005 3200 γραφεισῶν
3041 3129 3282 3201 προτέρα
3311 3131 3527 3193 πασῶν,

1853 3213 1964 3267 τῶν
2009 3214 2066 3267 δὲ
2110 3214 2285 3269 ἀλλων
2338 3215 2561 3287 ὑστέρα,
2606 3217 2654 3269 εί
2710 3217 2804 3269 καὶ
2847 3215 2923 3287 μὴ
2953 3217 3142 3270 πασῶν
3171 3232 3183 3245 ·
3218 3216 3442 3287 καὶγὰρ
3472 3216 3529 3269 αί

1855 3302 1991 3371 πρὸς
2012 3302 2331 3375 Κορινθίους
2351 3303 2658 3375 ἀμφότεραι
2702 3303 2808 3374 πρὸ
2850 3303 3055 3375 ταύτης
3095 3303 3232 3357 είσὶν
3257 3303 3532 3357 ἀπεσταλ-

1859 3390 2037 3460 μέναι.
2106 3389 2215 3445 Καὶ
2267 3388 2427 3443 τοῦτο
2466 3390 2627 3461 δῆλον
2681 3390 2777 3460 ἀφ’
2812 3383 2888 3444 ὧν
2935 3390 2994 3444 ἐν
3041 3389 3120 3461 τῷ
3147 3388 3292 3443 τέλει
3320 3389 3528 3461 ταύτης

1855 3477 2113 3549 ἔγραφεν,
2156 3478 2299 3531 οὔτω
2333 3478 2509 3547 λέγων
2533 3497 2546 3509 ·
2576 3479 2726 3533 Νυνὶ
2754 3477 2823 3531 δὲ
2846 3479 3171 3548 πορεύομαι
3197 3480 3282 3545 είς
3312 3476 3532 3545 Ἰερου-

1854 3566 2060 3636 σαλὴμ
2078 3564 2375 3619 διακονῶν
2393 3566 2517 3632 τοῖς
2553 3566 2766 3636 ἁγίοις.
2802 3565 3167 3634 Εὑδόκησαν
3198 3565 3309 3634 γὰρ
3334 3567 3531 3618 Μακε-

1853 3656 2026 3709 δονία
2072 3656 2173 3710 καὶ
2222 3656 2421 3726 Ἀχαΐα
2472 3656 2794 3709 κοινωνίαν
2843 3655 2976 3708 τινὰ
3027 3654 3399 3723 ποιήσασθαι
3442 3654 3531 3719 είς

1853 3743 1996 3809 τσὺς
2017 3742 2293 3812 πτωχοὺς
2326 3742 2444 3795 τῶν
2483 3743 2668 3811 ἁγίων
2704 3739 2826 3794 τῶν
2861 3741 2932 3794 ἐν
2968 3740 3387 3809 Ἰερουσαλήμ.
3418 3742 3529 3792 Κο-

1857 3830 2082 3901 ρινθίοις
2106 3831 2163 3885 δέ
2201 3830 2529 3884 ἐπιστέλλων
2564 3830 2749 3898 ἔλεγεν
2778 3845 2792 3859 ·
2837 3828 2982 3883 Ἐὰν
3012 3822 3053 3898 ᾖ
3091 3828 3265 3895 ἀξιον
3287 3826 3393 3881 τοῦ
3426 3828 3529 3879 καὶ

1852 3918 1957 3987 ἐμὲ
1982 3919 2361 3988 πορεύεσθαι,
2418 3916 2542 3971 σὺν
2596 3917 2725 3985 ἐμοὶ
2782 3916 3199 3984 πορεύσονται,
3249 3932 3314 3967 πε
3324 3916 3378 3985 ρὶ
3421 3914 3529 3966 τῶν

1854 4007 2295 4078 ἀποκομιζόντων
2338 4008 2518 4060 ἐκεῖσε
2551 4004 2622 4059 τὰ
2652 4005 2912 4075 χρήματα
2944 4003 3115 4056 ταῦτα
3143 4002 3335 4071 λέγων.
3369 4002 3530 4054 Ὅθεν

1854 4098 2033 4168 δῆλον,
2063 4097 2146 4151 ὅτι
2192 4095 2355 4167 ἡνίκα
2386 4095 2486 4167 μὲν
2531 4092 2822 4149 ἐπέστελλε
2863 4091 3194 4164 Κορινθίοις,
3227 4090 3530 4162 ἀμφίϐολον

1852 4180 1920 4254 ἦν
1943 4185 2003 4238 τὸ
2032 4184 2132 4255 τῆς
2154 4184 2405 4254 τοιαύτης
2433 4183 2743 4254 ἀποδημίας
2781 4181 2945 4235 αὐτοῦ
2969 4196 2983 4209 ⁶
3014 4181 3103 4234 ὅτε
3132 4179 3190 4233 δὲ
3216 4179 3528 4249 Ῥωμαίοις,

1853 4278 1921 4354 ἦν
1951 4282 2333 4354 κεκυρωμένον
2355 4281 2562 4335 λοιπόν.
2596 4279 2801 4334 Τούτου
2833 4278 2891 4333 δὲ
2918 4277 3376 4348 ὁμολογουμένου,
3423 4277 3527 4329 κά-

1855 4372 2003 4423 κεῖνο
2021 4370 2202 4438 δῆλον,
2232 4371 2315 4422 ὃτι
2354 4368 2493 4441 αὕτη
2562 4370 2679 4439 μετ’
2734 4367 2952 4429 ἐκείνας
2983 4368 3018 4436 ἡ
3060 4365 3372 4435 Ἐπιστολή.
3420 4365 3531 4418 Καὶ

1858 4461 1891 4529 ἡ
1922 4459 2058 4529 πρὸς
2076 4458 2489 4521 Θεσσαλονικείς
2532 4457 2589 4510 δέ
2634 4456 2759 4527 ἐμοὶ
2808 4456 2955 4510 δοκεῖ
2978 4454 3223 4527 προτέρα
3255 4458 3355 4525 τῆς
3392 4454 3532 4524 πρὸς

1860 4546 2179 4618 Κορινθίους
2224 4545 2542 4615 Ἐπιστολῆς
2588 4539 2750 4598 εἶναι.
2801 4544 2910 4597 Καὶ
2938 4542 3047 4613 γάρ
3076 4543 3305 4603 ἐκείνοις
3333 4542 3532 4610 πρότεο

1860 4652 1954 4706 ρον
1991 4633 2320 4697 ἐπιστείλας,
2371 4633 2466 4687 καὶ
2485 4632 2575 4687 τὸν
2622 4632 2725 4702 τῆς
2778 4630 3149 4703 ἐλεημοσύνης
3180 4630 3313 4698 πρὸς
3334 4627 3533 4689 αὐτοὺς

1861 4722 2090 4792 κινήσας
2135 4721 2313 4789 λόγον,
2361 4722 2451 4774 ὅτε
2498 4720 2651 4788 ἔλεγε
2677 4734 2693 4748 ·
2722 4719 2862 4786 Περὶ
2898 4718 2967 4771 δὲ
2998 4716 3107 4783 τῆς
3127 4714 3533 4783 φιλαδελφίας

1861 4812 1932 4864 οὐ
1971 4810 2179 4879 χρείαν
2216 4808 2437 4878 ἔχομεν
2472 4806 2724 4878 γράφειν
2759 4807 2905 4875 ὑμῖν
2946 4822 2960 4837 ο
2998 4802 3169 4856 αὐτοὶ
3221 4800 3331 4869 γὰρ
3360 4800 3532 4867 ὑμεῖς

1861 4896 2234 4953 θεοδίδακτοί
2260 4898 2401 4950 ἐστε
2426 4899 2512 4962 είς
2536 4895 2605 4949 τὸ
2630 4890 2869 4961 ἀγαπᾷν
2908 4890 3222 4957 ἀλλήλους
3254 4904 3265 4917 ’
3299 4890 3395 4942 καὶ
3420 4889 3530 4958 γὰρ

1861 4989 2082 5043 ποιεῖτε
2108 4988 2255 5042 αὐτὸ
2280 4991 2431 5055 πρὸς
2455 4988 2687 5051 πάντας
2710 4983 2853 5050 τοὺς
2883 4983 3188 5052 ἀδελφούς
3218 4997 3231 5012 ⁶
3262 4982 3384 5035 τότε
3422 4983 3532 5034 Κο-

1864 5076 2089 5148 ρινθίοις
2120 5074 2429 5129 ἐπέστελλε.
2462 5074 2571 5126 Καὶ
2611 5071 2771 5126 τοῦτο
2802 5071 2934 5124 αὐτὸ
2967 5071 3118 5142 δηλοί
3145 5069 3319 5139 λέγων
3348 5085 3361 5098 ·
3388 5066 3533 5123 Οἶδα

1862 5163 1975 5233 γὰρ
1992 5161 2106 5232 ἐγὼ
2130 5161 2245 5230 τὴν
2265 5162 2604 5230 προθυμίαν
2650 5159 2839 5231 ὑμῶν,
2898 5159 2979 5229 ἣν
3010 5159 3163 5230 ὑπὲρ
3188 5158 3357 5230 ὑμῶν
3378 5159 3531 5232 [οίὶη

1864 5250 2174 5321 καυχῶμαι
2220 5250 2583 5316 Μακεδόσιν,
2638 5251 2727 5304 ὅτι
2790 5252 2988 5321 Ἀχαΐα
3044 5252 3535 5320 παρεσκεύασται

1862 5338 1981 5394 ἀπὸ
2019 5339 2235 5407 πέρυσι
2268 5354 2282 5368 ·
2315 5336 2414 5391 καί
2453 5341 2485 5391 ό
2526 5338 2595 5401 ἐξ
2650 5336 2819 5407 ὑμῶν
2877 5337 3058 5406 ζῆλος
3100 5339 3341 5406 ἠρέθισε
3391 5338 3534 5403 τοὺς

1864 5430 2169 5494 πλείονας.
2202 5426 2294 5493 Ἐξ
2321 5419 2395 5480 ὧν
2440 5425 2661 5493 ἔδειξεν,
2700 5428 2784 5481 ὃτι
2835 5428 3072 5499 πρώτοις
3129 5427 3357 5490 ἐκείνοις
3404 5426 3534 5496 περὶ

1862 5518 2051 5572 τούτου
2081 5515 2346 5587 διελέχθη.
2373 5516 2590 5570 Τούτων
2631 5515 2729 5586 μὲν
2765 5512 2857 5571 οὖν
2901 5517 3103 5589 ὑστέρα
3141 5516 3247 5568 τῶν
3279 5516 3533 5567 Ἐπιστο-

1863 5608 1970 5661 λῶν
1999 5606 2158 5677 αῦτη,
2185 5607 2294 5659 τῶν
2328 5604 2385 5658 δέ
2426 5606 2533 5658 ἀπὸ
2571 5606 2789 5677 Ῥώμης
2821 5606 3011 5677 πρώτη
3038 5620 3054 5636 ⁸
3088 5603 3294 5657 οὐδέπω
3332 5600 3440 5673 γὰρ
3465 5598 3535 5672 ἦν

1865 5697 1962 5766 τῆς
1992 5696 2279 5766 Ῥωμαίων
2312 5695 2519 5757 πόλεως
2541 5695 2756 5761 ἐπιϐάς,
2791 5696 2953 5764 ἡνίκα
2970 5692 3174 5761 ταύτην
3194 5691 3397 5761 ἔγραφε
3432 5688 3534 5762 τὴν

1878 5783 2199 5840 Ἐπιστολὴν
2248 5800 2261 5815 '
2298 5785 2392 5840 καὶ
2413 5784 2569 5839 τοῦτο
2590 5783 2741 5841 δηλοῖ
2795 5783 2968 5850 λέγων
3018 5799 3033 5815 ο
3072 5780 3362 5836 Ἐπιποοῶ
3419 5781 3533 5849 γὰρ
