  <div class='ocr_page' id='page_1' title='image "/cluster/home/n/w/nwhite01/storage/ocr_20150623/60/hvd.32044019207810/396.png"; bbox 0 0 3950 6464; ppageno 0'>
   <div class='ocr_carea' id='block_1_1' title="bbox 150 303 243 361">
    <p class='ocr_par' dir='ltr' id='par_1_1' title="bbox 150 303 243 361">
     <span class='ocr_line' id='line_1_1' title="bbox 150 303 243 361; baseline 0.022 -1"><span class='ocrx_word' id='word_1_1' title='bbox 150 303 243 361; x_wconf 77' lang='lat'><strong>393</strong></span> 
     </span>
    </p>
   </div>
   <div class='ocr_carea' id='block_1_2' title="bbox 146 407 1703 484">
    <p class='ocr_par' dir='ltr' id='par_1_2' title="bbox 146 407 1703 484">
     <span class='ocr_line' id='line_1_2' title="bbox 146 407 1703 484; baseline -0.008 -13"><span class='ocrx_word' id='word_1_2' title='bbox 146 412 339 484; x_wconf 77' lang='lat' dir='ltr'><strong>scripsit</strong></span> <span class='ocrx_word' id='word_1_3' title='bbox 362 409 634 481; x_wconf 79' lang='lat' dir='ltr'><strong>epistolam</strong></span> <span class='ocrx_word' id='word_1_4' title='bbox 662 427 676 474; x_wconf 91' lang='lat'><strong>;</strong></span> <span class='ocrx_word' id='word_1_5' title='bbox 709 409 759 465; x_wconf 89' lang='lat' dir='ltr'><strong>id</strong></span> <span class='ocrx_word' id='word_1_6' title='bbox 800 409 942 481; x_wconf 88' lang='lat' dir='ltr'><strong>quod</strong></span> <span class='ocrx_word' id='word_1_7' title='bbox 975 408 1057 464; x_wconf 85' lang='lat' dir='ltr'><strong>his</strong></span> <span class='ocrx_word' id='word_1_8' title='bbox 1083 409 1261 464; x_wconf 91' lang='lat' dir='ltr'><strong>verbis</strong></span> <span class='ocrx_word' id='word_1_9' title='bbox 1291 408 1491 464; x_wconf 77' lang='lat' dir='ltr'><strong>indicat</strong></span> <span class='ocrx_word' id='word_1_10' title='bbox 1518 427 1530 462; x_wconf 96' lang='lat'>:</span> <span class='ocrx_word' id='word_1_11' title='bbox 1563 407 1703 461; x_wconf 80' lang='lat' dir='ltr'><strong>Desi-</strong></span> 
     </span>
    </p>
   </div>
   <div class='ocr_carea' id='block_1_3' title="bbox 1238 292 2247 354">
    <p class='ocr_par' dir='ltr' id='par_1_3' title="bbox 1238 292 2247 354">
     <span class='ocr_line' id='line_1_3' title="bbox 1238 292 2247 354; baseline 0 -3"><span class='ocrx_word' id='word_1_12' title='bbox 1238 296 1303 352; x_wconf 73' lang='grc' dir='ltr'><strong>[Ν</strong></span> <span class='ocrx_word' id='word_1_13' title='bbox 1342 294 1561 354; x_wconf 80' lang='lat' dir='ltr'><strong>EPlST.</strong></span> <span class='ocrx_word' id='word_1_14' title='bbox 1604 294 1693 349; x_wconf 76' lang='lat' dir='ltr'><strong>AD</strong></span> <span class='ocrx_word' id='word_1_15' title='bbox 1734 293 1898 349; x_wconf 71' lang='lat' dir='ltr'><strong>ROM.</strong></span> <span class='ocrx_word' id='word_1_16' title='bbox 1943 295 2170 353; x_wconf 72' lang='lat' dir='ltr'><strong>UUMIL.</strong></span> <span class='ocrx_word' id='word_1_17' title='bbox 2207 292 2247 352; x_wconf 83' lang='grc'><strong>1.</strong></span> 
     </span>
    </p>
   </div>
   <div class='ocr_carea' id='block_1_4' title="bbox 3294 313 3400 377">
    <p class='ocr_par' dir='ltr' id='par_1_4' title="bbox 3294 313 3400 377">
     <span class='ocr_line' id='line_1_4' title="bbox 3294 313 3400 377; baseline 0.066 -8"><span class='ocrx_word' id='word_1_18' title='bbox 3294 313 3400 377; x_wconf 72' lang='grc'><strong>394</strong></span> 
     </span>
    </p>
   </div>
   <div class='ocr_carea' id='block_1_5' title="bbox 1814 404 3398 491">
    <p class='ocr_par' dir='ltr' id='par_1_5' title="bbox 1814 404 3398 491">
     <span class='ocr_line' id='line_1_5' title="bbox 1814 404 3398 491; baseline 0.009 -32"><span class='ocrx_word' id='word_1_19' title='bbox 1814 404 2053 462; x_wconf 89' lang='lat' dir='ltr'><strong>medicus</strong></span> <span class='ocrx_word' id='word_1_20' title='bbox 2076 419 2338 485; x_wconf 46' lang='grc' dir='ltr'><strong>πλεῖοι-πθ</strong></span> <span class='ocrx_word' id='word_1_21' title='bbox 2373 411 2717 484; x_wconf 83' lang='lat' dir='ltr'><strong>incipientes,</strong></span> <span class='ocrx_word' id='word_1_22' title='bbox 2754 424 2808 471; x_wconf 87' lang='lat' dir='ltr'><strong>et</strong></span> <span class='ocrx_word' id='word_1_23' title='bbox 2833 432 2958 486; x_wconf 89' lang='lat' dir='ltr'><strong>eos,</strong></span> <span class='ocrx_word' id='word_1_24' title='bbox 2989 434 3080 491; x_wconf 88' lang='lat' dir='ltr'><strong>qut</strong></span> <span class='ocrx_word' id='word_1_25' title='bbox 3125 421 3339 478; x_wconf 87' lang='lat' dir='ltr'><strong>demqu</strong></span> <span class='ocrx_word' id='word_1_26' title='bbox 3370 442 3398 475; x_wconf 85' lang='lat' dir='ltr'><strong>a</strong></span> 
     </span>
    </p>
   </div>
   <div class='ocr_carea' id='block_1_6' title="bbox 145 498 3396 580">
    <p class='ocr_par' dir='ltr' id='par_1_6' title="bbox 145 498 3396 580">
     <span class='ocr_line' id='line_1_6' title="bbox 145 498 3396 580; baseline 0.004 -20"><span class='ocrx_word' id='word_1_27' title='bbox 145 510 252 560; x_wconf 82' lang='lat' dir='ltr'><strong>dero</strong></span> <span class='ocrx_word' id='word_1_28' title='bbox 271 505 398 559; x_wconf 85' lang='lat' dir='ltr'><strong>enim</strong></span> <span class='ocrx_word' id='word_1_29' title='bbox 420 503 584 557; x_wconf 81' lang='lat' dir='ltr'><strong>videre</strong></span> <span class='ocrx_word' id='word_1_30' title='bbox 610 517 716 565; x_wconf 85' lang='lat' dir='ltr'><strong>vos,</strong></span> <span class='ocrx_word' id='word_1_31' title='bbox 745 512 799 555; x_wconf 88' lang='lat' dir='ltr'><strong>ut</strong></span> <span class='ocrx_word' id='word_1_32' title='bbox 828 502 1021 572; x_wconf 83' lang='lat' dir='ltr'><strong>aliquid</strong></span> <span class='ocrx_word' id='word_1_33' title='bbox 1046 502 1335 571; x_wconf 76' lang='lat' dir='ltr'><strong>impertiam</strong></span> <span class='ocrx_word' id='word_1_34' title='bbox 1365 502 1500 557; x_wconf 77' lang='lat' dir='ltr'><strong>nobis</strong></span> <span class='ocrx_word' id='word_1_35' title='bbox 1528 502 1710 572; x_wconf 72' lang='lat' dir='ltr'><strong>gratia!</strong></span> <span class='ocrx_word' id='word_1_36' title='bbox 1811 498 2003 555; x_wconf 89' lang='lat' dir='ltr'><strong>morbo</strong></span> <span class='ocrx_word' id='word_1_37' title='bbox 2031 510 2381 569; x_wconf 79' lang='lat' dir='ltr'><strong>recreantur;</strong></span> <span class='ocrx_word' id='word_1_38' title='bbox 2410 519 2584 575; x_wconf 89' lang='lat' dir='ltr'><strong>neque</strong></span> <span class='ocrx_word' id='word_1_39' title='bbox 2609 506 2799 561; x_wconf 84' lang='lat' dir='ltr'><strong>doctor</strong></span> <span class='ocrx_word' id='word_1_40' title='bbox 2826 511 3079 579; x_wconf 89' lang='lat' dir='ltr'><strong>puerulos</strong></span> <span class='ocrx_word' id='word_1_41' title='bbox 3121 513 3316 580; x_wconf 90' lang='lat' dir='ltr'><strong>simul,</strong></span> <span class='ocrx_word' id='word_1_42' title='bbox 3344 527 3396 572; x_wconf 88' lang='lat' dir='ltr'><strong>et</strong></span> 
     </span>
    </p>
   </div>
   <div class='ocr_carea' id='block_1_7' title="bbox 143 591 1706 663">
    <p class='ocr_par' dir='ltr' id='par_1_7' title="bbox 143 591 1706 663">
     <span class='ocr_line' id='line_1_7' title="bbox 143 591 1706 663; baseline -0.001 -13"><span class='ocrx_word' id='word_1_43' title='bbox 143 594 402 662; x_wconf 86' lang='lat' dir='ltr'><strong>spiritualis</strong></span> <span class='ocrx_word' id='word_1_44' title='bbox 432 592 603 663; x_wconf 85' lang='lat' dir='ltr'><strong>(Rom.</strong></span> <span class='ocrx_word' id='word_1_45' title='bbox 633 593 685 647; x_wconf 99' lang='grc'><strong>1.</strong></span> <span class='ocrx_word' id='word_1_46' title='bbox 714 593 821 661; x_wconf 77' lang='lat' dir='ltr'><strong>li).</strong></span> <span class='ocrx_word' id='word_1_47' title='bbox 854 591 1025 646; x_wconf 80' lang='lat' dir='ltr'><strong>Roma</strong></span> <span class='ocrx_word' id='word_1_48' title='bbox 1045 602 1222 647; x_wconf 90' lang='lat' dir='ltr'><strong>autem</strong></span> <span class='ocrx_word' id='word_1_49' title='bbox 1245 594 1311 648; x_wconf 90' lang='lat' dir='ltr'><strong>ad</strong></span> <span class='ocrx_word' id='word_1_50' title='bbox 1334 593 1706 663; x_wconf 83' lang='lat' dir='ltr'><strong>Philippenscs</strong></span> 
     </span>
    </p>
   </div>
   <div class='ocr_carea' id='block_1_8' title="bbox 143 685 1704 757">
    <p class='ocr_par' dir='ltr' id='par_1_8' title="bbox 143 685 1704 757">
     <span class='ocr_line' id='line_1_8' title="bbox 143 685 1704 757; baseline -0.001 -14"><span class='ocrx_word' id='word_1_51' title='bbox 143 688 335 757; x_wconf 76' lang='lat' dir='ltr'><strong>scripsit</strong></span> <span class='ocrx_word' id='word_1_52' title='bbox 362 704 377 742; x_wconf 88' lang='lat'><strong>:</strong></span> <span class='ocrx_word' id='word_1_53' title='bbox 411 685 531 741; x_wconf 87' lang='lat' dir='ltr'><strong>ideo</strong></span> <span class='ocrx_word' id='word_1_54' title='bbox 555 686 629 739; x_wconf 85' lang='lat' dir='ltr'><strong>ait</strong></span> <span class='ocrx_word' id='word_1_55' title='bbox 654 702 667 739; x_wconf 90' lang='lat'><strong>:</strong></span> <span class='ocrx_word' id='word_1_56' title='bbox 702 685 944 740; x_wconf 78' lang='lat' dir='ltr'><strong>Salutant</strong></span> <span class='ocrx_word' id='word_1_57' title='bbox 969 702 1055 740; x_wconf 82' lang='lat' dir='ltr'><strong>uos</strong></span> <span class='ocrx_word' id='word_1_58' title='bbox 1075 702 1251 740; x_wconf 88' lang='lat' dir='ltr'><strong>omnes</strong></span> <span class='ocrx_word' id='word_1_59' title='bbox 1276 688 1461 750; x_wconf 88' lang='lat' dir='ltr'><strong>sancti,</strong></span> <span class='ocrx_word' id='word_1_60' title='bbox 1485 689 1704 742; x_wconf 75' lang='lat' dir='ltr'><strong>maxime</strong></span> 
     </span>
    </p>
   </div>
   <div class='ocr_carea' id='block_1_9' title="bbox 139 778 1705 851">
    <p class='ocr_par' dir='ltr' id='par_1_9' title="bbox 139 778 1705 851">
     <span class='ocr_line' id='line_1_9' title="bbox 139 778 1705 851; baseline 0.002 -18"><span class='ocrx_word' id='word_1_61' title='bbox 139 781 215 850; x_wconf 89' lang='lat' dir='ltr'><strong>qui</strong></span> <span class='ocrx_word' id='word_1_62' title='bbox 249 779 308 833; x_wconf 88' lang='lat' dir='ltr'><strong>de</strong></span> <span class='ocrx_word' id='word_1_63' title='bbox 331 778 542 832; x_wconf 68' lang='lat' dir='ltr'><strong>Cesaris</strong></span> <span class='ocrx_word' id='word_1_64' title='bbox 567 778 717 832; x_wconf 90' lang='lat' dir='ltr'><strong>domo</strong></span> <span class='ocrx_word' id='word_1_65' title='bbox 755 788 870 833; x_wconf 88' lang='lat' dir='ltr'><strong>sunt</strong></span> <span class='ocrx_word' id='word_1_66' title='bbox 913 778 1171 851; x_wconf 78' lang='lat' dir='ltr'><strong>(Philipp.</strong></span> <span class='ocrx_word' id='word_1_67' title='bbox 1202 782 1258 836; x_wconf 74' lang='grc'><strong>4.</strong></span> <span class='ocrx_word' id='word_1_68' title='bbox 1295 780 1418 851; x_wconf 71' lang='lat'><strong>2&#39;2).</strong></span> <span class='ocrx_word' id='word_1_69' title='bbox 1465 780 1705 836; x_wconf 63' lang='lat' dir='ltr'><strong>Hebraeis</strong></span> 
     </span>
    </p>
   </div>
   <div class='ocr_carea' id='block_1_10' title="bbox 139 869 1700 944">
    <p class='ocr_par' dir='ltr' id='par_1_10' title="bbox 139 869 1700 944">
     <span class='ocr_line' id='line_1_10' title="bbox 139 869 1700 944; baseline 0.003 -20"><span class='ocrx_word' id='word_1_70' title='bbox 139 883 330 940; x_wconf 80' lang='lat' dir='ltr'><strong>quoque</strong></span> <span class='ocrx_word' id='word_1_71' title='bbox 358 869 553 925; x_wconf 85' lang='lat' dir='ltr'><strong>isthinc</strong></span> <span class='ocrx_word' id='word_1_72' title='bbox 585 871 833 939; x_wconf 83' lang='lat' dir='ltr'><strong>scripsit,</strong></span> <span class='ocrx_word' id='word_1_73' title='bbox 865 872 1045 942; x_wconf 77' lang='lat' dir='ltr'><strong>aitque</strong></span> <span class='ocrx_word' id='word_1_74' title='bbox 1071 873 1290 928; x_wconf 89' lang='lat' dir='ltr'><strong>salutari</strong></span> <span class='ocrx_word' id='word_1_75' title='bbox 1320 874 1466 944; x_wconf 83' lang='lat' dir='ltr'><strong>ipsos</strong></span> <span class='ocrx_word' id='word_1_76' title='bbox 1494 874 1562 928; x_wconf 91' lang='lat' dir='ltr'><strong>ab</strong></span> <span class='ocrx_word' id='word_1_77' title='bbox 1594 875 1658 929; x_wconf 91' lang='lat' dir='ltr'><strong>iis</strong></span> <span class='ocrx_word' id='word_1_78' title='bbox 1686 917 1700 939; x_wconf 91' lang='lat'><strong>,</strong></span> 
     </span>
    </p>
   </div>
   <div class='ocr_carea' id='block_1_11' title="bbox 140 957 1702 1037">
    <p class='ocr_par' dir='ltr' id='par_1_11' title="bbox 140 957 1702 1037">
     <span class='ocr_line' id='line_1_11' title="bbox 140 957 1702 1037; baseline 0.005 -23"><span class='ocrx_word' id='word_1_79' title='bbox 140 959 215 1030; x_wconf 87' lang='lat' dir='ltr'><strong>qui</strong></span> <span class='ocrx_word' id='word_1_80' title='bbox 240 961 292 1015; x_wconf 85' lang='lat' dir='ltr'><strong>in</strong></span> <span class='ocrx_word' id='word_1_81' title='bbox 318 957 468 1014; x_wconf 84' lang='lat' dir='ltr'><strong>Italia</strong></span> <span class='ocrx_word' id='word_1_82' title='bbox 492 969 647 1016; x_wconf 84' lang='lat' dir='ltr'><strong>erant</strong></span> <span class='ocrx_word' id='word_1_83' title='bbox 677 961 861 1033; x_wconf 83' lang='lat' dir='ltr'><strong>(Hebr.</strong></span> <span class='ocrx_word' id='word_1_84' title='bbox 889 964 979 1019; x_wconf 76' lang='grc'><strong>15.</strong></span> <span class='ocrx_word' id='word_1_85' title='bbox 1011 962 1126 1036; x_wconf 66' lang='grc'><strong>24).</strong></span> <span class='ocrx_word' id='word_1_86' title='bbox 1157 965 1452 1037; x_wconf 81' lang='lat' dir='ltr'><strong>Epistolam</strong></span> <span class='ocrx_word' id='word_1_87' title='bbox 1481 966 1608 1022; x_wconf 87' lang='lat' dir='ltr'><strong>item</strong></span> <span class='ocrx_word' id='word_1_88' title='bbox 1635 968 1702 1022; x_wconf 88' lang='lat' dir='ltr'><strong>ad</strong></span> 
     </span>
    </p>
   </div>
   <div class='ocr_carea' id='block_1_12' title="bbox 138 1050 1700 1127">
    <p class='ocr_par' dir='ltr' id='par_1_12' title="bbox 138 1050 1700 1127">
     <span class='ocr_line' id='line_1_12' title="bbox 138 1050 1700 1127; baseline 0.004 -22"><span class='ocrx_word' id='word_1_89' title='bbox 138 1050 449 1106; x_wconf 81' lang='lat' dir='ltr'><strong>Timotheum</strong></span> <span class='ocrx_word' id='word_1_90' title='bbox 475 1051 645 1107; x_wconf 83' lang='lat' dir='ltr'><strong>Roma</strong></span> <span class='ocrx_word' id='word_1_91' title='bbox 674 1053 882 1109; x_wconf 89' lang='lat' dir='ltr'><strong>vinctus</strong></span> <span class='ocrx_word' id='word_1_92' title='bbox 911 1055 1087 1122; x_wconf 86' lang='lat' dir='ltr'><strong>misit,</strong></span> <span class='ocrx_word' id='word_1_93' title='bbox 1129 1071 1248 1126; x_wconf 72' lang='lat' dir='ltr'><strong>qua:</strong></span> <span class='ocrx_word' id='word_1_94' title='bbox 1273 1065 1543 1127; x_wconf 84' lang='lat' dir='ltr'><strong>postrema</strong></span> <span class='ocrx_word' id='word_1_95' title='bbox 1570 1058 1700 1111; x_wconf 86' lang='lat' dir='ltr'><strong>mihi</strong></span> 
     </span>
    </p>
   </div>
   <div class='ocr_carea' id='block_1_13' title="bbox 138 1143 1701 1218">
    <p class='ocr_par' dir='ltr' id='par_1_13' title="bbox 138 1143 1701 1218">
     <span class='ocr_line' id='line_1_13' title="bbox 138 1143 1701 1218; baseline 0.003 -20"><span class='ocrx_word' id='word_1_96' title='bbox 138 1143 324 1198; x_wconf 77' lang='lat' dir='ltr'><strong>videtur</strong></span> <span class='ocrx_word' id='word_1_97' title='bbox 345 1144 582 1198; x_wconf 82' lang='lat' dir='ltr'><strong>omnium</strong></span> <span class='ocrx_word' id='word_1_98' title='bbox 610 1144 757 1200; x_wconf 81' lang='lat' dir='ltr'><strong>Pauli</strong></span> <span class='ocrx_word' id='word_1_99' title='bbox 785 1146 1153 1215; x_wconf 88' lang='lat' dir='ltr'><strong>epistolarum,</strong></span> <span class='ocrx_word' id='word_1_100' title='bbox 1186 1155 1245 1202; x_wconf 89' lang='lat' dir='ltr'><strong>ut</strong></span> <span class='ocrx_word' id='word_1_101' title='bbox 1267 1164 1333 1202; x_wconf 81' lang='lat' dir='ltr'><strong>ex</strong></span> <span class='ocrx_word' id='word_1_102' title='bbox 1357 1148 1475 1218; x_wconf 86' lang='lat' dir='ltr'><strong>ejus</strong></span> <span class='ocrx_word' id='word_1_103' title='bbox 1500 1148 1608 1203; x_wconf 81' lang='lat' dir='ltr'><strong>line</strong></span> <span class='ocrx_word' id='word_1_104' title='bbox 1639 1149 1701 1203; x_wconf 75' lang='lat' dir='ltr'><strong>li~</strong></span> 
     </span>
    </p>
   </div>
   <div class='ocr_carea' id='block_1_14' title="bbox 135 1232 1688 1310">
    <p class='ocr_par' dir='ltr' id='par_1_14' title="bbox 135 1232 1688 1310">
     <span class='ocr_line' id='line_1_14' title="bbox 135 1232 1688 1310; baseline 0.005 -23"><span class='ocrx_word' id='word_1_105' title='bbox 135 1242 278 1302; x_wconf 86' lang='lat' dir='ltr'><strong>quet:</strong></span> <span class='ocrx_word' id='word_1_106' title='bbox 312 1232 421 1303; x_wconf 84' lang='lat' dir='ltr'><strong>Ego</strong></span> <span class='ocrx_word' id='word_1_107' title='bbox 442 1235 575 1288; x_wconf 85' lang='lat' dir='ltr'><strong>enim</strong></span> <span class='ocrx_word' id='word_1_108' title='bbox 590 1235 705 1305; x_wconf 78' lang='lat' dir='ltr'><strong>jam</strong></span> <span class='ocrx_word' id='word_1_109' title='bbox 733 1236 991 1304; x_wconf 83' lang='lat' dir='ltr'><strong>immolor,</strong></span> <span class='ocrx_word' id='word_1_110' title='bbox 1030 1238 1229 1308; x_wconf 87' lang='lat' dir='ltr'><strong>inquit,</strong></span> <span class='ocrx_word' id='word_1_111' title='bbox 1261 1247 1309 1292; x_wconf 88' lang='lat' dir='ltr'><strong>et</strong></span> <span class='ocrx_word' id='word_1_112' title='bbox 1332 1247 1527 1310; x_wconf 86' lang='lat' dir='ltr'><strong>tempus</strong></span> <span class='ocrx_word' id='word_1_113' title='bbox 1563 1256 1688 1294; x_wconf 69' lang='lat' dir='ltr'><strong>rese</strong></span> 
     </span>
    </p>
   </div>
   <div class='ocr_carea' id='block_1_15' title="bbox 137 1324 1700 1399">
    <p class='ocr_par' dir='ltr' id='par_1_15' title="bbox 137 1324 1700 1399">
     <span class='ocr_line' id='line_1_15' title="bbox 137 1324 1700 1399; baseline 0.007 -24"><span class='ocrx_word' id='word_1_114' title='bbox 137 1324 321 1378; x_wconf 77' lang='lat' dir='ltr'><strong>talionis</strong></span> <span class='ocrx_word' id='word_1_115' title='bbox 344 1340 470 1379; x_wconf 75' lang='lat' dir='ltr'><strong>mete</strong></span> <span class='ocrx_word' id='word_1_116' title='bbox 496 1325 651 1381; x_wconf 85' lang='lat' dir='ltr'><strong>instat</strong></span> <span class='ocrx_word' id='word_1_117' title='bbox 693 1327 771 1396; x_wconf 78' lang='lat'><strong>(2.</strong></span> <span class='ocrx_word' id='word_1_118' title='bbox 798 1326 932 1385; x_wconf 85' lang='lat' dir='ltr'><strong>Tim.</strong></span> <span class='ocrx_word' id='word_1_119' title='bbox 959 1329 1014 1384; x_wconf 79' lang='grc'><strong>4.</strong></span> <span class='ocrx_word' id='word_1_120' title='bbox 1039 1329 1116 1399; x_wconf 88' lang='lat'><strong>6).</strong></span> <span class='ocrx_word' id='word_1_121' title='bbox 1166 1329 1321 1396; x_wconf 87' lang='lat' dir='ltr'><strong>Quod</strong></span> <span class='ocrx_word' id='word_1_122' title='bbox 1357 1340 1537 1386; x_wconf 90' lang='lat' dir='ltr'><strong>autem</strong></span> <span class='ocrx_word' id='word_1_123' title='bbox 1580 1331 1700 1388; x_wconf 89' lang='lat' dir='ltr'><strong>istic</strong></span> 
     </span>
    </p>
   </div>
   <div class='ocr_carea' id='block_1_16' title="bbox 136 1415 1698 1493">
    <p class='ocr_par' dir='ltr' id='par_1_16' title="bbox 136 1415 1698 1493">
     <span class='ocr_line' id='line_1_16' title="bbox 136 1415 1698 1493; baseline 0.006 -25"><span class='ocrx_word' id='word_1_124' title='bbox 136 1416 273 1470; x_wconf 85' lang='lat' dir='ltr'><strong>linem</strong></span> <span class='ocrx_word' id='word_1_125' title='bbox 302 1415 512 1471; x_wconf 80' lang='lat' dir='ltr'><strong>vivendi</strong></span> <span class='ocrx_word' id='word_1_126' title='bbox 538 1417 747 1485; x_wconf 78' lang='lat' dir='ltr'><strong>fecerit,</strong></span> <span class='ocrx_word' id='word_1_127' title='bbox 763 1419 970 1474; x_wconf 89' lang='lat' dir='ltr'><strong>nemini</strong></span> <span class='ocrx_word' id='word_1_128' title='bbox 992 1435 1096 1474; x_wconf 90' lang='lat' dir='ltr'><strong>non</strong></span> <span class='ocrx_word' id='word_1_129' title='bbox 1125 1429 1307 1476; x_wconf 89' lang='lat' dir='ltr'><strong>notum</strong></span> <span class='ocrx_word' id='word_1_130' title='bbox 1328 1432 1430 1477; x_wconf 89' lang='lat' dir='ltr'><strong>est.</strong></span> <span class='ocrx_word' id='word_1_131' title='bbox 1460 1421 1698 1493; x_wconf 83' lang='lat' dir='ltr'><strong>Epistula</strong></span> 
     </span>
    </p>
   </div>
   <div class='ocr_carea' id='block_1_17' title="bbox 134 1505 1694 1581">
    <p class='ocr_par' dir='ltr' id='par_1_17' title="bbox 134 1505 1694 1581">
     <span class='ocr_line' id='line_1_17' title="bbox 134 1505 1694 1581; baseline 0.007 -22"><span class='ocrx_word' id='word_1_132' title='bbox 134 1521 318 1575; x_wconf 86' lang='lat' dir='ltr'><strong>quoque</strong></span> <span class='ocrx_word' id='word_1_133' title='bbox 350 1505 416 1561; x_wconf 88' lang='lat' dir='ltr'><strong>ad</strong></span> <span class='ocrx_word' id='word_1_134' title='bbox 448 1506 816 1564; x_wconf 83' lang='lat' dir='ltr'><strong>Philemonem</strong></span> <span class='ocrx_word' id='word_1_135' title='bbox 859 1510 998 1566; x_wconf 90' lang='lat' dir='ltr'><strong>inter</strong></span> <span class='ocrx_word' id='word_1_136' title='bbox 1025 1520 1320 1581; x_wconf 87' lang='lat' dir='ltr'><strong>postremas</strong></span> <span class='ocrx_word' id='word_1_137' title='bbox 1348 1524 1459 1577; x_wconf 89' lang='lat' dir='ltr'><strong>est;</strong></span> <span class='ocrx_word' id='word_1_138' title='bbox 1515 1516 1566 1569; x_wconf 94' lang='lat' dir='ltr'><strong>in</strong></span> <span class='ocrx_word' id='word_1_139' title='bbox 1598 1530 1694 1570; x_wconf 79' lang='lat' dir='ltr'><strong>ex-</strong></span> 
     </span>
    </p>
   </div>
   <div class='ocr_carea' id='block_1_18' title="bbox 135 1598 1691 1670">
    <p class='ocr_par' dir='ltr' id='par_1_18' title="bbox 135 1598 1691 1670">
     <span class='ocr_line' id='line_1_18' title="bbox 135 1598 1691 1670; baseline 0.008 -20"><span class='ocrx_word' id='word_1_140' title='bbox 135 1608 277 1652; x_wconf 88' lang='lat' dir='ltr'><strong>trema</strong></span> <span class='ocrx_word' id='word_1_141' title='bbox 315 1598 455 1652; x_wconf 88' lang='lat' dir='ltr'><strong>enim</strong></span> <span class='ocrx_word' id='word_1_142' title='bbox 492 1608 772 1655; x_wconf 86' lang='lat' dir='ltr'><strong>senectute</strong></span> <span class='ocrx_word' id='word_1_143' title='bbox 801 1602 1017 1670; x_wconf 81' lang='lat' dir='ltr'><strong>scripsit</strong></span> <span class='ocrx_word' id='word_1_144' title='bbox 1059 1602 1244 1659; x_wconf 87' lang='lat' dir='ltr'><strong>illam:</strong></span> <span class='ocrx_word' id='word_1_145' title='bbox 1277 1604 1400 1660; x_wconf 91' lang='lat' dir='ltr'><strong>ideo</strong></span> <span class='ocrx_word' id='word_1_146' title='bbox 1432 1605 1646 1662; x_wconf 86' lang='lat' dir='ltr'><strong>dicebat.</strong></span> <span class='ocrx_word' id='word_1_147' title='bbox 1677 1625 1691 1662; x_wconf 89' lang='lat'><strong>:</strong></span> 
     </span>
    </p>
   </div>
   <div class='ocr_carea' id='block_1_19' title="bbox 136 1686 1694 1756">
    <p class='ocr_par' dir='ltr' id='par_1_19' title="bbox 136 1686 1694 1756">
     <span class='ocr_line' id='line_1_19' title="bbox 136 1686 1694 1756; baseline 0.008 -14"><span class='ocrx_word' id='word_1_148' title='bbox 136 1687 191 1742; x_wconf 85' lang='lat' dir='ltr'><strong>Ut</strong></span> <span class='ocrx_word' id='word_1_149' title='bbox 213 1686 400 1743; x_wconf 87' lang='lat' dir='ltr'><strong>Paulus</strong></span> <span class='ocrx_word' id='word_1_150' title='bbox 437 1706 620 1756; x_wconf 68' lang='lat' dir='ltr'><strong>senet,</strong></span> <span class='ocrx_word' id='word_1_151' title='bbox 664 1708 798 1747; x_wconf 86' lang='lat' dir='ltr'><strong>nunc</strong></span> <span class='ocrx_word' id='word_1_152' title='bbox 835 1703 1002 1748; x_wconf 88' lang='lat' dir='ltr'><strong>autem</strong></span> <span class='ocrx_word' id='word_1_153' title='bbox 1039 1695 1233 1749; x_wconf 86' lang='lat' dir='ltr'><strong>vinctus</strong></span> <span class='ocrx_word' id='word_1_154' title='bbox 1269 1696 1321 1751; x_wconf 89' lang='lat' dir='ltr'><strong>in</strong></span> <span class='ocrx_word' id='word_1_155' title='bbox 1348 1697 1545 1751; x_wconf 76' lang='lat' dir='ltr'><strong>Christo</strong></span> <span class='ocrx_word' id='word_1_156' title='bbox 1566 1697 1694 1753; x_wconf 83' lang='lat' dir='ltr'><strong>Jesu</strong></span> 
     </span>
    </p>
   </div>
   <div class='ocr_carea' id='block_1_20' title="bbox 133 1778 1694 1857">
    <p class='ocr_par' dir='ltr' id='par_1_20' title="bbox 133 1778 1694 1857">
     <span class='ocr_line' id='line_1_20' title="bbox 133 1778 1694 1857; baseline 0.007 -27"><span class='ocrx_word' id='word_1_157' title='bbox 133 1778 353 1847; x_wconf 79' lang='lat' dir='ltr'><strong>(Philem.</strong></span> <span class='ocrx_word' id='word_1_158' title='bbox 392 1778 470 1851; x_wconf 88' lang='lat'><strong>9).</strong></span> <span class='ocrx_word' id='word_1_159' title='bbox 505 1782 633 1839; x_wconf 60' lang='lat' dir='ltr'><strong>Haec</strong></span> <span class='ocrx_word' id='word_1_160' title='bbox 662 1798 822 1853; x_wconf 89' lang='lat' dir='ltr'><strong>porro</strong></span> <span class='ocrx_word' id='word_1_161' title='bbox 866 1788 1142 1853; x_wconf 64' lang='lat' dir='ltr'><strong>prasceSsit</strong></span> <span class='ocrx_word' id='word_1_162' title='bbox 1176 1788 1455 1857; x_wconf 80' lang='lat' dir='ltr'><strong>epistolam</strong></span> <span class='ocrx_word' id='word_1_163' title='bbox 1494 1788 1560 1843; x_wconf 89' lang='lat' dir='ltr'><strong>ad</strong></span> <span class='ocrx_word' id='word_1_164' title='bbox 1590 1788 1694 1844; x_wconf 89' lang='lat' dir='ltr'><strong>Co-</strong></span> 
     </span>
    </p>
   </div>
   <div class='ocr_carea' id='block_1_21' title="bbox 133 1871 1689 1952">
    <p class='ocr_par' dir='ltr' id='par_1_21' title="bbox 133 1871 1689 1952">
     <span class='ocr_line' id='line_1_21' title="bbox 133 1871 1689 1952; baseline 0.01 -29"><span class='ocrx_word' id='word_1_165' title='bbox 133 1871 371 1926; x_wconf 86' lang='lat' dir='ltr'><strong>lossenses</strong></span> <span class='ocrx_word' id='word_1_166' title='bbox 390 1913 407 1938; x_wconf 93' lang='lat'><strong>,</strong></span> <span class='ocrx_word' id='word_1_167' title='bbox 438 1881 497 1928; x_wconf 84' lang='lat' dir='ltr'><strong>ut</strong></span> <span class='ocrx_word' id='word_1_168' title='bbox 525 1889 590 1929; x_wconf 82' lang='lat' dir='ltr'><strong>ex</strong></span> <span class='ocrx_word' id='word_1_169' title='bbox 622 1875 741 1944; x_wconf 85' lang='lat' dir='ltr'><strong>ejus</strong></span> <span class='ocrx_word' id='word_1_170' title='bbox 769 1877 873 1932; x_wconf 87' lang='lat' dir='ltr'><strong>line</strong></span> <span class='ocrx_word' id='word_1_171' title='bbox 899 1878 1159 1947; x_wconf 85' lang='lat' dir='ltr'><strong>arguitur,</strong></span> <span class='ocrx_word' id='word_1_172' title='bbox 1191 1879 1277 1934; x_wconf 91' lang='lat' dir='ltr'><strong>ubi</strong></span> <span class='ocrx_word' id='word_1_173' title='bbox 1309 1881 1387 1935; x_wconf 89' lang='lat' dir='ltr'><strong>sic</strong></span> <span class='ocrx_word' id='word_1_174' title='bbox 1418 1881 1689 1952; x_wconf 88' lang='lat' dir='ltr'><strong>loquitur:</strong></span> 
     </span>
    </p>
   </div>
   <div class='ocr_carea' id='block_1_22' title="bbox 132 1962 1690 2041">
    <p class='ocr_par' dir='ltr' id='par_1_22' title="bbox 132 1962 1690 2041">
     <span class='ocr_line' id='line_1_22' title="bbox 132 1962 1690 2041; baseline 0.008 -25"><span class='ocrx_word' id='word_1_175' title='bbox 132 1962 354 2033; x_wconf 82' lang='lat' dir='ltr'><strong>Tychicus</strong></span> <span class='ocrx_word' id='word_1_176' title='bbox 379 1967 552 2020; x_wconf 84' lang='lat' dir='ltr'><strong>omnia</strong></span> <span class='ocrx_word' id='word_1_177' title='bbox 574 1968 710 2023; x_wconf 84' lang='lat' dir='ltr'><strong>vobis</strong></span> <span class='ocrx_word' id='word_1_178' title='bbox 736 1970 979 2035; x_wconf 84' lang='lat' dir='ltr'><strong>narrabit,</strong></span> <span class='ocrx_word' id='word_1_179' title='bbox 1005 1988 1152 2041; x_wconf 88' lang='lat' dir='ltr'><strong>quent</strong></span> <span class='ocrx_word' id='word_1_180' title='bbox 1171 1973 1288 2027; x_wconf 87' lang='lat' dir='ltr'><strong>misi</strong></span> <span class='ocrx_word' id='word_1_181' title='bbox 1310 1990 1425 2028; x_wconf 86' lang='lat' dir='ltr'><strong>cum</strong></span> <span class='ocrx_word' id='word_1_182' title='bbox 1454 1974 1690 2030; x_wconf 80' lang='lat' dir='ltr'><strong>Onesima</strong></span> 
     </span>
    </p>
   </div>
   <div class='ocr_carea' id='block_1_23' title="bbox 131 2056 1686 2137">
    <p class='ocr_par' dir='ltr' id='par_1_23' title="bbox 131 2056 1686 2137">
     <span class='ocr_line' id='line_1_23' title="bbox 131 2056 1686 2137; baseline 0.01 -29"><span class='ocrx_word' id='word_1_183' title='bbox 131 2056 248 2121; x_wconf 76' lang='lat' dir='ltr'><strong>fideli</strong></span> <span class='ocrx_word' id='word_1_184' title='bbox 270 2065 312 2111; x_wconf 87' lang='lat' dir='ltr'><strong>et</strong></span> <span class='ocrx_word' id='word_1_185' title='bbox 332 2058 513 2112; x_wconf 80' lang='lat' dir='ltr'><strong>dilecto</strong></span> <span class='ocrx_word' id='word_1_186' title='bbox 529 2062 689 2130; x_wconf 79' lang='lat' dir='ltr'><strong>fratre</strong></span> <span class='ocrx_word' id='word_1_187' title='bbox 713 2060 847 2132; x_wconf 86' lang='lat' dir='ltr'><strong>(Col.</strong></span> <span class='ocrx_word' id='word_1_188' title='bbox 866 2066 920 2118; x_wconf 77' lang='grc'><strong>4.</strong></span> <span class='ocrx_word' id='word_1_189' title='bbox 943 2064 1019 2134; x_wconf 88' lang='grc'><strong>7).</strong></span> <span class='ocrx_word' id='word_1_190' title='bbox 1044 2063 1329 2122; x_wconf 87' lang='lat' dir='ltr'><strong>Onesimus</strong></span> <span class='ocrx_word' id='word_1_191' title='bbox 1350 2076 1527 2123; x_wconf 90' lang='lat' dir='ltr'><strong>autem</strong></span> <span class='ocrx_word' id='word_1_192' title='bbox 1548 2078 1686 2137; x_wconf 89' lang='lat' dir='ltr'><strong>erat,</strong></span> 
     </span>
    </p>
   </div>
   <div class='ocr_carea' id='block_1_24' title="bbox 131 2146 1686 2227">
    <p class='ocr_par' dir='ltr' id='par_1_24' title="bbox 131 2146 1686 2227">
     <span class='ocr_line' id='line_1_24' title="bbox 131 2146 1686 2227; baseline 0.011 -27"><span class='ocrx_word' id='word_1_193' title='bbox 131 2146 261 2217; x_wconf 82' lang='lat' dir='ltr'><strong>cujus</strong></span> <span class='ocrx_word' id='word_1_194' title='bbox 284 2151 449 2218; x_wconf 85' lang='lat' dir='ltr'><strong>gratia</strong></span> <span class='ocrx_word' id='word_1_195' title='bbox 469 2150 537 2204; x_wconf 87' lang='lat' dir='ltr'><strong>ad</strong></span> <span class='ocrx_word' id='word_1_196' title='bbox 562 2150 929 2209; x_wconf 84' lang='lat' dir='ltr'><strong>Philemonem</strong></span> <span class='ocrx_word' id='word_1_197' title='bbox 957 2157 1172 2226; x_wconf 90' lang='lat' dir='ltr'><strong>scripsit</strong></span> <span class='ocrx_word' id='word_1_198' title='bbox 1195 2158 1501 2226; x_wconf 80' lang='lat' dir='ltr'><strong>epistolam.</strong></span> <span class='ocrx_word' id='word_1_199' title='bbox 1532 2160 1686 2227; x_wconf 85' lang='lat' dir='ltr'><strong>Quod</strong></span> 
     </span>
    </p>
   </div>
   <div class='ocr_carea' id='block_1_25' title="bbox 131 2240 1688 2320">
    <p class='ocr_par' dir='ltr' id='par_1_25' title="bbox 131 2240 1688 2320">
     <span class='ocr_line' id='line_1_25' title="bbox 131 2240 1688 2320; baseline 0.012 -29"><span class='ocrx_word' id='word_1_200' title='bbox 131 2252 239 2293; x_wconf 85' lang='lat' dir='ltr'><strong>vero</strong></span> <span class='ocrx_word' id='word_1_201' title='bbox 262 2254 366 2294; x_wconf 89' lang='lat' dir='ltr'><strong>non</strong></span> <span class='ocrx_word' id='word_1_202' title='bbox 392 2240 530 2296; x_wconf 92' lang='lat' dir='ltr'><strong>alius</strong></span> <span class='ocrx_word' id='word_1_203' title='bbox 577 2252 722 2300; x_wconf 86' lang='lat' dir='ltr'><strong>esset</strong></span> <span class='ocrx_word' id='word_1_204' title='bbox 762 2245 861 2315; x_wconf 90' lang='lat' dir='ltr'><strong>ipsi</strong></span> <span class='ocrx_word' id='word_1_205' title='bbox 899 2249 1267 2316; x_wconf 83' lang='lat' dir='ltr'><strong>cognominis,</strong></span> <span class='ocrx_word' id='word_1_206' title='bbox 1316 2260 1459 2320; x_wconf 87' lang='lat' dir='ltr'><strong>patet</strong></span> <span class='ocrx_word' id='word_1_207' title='bbox 1483 2267 1548 2307; x_wconf 80' lang='lat' dir='ltr'><strong>ex</strong></span> <span class='ocrx_word' id='word_1_208' title='bbox 1586 2255 1688 2308; x_wconf 82' lang='lat' dir='ltr'><strong>Ar-</strong></span> 
     </span>
    </p>
   </div>
   <div class='ocr_carea' id='block_1_26' title="bbox 131 2329 1683 2415">
    <p class='ocr_par' dir='ltr' id='par_1_26' title="bbox 131 2329 1683 2415">
     <span class='ocr_line' id='line_1_26' title="bbox 131 2329 1683 2415; baseline 0.01 -30"><span class='ocrx_word' id='word_1_209' title='bbox 131 2329 332 2402; x_wconf 91' lang='lat' dir='ltr'><strong>chippo:</strong></span> <span class='ocrx_word' id='word_1_210' title='bbox 363 2348 520 2402; x_wconf 88' lang='lat' dir='ltr'><strong>quem</strong></span> <span class='ocrx_word' id='word_1_211' title='bbox 542 2336 686 2392; x_wconf 87' lang='lat' dir='ltr'><strong>enim</strong></span> <span class='ocrx_word' id='word_1_212' title='bbox 715 2337 765 2392; x_wconf 91' lang='lat' dir='ltr'><strong>in</strong></span> <span class='ocrx_word' id='word_1_213' title='bbox 796 2339 1021 2407; x_wconf 88' lang='lat' dir='ltr'><strong>epistola</strong></span> <span class='ocrx_word' id='word_1_214' title='bbox 1045 2340 1111 2394; x_wconf 88' lang='lat' dir='ltr'><strong>ad</strong></span> <span class='ocrx_word' id='word_1_215' title='bbox 1134 2340 1501 2399; x_wconf 86' lang='lat' dir='ltr'><strong>Philemonem</strong></span> <span class='ocrx_word' id='word_1_216' title='bbox 1530 2345 1683 2415; x_wconf 87' lang='lat' dir='ltr'><strong>adju-</strong></span> 
     </span>
    </p>
   </div>
   <div class='ocr_carea' id='block_1_27' title="bbox 132 2425 1679 2505">
    <p class='ocr_par' dir='ltr' id='par_1_27' title="bbox 132 2425 1679 2505">
     <span class='ocr_line' id='line_1_27' title="bbox 132 2425 1679 2505; baseline 0.01 -30"><span class='ocrx_word' id='word_1_217' title='bbox 132 2429 275 2477; x_wconf 87' lang='lat' dir='ltr'><strong>torem</strong></span> <span class='ocrx_word' id='word_1_218' title='bbox 314 2425 519 2494; x_wconf 87' lang='lat' dir='ltr'><strong>accepit</strong></span> <span class='ocrx_word' id='word_1_219' title='bbox 559 2426 626 2480; x_wconf 90' lang='lat' dir='ltr'><strong>ad</strong></span> <span class='ocrx_word' id='word_1_220' title='bbox 671 2443 784 2482; x_wconf 88' lang='lat' dir='ltr'><strong>rem</strong></span> <span class='ocrx_word' id='word_1_221' title='bbox 825 2444 922 2498; x_wconf 89' lang='lat' dir='ltr'><strong>pro</strong></span> <span class='ocrx_word' id='word_1_222' title='bbox 964 2431 1219 2487; x_wconf 83' lang='lat' dir='ltr'><strong>Onesituo</strong></span> <span class='ocrx_word' id='word_1_223' title='bbox 1264 2433 1679 2505; x_wconf 86' lang='lat' dir='ltr'><strong>impetrandam,</strong></span> 
     </span>
    </p>
   </div>
   <div class='ocr_carea' id='block_1_28' title="bbox 132 2511 1680 2587">
    <p class='ocr_par' dir='ltr' id='par_1_28' title="bbox 132 2511 1680 2587">
     <span class='ocr_line' id='line_1_28' title="bbox 132 2511 1680 2587; baseline 0.014 -25"><span class='ocrx_word' id='word_1_224' title='bbox 132 2511 249 2567; x_wconf 88' lang='lat' dir='ltr'><strong>hunc</strong></span> <span class='ocrx_word' id='word_1_225' title='bbox 272 2528 478 2584; x_wconf 89' lang='lat' dir='ltr'><strong>quoque</strong></span> <span class='ocrx_word' id='word_1_226' title='bbox 522 2516 578 2569; x_wconf 92' lang='lat' dir='ltr'><strong>in</strong></span> <span class='ocrx_word' id='word_1_227' title='bbox 608 2515 830 2587; x_wconf 87' lang='lat' dir='ltr'><strong>epistola</strong></span> <span class='ocrx_word' id='word_1_228' title='bbox 862 2518 930 2573; x_wconf 89' lang='lat' dir='ltr'><strong>ad</strong></span> <span class='ocrx_word' id='word_1_229' title='bbox 967 2519 1314 2578; x_wconf 86' lang='lat' dir='ltr'><strong>Colosscnses</strong></span> <span class='ocrx_word' id='word_1_230' title='bbox 1356 2527 1554 2581; x_wconf 81' lang='lat' dir='ltr'><strong>excitat</strong></span> <span class='ocrx_word' id='word_1_231' title='bbox 1598 2528 1680 2583; x_wconf 90' lang='lat' dir='ltr'><strong>his</strong></span> 
     </span>
    </p>
   </div>
   <div class='ocr_carea' id='block_1_29' title="bbox 131 2603 1681 2684">
    <p class='ocr_par' dir='ltr' id='par_1_29' title="bbox 131 2603 1681 2684">
     <span class='ocr_line' id='line_1_29' title="bbox 131 2603 1681 2684; baseline 0.012 -28"><span class='ocrx_word' id='word_1_232' title='bbox 131 2604 313 2658; x_wconf 83' lang='lat' dir='ltr'><strong>verbis:</strong></span> <span class='ocrx_word' id='word_1_233' title='bbox 340 2603 505 2660; x_wconf 85' lang='lat' dir='ltr'><strong>Dicite</strong></span> <span class='ocrx_word' id='word_1_234' title='bbox 544 2608 842 2680; x_wconf 82' lang='lat' dir='ltr'><strong>Archippo:</strong></span> <span class='ocrx_word' id='word_1_235' title='bbox 880 2608 1003 2666; x_wconf 85' lang='lat' dir='ltr'><strong>Vide</strong></span> <span class='ocrx_word' id='word_1_236' title='bbox 1038 2613 1400 2682; x_wconf 82' lang='lat' dir='ltr'><strong>ministerium,</strong></span> <span class='ocrx_word' id='word_1_237' title='bbox 1431 2620 1567 2684; x_wconf 89' lang='lat' dir='ltr'><strong>quod</strong></span> <span class='ocrx_word' id='word_1_238' title='bbox 1594 2637 1681 2673; x_wconf 85' lang='lat' dir='ltr'><strong>ac-</strong></span> 
     </span>
    </p>
   </div>
   <div class='ocr_carea' id='block_1_30' title="bbox 128 2695 1676 2777">
    <p class='ocr_par' dir='ltr' id='par_1_30' title="bbox 128 2695 1676 2777">
     <span class='ocr_line' id='line_1_30' title="bbox 128 2695 1676 2777; baseline 0.015 -31"><span class='ocrx_word' id='word_1_239' title='bbox 128 2695 303 2763; x_wconf 79' lang='lat' dir='ltr'><strong>cepisti,</strong></span> <span class='ocrx_word' id='word_1_240' title='bbox 340 2706 392 2749; x_wconf 87' lang='lat' dir='ltr'><strong>ut</strong></span> <span class='ocrx_word' id='word_1_241' title='bbox 428 2698 561 2752; x_wconf 88' lang='lat' dir='ltr'><strong>illud</strong></span> <span class='ocrx_word' id='word_1_242' title='bbox 587 2700 797 2765; x_wconf 85' lang='lat' dir='ltr'><strong>impleas</strong></span> <span class='ocrx_word' id='word_1_243' title='bbox 827 2701 1002 2775; x_wconf 83' lang='lat' dir='ltr'><strong>(Ibid.</strong></span> <span class='ocrx_word' id='word_1_244' title='bbox 1035 2719 1082 2757; x_wconf 80' lang='lat' dir='ltr'><strong>v.</strong></span> <span class='ocrx_word' id='word_1_245' title='bbox 1114 2705 1226 2777; x_wconf 77' lang='lat' dir='ltr'><strong>i7).</strong></span> <span class='ocrx_word' id='word_1_246' title='bbox 1254 2707 1474 2764; x_wconf 80' lang='lat' dir='ltr'><strong>Videtur</strong></span> <span class='ocrx_word' id='word_1_247' title='bbox 1497 2721 1676 2769; x_wconf 81' lang='lat' dir='ltr'><strong>autem</strong></span> 
     </span>
    </p>
   </div>
   <div class='ocr_carea' id='block_1_31' title="bbox 130 2787 1674 2872">
    <p class='ocr_par' dir='ltr' id='par_1_31' title="bbox 130 2787 1674 2872">
     <span class='ocr_line' id='line_1_31' title="bbox 130 2787 1674 2872; baseline 0.014 -33"><span class='ocrx_word' id='word_1_248' title='bbox 130 2787 237 2841; x_wconf 86' lang='lat' dir='ltr'><strong>mihi</strong></span> <span class='ocrx_word' id='word_1_249' title='bbox 260 2790 528 2859; x_wconf 88' lang='lat' dir='ltr'><strong>epistolam</strong></span> <span class='ocrx_word' id='word_1_250' title='bbox 554 2793 623 2848; x_wconf 89' lang='lat' dir='ltr'><strong>ad</strong></span> <span class='ocrx_word' id='word_1_251' title='bbox 643 2792 858 2850; x_wconf 83' lang='lat' dir='ltr'><strong>Galatas</strong></span> <span class='ocrx_word' id='word_1_252' title='bbox 882 2811 1022 2864; x_wconf 89' lang='lat' dir='ltr'><strong>eam,</strong></span> <span class='ocrx_word' id='word_1_253' title='bbox 1048 2813 1167 2869; x_wconf 81' lang='lat' dir='ltr'><strong>quae</strong></span> <span class='ocrx_word' id='word_1_254' title='bbox 1188 2801 1254 2855; x_wconf 89' lang='lat' dir='ltr'><strong>ad</strong></span> <span class='ocrx_word' id='word_1_255' title='bbox 1281 2800 1554 2861; x_wconf 82' lang='lat' dir='ltr'><strong>Romanos</strong></span> <span class='ocrx_word' id='word_1_256' title='bbox 1572 2817 1674 2872; x_wconf 86' lang='lat' dir='ltr'><strong>est,</strong></span> 
     </span>
    </p>
   </div>
   <div class='ocr_carea' id='block_1_32' title="bbox 129 2882 1678 2955">
    <p class='ocr_par' dir='ltr' id='par_1_32' title="bbox 129 2882 1678 2955">
     <span class='ocr_line' id='line_1_32' title="bbox 129 2882 1678 2955; baseline 0.016 -27"><span class='ocrx_word' id='word_1_257' title='bbox 129 2882 449 2946; x_wconf 65' lang='lat' dir='ltr'><strong>(ar-.ecessisse.</strong></span> <span class='ocrx_word' id='word_1_258' title='bbox 481 2883 539 2939; x_wconf 90' lang='lat' dir='ltr'><strong>Si</strong></span> <span class='ocrx_word' id='word_1_259' title='bbox 580 2893 759 2940; x_wconf 89' lang='lat' dir='ltr'><strong>autem</strong></span> <span class='ocrx_word' id='word_1_260' title='bbox 804 2887 856 2941; x_wconf 91' lang='lat' dir='ltr'><strong>in</strong></span> <span class='ocrx_word' id='word_1_261' title='bbox 898 2888 1047 2944; x_wconf 87' lang='lat' dir='ltr'><strong>libris</strong></span> <span class='ocrx_word' id='word_1_262' title='bbox 1089 2891 1250 2946; x_wconf 89' lang='lat' dir='ltr'><strong>alium</strong></span> <span class='ocrx_word' id='word_1_263' title='bbox 1296 2893 1496 2953; x_wconf 85' lang='lat' dir='ltr'><strong>habent</strong></span> <span class='ocrx_word' id='word_1_264' title='bbox 1533 2898 1678 2955; x_wconf 84' lang='lat' dir='ltr'><strong>ordi-</strong></span> 
     </span>
    </p>
   </div>
   <div class='ocr_carea' id='block_1_33' title="bbox 127 2974 1675 3060">
    <p class='ocr_par' dir='ltr' id='par_1_33' title="bbox 127 2974 1675 3060">
     <span class='ocr_line' id='line_1_33' title="bbox 127 2974 1675 3060; baseline 0.015 -36"><span class='ocrx_word' id='word_1_265' title='bbox 127 2986 246 3035; x_wconf 85' lang='lat' dir='ltr'><strong>nem,</strong></span> <span class='ocrx_word' id='word_1_266' title='bbox 275 2974 399 3029; x_wconf 88' lang='lat' dir='ltr'><strong>nihil</strong></span> <span class='ocrx_word' id='word_1_267' title='bbox 428 2976 624 3030; x_wconf 88' lang='lat' dir='ltr'><strong>mirum</strong></span> <span class='ocrx_word' id='word_1_268' title='bbox 651 2995 662 3031; x_wconf 90' lang='lat'>:</span> <span class='ocrx_word' id='word_1_269' title='bbox 693 2980 1119 3052; x_wconf 84' lang='lat' dir='ltr'><strong>quandoquidem</strong></span> <span class='ocrx_word' id='word_1_270' title='bbox 1159 2995 1212 3039; x_wconf 89' lang='lat' dir='ltr'><strong>et</strong></span> <span class='ocrx_word' id='word_1_271' title='bbox 1240 2984 1522 3045; x_wconf 83' lang='lat' dir='ltr'><strong>duodecim</strong></span> <span class='ocrx_word' id='word_1_272' title='bbox 1553 3005 1675 3060; x_wconf 86' lang='lat' dir='ltr'><strong>pro-</strong></span> 
     </span>
    </p>
   </div>
   <div class='ocr_carea' id='block_1_34' title="bbox 128 3062 1673 3152">
    <p class='ocr_par' dir='ltr' id='par_1_34' title="bbox 128 3062 1673 3152">
     <span class='ocr_line' id='line_1_34' title="bbox 128 3062 1673 3152; baseline 0.014 -37"><span class='ocrx_word' id='word_1_273' title='bbox 128 3062 271 3129; x_wconf 71' lang='lat' dir='ltr'><strong>pheta:</strong></span> <span class='ocrx_word' id='word_1_274' title='bbox 298 3079 398 3119; x_wconf 88' lang='lat' dir='ltr'><strong>non</strong></span> <span class='ocrx_word' id='word_1_275' title='bbox 426 3067 724 3123; x_wconf 88' lang='lat' dir='ltr'><strong>secundum</strong></span> <span class='ocrx_word' id='word_1_276' title='bbox 755 3073 1010 3141; x_wconf 87' lang='lat' dir='ltr'><strong>temporis</strong></span> <span class='ocrx_word' id='word_1_277' title='bbox 1049 3074 1292 3131; x_wconf 90' lang='lat' dir='ltr'><strong>ordinem</strong></span> <span class='ocrx_word' id='word_1_278' title='bbox 1313 3117 1329 3143; x_wconf 95' lang='lat'><strong>,</strong></span> <span class='ocrx_word' id='word_1_279' title='bbox 1377 3080 1470 3135; x_wconf 88' lang='lat' dir='ltr'><strong>sed</strong></span> <span class='ocrx_word' id='word_1_280' title='bbox 1516 3081 1673 3152; x_wconf 83' lang='lat' dir='ltr'><strong>longe</strong></span> 
     </span>
    </p>
   </div>
   <div class='ocr_carea' id='block_1_35' title="bbox 125 3156 1667 3245">
    <p class='ocr_par' dir='ltr' id='par_1_35' title="bbox 125 3156 1667 3245">
     <span class='ocr_line' id='line_1_35' title="bbox 125 3156 1667 3245; baseline 0.019 -42"><span class='ocrx_word' id='word_1_281' title='bbox 125 3164 253 3211; x_wconf 82' lang='lat' dir='ltr'><strong>:etate</strong></span> <span class='ocrx_word' id='word_1_282' title='bbox 288 3156 574 3225; x_wconf 88' lang='lat' dir='ltr'><strong>distantes,</strong></span> <span class='ocrx_word' id='word_1_283' title='bbox 619 3160 672 3216; x_wconf 91' lang='lat' dir='ltr'><strong>in</strong></span> <span class='ocrx_word' id='word_1_284' title='bbox 716 3162 900 3219; x_wconf 87' lang='lat' dir='ltr'><strong>Bihliis</strong></span> <span class='ocrx_word' id='word_1_285' title='bbox 941 3166 1189 3223; x_wconf 86' lang='lat' dir='ltr'><strong>collocati</strong></span> <span class='ocrx_word' id='word_1_286' title='bbox 1232 3180 1375 3225; x_wconf 87' lang='lat' dir='ltr'><strong>sunt.</strong></span> <span class='ocrx_word' id='word_1_287' title='bbox 1406 3174 1667 3245; x_wconf 68' lang='lat' dir='ltr'><strong>Aggteus,</strong></span> 
     </span>
    </p>
   </div>
   <div class='ocr_carea' id='block_1_36' title="bbox 125 3245 1672 3339">
    <p class='ocr_par' dir='ltr' id='par_1_36' title="bbox 125 3245 1672 3339">
     <span class='ocr_line' id='line_1_36' title="bbox 125 3245 1672 3339; baseline 0.019 -40"><span class='ocrx_word' id='word_1_288' title='bbox 125 3245 372 3305; x_wconf 74' lang='lat' dir='ltr'><strong>Zacharias</strong></span> <span class='ocrx_word' id='word_1_289' title='bbox 387 3260 441 3306; x_wconf 88' lang='lat' dir='ltr'><strong>et</strong></span> <span class='ocrx_word' id='word_1_290' title='bbox 459 3252 551 3307; x_wconf 86' lang='lat' dir='ltr'><strong>alii</strong></span> <span class='ocrx_word' id='word_1_291' title='bbox 574 3264 693 3322; x_wconf 91' lang='lat' dir='ltr'><strong>post</strong></span> <span class='ocrx_word' id='word_1_292' title='bbox 716 3256 1051 3314; x_wconf 84' lang='lat' dir='ltr'><strong>Ezechielem</strong></span> <span class='ocrx_word' id='word_1_293' title='bbox 1072 3269 1125 3315; x_wconf 90' lang='lat' dir='ltr'><strong>et</strong></span> <span class='ocrx_word' id='word_1_294' title='bbox 1146 3262 1426 3321; x_wconf 85' lang='lat' dir='ltr'><strong>Danielem</strong></span> <span class='ocrx_word' id='word_1_295' title='bbox 1443 3270 1672 3339; x_wconf 84' lang='lat' dir='ltr'><strong>prophe-</strong></span> 
     </span>
    </p>
   </div>
   <div class='ocr_carea' id='block_1_37' title="bbox 126 3346 1667 3425">
    <p class='ocr_par' dir='ltr' id='par_1_37' title="bbox 126 3346 1667 3425">
     <span class='ocr_line' id='line_1_37' title="bbox 126 3346 1667 3425; baseline 0.021 -37"><span class='ocrx_word' id='word_1_296' title='bbox 126 3348 365 3408; x_wconf 73' lang='lat' dir='ltr'><strong>laverunt;</strong></span> <span class='ocrx_word' id='word_1_297' title='bbox 396 3352 451 3397; x_wconf 90' lang='lat' dir='ltr'><strong>et</strong></span> <span class='ocrx_word' id='word_1_298' title='bbox 478 3346 634 3400; x_wconf 86' lang='lat' dir='ltr'><strong>multi</strong></span> <span class='ocrx_word' id='word_1_299' title='bbox 680 3359 799 3417; x_wconf 88' lang='lat' dir='ltr'><strong>post</strong></span> <span class='ocrx_word' id='word_1_300' title='bbox 830 3347 1018 3406; x_wconf 88' lang='lat' dir='ltr'><strong>Jonam</strong></span> <span class='ocrx_word' id='word_1_301' title='bbox 1055 3363 1108 3407; x_wconf 92' lang='lat' dir='ltr'><strong>et</strong></span> <span class='ocrx_word' id='word_1_302' title='bbox 1143 3354 1470 3425; x_wconf 89' lang='lat' dir='ltr'><strong>Sophoniam</strong></span> <span class='ocrx_word' id='word_1_303' title='bbox 1504 3373 1667 3420; x_wconf 71' lang='lat' dir='ltr'><strong>caete-</strong></span> 
     </span>
    </p>
   </div>
   <div class='ocr_carea' id='block_1_38' title="bbox 125 3443 1665 3524">
    <p class='ocr_par' dir='ltr' id='par_1_38' title="bbox 125 3443 1665 3524">
     <span class='ocr_line' id='line_1_38' title="bbox 125 3443 1665 3524; baseline 0.02 -43"><span class='ocrx_word' id='word_1_304' title='bbox 125 3444 285 3500; x_wconf 85' lang='lat' dir='ltr'><strong>rosque</strong></span> <span class='ocrx_word' id='word_1_305' title='bbox 306 3448 510 3501; x_wconf 90' lang='lat' dir='ltr'><strong>omnes,</strong></span> <span class='ocrx_word' id='word_1_306' title='bbox 546 3447 601 3493; x_wconf 88' lang='lat' dir='ltr'><strong>et</strong></span> <span class='ocrx_word' id='word_1_307' title='bbox 628 3447 801 3496; x_wconf 89' lang='lat' dir='ltr'><strong>tamen</strong></span> <span class='ocrx_word' id='word_1_308' title='bbox 830 3443 932 3498; x_wconf 90' lang='lat' dir='ltr'><strong>illis</strong></span> <span class='ocrx_word' id='word_1_309' title='bbox 957 3446 1206 3503; x_wconf 85' lang='lat' dir='ltr'><strong>omnibus</strong></span> <span class='ocrx_word' id='word_1_310' title='bbox 1227 3450 1496 3520; x_wconf 88' lang='lat' dir='ltr'><strong>conjuncti</strong></span> <span class='ocrx_word' id='word_1_311' title='bbox 1521 3467 1665 3524; x_wconf 88' lang='lat' dir='ltr'><strong>sunt,</strong></span> 
     </span>
    </p>
   </div>
   <div class='ocr_carea' id='block_1_39' title="bbox 123 3525 1369 3605">
    <p class='ocr_par' dir='ltr' id='par_1_39' title="bbox 123 3525 1369 3605">
     <span class='ocr_line' id='line_1_39' title="bbox 123 3525 1369 3605; baseline 0.022 -33"><span class='ocrx_word' id='word_1_312' title='bbox 123 3536 144 3571; x_wconf 73' lang='grc' dir='ltr'><strong>τι</strong></span> <span class='ocrx_word' id='word_1_313' title='bbox 165 3525 331 3592; x_wconf 85' lang='lat' dir='ltr'><strong>quibus</strong></span> <span class='ocrx_word' id='word_1_314' title='bbox 356 3536 500 3583; x_wconf 86' lang='lat' dir='ltr'><strong>tanto</strong></span> <span class='ocrx_word' id='word_1_315' title='bbox 526 3534 783 3602; x_wconf 87' lang='lat' dir='ltr'><strong>temporis</strong></span> <span class='ocrx_word' id='word_1_316' title='bbox 800 3538 973 3605; x_wconf 86' lang='lat' dir='ltr'><strong>spatio</strong></span> <span class='ocrx_word' id='word_1_317' title='bbox 998 3548 1123 3595; x_wconf 90' lang='lat' dir='ltr'><strong>sunt</strong></span> <span class='ocrx_word' id='word_1_318' title='bbox 1151 3541 1343 3598; x_wconf 86' lang='lat' dir='ltr'><strong>dissiti.</strong></span> <span class='ocrx_word' id='word_1_319' title='bbox 1366 3598 1369 3599; x_wconf 65' lang='lat'>,</span> 
     </span>
    </p>
   </div>
   <div class='ocr_carea' id='block_1_40' title="bbox 174 3614 1666 3708">
    <p class='ocr_par' dir='ltr' id='par_1_40' title="bbox 174 3614 1666 3708">
     <span class='ocr_line' id='line_1_40' title="bbox 174 3614 1666 3708; baseline 0.019 -40"><span class='ocrx_word' id='word_1_320' title='bbox 174 3614 219 3667; x_wconf 74' lang='grc'><strong>2.</strong></span> <span class='ocrx_word' id='word_1_321' title='bbox 234 3615 387 3673; x_wconf 82' lang='lat' dir='ltr'><strong>Nemo</strong></span> <span class='ocrx_word' id='word_1_322' title='bbox 416 3618 561 3677; x_wconf 91' lang='lat' dir='ltr'><strong>hunc</strong></span> <span class='ocrx_word' id='word_1_323' title='bbox 586 3622 823 3680; x_wconf 88' lang='lat' dir='ltr'><strong>laborem</strong></span> <span class='ocrx_word' id='word_1_324' title='bbox 850 3638 1000 3684; x_wconf 77' lang='lat' dir='ltr'><strong>extra</strong></span> <span class='ocrx_word' id='word_1_325' title='bbox 1028 3646 1140 3685; x_wconf 90' lang='lat' dir='ltr'><strong>rem</strong></span> <span class='ocrx_word' id='word_1_326' title='bbox 1170 3647 1314 3704; x_wconf 90' lang='lat' dir='ltr'><strong>esse,</strong></span> <span class='ocrx_word' id='word_1_327' title='bbox 1335 3651 1507 3708; x_wconf 86' lang='lat' dir='ltr'><strong>neque</strong></span> <span class='ocrx_word' id='word_1_328' title='bbox 1529 3640 1666 3699; x_wconf 88' lang='lat' dir='ltr'><strong>hanc</strong></span> 
     </span>
    </p>
   </div>
   <div class='ocr_carea' id='block_1_41' title="bbox 126 3704 1663 3800">
    <p class='ocr_par' dir='ltr' id='par_1_41' title="bbox 126 3704 1663 3800">
     <span class='ocr_line' id='line_1_41' title="bbox 126 3704 1663 3800; baseline 0.019 -41"><span class='ocrx_word' id='word_1_329' title='bbox 126 3704 509 3779; x_wconf 87' lang='lat' dir='ltr'><strong>disquisitionem</strong></span> <span class='ocrx_word' id='word_1_330' title='bbox 525 3718 850 3787; x_wconf 86' lang='lat' dir='ltr'><strong>superﬂuam</strong></span> <span class='ocrx_word' id='word_1_331' title='bbox 867 3729 923 3776; x_wconf 90' lang='lat' dir='ltr'><strong>et</strong></span> <span class='ocrx_word' id='word_1_332' title='bbox 940 3737 1006 3777; x_wconf 81' lang='lat' dir='ltr'><strong>ex</strong></span> <span class='ocrx_word' id='word_1_333' title='bbox 1029 3723 1339 3782; x_wconf 87' lang='lat' dir='ltr'><strong>curiositate</strong></span> <span class='ocrx_word' id='word_1_334' title='bbox 1362 3704 1473 3783; x_wconf 71' lang='lat' dir='ltr'><strong>fieri</strong></span> <span class='ocrx_word' id='word_1_335' title='bbox 1494 3742 1663 3800; x_wconf 85' lang='lat' dir='ltr'><strong>putet:</strong></span> 
     </span>
    </p>
   </div>
   <div class='ocr_carea' id='block_1_42' title="bbox 124 3805 1664 3888">
    <p class='ocr_par' dir='ltr' id='par_1_42' title="bbox 124 3805 1664 3888">
     <span class='ocr_line' id='line_1_42' title="bbox 124 3805 1664 3888; baseline 0.018 -37"><span class='ocrx_word' id='word_1_336' title='bbox 124 3814 219 3853; x_wconf 85' lang='lat' dir='ltr'><strong>nam</strong></span> <span class='ocrx_word' id='word_1_337' title='bbox 258 3805 594 3873; x_wconf 88' lang='lat' dir='ltr'><strong>epistolarum</strong></span> <span class='ocrx_word' id='word_1_338' title='bbox 625 3818 831 3879; x_wconf 89' lang='lat' dir='ltr'><strong>tempus</strong></span> <span class='ocrx_word' id='word_1_339' title='bbox 857 3827 963 3866; x_wconf 83' lang='lat' dir='ltr'><strong>non</strong></span> <span class='ocrx_word' id='word_1_340' title='bbox 993 3829 1176 3882; x_wconf 89' lang='lat' dir='ltr'><strong>parum</strong></span> <span class='ocrx_word' id='word_1_341' title='bbox 1204 3816 1271 3872; x_wconf 88' lang='lat' dir='ltr'><strong>ad</strong></span> <span class='ocrx_word' id='word_1_342' title='bbox 1299 3821 1516 3888; x_wconf 66' lang='lat' dir='ltr'><strong>quiesita</strong></span> <span class='ocrx_word' id='word_1_343' title='bbox 1553 3824 1664 3878; x_wconf 86' lang='lat' dir='ltr'><strong>sol-</strong></span> 
     </span>
    </p>
   </div>
   <div class='ocr_carea' id='block_1_43' title="bbox 124 3892 1663 3970">
    <p class='ocr_par' dir='ltr' id='par_1_43' title="bbox 124 3892 1663 3970">
     <span class='ocr_line' id='line_1_43' title="bbox 124 3892 1663 3970; baseline 0.018 -28"><span class='ocrx_word' id='word_1_344' title='bbox 124 3892 259 3947; x_wconf 76' lang='lat' dir='ltr'><strong>venda</strong></span> <span class='ocrx_word' id='word_1_345' title='bbox 284 3896 501 3952; x_wconf 82' lang='lat' dir='ltr'><strong>confert.</strong></span> <span class='ocrx_word' id='word_1_346' title='bbox 538 3898 674 3953; x_wconf 88' lang='lat' dir='ltr'><strong>Cum</strong></span> <span class='ocrx_word' id='word_1_347' title='bbox 707 3901 851 3956; x_wconf 91' lang='lat' dir='ltr'><strong>enim</strong></span> <span class='ocrx_word' id='word_1_348' title='bbox 893 3903 1048 3957; x_wconf 86' lang='lat' dir='ltr'><strong>video</strong></span> <span class='ocrx_word' id='word_1_349' title='bbox 1074 3904 1293 3961; x_wconf 85' lang='lat' dir='ltr'><strong>Paulum</strong></span> <span class='ocrx_word' id='word_1_350' title='bbox 1323 3908 1580 3966; x_wconf 85' lang='lat' dir='ltr'><strong>Romanis</strong></span> <span class='ocrx_word' id='word_1_351' title='bbox 1608 3923 1663 3970; x_wconf 90' lang='lat' dir='ltr'><strong>et</strong></span> 
     </span>
    </p>
   </div>
   <div class='ocr_carea' id='block_1_44' title="bbox 122 3984 1661 4074">
    <p class='ocr_par' dir='ltr' id='par_1_44' title="bbox 122 3984 1661 4074">
     <span class='ocr_line' id='line_1_44' title="bbox 122 3984 1661 4074; baseline 0.016 -37"><span class='ocrx_word' id='word_1_352' title='bbox 122 3984 482 4046; x_wconf 86' lang='lat' dir='ltr'><strong>Colossensibns</strong></span> <span class='ocrx_word' id='word_1_353' title='bbox 529 3992 600 4047; x_wconf 91' lang='lat' dir='ltr'><strong>de</strong></span> <span class='ocrx_word' id='word_1_354' title='bbox 629 3994 815 4050; x_wconf 89' lang='lat' dir='ltr'><strong>iisdem</strong></span> <span class='ocrx_word' id='word_1_355' title='bbox 858 3995 1021 4052; x_wconf 90' lang='lat' dir='ltr'><strong>rebus</strong></span> <span class='ocrx_word' id='word_1_356' title='bbox 1049 4000 1307 4067; x_wconf 89' lang='lat' dir='ltr'><strong>scribere,</strong></span> <span class='ocrx_word' id='word_1_357' title='bbox 1360 4018 1533 4074; x_wconf 90' lang='lat' dir='ltr'><strong>neque</strong></span> <span class='ocrx_word' id='word_1_358' title='bbox 1579 4014 1661 4061; x_wconf 84' lang='lat' dir='ltr'><strong>ta-</strong></span> 
     </span>
    </p>
   </div>
   <div class='ocr_carea' id='block_1_45' title="bbox 124 4082 1663 4166">
    <p class='ocr_par' dir='ltr' id='par_1_45' title="bbox 124 4082 1663 4166">
     <span class='ocr_line' id='line_1_45' title="bbox 124 4082 1663 4166; baseline 0.015 -36"><span class='ocrx_word' id='word_1_359' title='bbox 124 4092 220 4133; x_wconf 86' lang='lat' dir='ltr'><strong>men</strong></span> <span class='ocrx_word' id='word_1_360' title='bbox 244 4082 387 4137; x_wconf 90' lang='lat' dir='ltr'><strong>simili</strong></span> <span class='ocrx_word' id='word_1_361' title='bbox 408 4085 591 4151; x_wconf 91' lang='lat' dir='ltr'><strong>modo,</strong></span> <span class='ocrx_word' id='word_1_362' title='bbox 621 4088 715 4141; x_wconf 85' lang='lat' dir='ltr'><strong>sed</strong></span> <span class='ocrx_word' id='word_1_363' title='bbox 735 4088 838 4143; x_wconf 91' lang='lat' dir='ltr'><strong>illis</strong></span> <span class='ocrx_word' id='word_1_364' title='bbox 868 4105 989 4145; x_wconf 93' lang='lat' dir='ltr'><strong>cum</strong></span> <span class='ocrx_word' id='word_1_365' title='bbox 1013 4091 1339 4163; x_wconf 81' lang='lat' dir='ltr'><strong>indulgentia</strong></span> <span class='ocrx_word' id='word_1_366' title='bbox 1363 4111 1576 4166; x_wconf 88' lang='lat' dir='ltr'><strong>magna,</strong></span> <span class='ocrx_word' id='word_1_367' title='bbox 1606 4111 1663 4154; x_wconf 94' lang='lat' dir='ltr'><strong>nt</strong></span> 
     </span>
    </p>
   </div>
   <div class='ocr_carea' id='block_1_46' title="bbox 124 4173 1661 4253">
    <p class='ocr_par' dir='ltr' id='par_1_46' title="bbox 124 4173 1661 4253">
     <span class='ocr_line' id='line_1_46' title="bbox 124 4173 1661 4253; baseline 0.015 -33"><span class='ocrx_word' id='word_1_368' title='bbox 124 4184 218 4223; x_wconf 87' lang='lat' dir='ltr'><strong>cum</strong></span> <span class='ocrx_word' id='word_1_369' title='bbox 241 4173 374 4241; x_wconf 89' lang='lat' dir='ltr'><strong>dicit,</strong></span> <span class='ocrx_word' id='word_1_370' title='bbox 416 4174 696 4246; x_wconf 80' lang='lat' dir='ltr'><strong>Iri/irinum</strong></span> <span class='ocrx_word' id='word_1_371' title='bbox 736 4195 851 4234; x_wconf 85' lang='lat' dir='ltr'><strong>vero</strong></span> <span class='ocrx_word' id='word_1_372' title='bbox 876 4182 929 4235; x_wconf 86' lang='lat' dir='ltr'><strong>in</strong></span> <span class='ocrx_word' id='word_1_373' title='bbox 954 4182 1058 4251; x_wconf 82' lang='lat' dir='ltr'><strong>ﬁde</strong></span> <span class='ocrx_word' id='word_1_374' title='bbox 1076 4186 1336 4253; x_wconf 85' lang='lat' dir='ltr'><strong>assumite,</strong></span> <span class='ocrx_word' id='word_1_375' title='bbox 1368 4204 1469 4241; x_wconf 89' lang='lat' dir='ltr'><strong>non</strong></span> <span class='ocrx_word' id='word_1_376' title='bbox 1498 4189 1552 4242; x_wconf 90' lang='lat' dir='ltr'><strong>in</strong></span> <span class='ocrx_word' id='word_1_377' title='bbox 1577 4190 1661 4243; x_wconf 90' lang='lat' dir='ltr'><strong>di-</strong></span> 
     </span>
    </p>
   </div>
   <div class='ocr_carea' id='block_1_47' title="bbox 123 4266 1664 4344">
    <p class='ocr_par' dir='ltr' id='par_1_47' title="bbox 123 4266 1664 4344">
     <span class='ocr_line' id='line_1_47' title="bbox 123 4266 1664 4344; baseline 0.015 -32"><span class='ocrx_word' id='word_1_378' title='bbox 123 4266 465 4330; x_wconf 76' lang='lat' dir='ltr'><strong>sceptationibus</strong></span> <span class='ocrx_word' id='word_1_379' title='bbox 514 4271 897 4325; x_wconf 83' lang='lat' dir='ltr'><strong>ratiociniorum</strong></span> <span class='ocrx_word' id='word_1_380' title='bbox 924 4288 943 4327; x_wconf 91' lang='lat'><strong><em>:</em></strong></span> <span class='ocrx_word' id='word_1_381' title='bbox 990 4274 1123 4328; x_wconf 86' lang='lat' dir='ltr'><strong>alius</strong></span> <span class='ocrx_word' id='word_1_382' title='bbox 1163 4276 1365 4344; x_wconf 85' lang='lat' dir='ltr'><strong>quidem</strong></span> <span class='ocrx_word' id='word_1_383' title='bbox 1404 4279 1562 4332; x_wconf 84' lang='lat' dir='ltr'><strong>credit</strong></span> <span class='ocrx_word' id='word_1_384' title='bbox 1608 4297 1664 4335; x_wconf 84' lang='lat' dir='ltr'><strong>se</strong></span> 
     </span>
    </p>
   </div>
   <div class='ocr_carea' id='block_1_48' title="bbox 122 4355 1660 4434">
    <p class='ocr_par' dir='ltr' id='par_1_48' title="bbox 122 4355 1660 4434">
     <span class='ocr_line' id='line_1_48' title="bbox 122 4355 1660 4434; baseline 0.014 -31"><span class='ocrx_word' id='word_1_385' title='bbox 122 4355 338 4409; x_wconf 80' lang='lat' dir='ltr'><strong>comedere</strong></span> <span class='ocrx_word' id='word_1_386' title='bbox 370 4375 514 4424; x_wconf 83' lang='lat' dir='ltr'><strong>posse</strong></span> <span class='ocrx_word' id='word_1_387' title='bbox 556 4361 766 4427; x_wconf 86' lang='lat' dir='ltr'><strong>omnia;</strong></span> <span class='ocrx_word' id='word_1_388' title='bbox 803 4363 890 4431; x_wconf 87' lang='lat' dir='ltr'><strong>qui</strong></span> <span class='ocrx_word' id='word_1_389' title='bbox 914 4374 1083 4417; x_wconf 90' lang='lat' dir='ltr'><strong>autem</strong></span> <span class='ocrx_word' id='word_1_390' title='bbox 1107 4366 1340 4434; x_wconf 78' lang='lat' dir='ltr'><strong>inﬁrmus</strong></span> <span class='ocrx_word' id='word_1_391' title='bbox 1381 4379 1490 4434; x_wconf 86' lang='lat' dir='ltr'><strong>est,</strong></span> <span class='ocrx_word' id='word_1_392' title='bbox 1520 4370 1660 4424; x_wconf 89' lang='lat' dir='ltr'><strong>olera</strong></span> 
     </span>
    </p>
   </div>
   <div class='ocr_carea' id='block_1_49' title="bbox 124 4446 1661 4524">
    <p class='ocr_par' dir='ltr' id='par_1_49' title="bbox 124 4446 1661 4524">
     <span class='ocr_line' id='line_1_49' title="bbox 124 4446 1661 4524; baseline 0.016 -30"><span class='ocrx_word' id='word_1_393' title='bbox 124 4446 351 4502; x_wconf 75' lang='lat' dir='ltr'><strong>manducet</strong></span> <span class='ocrx_word' id='word_1_394' title='bbox 379 4448 556 4523; x_wconf 85' lang='lat' dir='ltr'><strong>(Rom.</strong></span> <span class='ocrx_word' id='word_1_395' title='bbox 590 4453 677 4507; x_wconf 73' lang='grc'><strong>14.</strong></span> <span class='ocrx_word' id='word_1_396' title='bbox 712 4453 878 4524; x_wconf 78' lang='grc'><strong>1.2);</strong></span> <span class='ocrx_word' id='word_1_397' title='bbox 917 4455 1329 4516; x_wconf 84' lang='lat' dir='ltr'><strong>Colossensibus</strong></span> <span class='ocrx_word' id='word_1_398' title='bbox 1371 4471 1549 4516; x_wconf 85' lang='lat' dir='ltr'><strong>autem</strong></span> <span class='ocrx_word' id='word_1_399' title='bbox 1592 4463 1661 4519; x_wconf 88' lang='lat' dir='ltr'><strong>de</strong></span> 
     </span>
    </p>
   </div>
   <div class='ocr_carea' id='block_1_50' title="bbox 126 4533 1658 4621">
    <p class='ocr_par' dir='ltr' id='par_1_50' title="bbox 126 4533 1658 4621">
     <span class='ocr_line' id='line_1_50' title="bbox 126 4533 1658 4621; baseline 0.016 -37"><span class='ocrx_word' id='word_1_400' title='bbox 126 4533 275 4590; x_wconf 86' lang='lat' dir='ltr'><strong>iisdem</strong></span> <span class='ocrx_word' id='word_1_401' title='bbox 298 4541 450 4595; x_wconf 88' lang='lat' dir='ltr'><strong>rebus</strong></span> <span class='ocrx_word' id='word_1_402' title='bbox 476 4559 584 4598; x_wconf 88' lang='lat' dir='ltr'><strong>non</strong></span> <span class='ocrx_word' id='word_1_403' title='bbox 609 4544 680 4598; x_wconf 90' lang='lat' dir='ltr'><strong>ita</strong></span> <span class='ocrx_word' id='word_1_404' title='bbox 709 4543 960 4616; x_wconf 87' lang='lat' dir='ltr'><strong>loquitur,</strong></span> <span class='ocrx_word' id='word_1_405' title='bbox 987 4548 1081 4603; x_wconf 91' lang='lat' dir='ltr'><strong>sed</strong></span> <span class='ocrx_word' id='word_1_406' title='bbox 1107 4564 1228 4604; x_wconf 92' lang='lat' dir='ltr'><strong>cum</strong></span> <span class='ocrx_word' id='word_1_407' title='bbox 1266 4551 1455 4621; x_wconf 87' lang='lat' dir='ltr'><strong>majori</strong></span> <span class='ocrx_word' id='word_1_408' title='bbox 1494 4552 1658 4610; x_wconf 84' lang='lat' dir='ltr'><strong>liber-</strong></span> 
     </span>
    </p>
   </div>
   <div class='ocr_carea' id='block_1_51' title="bbox 126 4632 1660 4711">
    <p class='ocr_par' dir='ltr' id='par_1_51' title="bbox 126 4632 1660 4711">
     <span class='ocr_line' id='line_1_51' title="bbox 126 4632 1660 4711; baseline 0.01 -26"><span class='ocrx_word' id='word_1_409' title='bbox 126 4635 207 4682; x_wconf 64' lang='grc' dir='ltr'><strong>[διε</strong></span> <span class='ocrx_word' id='word_1_410' title='bbox 233 4646 247 4681; x_wconf 85' lang='lat'><strong>:</strong></span> <span class='ocrx_word' id='word_1_411' title='bbox 278 4649 295 4679; x_wconf 77' lang='grc' dir='ltr'><strong><em>ι</em></strong></span> <span class='ocrx_word' id='word_1_412' title='bbox 323 4632 374 4688; x_wconf 91' lang='lat' dir='ltr'><strong>Si</strong></span> <span class='ocrx_word' id='word_1_413' title='bbox 404 4637 601 4691; x_wconf 90' lang='lat' dir='ltr'><strong>mortui</strong></span> <span class='ocrx_word' id='word_1_414' title='bbox 633 4638 796 4701; x_wconf 81' lang='lat' dir='ltr'><strong>eStis,</strong></span> <span class='ocrx_word' id='word_1_415' title='bbox 831 4658 852 4692; x_wconf 76' lang='grc' dir='ltr'><strong><em>ι</em></strong></span> <span class='ocrx_word' id='word_1_416' title='bbox 901 4640 1099 4711; x_wconf 88' lang='lat' dir='ltr'><strong>inquit,</strong></span> <span class='ocrx_word' id='word_1_417' title='bbox 1131 4660 1149 4693; x_wconf 73' lang='grc' dir='ltr'><strong><em>ι</em></strong></span> <span class='ocrx_word' id='word_1_418' title='bbox 1183 4659 1305 4697; x_wconf 82' lang='lat' dir='ltr'><strong>cuin</strong></span> <span class='ocrx_word' id='word_1_419' title='bbox 1338 4644 1551 4700; x_wconf 88' lang='lat' dir='ltr'><strong>Christo</strong></span> <span class='ocrx_word' id='word_1_420' title='bbox 1593 4647 1660 4701; x_wconf 84' lang='lat' dir='ltr'><strong>ab</strong></span> 
     </span>
    </p>
   </div>
   <div class='ocr_carea' id='block_1_52' title="bbox 122 4718 1661 4804">
    <p class='ocr_par' dir='ltr' id='par_1_52' title="bbox 122 4718 1661 4804">
     <span class='ocr_line' id='line_1_52' title="bbox 122 4718 1661 4804; baseline 0.017 -34"><span class='ocrx_word' id='word_1_421' title='bbox 122 4718 354 4779; x_wconf 72' lang='lat' dir='ltr'><strong>elementis</strong></span> <span class='ocrx_word' id='word_1_422' title='bbox 372 4729 576 4795; x_wconf 88' lang='lat' dir='ltr'><strong>mundi,</strong></span> <span class='ocrx_word' id='word_1_423' title='bbox 595 4745 691 4784; x_wconf 91' lang='lat' dir='ltr'><strong>cur</strong></span> <span class='ocrx_word' id='word_1_424' title='bbox 706 4732 880 4788; x_wconf 86' lang='lat' dir='ltr'><strong>adhuc</strong></span> <span class='ocrx_word' id='word_1_425' title='bbox 896 4742 1143 4804; x_wconf 87' lang='lat' dir='ltr'><strong>tanquam</strong></span> <span class='ocrx_word' id='word_1_426' title='bbox 1169 4738 1215 4791; x_wconf 92' lang='lat' dir='ltr'><strong>vi</strong></span> <span class='ocrx_word' id='word_1_427' title='bbox 1228 4747 1412 4793; x_wconf 81' lang='lat' dir='ltr'><strong>ventes</strong></span> <span class='ocrx_word' id='word_1_428' title='bbox 1432 4740 1483 4793; x_wconf 89' lang='lat' dir='ltr'><strong>in</strong></span> <span class='ocrx_word' id='word_1_429' title='bbox 1507 4756 1661 4795; x_wconf 67' lang='lat' dir='ltr'><strong>inuno</strong></span> 
     </span>
    </p>
   </div>
   <div class='ocr_carea' id='block_1_53' title="bbox 124 4806 1660 4895">
    <p class='ocr_par' dir='ltr' id='par_1_53' title="bbox 124 4806 1660 4895">
     <span class='ocr_line' id='line_1_53' title="bbox 124 4806 1660 4895; baseline 0.014 -29"><span class='ocrx_word' id='word_1_430' title='bbox 124 4806 176 4861; x_wconf 73' lang='lat' dir='ltr'><strong>do</strong></span> <span class='ocrx_word' id='word_1_431' title='bbox 191 4811 449 4873; x_wconf 83' lang='lat' dir='ltr'><strong>decernitis</strong></span> <span class='ocrx_word' id='word_1_432' title='bbox 482 4836 497 4873; x_wconf 88' lang='lat'><strong>:</strong></span> <span class='ocrx_word' id='word_1_433' title='bbox 527 4819 604 4875; x_wconf 71' lang='lat' dir='ltr'><strong>Ne</strong></span> <span class='ocrx_word' id='word_1_434' title='bbox 622 4822 883 4892; x_wconf 83' lang='lat' dir='ltr'><strong>tetigeris,</strong></span> <span class='ocrx_word' id='word_1_435' title='bbox 914 4839 982 4880; x_wconf 89' lang='lat' dir='ltr'><strong>ne</strong></span> <span class='ocrx_word' id='word_1_436' title='bbox 1006 4829 1327 4895; x_wconf 86' lang='lat' dir='ltr'><strong>gustaveris,</strong></span> <span class='ocrx_word' id='word_1_437' title='bbox 1350 4845 1420 4884; x_wconf 88' lang='lat' dir='ltr'><strong>ne</strong></span> <span class='ocrx_word' id='word_1_438' title='bbox 1447 4843 1660 4889; x_wconf 85' lang='lat' dir='ltr'><strong>contre-</strong></span> 
     </span>
    </p>
   </div>
   <div class='ocr_carea' id='block_1_54' title="bbox 123 4908 1652 4990">
    <p class='ocr_par' dir='ltr' id='par_1_54' title="bbox 123 4908 1652 4990">
     <span class='ocr_line' id='line_1_54' title="bbox 123 4908 1652 4990; baseline 0.014 -35"><span class='ocrx_word' id='word_1_439' title='bbox 123 4908 481 4979; x_wconf 74' lang='lat' dir='ltr'><strong>etavcrisiquze</strong></span> <span class='ocrx_word' id='word_1_440' title='bbox 526 4922 651 4967; x_wconf 84' lang='lat' dir='ltr'><strong>sunt</strong></span> <span class='ocrx_word' id='word_1_441' title='bbox 689 4915 864 4967; x_wconf 85' lang='lat' dir='ltr'><strong>omnia</strong></span> <span class='ocrx_word' id='word_1_442' title='bbox 897 4916 946 4969; x_wconf 89' lang='lat' dir='ltr'><strong>in</strong></span> <span class='ocrx_word' id='word_1_443' title='bbox 998 4917 1269 4972; x_wconf 90' lang='lat' dir='ltr'><strong>interitum</strong></span> <span class='ocrx_word' id='word_1_444' title='bbox 1308 4920 1424 4990; x_wconf 85' lang='lat' dir='ltr'><strong>ipso</strong></span> <span class='ocrx_word' id='word_1_445' title='bbox 1461 4922 1652 4987; x_wconf 80' lang='lat' dir='ltr'><strong>abustt,</strong></span> 
     </span>
    </p>
   </div>
   <div class='ocr_carea' id='block_1_55' title="bbox 125 4998 1655 5085">
    <p class='ocr_par' dir='ltr' id='par_1_55' title="bbox 125 4998 1655 5085">
     <span class='ocr_line' id='line_1_55' title="bbox 125 4998 1655 5085; baseline 0.018 -39"><span class='ocrx_word' id='word_1_446' title='bbox 125 5009 205 5051; x_wconf 89' lang='lat' dir='ltr'><strong>non</strong></span> <span class='ocrx_word' id='word_1_447' title='bbox 232 4998 276 5052; x_wconf 88' lang='lat' dir='ltr'><strong>in</strong></span> <span class='ocrx_word' id='word_1_448' title='bbox 303 5000 496 5060; x_wconf 86' lang='lat' dir='ltr'><strong>honore</strong></span> <span class='ocrx_word' id='word_1_449' title='bbox 524 5006 726 5077; x_wconf 86' lang='lat' dir='ltr'><strong>aliquo,</strong></span> <span class='ocrx_word' id='word_1_450' title='bbox 758 5008 823 5063; x_wconf 89' lang='lat' dir='ltr'><strong>ad</strong></span> <span class='ocrx_word' id='word_1_451' title='bbox 852 5011 1188 5065; x_wconf 85' lang='lat' dir='ltr'><strong>saturitatem</strong></span> <span class='ocrx_word' id='word_1_452' title='bbox 1214 5015 1391 5068; x_wconf 90' lang='lat' dir='ltr'><strong>carnis</strong></span> <span class='ocrx_word' id='word_1_453' title='bbox 1435 5015 1567 5085; x_wconf 88' lang='lat' dir='ltr'><strong>(Col.</strong></span> <span class='ocrx_word' id='word_1_454' title='bbox 1599 5020 1655 5074; x_wconf 75' lang='grc'><strong>2.</strong></span> 
     </span>
    </p>
   </div>
   <div class='ocr_carea' id='block_1_56' title="bbox 124 5086 1657 5187">
    <p class='ocr_par' dir='ltr' id='par_1_56' title="bbox 124 5086 1657 5187">
     <span class='ocr_line' id='line_1_56' title="bbox 124 5086 1657 5187; baseline 0.016 -45"><span class='ocrx_word' id='word_1_455' title='bbox 124 5086 275 5161; x_wconf 76' lang='grc' dir='ltr'><strong>9.οα23)</strong></span> <span class='ocrx_word' id='word_1_456' title='bbox 304 5111 315 5145; x_wconf 89' lang='lat'><strong><em>:</em></strong></span> <span class='ocrx_word' id='word_1_457' title='bbox 349 5114 367 5147; x_wconf 72' lang='grc' dir='ltr'><strong><em>ι</em></strong></span> <span class='ocrx_word' id='word_1_458' title='bbox 398 5113 501 5152; x_wconf 87' lang='lat' dir='ltr'><strong>non</strong></span> <span class='ocrx_word' id='word_1_459' title='bbox 523 5099 682 5153; x_wconf 85' lang='lat' dir='ltr'><strong>aliam</strong></span> <span class='ocrx_word' id='word_1_460' title='bbox 714 5102 870 5171; x_wconf 89' lang='lat' dir='ltr'><strong>hujus</strong></span> <span class='ocrx_word' id='word_1_461' title='bbox 898 5103 1215 5160; x_wconf 72' lang='lat' dir='ltr'><strong>diiIerentite</strong></span> <span class='ocrx_word' id='word_1_462' title='bbox 1255 5122 1470 5187; x_wconf 78' lang='lat' dir='ltr'><strong>causam</strong></span> <span class='ocrx_word' id='word_1_463' title='bbox 1507 5110 1657 5165; x_wconf 84' lang='lat' dir='ltr'><strong>inve-</strong></span> 
     </span>
    </p>
   </div>
   <div class='ocr_carea' id='block_1_57' title="bbox 125 5178 1658 5266">
    <p class='ocr_par' dir='ltr' id='par_1_57' title="bbox 125 5178 1658 5266">
     <span class='ocr_line' id='line_1_57' title="bbox 125 5178 1658 5266; baseline 0.016 -32"><span class='ocrx_word' id='word_1_464' title='bbox 125 5178 209 5243; x_wconf 74' lang='lat' dir='ltr'><strong>nio,</strong></span> <span class='ocrx_word' id='word_1_465' title='bbox 250 5201 393 5251; x_wconf 70' lang='lat' dir='ltr'><strong>tutam</strong></span> <span class='ocrx_word' id='word_1_466' title='bbox 441 5205 619 5247; x_wconf 89' lang='lat' dir='ltr'><strong>rerum</strong></span> <span class='ocrx_word' id='word_1_467' title='bbox 663 5202 719 5247; x_wconf 89' lang='lat' dir='ltr'><strong>et</strong></span> <span class='ocrx_word' id='word_1_468' title='bbox 768 5197 1021 5266; x_wconf 85' lang='lat' dir='ltr'><strong>temporis</strong></span> <span class='ocrx_word' id='word_1_469' title='bbox 1069 5178 1451 5256; x_wconf 80' lang='lat' dir='ltr'><strong>conditionem.</strong></span> <span class='ocrx_word' id='word_1_470' title='bbox 1501 5202 1658 5258; x_wconf 87' lang='lat' dir='ltr'><strong>Initio</strong></span> 
     </span>
    </p>
   </div>
   <div class='ocr_carea' id='block_1_58' title="bbox 125 5272 1658 5360">
    <p class='ocr_par' dir='ltr' id='par_1_58' title="bbox 125 5272 1658 5360">
     <span class='ocr_line' id='line_1_58' title="bbox 125 5272 1658 5360; baseline 0.014 -32"><span class='ocrx_word' id='word_1_471' title='bbox 125 5272 284 5342; x_wconf 69' lang='lat' dir='ltr'><strong>Quippe</strong></span> <span class='ocrx_word' id='word_1_472' title='bbox 308 5277 627 5350; x_wconf 85' lang='lat' dir='ltr'><strong>indulgentia</strong></span> <span class='ocrx_word' id='word_1_473' title='bbox 655 5283 732 5339; x_wconf 87' lang='lat' dir='ltr'><strong>uti</strong></span> <span class='ocrx_word' id='word_1_474' title='bbox 757 5287 1062 5355; x_wconf 87' lang='lat' dir='ltr'><strong>oportebat,</strong></span> <span class='ocrx_word' id='word_1_475' title='bbox 1092 5292 1336 5360; x_wconf 87' lang='lat' dir='ltr'><strong>sequenti</strong></span> <span class='ocrx_word' id='word_1_476' title='bbox 1365 5307 1494 5348; x_wconf 91' lang='lat' dir='ltr'><strong>vero</strong></span> <span class='ocrx_word' id='word_1_477' title='bbox 1523 5302 1658 5349; x_wconf 90' lang='lat' dir='ltr'><strong>tem-</strong></span> 
     </span>
    </p>
   </div>
   <div class='ocr_carea' id='block_1_59' title="bbox 129 5372 1652 5455">
    <p class='ocr_par' dir='ltr' id='par_1_59' title="bbox 129 5372 1652 5455">
     <span class='ocr_line' id='line_1_59' title="bbox 129 5372 1652 5455; baseline 0.016 -39"><span class='ocrx_word' id='word_1_478' title='bbox 129 5374 227 5425; x_wconf 74' lang='lat' dir='ltr'><strong>pore</strong></span> <span class='ocrx_word' id='word_1_479' title='bbox 252 5383 346 5423; x_wconf 83' lang='lat' dir='ltr'><strong>non</strong></span> <span class='ocrx_word' id='word_1_480' title='bbox 373 5372 517 5428; x_wconf 79' lang='lat' dir='ltr'><strong>item.</strong></span> <span class='ocrx_word' id='word_1_481' title='bbox 558 5376 699 5431; x_wconf 83' lang='lat' dir='ltr'><strong>Alibi</strong></span> <span class='ocrx_word' id='word_1_482' title='bbox 727 5394 940 5449; x_wconf 91' lang='lat' dir='ltr'><strong>quoque</strong></span> <span class='ocrx_word' id='word_1_483' title='bbox 986 5381 1135 5437; x_wconf 89' lang='lat' dir='ltr'><strong>illum</strong></span> <span class='ocrx_word' id='word_1_484' title='bbox 1165 5384 1244 5439; x_wconf 89' lang='lat' dir='ltr'><strong>sic</strong></span> <span class='ocrx_word' id='word_1_485' title='bbox 1275 5400 1436 5455; x_wconf 83' lang='lat' dir='ltr'><strong>agere</strong></span> <span class='ocrx_word' id='word_1_486' title='bbox 1484 5389 1652 5443; x_wconf 86' lang='lat' dir='ltr'><strong>vides.</strong></span> 
     </span>
    </p>
   </div>
   <div class='ocr_carea' id='block_1_60' title="bbox 126 5451 1654 5547">
    <p class='ocr_par' dir='ltr' id='par_1_60' title="bbox 126 5451 1654 5547">
     <span class='ocr_line' id='line_1_60' title="bbox 126 5451 1654 5547; baseline 0.018 -43"><span class='ocrx_word' id='word_1_487' title='bbox 126 5451 193 5506; x_wconf 77' lang='lat' dir='ltr'><strong>Sic</strong></span> <span class='ocrx_word' id='word_1_488' title='bbox 229 5455 389 5519; x_wconf 82' lang='lat' dir='ltr'><strong>facere</strong></span> <span class='ocrx_word' id='word_1_489' title='bbox 433 5467 610 5522; x_wconf 83' lang='lat' dir='ltr'><strong>solent</strong></span> <span class='ocrx_word' id='word_1_490' title='bbox 660 5469 898 5527; x_wconf 79' lang='lat' dir='ltr'><strong>medicus</strong></span> <span class='ocrx_word' id='word_1_491' title='bbox 934 5481 990 5527; x_wconf 90' lang='lat' dir='ltr'><strong>et</strong></span> <span class='ocrx_word' id='word_1_492' title='bbox 1027 5473 1214 5528; x_wconf 91' lang='lat' dir='ltr'><strong>doctor</strong></span> <span class='ocrx_word' id='word_1_493' title='bbox 1253 5492 1468 5547; x_wconf 87' lang='lat' dir='ltr'><strong>:neque</strong></span> <span class='ocrx_word' id='word_1_494' title='bbox 1510 5478 1654 5536; x_wconf 87' lang='lat' dir='ltr'><strong>enim</strong></span> 
     </span>
    </p>
   </div>
   <div class='ocr_carea' id='block_1_61' title="bbox 1551 5652 1579 5659">
    <p class='ocr_par' dir='ltr' id='par_1_61' title="bbox 1551 5652 1579 5659">
     <span class='ocr_line' id='line_1_61' title="bbox 1551 5652 1579 5659; baseline 0 -2"><span class='ocrx_word' id='word_1_495' title='bbox 1551 5652 1579 5659; x_wconf 78' lang='grc'><strong>..-</strong></span> 
     </span>
    </p>
   </div>
   <div class='ocr_carea' id='block_1_62' title="bbox 342 5796 942 5876">
    <p class='ocr_par' dir='ltr' id='par_1_62' title="bbox 342 5796 942 5876">
     <span class='ocr_line' id='line_1_62' title="bbox 342 5796 942 5876; baseline 0.028 -18"><span class='ocrx_word' id='word_1_496' title='bbox 342 5796 599 5863; x_wconf 77' lang='lat' dir='ltr'><strong>PATROL.</strong></span> <span class='ocrx_word' id='word_1_497' title='bbox 647 5806 761 5868; x_wconf 76' lang='lat' dir='ltr'><strong>Gtt.</strong></span> <span class='ocrx_word' id='word_1_498' title='bbox 817 5810 942 5876; x_wconf 77' lang='lat' dir='ltr'><strong>LX.</strong></span> 
     </span>
    </p>
   </div>
   <div class='ocr_carea' id='block_1_63' title="bbox 1808 590 3391 671">
    <p class='ocr_par' dir='ltr' id='par_1_63' title="bbox 1808 590 3391 671">
     <span class='ocr_line' id='line_1_63' title="bbox 1808 590 3391 671; baseline 0.011 -27"><span class='ocrx_word' id='word_1_499' title='bbox 1808 604 1903 644; x_wconf 91' lang='lat' dir='ltr'><strong>eos</strong></span> <span class='ocrx_word' id='word_1_500' title='bbox 1925 592 2011 660; x_wconf 88' lang='lat' dir='ltr'><strong>qui</strong></span> <span class='ocrx_word' id='word_1_501' title='bbox 2039 590 2344 661; x_wconf 86' lang='lat' dir='ltr'><strong>perfectiori</strong></span> <span class='ocrx_word' id='word_1_502' title='bbox 2365 604 2525 666; x_wconf 81' lang='lat' dir='ltr'><strong>egent</strong></span> <span class='ocrx_word' id='word_1_503' title='bbox 2558 597 2802 655; x_wconf 88' lang='lat' dir='ltr'><strong>doctrina</strong></span> <span class='ocrx_word' id='word_1_504' title='bbox 2853 603 2966 671; x_wconf 89' lang='lat' dir='ltr'><strong>pari</strong></span> <span class='ocrx_word' id='word_1_505' title='bbox 2994 605 3154 660; x_wconf 92' lang='lat' dir='ltr'><strong>modo</strong></span> <span class='ocrx_word' id='word_1_506' title='bbox 3178 618 3391 663; x_wconf 87' lang='lat' dir='ltr'><strong>curant.</strong></span> 
     </span>
    </p>
   </div>
   <div class='ocr_carea' id='block_1_64' title="bbox 1808 679 3393 765">
    <p class='ocr_par' dir='ltr' id='par_1_64' title="bbox 1808 679 3393 765">
     <span class='ocr_line' id='line_1_64' title="bbox 1808 679 3393 765; baseline 0.014 -32"><span class='ocrx_word' id='word_1_507' title='bbox 1808 679 2005 737; x_wconf 85' lang='lat' dir='ltr'><strong>Paulus</strong></span> <span class='ocrx_word' id='word_1_508' title='bbox 2021 682 2179 753; x_wconf 82' lang='lat' dir='ltr'><strong>igitur</strong></span> <span class='ocrx_word' id='word_1_509' title='bbox 2198 685 2319 741; x_wconf 88' lang='lat' dir='ltr'><strong>aliis</strong></span> <span class='ocrx_word' id='word_1_510' title='bbox 2341 688 2443 743; x_wconf 90' lang='lat' dir='ltr'><strong>alia</strong></span> <span class='ocrx_word' id='word_1_511' title='bbox 2466 689 2533 745; x_wconf 89' lang='lat' dir='ltr'><strong>de</strong></span> <span class='ocrx_word' id='word_1_512' title='bbox 2549 706 2707 747; x_wconf 88' lang='lat' dir='ltr'><strong>causa</strong></span> <span class='ocrx_word' id='word_1_513' title='bbox 2730 702 2784 747; x_wconf 90' lang='lat' dir='ltr'><strong>et</strong></span> <span class='ocrx_word' id='word_1_514' title='bbox 2800 705 3117 765; x_wconf 89' lang='lat' dir='ltr'><strong>argumento</strong></span> <span class='ocrx_word' id='word_1_515' title='bbox 3133 699 3393 756; x_wconf 87' lang='lat' dir='ltr'><strong>adductus</strong></span> 
     </span>
    </p>
   </div>
   <div class='ocr_carea' id='block_1_65' title="bbox 1806 772 3392 847">
    <p class='ocr_par' dir='ltr' id='par_1_65' title="bbox 1806 772 3392 847">
     <span class='ocr_line' id='line_1_65' title="bbox 1806 772 3392 847; baseline 0.014 -22"><span class='ocrx_word' id='word_1_516' title='bbox 1806 772 2167 843; x_wconf 78' lang='lat' dir='ltr'><strong>scribebat(et</strong></span> <span class='ocrx_word' id='word_1_517' title='bbox 2192 775 2294 832; x_wconf 86' lang='lat' dir='ltr'><strong>hoc</strong></span> <span class='ocrx_word' id='word_1_518' title='bbox 2319 778 2576 847; x_wconf 87' lang='lat' dir='ltr'><strong>declarat,</strong></span> <span class='ocrx_word' id='word_1_519' title='bbox 2600 798 2721 838; x_wconf 88' lang='lat' dir='ltr'><strong>cum</strong></span> <span class='ocrx_word' id='word_1_520' title='bbox 2746 784 3039 843; x_wconf 89' lang='lat' dir='ltr'><strong>Corinthiis</strong></span> <span class='ocrx_word' id='word_1_521' title='bbox 3060 790 3187 845; x_wconf 89' lang='lat' dir='ltr'><strong>dicit</strong></span> <span class='ocrx_word' id='word_1_522' title='bbox 3206 808 3218 843; x_wconf 88' lang='lat'><strong>:</strong></span> <span class='ocrx_word' id='word_1_523' title='bbox 3236 790 3315 847; x_wconf 89' lang='lat' dir='ltr'><strong>De</strong></span> <span class='ocrx_word' id='word_1_524' title='bbox 3330 793 3392 846; x_wconf 80' lang='lat' dir='ltr'><strong>iis</strong></span> 
     </span>
    </p>
   </div>
   <div class='ocr_carea' id='block_1_66' title="bbox 1805 869 3389 953">
    <p class='ocr_par' dir='ltr' id='par_1_66' title="bbox 1805 869 3389 953">
     <span class='ocr_line' id='line_1_66' title="bbox 1805 869 3389 953; baseline 0.014 -37"><span class='ocrx_word' id='word_1_525' title='bbox 1805 874 1995 930; x_wconf 86' lang='lat' dir='ltr'><strong>autent,</strong></span> <span class='ocrx_word' id='word_1_526' title='bbox 2017 884 2132 937; x_wconf 69' lang='lat' dir='ltr'><strong>quia</strong></span> <span class='ocrx_word' id='word_1_527' title='bbox 2156 869 2224 922; x_wconf 88' lang='lat' dir='ltr'><strong>ad</strong></span> <span class='ocrx_word' id='word_1_528' title='bbox 2247 887 2326 923; x_wconf 90' lang='lat' dir='ltr'><strong>me</strong></span> <span class='ocrx_word' id='word_1_529' title='bbox 2338 874 2612 944; x_wconf 84' lang='lat' dir='ltr'><strong>scripsistis</strong></span> <span class='ocrx_word' id='word_1_530' title='bbox 2629 878 2675 950; x_wconf 86' lang='grc' dir='ltr'><strong>(Ι</strong></span> <span class='ocrx_word' id='word_1_531' title='bbox 2691 915 2705 930; x_wconf 92' lang='grc'><strong>.</strong></span> <span class='ocrx_word' id='word_1_532' title='bbox 2726 877 2843 933; x_wconf 82' lang='lat' dir='ltr'><strong>Cor.</strong></span> <span class='ocrx_word' id='word_1_533' title='bbox 2859 880 2996 953; x_wconf 70' lang='lat'><strong>7.1);</strong></span> <span class='ocrx_word' id='word_1_534' title='bbox 3027 882 3231 940; x_wconf 81' lang='lat' dir='ltr'><strong>Calatis</strong></span> <span class='ocrx_word' id='word_1_535' title='bbox 3260 903 3389 941; x_wconf 85' lang='lat' dir='ltr'><strong>vero</strong></span> 
     </span>
    </p>
   </div>
   <div class='ocr_carea' id='block_1_67' title="bbox 1805 958 3372 1050">
    <p class='ocr_par' dir='ltr' id='par_1_67' title="bbox 1805 958 3372 1050">
     <span class='ocr_line' id='line_1_67' title="bbox 1805 958 3372 1050; baseline 0.014 -39"><span class='ocrx_word' id='word_1_536' title='bbox 1805 958 1982 1012; x_wconf 89' lang='lat' dir='ltr'><strong>statim</strong></span> <span class='ocrx_word' id='word_1_537' title='bbox 1999 960 2068 1014; x_wconf 91' lang='lat' dir='ltr'><strong>ab</strong></span> <span class='ocrx_word' id='word_1_538' title='bbox 2085 962 2308 1016; x_wconf 82' lang='lat' dir='ltr'><strong>exordio</strong></span> <span class='ocrx_word' id='word_1_539' title='bbox 2325 973 2378 1017; x_wconf 88' lang='lat' dir='ltr'><strong>et</strong></span> <span class='ocrx_word' id='word_1_540' title='bbox 2394 980 2490 1035; x_wconf 89' lang='lat' dir='ltr'><strong>per</strong></span> <span class='ocrx_word' id='word_1_541' title='bbox 2508 976 2673 1023; x_wconf 82' lang='lat' dir='ltr'><strong>totam</strong></span> <span class='ocrx_word' id='word_1_542' title='bbox 2691 971 2971 1039; x_wconf 89' lang='lat' dir='ltr'><strong>epistolam</strong></span> <span class='ocrx_word' id='word_1_543' title='bbox 2988 974 3214 1045; x_wconf 91' lang='lat' dir='ltr'><strong>idipsum</strong></span> <span class='ocrx_word' id='word_1_544' title='bbox 3235 978 3372 1050; x_wconf 79' lang='lat' dir='ltr'><strong>signi</strong></span> 
     </span>
    </p>
   </div>
   <div class='ocr_carea' id='block_1_68' title="bbox 1802 1046 3383 1128">
    <p class='ocr_par' dir='ltr' id='par_1_68' title="bbox 1802 1046 3383 1128">
     <span class='ocr_line' id='line_1_68' title="bbox 1802 1046 3383 1128; baseline 0.015 -26"><span class='ocrx_word' id='word_1_545' title='bbox 1802 1046 1965 1120; x_wconf 85' lang='lat' dir='ltr'><strong>ficat)</strong></span> <span class='ocrx_word' id='word_1_546' title='bbox 1995 1068 2008 1103; x_wconf 86' lang='lat'>:</span> <span class='ocrx_word' id='word_1_547' title='bbox 2036 1050 2121 1106; x_wconf 91' lang='lat' dir='ltr'><strong>his</strong></span> <span class='ocrx_word' id='word_1_548' title='bbox 2148 1068 2275 1108; x_wconf 88' lang='lat' dir='ltr'><strong>vero</strong></span> <span class='ocrx_word' id='word_1_549' title='bbox 2302 1070 2398 1109; x_wconf 93' lang='lat' dir='ltr'><strong>cur</strong></span> <span class='ocrx_word' id='word_1_550' title='bbox 2437 1068 2492 1111; x_wconf 92' lang='lat' dir='ltr'><strong>et</strong></span> <span class='ocrx_word' id='word_1_551' title='bbox 2538 1074 2642 1128; x_wconf 89' lang='lat' dir='ltr'><strong>qua</strong></span> <span class='ocrx_word' id='word_1_552' title='bbox 2686 1061 2751 1116; x_wconf 88' lang='lat' dir='ltr'><strong>de</strong></span> <span class='ocrx_word' id='word_1_553' title='bbox 2790 1077 2948 1118; x_wconf 88' lang='lat' dir='ltr'><strong>causa</strong></span> <span class='ocrx_word' id='word_1_554' title='bbox 2979 1067 3177 1121; x_wconf 88' lang='lat' dir='ltr'><strong>scribat</strong></span> <span class='ocrx_word' id='word_1_555' title='bbox 3220 1046 3383 1126; x_wconf 75' lang='lat' dir='ltr'><strong>dicit:</strong></span> 
     </span>
    </p>
   </div>
   <div class='ocr_carea' id='block_1_69' title="bbox 1801 1140 3386 1217">
    <p class='ocr_par' dir='ltr' id='par_1_69' title="bbox 1801 1140 3386 1217">
     <span class='ocr_line' id='line_1_69' title="bbox 1801 1140 3386 1217; baseline 0.016 -28"><span class='ocrx_word' id='word_1_556' title='bbox 1801 1151 1865 1192; x_wconf 87' lang='lat' dir='ltr'><strong>ac</strong></span> <span class='ocrx_word' id='word_1_557' title='bbox 1908 1140 2180 1196; x_wconf 81' lang='lat' dir='ltr'><strong>testificari</strong></span> <span class='ocrx_word' id='word_1_558' title='bbox 2231 1143 2440 1201; x_wconf 88' lang='lat' dir='ltr'><strong>videtur</strong></span> <span class='ocrx_word' id='word_1_559' title='bbox 2487 1148 2634 1217; x_wconf 89' lang='lat' dir='ltr'><strong>ipsos</strong></span> <span class='ocrx_word' id='word_1_560' title='bbox 2676 1165 2797 1207; x_wconf 87' lang='lat' dir='ltr'><strong>esse</strong></span> <span class='ocrx_word' id='word_1_561' title='bbox 2840 1152 3077 1212; x_wconf 89' lang='lat' dir='ltr'><strong>bonitate</strong></span> <span class='ocrx_word' id='word_1_562' title='bbox 3116 1167 3170 1213; x_wconf 87' lang='lat' dir='ltr'><strong>et</strong></span> <span class='ocrx_word' id='word_1_563' title='bbox 3211 1160 3386 1215; x_wconf 89' lang='lat' dir='ltr'><strong>scien-</strong></span> 
     </span>
    </p>
   </div>
   <div class='ocr_carea' id='block_1_70' title="bbox 1804 1227 3395 1307">
    <p class='ocr_par' dir='ltr' id='par_1_70' title="bbox 1804 1227 3395 1307">
     <span class='ocr_line' id='line_1_70' title="bbox 1804 1227 3395 1307; baseline 0.016 -26"><span class='ocrx_word' id='word_1_564' title='bbox 1804 1227 1875 1283; x_wconf 91' lang='lat' dir='ltr'><strong>tia</strong></span> <span class='ocrx_word' id='word_1_565' title='bbox 1902 1231 2049 1285; x_wconf 91' lang='lat' dir='ltr'><strong>omui</strong></span> <span class='ocrx_word' id='word_1_566' title='bbox 2076 1231 2367 1289; x_wconf 88' lang='lat' dir='ltr'><strong>instructos</strong></span> <span class='ocrx_word' id='word_1_567' title='bbox 2392 1276 2407 1303; x_wconf 90' lang='lat'><strong>,</strong></span> <span class='ocrx_word' id='word_1_568' title='bbox 2452 1237 2539 1306; x_wconf 92' lang='lat' dir='ltr'><strong>qui</strong></span> <span class='ocrx_word' id='word_1_569' title='bbox 2572 1251 2793 1307; x_wconf 88' lang='lat' dir='ltr'><strong>possent</strong></span> <span class='ocrx_word' id='word_1_570' title='bbox 2829 1244 2962 1299; x_wconf 90' lang='lat' dir='ltr'><strong>alios</strong></span> <span class='ocrx_word' id='word_1_571' title='bbox 2992 1261 3233 1303; x_wconf 91' lang='lat' dir='ltr'><strong>monere.</strong></span> <span class='ocrx_word' id='word_1_572' title='bbox 3286 1253 3395 1306; x_wconf 76' lang='lat' dir='ltr'><strong>()ur</strong></span> 
     </span>
    </p>
   </div>
   <div class='ocr_carea' id='block_1_71' title="bbox 1801 1322 3387 1411">
    <p class='ocr_par' dir='ltr' id='par_1_71' title="bbox 1801 1322 3387 1411">
     <span class='ocr_line' id='line_1_71' title="bbox 1801 1322 3387 1411; baseline 0.017 -39"><span class='ocrx_word' id='word_1_573' title='bbox 1801 1333 1931 1389; x_wconf 85' lang='lat' dir='ltr'><strong>ergo</strong></span> <span class='ocrx_word' id='word_1_574' title='bbox 1968 1322 2251 1390; x_wconf 88' lang='lat' dir='ltr'><strong>epistolam</strong></span> <span class='ocrx_word' id='word_1_575' title='bbox 2291 1327 2468 1382; x_wconf 89' lang='lat' dir='ltr'><strong>misit?</strong></span> <span class='ocrx_word' id='word_1_576' title='bbox 2519 1328 2738 1400; x_wconf 73' lang='lat' dir='ltr'><strong>I’r0pter</strong></span> <span class='ocrx_word' id='word_1_577' title='bbox 2765 1338 2982 1403; x_wconf 88' lang='lat' dir='ltr'><strong>gratiam</strong></span> <span class='ocrx_word' id='word_1_578' title='bbox 3029 1337 3147 1411; x_wconf 72' lang='lat' dir='ltr'><strong>Dei,</strong></span> <span class='ocrx_word' id='word_1_579' title='bbox 3195 1343 3387 1409; x_wconf 82' lang='lat' dir='ltr'><strong>inquit.</strong></span> 
     </span>
    </p>
   </div>
   <div class='ocr_carea' id='block_1_72' title="bbox 1799 1410 3388 1504">
    <p class='ocr_par' dir='ltr' id='par_1_72' title="bbox 1799 1410 3388 1504">
     <span class='ocr_line' id='line_1_72' title="bbox 1799 1410 3388 1504; baseline 0.019 -43"><span class='ocrx_word' id='word_1_580' title='bbox 1799 1426 1912 1477; x_wconf 77' lang='lat' dir='ltr'><strong>qua:</strong></span> <span class='ocrx_word' id='word_1_581' title='bbox 1935 1410 2058 1465; x_wconf 88' lang='lat' dir='ltr'><strong>data</strong></span> <span class='ocrx_word' id='word_1_582' title='bbox 2082 1423 2152 1467; x_wconf 84' lang='lat' dir='ltr'><strong>est</strong></span> <span class='ocrx_word' id='word_1_583' title='bbox 2177 1416 2321 1481; x_wconf 82' lang='lat' dir='ltr'><strong>mihi,</strong></span> <span class='ocrx_word' id='word_1_584' title='bbox 2355 1428 2407 1470; x_wconf 88' lang='lat' dir='ltr'><strong>ut</strong></span> <span class='ocrx_word' id='word_1_585' title='bbox 2435 1420 2530 1472; x_wconf 87' lang='lat' dir='ltr'><strong>sim</strong></span> <span class='ocrx_word' id='word_1_586' title='bbox 2559 1423 2786 1477; x_wconf 84' lang='lat' dir='ltr'><strong>minister</strong></span> <span class='ocrx_word' id='word_1_587' title='bbox 2819 1423 2945 1481; x_wconf 82' lang='lat' dir='ltr'><strong>Jesu</strong></span> <span class='ocrx_word' id='word_1_588' title='bbox 2973 1410 3160 1484; x_wconf 84' lang='lat' dir='ltr'><strong>Christi</strong></span> <span class='ocrx_word' id='word_1_589' title='bbox 3182 1430 3202 1504; x_wconf 90' lang='lat'><strong>(</strong></span> <span class='ocrx_word' id='word_1_590' title='bbox 3235 1434 3388 1492; x_wconf 75' lang='lat' dir='ltr'><strong>Itoni.</strong></span> 
     </span>
    </p>
   </div>
   <div class='ocr_carea' id='block_1_73' title="bbox 1800 1503 3385 1588">
    <p class='ocr_par' dir='ltr' id='par_1_73' title="bbox 1800 1503 3385 1588">
     <span class='ocr_line' id='line_1_73' title="bbox 1800 1503 3385 1588; baseline 0.014 -32"><span class='ocrx_word' id='word_1_591' title='bbox 1800 1503 1886 1558; x_wconf 81' lang='grc'><strong>15.</strong></span> <span class='ocrx_word' id='word_1_592' title='bbox 1914 1504 1981 1559; x_wconf 78' lang='grc'><strong>14</strong></span> <span class='ocrx_word' id='word_1_593' title='bbox 2004 1505 2045 1573; x_wconf 93' lang='grc'><strong>).</strong></span> <span class='ocrx_word' id='word_1_594' title='bbox 2085 1505 2317 1578; x_wconf 88' lang='lat' dir='ltr'><strong>Ideoque</strong></span> <span class='ocrx_word' id='word_1_595' title='bbox 2342 1509 2395 1564; x_wconf 90' lang='lat' dir='ltr'><strong>in</strong></span> <span class='ocrx_word' id='word_1_596' title='bbox 2427 1513 2690 1584; x_wconf 88' lang='lat' dir='ltr'><strong>principio</strong></span> <span class='ocrx_word' id='word_1_597' title='bbox 2717 1514 2852 1571; x_wconf 81' lang='lat' dir='ltr'><strong>dixit</strong></span> <span class='ocrx_word' id='word_1_598' title='bbox 2881 1535 2894 1569; x_wconf 90' lang='lat'><strong>:</strong></span> <span class='ocrx_word' id='word_1_599' title='bbox 2929 1518 3136 1575; x_wconf 85' lang='lat' dir='ltr'><strong>Debitor</strong></span> <span class='ocrx_word' id='word_1_600' title='bbox 3164 1503 3295 1588; x_wconf 82' lang='lat' dir='ltr'><strong>sum,</strong></span> <span class='ocrx_word' id='word_1_601' title='bbox 3329 1536 3385 1579; x_wconf 89' lang='lat' dir='ltr'><strong>ut</strong></span> 
     </span>
    </p>
   </div>
   <div class='ocr_carea' id='block_1_74' title="bbox 1798 1596 3383 1688">
    <p class='ocr_par' dir='ltr' id='par_1_74' title="bbox 1798 1596 3383 1688">
     <span class='ocr_line' id='line_1_74' title="bbox 1798 1596 3383 1688; baseline 0.016 -41"><span class='ocrx_word' id='word_1_602' title='bbox 1798 1611 1891 1664; x_wconf 86' lang='lat' dir='ltr'><strong>pro</strong></span> <span class='ocrx_word' id='word_1_603' title='bbox 1913 1596 2048 1651; x_wconf 81' lang='lat' dir='ltr'><strong>virili</strong></span> <span class='ocrx_word' id='word_1_604' title='bbox 2078 1614 2188 1652; x_wconf 88' lang='lat' dir='ltr'><strong>utea</strong></span> <span class='ocrx_word' id='word_1_605' title='bbox 2214 1609 2357 1669; x_wconf 86' lang='lat' dir='ltr'><strong>parte</strong></span> <span class='ocrx_word' id='word_1_606' title='bbox 2382 1603 2518 1657; x_wconf 80' lang='lat' dir='ltr'><strong>vobis</strong></span> <span class='ocrx_word' id='word_1_607' title='bbox 2538 1647 2553 1671; x_wconf 86' lang='lat'><strong>,</strong></span> <span class='ocrx_word' id='word_1_608' title='bbox 2580 1607 2665 1675; x_wconf 86' lang='lat' dir='ltr'><strong>qui</strong></span> <span class='ocrx_word' id='word_1_609' title='bbox 2689 1606 2870 1664; x_wconf 62' lang='lat' dir='ltr'><strong>Itonia:</strong></span> <span class='ocrx_word' id='word_1_610' title='bbox 2903 1612 3039 1675; x_wconf 85' lang='lat' dir='ltr'><strong>estis,</strong></span> <span class='ocrx_word' id='word_1_611' title='bbox 3073 1616 3383 1688; x_wconf 81' lang='lat' dir='ltr'><strong>evangelium</strong></span> 
     </span>
    </p>
   </div>
   <div class='ocr_carea' id='block_1_75' title="bbox 1796 1688 3381 1779">
    <p class='ocr_par' dir='ltr' id='par_1_75' title="bbox 1796 1688 3381 1779">
     <span class='ocr_line' id='line_1_75' title="bbox 1796 1688 3381 1779; baseline 0.018 -41"><span class='ocrx_word' id='word_1_612' title='bbox 1796 1688 2064 1757; x_wconf 67' lang='lat' dir='ltr'><strong>praedicem</strong></span> <span class='ocrx_word' id='word_1_613' title='bbox 2091 1689 2254 1763; x_wconf 85' lang='lat' dir='ltr'><strong>(Ibid.</strong></span> <span class='ocrx_word' id='word_1_614' title='bbox 2275 1695 2328 1748; x_wconf 86' lang='grc'><strong>1.</strong></span> <span class='ocrx_word' id='word_1_615' title='bbox 2361 1696 2447 1750; x_wconf 73' lang='grc'><strong>11.</strong></span> <span class='ocrx_word' id='word_1_616' title='bbox 2469 1697 2581 1767; x_wconf 80' lang='grc'><strong>15).</strong></span> <span class='ocrx_word' id='word_1_617' title='bbox 2604 1698 2734 1754; x_wconf 87' lang='lat' dir='ltr'><strong>Nam</strong></span> <span class='ocrx_word' id='word_1_618' title='bbox 2756 1700 2899 1757; x_wconf 89' lang='lat' dir='ltr'><strong>dicta</strong></span> <span class='ocrx_word' id='word_1_619' title='bbox 2922 1706 3057 1773; x_wconf 88' lang='lat' dir='ltr'><strong>ejus,</strong></span> <span class='ocrx_word' id='word_1_620' title='bbox 3085 1710 3232 1763; x_wconf 89' lang='lat' dir='ltr'><strong>verbi</strong></span> <span class='ocrx_word' id='word_1_621' title='bbox 3258 1727 3381 1779; x_wconf 71' lang='lat' dir='ltr'><strong>gra-</strong></span> 
     </span>
    </p>
   </div>
   <div class='ocr_carea' id='block_1_76' title="bbox 1798 1778 3379 1866">
    <p class='ocr_par' dir='ltr' id='par_1_76' title="bbox 1798 1778 3379 1866">
     <span class='ocr_line' id='line_1_76' title="bbox 1798 1778 3379 1866; baseline 0.017 -35"><span class='ocrx_word' id='word_1_622' title='bbox 1798 1778 1891 1843; x_wconf 86' lang='lat' dir='ltr'><strong>tia,</strong></span> <span class='ocrx_word' id='word_1_623' title='bbox 1922 1781 2064 1850; x_wconf 87' lang='lat' dir='ltr'><strong>quod</strong></span> <span class='ocrx_word' id='word_1_624' title='bbox 2090 1783 2297 1852; x_wconf 89' lang='lat' dir='ltr'><strong>possint</strong></span> <span class='ocrx_word' id='word_1_625' title='bbox 2327 1786 2465 1842; x_wconf 88' lang='lat' dir='ltr'><strong>alios</strong></span> <span class='ocrx_word' id='word_1_626' title='bbox 2490 1789 2802 1857; x_wconf 83' lang='lat' dir='ltr'><strong>adnwucre,</strong></span> <span class='ocrx_word' id='word_1_627' title='bbox 2843 1805 2897 1850; x_wconf 93' lang='lat' dir='ltr'><strong>et</strong></span> <span class='ocrx_word' id='word_1_628' title='bbox 2922 1797 3139 1866; x_wconf 85' lang='lat' dir='ltr'><strong>similia,</strong></span> <span class='ocrx_word' id='word_1_629' title='bbox 3169 1778 3379 1859; x_wconf 78' lang='lat' dir='ltr'><strong>laudem</strong></span> 
     </span>
    </p>
   </div>
   <div class='ocr_carea' id='block_1_77' title="bbox 1796 1873 3380 1953">
    <p class='ocr_par' dir='ltr' id='par_1_77' title="bbox 1796 1873 3380 1953">
     <span class='ocr_line' id='line_1_77' title="bbox 1796 1873 3380 1953; baseline 0.016 -29"><span class='ocrx_word' id='word_1_630' title='bbox 1796 1873 2061 1942; x_wconf 73' lang='lat' dir='ltr'><strong>prmcipue</strong></span> <span class='ocrx_word' id='word_1_631' title='bbox 2080 1884 2137 1931; x_wconf 87' lang='lat' dir='ltr'><strong>et</strong></span> <span class='ocrx_word' id='word_1_632' title='bbox 2158 1877 2587 1937; x_wconf 79' lang='lat' dir='ltr'><strong>exhortationem</strong></span> <span class='ocrx_word' id='word_1_633' title='bbox 2619 1899 2730 1953; x_wconf 75' lang='lat' dir='ltr'><strong>pra:</strong></span> <span class='ocrx_word' id='word_1_634' title='bbox 2759 1900 2821 1941; x_wconf 90' lang='lat' dir='ltr'><strong>se</strong></span> <span class='ocrx_word' id='word_1_635' title='bbox 2860 1887 3072 1947; x_wconf 85' lang='lat' dir='ltr'><strong>ferunt:</strong></span> <span class='ocrx_word' id='word_1_636' title='bbox 3102 1909 3165 1947; x_wconf 85' lang='lat' dir='ltr'><strong>ac</strong></span> <span class='ocrx_word' id='word_1_637' title='bbox 3194 1909 3380 1950; x_wconf 82' lang='lat' dir='ltr'><strong>neces-</strong></span> 
     </span>
    </p>
   </div>
   <div class='ocr_carea' id='block_1_78' title="bbox 1791 1964 3376 2051">
    <p class='ocr_par' dir='ltr' id='par_1_78' title="bbox 1791 1964 3376 2051">
     <span class='ocr_line' id='line_1_78' title="bbox 1791 1964 3376 2051; baseline 0.015 -34"><span class='ocrx_word' id='word_1_638' title='bbox 1791 1964 1932 2019; x_wconf 82' lang='lat' dir='ltr'><strong>saria</strong></span> <span class='ocrx_word' id='word_1_639' title='bbox 1961 1966 2120 2021; x_wconf 84' lang='lat' dir='ltr'><strong>etiam</strong></span> <span class='ocrx_word' id='word_1_640' title='bbox 2156 1967 2237 2027; x_wconf 85' lang='lat' dir='ltr'><strong>his</strong></span> <span class='ocrx_word' id='word_1_641' title='bbox 2266 1980 2381 2026; x_wconf 88' lang='lat' dir='ltr'><strong>erat</strong></span> <span class='ocrx_word' id='word_1_642' title='bbox 2401 1975 2704 2030; x_wconf 88' lang='lat' dir='ltr'><strong>emendatio</strong></span> <span class='ocrx_word' id='word_1_643' title='bbox 2729 1993 2823 2047; x_wconf 88' lang='lat' dir='ltr'><strong>per</strong></span> <span class='ocrx_word' id='word_1_644' title='bbox 2850 1980 3050 2039; x_wconf 88' lang='lat' dir='ltr'><strong>literas.</strong></span> <span class='ocrx_word' id='word_1_645' title='bbox 3074 1983 3206 2051; x_wconf 86' lang='lat' dir='ltr'><strong>Quia</strong></span> <span class='ocrx_word' id='word_1_646' title='bbox 3236 1989 3376 2042; x_wconf 89' lang='lat' dir='ltr'><strong>enim</strong></span> 
     </span>
    </p>
   </div>
   <div class='ocr_carea' id='block_1_79' title="bbox 1792 2056 3375 2145">
    <p class='ocr_par' dir='ltr' id='par_1_79' title="bbox 1792 2056 3375 2145">
     <span class='ocr_line' id='line_1_79' title="bbox 1792 2056 3375 2145; baseline 0.015 -35"><span class='ocrx_word' id='word_1_647' title='bbox 1792 2056 2025 2113; x_wconf 86' lang='lat' dir='ltr'><strong>nondum</strong></span> <span class='ocrx_word' id='word_1_648' title='bbox 2052 2060 2230 2125; x_wconf 86' lang='lat' dir='ltr'><strong>isthuc</strong></span> <span class='ocrx_word' id='word_1_649' title='bbox 2255 2074 2492 2133; x_wconf 86' lang='lat' dir='ltr'><strong>venerat,</strong></span> <span class='ocrx_word' id='word_1_650' title='bbox 2513 2068 2710 2137; x_wconf 87' lang='lat' dir='ltr'><strong>duplici</strong></span> <span class='ocrx_word' id='word_1_651' title='bbox 2736 2074 2943 2129; x_wconf 88' lang='lat' dir='ltr'><strong>ratione</strong></span> <span class='ocrx_word' id='word_1_652' title='bbox 2965 2075 3107 2131; x_wconf 88' lang='lat' dir='ltr'><strong>viros</strong></span> <span class='ocrx_word' id='word_1_653' title='bbox 3129 2078 3375 2145; x_wconf 78' lang='lat' dir='ltr'><strong>instituit,</strong></span> 
     </span>
    </p>
   </div>
   <div class='ocr_carea' id='block_1_80' title="bbox 1789 2148 3374 2239">
    <p class='ocr_par' dir='ltr' id='par_1_80' title="bbox 1789 2148 3374 2239">
     <span class='ocr_line' id='line_1_80' title="bbox 1789 2148 3374 2239; baseline 0.017 -37"><span class='ocrx_word' id='word_1_654' title='bbox 1789 2158 1843 2203; x_wconf 89' lang='lat' dir='ltr'><strong>et</strong></span> <span class='ocrx_word' id='word_1_655' title='bbox 1871 2148 2149 2209; x_wconf 86' lang='lat' dir='ltr'><strong>literarum</strong></span> <span class='ocrx_word' id='word_1_656' title='bbox 2179 2155 2439 2223; x_wconf 89' lang='lat' dir='ltr'><strong>utilitate,</strong></span> <span class='ocrx_word' id='word_1_657' title='bbox 2471 2169 2525 2213; x_wconf 91' lang='lat' dir='ltr'><strong>et</strong></span> <span class='ocrx_word' id='word_1_658' title='bbox 2549 2159 2811 2217; x_wconf 85' lang='lat' dir='ltr'><strong>adventus</strong></span> <span class='ocrx_word' id='word_1_659' title='bbox 2843 2166 2924 2219; x_wconf 88' lang='lat' dir='ltr'><strong>sui</strong></span> <span class='ocrx_word' id='word_1_660' title='bbox 2951 2172 3374 2239; x_wconf 75' lang='lat' dir='ltr'><strong>exspectatione,</strong></span> 
     </span>
    </p>
   </div>
   <div class='ocr_carea' id='block_1_81' title="bbox 1790 2241 3373 2333">
    <p class='ocr_par' dir='ltr' id='par_1_81' title="bbox 1790 2241 3373 2333">
     <span class='ocr_line' id='line_1_81' title="bbox 1790 2241 3373 2333; baseline 0.017 -40"><span class='ocrx_word' id='word_1_661' title='bbox 1790 2241 1909 2297; x_wconf 92' lang='lat' dir='ltr'><strong>talis</strong></span> <span class='ocrx_word' id='word_1_662' title='bbox 1935 2244 2133 2314; x_wconf 82' lang='lat' dir='ltr'><strong>quippe</strong></span> <span class='ocrx_word' id='word_1_663' title='bbox 2157 2257 2272 2301; x_wconf 89' lang='lat' dir='ltr'><strong>erat</strong></span> <span class='ocrx_word' id='word_1_664' title='bbox 2303 2260 2488 2303; x_wconf 89' lang='lat' dir='ltr'><strong>sancta</strong></span> <span class='ocrx_word' id='word_1_665' title='bbox 2513 2252 2600 2307; x_wconf 90' lang='lat' dir='ltr'><strong>illa</strong></span> <span class='ocrx_word' id='word_1_666' title='bbox 2616 2256 2796 2309; x_wconf 89' lang='lat' dir='ltr'><strong>anima</strong></span> <span class='ocrx_word' id='word_1_667' title='bbox 2818 2274 2831 2311; x_wconf 91' lang='lat'><strong>:</strong></span> <span class='ocrx_word' id='word_1_668' title='bbox 2860 2267 3025 2313; x_wconf 91' lang='lat' dir='ltr'><strong>totum</strong></span> <span class='ocrx_word' id='word_1_669' title='bbox 3053 2265 3373 2333; x_wconf 80' lang='lat' dir='ltr'><strong>complecte-</strong></span> 
     </span>
    </p>
   </div>
   <div class='ocr_carea' id='block_1_82' title="bbox 1786 2333 3375 2427">
    <p class='ocr_par' dir='ltr' id='par_1_82' title="bbox 1786 2333 3375 2427">
     <span class='ocr_line' id='line_1_82' title="bbox 1786 2333 3375 2427; baseline 0.016 -39"><span class='ocrx_word' id='word_1_670' title='bbox 1786 2333 1945 2390; x_wconf 85' lang='lat' dir='ltr'><strong>batur</strong></span> <span class='ocrx_word' id='word_1_671' title='bbox 1968 2338 2178 2405; x_wconf 85' lang='lat' dir='ltr'><strong>orbem,</strong></span> <span class='ocrx_word' id='word_1_672' title='bbox 2203 2350 2259 2396; x_wconf 89' lang='lat' dir='ltr'><strong>et</strong></span> <span class='ocrx_word' id='word_1_673' title='bbox 2287 2356 2475 2400; x_wconf 88' lang='lat' dir='ltr'><strong>omnes</strong></span> <span class='ocrx_word' id='word_1_674' title='bbox 2506 2359 2686 2401; x_wconf 84' lang='lat' dir='ltr'><strong>secum</strong></span> <span class='ocrx_word' id='word_1_675' title='bbox 2715 2349 3150 2423; x_wconf 80' lang='lat' dir='ltr'><strong>circumferebat,</strong></span> <span class='ocrx_word' id='word_1_676' title='bbox 3179 2372 3375 2427; x_wconf 75' lang='lat' dir='ltr'><strong>cogna-</strong></span> 
     </span>
    </p>
   </div>
   <div class='ocr_carea' id='block_1_83' title="bbox 1786 2428 3371 2516">
    <p class='ocr_par' dir='ltr' id='par_1_83' title="bbox 1786 2428 3371 2516">
     <span class='ocr_line' id='line_1_83' title="bbox 1786 2428 3371 2516; baseline 0.019 -35"><span class='ocrx_word' id='word_1_677' title='bbox 1786 2428 1984 2484; x_wconf 91' lang='lat' dir='ltr'><strong>tionem</strong></span> <span class='ocrx_word' id='word_1_678' title='bbox 2028 2433 2315 2487; x_wconf 76' lang='lat' dir='ltr'><strong>maximam</strong></span> <span class='ocrx_word' id='word_1_679' title='bbox 2347 2435 2489 2491; x_wconf 88' lang='lat' dir='ltr'><strong>illam</strong></span> <span class='ocrx_word' id='word_1_680' title='bbox 2522 2453 2644 2494; x_wconf 88' lang='lat' dir='ltr'><strong>esse</strong></span> <span class='ocrx_word' id='word_1_681' title='bbox 2672 2451 2898 2509; x_wconf 87' lang='lat' dir='ltr'><strong>putans,</strong></span> <span class='ocrx_word' id='word_1_682' title='bbox 2929 2463 3049 2516; x_wconf 74' lang='lat' dir='ltr'><strong>qua:</strong></span> <span class='ocrx_word' id='word_1_683' title='bbox 3077 2453 3371 2510; x_wconf 83' lang='lat' dir='ltr'><strong>secundum</strong></span> 
     </span>
    </p>
   </div>
   <div class='ocr_carea' id='block_1_84' title="bbox 1786 2517 3372 2613">
    <p class='ocr_par' dir='ltr' id='par_1_84' title="bbox 1786 2517 3372 2613">
     <span class='ocr_line' id='line_1_84' title="bbox 1786 2517 3372 2613; baseline 0.018 -42"><span class='ocrx_word' id='word_1_684' title='bbox 1786 2517 1952 2573; x_wconf 87' lang='lat' dir='ltr'><strong>Deum</strong></span> <span class='ocrx_word' id='word_1_685' title='bbox 1980 2530 2063 2575; x_wconf 83' lang='lat' dir='ltr'><strong>est</strong></span> <span class='ocrx_word' id='word_1_686' title='bbox 2098 2538 2113 2576; x_wconf 86' lang='lat'><strong>:</strong></span> <span class='ocrx_word' id='word_1_687' title='bbox 2138 2533 2300 2592; x_wconf 85' lang='lat' dir='ltr'><strong>atque</strong></span> <span class='ocrx_word' id='word_1_688' title='bbox 2322 2525 2391 2580; x_wconf 89' lang='lat' dir='ltr'><strong>ita</strong></span> <span class='ocrx_word' id='word_1_689' title='bbox 2424 2526 2541 2582; x_wconf 91' lang='lat' dir='ltr'><strong>illos</strong></span> <span class='ocrx_word' id='word_1_690' title='bbox 2566 2546 2753 2585; x_wconf 87' lang='lat' dir='ltr'><strong>omnes</strong></span> <span class='ocrx_word' id='word_1_691' title='bbox 2778 2536 3012 2604; x_wconf 85' lang='lat' dir='ltr'><strong>amabat,</strong></span> <span class='ocrx_word' id='word_1_692' title='bbox 3041 2553 3104 2593; x_wconf 90' lang='lat' dir='ltr'><strong>ac</strong></span> <span class='ocrx_word' id='word_1_693' title='bbox 3127 2541 3172 2596; x_wconf 88' lang='lat' dir='ltr'><strong>si</strong></span> <span class='ocrx_word' id='word_1_694' title='bbox 3214 2557 3372 2613; x_wconf 84' lang='lat' dir='ltr'><strong>pepe-</strong></span> 
     </span>
    </p>
   </div>
   <div class='ocr_carea' id='block_1_85' title="bbox 1784 2610 3370 2705">
    <p class='ocr_par' dir='ltr' id='par_1_85' title="bbox 1784 2610 3370 2705">
     <span class='ocr_line' id='line_1_85' title="bbox 1784 2610 3370 2705; baseline 0.019 -43"><span class='ocrx_word' id='word_1_695' title='bbox 1784 2610 1960 2675; x_wconf 73' lang='lat' dir='ltr'><strong>risset,</strong></span> <span class='ocrx_word' id='word_1_696' title='bbox 1985 2613 2092 2667; x_wconf 91' lang='lat' dir='ltr'><strong>imo</strong></span> <span class='ocrx_word' id='word_1_697' title='bbox 2120 2616 2379 2684; x_wconf 88' lang='lat' dir='ltr'><strong>majorem</strong></span> <span class='ocrx_word' id='word_1_698' title='bbox 2411 2634 2520 2687; x_wconf 74' lang='lat' dir='ltr'><strong>pra:</strong></span> <span class='ocrx_word' id='word_1_699' title='bbox 2547 2635 2605 2676; x_wconf 89' lang='lat' dir='ltr'><strong>se</strong></span> <span class='ocrx_word' id='word_1_700' title='bbox 2634 2621 2863 2691; x_wconf 84' lang='lat' dir='ltr'><strong>ferebat,</strong></span> <span class='ocrx_word' id='word_1_701' title='bbox 2890 2643 3049 2697; x_wconf 90' lang='lat' dir='ltr'><strong>quam</strong></span> <span class='ocrx_word' id='word_1_702' title='bbox 3080 2633 3254 2702; x_wconf 90' lang='lat' dir='ltr'><strong>quivis</strong></span> <span class='ocrx_word' id='word_1_703' title='bbox 3283 2652 3370 2705; x_wconf 83' lang='lat' dir='ltr'><strong>pa-</strong></span> 
     </span>
    </p>
   </div>
   <div class='ocr_carea' id='block_1_86' title="bbox 1785 2702 3366 2791">
    <p class='ocr_par' dir='ltr' id='par_1_86' title="bbox 1785 2702 3366 2791">
     <span class='ocr_line' id='line_1_86' title="bbox 1785 2702 3366 2791; baseline 0.018 -37"><span class='ocrx_word' id='word_1_704' title='bbox 1785 2711 1886 2767; x_wconf 91' lang='lat' dir='ltr'><strong>ter,</strong></span> <span class='ocrx_word' id='word_1_705' title='bbox 1911 2702 2276 2761; x_wconf 89' lang='lat' dir='ltr'><strong>dilectionem.</strong></span> <span class='ocrx_word' id='word_1_706' title='bbox 2302 2707 2445 2763; x_wconf 89' lang='lat' dir='ltr'><strong>Talis</strong></span> <span class='ocrx_word' id='word_1_707' title='bbox 2469 2711 2609 2766; x_wconf 89' lang='lat' dir='ltr'><strong>enim</strong></span> <span class='ocrx_word' id='word_1_708' title='bbox 2636 2723 2718 2768; x_wconf 87' lang='lat' dir='ltr'><strong>est</strong></span> <span class='ocrx_word' id='word_1_709' title='bbox 2737 2718 2907 2784; x_wconf 85' lang='lat' dir='ltr'><strong>gratia</strong></span> <span class='ocrx_word' id='word_1_710' title='bbox 2940 2719 3213 2791; x_wconf 84' lang='lat' dir='ltr'><strong>Spiritus:</strong></span> <span class='ocrx_word' id='word_1_711' title='bbox 3244 2702 3366 2782; x_wconf 83' lang='lat' dir='ltr'><strong>car-</strong></span> 
     </span>
    </p>
   </div>
   <div class='ocr_carea' id='block_1_87' title="bbox 1784 2793 3363 2873">
    <p class='ocr_par' dir='ltr' id='par_1_87' title="bbox 1784 2793 3363 2873">
     <span class='ocr_line' id='line_1_87' title="bbox 1784 2793 3363 2873; baseline 0.019 -29"><span class='ocrx_word' id='word_1_712' title='bbox 1784 2793 1932 2847; x_wconf 89' lang='lat' dir='ltr'><strong>nales</strong></span> <span class='ocrx_word' id='word_1_713' title='bbox 1953 2805 2136 2864; x_wconf 87' lang='lat' dir='ltr'><strong>partns</strong></span> <span class='ocrx_word' id='word_1_714' title='bbox 2152 2810 2386 2866; x_wconf 86' lang='lat' dir='ltr'><strong>supcrat,</strong></span> <span class='ocrx_word' id='word_1_715' title='bbox 2409 2810 2462 2855; x_wconf 90' lang='lat' dir='ltr'><strong>et</strong></span> <span class='ocrx_word' id='word_1_716' title='bbox 2483 2803 2843 2862; x_wconf 85' lang='lat' dir='ltr'><strong>ardentiorem</strong></span> <span class='ocrx_word' id='word_1_717' title='bbox 2867 2810 3082 2868; x_wconf 74' lang='lat' dir='ltr'><strong>exhibet</strong></span> <span class='ocrx_word' id='word_1_718' title='bbox 3095 2815 3363 2873; x_wconf 70' lang='lat' dir='ltr'><strong>allectum.</strong></span> 
     </span>
    </p>
   </div>
   <div class='ocr_carea' id='block_1_88' title="bbox 1782 2883 3366 2977">
    <p class='ocr_par' dir='ltr' id='par_1_88' title="bbox 1782 2883 3366 2977">
     <span class='ocr_line' id='line_1_88' title="bbox 1782 2883 3366 2977; baseline 0.019 -39"><span class='ocrx_word' id='word_1_719' title='bbox 1782 2883 1839 2939; x_wconf 85' lang='lat' dir='ltr'><strong>Id</strong></span> <span class='ocrx_word' id='word_1_720' title='bbox 1869 2885 1923 2939; x_wconf 87' lang='lat' dir='ltr'><strong>in</strong></span> <span class='ocrx_word' id='word_1_721' title='bbox 1953 2886 2142 2955; x_wconf 88' lang='lat' dir='ltr'><strong>primis</strong></span> <span class='ocrx_word' id='word_1_722' title='bbox 2167 2890 2351 2945; x_wconf 86' lang='lat' dir='ltr'><strong>videre</strong></span> <span class='ocrx_word' id='word_1_723' title='bbox 2380 2894 2536 2947; x_wconf 87' lang='lat' dir='ltr'><strong>estin</strong></span> <span class='ocrx_word' id='word_1_724' title='bbox 2562 2896 2738 2950; x_wconf 89' lang='lat' dir='ltr'><strong>anima</strong></span> <span class='ocrx_word' id='word_1_725' title='bbox 2772 2900 2943 2969; x_wconf 83' lang='lat' dir='ltr'><strong>l’auli,</strong></span> <span class='ocrx_word' id='word_1_726' title='bbox 2970 2906 3060 2973; x_wconf 90' lang='lat' dir='ltr'><strong>qui</strong></span> <span class='ocrx_word' id='word_1_727' title='bbox 3091 2912 3242 2977; x_wconf 87' lang='lat' dir='ltr'><strong>quasi</strong></span> <span class='ocrx_word' id='word_1_728' title='bbox 3270 2928 3366 2968; x_wconf 83' lang='lat' dir='ltr'><strong>vo-</strong></span> 
     </span>
    </p>
   </div>
   <div class='ocr_carea' id='block_1_89' title="bbox 1778 2978 3362 3069">
    <p class='ocr_par' dir='ltr' id='par_1_89' title="bbox 1778 2978 3362 3069">
     <span class='ocr_line' id='line_1_89' title="bbox 1778 2978 3362 3069; baseline 0.017 -37"><span class='ocrx_word' id='word_1_729' title='bbox 1778 2978 1941 3033; x_wconf 87' lang='lat' dir='ltr'><strong>lucris</strong></span> <span class='ocrx_word' id='word_1_730' title='bbox 1980 2994 2046 3034; x_wconf 81' lang='lat' dir='ltr'><strong>ex</strong></span> <span class='ocrx_word' id='word_1_731' title='bbox 2072 2982 2295 3038; x_wconf 88' lang='lat' dir='ltr'><strong>caritate</strong></span> <span class='ocrx_word' id='word_1_732' title='bbox 2317 2982 2509 3051; x_wconf 80' lang='lat' dir='ltr'><strong>factus,</strong></span> <span class='ocrx_word' id='word_1_733' title='bbox 2542 3001 2731 3042; x_wconf 87' lang='lat' dir='ltr'><strong>onmes</strong></span> <span class='ocrx_word' id='word_1_734' title='bbox 2757 2989 3069 3063; x_wconf 81' lang='lat' dir='ltr'><strong>frequenter</strong></span> <span class='ocrx_word' id='word_1_735' title='bbox 3095 3000 3362 3069; x_wconf 89' lang='lat' dir='ltr'><strong>circumit,</strong></span> 
     </span>
    </p>
   </div>
   <div class='ocr_carea' id='block_1_90' title="bbox 1777 3077 3363 3161">
    <p class='ocr_par' dir='ltr' id='par_1_90' title="bbox 1777 3077 3363 3161">
     <span class='ocr_line' id='line_1_90' title="bbox 1777 3077 3363 3161; baseline 0.013 -36"><span class='ocrx_word' id='word_1_736' title='bbox 1777 3088 2037 3142; x_wconf 83' lang='lat' dir='ltr'><strong>nusquam</strong></span> <span class='ocrx_word' id='word_1_737' title='bbox 2068 3090 2289 3141; x_wconf 88' lang='lat' dir='ltr'><strong>manens</strong></span> <span class='ocrx_word' id='word_1_738' title='bbox 2320 3077 2399 3131; x_wconf 86' lang='lat' dir='ltr'><strong>vel</strong></span> <span class='ocrx_word' id='word_1_739' title='bbox 2430 3080 2753 3134; x_wconf 73' lang='lat' dir='ltr'><strong>consistens.</strong></span> <span class='ocrx_word' id='word_1_740' title='bbox 2780 3083 2911 3150; x_wconf 89' lang='lat' dir='ltr'><strong>Quia</strong></span> <span class='ocrx_word' id='word_1_741' title='bbox 2943 3089 3083 3142; x_wconf 88' lang='lat' dir='ltr'><strong>enim</strong></span> <span class='ocrx_word' id='word_1_742' title='bbox 3120 3092 3363 3161; x_wconf 79' lang='lat' dir='ltr'><strong>audierat</strong></span> 
     </span>
    </p>
   </div>
   <div class='ocr_carea' id='block_1_91' title="bbox 1774 3164 3359 3247">
    <p class='ocr_par' dir='ltr' id='par_1_91' title="bbox 1774 3164 3359 3247">
     <span class='ocr_line' id='line_1_91' title="bbox 1774 3164 3359 3247; baseline 0.015 -29"><span class='ocrx_word' id='word_1_743' title='bbox 1774 3164 1980 3219; x_wconf 80' lang='lat' dir='ltr'><strong>dixisse</strong></span> <span class='ocrx_word' id='word_1_744' title='bbox 2018 3166 2314 3235; x_wconf 88' lang='lat' dir='ltr'><strong>Christum,</strong></span> <span class='ocrx_word' id='word_1_745' title='bbox 2366 3168 2538 3236; x_wconf 85' lang='lat' dir='ltr'><strong>l’etre,</strong></span> <span class='ocrx_word' id='word_1_746' title='bbox 2568 3188 2709 3227; x_wconf 79' lang='lat' dir='ltr'><strong>anius</strong></span> <span class='ocrx_word' id='word_1_747' title='bbox 2739 3177 2850 3230; x_wconf 83' lang='lat' dir='ltr'><strong>me?</strong></span> <span class='ocrx_word' id='word_1_748' title='bbox 2896 3195 3045 3247; x_wconf 81' lang='lat' dir='ltr'><strong>pasce</strong></span> <span class='ocrx_word' id='word_1_749' title='bbox 3084 3198 3197 3240; x_wconf 82' lang='lat' dir='ltr'><strong>oves</strong></span> <span class='ocrx_word' id='word_1_750' title='bbox 3222 3203 3359 3242; x_wconf 80' lang='lat' dir='ltr'><strong>meus</strong></span> 
     </span>
    </p>
   </div>
   <div class='ocr_carea' id='block_1_92' title="bbox 1775 3258 3353 3335">
    <p class='ocr_par' dir='ltr' id='par_1_92' title="bbox 1775 3258 3353 3335">
     <span class='ocr_line' id='line_1_92' title="bbox 1775 3258 3353 3335; baseline 0.016 -26"><span class='ocrx_word' id='word_1_751' title='bbox 1775 3258 1955 3329; x_wconf 79' lang='lat' dir='ltr'><strong>(Jotm.</strong></span> <span class='ocrx_word' id='word_1_752' title='bbox 1984 3258 2073 3313; x_wconf 69' lang='grc' dir='ltr'><strong>Ἣ.</strong></span> <span class='ocrx_word' id='word_1_753' title='bbox 2097 3260 2208 3331; x_wconf 82' lang='grc'><strong>15),</strong></span> <span class='ocrx_word' id='word_1_754' title='bbox 2227 3271 2387 3331; x_wconf 86' lang='lat' dir='ltr'><strong>atque</strong></span> <span class='ocrx_word' id='word_1_755' title='bbox 2408 3262 2548 3318; x_wconf 90' lang='lat' dir='ltr'><strong>hunc</strong></span> <span class='ocrx_word' id='word_1_756' title='bbox 2567 3267 2797 3322; x_wconf 76' lang='lat' dir='ltr'><strong>maxime</strong></span> <span class='ocrx_word' id='word_1_757' title='bbox 2812 3272 3049 3330; x_wconf 85' lang='lat' dir='ltr'><strong>caritatis</strong></span> <span class='ocrx_word' id='word_1_758' title='bbox 3069 3280 3353 3335; x_wconf 84' lang='lat' dir='ltr'><strong>terminum</strong></span> 
     </span>
    </p>
   </div>
   <div class='ocr_carea' id='block_1_93' title="bbox 1774 3355 3359 3448">
    <p class='ocr_par' dir='ltr' id='par_1_93' title="bbox 1774 3355 3359 3448">
     <span class='ocr_line' id='line_1_93' title="bbox 1774 3355 3359 3448; baseline 0.017 -42"><span class='ocrx_word' id='word_1_759' title='bbox 1774 3355 2148 3422; x_wconf 85' lang='lat' dir='ltr'><strong>pronuntiasse</strong></span> <span class='ocrx_word' id='word_1_760' title='bbox 2169 3371 2327 3425; x_wconf 87' lang='lat' dir='ltr'><strong>supra</strong></span> <span class='ocrx_word' id='word_1_761' title='bbox 2358 3359 2573 3415; x_wconf 90' lang='lat' dir='ltr'><strong>modum</strong></span> <span class='ocrx_word' id='word_1_762' title='bbox 2597 3361 2879 3419; x_wconf 82' lang='lat' dir='ltr'><strong>exhibebat</strong></span> <span class='ocrx_word' id='word_1_763' title='bbox 2901 3367 3070 3424; x_wconf 92' lang='lat' dir='ltr'><strong>illum.</strong></span> <span class='ocrx_word' id='word_1_764' title='bbox 3094 3372 3243 3431; x_wconf 88' lang='lat' dir='ltr'><strong>llunc</strong></span> <span class='ocrx_word' id='word_1_765' title='bbox 3260 3377 3359 3448; x_wconf 63' lang='grc' dir='ltr'><strong>ἱεὶς</strong></span> 
     </span>
    </p>
   </div>
   <div class='ocr_carea' id='block_1_94' title="bbox 1772 3449 3357 3538">
    <p class='ocr_par' dir='ltr' id='par_1_94' title="bbox 1772 3449 3357 3538">
     <span class='ocr_line' id='line_1_94' title="bbox 1772 3449 3357 3538; baseline 0.012 -40"><span class='ocrx_word' id='word_1_766' title='bbox 1772 3453 1859 3499; x_wconf 89' lang='lat' dir='ltr'><strong>tur</strong></span> <span class='ocrx_word' id='word_1_767' title='bbox 1886 3455 1940 3500; x_wconf 89' lang='lat' dir='ltr'><strong>et</strong></span> <span class='ocrx_word' id='word_1_768' title='bbox 1966 3461 2064 3502; x_wconf 84' lang='lat' dir='ltr'><strong>nos</strong></span> <span class='ocrx_word' id='word_1_769' title='bbox 2104 3449 2419 3504; x_wconf 13' lang='lat' dir='ltr'><strong>aetrnulautes</strong></span> <span class='ocrx_word' id='word_1_770' title='bbox 2441 3490 2459 3515; x_wconf 96' lang='lat'><strong>,</strong></span> <span class='ocrx_word' id='word_1_771' title='bbox 2487 3452 2531 3506; x_wconf 88' lang='lat' dir='ltr'><strong>si</strong></span> <span class='ocrx_word' id='word_1_772' title='bbox 2563 3454 2739 3510; x_wconf 89' lang='lat' dir='ltr'><strong>minus</strong></span> <span class='ocrx_word' id='word_1_773' title='bbox 2781 3457 2964 3515; x_wconf 88' lang='lat' dir='ltr'><strong>orbem</strong></span> <span class='ocrx_word' id='word_1_774' title='bbox 2994 3474 3086 3518; x_wconf 86' lang='lat' dir='ltr'><strong>aut</strong></span> <span class='ocrx_word' id='word_1_775' title='bbox 3124 3466 3357 3538; x_wconf 75' lang='lat' dir='ltr'><strong>integras</strong></span> 
     </span>
    </p>
   </div>
   <div class='ocr_carea' id='block_1_95' title="bbox 1770 3538 3351 3627">
    <p class='ocr_par' dir='ltr' id='par_1_95' title="bbox 1770 3538 3351 3627">
     <span class='ocr_line' id='line_1_95' title="bbox 1770 3538 3351 3627; baseline 0.016 -38"><span class='ocrx_word' id='word_1_776' title='bbox 1770 3538 2013 3593; x_wconf 80' lang='lat' dir='ltr'><strong>civitates</strong></span> <span class='ocrx_word' id='word_1_777' title='bbox 2050 3539 2133 3593; x_wconf 79' lang='lat' dir='ltr'><strong>Vel</strong></span> <span class='ocrx_word' id='word_1_778' title='bbox 2174 3550 2382 3609; x_wconf 81' lang='lat' dir='ltr'><strong>gentes,</strong></span> <span class='ocrx_word' id='word_1_779' title='bbox 2405 3543 2594 3599; x_wconf 88' lang='lat' dir='ltr'><strong>saltem</strong></span> <span class='ocrx_word' id='word_1_780' title='bbox 2627 3548 2852 3617; x_wconf 86' lang='lat' dir='ltr'><strong>quisque</strong></span> <span class='ocrx_word' id='word_1_781' title='bbox 2901 3552 3119 3609; x_wconf 76' lang='lat' dir='ltr'><strong>domum</strong></span> <span class='ocrx_word' id='word_1_782' title='bbox 3176 3573 3351 3627; x_wconf 87' lang='lat' dir='ltr'><strong>suam,</strong></span> 
     </span>
    </p>
   </div>
   <div class='ocr_carea' id='block_1_96' title="bbox 1770 3628 3353 3716">
    <p class='ocr_par' dir='ltr' id='par_1_96' title="bbox 1770 3628 3353 3716">
     <span class='ocr_line' id='line_1_96' title="bbox 1770 3628 3353 3716; baseline 0.018 -35"><span class='ocrx_word' id='word_1_783' title='bbox 1770 3644 2012 3692; x_wconf 75' lang='lat' dir='ltr'><strong>nitorem,</strong></span> <span class='ocrx_word' id='word_1_784' title='bbox 2036 3628 2173 3686; x_wconf 77' lang='lat' dir='ltr'><strong>filios</strong></span> <span class='ocrx_word' id='word_1_785' title='bbox 2192 3672 2208 3695; x_wconf 94' lang='lat'><strong>,</strong></span> <span class='ocrx_word' id='word_1_786' title='bbox 2254 3634 2479 3700; x_wconf 88' lang='lat' dir='ltr'><strong>amicos,</strong></span> <span class='ocrx_word' id='word_1_787' title='bbox 2512 3637 2714 3693; x_wconf 84' lang='lat' dir='ltr'><strong>vicinos</strong></span> <span class='ocrx_word' id='word_1_788' title='bbox 2741 3650 2886 3696; x_wconf 86' lang='lat' dir='ltr'><strong>recte</strong></span> <span class='ocrx_word' id='word_1_789' title='bbox 2912 3658 3215 3716; x_wconf 80' lang='lat' dir='ltr'><strong>componat.</strong></span> <span class='ocrx_word' id='word_1_790' title='bbox 3250 3656 3353 3709; x_wconf 79' lang='lat' dir='ltr'><strong>Nec</strong></span> 
     </span>
    </p>
   </div>
   <div class='ocr_carea' id='block_1_97' title="bbox 1769 3721 3350 3802">
    <p class='ocr_par' dir='ltr' id='par_1_97' title="bbox 1769 3721 3350 3802">
     <span class='ocr_line' id='line_1_97' title="bbox 1769 3721 3350 3802; baseline 0.016 -27"><span class='ocrx_word' id='word_1_791' title='bbox 1769 3721 1897 3775; x_wconf 88' lang='lat' dir='ltr'><strong>mihi</strong></span> <span class='ocrx_word' id='word_1_792' title='bbox 1928 3722 2189 3792; x_wconf 88' lang='lat' dir='ltr'><strong>quispiam</strong></span> <span class='ocrx_word' id='word_1_793' title='bbox 2232 3724 2444 3792; x_wconf 85' lang='lat' dir='ltr'><strong>dixerit,</strong></span> <span class='ocrx_word' id='word_1_794' title='bbox 2471 3727 2751 3798; x_wconf 65' lang='lat' dir='ltr'><strong>imperitus</strong></span> <span class='ocrx_word' id='word_1_795' title='bbox 2773 3749 2890 3790; x_wconf 90' lang='lat' dir='ltr'><strong>sum</strong></span> <span class='ocrx_word' id='word_1_796' title='bbox 2920 3744 2969 3791; x_wconf 66' lang='lat' dir='ltr'><strong>et</strong></span> <span class='ocrx_word' id='word_1_797' title='bbox 3004 3741 3170 3798; x_wconf 87' lang='lat' dir='ltr'><strong>rudis.</strong></span> <span class='ocrx_word' id='word_1_798' title='bbox 3210 3744 3350 3802; x_wconf 83' lang='lat' dir='ltr'><strong>Nihil</strong></span> 
     </span>
    </p>
   </div>
   <div class='ocr_carea' id='block_1_98' title="bbox 1769 3814 3354 3909">
    <p class='ocr_par' dir='ltr' id='par_1_98' title="bbox 1769 3814 3354 3909">
     <span class='ocr_line' id='line_1_98' title="bbox 1769 3814 3354 3909; baseline 0.018 -42"><span class='ocrx_word' id='word_1_799' title='bbox 1769 3814 2034 3870; x_wconf 80' lang='lat' dir='ltr'><strong>indoctius</strong></span> <span class='ocrx_word' id='word_1_800' title='bbox 2077 3816 2265 3884; x_wconf 86' lang='lat' dir='ltr'><strong>Petro,</strong></span> <span class='ocrx_word' id='word_1_801' title='bbox 2321 3819 2452 3874; x_wconf 88' lang='lat' dir='ltr'><strong>nihil</strong></span> <span class='ocrx_word' id='word_1_802' title='bbox 2500 3821 2800 3891; x_wconf 86' lang='lat' dir='ltr'><strong>imperitius</strong></span> <span class='ocrx_word' id='word_1_803' title='bbox 2840 3828 3024 3886; x_wconf 85' lang='lat' dir='ltr'><strong>Paulo.</strong></span> <span class='ocrx_word' id='word_1_804' title='bbox 3058 3835 3191 3893; x_wconf 90' lang='lat' dir='ltr'><strong>lllud</strong></span> <span class='ocrx_word' id='word_1_805' title='bbox 3238 3839 3354 3909; x_wconf 87' lang='lat' dir='ltr'><strong>ipse</strong></span> 
     </span>
    </p>
   </div>
   <div class='ocr_carea' id='block_1_99' title="bbox 1766 3906 3351 3996">
    <p class='ocr_par' dir='ltr' id='par_1_99' title="bbox 1766 3906 3351 3996">
     <span class='ocr_line' id='line_1_99' title="bbox 1766 3906 3351 3996; baseline 0.017 -38"><span class='ocrx_word' id='word_1_806' title='bbox 1766 3921 1977 3975; x_wconf 87' lang='lat' dir='ltr'><strong>quoque</strong></span> <span class='ocrx_word' id='word_1_807' title='bbox 1993 3906 2207 3975; x_wconf 81' lang='lat' dir='ltr'><strong>fatetur,</strong></span> <span class='ocrx_word' id='word_1_808' title='bbox 2230 3925 2328 3965; x_wconf 89' lang='lat' dir='ltr'><strong>nec</strong></span> <span class='ocrx_word' id='word_1_809' title='bbox 2342 3911 2501 3979; x_wconf 90' lang='lat' dir='ltr'><strong>pudet</strong></span> <span class='ocrx_word' id='word_1_810' title='bbox 2529 3915 2677 3968; x_wconf 90' lang='lat' dir='ltr'><strong>illum</strong></span> <span class='ocrx_word' id='word_1_811' title='bbox 2701 3917 2878 3974; x_wconf 87' lang='lat' dir='ltr'><strong>dicere</strong></span> <span class='ocrx_word' id='word_1_812' title='bbox 2906 3939 2920 3972; x_wconf 86' lang='lat'><strong>:</strong></span> <span class='ocrx_word' id='word_1_813' title='bbox 2950 3921 3063 3975; x_wconf 77' lang='grc' dir='ltr'><strong>1ιίδί</strong></span> <span class='ocrx_word' id='word_1_814' title='bbox 3089 3906 3351 3996; x_wconf 72' lang='lat' dir='ltr'><strong>imperitus</strong></span> 
     </span>
    </p>
   </div>
   <div class='ocr_carea' id='block_1_100' title="bbox 1765 4001 3347 4084">
    <p class='ocr_par' dir='ltr' id='par_1_100' title="bbox 1765 4001 3347 4084">
     <span class='ocr_line' id='line_1_100' title="bbox 1765 4001 3347 4084; baseline 0.02 -35"><span class='ocrx_word' id='word_1_815' title='bbox 1765 4014 1880 4050; x_wconf 85' lang='lat' dir='ltr'><strong>sunt</strong></span> <span class='ocrx_word' id='word_1_816' title='bbox 1899 4015 2143 4066; x_wconf 86' lang='lat' dir='ltr'><strong>sermone,</strong></span> <span class='ocrx_word' id='word_1_817' title='bbox 2163 4001 2250 4055; x_wconf 84' lang='lat' dir='ltr'><strong>sed</strong></span> <span class='ocrx_word' id='word_1_818' title='bbox 2282 4019 2381 4056; x_wconf 87' lang='lat' dir='ltr'><strong>non</strong></span> <span class='ocrx_word' id='word_1_819' title='bbox 2402 4005 2609 4059; x_wconf 84' lang='lat' dir='ltr'><strong>scientia</strong></span> <span class='ocrx_word' id='word_1_820' title='bbox 2626 4008 2702 4079; x_wconf 72' lang='grc'><strong>(2.</strong></span> <span class='ocrx_word' id='word_1_821' title='bbox 2729 4008 2847 4066; x_wconf 79' lang='lat' dir='ltr'><strong>Cor.</strong></span> <span class='ocrx_word' id='word_1_822' title='bbox 2875 4014 2961 4068; x_wconf 90' lang='grc'><strong>11.</strong></span> <span class='ocrx_word' id='word_1_823' title='bbox 2989 4017 3065 4084; x_wconf 82' lang='lat' dir='ltr'><strong>li).</strong></span> <span class='ocrx_word' id='word_1_824' title='bbox 3098 4021 3347 4080; x_wconf 83' lang='lat' dir='ltr'><strong>Attamen</strong></span> 
     </span>
    </p>
   </div>
   <div class='ocr_carea' id='block_1_101' title="bbox 1769 4091 3346 4184">
    <p class='ocr_par' dir='ltr' id='par_1_101' title="bbox 1769 4091 3346 4184">
     <span class='ocr_line' id='line_1_101' title="bbox 1769 4091 3346 4184; baseline 0.017 -40"><span class='ocrx_word' id='word_1_825' title='bbox 1769 4091 2047 4161; x_wconf 84' lang='lat' dir='ltr'><strong>imperitus</strong></span> <span class='ocrx_word' id='word_1_826' title='bbox 2075 4094 2180 4159; x_wconf 89' lang='lat' dir='ltr'><strong>hic,</strong></span> <span class='ocrx_word' id='word_1_827' title='bbox 2209 4096 2452 4151; x_wconf 90' lang='lat' dir='ltr'><strong>indoctus</strong></span> <span class='ocrx_word' id='word_1_828' title='bbox 2475 4100 2580 4164; x_wconf 90' lang='lat' dir='ltr'><strong>ille,</strong></span> <span class='ocrx_word' id='word_1_829' title='bbox 2616 4116 2901 4161; x_wconf 76' lang='lat' dir='ltr'><strong>sexcentos</strong></span> <span class='ocrx_word' id='word_1_830' title='bbox 2926 4109 3346 4184; x_wconf 83' lang='lat' dir='ltr'><strong>viceruutphilo-</strong></span> 
     </span>
    </p>
   </div>
   <div class='ocr_carea' id='block_1_102' title="bbox 1766 4185 3348 4274">
    <p class='ocr_par' dir='ltr' id='par_1_102' title="bbox 1766 4185 3348 4274">
     <span class='ocr_line' id='line_1_102' title="bbox 1766 4185 3348 4274; baseline 0.018 -37"><span class='ocrx_word' id='word_1_831' title='bbox 1766 4185 1966 4251; x_wconf 87' lang='lat' dir='ltr'><strong>sophos</strong></span> <span class='ocrx_word' id='word_1_832' title='bbox 1988 4226 2003 4250; x_wconf 93' lang='lat'><strong>,</strong></span> <span class='ocrx_word' id='word_1_833' title='bbox 2037 4185 2348 4242; x_wconf 84' lang='lat' dir='ltr'><strong>innumeros</strong></span> <span class='ocrx_word' id='word_1_834' title='bbox 2376 4188 2621 4249; x_wconf 86' lang='lat' dir='ltr'><strong>rhetores</strong></span> <span class='ocrx_word' id='word_1_835' title='bbox 2660 4193 2726 4248; x_wconf 90' lang='lat' dir='ltr'><strong>ad</strong></span> <span class='ocrx_word' id='word_1_836' title='bbox 2755 4196 3025 4257; x_wconf 78' lang='lat' dir='ltr'><strong>silentium</strong></span> <span class='ocrx_word' id='word_1_837' title='bbox 3071 4208 3348 4274; x_wconf 81' lang='lat' dir='ltr'><strong>compule-</strong></span> 
     </span>
    </p>
   </div>
   <div class='ocr_carea' id='block_1_103' title="bbox 1767 4278 3349 4369">
    <p class='ocr_par' dir='ltr' id='par_1_103' title="bbox 1767 4278 3349 4369">
     <span class='ocr_line' id='line_1_103' title="bbox 1767 4278 3349 4369; baseline 0.015 -40"><span class='ocrx_word' id='word_1_838' title='bbox 1767 4284 1910 4341; x_wconf 86' lang='lat' dir='ltr'><strong>runt,</strong></span> <span class='ocrx_word' id='word_1_839' title='bbox 1943 4290 2041 4331; x_wconf 90' lang='lat' dir='ltr'><strong>suo</strong></span> <span class='ocrx_word' id='word_1_840' title='bbox 2057 4278 2236 4333; x_wconf 84' lang='lat' dir='ltr'><strong>studio</strong></span> <span class='ocrx_word' id='word_1_841' title='bbox 2256 4291 2309 4334; x_wconf 87' lang='lat' dir='ltr'><strong>et</strong></span> <span class='ocrx_word' id='word_1_842' title='bbox 2327 4280 2415 4334; x_wconf 88' lang='lat' dir='ltr'><strong>Dei</strong></span> <span class='ocrx_word' id='word_1_843' title='bbox 2433 4283 2599 4350; x_wconf 86' lang='lat' dir='ltr'><strong>gratia</strong></span> <span class='ocrx_word' id='word_1_844' title='bbox 2626 4294 2791 4340; x_wconf 85' lang='lat' dir='ltr'><strong>totum</strong></span> <span class='ocrx_word' id='word_1_845' title='bbox 2817 4303 3151 4361; x_wconf 80' lang='lat' dir='ltr'><strong>peragentes.</strong></span> <span class='ocrx_word' id='word_1_846' title='bbox 3180 4299 3349 4369; x_wconf 88' lang='lat' dir='ltr'><strong>Quam</strong></span> 
     </span>
    </p>
   </div>
   <div class='ocr_carea' id='block_1_104' title="bbox 1765 4376 3348 4465">
    <p class='ocr_par' dir='ltr' id='par_1_104' title="bbox 1765 4376 3348 4465">
     <span class='ocr_line' id='line_1_104' title="bbox 1765 4376 3348 4465; baseline 0.019 -43"><span class='ocrx_word' id='word_1_847' title='bbox 1765 4385 1893 4438; x_wconf 78' lang='lat' dir='ltr'><strong>ergo</strong></span> <span class='ocrx_word' id='word_1_848' title='bbox 1939 4385 2037 4425; x_wconf 89' lang='lat' dir='ltr'><strong>nos</strong></span> <span class='ocrx_word' id='word_1_849' title='bbox 2068 4376 2467 4431; x_wconf 82' lang='lat' dir='ltr'><strong>excusationem</strong></span> <span class='ocrx_word' id='word_1_850' title='bbox 2520 4377 2873 4450; x_wconf 84' lang='lat' dir='ltr'><strong>habebimus,</strong></span> <span class='ocrx_word' id='word_1_851' title='bbox 2915 4388 3007 4456; x_wconf 89' lang='lat' dir='ltr'><strong>qui</strong></span> <span class='ocrx_word' id='word_1_852' title='bbox 3053 4406 3120 4445; x_wconf 90' lang='lat' dir='ltr'><strong>ue</strong></span> <span class='ocrx_word' id='word_1_853' title='bbox 3164 4394 3348 4465; x_wconf 80' lang='lat' dir='ltr'><strong>viginti</strong></span> 
     </span>
    </p>
   </div>
   <div class='ocr_carea' id='block_1_105' title="bbox 1764 4462 3349 4544">
    <p class='ocr_par' dir='ltr' id='par_1_105' title="bbox 1764 4462 3349 4544">
     <span class='ocr_line' id='line_1_105' title="bbox 1764 4462 3349 4544; baseline 0.02 -32"><span class='ocrx_word' id='word_1_854' title='bbox 1764 4462 1978 4529; x_wconf 90' lang='lat' dir='ltr'><strong>quidem</strong></span> <span class='ocrx_word' id='word_1_855' title='bbox 2000 4465 2305 4521; x_wconf 87' lang='lat' dir='ltr'><strong>nominibus</strong></span> <span class='ocrx_word' id='word_1_856' title='bbox 2332 4483 2427 4523; x_wconf 87' lang='lat' dir='ltr'><strong>seu</strong></span> <span class='ocrx_word' id='word_1_857' title='bbox 2460 4474 2702 4538; x_wconf 79' lang='lat' dir='ltr'><strong>personis</strong></span> <span class='ocrx_word' id='word_1_858' title='bbox 2731 4474 3058 4544; x_wconf 73' lang='lat' dir='ltr'><strong>sufﬁcimus.</strong></span> <span class='ocrx_word' id='word_1_859' title='bbox 3093 4498 3195 4540; x_wconf 84' lang='lat' dir='ltr'><strong>nec</strong></span> <span class='ocrx_word' id='word_1_860' title='bbox 3220 4462 3349 4542; x_wconf 64' lang='lat' dir='ltr'><strong>cono</strong></span> 
     </span>
    </p>
   </div>
   <div class='ocr_carea' id='block_1_106' title="bbox 1767 4554 3350 4635">
    <p class='ocr_par' dir='ltr' id='par_1_106' title="bbox 1767 4554 3350 4635">
     <span class='ocr_line' id='line_1_106' title="bbox 1767 4554 3350 4635; baseline 0.019 -30"><span class='ocrx_word' id='word_1_861' title='bbox 1767 4554 2129 4612; x_wconf 87' lang='lat' dir='ltr'><strong>tnhcrnalibus</strong></span> <span class='ocrx_word' id='word_1_862' title='bbox 2162 4559 2322 4615; x_wconf 87' lang='lat' dir='ltr'><strong>utiles</strong></span> <span class='ocrx_word' id='word_1_863' title='bbox 2343 4564 2565 4619; x_wconf 86' lang='lat' dir='ltr'><strong>sumus?</strong></span> <span class='ocrx_word' id='word_1_864' title='bbox 2591 4564 2852 4622; x_wconf 72' lang='lat' dir='ltr'><strong>Obteutus</strong></span> <span class='ocrx_word' id='word_1_865' title='bbox 2874 4569 2987 4624; x_wconf 79' lang='lat' dir='ltr'><strong>haec</strong></span> <span class='ocrx_word' id='word_1_866' title='bbox 3010 4582 3135 4630; x_wconf 80' lang='lat' dir='ltr'><strong>sunt</strong></span> <span class='ocrx_word' id='word_1_867' title='bbox 3151 4585 3208 4631; x_wconf 91' lang='lat' dir='ltr'><strong>et</strong></span> <span class='ocrx_word' id='word_1_868' title='bbox 3236 4577 3350 4635; x_wconf 83' lang='lat' dir='ltr'><strong>ina-</strong></span> 
     </span>
    </p>
   </div>
   <div class='ocr_carea' id='block_1_107' title="bbox 1767 4649 3345 4739">
    <p class='ocr_par' dir='ltr' id='par_1_107' title="bbox 1767 4649 3345 4739">
     <span class='ocr_line' id='line_1_107' title="bbox 1767 4649 3345 4739; baseline 0.016 -40"><span class='ocrx_word' id='word_1_869' title='bbox 1767 4660 1862 4699; x_wconf 88' lang='lat' dir='ltr'><strong>nes</strong></span> <span class='ocrx_word' id='word_1_870' title='bbox 1895 4649 2270 4705; x_wconf 77' lang='lat' dir='ltr'><strong>excusationes</strong></span> <span class='ocrx_word' id='word_1_871' title='bbox 2303 4669 2317 4705; x_wconf 90' lang='lat'><strong>:</strong></span> <span class='ocrx_word' id='word_1_872' title='bbox 2359 4668 2531 4723; x_wconf 89' lang='lat' dir='ltr'><strong>neque</strong></span> <span class='ocrx_word' id='word_1_873' title='bbox 2559 4657 2700 4709; x_wconf 79' lang='lat' dir='ltr'><strong>enim</strong></span> <span class='ocrx_word' id='word_1_874' title='bbox 2743 4659 3035 4728; x_wconf 81' lang='lat' dir='ltr'><strong>ignorantia</strong></span> <span class='ocrx_word' id='word_1_875' title='bbox 3082 4675 3136 4721; x_wconf 89' lang='lat' dir='ltr'><strong>et</strong></span> <span class='ocrx_word' id='word_1_876' title='bbox 3174 4668 3345 4739; x_wconf 82' lang='lat' dir='ltr'><strong>impe-</strong></span> 
     </span>
    </p>
   </div>
   <div class='ocr_carea' id='block_1_108' title="bbox 1766 4739 3344 4819">
    <p class='ocr_par' dir='ltr' id='par_1_108' title="bbox 1766 4739 3344 4819">
     <span class='ocr_line' id='line_1_108' title="bbox 1766 4739 3344 4819; baseline 0.017 -30"><span class='ocrx_word' id='word_1_877' title='bbox 1766 4739 1883 4793; x_wconf 91' lang='lat' dir='ltr'><strong>ritia</strong></span> <span class='ocrx_word' id='word_1_878' title='bbox 1899 4740 2197 4796; x_wconf 90' lang='lat' dir='ltr'><strong>doctrinam</strong></span> <span class='ocrx_word' id='word_1_879' title='bbox 2222 4744 2537 4814; x_wconf 89' lang='lat' dir='ltr'><strong>impediunt,</strong></span> <span class='ocrx_word' id='word_1_880' title='bbox 2557 4748 2649 4803; x_wconf 81' lang='lat' dir='ltr'><strong>sed</strong></span> <span class='ocrx_word' id='word_1_881' title='bbox 2672 4749 2879 4819; x_wconf 85' lang='lat' dir='ltr'><strong>ignavia</strong></span> <span class='ocrx_word' id='word_1_882' title='bbox 2897 4763 2950 4809; x_wconf 85' lang='lat' dir='ltr'><strong>et</strong></span> <span class='ocrx_word' id='word_1_883' title='bbox 2965 4758 3344 4816; x_wconf 73' lang='lat' dir='ltr'><strong>somnolentis.</strong></span> 
     </span>
    </p>
   </div>
   <div class='ocr_carea' id='block_1_109' title="bbox 1768 4833 3347 4922">
    <p class='ocr_par' dir='ltr' id='par_1_109' title="bbox 1768 4833 3347 4922">
     <span class='ocr_line' id='line_1_109' title="bbox 1768 4833 3347 4922; baseline 0.015 -37"><span class='ocrx_word' id='word_1_884' title='bbox 1768 4833 1878 4888; x_wconf 85' lang='lat' dir='ltr'><strong>ch</strong></span> <span class='ocrx_word' id='word_1_885' title='bbox 1905 4834 2066 4905; x_wconf 80' lang='lat' dir='ltr'><strong>igitur</strong></span> <span class='ocrx_word' id='word_1_886' title='bbox 2099 4851 2327 4893; x_wconf 85' lang='lat' dir='ltr'><strong>excusso</strong></span> <span class='ocrx_word' id='word_1_887' title='bbox 2353 4854 2565 4907; x_wconf 88' lang='lat' dir='ltr'><strong>somno,</strong></span> <span class='ocrx_word' id='word_1_888' title='bbox 2606 4857 2727 4896; x_wconf 91' lang='lat' dir='ltr'><strong>cum</strong></span> <span class='ocrx_word' id='word_1_889' title='bbox 2761 4845 2903 4899; x_wconf 82' lang='lat' dir='ltr'><strong>ouuii</strong></span> <span class='ocrx_word' id='word_1_890' title='bbox 2929 4848 3107 4903; x_wconf 87' lang='lat' dir='ltr'><strong>studio</strong></span> <span class='ocrx_word' id='word_1_891' title='bbox 3135 4855 3347 4922; x_wconf 86' lang='lat' dir='ltr'><strong>propria</strong></span> 
     </span>
    </p>
   </div>
   <div class='ocr_carea' id='block_1_110' title="bbox 1768 4926 3343 5016">
    <p class='ocr_par' dir='ltr' id='par_1_110' title="bbox 1768 4926 3343 5016">
     <span class='ocr_line' id='line_1_110' title="bbox 1768 4926 3343 5016; baseline 0.013 -39"><span class='ocrx_word' id='word_1_892' title='bbox 1768 4926 2004 4981; x_wconf 85' lang='lat' dir='ltr'><strong>membra</strong></span> <span class='ocrx_word' id='word_1_893' title='bbox 2030 4944 2299 4994; x_wconf 89' lang='lat' dir='ltr'><strong>curemus,</strong></span> <span class='ocrx_word' id='word_1_894' title='bbox 2346 4941 2403 4986; x_wconf 92' lang='lat' dir='ltr'><strong>ut</strong></span> <span class='ocrx_word' id='word_1_895' title='bbox 2433 4942 2487 4986; x_wconf 90' lang='lat' dir='ltr'><strong>et</strong></span> <span class='ocrx_word' id='word_1_896' title='bbox 2519 4933 2603 4989; x_wconf 88' lang='lat' dir='ltr'><strong>hic</strong></span> <span class='ocrx_word' id='word_1_897' title='bbox 2631 4936 2797 4989; x_wconf 89' lang='lat' dir='ltr'><strong>multa</strong></span> <span class='ocrx_word' id='word_1_898' title='bbox 2827 4936 3063 4994; x_wconf 89' lang='lat' dir='ltr'><strong>fruamur</strong></span> <span class='ocrx_word' id='word_1_899' title='bbox 3092 4948 3343 5016; x_wconf 87' lang='lat' dir='ltr'><strong>tranquil-</strong></span> 
     </span>
    </p>
   </div>
   <div class='ocr_carea' id='block_1_111' title="bbox 1766 5016 3345 5093">
    <p class='ocr_par' dir='ltr' id='par_1_111' title="bbox 1766 5016 3345 5093">
     <span class='ocr_line' id='line_1_111' title="bbox 1766 5016 3345 5093; baseline 0.016 -25"><span class='ocrx_word' id='word_1_900' title='bbox 1766 5016 1930 5082; x_wconf 86' lang='lat' dir='ltr'><strong>litate,</strong></span> <span class='ocrx_word' id='word_1_901' title='bbox 1974 5018 2100 5074; x_wconf 89' lang='lat' dir='ltr'><strong>dutn</strong></span> <span class='ocrx_word' id='word_1_902' title='bbox 2128 5022 2419 5077; x_wconf 86' lang='lat' dir='ltr'><strong>secundum</strong></span> <span class='ocrx_word' id='word_1_903' title='bbox 2454 5024 2697 5080; x_wconf 87' lang='lat' dir='ltr'><strong>timorem</strong></span> <span class='ocrx_word' id='word_1_904' title='bbox 2744 5027 2840 5081; x_wconf 86' lang='lat' dir='ltr'><strong>Dei</strong></span> <span class='ocrx_word' id='word_1_905' title='bbox 2866 5034 3203 5090; x_wconf 83' lang='lat' dir='ltr'><strong>necessarios</strong></span> <span class='ocrx_word' id='word_1_906' title='bbox 3247 5053 3345 5093; x_wconf 84' lang='lat' dir='ltr'><strong>n0-</strong></span> 
     </span>
    </p>
   </div>
   <div class='ocr_carea' id='block_1_112' title="bbox 1764 5110 3347 5192">
    <p class='ocr_par' dir='ltr' id='par_1_112' title="bbox 1764 5110 3347 5192">
     <span class='ocr_line' id='line_1_112' title="bbox 1764 5110 3347 5192; baseline 0.015 -33"><span class='ocrx_word' id='word_1_907' title='bbox 1764 5115 1907 5162; x_wconf 87' lang='lat' dir='ltr'><strong>stros</strong></span> <span class='ocrx_word' id='word_1_908' title='bbox 1936 5110 2295 5177; x_wconf 88' lang='lat' dir='ltr'><strong>instituemus,</strong></span> <span class='ocrx_word' id='word_1_909' title='bbox 2331 5123 2385 5167; x_wconf 87' lang='lat' dir='ltr'><strong>et</strong></span> <span class='ocrx_word' id='word_1_910' title='bbox 2412 5114 2519 5168; x_wconf 91' lang='lat' dir='ltr'><strong>illic</strong></span> <span class='ocrx_word' id='word_1_911' title='bbox 2547 5115 2826 5172; x_wconf 87' lang='lat' dir='ltr'><strong>iutmmcra</strong></span> <span class='ocrx_word' id='word_1_912' title='bbox 2842 5134 3234 5192; x_wconf 79' lang='lat' dir='ltr'><strong>consequamur</strong></span> <span class='ocrx_word' id='word_1_913' title='bbox 3254 5129 3347 5185; x_wconf 81' lang='lat' dir='ltr'><strong>bo-</strong></span> 
     </span>
    </p>
   </div>
   <div class='ocr_carea' id='block_1_113' title="bbox 1767 5201 3339 5288">
    <p class='ocr_par' dir='ltr' id='par_1_113' title="bbox 1767 5201 3339 5288">
     <span class='ocr_line' id='line_1_113' title="bbox 1767 5201 3339 5288; baseline 0.016 -38"><span class='ocrx_word' id='word_1_914' title='bbox 1767 5214 1858 5263; x_wconf 86' lang='lat' dir='ltr'><strong>na,</strong></span> <span class='ocrx_word' id='word_1_915' title='bbox 1888 5201 2054 5269; x_wconf 84' lang='lat' dir='ltr'><strong>gratia</strong></span> <span class='ocrx_word' id='word_1_916' title='bbox 2078 5213 2131 5255; x_wconf 89' lang='lat' dir='ltr'><strong>et</strong></span> <span class='ocrx_word' id='word_1_917' title='bbox 2160 5203 2486 5273; x_wconf 84' lang='lat' dir='ltr'><strong>benignitate</strong></span> <span class='ocrx_word' id='word_1_918' title='bbox 2508 5206 2716 5261; x_wconf 86' lang='lat' dir='ltr'><strong>Domini</strong></span> <span class='ocrx_word' id='word_1_919' title='bbox 2750 5212 2919 5265; x_wconf 76' lang='lat' dir='ltr'><strong>nostri</strong></span> <span class='ocrx_word' id='word_1_920' title='bbox 2947 5212 3075 5269; x_wconf 79' lang='lat' dir='ltr'><strong>Jcsu</strong></span> <span class='ocrx_word' id='word_1_921' title='bbox 3118 5218 3339 5288; x_wconf 77' lang='lat' dir='ltr'><strong>Christi,</strong></span> 
     </span>
    </p>
   </div>
   <div class='ocr_carea' id='block_1_114' title="bbox 1763 5298 3342 5379">
    <p class='ocr_par' dir='ltr' id='par_1_114' title="bbox 1763 5298 3342 5379">
     <span class='ocr_line' id='line_1_114' title="bbox 1763 5298 3342 5379; baseline 0.02 -37"><span class='ocrx_word' id='word_1_922' title='bbox 1763 5305 1859 5359; x_wconf 89' lang='lat' dir='ltr'><strong>per</strong></span> <span class='ocrx_word' id='word_1_923' title='bbox 1883 5308 2040 5361; x_wconf 88' lang='lat' dir='ltr'><strong>quem</strong></span> <span class='ocrx_word' id='word_1_924' title='bbox 2070 5304 2121 5349; x_wconf 89' lang='lat' dir='ltr'><strong>el</strong></span> <span class='ocrx_word' id='word_1_925' title='bbox 2152 5312 2273 5349; x_wconf 87' lang='lat' dir='ltr'><strong>cmn</strong></span> <span class='ocrx_word' id='word_1_926' title='bbox 2301 5312 2407 5365; x_wconf 85' lang='lat' dir='ltr'><strong>quo</strong></span> <span class='ocrx_word' id='word_1_927' title='bbox 2435 5298 2580 5353; x_wconf 78' lang='lat' dir='ltr'><strong>Patri</strong></span> <span class='ocrx_word' id='word_1_928' title='bbox 2616 5300 2818 5370; x_wconf 77' lang='lat' dir='ltr'><strong>gloria,</strong></span> <span class='ocrx_word' id='word_1_929' title='bbox 2850 5304 3118 5379; x_wconf 80' lang='lat' dir='ltr'><strong>simulque</strong></span> <span class='ocrx_word' id='word_1_930' title='bbox 3156 5323 3342 5372; x_wconf 75' lang='lat' dir='ltr'><strong>sancta</strong></span> 
     </span>
    </p>
   </div>
   <div class='ocr_carea' id='block_1_115' title="bbox 1764 5381 3337 5466">
    <p class='ocr_par' dir='ltr' id='par_1_115' title="bbox 1764 5381 3337 5466">
     <span class='ocr_line' id='line_1_115' title="bbox 1764 5381 3337 5466; baseline 0.02 -32"><span class='ocrx_word' id='word_1_931' title='bbox 1764 5381 2008 5451; x_wconf 85' lang='lat' dir='ltr'><strong>Spiritui,</strong></span> <span class='ocrx_word' id='word_1_932' title='bbox 2040 5401 2180 5440; x_wconf 88' lang='lat' dir='ltr'><strong>nunc</strong></span> <span class='ocrx_word' id='word_1_933' title='bbox 2205 5395 2260 5441; x_wconf 84' lang='lat' dir='ltr'><strong>et</strong></span> <span class='ocrx_word' id='word_1_934' title='bbox 2299 5401 2532 5461; x_wconf 76' lang='lat' dir='ltr'><strong>semper,</strong></span> <span class='ocrx_word' id='word_1_935' title='bbox 2585 5400 2641 5446; x_wconf 88' lang='lat' dir='ltr'><strong>et</strong></span> <span class='ocrx_word' id='word_1_936' title='bbox 2694 5393 2747 5447; x_wconf 89' lang='lat' dir='ltr'><strong>in</strong></span> <span class='ocrx_word' id='word_1_937' title='bbox 2776 5397 2969 5453; x_wconf 69' lang='lat' dir='ltr'><strong>smcula</strong></span> <span class='ocrx_word' id='word_1_938' title='bbox 2999 5403 3337 5466; x_wconf 70' lang='lat' dir='ltr'><strong>sa-culorum.</strong></span> 
     </span>
    </p>
   </div>
   <div class='ocr_carea' id='block_1_116' title="bbox 1763 5476 1957 5531">
    <p class='ocr_par' dir='ltr' id='par_1_116' title="bbox 1763 5476 1957 5531">
     <span class='ocr_line' id='line_1_116' title="bbox 1763 5476 1957 5531; baseline 0.026 -7"><span class='ocrx_word' id='word_1_939' title='bbox 1763 5476 1957 5531; x_wconf 82' lang='lat' dir='ltr'><strong>Amen.</strong></span> 
     </span>
    </p>
   </div>
  </div>
