3950 6470
532 356 637 417 395

1317 342 1377 401 S.
1416 336 1691 398 JOANNIS
1721 327 2197 391 'CllBYSOS’l'OSll
2244 327 2559 385 ARCHIEP.
2600 327 3137 387 CONS'I‘AN'NNOP.

3705 326 3803 385 396

541 460 3761 509 __________________________________._________

1890 535 2239 603 HOMILIA
2281 536 2306 596 1
2342 532 2451 619 (a).

535 723 666 777 CAP.
684 723 705 776 1
722 761 736 775 .
754 717 951 772 Paulus
970 728 1139 769 servus
1153 709 1185 763 J
1192 724 1278 762 esu
1292 704 1501 768 Christi,
1524 708 1730 754 vocatus
1746 692 2027 766 apostolus,
2044 702 2121 743 se-

613 821 845 886 gregatus
877 810 929 861 in
958 801 1269 874 evangelium
1291 797 1409 863 Dei,
1444 795 1499 849 2.
1527 791 1662 864 quod
1686 800 1803 844 ante
1826 786 2124 860 promiserat

612 883 703 975 per
728 900 999 969 prophetas
1022 910 1141 949 suos
1164 894 1218 947 in
1245 886 1525 959 Scripturis
1551 883 1759 938 sanctis.

611 973 666 1052 1.
716 994 927 1065 Moyses
970 988 1125 1043 libris
1172 985 1408 1054 quinque
1446 995 1475 1034 a
1515 994 1574 1033 se
1612 973 1825 1045 scriptis
1863 981 2122 1038 nusquam

540 1102 735 1144 nomen
766 1059 920 1138 suum
952 1077 1239 1150 apposuit,
1282 1087 1454 1143 neque
1484 1070 1560 1124 illi
1591 1068 1679 1138 qui
1710 1080 1798 1120 res
1829 1071 1948 1132 post
1978 1059 2123 1114 illum

542 1187 721 1250 gestas
774 1173 1105 1242 scripserunt
1145 1183 1159 1220 :
1204 1164 1299 1220 sed
1357 1175 1529 1231 neque
1577 1155 1893 1216 Matthmus,
1954 1163 2127 1219 neque

540 1271 774 1325 Joannes
800 1308 815 1332 ,
848 1279 956 1319 non
986 1261 1227 1325 Marcus,
1259 1271 1367 1310 non
1398 1254 1586 1307 Lucas.
1620 1250 1689 1303 At
1717 1246 1904 1301 beatus
1932 1241 2126 1296 Paulus

543 1361 791 1417 omnibus
811 1354 1050 1428 epistolis
1070 1351 1181 1406 suis
1202 1361 1399 1404 nomen
1428 1357 1583 1398 suum
1604 1337 1897 1411 prmmittit.
1917 1330 2128 1401 Quare?

546 1454 681 1524 Quia
712 1452 787 1505 illi
817 1426 1175 1520 pricsentibus
1202 1437 1526 1502 scribebant,
1558 1442 1612 1487 et
1642 1428 1828 1485 inutile
1859 1426 2045 1479 fuisset
2070 1435 2130 1475 se

542 1552 835 1619 praesentes
864 1538 1174 1600 declarare;
1202 1533 1291 1587 hic
1315 1543 1442 1584 vero
1469 1523 1651 1596 procul
1680 1521 1861 1576 literas
1890 1512 2131 1570 mittebat

544 1638 783 1711 cpistola:
830 1634 998 1689 forma
1029 1646 1043 1684 :
1071 1633 1397 1701 quapropter
1424 1616 1725 1675 necessaria
1756 1619 1872 1668 erat
1898 1607 2132 1664 nominis

544 1700 765 1791 additio.
788 1729 844 1785 Si
864 1734 1040 1784 autem
1064 1723 1115 1776 in
1138 1715 1376 1790 Epistola
1394 1713 1459 1769 ad
1480 1710 1733 1767 Hebraeos
1754 1706 1804 1760 iu
1822 1718 1928 1759 non
1952 1700 2129 1765 faciat,

548 1822 838 1896 prudenter
866 1827 920 1873 et
948 1811 1176 1871 consilio
1202 1806 1346 1863 facit.
1392 1802 1526 1871 Quia
1567 1799 1710 1857 enim
1751 1807 1975 1867 perosus
2020 1797 2135 1845 erat

546 1882 677 1987 ipsis
701 1931 716 1968 :
741 1926 808 1967 ne
831 1925 860 1963 a
885 1903 1169 1979 principio,
1192 1898 1374 1955 audito
1400 1893 1638 1957 nomine,
1667 1885 1901 1945 sermoni
1924 1882 2132 1937 aditum

547 1977 915 2067 occludereot,
966 1997 1058 2052 illo
1104 2003 1422 2063 suppresso,
1478 1984 1551 2039 uti
1600 1998 1660 2038 se
1703 1977 1971 2040 audirent,
2016 1982 2135 2027 arte

549 2098 785 2172 pellexit.
828 2092 884 2149 Si
924 2104 1054 2145 vero
1096 2083 1371 2157 pr0phetzc
1412 2087 1467 2134 et
1503 2076 1754 2133 Salomon
1786 2068 2000 2126 nomina
2041 2078 2136 2120 sua

550 2157 868 2261 imposuere,
890 2181 1045 2237 vobis
1073 2171 1463 2246 exquirendum
1494 2166 1765 2236 relinquo,
1795 2176 1893 2217 cur
1917 2157 2005 2212 alii
2037 2169 2136 2209 no-

550 2298 675 2338 men
717 2273 1093 2348 apposuerint,
1133 2266 1222 2322 alii
1266 2277 1457 2319 secus:
1483 2272 1655 2329 neque
1680 2254 1823 2311 enim
1860 2263 1996 2321 opus
2024 2256 2136 2314 est,

550 2386 605 2431 nt
634 2371 811 2429 omnia
841 2384 871 2422 a
900 2381 985 2422 me
1016 2359 1296 2422 ediscatis;
1328 2354 1423 2410 sed
1456 2347 1810 2407 laborandum
1837 2353 1892 2399 et
1919 2339 2136 2412 perqui-

554 2466 781 2521 rendum
807 2458 959 2516 vobis
986 2466 1069 2512 est
1093 2496 1109 2521 ,
1153 2462 1211 2507 ut
1239 2465 1305 2505 ne
1346 2446 1623 2518 segniores
1650 2438 1909 2497 evadatis.
1942 2433 2141 2487 Paulus

552 2574 722 2614 servus
745 2554 871 2608 Jesu
896 2546 1103 2608 Christi.
1138 2545 1247 2600 Cur
1277 2555 1469 2596 nomen
1496 2536 1611 2606 ejus
1638 2528 1935 2588 immutavit
1968 2526 2138 2590 Deus,

554 2660 609 2706 et
657 2648 876 2703 Saulnm
909 2638 1116 2695 vocavit
1155 2630 1420 2689 Paulum?
1464 2626 1542 2682 Ne
1584 2625 1684 2679 hac
1722 2618 1963 2676 etiamin
1993 2624 2143 2686 parte

556 2737 814 2811 apostolis
862 2730 1080 2788 inferior
1121 2726 1438 2786 haberetur;
1484 2715 1579 2774 sed
1624 2724 1682 2769 ut
1725 2713 1953 2782 idipsum
2004 2721 2142 2778 pra:-

559 2804 813 2905 rogativae
858 2826 1118 2886 haberet,
1165 2817 1308 2890 quod
1358 2811 1742 2883 discipulorum
1790 2804 2144 2877 coryphtcus,

566 2901 796 2993 hincque
818 2919 1015 2975 arctius
1034 2912 1197 2970 canui
1214 2911 1547 2982 iungeretur.
1569 2901 1766 2959 Christi
1786 2913 1914 2954 vero
1933 2908 2145 2951 servum

562 3035 622 3076 se
650 3034 754 3074 non
782 3016 897 3070 sine
922 3024 1082 3067 causa
1102 3007 1237 3062 dixit
1261 3021 1274 3059 :
1301 3001 1452 3058 multi
1481 3012 1709 3068 namque
1732 2999 1856 3050 sunt
1879 2987 2149 3046 servitutis

565 3111 708 3167 modi
744 3107 924 3164 :alins
968 3100 1258 3159 secundum
1304 3095 1669 3157 creationem,
1719 3087 1788 3142 tle
1834 3101 1940 3157 quo
1981 3082 2145 3138 dicit:

570 3206 754 3262 Omnia
779 3201 999 3257 serviunt
1025 3196 1112 3251 tibi
1145 3191 1315 3261 (Psal.
1344 3188 1466 3244 118.
1495 3186 1624 3255 91);
1662 3184 1927 3251 itemque,
1962 3177 2151 3232 Servus

571 3315 707 3353 meus
730 3291 1201 3350 Nabuchodonosor
1220 3280 1274 3355 (.l
1281 3298 1354 3336 er.
1377 3280 1467 3335 25.
1490 3276 1584 3348 9);
1613 3289 1749 3345 Opus
1773 3283 2004 3341 namque
2032 3267 2151 3336 opi-

572 3391 656 3447 ﬁci
686 3401 897 3444 servum
943 3391 1047 3439 est.
1074 3380 1224 3435 Alius
1252 3373 1442 3429 modus
1480 3379 1563 3425 est
1588 3384 1617 3422 a
1650 3365 1753 3421 lide
1772 3406 1788 3432 ,
1814 3363 1883 3419 de
1910 3376 2011 3433 qua
2040 3360 2150 3413 ait:

572 3482 749 3538 Gratia
776 3486 943 3532 autem
981 3472 1088 3527 Deo
1107 3511 1122 3536 ,
1153 3468 1272 3540 quia
1310 3461 1441 3519 servi
1467 3460 1621 3515 eratis
1648 3463 1853 3528 peccato
1872 3493 1888 3518 ,
1918 3449 2156 3507 obedistis

572 3583 741 3628 autem
769 3586 830 3625 ex
848 3566 1020 3632 corde,
1044 3552 1098 3617 in
1126 3575 1277 3632 quam
1307 3554 1480 3611 traditi
1501 3552 1621 3607 estis
1647 3549 1891 3603 doctrina:
1913 3545 2153 3614 formam,

576 3678 620 3723 et
646 3663 844 3721 liberati
872 3676 905 3714 a
941 3664 1169 3729 peccato,
1200 3650 1326 3706 servi
1354 3647 1478 3720 facti
1507 3644 1625 3699 estis
1653 3639 1868 3711 justitiaz
1897 3635 2070 3710 (Rom.
2100 3633 2154 3687 6.

577 3756 689 3831 17).
723 3755 871 3810 Alius
900 3766 930 3806 a
958 3750 1075 3805 vita:
1107 3745 1370 3807 instituto,
1399 3738 1467 3793 de
1495 3749 1603 3807 quo
1631 3734 1705 3788 ait
1728 3750 1741 3787 :
1766 3729 1969 3801 Moyses
1989 3740 2160 3781 servus

576 3815 716 3904 metus
754 3853 980 3899 mortuus
1020 3847 1092 3893 est
1139 3833 1273 3907 (los.
1322 3832 1373 3885 1.
1404 3829 1461 3901 2)
1495 3836 1855 3897 :quamquam
1897 3827 1952 3874 et
1990 3815 2159 3872 Judaei

578 3956 767 4000 omnes
794 3938 934 3993 servi
966 3938 1153 3996 erant;
1185 3925 1278 3982 sed
1305 3924 1516 3993 Moyses
1545 3919 1596 3974 in
1624 3915 1811 3990 primis
1835 3929 1902 3969 ex
1928 3912 2048 3966 vine
2075 3912 2161 3963 in-

580 4036 769 4090 stituto
811 4022 1147 4099 Splendebat.
1176 4016 1436 4085 Quoniam
1484 4010 1643 4082 igitur
1680 4006 1875 4069 Paulus
1916 4001 2164 4059 omnibus

582 4121 851 4182 servitutis
875 4116 1048 4172 modis
1075 4123 1264 4167 servus
1291 4113 1407 4162 erat
1429 4146 1445 4171 ,
1476 4100 1747 4172 dignitatis
1773 4095 2020 4151 maxima:
2046 4092 2166 4147 loco

583 4216 733 4289 ponit
759 4210 908 4276 illud,
940 4207 1127 4263 Servus
1150 4203 1276 4256 Jesu
1299 4195 1487 4254 Christi
1511 4209 1529 4248 :
1550 4202 1605 4248 et
1627 4185 2044 4260 dispensationis
2070 4198 2168 4237 no-

583 4278 728 4368 mina
746 4302 1010 4368 obtendit,
1028 4298 1096 4353 ab
1111 4291 1450 4351 interioribus
1468 4286 1533 4342 ad
1555 4284 1828 4355 superiora
1845 4278 2164 4335 ascendens.

584 4405 790 4461 Nomen
838 4397 1034 4469 quippe
1075 4391 1201 4446 Jesu
1246 4387 1424 4442 ferens
1459 4379 1679 4451 angelus
1710 4375 1854 4432 venit
1894 4373 1962 4428 de
1999 4371 2166 4435 cadis,

590 4492 804 4569 quando
832 4461 1108 4545 ille-natus
1135 4487 1218 4536 est
1245 4477 1313 4533 de
1346 4474 1594 4544 Virgine;
1625 4468 1870 4525 Christus
1895 4473 2074 4520 autem
2103 4461 2172 4516 ab

592 4556 845 4647 unctione
872 4578 1090 4640 dicitur,
1115 4571 1259 4644 quod
1289 4568 1452 4624 etiam
1474 4565 1652 4620 carnis
1676 4570 1813 4618 erat.
1842 4560 1910 4615 Et
1935 4571 2062 4628 quo,
2094 4556 2173 4610 in.

590 4687 766 4757 quies,
795 4677 916 4733 oleo
944 4679 1135 4725 unctus
1164 4663 1282 4722 est?
1310 4661 1443 4717 Oleo
1470 4657 1682 4729 quidem
1710 4668 1816 4709 non
1847 4660 2037 4706 unctus
2067 4656 2170 4715 est,

596 4744 686 4835 (ea
715 4744 916 4843 Spiritu
941 4784 956 4822 :
979 4764 1117 4820 solet
1143 4767 1321 4815 autem
1351 4753 1622 4822 Scriptura
1654 4744 1957 4818 huiusmodi
1988 4749 2149 4797 uncto

604 4833 789 4925 vocare
833 4859 1087 4917 christos.
1134 4852 1190 4907 In
1235 4847 1485 4904 unctione
1527 4843 1758 4915 quippe,
1803 4836 1948 4910 quod
1992 4833 2152 4906 prmci

607 4973 782 5021 \uum,
809 4952 1040 5023 Spiritus
1068 4952 1187 5008 est;
1218 4940 1339 4996 ideo
1366 4947 1420 4993 et
1444 4936 1618 4991 oleum
1643 4930 1950 4987 assumitur.
1979 4927 2047 4982 Et
2065 4926 2183 4981 ubi-

596 5071 721 5111 nam
751 5018 981 5105 ehristos
1003 5046 1162 5097 vocat
1184 5050 1298 5099 eos,
1325 5030 1415 5102 qui
1441 5043 1546 5084 non
1572 5034 1696 5081 sunt
1720 5023 1841 5080 oleo
1867 5020 2054 5077 uncti?
2080 5018 2180 5075 Ubi

598 5147 747 5208 dicit,
773 5139 941 5194 Nolite
966 5145 1171 5203 tangere
1194 5126 1407 5181 christos
1433 5136 1590 5185 meos,
1620 5127 1665 5172 et
1693 5116 1748 5172 in
1774 5113 2032 5187 prophetis
2059 5110 2182 5164 meis

604 5204 762 5292 nolite
778 5225 1042 5297 malignari
1070 5219 1240 5293 (Psal.
1265 5215 1386 5272 104.
1411 5209 1523 5281 15).
1546 5209 1698 5265 Tunc
1714 5208 1856 5264 enim
1879 5204 2055 5259 nullus
2069 5210 2185 5257 erat

603 5328 672 5382 ad
688 5294 988 5379 unctionem
1007 5312 1107 5369 olei
1122 5316 1432 5381 apparatus.
1454 5301 1673 5358 Vocatus
1686 5298 1963 5370 apostolus.
1979 5294 2186 5365 Ubique

605 5436 668 5479 se
690 5424 936 5471 vocatum
967 5404 1232 5479 appellat,
1263 5409 1470 5471 gratum
1499 5396 1736 5451 animum
1763 5391 2024 5448 exhibens
2043 5432 2059 5456 ,
2107 5390 2188 5443 in-

607 5513 904 5577 dicansque
929 5517 989 5557 se
1019 5513 1125 5553 non
1156 5500 1479 5566 qumrentem
1505 5486 1795 5550 invenisse,
1823 5482 1915 5539 sed
1941 5490 2187 5537 vocatum

609 5601 932 5663 obedivisse.
962 5589 1175 5649 Fideles
1201 5599 1332 5641 vero
1354 5583 1433 5638 sic
1458 5580 1709 5650 appellat,
1740 5587 1939 5631 vocatos
1965 5582 2187 5629 sanctos.

674 5694 748 5760 (α)
772 5687 1237 5760 Savttiusttomittas
1264 5687 1412 5760 bene
1438 5670 2187 5760 terribit-t_6392~iliett'ltntﬁ2;

609 5732 1376 5830 na‘iii’iécii'iii't";tii"fi¥&2.3iii
1391 5745 1596 5858 Ἂιιλίας.
1622 5732 1945 5807 Bene'autem
1967 5732 2194 5787 Hominis

614 5820 968 5858 .mrihnnmr-
1005 5820 1060 5858 ιιι
1083 5819 1137 5858 ει
1160 5817 1355 5858 casteria
1376 5823 1400 5858 a
1459 5808 1699 5858 populum
1726 5805 2006 5854 conciones.

614 5802 973 5877 ἷιῖξῖἶίὗῖιιῖιιιιξ
1005 5820 1060 5865 ut
1083 5802 1355 5865 πρόιθι-ω
1376 5802 1437 5859 ad
1459 5808 1699 5870 populum
1726 5802 2006 5854 conciones.

2229 681 2308 736 llli
2341 698 2569 754 namque
2614 684 2681 739 ad
2724 684 2885 739 tidem
2928 682 3102 738 vocati
3144 691 3299 745 sunt;
3350 680 3473 735 huic
3509 693 3643 734 vero
3675 678 3804 732 aliud

2229 776 2617 841 concreditum,
2640 777 2970 847 apostolatus
2992 792 3204 844 nempe,
3229 791 3318 830 res
3344 773 3646 828 innumeris
3666 779 3807 841 plena

2228 867 2419 933 bonis,
2467 868 2607 923 dona
2654 869 2831 922 omnia
2886 882 3145 937 superans
3193 867 3389 935 illaque
3430 863 3805 933 complectens.

2230 960 2432 1030 Ecquid
2454 969 2538 1015 est
2558 961 2695 1016 ultra
2718 960 3025 1025 dicendum,
3050 959 3149 1013 nisi
3174 958 3313 1029 quod
3331 973 3414 1023 ea,
3437 972 3562 1027 qua:
3584 955 3811 1009 Christus

2231 1054 2452 1109 veniens
2483 1054 2639 1119 fecit,
2681 1053 2989 1124 demigrans
3021 1052 3127 1106 illis
3156 1051 3459 1106 commisit?
3490 1050 3546 1104 Id
3578 1058 3660 1104 est
3681 1050 3810 1118 quod

2230 1146 2390 1201 etiam
2447 1146 2642 1200 Paulus
2689 1145 2927 1199 clamans
2975 1154 3030 1199 et
3084 1144 3448 1214 apostolorum
3500 1141 3803 1211 dignitatem

2231 1239 2497 1295 extollens
2522 1239 2689 1294 dicit:
2716 1237 2822 1292 Pro
2848 1238 3048 1292 Christo
3084 1238 3333 1307 legatione
3371 1235 3653 1305 fungimur,
3680 1235 3813 1303 quasi

2232 1331 2345 1386 Deo
2374 1333 2672 1386 exhortante
2700 1348 2788 1401 per
2824 1348 2916 1384 nos
2944 1330 3022 1400 (2.
3057 1329 3176 1383 Cor.
3209 1330 3261 1385 5.
3292 1328 3425 1395 20);
3474 1328 3527 1381 id
3566 1334 3674 1391 est,
3706 1327 3813 1379 vice

2232 1425 2453 1481 Christi.
2488 1424 2794 1495 Segregatns
2818 1430 2869 1477 in
2893 1423 3205 1495 evangelium
3226 1422 3341 1476 Dei.
3356 1419 3814 1490 Quemadmodum

2234 1519 2288 1574 in
2318 1518 2479 1573 domo
2505 1516 2570 1572 ad
2601 1516 2815 1572 diversa
2830 1532 3009 1588 .opera
3042 1516 3232 1585 singuli
3262 1514 3523 1585 segregati
3552 1522 3681 1567 sunt
3708 1531 3721 1564 :
3749 1513 3817 1566 sic

2236 1611 2290 1667 in
2333 1611 2569 1667 Ecclesia
2600 1610 2813 1665 diversa
2841 1619 2964 1664 sunt
3005 1608 3285 1663 diSIributa
3317 1607 3639 1663 ministeria.
3674 1605 3818 1659 Vide-

2236 1715 2326 1761 tur
2352 1719 2513 1774 porro
2540 1703 2665 1758 mihi
2696 1703 2781 1757 hic
2808 1718 2912 1757 non
2941 1702 3111 1772 ipsam
3140 1710 3339 1756 sortem
3368 1699 3661 1770 signiﬁmri
3687 1740 3703 1763 ,
3733 1696 3818 1751 sed

2232 1798 2340 1869 jam
2365 1798 2493 1852 olim
2522 1798 2694 1866 ipsum
2721 1795 2787 1850 ad
2815 1795 2916 1850 hoc
2944 1794 3255 1864 deputatum
3288 1792 3449 1846 fuisse
3476 1791 3648 1846 inniti.
3674 1789 3817 1857 Qﬂt'd

2237 1892 2397 1945 etiam
2440 1888 2700 1945 Jercmias
2740 1889 2816 1941 ait
2858 1887 2925 1941 de
2971 1901 3030 1941 se
3069 1885 3270 1940 dixisse
3312 1884 3521 1939 Deum:
3548 1882 3820 1949 Αηιιιφιηηι

2238 1982 2403 2037 exires
2429 1980 2491 2034 de
2514 1980 2661 2034 vulva
2683 2021 2695 2041 ,
2729 1977 3045 2046 sanctiﬁcari
3072 1987 3148 2039 te,
3182 1976 3479 2047 prophetam
3516 1974 3572 2026 in
3603 1972 3821 2042 gentibus

2241 2076 2387 2145 posui
2407 2082 2453 2125 te
2474 2071 2609 2142 (Jer.
2636 2072 2687 2125 1.
2718 2070 2796 2139 5).
2815 2069 2946 2137 Quia
2970 2068 3113 2123 enim
3139 2066 3208 2121 ad
3234 2074 3575 2136 arrogantem
3605 2073 3665 2117 et
3700 2064 3821 2114 fastu

2243 2166 2454 2237 plenam
2488 2164 2673 2217 urbem
2705 2161 3008 2225 scribebat,
3057 2158 3140 2214 his
3179 2157 3427 2213 omnibus
3468 2155 3712 2211 ostendit
3740 2155 3820 2208 Dei

2241 2276 2360 2316 esse
2387 2258 2777 2313 ordinationem
2803 2273 2816 2309 :
2841 2254 3039 2310 etenim
3085 2253 3199 2323 ipse
3237 2250 3487 2316 vocavit,
3518 2257 3574 2303 et
3605 2248 3725 2318 ipse
3750 2262 3823 2300 se-

2244 2352 2502 2424 gregavit.
2534 2350 2646 2404 Hoc
2666 2357 2841 2403 autem
2866 2345 3010 2409 facit,
3033 2354 3088 2398 ut
3109 2343 3213 2398 ﬁde
3232 2342 3447 2411 dignam
3474 2348 3530 2395 et
3555 2346 3821 2408 acceptam

2244 2445 2433 2501 reddat
2474 2443 2777 2513 epistolam.
2811 2439 2877 2493 In
2903 2436 3219 2509 evangelium
3250 2434 3366 2488 Dei.
3394 2433 3510 2488 Non
3540 2448 3679 2501 ergo
3704 2431 3821 2485 Mat-

2244 2537 2415 2593 thzeus
2440 2544 2643 2590 tantum
2673 2542 2726 2587 et
2755 2532 2966 2587 Marcus
2993 2538 3119 2585 sunt
3146 2527 3485 2597 evangelista:
3506 2568 3521 2590 ,
3569 2534 3631 2579 ut
3667 2539 3824 2593 neque

2248 2630 2334 2686 hic
2359 2629 2503 2684 solus
2530 2636 2610 2682 est
2638 2626 2931 2697 apostolus,
2960 2621 3055 2678 sed
3085 2622 3243 2676 etiam
3274 2619 3379 2685 illi;
3407 2620 3505 2674 etsi
3539 2634 3637 2688 per
3668 2618 3826 2672 excel-

2248 2722 2466 2780 lentiam
2489 2721 2576 2776 hic
2595 2719 2894 2791 apostolus,
2914 2717 2989 2772 illi
3008 2715 3346 2784 evangelista:
3364 2724 3650 2767 Vocentur.
3673 2713 3826 2765 Evan-

2252 2815 2447 2889 gelium
2477 2829 2606 2869 vero
2633 2814 2804 2883 ipsum
2827 2817 2986 2865 vocat
3014 2823 3119 2863 non
3149 2806 3219 2862 ob
3238 2806 3348 2876 jam
3379 2805 3523 2860 illata
3556 2803 3699 2858 bona
3726 2813 3826 2856 tau-

2251 2917 2385 2973 tum,
2411 2906 2507 2962 sed
2536 2905 2697 2962 etiam
2726 2904 2795 2958 ob
2820 2902 3017 2957 futura.
3043 2898 3323 2969 Quomodo
3348 2911 3526 2952 autem
3554 2895 3725 2950 Deum
3748 2908 3828 2963 per

2252 3002 2425 3074 ipsum
2452 2997 2805 3069 evangelizari
2832 2996 2942 3050 ait?
2968 3010 3088 3049 nam
3110 2993 3259 3058 dicit,
3281 2991 3594 3062 Segregatus
3620 2990 3672 3042 in
3696 3004 3829 3043 eran-

2253 3096 2440 3169 gelium
2476 3091 2796 3148 Dei:Pater
2836 3090 2979 3145 enim
3019 3096 3145 3142 ante
3186 3084 3459 3154 evnngelia
3505 3091 3673 3136 notus
3708 3088 3827 3134 erat.

2257 3188 2453 3244 Verum
2478 3186 2578 3243 etsi
2606 3192 2766 3241 notus
2793 3190 2928 3248 erat,
2957 3179 3157 3237 Judazis
3183 3186 3409 3241 tantum,
3433 3187 3488 3230 et
3512 3190 3587 3231 ne
3618 3174 3699 3229 his
3725 3173 3829 3243 qui-

2255 3281 2378 3337 dem
2404 3279 2671 3341 omnibus,
2704 3286 2763 3332 ut
2790 3290 2885 3346 par
2907 3273 3096 3329 fuisset
3121 3289 3135 3326 :
3160 3285 3333 3341 neque
3356 3269 3501 3325 enim
3528 3268 3706 3340 ipsum
3727 3280 3829 3320 esse

2257 3374 2469 3429 Patrem
2500 3370 2762 3435 sciebant,
2794 3377 2851 3423 et
2875 3366 3039 3421 multa
3065 3363 3155 3418 illo
3184 3361 3397 3431 indigna
3426 3369 3556 3414 tunc
3589 3358 3831 3427 imagina-

2260 3467 2475 3523 bantur.
2498 3464 2624 3522 Ideo
2646 3462 2857 3519 dicebat
2871 3459 3145 3516 Christus:
3168 3453 3381 3509 Venient
3400 3452 3504 3504 veri
3518 3450 3831 3507 adoratorcs;

2261 3568 2352 3626 et,
2398 3558 2556 3613 Pater
2599 3556 2726 3610 tales
2766 3553 2943 3624 quierit
2982 3550 3061 3605 sui
3103 3547 3399 3601 adoratores
3430 3541 3617 3615 (Joan.
3652 3541 3701 3595 1.
3729 3539 3829 3608 23).

2262 3654 2486 3708 Demum
2518 3656 2696 3703 autem
2741 3647 2855 3716 ipse
2884 3659 3005 3700 cum
3036 3640 3173 3697 Filio
3201 3638 3317 3693 orbi
3346 3636 3443 3690 toti
3476 3634 3830 3690 manifestatur:

2264 3754 2367 3800 cst.
2397 3742 2548 3812 Quod
2588 3738 2953 3811 pra‘nuntians
2975 3733 3247 3795 Christus,
3280 3728 3532 3784 dicebat:
3563 3726 3633 3781 Ut
3663 3742 3828 3796 cognoo

2264 3845 2407 3891 scant
2448 3845 2494 3888 te
2528 3831 2691 3887 solum
2732 3844 2903 3883 verum
2948 3825 3130 3891 Deum,
3173 3833 3218 3877 et
3260 3837 3407 3892 quem
3445 3818 3631 3872 misisti
3677 3815 3831 3868 Iesum

2266 3926 2522 3983 Christum
2569 3921 2681 3995 (Id.
2713 3922 2800 3975 17.
2828 3918 2906 3990 5).
2957 3914 3301 3986 Evangelium
3339 3923 3515 3965 autem
3554 3909 3651 3963 Dei
3679 3914 3829 3963 vocat.

2268 4020 2336 4074 ab
2385 4015 2612 4072 exordio
2657 4013 2871 4083 erigens
2918 4008 3235 4064 auditorem.
3284 4002 3470 4073 Neque
3512 4002 3663 4056 enim
3710 3997 3831 4051 venit

2271 4110 2421 4165 triste
2450 4106 2719 4178 quidpiam
2748 4101 3113 4161 nuntiaturus,
3155 4104 3215 4151 ut
3243 4092 3541 4165 prophetzc,
3573 4088 3826 4150 convicia,

2270 4202 2637 4258 accusationes
2663 4240 2678 4262 ,
2725 4193 3144 4265 increpationes;
3178 4188 3271 4244 sed
3302 4185 3583 4256 evangelia
3616 4193 3669 4239 et
3695 4197 3831 4237 evan-

2273 4293 2414 4365 gelia
2448 4291 2576 4356 Dei,
2623 4290 2894 4343 ltrmorum
2924 4293 2979 4339 et
3006 4279 3411 4338 immutabilium
3443 4278 3705 4331 honorum
3732 4272 3827 4325 the-

2273 4401 2463 4444 sauros
2480 4383 2737 4438 inﬁnitos.
2762 4380 2818 4435 2.
2842 4376 2993 4444 Quod
3016 4386 3134 4429 ante
3159 4375 3460 4444 promiserat
3482 4386 3574 4440 per
3592 4366 3831 4437 prophetas

2274 4495 2391 4533 suos
2411 4477 2463 4531 in
2486 4474 2767 4547 Scripturis
2795 4473 3001 4526 sanctis.
3029 4468 3273 4523 Dominus
3299 4464 3443 4520 enim
3474 4462 3638 4526 dabit,
3667 4458 3830 4528 inquit,

2276 4570 2478 4625 uerbum
2521 4564 2976 4638 euangelizantibus
3000 4562 3181 4617 virtute
3206 4558 3365 4612 multa
3408 4553 3588 4624 (Psal.
3618 4553 3702 4607 67.
3730 4548 3830 4616 i2);

2278 4673 2334 4720 ct
2361 4677 2594 4726 rursum,
2627 4660 2791 4727 Quam
2809 4655 3022 4729 speciosi
3045 4653 3194 4725 pedes
3219 4647 3671 4722 euangelizanti“:
3690 4656 3834 4716 potest

2281 4758 2432 4831 (lsai.
2460 4756 2549 4812 52.
2583 4752 2673 4825 7)!

2351 4851 2409 4906 2.
2438 4824 2632 4905 Viden‘
2655 4846 2855 4901 diserte
2879 4838 3140 4911 evangelii
3169 4844 3224 4892 et
3248 4849 3446 4890 nomen
3487 4841 3543 4887 et
3570 4828 3770 4886 modum
3795 4824 3835 4877 in

2283 4942 2465 5002 Veteri
2491 4942 2839 4997 Testamento
2863 4931 3131 5005 positum?
3147 4928 3262 4984 Non
3283 4926 3426 4981 enim
3451 4923 3623 4978 verbo
3644 4928 3833 4975 tantum.

2284 5037 2477 5108 inquit,
2507 5031 2637 5088 illud
2664 5028 3040 5101 praedicamus,
3063 5020 3159 5078 sed
3184 5020 3345 5075 etiam
3370 5015 3659 5086 operibus;
3688 5010 3729 5064 si
3748 5006 3833 5075 qui-

2286 5129 2406 5184 dem
2438 5140 2545 5182 non
2576 5124 2867 5177 humanum
2896 5124 3047 5182 erat,
3087 5112 3182 5169 sed
3227 5110 3467 5166 divinum
3493 5147 3509 5173 ,
3542 5114 3779 5159 arcanum
3799 5103 3840 5147 cl

2287 5234 2500 5278 omnem
2528 5227 2790 5288 superans
2820 5221 3086 5266 naturam.
3106 5205 3238 5273 Quia
3262 5216 3392 5258 vero
3420 5197 3671 5253 novitatis
3699 5194 3837 5261 ipsum

2288 5286 2613 5368 accusabant
2631 5348 2647 5375 ,
2694 5303 2930 5361 ostendit
2958 5299 3085 5356 illud
3115 5312 3235 5353 esse
3263 5293 3467 5351 Graecis
3496 5286 3777 5358 antiquius,
3799 5289 3842 5333 et

2291 5421 2321 5461 a
2353 5368 2804 5475 propltetis'prius
2832 5392 3161 5462 descriptum
3194 5387 3379 5442 fuisse.
3411 5381 3569 5452 Quod
3600 5381 3641 5434 si
3672 5389 3765 5430 non
3789 5368 3841 5421 ab

2294 5468 2642 5559 initio-dedit,
2664 5468 2723 5547 in
2746 5503 2903 5544 causa
2922 5485 3157 5553 suntqui
3179 5480 3232 5535 id
3254 5478 3544 5534 noluerunt
3562 5468 3836 5527 admittere:

2296 5608 2418 5648 nam
2462 5590 2553 5660 qui
2595 5586 2914 5645 voluerunt,
2953 5575 3194 5633 audiere.
3234 5569 3495 5626 Abraham
3521 5575 3663 5635 pater
3684 5566 3832 5621 testa,

2296 5686 2500 5757 inquit,
2548 5676 2845 5742 exsultavit,
2887 5682 2944 5727 ut
2984 5670 3171 5727 uideret
3208 5665 3342 5719 diem
3382 5675 3585 5722 nicum,-
3617 5668 3661 5710 et
3684 5651 3846 5757 oiditlc‘t

2526 5731 2906 5830 astilioanIS.
2939 5762 3054 5836 56).
3093 5754 3374 5831 Quomodo
3402 5753 3561 5825 igitur
3582 5748 3652 5802 ait
3678 5763 3693 5799 :
3724 5731 3846 5794 Nam
