4064 6296
234 194 353 251 395

1440 215 1510 272 1N
1552 214 1772 270 EPIST.
1819 213 1910 268 AD
1948 213 2114 269 ROM.
2160 214 2395 270 ιιοιιιι..
2438 216 2480 269 1.

3589 229 3697 299 39::

1859 421 2104 474 OMIAIA
2139 421 2219 476 A'.

216 525 505 601 Παῦλος,
531 525 1001 601 δοῦλος-Ἰησοῦ
1047 533 1328 599 Χριστοῦ,
1380 535 1606 601 κλητὸς
1645 536 1912 589 ἀπόστοο

293 599 432 662 λος,
474 597 1025 686 ἀφωρισμένος-,εὶς
1045 597 1414 686 Εὖαγγέλιον
1458 597 1720 686 Θεοῦ,“ὃ
1767 622 1912 686 προ-

294 670 706 745 επηγγείλατο
728 668 825 724 διὰ
851 669 971 725 τῶν
985 668 1312 741 προφητῶν
1340 675 1528 730 αὐτοῦ
1556 668 1915 745 ἐνΤραφαῖς

291 736 516 806 ἁγίαις.

291 830 366 878 α’.
397 826 642 898 Μωῦσῆς
682 824 782 896 μὲν
815 826 981 881 πέντε
1008 828 1192 899 βιϐλία
1223 830 1564 904 συγγράψας,
1596 833 1831 905 οὐδαμοῦ
1852 835 1914 888 τὸ

204 911 401 982 ὄνομα
438 912 500 965 τὸ
530 912 725 967 ἑαυτοῦ
781 914 1049 983 τέθεικεν,
1073 918 1196 971 οὐδὲ
1222 919 1271 972 οί
1319 922 1438 990 μετ’
1467 923 1675 976 ἐκεῖνον
1690 922 1759 976 τά
1789 923 1910 994 μετ’

203 1001 434 1053 ἐκεῖνον
463 1000 765 1065 συνθέντες,
792 1002 1043 1058 άλλόὑδὲ
1068 1005 1367 1072 Ματθαῑος,
1389 1007 1509 1061 οὐδὲ
1550 1007 1826 1081 Ἰωάννης,
1846 1011 1908 1064 οὐ

199 1086 478 1157 Μάρκος,
514 1087 576 1141 οῦ
626 1090 873 1151 Λουκᾶς·
904 1091 933 1143 6
967 1092 1024 1144 δὲ
1069 1093 1338 1165 μακάριος
1392 1094 1605 1158 Παῦλος
1628 1097 1907 1168 πανταχοῦ

196 1167 327 1227 τῶν
377 1174 680 1228 ἐπιστολῶν
734 1177 903 1231 αὺτοῦ
950 1181 1011 1232 τὸ
1063 1179 1235 1251 δνομα
1286 1181 1451 1235 αὐτοῦ
1492 1184 1805 1256 προτίθησι.
1843 1187 1908 1241 Τί

200 1262 421 1333 δήποτε
447 1280 463 1331 ;
490 1264 617 1317 Ὀτι
645 1264 841 1318 ἐκεῖνοι
883 1266 984 1337 μὲν
1013 1268 1282 1340 παροῦσιν
1309 1270 1569 1343 ἔγραφον,
1606 1273 1704 1326 καὶ
1719 1290 1908 1345 περιτ-

198 1350 306 1403 τὸν
336 1346 408 1421 ἦν
426 1352 654 1416 ἑαυτοὺς
682 1353 878 1423 δηλοῦν
916 1356 1197 1427 παρόντας
1228 1376 1242 1389 ·
1295 1351 1453 1424 οὗτος
1484 1360 1541 1414 δὲ
1571 1360 1660 1415 διά
1689 1364 1904 1434 μακροῦ

198 1440 281 1493 τὰ
305 1442 618 1512 γράμματα
673 1444 1031 1516 διεπέμπετο,
1063 1449 1163 1502 καὶ
1205 1450 1265 1502 ὲν
1303 1451 1595 1520 ἐπιστολῆς
1626 1453 1903 1524 σχήματιο

197 1527 294 1581 διὸ
329 1529 429 1581 καὶ
483 1531 757 1598 ἀναγκαία
775 1527 843 1602 ἦν
875 1535 908 1605 ή
957 1534 1052 1588 τοῦ
1089 1536 1354 1607 ὀνόματος
1400 1539 1712 1610 προσθήκη.
1750 1542 1812 1595 Εἰ
1840 1541 1897 1596 δὲ

198 1619 269 1671 ὲν
316 1622 386 1691 τῇ
439 1620 576 1691 πρὸς
626 1621 912 1693 Ἐϐραίους
958 1626 1245 1697 Ἐπιστολῇ
1309 1627 1369 1679 οὐ
1400 1631 1550 1680 ποιεῖ
1570 1628 1751 1696 τοῦτο,
1810 1632 1905 1685 καὶ
1946 1673 1959 1687 .

196 1707 375 1790 τοῦτο
416 1708 561 1762 κατά
608 1710 709 1782 τὴν
760 1711 925 1765 αὐτοῦ
963 1713 1199 1769 σύνεσιν.
1240 1716 1463 1788 Ἐπειδὴ
1512 1717 1620 1789 γὰρ
1647 1720 1901 1790 ἀπεχθῶς

200 1785 375 1861 εἷχονν
398 1793 537 1862 πρὸς
567 1793 750 1857 αὑτὸν,
789 1796 875 1848 ἵνα
895 1796 969 1868 μὴ
1002 1797 1067 1850 ἐκ
1114 1800 1418 1871 προοιμίων
1457 1803 1790 1868 ἀκούσαντες
1806 1803 1899 1857 τοῦ

198 1879 501 1950 ὀνόματος,
526 1882 895 1936 ἀποκλείσωσι
921 1884 998 1955 τῷ
1033 1884 1176 1957 λόγῳ
1206 1886 1303 1958 τὴν
1346 1889 1571 1953 εἴσοδον,
1607 1892 1902 1960 ἐσοφίσατο

197 1968 299 2021 διὰ
322 1968 417 2021 τοῦ
450 1970 658 2041 κρύψαι
684 1970 743 2024 τὸ
790 1971 963 2043 ὄνομα
1008 1973 1107 2045 τὴν
1135 1976 1401 2047 ἀκρόασιν
1428 1978 1526 2049 τὴν
1559 1980 1803 2036 ἐκείνων,
1837 1982 1898 2034 Εἰ

197 2056 266 2109 δὲ
286 2059 568 2128 προφῆται
594 2059 664 2112 τά
694 2059 936 2131 ὀνόματα
967 2060 1035 2115 τά
1070 2063 1283 2116 ἑαυτῶν
1313 2065 1589 2119 τεθείκασι
1619 2068 1716 2121 καὶ
1740 2068 1897 2121 Σολο-

203 2144 357 2215 μῶν,
386 2145 545 2198 τοῦτο
573 2147 701 2217 ὑμῖν
746 2147 1148 2219 καταλιμπάνω
1191 2150 1379 2205 λοιπὸν
1412 2151 1714 2225 ἐπιζητεῖν,
1753 2154 1899 2220 τίνος

200 2234 403 2286 ’ἑνεκεν
433 2236 482 2287 οί
508 2236 608 2303 μὲν
628 2235 843 2299 ἔθεσαν,
875 2237 925 2289 οί
960 2237 1017 2290 δὲ
1040 2238 1142 2291 οὐκ
1164 2238 1362 2292 ἔθεσαν
1385 2256 1398 2268 ’
1436 2240 1559 2294 οὐδὲ
1597 2240 1897 2313 γάρᾶπαν-

196 2339 278 2374 τα
304 2323 435 2392 παρ’
460 2322 597 2394 ἐμοῦ
618 2324 723 2396 χρὴ
754 2324 1050 2395 μανθάνειν
1085 2326 1253 2398 ὑμᾶς,
1281 2327 1418 2381 ἀλλὰ
1448 2330 1541 2382 καὶ
1573 2331 1767 2395 αὐτοὺς
1803 2348 1898 2385 πο-

196 2411 320 2461 νεῖν
383 2409 481 2462 καὶ
551 2410 874 2481 ἐπιζητεῖν,
940 2411 1028 2465 ἵνα
1105 2411 1179 2484 μὴ
1214 2413 1567 2486 νωθρότεροι
1645 2416 1894 2487 γίνησθε.

196 2498 451 2562 Παῦλος
484 2496 707 2564 δοῦλος
747 2498 952 2566 Ἰησοῦ
1002 2500 1282 2569 Χριστοῦ.
1326 2501 1483 2567 Τίνος
1533 2504 1719 2557 ἕνεκεν
1764 2523 1897 2577 μετ-

196 2586 377 2656 έθηκε
406 2586 468 2639 τὸ
492 2587 663 2657 ὄνομα
688 2586 855 2640 αύτοῦ
895 2588 923 2640 6
953 2587 1108 2653 Θεὸς,
1149 2589 1243 2643 καὶ
1272 2590 1477 2644 Σαῦλον
1516 2592 1645 2646 ὄντα
1684 2593 1897 2647 Παῦλον

196 2671 473 2728 ἐκάλεσεν
495 2691 509 2739 ;
550 2675 667 2727 ’Ὶνα
710 2674 843 2747 μηδὲ
867 2674 1042 2748 ταύτῃ
1068 2676 1177 2729 τῶν
1199 2677 1514 2732 ἀποστόλων
1537 2679 1757 2733 ἔλαττον
1771 2681 1892 2755 ἔχῃ,

194 2764 322 2819 ἀλλ’
372 2765 510 2835 ὅπερ
541 2762 698 2834 ἔσχεν
738 2761 1019 2834 ἐξαίρετον
1064 2767 1092 2818 6
1132 2769 1428 2836 κορυφαῖος
1456 2767 1565 2820 τῶν
1610 2768 1892 2841 μαθητῶν,

194 2854 368 2908 τοῦτο
418 2854 511 2907 καὶ
563 2853 725 2917 αὐτὸς
781 2854 1088 2926 κτήσηται,
1127 2856 1221 2908 καὶ
1264 2856 1509 2920 πλείονος
1562 2859 1895 2925 οἰκειώσεως

198 2943 469 2997 ὑπόθεσιν
495 2941 656 3015 λάθῃ.
691 2942 890 2996 Δοῦλον
922 2943 977 2996 δὲ
1006 2945 1198 2998 ἑαυτὸν
1250 2945 1347 3015 οὐχ
1385 2946 1574 3010 ἁπλῶς
1634 2943 1755 3001 εἷπε
1797 2948 1892 3004 τοῦ

196 3030 479 3102 Χριστοῦ’
510 3032 604 3084 καὶ
651 3029 763 3100 γὰρ
820 3030 1006 3084 πολλοὶ
1073 3032 1319 3096 δουλείας
1345 3034 1573 3105 τρόποι·
1608 3032 1688 3100 εἷς
1740 3038 1836 3108 μὲν
1866 3040 1895 3092 6

203 3121 354 3175 κατά
400 3121 499 3193 τὴν
547 3120 927 3191 δημιουργίαν,
990 3120 1112 3174 καθ’
1156 3122 1214 3175 ὃν
1256 3140 1440 3193 φησιν,
1497 3126 1578 3177 ὅτι
1630 3127 1706 3179 Τὰ
1741 3128 1895 3195 σύμ-

197 3226 402 3265 παντα
428 3210 620 3263 δοῦλα
653 3208 757 3270 σὰ.
787 3209 884 3262 καὶ
918 3209 1040 3263 καθ’
1064 3210 1124 3263 ὃν
1154 3228 1317 3282 φησιν
1342 3227 1355 3241 ο
1397 3212 1459 3264 '0
1490 3212 1713 3280 δοῦλός
1737 3213 1889 3288 [450]

188 3318 321 3371 μου
381 3298 926 3368 Ναϐουχοδονόσορ
953 3315 967 3329 ο
1010 3297 1070 3351 τό
1093 3300 1203 3370 γὰρ
1243 3298 1403 3370 ἔργον
1440 3301 1535 3353 τοῦ
1564 3304 1893 3373 ποιήσαντος

195 3389 392 3445 δοῦλον
419 3405 433 3417 ”
472 3388 657 3460 ἕτερος
682 3387 737 3440 δὲ
768 3386 796 3439 6
840 3387 947 3439 ἀπὸ
981 3387 1083 3456 τῆς
1136 3389 1393 3455 πίστεως,
1434 3390 1560 3460 περὶ
1595 3386 1663 3463 ἦς
1690 3408 1853 3462 φησιν
1874 3407 1888 3420 ·

196 3478 386 3548 Χάρις
413 3476 481 3529 δὲ
519 3474 600 3541 τῷ
636 3474 779 3541 Θεῷ,
816 3474 907 3529 ὅτι
932 3475 1141 3529 δοῦλοι
1164 3472 1270 3545 ἦτε
1300 3476 1408 3544 τῆς
1436 3477 1746 3547 ἁμαρτίας,
1780 3481 1894 3533 ὑπ..

194 3563 509 3633 ηκούσατε
532 3560 599 3612 δὲ
626 3560 695 3612 ἐκ
728 3558 979 3627 καρδίας
1002 3571 1051 3624 δ,
1082 3563 1169 3626 εὶς
1201 3560 1275 3614 ὃν
1303 3562 1671 3630 παρεδόθητε
1697 3565 1890 3619 τύπον

195 3643 499 3714 διοάχῆς,
551 3643 649 3696 καὶ
693 3643 1195 3710 ἐλευθερωθέντες
1238 3644 1359 3699 ἀπὸ
1405 3645 1517 3713 τῆς
1561 3647 1886 3716 ἁμαρτίας,

198 3730 582 3794 ἐδουλώθητε
614 3725 690 3795 τῇ
735 3725 1092 3794 δικαιοσύνῃ
1117 3743 1133 3759 ’
1165 3728 1352 3800 ἕτερος
1386 3729 1413 3779 ὁ
1439 3730 1548 3783 ἀπὸ
1596 3731 1693 3801 τῆς
1740 3731 1888 3784 πολι-

197 3814 377 3877 τείας,
418 3812 539 3866 καθ’
567 3813 626 3866 ὅν
675 3829 808 3883 φησι
831 3818 844 3832 ⁸
878 3810 1142 3879 Μωῢσηῆς
1175 3816 1207 3867 ό
1252 3813 1527 3882 θεράπων
1556 3832 1677 3885 μου
1726 3833 1888 3868 τετε-

194 3899 459 3963 λεύτηκε
478 3914 491 3927 ·
521 3896 702 3951 καίτοι
735 3894 828 3947 καὶ
864 3894 1109 3947 Ἰουδαῖοι
1140 3895 1343 3958 πάντες
1372 3896 1701 3965 θεράποντες
1721 3894 1886 3970 ἦσαν,

198 3980 321 4036 ἀλλ’
364 3980 665 4051 ἐξαιρέτως
707 3979 735 4031 ὁ
768 3979 1008 4047 Μωῦσῆς
1058 3978 1308 4049 πολιτεία
1353 3979 1694 4050 διαλάμπων.
1734 3984 1886 4037 Ἐπεὶ

197 4064 297 4122 οῦν
321 4068 462 4120 κατά
491 4067 699 4128 πάντας
719 4066 845 4129 τοὺς
866 4065 1103 4135 τρόπους
1124 4066 1222 4137 τῆς
1249 4066 1492 4130 δουλείας
1514 4069 1541 4107 b
1557 4068 1742 4132 δοῦλος
1766 4066 1834 4140 ἦν
1857 4073 1884 4125 6

200 4150 438 4212 Παῦλος.
476 4150 594 4202 ἀντὶ
632 4148 890 4218 μεγίστου
926 4147 1237 4218 ἀξιώματος
1272 4148 1434 4202 τοῦτο
1460 4150 1643 4222 τίθησι
1672 4151 1877 4221 λέγων·

200 4233 434 4299 Δοῦλος
470 4232 666 4298 Ἰησοῦ
704 4230 1000 4299 Χριστοῦο
1038 4230 1131 4284 καὶ
1168 4230 1238 4282 τά
1272 4231 1373 4300 τῆς
1406 4232 1716 4304 οἰκονομίας
1766 4235 1884 4288 ὀνό-

204 4334 354 4388 ματα
397 4314 783 4387 προὸάλλεται,
826 4313 1072 4368 κάτωθεν
1106 4314 1410 4368 ἀναϐαίνων
1444 4317 1573 4370 ἀνω.
1617 4319 1726 4371 Καὶ
1772 4322 1882 4391 γὰρ

197 4403 261 4455 τὸ
300 4400 509 4469 Ἰησοῦς
547 4399 720 4468 ὄνομα
751 4399 933 4468 φέρων
959 4399 986 4450 6
1028 4398 1260 4466 ἄγγελος
1290 4394 1453 4468 ἦλθεν
1481 4402 1544 4454 ἐκ
1580 4401 1689 4454 τῶν
1716 4404 1880 4474 ούρα-

199 4486 329 4547 νῶν,
354 4484 445 4537 ὅτε
472 4484 716 4535 ἐτίκτετο
738 4484 802 4533 ὲκ
832 4481 931 4550 τῆς
964 4481 1244 4552 Παρθένου
1265 4499 1278 4512 ο
1311 4483 1405 4535 καὶ
1429 4484 1664 4554 Χριστὸς
1689 4486 1745 4539 δὲ.
1772 4488 1879 4541 ἀπὸ

197 4566 291 4622 τοῦ
327 4565 619 4638 χρισθῆναι
650 4564 890 4632 λέγεται,
920 4563 949 4617 6
984 4566 1077 4618 καὶ
1105 4565 1236 4618 αὐτὸ
1275 4566 1374 4636 τῆς
1415 4568 1618 4637 σαρκὸς
1646 4565 1735 4639 ἦν,
1769 4572 1879 4626 Καὶ

195 4646 359 4717 ποίῳ,
389 4648 573 4716 φησὶν,
602 4643 765 4714 ὲλαίῳ
799 4644 1065 4716 ὲχρίσθη;
1111 4645 1309 4716 Ἐλαίῳ
1345 4646 1443 4715 μὲν
1471 4648 1571 4701 ούκ
1624 4650 1873 4722 ἐχρίσθη,

194 4728 478 4800 Πνεύματι
516 4727 606 4780 δέ·
646 4722 756 4780 οἶδε
812 4728 869 4781 δὲ
921 4728 1016 4781 καὶ
1065 4728 1191 4792 τοὺς
1239 4729 1513 4793 τοιούτους
1550 4735 1804 4802 χριστοὺς
1838 4739 1871 4806 ή

193 4816 386 4889 Γραφὴ
425 4816 633 4870 καλεῖν.
659 4817 733 4868 Τὸ
770 4815 879 4886 γὰρ
919 4816 1331 4888 προηγούμενον
1371 4819 1429 4871 ἐν
1466 4822 1532 4888 τῇ
1573 4820 1769 4891 χρίσει,
1810 4824 1873 4877 τὸ

192 4905 424 4975 Πνεῦμά
460 4906 614 4958 ἐστι’
652 4904 732 4958 διὸ
770 4906 864 4957 καὶ
902 4905 962 4959 τὸ
999 4905 1178 4960 ἔλαιον
1215 4905 1725 4977 παραλαμϐάνεται.
1763 4912 1872 4965 Καὶ

190 4994 299 5049 ποῦ
336 4994 595 5065 χριστοὺς
634 4992 793 5046 καλεῖ
827 4993 955 5056 τοὺς
995 4993 1070 5064 μὴ
1108 4992 1431 5064 χρισθέντας
1471 4995 1668 5067 ὲλαίῳ;
1696 4997 1870 5052 Ὅπου

189 5082 338 5150 λέγει
363 5119 379 5144 ,
415 5081 513 5149 Μὴ
555 5080 818 5135 ἅπτεσθε
854 5078 975 5133 τῶν
1012 5080 1277 5150 χριστῶν
1307 5099 1462 5150 μου,
1502 5084 1599 5138 καί
1637 5086 1709 5139 ἐν
1746 5086 1871 5155 τοῖς

189 5168 523 5239 προφήταις
532 5185 653 5237 μου
667 5166 754 5237 μὴ
771 5169 1200 5235 πονηρεύεσθε.
1217 5168 1352 5223 Τότε
1368 5169 1474 5239 γὰρ
1487 5171 1609 5225 οὐδὲ
1639 5173 1671 5243 ή
1699 5191 1867 5229 κατα-

191 5256 362 5327 σκευὴ
394 5256 494 5326 τῆς
528 5255 761 5326 κρίσεως
788 5250 857 5325 ἦν
884 5255 977 5309 τοῦ
1006 5255 1209 5309 ἐλαίου.
1238 5257 1472 5326 Κλητός
1500 5259 1861 5328 ἀπόστολος.

188 5343 472 5415 Πανταχοῦ
527 5343 727 5413 κλητὸν
781 5343 976 5396 ἑαυτὸν
1028 5344 1220 5407 καλεῖ,
1261 5343 1476 5408 δεικνὺς
1510 5346 1611 5419 τὴν
1661 5349 1865 5404 οἰκείαν

182 5431 637 5503 εὐγνωμοσύνην,
671 5432 766 5486 καὶ
797 5431 879 5484 ὃτι
916 5431 1016 5486 οὐκ
1050 5432 1211 5496 αὐτὸς
1240 5432 1481 5504 ζητήσας
1506 5431 1697 5508 εὗρεν,
1727 5438 1865 5493 ἀλλά

183 5520 405 5593 κληθεὶς
438 5519 773 5590 παρεγένετο
802 5518 898 5573 καὶ
928 5520 1230 5592 ὑπήκουσε.
1261 5522 1372 5575 Καὶ
1400 5524 1526 5588 τοὺς
1556 5525 1780 5591 πιστοὺς
1805 5528 1861 5582 δὲ

181 5611 352 5673 οὓτως
406 5608 700 5678 ὀνομάζει,
741 5609 1002 5676 κλητοὺς
1039 5610 1267 5679 ἁγίους.
1308 5612 1371 5664 Ol
1412 5613 1511 5683 μὲν
1546 5614 1655 5686 γάρ
1694 5616 1859 5688 μέχρι

178 5696 273 5752 τοῦ
314 5693 603 5749 πιστεῦσαι
643 5694 975 5768 ἐκλήθησαν,
1008 5692 1159 5762 οὗτος
1199 5697 1257 5750 δὲ
1299 5700 1393 5753 καὶ
1430 5699 1615 5773 ἕτερον
1656 5702 1857 5773 ἐνεχει-

241 5852 257 5875 ⁸
284 5854 393 5903 Duo
421 5864 536 5918 mss.
576 5852 631 5899 ἐκ
659 5854 1119 5918 καθαρᾶςμκαρδίας,
1142 5870 1252 5918 quas
1280 5856 1431 5907 lectio
1454 5860 1503 5908 in
1534 5862 1702 5910 mullis
1731 5862 1852 5916 Novi

177 5915 854 5986 'Al'eslamepli‘mim'uscriplis
871 5915 1044 5970 fertur.
1117 5915 1309 5971 b'ldem
1334 5928 1385 5971 e:
1407 5934 1559 5986 marg.
1592 5923 1744 5975 Savil.
1769 5915 1852 5985 τῆξ

183 5980 451 6039 θαυμαστῆς
469 5974 698 6031 δουλείας.

2025 535 2218 629 ρίσθη,
2252 536 2353 609 τὴν
2379 538 2705 629 ἀποστολὴν,
2741 538 2972 613 πρᾶγμα
3002 546 3213 617 μυρίων
3245 549 3467 619 ἀγαθῶν
3509 556 3701 629 γέμον,

2030 623 2124 676 καὶ
2148 623 2259 679 τῶν
2287 628 2642 698 χαρισμάτων
2672 630 2929 684 ἁπάντων
2956 633 3050 686 καὶ
3081 637 3267 704 μεῖζον
3297 640 3390 694 καὶ
3426 623 3701 716 περιεκτιλ

2022 711 2138 765 κόν.
2190 713 2302 766 Καὶ
2344 714 2399 767 τί
2426 715 2536 786 γὰρ
2574 715 2655 769 δεῖ
2700 717 2865 772 πλέον
2895 719 3091 785 εἰπεῖν,
3139 723 3256 777 ἀλλ’
3296 726 3328 797 ἢ
3363 729 3445 783 ὅτι
3490 711 3628 805 δπερ
3671 739 3701 791 6

2019 798 2255 871 Χριστὸς
2293 802 2732 873 παραγενόμενος
2757 806 3014 877 ἔπραττε,
3045 810 3203 864 τοῦτο
3240 814 3423 880 αὐτοῖς
3462 798 3699 894 ἐγχειρί-

2023 902 2119 948 σας
2152 887 2429 957 ἀπῆλθεν;
2462 891 2529 943 Ὃ
2573 892 2669 944 καὶ
2716 892 2817 964 βοᾷ
2853 895 3087 960 Παῦλος,
3130 897 3337 968 λέγων,
3369 906 3463 958 καὶ
3498 887 3560 961 τε
3589 887 3698 964 τῶν

2020 969 2337 1057 ἀποστόλων
2360 972 2606 1045 ἐπαίρων
2633 974 2869 1047 ἀξίωμα·
2897 978 3065 1048 ’Υπὲρ
3079 983 3339 1050 Χριστοῦ
3367 994 3697 1057 πρεσϐεύο-

2011 1071 2130 1123 μεν
2152 1098 2166 1122 ,
2195 1056 2275 1122 ὼς
2318 1058 2426 1111 τοῦ
2468 1059 2618 1113 Θεοῦ
2657 1065 3159 1135 παρακαλοῦντος
3205 1070 3280 1124 δι’
3311 1056 3501 1143 ἡμῶν,
3541 1097 3697 1135 τουτ-

2020 1141 2168 1195 ἐστιν
2225 1145 2346 1199 ἀντὶ
2384 1147 2645 1218 Χριστοῦ.
2699 1149 3130 1221 Ἀφωρισμένος
3179 1159 3268 1225 εὶς
3324 1141 3697 1235 Εὑαγγέλιον

2018 1229 2189 1284 Θεοῦ.
2215 1231 2481 1301 Καθάπερ
2513 1234 2572 1287 ὲν
2619 1236 2768 1308 οίκία
2802 1238 2940 1308 πρὸς
2968 1240 3202 1314 διάφορα
3227 1229 3695 1325 έκαστοςτάφῶρι-

2018 1335 2142 1372 σται
2170 1319 2308 1393 ἔργα
2330 1363 2343 1387 ,
2378 1322 2518 1376 οὕτω
2544 1324 2641 1376 καὶ
2679 1326 2772 1378 ἐπὶ
2802 1326 2901 1397 τῆς
2941 1327 3273 1401 Ἐκκλησίας
3296 1319 3546 1409 διάφοροι
3582 1319 3693 1395 τῶν

2012 1406 2300 1461 διακονιῶν
2326 1411 2464 1463 εἰσιν
2498 1412 2555 1463 αί
2598 1411 2873 1484 διανομαί.
2917 1416 3071 1487 Ἐμοὶ
3116 1418 3173 1472 δὲ
3220 1406 3550 1481 ἐνταῦθα-ού
3594 1429 3693 1502 τὴν

2011 1494 2400 1568 ἀποκλήρωσιν
2449 1499 2597 1553 δοκεῖ
2634 1501 2794 1571 μόνον
2834 1504 3197 1570 αἰνίττεσθαι.
3249 1510 3363 1563 ἀλλ’
3397 1513 3478 1567 ὅτι
3523 1494 3692 1572 πάλαι

2012 1583 2107 1636 καὶ
2132 1584 2336 1638 ἀνωθεν
2366 1587 2503 1659 πρὸς
2527 1588 2685 1642 τοῦτο
2714 1585 2782 1662 ἦν
2812 1596 3169 1665 τεταγμένος.
3197 1599 3374 1672 Ὅπερ
3404 1605 3497 1656 καὶ
3525 1605 3692 1676 Ἰερε-

2014 1672 2143 1742 μίας
2172 1676 2307 1745 φησὶ
2334 1676 2424 1729 τὸν
2450 1677 2581 1730 Θεὸν
2611 1681 2891 1752 εἰρηκέναι
2924 1684 3051 1754 περὶ
3082 1686 3246 1741 αὐτοῦ
3267 1705 3280 1719 ·
3323 1692 3441 1757 Πρὸ
3474 1693 3579 1747 τοῦ
3598 1672 3692 1749 σε

2009 1760 2281 1849 ἐξελθεῖν
2307 1762 2376 1816 ἐκ
2413 1764 2649 1833 μήτρας
2681 1766 2902 1836 ἡγίακά
2947 1788 3043 1837 σε,
3066 1774 3382 1845 προφήτην
3414 1780 3503 1845 εὶς
3543 1780 3689 1849 ἔθνη

2008 1848 2243 1940 τέθεικά
2275 1866 2370 1905 σε.
2424 1853 2645 1924 Ἐπειδὴ
2679 1854 2789 1927 γάρ
2830 1857 2966 1927 πρὸς
2996 1859 3149 1914 πόλιν
3176 1862 3502 1937 ἀλαζονικὴν
3524 1848 3689 1940 έγραέ

2010 1952 2098 2004 cpe,
2145 1938 2238 1990 καὶ
2272 1941 2698 2011 πεφυσιωμένην
2744 1944 3028 2013 πάντοθεν,
3063 1947 3154 2003 διὰ
3192 1951 3410 2006 πάντων
3447 1938 3687 2011 δείκνυσι

2005 2024 2101 2077 τοῦ
2144 2025 2279 2079 Θεοῦ
2326 2027 2425 2099 τὴν
2464 2030 2797 2101 χειροτονίαν
2832 2028 3035 2087 οὖσαν·
3071 2037 3167 2090 καὶ
3208 2039 3316 2111 γὰρ
3353 2041 3517 2107 αὐτὸς
3553 2043 3687 2099 ἐκά-

2006 2111 2153 2179 λεσε,
2188 2117 2282 2168 καὶ
2305 2115 2468 2180 αὐτὸς
2486 2116 2751 2189 ἀφώρισε.
2787 2119 2939 2174 Ποιεί
2964 2122 3020 2175 δὲ
3050 2122 3228 2192 τοῦτο,
3262 2127 3347 2181 ἵνα
3374 2129 3687 2195 ἀξιόπιστον

2006 2201 2102 2253 καὶ
2135 2202 2538 2272 εὐπαράδεκτον
2566 2207 2767 2279 ποιήσῃ
2798 2206 2898 2278 τὴν
2930 2210 3239 2281 ἐπιστολήν.
3280 2218 3387 2281 Εἰς
3429 2220 3687 2290 Εὐαγγέ-

2005 2292 2142 2343 λιον
2193 2291 2363 2347 Θεοῦ,
2438 2293 2553 2346 Οὐκ
2602 2293 2712 2365 ἄρα
2767 2296 2925 2378 μόνος
2976 2299 3253 2364 Ματθαῖος
3289 2303 3686 2378 εὐαγγελιστὴς

2005 2376 2126 2431 οὐδὲ
2163 2378 2409 2450 Μάρκος,
2445 2379 2632 2452 ῶσπερ
2662 2382 2782 2436 οὐδὲ
2810 2376 2965 2448 οὗτος
3000 2386 3161 2455 μόνος
3191 2388 3510 2458 ἀπόστολος,
3549 2376 3686 2448 ἀλλὰ

2007 2466 2101 2520 καὶ
2149 2468 2367 2532 ἐκεῖνοι,
2414 2469 2464 2521 εί
2498 2470 2591 2523 καὶ
2628 2471 2751 2524 κατ’
2781 2472 3058 2546 ἐξαίρετον
3099 2477 3127 2530 6
3168 2476 3268 2547 μὲν
3304 2478 3480 2541 τοῦτο,
3530 2483 3580 2535 οἱ
3625 2484 3685 2537 δὲ

2005 2556 2184 2608 έκεῖνο
2234 2555 2485 2625 λέγονται
2536 2554 2696 2614 εἶναι.
2752 2561 3087 2630 Εὐαγγέλιον
3124 2565 3181 2618 δὲ
3209 2565 3341 2620 αὐτὸ
3386 2570 3447 2621 οὐ
3483 2570 3570 2624 διά
3616 2573 3685 2626 τά

2003 2644 2349 2713 γεγενημένα
2394 2645 2575 2715 ἀγαθά
2610 2647 2770 2717 μόνον
2806 2650 2982 2714 καλεῖ,
3019 2651 3153 2706 ἀλλά
3201 2655 3293 2708 καὶ
3324 2655 3411 2709 διά
3441 2657 3511 2710 τὰ
3559 2660 3685 2730 μέλ-

2003 2730 2181 2785 λοντα.
2217 2732 2341 2796 Πῶς
2371 2733 2428 2787 δὲ
2454 2732 2545 2788 τὸν
2565 2734 2697 2791 Θεὸν
2720 2737 3171 2807 εὐαγγελίζεσθαι
3199 2740 3269 2794 δι’
3285 2743 3451 2797 αὑτοῦ
3477 2762 3680 2816 φησιν;

2016 2817 2448 2889 Ἁφωρισμένος
2464 2820 2593 2893 γὰρ,
2615 2824 2799 2895 φησὶν,
2820 2828 2907 2892 είς
2930 2827 3299 2896 Εὑαγγέλιον
3323 2830 3472 2886 Θεοῦ
3490 2848 3504 2862 ·
3532 2831 3681 2907 [451]

2003 2907 2031 2958 ὁ
2056 2907 2163 2979 γὰρ
2196 2908 2384 2980 Πατὴρ
2405 2912 2501 2964 καὶ
2525 2911 2630 2983 πρὸ
2658 2911 2766 2967 τῶν
2786 2914 3130 2986 Εὐαγγελίων
3152 2916 3308 2987 δῆλος
3328 2914 3417 2991 ἦν.
3467 2920 3608 2975 Ἀλλ’
3632 2926 3682 2977 εί

2002 2995 2097 3046 καὶ
2125 2995 2283 3065 δῆλος
2313 2992 2402 3067 ἦν,
2445 2998 2717 3065 Ἰουδαίοις
2742 3002 2945 3073 μόνοις,
2982 3006 3076 3057 καὶ
3100 3006 3222 3059 οὐδὲ
3253 3006 3465 3072 τούτοις
3488 3012 3679 3077 πᾶσιν,

2000 3078 2075 3144 ὡς
2104 3080 2229 3135 ἔδει·
2265 3082 2391 3137 οὔτε
2417 3085 2526 3157 γὰρ
2551 3087 2771 3158 Πατέρα
2798 3090 2961 3143 αὐτὸν
2983 3091 3113 3145 ὅντα
3134 3092 3355 3177 ᾔδεσαγ,
3386 3097 3480 3150 καὶ
3510 3099 3680 3153 πολλά

2001 3168 2197 3235 ἀνάξια
2254 3171 2421 3225 αὑτοῦ
2479 3173 2603 3227 τότε
2655 3176 3043 3246 ἐφαντάζοντο·
3101 3178 3182 3233 διὸ
3248 3168 3341 3235 κᾶὶ
3406 3184 3594 3254 ἔλεγεν
3651 3190 3680 3241 ὀ

1999 3258 2257 3329 Χριστὸς,
2293 3261 2375 3315 ὅτι
2403 3262 2711 3328 ’Ήξουσιν
2763 3268 2819 3320 οἱ
2877 3266 3155 3336 ἀληθινοὶ
3216 3275 3634 3340 προσκυνηταί
3660 3290 3676 3303 ·

2000 3347 2114 3411 καὶ,
2148 3348 2227 3401 ότι
2256 3349 2309 3402 Ὀ
2337 3350 2541 3420 Πατὴρ
2566 3353 2875 3420 τοιούτους
2900 3352 3055 3422 ζητεῖ
3096 3355 3239 3421 τοὺς
3260 3360 3678 3426 προσκυνοῦν-

1998 3451 2106 3502 τας
2155 3438 2361 3491 αὐτόν.
2420 3439 2686 3511 ’Υστερον
2744 3442 2801 3495 δὲ
2856 3444 2949 3496 καὶ
3004 3444 3168 3509 αὐτὸς
3218 3446 3356 3516 μετά
3403 3447 3498 3502 τοῦ
3545 3448 3674 3504 Υἰοῦ

1998 3524 2268 3595 ὲξεφάνθη
2300 3529 2366 3598 τῇ
2396 3528 2691 3603 οἰκουμένῃ
2726 3529 2894 3604 πάσῃο
2922 3531 3057 3603 ὅπερ
3094 3529 3187 3586 οῦν
3218 3535 3311 3588 καὶ
3340 3554 3673 3609 προαναφω-

1997 3612 2103 3666 νῶν
2137 3614 2324 3683 ἔλεγεν
2352 3618 2380 3669 ό
2410 3617 2668 3688 Χριστός
2704 3618 2831 3672 Ἵνα
2859 3620 3205 3689 γινώσκωσι
3238 3639 3312 3678 σε
3350 3626 3456 3679 τὸν
3482 3628 3675 3696 μόνον

1996 3701 2288 3769 ἀληθινὸν
2311 3703 2479 3768 Θεὸν,
2502 3705 2601 3761 καὶ
2630 3705 2704 3759 ὃν
2737 3706 3102 3775 ἀπέστειλας
3131 3711 3368 3778 Ἰησοῦν
3390 3715 3667 3782 Χριστόν.

1997 3790 2329 3857 Εὐαγγέλιον
2355 3791 2411 3844 δὲ
2439 3792 2575 3846 Θεοῦ
2605 3792 2779 3856 καλεῖ,
2811 3794 2921 3847 ἀπὸ
2952 3794 3061 3848 τῶν
3092 3799 3393 3868 προοιμίων
3425 3802 3668 3873 ἀνορθῶν

1993 3878 2086 3930 τὸν
2110 3879 2409 3949 ἀκροατήν.
2447 3881 2521 3932 Οὐ
2557 3879 2667 3949 γὰρ
2686 3877 2819 3952 ἦλθέ
2846 3898 2898 3934 τι
2930 3882 3256 3954 σκυθρωπὸν
3284 3888 3665 3956 ἀπαγγέλλων,

1995 3965 2183 4040 ῶσπερ
2215 3967 2267 4019 οἱ
2302 3968 2576 4038 προφῆται
2607 3968 2939 4039 κατηγορίας
2966 3969 3059 4023 καὶ
3083 3971 3408 4043 ἐγκλήματα
3434 3977 3526 4029 καὶ
3552 3978 3668 4031 ἐπι-

1992 4056 2269 4128 τιμήσεις,
2311 4055 2448 4111 άλλά
2476 4056 2808 4126 Εὐαγγέλια,
2840 4058 2935 4111 καὶ
2963 4059 3269 4128 Εὐαγγέλια
3285 4060 3443 4128 Θεοῦ,
3475 4065 3666 4134 μενόν-

1991 4159 2098 4195 των
2130 4143 2225 4196 καὶ
2255 4144 2525 4215 ἀκινήτων
2554 4144 2774 4213 ἀγαθῶν
2804 4144 3113 4218 θησαυροὺς
3141 4147 3391 4217 μυρίους.
3421 4152 3490 4204 '0
3520 4169 3667 4220 προ-

1990 4231 2391 4299 επηγγείλατο
2439 4231 2538 4285 διὰ
2570 4230 2685 4284 τῶν
2719 4231 3045 4302 προφητῶν
3077 4233 3265 4288 αὐτοῦ
3296 4236 3369 4289 ἐν
3397 4239 3664 4308 Γραφαῖς

1990 4316 2209 4386 ἁγίαις.
2250 4320 2467 4387 Κύριος
2502 4320 2611 4392 γὰρ
2637 4319 2819 4374 δώσει
2857 4320 3038 4390 ῥῆμα,
3079 4322 3234 4392 φησὶ,
3273 4323 3400 4392 τοῖς
3421 4328 3663 4398 εὐαγγεο

1988 4404 2319 4475 λιζομένοις
2346 4407 2596 4477 δυνάμει
2628 4408 2848 4479 πολλῇ·
2884 4410 2979 4463 καὶ
3023 4409 3205 4475 πάλιν,
3241 4410 3339 4479 Ὠς
3376 4413 3575 4483 ὡραῖοι
3606 4421 3662 4473 οι

1989 4494 2173 4561 πόδες
2197 4493 2317 4547 τῶν
2340 4494 2884 4567 εὐαγγελιζομένων
2908 4495 3197 4564 ειρήνηνί

2058 4582 2123 4653 β’.
2159 4584 2320 4656 Ὀρᾷς
2338 4586 2431 4639 καὶ
2444 4585 2625 4657 ῥητῶς
2646 4587 2738 4640 τοῦ
2758 4587 3091 4656 Εὑαγγελίου
3107 4586 3200 4639 καὶ
3218 4585 3453 4661 τὸόνομα
3462 4594 3557 4647 καὶ
3568 4594 3659 4648 τὸν

1983 4674 2184 4745 τρόπον
2204 4674 2261 4726 ὲν
2283 4676 2349 4744 τῇ
2376 4673 2587 4744 Παλαιᾷ
2608 4673 2888 4746 κείμενον;
2915 4678 2988 4729 Οὐ
3015 4679 3121 4749 γάρ
3140 4680 3226 4734 διὰ
3248 4681 3508 4752 ῥημάτων
3528 4683 3659 4737 αὐτὸ

1984 4762 2427 4833 καταγγέλλομεν
2454 4764 2633 4833 μόνον,
2667 4765 2853 4835 φησὶν,
2883 4765 3020 4819 ἀλλά
3045 4769 3137 4822 καὶ
3170 4768 3257 4823 διά
3281 4770 3651 4840 πραγμάτων⁹

1982 4848 2104 4902 οὐδὲ
2132 4850 2238 4919 γὰρ
2265 4849 2601 4920 ἀνθρώπινον
2625 4846 2714 4920 ἦν,
2745 4850 2882 4904 ἀλλά
2925 4853 3020 4907 καὶ
3057 4853 3197 4908 θεῖον
3226 4855 3318 4909 καὶ
3343 4854 3654 4929 ἀπόρρητον

1982 4937 2074 4989 καὶ
2100 4941 2279 4991 πᾶσαν
2307 4938 2634 5009 ὑπερϐαἰνον
2662 4937 2842 5006 φύσιν.
2876 4940 3091 5011 Ἐπειδὴ
3118 4942 3173 4995 δὲ
3202 4943 3546 5014 καινοτομίαν
3567 4948 3653 5000 ἐν·

1979 5024 2208 5078 εκάλουν
2230 5025 2306 5097 τῷ
2337 5026 2645 5096 πράγματι,
2677 5025 2950 5081 δείκνυσιν
2982 5029 3112 5083 αὐτὸ
3142 5032 3509 5105 πρεσϐύτερον
3534 5034 3652 5086 Ἐλ-⁸

1976 5112 2154 5183 λήνων
2187 5114 2270 5178 ὃν,
2305 5114 2398 5167 καὶ
2434 5116 2491 5167 ὲν
2519 5118 2631 5176 τοῖς
2663 5118 2969 5187 προφήταις
2996 5118 3553 5193 προδιαγραφόμενον,
3586 5124 3649 5177 El

1974 5202 2032 5255 δὲ
2064 5202 2137 5273 μὴ
2172 5202 2231 5269 ἐξ
2261 5203 2441 5273 ἀρχῆς
2482 5202 2671 5267 ἔδωκε,
2707 5205 2859 5274 παρά
2895 5206 3023 5270 τοὺς
3070 5208 3145 5278 μὴ
3177 5209 3530 5282 βουλομένους
3559 5211 3648 5265 δέ-

1975 5290 2169 5356 ξασθαι
2199 5302 2220 5329 π
2250 5307 2262 5320 ·
2314 5292 2364 5343 οί
2417 5290 2548 5360 γοῦν
2607 5291 2921 5362 βουλόμενοι
2973 5296 3232 5367 ἥκουσαν.
3301 5301 3554 5371 Ἀϐραὰμ
3613 5307 3646 5356 d

1972 5378 2169 5447 πατὴρ
2225 5378 2425 5446 ὑμῶν,
2466 5381 2668 5450 φησὶν,
2737 5382 3188 5451 ἠγαλλιάσατο,
3235 5388 3336 5442 ἵνα
3382 5389 3480 5457 ἴδῃ
3530 5388 3646 5457 τὴν

1971 5465 2199 5537 ἡμέραν
2240 5466 2352 5534 τὴν
2403 5468 2589 5536 ἐμήν·
2642 5468 2743 5523 καὶ
2778 5465 2936 5534 εἶδε,
2986 5472 3083 5525 καὶ
3127 5473 3334 5543 ἐχάρη.
3386 5476 3512 5539 Πῶς
3550 5472 3643 5531 οῦν

1969 5556 2156 5624 φησὶν,
2186 5555 2268 5608 ὅτι
2296 5556 2521 5610 Πολλοὶ
2551 5556 2850 5628 προφῆται
2882 5559 2979 5613 καί
3008 5560 3223 5615 δίκαιοι
3251 5562 3644 5631 ἐπεθύμησαν

1968 5642 2117 5697 ἰδεῖν
2167 5643 2205 5697 ἃ
2252 5644 2420 5714 ὑμεῖς
2457 5646 2742 5712 βλέπετε,
2790 5648 2889 5702 καὶ
2937 5650 3051 5703 οὐκ
3093 5646 3288 5714 εἶδον;
3332 5649 3510 5713 Οῦτω,
3534 5670 3642 5725 φη-

1968 5732 2074 5797 σὶν,
2110 5732 2186 5795 ὼς
2215 5732 2374 5802 ὑμεῖς
2412 5733 2638 5805 βλέπετε
2671 5736 2767 5788 καὶ
2802 5734 3052 5801 ἀκούετε,
3090 5736 3263 5808 αὐτὴν
3299 5737 3397 5809 τὴν
3437 5740 3635 5811 σάρκα,

1963 5818 2057 5872 καὶ
2089 5818 2229 5872 αὐτὰ
2255 5819 2324 5872 τά
2353 5824 2554 5893 σημεῖα
2582 5823 2651 5875 τὰ
2687 5823 2782 5875 ἐπί
2813 5821 2921 5876 τῶν
2945 5822 3143 5893 ὄψεων.
3190 5825 3261 5879 Σὺ
3294 5825 3350 5879 δέ
3386 5828 3475 5897 μοι
3510 5828 3637 5882 σκό-

2024 5997 2048 6027 “
2087 5995 2421 6055 Subinlcmge
2446 5998 2531 6046 οὐκ
2557 5999 2752 6049 ἔδωκεν.
