3950 6462
247 340 342 400 ων

245 456 491 528 propheta:
515 465 561 511 et
578 457 711 526 justi
741 458 1003 514 voluerunt
1032 460 1224 524 uidere,
1267 475 1382 531 qua
1408 477 1496 516 vos
1523 462 1699 515 videtis
1720 500 1734 527 ,
1761 468 1809 515 et

242 567 334 602 non
362 549 587 602 viderunt
621 549 832 619 (Matth.
865 553 951 607 15.
988 550 1124 624 17)?
1152 552 1227 608 Ita
1256 552 1489 617 scilicet,
1522 554 1712 623 inqutt,
1746 562 1803 607 ut

240 654 328 693 vos
376 639 563 694 videtis
608 649 663 694 et
708 641 924 706 auditis,
972 638 1141 712 ipsam
1185 658 1424 708 carnem,
1475 644 1587 713 ipsa
1629 644 1804 713 signa,

235 731 396 785 oculis
455 742 720 800 percepta.
779 733 858 787 Tu
908 750 1036 789 vero
1082 737 1209 789 mihi
1255 736 1565 791 consideres
1612 737 1801 803 velim,

233 830 421 892 quanto
466 830 620 877 antea
664 835 903 894 tempore
945 826 1061 882 haec
1107 828 1357 897 praedicta
1404 829 1600 885 fuerint
1631 847 1644 883 :
1679 846 1801 885 nam

231 929 344 969 cum
378 913 516 968 Deus
546 930 737 984 magna
766 918 1009 986 quaedam
1035 929 1386 988 apparaturus
1414 930 1517 988 est,
1549 936 1611 977 ea
1634 921 1801 976 multo

232 1015 349 1061 ante
389 1016 628 1077 tempore
667 1011 1019 1079 przenuntiat,
1065 1027 1224 1068 aures
1269 1030 1572 1084 praeparans
1611 1014 1676 1069 ad
1709 1014 1800 1070 illa

227 1098 552 1167 excipienda.
603 1098 667 1154 In
706 1100 989 1172 Scripturis
1025 1107 1233 1159 sanctis.
1264 1104 1380 1159 Non
1423 1115 1627 1161 tantum
1653 1107 1797 1161 enim

225 1189 463 1244 dicebant
500 1192 812 1260 prophetm,
854 1194 949 1248 sed
977 1195 1283 1251 scribebant
1308 1198 1471 1252 etiam
1502 1198 1591 1252 illa
1618 1240 1632 1264 ,
1674 1213 1795 1266 qua:

223 1281 564 1350 loquebantur
591 1302 604 1336 :
634 1299 731 1339 nec
756 1285 1058 1340 scribebant
1081 1288 1279 1351 solum,
1305 1289 1398 1343 sed
1428 1305 1520 1358 per
1547 1304 1631 1344 res
1664 1290 1795 1359 ligu-

222 1373 429 1439 rabant;
477 1386 532 1429 ut
580 1391 699 1431 eum
741 1378 1009 1433 Abraham
1044 1381 1188 1436 Isaac
1213 1382 1467 1448 duceret,
1505 1393 1560 1438 et
1586 1384 1797 1455 Moyses

220 1475 515 1534 serpentem
572 1468 877 1533 exultaret,
926 1486 1119 1525 manus
1172 1473 1487 1528 extenderet
1539 1476 1795 1531 adversus

221 1558 454 1621 Amalec,
495 1568 555 1613 et
600 1575 796 1630 agnum
825 1564 1127 1631 pasclialem
1160 1565 1479 1619 immolaret.
1509 1566 1561 1621 ὃ.
1588 1567 1665 1621 De
1686 1569 1794 1636 ﬁlia

216 1664 299 1702 suo
321 1690 335 1713 ,
358 1650 444 1719 qui
484 1663 636 1705 natus
665 1662 737 1706 est
761 1652 826 1707 de
852 1654 1041 1709 semine
1067 1654 1236 1711 David
1262 1658 1536 1712 secundum
1565 1675 1789 1714 carnem.

215 1741 342 1808 Quid
370 1744 498 1798 iacis
520 1786 536 1811 ,
571 1745 769 1800 Paule?
798 1757 1080 1818 postquam
1121 1749 1332 1805 animos
1370 1760 1585 1812 nostros
1613 1753 1665 1807 in
1693 1768 1788 1808 su-

215 1834 365 1889 blime
393 1835 688 1891 subvexisti
709 1878 726 1903 ,
769 1854 833 1893 ac
862 1854 1051 1909 magna
1083 1856 1383 1909 arcanaque
1424 1843 1787 1913 itnaginationi

212 1929 476 1994 obtulisti,
516 1939 575 1984 et
616 1933 951 2003 evangelium
994 1936 1338 1998 memorasti,
1379 1951 1442 1991 ac
1490 1938 1583 1991 Dei
1628 1954 1787 1992 evan-

212 2024 390 2092 gvlinm
418 2066 434 2091 ,
483 2025 575 2079 ubi
623 2025 747 2080 item
793 2027 1021 2082 chorum
1074 2028 1452 2098 prophetarum
1508 2031 1783 2100 induxisti,

210 2131 488 2187 omnesque
547 2118 733 2173 multis
788 2126 914 2173 ante
962 2121 1116 2175 annis
1173 2119 1347 2175 futura
1398 2125 1787 2192 pramuntiasse

213 2209 478 2264 ostendisti
505 2228 519 2263 :
542 2226 800 2281 quorsum
823 2228 1011 2268 rursus
1038 2230 1135 2269 nos
1161 2216 1385 2273 adducis
1405 2218 1471 2271 ad
1493 2218 1785 2274 Dav-idem?

209 2303 268 2357 de
293 2318 546 2373 quonam,
576 2321 780 2374 qnmso,
810 2305 1027 2362 homine
1052 2306 1311 2377 loqueris,
1341 2311 1424 2364 cui
1452 2320 1656 2380 patrem
1688 2313 1784 2366 dus

207 2396 343 2451 Jesse
369 2396 575 2451 tilium?
615 2400 885 2468 quomodo
922 2411 1145 2470 possunt
1183 2401 1297 2458 lucc
1324 2404 1482 2474 digna
1520 2420 1639 2460 esse
1683 2406 1779 2467 iis,

207 2504 314 2558 qua:
338 2488 475 2543 dicta
507 2489 669 2544 sunt?
697 2491 998 2547 Admodum
1027 2505 1174 2550 certe
1200 2494 1358 2565 digna
1380 2514 1392 2550 :
1413 2512 1518 2550 non
1545 2497 1687 2551 enim
1714 2498 1782 2553 de

206 2598 340 2636 mero
363 2582 601 2651 homine,
644 2583 836 2652 inquit,
864 2600 1042 2640 sermo
1073 2588 1227 2641 nobis
1253 2597 1354 2642 est.
1386 2588 1613 2660 Ideoque
1649 2591 1780 2645 illud

206 2676 378 2744 adjeci,
409 2676 707 2731 Secundum
732 2695 972 2746 carnem,
1016 2680 1360 2736 subindicans
1391 2684 1550 2737 etiam
1581 2699 1778 2738 secun-

205 2771 317 2823 dum
360 2769 618 2839 Spiritum
660 2773 1064 2839 generationem
1102 2775 1217 2843 ejus
1246 2790 1388 2831 esse.
1434 2776 1499 2829 Et
1529 2792 1626 2830 cur
1654 2776 1778 2832 hinc

206 2864 405 2932 intepit,
450 2872 506 2917 et
534 2879 642 2918 non
673 2864 819 2920 illinc
838 2880 866 2918 a
895 2866 1336 2922 sublimioribus?
1361 2868 1621 2935 Quoniam
1656 2868 1778 2925 hinc

201 2954 346 3006 etiam
371 2962 423 3008 et
450 2954 733 3010 Matthmus
762 2964 817 3012 et
843 2957 1013 3012 Lucas
1037 2968 1091 3013 et
1111 2959 1336 3014 Marcus.
1364 2960 1496 3014 Nam
1526 2962 1571 3015 is
1596 2961 1683 3030 qui
1709 2961 1774 3015 ad

201 3045 375 3101 ratium
397 3046 656 3103 ducturus
681 3059 784 3116 est,
818 3051 884 3106 ab
916 3051 1252 3108 inferioribus
1278 3054 1343 3107 ad
1370 3056 1643 3123 superiora
1676 3072 1775 3111 ne-

201 3140 416 3193 cessario
444 3139 631 3195 ducet.
667 3142 778 3197 Hoc
803 3144 945 3197 enim
977 3143 1167 3199 ordine
1206 3160 1293 3200 res
1336 3147 1623 3201 constituta
1652 3146 1768 3202 fuit.

202 3229 363 3285 Primo
388 3230 548 3300 igitur
574 3232 823 3287 viderunt
843 3230 988 3287 illum
1015 3235 1283 3290 hominem
1308 3237 1357 3290 in
1384 3247 1547 3302 terra,
1574 3248 1628 3292 et
1648 3237 1774 3295 hinc

202 3321 566 3379 intellexerunt
589 3340 714 3380 esse
746 3326 934 3381 Deum.
974 3327 1087 3395 Qua
1136 3328 1295 3398 igitur
1324 3330 1435 3399 ipse
1473 3332 1769 3386 doctrinam

200 3413 473 3481 impertiit,
522 3415 715 3471 eadem
757 3418 963 3473 ratione
987 3419 1285 3483 discipulus
1310 3422 1427 3487 ejus
1458 3423 1594 3477 viam
1622 3431 1770 3477 secat

200 3503 311 3559 illuc
335 3504 619 3560 ferentem.
650 3507 828 3562 Primo
856 3508 1015 3578 igitur
1043 3512 1443 3579 generationem
1475 3512 1766 3567 secundmn

199 3609 395 3649 carnem
426 3606 727 3664 memorat,
764 3614 867 3653 non
912 3601 1053 3670 quod
1093 3604 1260 3671 prima
1289 3606 1396 3670 sit,
1430 3605 1522 3659 sed
1551 3606 1671 3675 quia
1699 3606 1768 3660 ab

200 3686 287 3741 hac
307 3687 370 3741 ad
400 3689 545 3743 illam
579 3690 694 3744 vult
734 3691 1031 3747 auditorem
1063 3694 1280 3751 ducere.
1314 3698 1369 3753 4.
1398 3696 1503 3763 Qui
1527 3699 1767 3768 deﬁnitus

197 3789 257 3830 est
268 3774 421 3831 Filius
432 3780 534 3835 Dei
562 3782 617 3836 in
642 3783 825 3837 uirtute
848 3794 896 3837 et
924 3785 1126 3854 Spiritu
1149 3790 1569 3858 sanctiﬁcationis
1592 3808 1655 3845 ex
1682 3809 1762 3846 re-

196 3871 480 3926 surrectione
505 3883 821 3927 mortuorum
841 3875 965 3929 Jesu
984 3875 1189 3932 Christi.
1211 3878 1286 3933 Ex
1312 3880 1593 3936 verborum
1614 3897 1764 3937 com-

198 3962 457 4027 plicatione
487 3967 779 4022 obscurum
808 3978 892 4023 est
918 3969 1060 4039 quod
1103 3971 1263 4037 dicit,
1292 3983 1619 4044 quapropter
1646 3976 1759 4029 dis-

195 4054 474 4125 tinguamus
499 4070 734 4128 Oportet.
768 4061 907 4128 Quid
951 4063 1050 4117 sibi
1082 4064 1195 4119 vult
1220 4080 1347 4136 ergo
1373 4084 1385 4119 :
1412 4067 1544 4121 Eum
1576 4069 1665 4139 qui
1693 4084 1759 4124 ex

197 4144 371 4202 Davide
391 4158 549 4204 natus
574 4159 656 4205 est
677 4152 1050 4220 pnedicamus,
1075 4155 1267 4225 inquit,
1294 4156 1391 4212 sed
1416 4157 1518 4212 hoc
1542 4158 1756 4229 quidem

193 4249 410 4307 apertum
438 4254 544 4297 est.
575 4242 678 4298 Sed
707 4244 1157 4313 undenam?Quia
1182 4248 1268 4304 hic
1288 4249 1768 4308 incarnatusFilius

194 4331 273 4386 Dei
298 4344 391 4389 est.
422 4336 462 4390 A
486 4336 767 4407 prophetis
801 4338 1029 4407 primum
1057 4339 1301 4409 discitur,
1325 4341 1446 4398 ideo
1474 4343 1582 4397 ait:
1606 4343 1755 4409 Quod

190 4434 288 4478 ante
310 4428 604 4496 promiserat
633 4446 722 4500 per
748 4430 1022 4500 prophetas
1040 4448 1157 4486 suos
1173 4436 1231 4489 in
1241 4432 1516 4505 Scripturis
1540 4436 1751 4493 sanctis.

188 4514 287 4568 Non
314 4534 465 4586 parva
487 4531 670 4576 autem
693 4520 1095 4578 demonstrandi
1117 4525 1254 4580 ratio
1270 4524 1385 4581 haec
1398 4535 1500 4586 est.
1524 4526 1747 4596 Deinde,

189 4620 241 4659 ex
269 4610 416 4663 modo
445 4612 610 4667 etiam
653 4615 1052 4684 generationis;
1093 4616 1237 4687 quod
1275 4625 1330 4673 et
1358 4620 1473 4689 ipse
1515 4619 1749 4677 declarat

189 4696 257 4751 his
281 4704 471 4756 verbis:
490 4702 577 4757 Ea:
595 4706 780 4759 semine
799 4705 966 4760 Dauid
984 4708 1260 4763 secundum
1278 4726 1482 4766 carnem
1502 4728 1523 4768 :
1544 4722 1747 4771 natura:

186 4791 357 4860 quippe
383 4793 555 4864 legem
577 4796 760 4853 solvit.
781 4797 963 4854 Tertio
988 4816 1018 4852 a
1047 4801 1319 4858 miraculis
1345 4818 1464 4872 qua:
1490 4807 1740 4874 patravit,

186 4898 366 4954 niaguze
408 4889 666 4956 potentia:
713 4902 1085 4962 argumentum
1132 4894 1408 4963 praebens;
1459 4895 1562 4953 hoc
1600 4899 1742 4953 enim

185 4976 267 5030 sibi
311 4980 417 5033 vult
460 4981 617 5048 illud,
668 4982 736 5038 In
779 4984 981 5039 virtute.
1013 4986 1239 5055 Quarto,
1284 5002 1315 5043 a
1354 4990 1553 5059 Spiritu
1584 5008 1740 5062 quem

183 5066 311 5124 dedit
330 5073 667 5130 credentibus
692 5075 744 5131 in
770 5090 859 5135 se.
889 5086 944 5132 et
984 5092 1262 5148 perquem
1287 5094 1478 5137 omnes
1527 5093 1741 5139 sanctos

182 5161 363 5231 effecit;
395 5166 515 5222 ideo
544 5168 657 5235 ait,
699 5168 994 5223 Secundum
1030 5171 1267 5241 spiritum
1301 5174 1737 5243 sanctiﬁcationis.

185 5255 261 5311 Dei
286 5259 418 5313 enim
446 5261 613 5315 solius
639 5272 757 5318 erat
788 5262 911 5317 talia
939 5263 1079 5318 dona
1112 5264 1315 5336 largiri.
1345 5265 1564 5334 Quinto,
1595 5283 1624 5321 a
1654 5284 1740 5324 re-

181 5351 481 5408 surrectione
499 5354 729 5410 Domini.
757 5356 852 5410 llic
872 5357 1016 5411 enim
1040 5358 1243 5427 primus
1262 5366 1317 5415 et
1335 5359 1483 5416 solus
1503 5362 1737 5431 seipsum

183 5455 207 5490 a
236 5444 440 5498 mortuis
467 5447 739 5501 excitavit.
765 5446 915 5516 Quod
938 5456 993 5502 et
1014 5448 1128 5518 ipse
1157 5449 1232 5504 ait
1258 5449 1470 5520 signum
1494 5452 1734 5508 omnium

186 5533 387 5590 maxime
407 5536 653 5593 idoneum
679 5554 799 5595 esse
819 5540 887 5596 ad
914 5541 1334 5613 impudentiores
1358 5545 1731 5601 coniutandos.

184 5620 294 5678 Nam
316 5626 420 5682 ait:
446 5627 636 5685 Solvite
656 5632 901 5703 templum
926 5636 1040 5703 hoc,
1067 5644 1113 5690 et
1135 5635 1188 5689 in
1214 5635 1371 5692 tribus
1401 5637 1575 5692 diebus
1599 5640 1737 5693 exci-

186 5717 281 5769 tabo
315 5718 439 5775 illud
480 5721 656 5794 (Joan.
700 5724 754 5779 2.
800 5725 1155 5796 19);et,Cum
1194 5729 1535 5785 exaltareritis
1564 5747 1644 5785 me
1671 5731 1735 5787 de

189 5814 326 5876 tam,
368 5822 479 5867 tunc
501 5818 805 5887 cognoscetis
828 5818 948 5889 quia
975 5834 1066 5890 ego
1091 5837 1201 5877 sum
1232 5821 1409 5895 (Joan.
1443 5822 1497 5880 8.
1520 5822 1646 5895 28);
1678 5834 1733 5881 et

1354 343 1423 406 tu
1460 350 1674 412 EPIST.
1712 356 1803 410 AD
1838 353 2005 413 nou.
2038 344 2271 413 HOMIL.
2311 358 2350 413 l.

3394 379 3501 438 ἔ.υὸ

1918 478 2149 531 rursum,
2175 466 2441 525 Generatio
2483 472 2590 527 hate
2620 478 2824 547 signum
2862 482 3060 551 quwrit,
3094 494 3141 538 et
3172 488 3371 558 signum
3399 510 3502 548 non

1914 556 2119 612 dabitur
2169 562 2235 628 ei,
2282 563 2382 617 nisi
2420 566 2621 636 signum
2656 569 2812 625 J0me
2851 572 3061 643 (Matth.
3097 578 3185 633 l2.
3216 556 3330 652 S9).
3359 584 3498 652 Quid

1911 649 2013 704 sibi
2041 650 2155 705 vult
2180 652 2308 708 illud
2330 698 2345 722 ,
2375 655 2662 714 definitus?
2691 660 2972 730 Ostensus,
3010 649 3330 737 declaratus,
3361 649 3500 731 indi-

1909 750 2080 807 catus,
2122 743 2420 815 confessus,
2462 751 2699 806 omnium
2742 753 2944 823 judicio
2971 766 3025 813 et
3048 760 3288 829 calculo,
3315 780 3346 821 a
3375 782 3498 836 pro-

1910 831 2121 901 phetis,
2174 836 2242 890 ab
2296 839 2663 910 inexspectato
2698 856 2818 901 ortu
2861 852 3153 907 secundum
3182 831 3430 927 carnem,
3466 876 3497 916 a

1906 929 2146 996 potentia
2175 930 2471 1001 signorum,
2499 952 2529 989 a
2554 937 2776 1009 Spiritu,
2808 956 2905 1011 per
2930 960 3086 1012 quem
3114 951 3500 1007 sanctiﬁcatio-

1905 1032 2028 1072 nem
2063 1020 2245 1085 dedit,
2278 1038 2307 1077 a
2339 1030 2734 1086 resurrectione
2756 1074 2771 1097 ,
2799 1049 2902 1104 qua
2932 1039 3124 1094 mortis
3155 1042 3489 1112 tyrannidem

1902 1111 2080 1165 solvit.
2110 1115 2165 1169 5.
2196 1113 2299 1169 Per
2323 1133 2468 1178 quem
2494 1123 2781 1191 accepimus
2807 1128 3024 1196 gratiam
3065 1140 3114 1184 et
3147 1111 3491 1201 apostolatum

1900 1202 1954 1257 in
2001 1205 2335 1262 obedientiam
2380 1210 2520 1278 ﬁdei.
2564 1213 2698 1271 Vide
2734 1228 2943 1287 gratum
2988 1222 3169 1278 famuli
3213 1227 3489 1293 animum;

1903 1294 2033 1349 nihil
2062 1311 2216 1352 suum
2250 1315 2370 1356 esse
2397 1304 2530 1368 vult,
2556 1292 2657 1360 Sed
2687 1310 2864 1363 omnia
2897 1312 3121 1368 Domini.
3158 1319 3313 1387 Atqui
3347 1292 3489 1376 hunc

1899 1400 2113 1456 quoque
2155 1388 2414 1459 Spiritum
2458 1394 2632 1461 dedit;
2677 1396 2800 1453 ideo
2837 1399 3078 1461 dicebat:
3117 1404 3285 1462 Multa
3326 1411 3487 1465 habeo

1900 1476 2037 1529 vobis
2065 1479 2250 1544 dicere,
2280 1483 2368 1536 sed
2397 1500 2498 1539 non
2528 1489 2733 1556 potestis
2754 1501 2957 1560 portare
2976 1495 3144 1548 modo.
3169 1496 3296 1552 Cum
3315 1511 3484 1556 autem

1897 1572 2083 1624 venerit
2108 1572 2198 1627 ille
2225 1574 2449 1643 Spiritus
2479 1581 2721 1646 veritatis,
2755 1582 2902 1638 ducet
2932 1602 3018 1640 vos
3043 1587 3094 1641 in
3124 1606 3320 1645 omnem
3350 1597 3481 1648 veri.

1896 1670 2047 1751 tatem
2073 1663 2253 1732 (Joan.
2283 1666 2372 1721 16.
2403 1668 2515 1738 12).
2541 1671 2605 1725 Et
2634 1689 2862 1742 rursum,
2900 1677 3177 1751 Segregate
3197 1684 3319 1737 mihi
3337 1684 3477 1741 Pan.

1893 1750 2000 1804 tum
2047 1762 2092 1805 et
2121 1752 2413 1811 Barnabam
2436 1759 2573 1829 (Act.
2604 1764 2691 1819 15.
2717 1764 2800 1835 2).
2839 1765 2908 1821 Et
2935 1767 2988 1823 in
3019 1750 3243 1840 epistola
3270 1775 3337 1829 ad
3380 1775 3482 1832 Co-
3568 1849 3573 1853 η
3651 1781 3658 1786 ’

1894 1844 2121 1902 rinthios
2159 1849 2234 1903 ait
2257 1868 2272 1905 :
2293 1850 2398 1905 Alii
2426 1871 2516 1924 per
2545 1856 2797 1912 Spiritum
2827 1861 2981 1915 datur
3002 1879 3164 1919 sermo
3194 1871 3475 1938 sapientiw,

1890 1936 1984 1990 alii
2011 1955 2174 1994 sermo
2200 1944 2425 1999 scientiw
2454 1947 2527 2015 (1.
2557 1947 2674 2001 Cor.
2704 1950 2790 2004 12.
2822 1951 2906 2023 8).
2939 1955 3021 2019 Et,
3045 1955 3172 2025 Ipse
3199 1936 3370 2013 omnia
3394 1936 3475 2017 di?

1890 2027 2016 2082 vidit
2053 2032 2185 2086 sicut
2214 2034 2320 2088 vult
2347 2036 2480 2105 (Act.
2514 2037 2604 2093 20.
2632 2039 2745 2110 28).
2783 2042 2849 2097 Et
2894 2044 3112 2101 Milesiis
3149 2052 3477 2109 concionans

1888 2119 2047 2176 dicit:
2089 2122 2153 2177 In
2189 2142 2287 2195 quo
2321 2131 2488 2198 posuit
2531 2146 2617 2188 vos
2668 2134 2896 2204 Spiritus
2938 2150 3144 2196 sanctus
3179 2156 3405 2213 pastores
3430 2160 3477 2203 et

1887 2212 2166 2283 episcOpos.
2198 2216 2387 2272 Viden'
2411 2224 2682 2289 quomodo
2709 2241 2771 2281 ea
2799 2243 2917 2297 quae
2933 2228 3163 2298 Spiritus
3182 2247 3326 2301 sunt,
3354 2238 3475 2295 Filii

1885 2316 2006 2358 esse
2035 2305 2205 2371 dicat;
2247 2318 2303 2363 et
2341 2326 2461 2379 qua:
2508 2313 2629 2369 Filii
2668 2327 2812 2384 sunt,
2857 2319 3129 2389 Spiritus?
3161 2325 3390 2383 Gratiam
3425 2341 3475 2384 et

1884 2400 2265 2466 apostolatum,’
2302 2402 2352 2457 id
2385 2413 2495 2468 est,
2540 2422 2644 2461 non
2679 2424 2776 2466 nos
2808 2410 2911 2467 hoc
2935 2413 3208 2472 eliecimus
3241 2429 3297 2474 ut
3319 2435 3469 2477 esse-

1885 2505 2003 2543 mus
2028 2493 2271 2560 apostoli.
2315 2495 2428 2550 Non
2455 2497 2597 2553 enim
2647 2500 2827 2557 labore
2855 2515 2910 2558 et
2934 2520 3094 2575 opera
3124 2520 3305 2566 nostra
3333 2512 3474 2570 hanc

1881 2582 2194 2652 dignitatem
2224 2588 2398 2642 sortiti
2428 2605 2646 2658 sumus;
2674 2594 2770 2649 sed
2803 2597 3028 2665 gratiam
3057 2603 3383 2673 accepimus,
3416 2615 3471 2661 et

1881 2688 1947 2727 ex
1972 2689 2207 2744 superno
2228 2676 2370 2734 dono
2392 2679 2493 2737 hoc
2520 2698 2714 2740 munus
2736 2685 2917 2742 datum
2944 2691 3097 2746 nobis
3124 2703 3227 2749 est.
3260 2695 3324 2751 In
3348 2698 3471 2753 ohe.

1878 2766 2123 2823 dientiam
2153 2772 2294 2839 ﬁdei.

1951 2863 2004 2916 5.
2035 2863 2150 2917 Νοη
2177 2880 2307 2935 ergo
2335 2869 2563 2936 apostoli
2610 2870 2724 2926 lucc
2749 2872 3055 2930 efficiebant
3074 2918 3087 2940 ,
3118 2880 3213 2934 sed
3255 2896 3465 2950 praeve-

1880 2955 2032 3008 niens
2077 2956 2195 3012 illos
2238 2960 2426 3028 gratia.
2479 2961 2693 3017 Illorum
2739 2966 2937 3036 quippe
2983 2978 3099 3024 erat
3144 2972 3372 3031 circuire
3413 2987 3468 3032 et

1878 3047 2197 3115 prtedicarc;
2231 3051 2555 3120 persuadere
2583 3065 2760 3111 autem
2804 3059 2895 3115 Dei
2936 3074 3083 3128 erat,
3117 3064 3171 3119 in
3200 3066 3303 3121 illis
3331 3083 3464 3139 ope-

1877 3141 2066 3206 rantis,
2096 3153 2147 3195 ut
2172 3153 2227 3197 et
2252 3142 2425 3207 Lucas
2449 3144 2615 3201 dicit:
2645 3148 2852 3218 Aperuit
2876 3168 2962 3206 cor
2986 3154 3246 3222 ipsorum;
3273 3168 3327 3212 et
3349 3176 3467 3214 rur-

1874 3244 2014 3291 sum.
2033 3230 2223 3293 Quibus
2249 3235 2424 3289 datum
2448 3248 2554 3291 erat
2573 3241 2749 3295 audire
2773 3242 2973 3298 verbum
2993 3244 3110 3301 Dei.
3139 3247 3203 3303 In
3229 3251 3464 3307 obedien-

1872 3322 2016 3376 tiam.
2032 3321 2149 3378 Non
2162 3322 2313 3388 dixit,
2332 3323 2388 3378 In
2402 3329 2843 3399 perquisitionem
2858 3333 2961 3398 vel,
2980 3333 3038 3387 In
3049 3352 3421 3409 argumentum
3443 3363 3458 3411 ;

1863 3411 2054 3475 sed,In
2069 3415 2448 3472 obedientiam.
2476 3418 2658 3492 Neque
2679 3425 2820 3478 enim
2847 3426 2993 3481 missi
3021 3445 3203 3486 sumus
3222 3474 3236 3499 ,
3266 3435 3456 3505 inquit,

1872 3514 1931 3560 ut
1972 3507 2312 3578 syllogismos
2350 3510 2671 3581 aﬂ‘eramus,
2721 3516 2814 3571 sed
2860 3527 2919 3571 ut
2967 3521 3109 3590 quod
3156 3526 3460 3595 accepimus

1871 3600 2178 3656 reddamus.
2211 3602 2344 3658 Cum
2386 3604 2530 3660 enim
2571 3607 2823 3667 Dominus
2867 3612 3067 3683 aliquid
3112 3619 3455 3686 pronuntiat,

1872 3707 1981 3747 non
2022 3693 2223 3749 debent
2255 3694 2530 3753 auditores
2559 3700 2770 3756 curiose
2807 3707 3032 3759 scrutari
3056 3706 3138 3760 vel
3167 3707 3419 3781 indagare
3438 3752 3456 3780 ,

1867 3785 1961 3840 sed
1989 3787 2163 3841 solum
2186 3788 2453 3857 accipere.
2476 3789 2608 3844 Nam
2630 3794 2859 3860 apostoli
2891 3794 3014 3851 ideo
3037 3799 3186 3852 missi
3215 3810 3370 3869 sunt,
3400 3812 3455 3858 ut

1865 3896 1983 3947 qua:
2011 3881 2296 3937 audierunt
2324 3883 2523 3948 dicant,
2556 3901 2661 3939 non
2695 3896 2751 3941 ut
2780 3888 2979 3958 aliquid
3009 3892 3077 3947 de
3097 3909 3196 3948 suo
3216 3896 3410 3952 addant
3434 3915 3452 3954 :

1864 3980 1919 4026 et
1954 3987 2052 4026 nos
2092 3974 2263 4027 solum
2298 3984 2353 4028 ut
2381 3976 2685 4033 credamus.
2719 3978 2854 4046 Quid
2885 3982 3208 4039 credamus?
3245 3984 3326 4040 De
3353 4005 3452 4043 no—

1862 4065 1996 4119 mine
2018 4068 2128 4136 ejus
2154 4066 2290 4139 (Act.
2315 4070 2368 4122 5.
2393 4069 2475 4140 6),
2497 4086 2600 4124 non
2626 4079 2683 4125 ut
2698 4072 2765 4127 de
2787 4074 3081 4130 substantia
3104 4078 3219 4147 ejus
3239 4082 3450 4136 curiose

1860 4159 2260 4228 perquiramus,
2311 4161 2404 4215 sed
2451 4161 2501 4215 in
2551 4178 2741 4218 nomen
2788 4165 2905 4235 ejus
2948 4167 3272 4225 credamus:
3323 4172 3453 4227 illud

1858 4251 2000 4305 enim
2032 4251 2177 4322 signa
2206 4252 2434 4308 faciebat
2465 4273 2477 4309 :
2513 4255 2642 4310 Nam
2667 4258 2762 4321 ait,
2794 4257 2857 4313 In
2886 4262 3088 4316 nomine
3112 4262 3239 4318 Jesu
3263 4264 3449 4321 Christi

1854 4357 2006 4413 surge
2033 4353 2079 4396 et
2107 4343 2313 4398 ambula
2352 4344 2534 4415 (Rom.
2568 4347 2654 4402 15.
2694 4348 2815 4425 19).
2848 4350 2917 4405 Et
2944 4352 2997 4405 in
3036 4352 3139 4408 hoc
3162 4354 3275 4411 iide
3310 4372 3446 4427 opus

1854 4446 1935 4492 est
1954 4478 1967 4501 ,
2014 4437 2252 4508 nihilque
2289 4454 2477 4494 eorum
2508 4441 2789 4497 ratiocinio
2817 4459 3012 4515 capere
3040 4461 3344 4516 possumus.
3377 4450 3444 4504 In

1852 4527 2082 4582 omnibus
2099 4527 2358 4597 Gentibus,
2372 4532 2425 4585 in
2435 4532 2613 4601 quibus
2626 4534 2742 4589 estis
2753 4544 2798 4589 et
2814 4553 2897 4590 vos
2915 4540 3079 4592 vocati
3092 4537 3129 4592 Ι
3132 4556 3218 4594 esu
3234 4540 3441 4596 Christi.

1851 4618 1986 4685 Quid
2014 4619 2182 4689 ergo?
2210 4622 2291 4675 An
2318 4623 2570 4678 omnibus
2592 4623 2854 4681 Gentibus
2877 4628 3185 4695 prmdicavit
3211 4630 3441 4688 Paulus?

1849 4710 2004 4778 Quod
2031 4712 2173 4766 enim
2197 4714 2267 4768 ab
2294 4713 2647 4787 Jerosolymis
2674 4718 2740 4771 ad
2764 4718 3033 4789 lllyricum
3057 4725 3439 4791 peragraverit,

1848 4802 2079 4872 indeque
2105 4819 2315 4860 rursum
2354 4806 2421 4861 ad
2448 4818 2691 4864 extrema
2722 4817 2880 4864 terrae
2907 4813 3226 4880 pervaserit,
3262 4814 3435 4883 palam

1846 4902 2012 4949 estex
2040 4894 2103 4949 iis
2132 4912 2253 4967 quae
2272 4898 2530 4955 Romanis
2553 4901 2785 4970 scripsit.
2818 4901 2929 4956 Etsi
2953 4917 3079 4957 vero
3100 4919 3204 4959 non
3231 4906 3296 4960 ad
3320 4920 3441 4962 om-

1845 5003 1944 5043 nes
1969 4992 2308 5058 pervenerit,
2338 5008 2405 5046 ne
2438 4993 2517 5047 sic
2541 4992 2752 5063 quidem
2781 4992 2973 5050 falsum
3004 5004 3087 5050 est
3112 4996 3254 5066 quod
3281 4997 3431 5053 dicit.

1843 5081 1959 5136 Non
1985 5083 2127 5137 enim
2162 5083 2229 5139 de
2250 5098 2313 5139 se
2340 5091 2544 5140 tantum
2585 5085 2849 5154 loquitur;
2886 5087 2982 5143 sed
3010 5089 3172 5143 etiam
3208 5089 3275 5146 de
3299 5089 3437 5146 duo-

1841 5173 2017 5231 decim
2059 5175 2349 5245 apostolis,
2389 5186 2443 5231 et
2484 5176 2554 5232 de
2589 5177 2654 5231 iis
2683 5178 2772 5247 qui
2802 5193 2924 5233 cum
2953 5179 3059 5236 illis
3083 5180 3304 5236 verbum
3333 5196 3432 5239 an-

1840 5269 2238 5323 nuntiaverunt.
2274 5268 2522 5338 Alioquin
2563 5278 2743 5325 autem
2786 5272 2996 5327 etiamsi
3043 5271 3112 5329 de
3158 5274 3328 5331 Paulo
3375 5276 3429 5333 id

1840 5359 2241 5430 intelligendum
2261 5374 2473 5431 arguas,
2493 5377 2598 5417 non
2616 5371 2805 5418 contra
2825 5364 3005 5421 dicere
3034 5367 3226 5435 possis,
3251 5368 3296 5425 si
3319 5367 3425 5425 fer-

1839 5466 2022 5508 vorem
2044 5452 2160 5522 ejus
2179 5452 2526 5519 consideres;
2558 5464 2609 5510 et
2635 5454 2778 5525 quod
2805 5471 2875 5511 ne
2900 5465 3023 5526 post
3044 5467 3273 5514 mortem
3302 5463 3423 5527 qui-

1836 5542 1960 5599 dem
2005 5552 2181 5600 cesset
2235 5545 2430 5615 ubiqne
2475 5554 2735 5602 terrarum
2781 5548 3094 5618 praedicare.
3141 5550 3423 5621 Perpende

1835 5636 2105 5709 quomodo
2133 5637 2358 5693 extollat
2381 5638 2602 5706 donum,
2635 5640 2988 5712 ostendatque
3015 5658 3266 5714 magnum
3290 5644 3421 5700 illud

1836 5744 1956 5785 esse
1992 5739 2048 5785 et
2085 5729 2247 5800 priori
2286 5730 2569 5787 sublimius
2621 5749 2633 5787 :
2680 5740 2861 5790 vetera
2899 5733 3161 5804 siquidem
3207 5745 3419 5807 gentem

1835 5837 1992 5879 unam
2018 5824 2362 5894 spectabant;
2386 5823 2487 5880 hoc
2512 5833 2689 5881 autem
2716 5823 2923 5882 donum.
2956 5833 3163 5884 terram
3181 5838 3231 5884 ct
3272 5844 3428 5886 mare
