3950 6456
442 350 542 410 S99

444 463 685 523 attraxit.
714 460 829 520 Hoc
855 458 983 514 item
1014 453 1147 510 mihi
1178 452 1487 509 consideres
1536 447 1695 503 velim
1720 488 1735 513 ,
1763 442 2032 514 quomodo

446 559 595 617 Pauli
640 554 816 610 anima
865 550 1010 605 omni
1055 561 1249 616 expers
1288 544 1360 598 sit
1398 539 1725 595 adulatione.
1764 537 2034 592 Romanos

447 654 592 711 eiiim
636 648 787 721 quasi
837 646 889 700 in
931 642 1129 699 vertice
1176 637 1339 693 totius
1370 633 1515 689 orbis
1541 630 1863 687 constitutos
1895 626 2033 680 allo-

456 759 663 818 quens,
713 739 843 797 nihil
896 736 1125 806 amplius
1172 732 1282 787 illis
1312 727 1593 792 concedit,
1639 739 1798 795 quam
1825 720 2036 776 caeteris

450 836 733 909 gentibus;
762 845 935 900 neque
959 824 1168 883 etiamsi
1194 821 1403 878 caneris
1426 818 1734 888 imperarint
1761 829 1824 868 ac
1851 825 2038 881 regna-

458 907 596 996 rent,
623 927 676 982 in
699 921 1064 995 spiritualibus
1083 917 1201 987 plus
1222 914 1418 970 habere
1439 911 1601 973 dicit;
1625 907 1721 962 sed
1747 907 1886 960 sicut
1914 918 2042 973 gen-

458 1022 598 1077 tibus
625 1015 895 1075 omnibus,
928 1010 1119 1080 inquit,
1149 1005 1525 1078 praedicamus,
1557 1000 1628 1054 ita
1657 1009 1711 1054 et
1739 996 1889 1050 vobis
1919 1009 2040 1048 cum

458 1109 676 1181 Scythis
706 1116 760 1162 et
797 1101 1097 1158 Thracibus
1127 1100 1272 1169 ipsos
1300 1105 1623 1151 enumerans
1657 1107 1672 1141 :
1708 1083 2041 1159 quandoqui-

457 1205 584 1261 dem
598 1202 698 1256 nisi
715 1200 815 1254 hnc
827 1195 1126 1268 significare
1143 1192 1415 1254 voluisset,
1431 1196 1882 1257 supervacaneum
1902 1185 2048 1233 esset

460 1296 683 1360 dixisse,
710 1290 774 1347 In
795 1290 974 1362 quibus
999 1289 1115 1343 estis
1136 1295 1310 1341 etuas.
1332 1283 1455 1337 llaec
1470 1289 1647 1334 autem
1668 1277 1813 1341 facit,
1837 1274 2045 1327 illorum

463 1388 656 1444 fastum
670 1396 725 1441 et
739 1381 1043 1454 superbiam
1061 1378 1387 1448 deprimens,
1406 1375 1656 1443 ipsosque
1672 1367 1881 1424 caeteris
1897 1378 2049 1435 pares

462 1496 583 1537 esse
604 1479 826 1535 docens.
854 1474 1188 1543 Quapropter
1209 1468 1327 1522 haec.
1352 1465 1626 1535 subiungit
1655 1478 1669 1517 :
1698 1461 1753 1516 6.
1787 1458 1851 1512 In
1873 1457 2049 1527 quibus

465 1573 584 1627 estis
625 1578 671 1625 et
710 1584 797 1622 vos
842 1565 1005 1620 vocali
1031 1563 1157 1617 Jesu
1201 1557 1427 1620 Christi;
1457 1555 1508 1609 id
1535 1563 1619 1609 est
1645 1594 1660 1619 ,
1706 1567 1828 1606 eum
1858 1547 2050 1619 quibus

468 1665 598 1717 estis
622 1672 676 1716 et
714 1674 829 1713 vos.
875 1658 940 1712 Et
970 1670 1076 1710 non
1120 1651 1288 1717 dixit,
1319 1647 1419 1704 Alii
1444 1646 1756 1707 vobiscum;
1784 1640 1879 1696 sed
1900 1681 1914 1704 ,
1947 1637 2055 1693 Vos

406 1750 411 1755 ’
471 1772 590 1812 cum
635 1755 775 1808 aliis.
817 1750 875 1805 Si
919 1749 1061 1803 enim
1103 1746 1156 1799 in
1183 1742 1397 1798 Christo
1438 1739 1568 1794 .lesu
1600 1751 1704 1791 non
1746 1742 1830 1788 est
1868 1744 2057 1786 servus

470 1863 642 1918 neque
672 1846 827 1911 liber,
859 1842 1029 1897 multo
1060 1837 1227 1908 magis
1255 1848 1426 1904 neque
1455 1848 1547 1887 rex
1578 1843 1747 1899 neque
1772 1827 2009 1898 privatus
2039 1838 2052 1874 :

470 1943 669 1997 etenim
700 1948 753 1992 et
797 1950 892 1989 vos
920 1932 1091 1988 vocati
1118 1929 1249 1985 estis
1273 1968 1288 1993 ,
1318 1940 1492 1995 neque
1521 1932 1712 1991 sponte
1746 1926 1924 1974 vestra
1963 1931 2055 1970 ae-

471 2033 731 2091 cessistis.
776 2030 828 2083 7.
877 2024 1138 2087 Omnibus,
1172 2022 1259 2091 qui
1308 2029 1425 2073 sunt
1474 2015 1679 2078 Romw,
1726 2012 1918 2066 dilectis
1970 2008 2064 2062 Dei

474 2125 664 2182 vocatis
686 2121 893 2185 sanctis,
920 2117 1085 2189 gratia
1111 2114 1251 2168 vobis
1269 2120 1315 2166 et
1338 2125 1438 2181 pax
1463 2125 1494 2161 a
1515 2107 1622 2160 Deo
1655 2105 1809 2159 Patre
1828 2110 1999 2156 nostro
2014 2108 2062 2153 et

480 2218 706 2274 Domino
727 2213 854 2269 Jesu
883 2211 1106 2266 Christo.
1142 2204 1275 2262 Vide
1316 2217 1476 2273 quam
1519 2200 1827 2268 frequenter
1866 2208 2063 2248 nomen

475 2310 637 2367 uocati
660 2314 912 2375 usurpet,
956 2300 1175 2356 Vocatus
1203 2294 1467 2366 apostolus
1486 2333 1500 2356 ,
1531 2291 1753 2353 dicens;
1782 2286 1849 2340 In
1887 2284 2064 2357 quibus

479 2405 598 2460 estis
626 2412 672 2456 et
706 2416 793 2453 vos
839 2394 1041 2459 uocati;
1086 2390 1332 2446 Omnibus
1361 2386 1447 2458 qui
1478 2393 1595 2439 sunt
1637 2382 1813 2436 Roma:
1855 2376 2064 2432 vocatis.

478 2494 617 2551 Illud
645 2501 825 2547 autem
858 2504 964 2543 non
994 2481 1265 2554 superflue
1286 2487 1537 2549 repetens
1568 2472 1694 2527 facit
1719 2514 1733 2538 ,
1761 2471 1855 2524 sed
1884 2480 1940 2523 ut
1965 2468 2069 2522 illis

480 2585 798 2643 beneficium
830 2582 882 2636 in
916 2577 1232 2635 memoriam
1262 2580 1503 2628 revocet.
1535 2568 1669 2635 Quia
1713 2566 1856 2621 enim
1886 2562 2073 2616 verisi-

482 2682 610 2737 mile
632 2686 782 2740 erat,
810 2675 950 2728 inter
976 2670 1260 2726 credentes
1285 2681 1355 2720 ex
1388 2661 1658 2735 praefectis
1683 2668 1735 2714 et
1769 2653 2071 2712 consulari-

485 2773 587 2827 bus
609 2768 868 2841 quosdam
897 2764 1060 2817 fuisse
1079 2802 1095 2828 ,
1142 2760 1377 2826 itemque
1428 2764 1690 2824 pauperes
1712 2757 1766 2805 et
1799 2747 2032 2817 privatos
2055 2783 2071 2809 ,

487 2837 805 2936 dignitatum
831 2856 1247 2928 inaequalitatem
1272 2849 1485 2911 tollens,
1507 2844 1753 2899 omnibus
1776 2855 1932 2895 unam
1954 2837 2078 2892 mit-

489 2960 556 3014 tit
580 2953 1065 3026 compellationem.
1086 2947 1145 3004 Si
1164 2958 1293 3001 vero
1313 2944 1366 2999 in
1384 2942 1544 2997 rebus
1571 2938 1736 3009 magis
1758 2932 2080 2990 necessariis

492 3062 549 3109 et
597 3024 968 3121 spiritualibus
1014 3036 1318 3097 communia
1363 3033 1543 3090 omnia
1588 3030 1762 3086 servis
1800 3037 1854 3083 et
1898 3024 2082 3082 liberis

495 3149 771 3218 prostant;
802 3148 857 3192 ut
893 3136 1088 3191 caritas
1118 3130 1243 3196 Dei,
1272 3127 1480 3183 vocatio
1500 3168 1515 3192 ,
1543 3122 1900 3193 evangelium,
1954 3117 2085 3172 ado-

496 3211 643 3308 ptio,
675 3230 841 3305 gratia
862 3270 876 3293 ,
907 3242 1027 3297 pax,
1077 3219 1467 3284 sanctiﬁcatio,
1507 3224 1810 3284 emteraque
1838 3211 2015 3266 omnia
2067 3226 2082 3263 :

498 3307 769 3399 quomodo
800 3337 903 3376 non
950 3330 1213 3375 extremm
1249 3311 1536 3368 dementia:
1562 3307 1760 3370 fuerit,
1793 3318 1922 3369 eos,
1952 3316 2088 3372 quos

502 3423 645 3475 Deus
669 3412 948 3484 conjunxit
970 3418 1023 3466 et
1053 3411 1103 3464 in
1129 3405 1422 3476 majoribus
1450 3416 1604 3472 pares
1632 3398 1779 3463 fecit,
1805 3412 1836 3451 a
1864 3393 2090 3451 terrenis

504 3509 732 3581 negotiis
759 3500 1130 3574 distinguere?
1158 3498 1389 3566 Ideoque
1411 3495 1478 3548 ab
1504 3493 1728 3548 exordio
1755 3490 1842 3543 hic
1861 3488 1942 3542 vir
1967 3487 2093 3541 bea-

503 3614 594 3658 tus
633 3615 848 3671 gravem
875 3596 1019 3650 hune
1054 3592 1330 3662 depellens
1357 3587 1629 3652 morbum,
1656 3585 1708 3638 in
1744 3592 1969 3639 matrem
2000 3581 2091 3635 bo-

508 3709 698 3750 norum
720 3689 956 3745 omnium
979 3684 1333 3740 humilitatem
1357 3682 1501 3751 ipsos
1522 3677 1741 3733 inducit.
1770 3676 1882 3730 IIoc
1911 3687 2098 3730 servos

509 3786 758 3842 meliores
786 3780 1082 3844 efficiebat,
1113 3775 1254 3848 quod
1291 3774 1595 3831 ediscerent
1623 3770 1756 3826 nihil
1787 3769 1887 3824 sibi
1916 3767 2099 3822 damni

510 3897 581 3937 ex
613 3879 871 3935 servitute
895 3875 1032 3939 fore,
1066 3888 1185 3929 cum
1201 3886 1326 3926 vera
1349 3870 1597 3926 libertate
1623 3867 1929 3923 fruerentur
1958 3881 1972 3917 :
2000 3867 2101 3918 hoe

512 3976 674 4030 etiam
713 3970 961 4026 dominos
992 3964 1304 4022 instituebat
1326 4006 1341 4030 ,
1379 3979 1500 4018 cum
1528 3960 1884 4017 edocerentur
1910 3999 1927 4025 ,
1970 3957 2101 4010 nihil

514 4070 615 4124 sibi
660 4063 1008 4122 emolumenti
1055 4077 1086 4116 a
1137 4060 1384 4114 libertate
1428 4054 1592 4122 ferri,
1647 4054 1745 4107 nisi
1788 4067 1909 4121 qum
1940 4050 2098 4104 fidem

517 4158 829 4229 spectabant
848 4151 1239 4224 praecederent.
1268 4151 1442 4218 Atque
1471 4156 1528 4200 ut
1556 4146 1730 4200 discas
1758 4145 1978 4199 Paulum
2003 4143 2105 4197 hoc

520 4248 805 4305 facientem
836 4287 850 4310 ,
897 4260 1002 4300 non
1032 4242 1403 4299 confusionem
1447 4237 1702 4293 inducere
1732 4276 1748 4302 ,
1778 4250 1881 4290 nec
1922 4234 2103 4289 omnia

522 4346 788 4408 miscere,
837 4339 930 4395 sed
958 4338 1213 4408 optimam
1253 4334 1649 4389 distinctionem
1695 4330 1948 4395 novisse,
2002 4343 2107 4382 non

523 4435 842 4505 sitnpliciter
891 4431 1145 4501 scripsit,
1177 4428 1439 4485 Omnibus
1469 4427 1556 4496 qui
1581 4423 1768 4479 Roma:
1810 4424 1972 4489 estis,
2014 4423 2108 4478 sed

523 4544 646 4584 cum
673 4525 1017 4581 distinctione
1041 4564 1055 4587 ,
1086 4521 1294 4575 Dilectis
1319 4518 1437 4572 Dei.
1471 4518 1595 4572 llaec
1625 4515 1768 4571 enim
1801 4515 2001 4585 Optima
2029 4523 2113 4569 est

528 4617 827 4683 distinctio,
854 4614 1196 4682 ostenditque
1222 4610 1366 4665 unde
1395 4610 1465 4663 sit
1489 4606 1865 4663 sanctificatio.

595 4709 651 4765 4.
703 4706 1057 4777 Sanctiﬁcatio
1101 4721 1133 4757 a
1184 4704 1412 4757 caritate.
1465 4699 1702 4771 Dignitas
1745 4714 1859 4768 quia
1901 4698 2117 4769 pecunia

528 4804 783 4864 venditur,
803 4818 905 4856 non
933 4800 1139 4871 proprie
1162 4797 1407 4868 dignitas.
1429 4825 1500 4835 —
1520 4793 1675 4850 Unde
1708 4806 1836 4864 ergo
1863 4802 1947 4847 est
1989 4807 2116 4846 san-

528 4895 819 4953 ctificatio?
848 4896 889 4947 A
921 4892 1229 4948 dilectione.
1261 4888 1395 4944 Cum
1423 4886 1648 4942 dixisset
1674 4885 1839 4948 enim,
1880 4883 2115 4947 Dilectis,

531 4999 657 5044 tunc
685 4986 923 5051 addidit,
971 4984 1170 5038 Vocatis
1211 4981 1433 5043 sanctis,
1466 4977 1758 5034 ostendens
1781 4977 1923 5031 hunc
1965 4977 2120 5032 nobis

532 5095 653 5135 esse
682 5078 881 5133 fontem
911 5077 1170 5131 bonorum
1199 5073 1441 5127 omnium
1471 5089 1484 5125 :
1510 5079 1727 5126 sanctos
1756 5079 1935 5125 autem
1964 5078 2121 5124 vocat

535 5171 721 5228 ﬁdeles
746 5185 954 5226 omnes.
986 5168 1164 5224 Gratia
1189 5166 1325 5222 vobis
1350 5175 1395 5220 et
1422 5181 1542 5237 pax.
1574 5164 1619 5220 0
1644 5163 2017 5218 salutationem
2042 5163 2122 5216 iu-

537 5280 758 5321 numera
787 5265 926 5319 bona
955 5262 1302 5318 afl‘crentem!
1333 5260 1444 5315 IIoc
1469 5258 1716 5315 Christus
1753 5257 2025 5329 apostolos
2066 5256 2121 5310 in

537 5359 728 5414 domos
773 5358 1033 5412 intrantes
1069 5356 1242 5425 primo
1284 5354 1629 5424 pronuntiare
1658 5352 1883 5408 verbum
1921 5349 2073 5421 jubet
2105 5366 2119 5403 :

540 5452 769 5522 ideoque
809 5448 1007 5505 Paulus
1031 5447 1110 5503 sic
1153 5446 1349 5515 ubique
1376 5445 1587 5500 orditur
1611 5486 1627 5511 ,
1673 5460 1703 5498 a
1732 5443 1899 5516 gratia
1931 5457 2125 5512 nempe

540 5552 596 5599 α
623 5556 775 5615 pace.
802 5539 988 5612 Neque
1010 5539 1155 5595 enim
1186 5534 1429 5593 Christus
1458 5536 1725 5592 modicum
1758 5535 1979 5605 perfecit
2006 5532 2125 5589 bel-

544 5635 679 5702 lum,
710 5633 802 5692 sed
831 5633 1062 5701 varium,
1088 5627 1456 5687 omnimodnm
1494 5637 1547 5685 et
1577 5628 1923 5696 diuturnum;
1965 5626 2127 5699 idque

1111 339 1169 399 S.
1208 336 1484 397 JOANNIS
1520 330 1992 391 CIIRYSOS'I‘OMI
2032 328 2348 387 ARCIIIEP.
2388 327 2920 388 CUNSTANTINOP.

3618 323 3715 382 400

2135 458 2242 498 non
2260 460 2324 499 ex
2348 444 2618 500 laboribus
2647 442 2867 510 nostris,
2888 441 2985 498 sed
3010 457 3103 512 per
3126 439 3351 513 gratiam
3382 453 3557 495 suam.
3585 437 3720 504 Quo-

2136 538 2279 592 niam
2309 537 2469 608 igitur
2491 537 2709 592 dilectio
2729 536 2977 606 gratiam,
3002 534 3171 605 gratia
3200 548 3382 603 pacem
3410 531 3560 587 dedit
3590 545 3603 581 :
3631 529 3721 583 hac

2137 631 2473 685 salutationis
2500 628 2667 684 forma
2690 628 2918 700 prolata,
2943 636 3192 696 precatur
3224 640 3441 680 manere
3471 630 3727 694 perpetua

2139 736 2193 779 et
2224 726 2440 779 immota
2462 766 2477 789 ,
2512 738 2579 778 ne
2607 737 2793 777 rursus
2822 721 2963 775 aliud
2994 721 3257 775 excitetur
3285 718 3517 779 bellum,
3549 724 3606 769 et
3634 714 3727 768 da-

2143 830 2314 875 torem
2346 827 2495 888 rogat
2515 859 2530 883 ,
2563 833 2625 872 ea
2655 818 2805 870 firma
2832 823 3134 875 conservet.
3165 813 3249 867 his
3276 812 3455 867 verbis
3488 826 3501 861 :
3552 807 3734 861 Gratia

2142 914 2280 967 vobis
2324 920 2369 965 et
2434 925 2538 976 pax
2578 927 2610 963 a
2665 908 2770 963 Deo
2812 907 2968 961 Patre
3008 916 3215 968 nostro,
3263 914 3310 958 et
3354 902 3579 956 Domino
3614 897 3735 952 Iesu

2145 1005 2365 1061 Christo.
2398 1004 2538 1058 Ecce
2567 1002 2672 1058 hoc
2700 1002 2819 1056 loco
2850 999 2978 1054 illud
2997 1041 3011 1065 ,
3041 1016 3105 1062 a,
3132 1011 3417 1052 commune
3463 1002 3551 1047 est
3594 990 3736 1045 Patri

2145 1104 2202 1152 et
2247 1096 2417 1159 Filio;
2459 1094 2601 1165 quod
2647 1092 2869 1163 perinde
2912 1101 2995 1147 est
3040 1104 3104 1145 ae
3142 1089 3187 1143 si
3224 1087 3468 1151 diceret,
3496 1084 3581 1139 Ex
3611 1097 3738 1153 quo.

2147 1190 2330 1259 Neque
2358 1187 2501 1243 enim
2531 1186 2696 1251 dixit,
2726 1183 2908 1240 Gratia
2938 1181 3091 1236 vobis
3129 1189 3184 1235 et
3217 1194 3316 1249 pax
3361 1194 3391 1230 a
3442 1178 3553 1231 [leo
3586 1175 3742 1228 Patre

2151 1298 2248 1354 per
2274 1281 2559 1337 Dominum
2584 1290 2827 1334 nostrum
2852 1276 3037 1333 Jesum
3063 1274 3373 1337 Christum;
3403 1269 3496 1324 sed
3517 1311 3532 1333 ,
3561 1270 3606 1321 Α
3639 1266 3740 1319 Dea

2154 1374 2313 1429 Patre
2342 1383 2388 1429 et
2419 1372 2641 1427 Domino
2668 1380 2841 1427 nostro
2868 1369 2995 1424 Jesu
3021 1367 3243 1423 Christo.
3274 1365 3434 1434 Papze
3477 1371 3738 1433 quantum

2153 1469 2325 1539 potuit
2353 1468 2449 1522 Dei
2475 1467 2723 1522 dilectio!
2774 1464 2977 1519 Inimici
3006 1472 3061 1518 et
3089 1460 3301 1531 reprobi
3326 1466 3552 1527 repente
3575 1455 3741 1510 sancti

2155 1569 2210 1613 et
2236 1560 2329 1614 filii
2362 1566 2489 1613 sunt
2520 1559 2536 1589 ¹
2568 1556 2764 1613 elfecti.
2797 1556 2931 1611 Cum
2959 1554 3103 1609 enim
3139 1552 3352 1606 Patrem
3379 1555 3537 1603 vocat
3560 1588 3575 1612 ,
3609 1546 3744 1599 filios

2157 1651 2391 1717 indicat;
2416 1665 2535 1705 eum
2570 1648 2703 1703 ﬁlios
2725 1647 2874 1712 dicit,
2904 1661 3119 1701 onmem
3142 1646 3402 1699 bonorum
3434 1640 3746 1696 lheaaurttm

2156 1744 2381 1801 revelat.
2433 1742 2853 1797 Perseveremus
2908 1738 3052 1793 bono
3098 1745 3246 1791 tanto
3298 1735 3516 1806 dignam
3583 1732 3747 1785 vitam

2156 1834 2493 1900 exhibentes,
2518 1840 2574 1888 et
2599 1846 2783 1902 pacem
2814 1831 3263 1899 sanctitatemque
3292 1834 3579 1883 servantes
3628 1823 3744 1878 Cae-

2161 1937 2291 1984 terte
2335 1927 2532 1999 quippe
2576 1924 2867 1996 dignitates
2912 1931 3274 1991 temporanezn
3320 1927 3478 1985 sunt,
3518 1932 3586 1971 ac
3631 1932 3749 1970 cuiu

2165 2018 2413 2093 pratseuti
2447 2021 2555 2074 vita
2580 2019 2830 2081 avolant;
2876 2016 3101 2086 pecunia
3144 2030 3355 2085 quaque
3395 2011 3703 2067 venduntur
3735 2028 3747 2061 :

2164 2114 2307 2169 unde
2339 2127 2442 2167 non
2470 2112 2759 2183 dignitates
2780 2111 2905 2181 quis
2932 2110 3153 2173 dixerit,
3178 2107 3273 2163 sed
3302 2106 3624 2177 dignitatum
3657 2122 3751 2157 nn-

2166 2208 2310 2263 mina
2338 2214 2541 2261 tantum
2564 2248 2579 2272 ,
2609 2220 2728 2276 quas
2759 2204 2810 2258 in
2836 2205 3061 2259 vestium
3092 2200 3483 2272 magnificentia
3514 2209 3572 2253 et
3601 2200 3749 2251 satel-

2168 2301 2324 2355 litum
2353 2298 2661 2354 adulatione
2699 2298 2806 2351 vim
2854 2297 3072 2351 habent.
3114 2294 3228 2349 IIoe
3253 2304 3466 2356 autem,
3497 2302 3687 2361 utpote
3726 2309 3753 2342 ιι

2171 2396 2283 2451 Deo
2312 2394 2562 2450 collatum
2587 2434 2603 2458 ,
2634 2391 2833 2446 donum
2865 2388 3307 2443 sanctificationis
3332 2396 3388 2441 et
3414 2384 3754 2454 adoptionis,

2171 2500 2346 2545 morte
2370 2504 2476 2542 non
2501 2486 2723 2550 tollitur;
2756 2483 2851 2539 sed
2878 2493 2932 2539 et
2954 2483 3038 2539 hic
3058 2481 3365 2552 splendidos
3392 2480 3582 2537 efficit.
3613 2490 3665 2531 et
3694 2478 3755 2529 ad

2173 2580 2405 2635 futuram
2436 2578 2598 2632 vitam
2624 2577 2903 2632 nobiseum
2928 2575 3208 2645 demigrat.
3237 2574 3370 2628 Nam
3396 2574 3486 2643 qui
3516 2572 3759 2640 adOptio-

2174 2689 2296 2728 nem
2333 2680 2552 2739 servat,
2601 2679 2658 2726 et
2703 2669 3179 2725 sanetitieationem
3218 2678 3470 2722 accurate
3497 2665 3755 2726 custodit,

2178 2767 2303 2831 illo,
2335 2766 2424 2835 qui
2455 2764 2757 2819 diademate
2787 2762 3066 2817 redimitur
3102 2770 3157 2816 et
3197 2774 3437 2830 purpura
3483 2758 3723 2811 induitur
3744 2798 3759 2817 ,

2179 2861 2336 2931 longe
2380 2856 2711 2929 splendidior
2759 2854 3073 2926 feliciorque
3098 2864 3181 2910 est
3205 2897 3220 2920 ,
3247 2864 3405 2923 atque
3435 2853 3487 2906 in
3518 2851 3760 2921 pnnsenti

2180 2956 2286 3010 vita
2308 2952 2689 3024 tranquillitate
2716 2949 2910 3005 fruitur
2935 2964 3144 3019 magna,
3164 2962 3257 3018 spe
3278 2948 3415 3002 bona
3440 2945 3630 3008 fretus,
3656 2947 3767 2998 nul-

2185 3051 2395 3119 lamque
2439 3047 2639 3101 habens
2684 3044 2939 3100 tumultus
2975 3052 3029 3098 et
3064 3040 3482 3114 perturbationis
3526 3039 3763 3093 occasio-

2187 3160 2330 3210 nem,
2348 3142 2441 3197 sed
2456 3142 2727 3211 voluptate
2745 3147 2995 3209 perpetua
3011 3136 3268 3207 gaudens.
3286 3134 3764 3190 llilaritatemenim

2187 3247 2245 3293 et
2274 3236 2509 3291 lzetitiam
2539 3248 2643 3288 non
2672 3231 2881 3302 imperii
2910 3228 3239 3301 magnitudo,
3274 3244 3380 3282 non
3409 3227 3491 3281 vis
3521 3226 3767 3296 pecunia-

2190 3345 2333 3396 rum,
2376 3342 2481 3381 non
2514 3324 2763 3396 potentia:
2798 3322 2964 3377 fastus
2984 3362 2998 3385 ,
3025 3336 3131 3375 non
3182 3320 3346 3374 robur
3371 3318 3639 3384 corporis,
3672 3333 3767 3369 llntl

2193 3424 2337 3477 lauta
2354 3435 2559 3482 mensa,
2580 3432 2684 3473 non
2709 3416 3184 3476 vestiumornatus,
3212 3427 3315 3466 non
3338 3409 3482 3465 aliud
3509 3408 3770 3478 quidpiam

2196 3516 2486 3571 humanum
2511 3525 2698 3582 parere
2745 3509 2922 3575 solet,
2966 3505 3059 3562 sed
3092 3514 3237 3559 recte
3269 3505 3465 3558 factum
3507 3502 3776 3572 spirituale

2200 3621 2404 3666 tantum
2428 3617 2483 3663 et
2508 3607 2643 3662 bona
2674 3602 3027 3659 conscientia.
3059 3600 3157 3668 Qui
3189 3614 3374 3669 puram
3407 3598 3553 3651 illam
3585 3604 3774 3658 servat,

2199 3704 2408 3763 etiamsi
2438 3701 2630 3756 laceris
2654 3698 2840 3768 pannis
2863 3694 3132 3759 induatur,
3162 3692 3263 3748 etsi
3290 3705 3413 3745 eum
3444 3690 3591 3743 fame
3616 3689 3775 3740 Inete-

2203 3807 2310 3863 tur,
2342 3795 2514 3850 la-tior
2538 3801 2622 3847 est
2647 3792 2710 3845 iis
2734 3832 2747 3851 ,
2774 3788 2863 3859 qui
2894 3788 2946 3840 in
2974 3785 3197 3839 summis
3237 3783 3440 3839 deliciis
3466 3791 3777 3839 versantur;

2204 3902 2263 3946 ut
2294 3890 2407 3946 vice
2429 3902 2602 3954 versa,
2632 3885 2721 3957 qui
2756 3884 3016 3938 malorum
3048 3880 3146 3935 sibi
3170 3878 3417 3933 conscius
3446 3884 3552 3939 cst,
3585 3872 3780 3928 etiamsi

2206 3985 2455 4041 omnibus
2502 3982 2693 4052 opibus
2738 3976 3107 4039 circumﬂuat,
3176 3972 3414 4027 omnium
3462 3969 3783 4023 miserrimus

2208 4089 2310 4135 est.
2380 4076 2607 4145 Ideoque
2653 4070 2849 4127 Paulus
2890 4069 2943 4123 in
2995 4065 3208 4121 assidua
3260 4063 3399 4117 fame
3445 4070 3502 4116 et
3558 4058 3783 4113 nuditate

2213 4186 2435 4227 versans
2459 4210 2474 4234 ,
2529 4165 2750 4236 flagellis
2801 4159 3038 4233 quotidie
3065 4172 3238 4214 caesus
3262 4196 3277 4218 ,
3316 4155 3433 4224 plus
3454 4168 3616 4223 quam
3647 4165 3784 4219 rcges

2213 4263 2477 4335 gaudebat
2531 4269 2586 4314 et
2642 4257 2921 4312 la'tahatnr
2972 4270 2985 4305 :
3052 4251 3238 4307 Achab
3289 4265 3417 4303 vero
3470 4261 3699 4317 regnans
3739 4260 3785 4297 et

2216 4356 2376 4413 lautis
2410 4353 2592 4408 fruens
2617 4348 2843 4413 deliciis,
2871 4346 2991 4416 quia
3021 4352 3297 4414 peceatum
3330 4339 3459 4395 illud
3490 4338 3784 4399 admiserat,

2215 4447 2489 4520 gemebat,
2523 4443 2713 4497 anxius
2743 4450 2892 4502 erat,
2933 4447 2989 4492 et
3013 4436 3188 4491 vultus
3215 4437 3330 4502 ejus
3358 4430 3699 4492 conciderat,
3740 4437 3788 4481 et

2217 4552 2341 4595 ante
2372 4545 2645 4608 peccatmn
2672 4542 2727 4589 et
2756 4539 2875 4603 post
2897 4536 3192 4601 peceatum.
3222 4525 3277 4581 Si
3304 4525 3532 4579 velimus
3560 4536 3689 4592 ergo
3711 4535 3787 4573 vo-

2221 4635 2423 4701 luptate
2450 4629 2550 4685 frui
2578 4671 2591 4695 ,
2622 4636 2747 4681 ante
2776 4625 2955 4679 omnia
2986 4620 3275 4692 nequitiam
3308 4618 3576 4687 fugiamus
3602 4658 3615 4677 ,
3645 4617 3785 4667 virtu-

2224 4736 2437 4794 temque
2485 4729 2795 4782 sectemur,
2839 4714 2980 4786 quod
3030 4729 3135 4768 non
3187 4711 3455 4781 possimus
3505 4709 3617 4761 alio
3654 4703 3791 4759 tundo

2225 4820 2552 4887 voluptatem
2582 4811 2813 4881 assequi,
2843 4807 3050 4863 etiamsi
3081 4806 3132 4859 in
3165 4805 3336 4873 ipsum
3364 4800 3561 4855 solium
3609 4797 3788 4867 regium

2224 4908 2594 4965 ascendamus.
2638 4900 2996 4972 Quamobrem
3049 4897 3245 4952 Paulus
3287 4892 3547 4948 dicebat:
3597 4890 3792 4943 Fructus

2224 5014 2391 5059 autem
2422 5001 2648 5073 Spiritus
2676 5006 2747 5051 est
2786 4997 2993 5059 caritas,
3021 4990 3284 5063 gaudium,
3314 5003 3417 5058 pars:
3444 4984 3593 5055 (Gai.
3618 4986 3671 5039 5.
3690 4981 3791 5048 εξ).

2226 5097 2379 5153 IIunc
2403 5108 2532 5164 ergo
2563 5092 2792 5146 fructum
2818 5085 2960 5158 apud
2990 5099 3088 5139 nos
3117 5095 3415 5146 servemus,
3440 5088 3501 5133 ut
3530 5079 3619 5131 hic
3641 5074 3792 5130 krlitia

2230 5194 2503 5256 fruantur,
2533 5197 2586 5244 et
2614 5187 2846 5240 futurum
2879 5196 3101 5250 regnum
3131 5190 3485 5246 assequamur
3508 5216 3523 5236 ,
3550 5172 3711 5241 gratia
3752 5176 3796 5219 et

2230 5284 2557 5355 benignitate
2592 5278 2801 5333 Domini
2834 5274 3001 5329 n05tri
3030 5272 3152 5327 Iesu
3178 5268 3402 5335 Christi,
3431 5268 3649 5337 quicum
3674 5259 3795 5318 Patri

2231 5352 2421 5447 gloria.
2448 5390 2549 5428 una
2572 5388 2692 5426 cum
2722 5378 2908 5424 sancto
2936 5366 3159 5437 Spiritu,
3189 5377 3329 5419 nunc
3358 5369 3415 5418 et
3432 5373 3666 5431 semper,
3686 5352 3796 5411 etut

2231 5469 2425 5527 saecula
2457 5465 2798 5522 saeculorum.
2825 5462 3017 5516 Amen.

2299 5633 2312 5664 ¹
2350 5629 2443 5681 Alii
2468 5627 2662 5691 legunt,
2677 5635 2859 5686 sumus,
2884 5632 2992 5688 pro,
3011 5623 3135 5670 sinat.
