4064 6296
96 250 200 306 599

95 361 264 433 ψυχή.
305 356 609 429 Ῥωμαίοις
638 355 747 427 7&9
785 355 1162 428 διαλεγόμενος
1191 361 1301 424 τοῖς
1346 358 1535 430 ὥσπερ
1584 359 1643 410 ἐν
1690 373 1779 410 κο-

104 448 244 519 ρυφῇ
292 461 409 497 τινι
468 443 571 513 τῆς
623 442 948 512 οἰκουμένης
1007 444 1226 513 ἁπάσης
1250 444 1596 512 καθημένοις,
1632 441 1780 494 οὐδὲν

103 529 261 582 πλέον
286 527 483 588 αὐτοῖς
503 524 685 578 δίδωσι
711 522 819 577 τῶν
840 523 1042 578 λοιπῶν
1070 524 1261 589 ἐθνῶν,
1288 524 1431 590 οὐδὲ,
1456 523 1641 593 ἐπειδὴ
1660 523 1779 576 τότε

102 618 366 689 ἐκράτουν
388 616 492 670 καὶ
525 615 857 678 ἐϐασίλευον,
890 616 985 669 καὶ
1010 617 1065 668 ἐν
1089 618 1201 679 τοῖς
1227 617 1618 687 πνευματικοῖς
1647 612 1780 684 φησί

100 725 150 761 τι
182 706 348 759 πλέον
391 704 599 766 αὐτοὺς
622 703 785 772 ἐχειν·
820 702 959 765 ἀλλ’,
987 703 1216 775 Ὥσπερ,
1254 704 1412 773 φησί,
1460 704 1569 765 τοῖς
1603 700 1781 753 ἐθνεσι

104 791 235 843 πᾶσι
280 785 659 858 κηρύττομεν,
695 784 839 839 οὕτω
888 785 984 838 καὶ
1035 786 1184 857 ὑμῖν,
1234 786 1371 857 μετά
1424 784 1647 837 Σκυθῶν
1688 784 1781 837 καὶ

105 879 247 954 [454]
278 877 525 949 Θρᾳκῶν
555 878 751 939 αὐτοὺς
785 876 1035 949 ἀριθμῶν
1058 895 1071 906 ·
1102 879 1226 931 ἐπεὶ
1258 882 1307 932 εἰ
1339 878 1414 950 μὴ
1442 878 1600 932 τοῦτο
1627 878 1784 932 ἐϐού-

105 967 219 1018 λετο
244 961 498 1031 δηλῶσαι
520 1000 536 1025 ,
580 959 835 1031 περιττὸν
862 955 931 1031 ἦν
957 961 1017 1014 τὸ
1043 963 1235 1027 εἰπεῖν,
1275 962 1372 1014 Ἑν
1401 956 1491 1027 οἷς
1513 962 1652 1015 ἐστε
1685 960 1783 1015 καί

104 1046 287 1116 ὑμεῖς.
338 1042 541 1096 Ταῦτα
583 1043 642 1097 δὲ
685 1045 830 1096 ποιεῖ
867 1043 1143 1115 καθαιρῶν
1189 1044 1367 1097 αὐτῶν
1410 1044 1471 1097 τὸ
1509 1045 1781 1115 φρόνημα,

108 1132 194 1184 καί
239 1129 420 1182 κενῶν
461 1128 529 1180 τὸ
560 1128 789 1198 φύσημα
827 1127 929 1197 τῆς
972 1127 1228 1193 διανοίας,
1261 1126 1355 1180 καὶ
1382 1126 1646 1182 διδάσκων
1686 1128 1783 1180 αύ-

110 1214 224 1276 τοῦς
238 1211 337 1281 τὴν
356 1211 501 1281 πρὸς
518 1212 647 1273 τοὺς
664 1209 857 1273 ἄλλους
876 1210 1145 1279 ἰσοτιμίαν
1166 1223 1214 1263 ι.
1244 1209 1335 1262 Διὸ
1354 1210 1629 1281 ἐπήγαγεν
1653 1210 1786 1263 αὐτὸ

109 1303 256 1357 τοῦτο
296 1302 483 1370 λέγων
507 1318 523 1333 ·
570 1303 674 1355 Ἐν
700 1297 791 1367 οἷς
818 1302 959 1355 ἐστε
991 1302 1091 1355 καὶ
1122 1301 1291 1371 ὑμεῖς
1330 1300 1543 1369 κλητοί
1583 1300 1785 1368 Ἰησοῦ

114 1387 395 1456 Χριστοῦ·
449 1386 727 1450 τουτέστι,
768 1386 904 1440 Μεθ’
929 1378 1003 1439 ῶν
1044 1388 1169 1439 ἐστε
1200 1384 1292 1438 καὶ
1329 1385 1503 1455 ὑμεῖς.
1549 1385 1658 1439 Καὶ
1685 1384 1787 1438 ούκ

114 1468 285 1535 εἶπεν,
327 1471 412 1524 ὃτι
450 1469 599 1532 Τοὺς
649 1468 842 1530 ἄλλους
876 1468 994 1538 μεθ’
1042 1467 1213 1538 ὑμῶν,
1251 1466 1365 1520 ἀλλ’
1427 1466 1603 1536 Ὑμεῖς
1648 1466 1787 1537 μετά

114 1556 211 1609 τῶν
265 1553 448 1608 ἁλλων
500 1554 784 1606 ἐκάλεσεν.
832 1553 896 1605 Εἰ
946 1550 1054 1621 7&9
1100 1552 1158 1604 ἐν
1207 1549 1426 1621 Χριστῷ
1484 1548 1655 1620 Ἰησοῦ
1686 1551 1785 1603 οὐκ

117 1645 220 1697 ἐστι
247 1643 434 1706 δοῦλος
466 1642 597 1696 οὐδὲ
634 1641 935 1712 ἐλεύθερος,
964 1640 1143 1711 πολλῷ
1169 1640 1367 1711 μᾶλλον
1386 1640 1506 1695 ούδέ
1536 1640 1787 1711 βασιλεὺς

117 1732 203 1785 καὶ
228 1729 445 1801 ἰδιώτης
464 1747 480 1762 °
516 1730 615 1783 καί⁸
644 1730 750 1800 7&9
786 1730 944 1799 ὑμεῖς
973 1728 1258 1799 ἐκλήθητε,
1291 1728 1386 1782 καί
1412 1729 1513 1781 οὐκ
1549 1729 1641 1800 ἀφ’
1664 1730 1788 1782 ἐαυ-

121 1816 217 1867 τῶν
258 1814 635 1884 προσήλθετε.
679 1809 836 1865 Ιιᾶσι
874 1810 997 1877 τοῖς
1021 1808 1201 1865 οὖσιν
1233 1812 1304 1865 ὲν
1343 1811 1530 1883 Ῥώμῃ
1563 1813 1791 1880 ἀγαπη-

123 1897 233 1962 τοῖς
277 1896 458 1960 Θεοῦ,
498 1894 750 1964 κλητοῖς
794 1894 1003 1963 ἁγίοις,
1042 1894 1213 1963 χάρις
1258 1896 1400 1965 ὑμῖν
1441 1896 1539 1950 καὶ
1580 1895 1787 1965 εἰρήνη

126 1979 231 2035 ἀπὸ
257 1978 402 2032 Θεοῦ
429 1979 671 2046 Πατρός
699 1975 868 2045 ἡμῶν
890 1976 989 2030 καὶ
1016 1979 1236 2044 Κυρίου
1280 1978 1483 2045 Ἰησοῦ
1505 1978 1785 2047 Χριστοῦ.

128 2063 254 2133 ὐρα
284 2063 398 2127 πῶς
428 2062 676 2131 συνεχῶς
697 2064 757 2114 τὸ
780 2060 951 2131 ὄνομα
974 2060 1067 2114 τοῦ
1093 2059 1292 2131 κλητοῦ
1321 2062 1525 2131 τίθησι,
1555 2062 1789 2129 Κλητὸς

129 2146 478 2212 ἀπόστολος,
513 2146 711 2214 λέγων.
762 2146 864 2199 Ἐν
904 2140 996 2211 οἷς
1043 2145 1183 2198 ἐστε
1215 2145 1312 2199 καί
1347 2146 1517 2213 ὑμεῖς
1551 2148 1786 2213 κλητοί*

128 2236 271 2291 Πᾶσι
304 2238 426 2305 τοῖς
457 2233 647 2292 οὖσιν
673 2236 743 2290 ἑν
786 2235 972 2305 Ῥώμῃ
997 2235 1259 2303 κλητοῖς.
1288 2236 1461 2289 Τοῦτο
1500 2237 1556 2290 δὲ
1599 2237 1657 2290 οὐ
1703 2254 1792 2289 πε-

136 2320 439 2392 ριττολογῶν
480 2322 650 2381 ποιεῖ,
687 2319 822 2373 ἀλλά
852 2320 1169 2389 βουλόμενος
1200 2319 1395 2382 αὐτοὺς
1430 2322 1530 2391 τῆς
1566 2320 1783 2391 εὐεργε-

136 2405 244 2466 σίας
292 2403 634 2474 ἀναμνῆσαι.
704 2401 919 2472 Ἐπειδὴ
970 2404 1077 2471 γάρ
1132 2401 1279 2465 εἰκὸς
1326 2396 1394 2473 ἦν
1443 2403 1501 2457 ἐν
1544 2406 1658 2465 τοῖς
1698 2421 1791 2456 πι-

136 2486 363 2539 στεύουσι
390 2488 485 2539 καί
518 2485 583 2551 ἐξ
613 2486 875 2557 ὑπάρχων
897 2478 1036 2538 εἶναι
1059 2485 1154 2537 καί⁵
1174 2484 1415 2551 ὑπάτων,
1435 2487 1528 2539 καί
1555 2488 1792 2559 πένητας

139 2578 218 2630 καὶ
243 2577 471 2643 ἰδιώτας,
511 2577 794 2632 ἐκϐάλλων
830 2576 928 2648 τὴν
966 2577 1283 2646 ἀνωμαλίαν
1306 2576 1414 2629 τῶν
1440 2579 1788 2648 ἀξιωμάτων,

140 2663 256 2713 πᾶσι
302 2662 429 2731 μίαν
463 2661 775 2715 ἐπιστέλλει
804 2660 1194 2731 προσηγορίαν.
1228 2659 1291 2712 Εἰ
1322 2660 1379 2712 δέ
1409 2661 1466 2714 ἐν
1490 2664 1600 2726 τοῖς
1627 2664 1793 2732 ἀναγ-

142 2745 420 2816 καιοτέροις
443 2746 542 2799 καὶ
565 2746 956 2816 πνευματικοῖς
978 2743 1134 2797 κοινά
1154 2742 1357 2807 δούλοις
1379 2744 1473 2797 καὶ
1491 2744 1793 2817 ἐλευθέροις

143 2836 333 2889 ἅπαντα
366 2837 679 2908 πρόκειται,
727 2829 901 2905 οἷονή
948 2835 1136 2905 ἀγάπη
1179 2836 1213 2908 ἡ
1246 2836 1395 2909 παρά
1436 2836 1530 2889 τοῦ
1572 2835 1729 2899 Θεοῦ,
1758 2837 1792 2906 ἡ

144 2925 331 2995 κλῆσις,
357 2926 416 2978 10
444 2923 801 2993 Εύαγγέλιον,
826 2925 859 2993 ὴ
885 2922 1143 2988 υἱοθεσία,
1178 2925 1211 2994 ἠ
1254 2924 1432 2994 χάρις,
1469 2925 1501 2994 ἡ
1531 2926 1741 2995 εἰρήνη,
1764 2926 1794 2977 0

146 3009 406 3079 ἁγιασμὸς,
451 3010 522 3063 τά
552 3008 688 3063 ἄλλα
733 3008 928 3069 πάντα,
960 3007 1078 3070 πῶς
1106 3007 1339 3079 ἐσχάτης
1369 3008 1551 3071 ἀνοίας
1588 3008 1687 3060 ούκ
1726 3007 1793 3061 ἂν

147 3091 240 3162 εἰη,
271 3092 359 3157 οὓς
391 3096 419 3148 0
444 3093 585 3157 Θεὸς
622 3092 825 3164 συνῆψε
854 3092 948 3146 καὶ
978 3092 1275 3161 ὁμοτίμους
1305 3090 1556 3161 ἐποίησεν
1581 3092 1639 3144 ἐν
1680 3093 1793 3155 τοῖς

152 3176 357 3243 μείζοσι,
385 3177 611 3240 τούτους
632 3177 860 3248 διαιρεῖν
886 3175 994 3229 ἀπὸ
1012 3175 1120 3227 τῶν
1143 3177 1199 3228 ἐν
1224 3178 1288 3246 τῇ
1318 3177 1387 3245 γῇ
1420 3176 1791 3245 πραγμάτων;

148 3258 233 3311 Διά
264 3277 339 3313 τοι
364 3260 521 3314 τοῦτο
562 3260 671 3314 ἀπὸ
701 3259 809 3313 τῶν
840 3259 1140 3330 προοιμίων
1187 3258 1364 3311 αὐτῶν
1409 3260 1509 3329 τὴν
1553 3259 1794 3330 χαλεπὴν

150 3340 329 3411 ταύτην
352 3342 598 3396 ἐκϐαλὼν
621 3343 779 3395 νόσον
805 3341 834 3393 0
860 3342 1124 3412 μακάριος
1150 3334 1327 3404 οὗτος,
1354 3341 1435 3403 εἰς
1459 3339 1557 3411 τὴν
1583 3340 1795 3411 μητέρα

152 3423 243 3476 τῶν
268 3426 478 3491 ἀγαθῶν
508 3427 710 3489 αὐτοὺς
748 3424 1055 3496 ἐμϐιϐάζει,
1078 3423 1596 3493 ταπεινοφροσύνην.
1623 3422 1795 3476 Τοῦτο

154 3515 236 3567 καὶ
258 3518 461 3581 οἰκέτας
500 3518 748 3588 βελτίους
788 3516 1093 3587 εἰργάζετο,
1144 3515 1479 3588 μαθάνοντας
1522 3515 1597 3579 ὡς
1641 3515 1794 3569 οὐδὲν

156 3598 208 3649 ἐκ
221 3600 305 3669 τῆς
328 3601 572 3665 δουλείας
601 3601 1137 3677 παραϐλαϐήσονται,
1167 3601 1264 3669 τὴν
1284 3600 1451 3663 ὅντως
1485 3598 1794 3667 ἐλευθερίαν

157 3679 341 3748 ἐχοντες
357 3701 370 3716 ·
396 3684 559 3739 τοῦτο
584 3685 679 3738 καί⁸
703 3685 831 3746 τοὺς
856 3683 1125 3745 δεσπότας
1150 3682 1527 3752 παρεσκεύαζε
1565 3681 1793 3751 μετριά-

158 3761 271 3828 ζειν,
306 3767 725 3839 παιδευομένους
788 3767 863 3830 ὼς
889 3767 1039 3820 οὐδὲν
1085 3767 1271 3829 αὐτοῖς
1297 3766 1487 3835 ὄφελος
1512 3765 1613 3835 τῆς
1640 3764 1793 3817 ἐλευ-

160 3854 336 3925 θερίας,
368 3858 431 3912 ἂν
462 3859 539 3930 μὴ
562 3859 629 3913 τὰ
664 3859 760 3930 τῆς
790 3858 1026 3921 πίστεως
1054 3853 1085 3929 ᾖ
1127 3859 1533 3931 προηγούμενα.
1567 3856 1679 3911 Καὶ
1707 3857 1793 3911 ἵνα

164 3938 339 4010 μάθῃς,
367 3942 445 3995 ὅτι
484 3944 546 3996 οὐ
590 3942 853 4013 σύγχυσιν
902 3942 1267 4012 ἐργαςόμενος
1296 3940 1452 3994 τοῦτο
1493 3939 1667 3994 ἐποίει
1700 3940 1793 3993 καὶ

162 4024 315 4080 πάντα
358 4032 573 4099 μιγνὺς,
629 4029 745 4083 ἀλλ’
790 4025 899 4083 οἶδε
952 4029 1046 4082 καὶ
1088 4028 1350 4100 διαίρεσιν
1396 4027 1644 4099 ἀρίστην,
1694 4028 1794 4099 οὐχ

165 4110 324 4178 ἁπλῶς
361 4116 565 4188 ἔγραψε
600 4118 735 4171 πᾶσι
774 4118 889 4180 τοῖς
931 4111 1081 4170 οὖσιν
1113 4117 1172 4171 ἐν
1227 4115 1432 4186 Ῥώμῃ,
1485 4114 1621 4169 ἀλλὰ
1655 4114 1792 4184 μετά

163 4197 429 4272 διορισμοῦ,
466 4204 596 4272 Τοῖς
615 4203 944 4275 ἀγαπητοῖς
967 4205 1073 4259 τοῦ
1100 4204 1266 4259 Θεοῦ.
1300 4202 1447 4273 Αὕτη
1480 4202 1589 4275 7&9
1616 4204 1792 4276 ήὰρί·

167 4301 247 4357 στη
270 4288 542 4363 διάκρισις,
577 4295 670 4347 καὶ
696 4292 974 4347 δείκνυσιδ
1006 4292 1169 4346 πόθεν
1198 4293 1227 4346 0
1255 4292 1543 4363 ἀγιασμός.

221 4374 276 4429 δ’.
288 4378 443 4433 Πόθεν
459 4377 552 4435 οὖν
566 4381 595 4434 0
617 4380 887 4451 ἀγιασμός
903 4396 919 4446 ;
935 4380 1068 4433 Ἀπὸ
1083 4383 1181 4451 τῆς
1200 4380 1439 4450 ἀγάπης.
1456 4379 1641 4433 Εἰπὼν
1660 4378 1790 4451 7&9,

176 4458 500 4533 ’Δταπητοῖς,
548 4468 669 4522 τότε
715 4469 999 4538 ἐπήγαγε,
1048 4466 1304 4535 Κλητοῖς
1360 4468 1568 4534 ἁγίοις,
1618 4466 1793 4538 δηλῶν

168 4545 270 4598 01:.c
299 4551 532 4608 ἐντεῦθεν
553 4556 684 4626 ήμῐν
705 4557 738 4627 ή
762 4556 912 4627 πηγὴ
932 4553 1041 4608 τῶν
1058 4555 1279 4623 ἀγαθῶν
1307 4556 1582 4610 ἁπάντων
1606 4555 1793 4624 ἁγίους

170 4630 214 4684 δὲ
238 4636 350 4700 τοὺς
382 4644 600 4706 πιστοὺς
627 4641 784 4695 καλεῖ
810 4642 1041 4706 πάντας.
1070 4641 1249 4711 Χάρις
1270 4642 1413 4711 ὑμῖν
1432 4643 1529 4697 καί
1560 4643 1789 4711 εἰρήνη.

173 4718 224 4770 Ὢ
255 4729 601 4800 προσηγορίας
655 4729 827 4800 μυρία
872 4730 1143 4801 φερούσης
1189 4730 1390 4799 ἀγαθάί
1437 4730 1607 4784 Τοῦτο
1643 4731 1736 4784 καὶ
1764 4732 1793 4784 0

172 4804 369 4875 Χριστὸς
393 4818 498 4879 τοῖς
526 4816 847 4880 ἀποστόλοις
885 4818 966 4880 εἰς
992 4817 1090 4879 τὰς
1114 4817 1289 4881 οἰκίας
1313 4816 1542 4871 εἰσιοῦσι.
1575 4816 1793 4888 πρῶτον

178 4892 302 4963 ῥῆμα
323 4900 539 4967 φάσκειν
566 4903 854 4960 ἐπέταττε.
883 4905 981 4959 Διά
1006 4903 1165 4957 τοῦτο
1188 4905 1280 4959 καί
1304 4906 1333 4957 0
1366 4904 1577 4968 Παῦλος
1605 4903 1788 4957 ἐντεῦ-

176 4976 249 5032 θεν
276 4990 527 5059 πανταχοῦ
561 4989 1001 5062 προοιμιάζεται,
1030 4990 1138 5044 ἀπὸ
1172 4992 1273 5060 τῆς
1309 4992 1530 5061 χάριτος
1562 4992 1656 5045 καὶ
1691 4994 1792 5062 τῆς

179 5066 383 5141 εἰρήνης.
407 5076 535 5130 Ούδέ
558 5078 667 5149 7&9
690 5077 884 5149 μικρὸν
916 5077 1209 5132 κατέλυσεν
1231 5080 1259 5132 0
1280 5078 1512 5149 Χριστὸς
1533 5077 1789 5149 πόλεμον,

179 5150 290 5206 ἀλλὰ
328 5160 415 5212 καὶ
447 5164 685 5217 ποικίλον
729 5166 825 5219 καὶ
877 5163 1217 5218 παντοδαπὸν
1268 5164 1362 5219 καὶ
1402 5164 1636 5236 χρόνιον,
1698 5167 1792 5219 καὶ

179 5238 332 5296 τοῦτον
354 5248 446 5301 ούκ
469 5252 527 5305 ἐκ
554 5252 662 5305 τῶν
689 5252 973 5324 ἡμετέρων
992 5252 1190 5319 πόνων,
1220 5251 1357 5308 ἀλλά
1386 5252 1474 5306 διὰ
1494 5253 1597 5325 τῆς
1624 5253 1790 5307 αὐτοῦ

230 5375 244 5457 ξ
264 5380 355 5457 ρυρ
374 5400 479 5439 mss.
499 5393 731 5457 τήν-πρὸς
747 5393 978 5451 ἀλλήλους
993 5394 1146 5457 ἶσοι-..ξ
1184 5393 1233 5457 ,ι’
1258 5392 1431 5457 Iidem,
1481 5394 1713 5457 διάκρισις
1754 5395 1783 5451 ἢ

185 5440 248 5486 ad
277 5443 473 5500 δείκνυσι.
533 5440 557 5486 ἀ
582 5440 666 5505 8ἰὲ
835 5440 1149 5505 ἐπιάὲσῖιί
1176 5440 1408 5515 δηίόνᾏὲῖ.

1337 247 1406 303 ΙΝ
1447 246 1670 304 EPIST.
1705 246 1797 301 AD
1833 244 2006 302 30M.
2043 242 2281 300 HOMIL.
2321 243 2360 300 Ι.

1882 355 2123 426 χάριτος.
2162 352 2313 426 μὸὅ]
2360 354 2513 407 Ἐπεὶ
2544 348 2636 407 οὖν
2668 355 2700 423 ἡ
2740 351 2840 424 μέν
2865 353 3052 424 ἀγάπη
3078 354 3175 424 τὴν
3207 353 3383 427 χάριν¹
3419 356 3451 422 ἡ
3491 354 3548 406 δέ

1882 443 2040 513 χάρις
2066 442 2165 512 τὴν
2200 443 2422 511 εἰρήνην
2444 441 2774 511 ἐδωρήσατο,
2807 440 2881 505 ὼς
2905 440 2962 494 ἐν
2987 441 3138 505 τάξει
3179 442 3550 513 προσηγορίας

1880 530 2021 584 αὐτὰ
2053 530 2185 593 θεὶς,
2217 529 2507 600 ἐπεύχεται
2544 529 2723 599 μένειν
2752 529 2973 601 διηνεκῆ
3004 532 3098 584 καὶ
3128 529 3380 598 ἀκίνητα,
3411 530 3551 585 ὥστε

1885 618 1961 689 μὴ
1986 617 2149 670 πάλιν
2174 618 2359 688 ἕτερον
2388 616 2847 690 ἀναῤῥιπισθῆναι
2875 618 3112 688 πόλεμον
3132 635 3145 647 ·
3178 618 3272 672 καὶ
3300 634 3553 689 παρακα-

1881 705 1963 759 λεί
1990 706 2082 759 τὸν
2124 706 2415 769 δεδωκότα,
2448 706 2619 771 πάγια
2655 705 2828 758 ταῦτα
2856 705 3150 778 διατηρεῖν.
3179 706 3320 759 οὕτω
3346 706 3518 774 λέγων
3536 724 3548 738 ·

1884 792 2064 860 Χάρις
2092 791 2235 861 ὑμῖν
2270 793 2366 845 καί
2401 790 2608 861 εἰρήνη
2636 790 2752 846 ἀπὸ
2787 791 2936 846 Θεοῦ
2966 793 3197 860 Πατρός
3226 791 3415 861 ἡμῶν.
3455 792 3551 846 καί

1884 880 2106 946 Kvplov
2151 878 2354 945 Ἰησοῦ
2382 876 2661 945 Χριστοῦ.
2720 876 2851 930 Ἰδοὺ
2878 876 3113 931 ἐνταῦθα
3142 877 3223 942 τὸ,
3258 877 3396 940 ἀπὸ,
3434 895 3550 931 κοι-

1884 966 1976 1018 νόν
2006 967 2123 1018 ἐστι
2153 965 2366 1036 Πατρδς
2400 965 2493 1018 καί
2520 963 2675 1027 Υἰοῦ,
2706 963 2842 1033 ὅπερ
2875 964 3022 1017 ἐστὶν
3067 965 3180 1018 ἴσον
3210 964 3307 1035 τῷ.
3350 966 3437 1031 Ἐξ
3466 959 3549 1018 οὗ.

1885 1053 1961 1105 υύ
1989 1052 2097 1123 γάρ
2126 1049 2267 1118 εἰπε,
2307 1053 2481 1122 Χάρις
2510 1052 2640 1122 ύμῖν
2670 1052 2764 1104 καὶ
2796 1052 2985 1122 εἰρήνη
3032 1052 3141 1105 ἀπὸ
3173 1052 3306 1105 Θεοῦ
3344 1053 3555 1122 [ἰατρὸς

1884 1141 1973 1194 διά
2016 1140 2110 1193 τοῦ
2148 1141 2353 1211 Κυρίου
2382 1138 2541 1211 ἡμῶν
2590 1137 2764 1209 Ἰησοῦ
2795 1138 3051 1208 Χριστοῦ,
3087 1138 3374 1202 ἁλλ’,Ἀπὸ
3406 1139 3554 1193 Θεοῦ

1885 1228 2117 1296 Πατρός
2155 1229 2253 1281 καὶ
2300 1228 2521 1295 Κυρίου
2562 1224 2732 1295 ἡμῶν
2788 1225 2991 1292 Ἰησοῦ
3039 1226 3315 1294 Χριστοῦ.
3358 1226 3553 1291 Βαϐαἱ,

1886 1316 2052 1367 πόσον
2076 1315 2294 1384 ῐσχυσεν
2319 1314 2352 1384 ή
2382 1311 2475 1366 τοῦ
2498 1311 2634 1365 Θεοῦ
2659 1311 2846 1381 ἀγάπη
2870 1310 2883 1364 !
2921 1312 2970 1363 οἱ
2999 1311 3182 1381 ἐχθροὶ⁴
3215 1311 3309 1364 καὶ
3345 1313 3554 1383 ἠτιμω-

1890 1400 2061 1472 μένοι,
2096 1400 2239 1468 ἆγιοι
2264 1400 2357 1453 καὶ
2400 1400 2506 1452 υἱοί
2547 1397 2876 1468 γεγόνασινά
2928 1397 3203 1467 ἐξαίφνης.
3253 1399 3421 1453 Ὅταν
3449 1399 3557 1471 7&9

1887 1487 2097 1558 πατέρα
2140 1486 2365 1559 καλέσῃ,
2403 1486 2555 1549 υἱοὺς
2600 1485 2904 1556 ἐδήλωσενο
2945 1486 3074 1539 ὅταν
3112 1484 3169 1537 δέ
3216 1485 3368 1548 υἱοὺς
3406 1487 3554 1559 εἴπῃ,

1889 1574 2106 1629 ᾶπαντα
2131 1574 2241 1627 τῶν
2267 1574 2487 1643 ἀγαθῶν
2516 1574 2608 1627 τὸν
2641 1572 2915 1643 θησαυρὸν
2939 1570 3265 1640 ἀνεκάλυψε.
3293 1572 3559 1644 Μένωμεν

1887 1662 2067 1716 τοίνυν
2100 1661 2256 1728 ἀξίαν
2284 1662 2385 1733 τῆς
2422 1662 2635 1732 δωρεᾶς
2675 1660 2774 1731 τὴν
2820 1659 3097 1713 πολιτείαν
3136 1659 3556 1732 ἐνδεικνύμενοι,

1890 1750 1982 1803 καὶ
2009 1748 2107 1820 τὴν
2134 1750 2357 1820 εἰρήνην
2398 1748 2494 1803 καί
2529 1748 2627 1819 τὴν
2671 1747 2982 1819 ἁγιωσύνην
3030 1746 3431 1819 διατηροῦντες.
3479 1750 3560 1805 Τά

1894 1836 1991 1908 μέν
2020 1836 2129 1908 7&9
2171 1835 2306 1890 ἀλλα
2351 1833 2637 1903 ἀξιώματα
2675 1834 2992 1905 πρόσκαιρά
3038 1833 3100 1887 τέ
3147 1836 3286 1897 ἐστι,
3340 1837 3433 1889 καὶ
3481 1836 3560 1906 τῷ

1890 1924 2118 1996 παρόντι
2149 1922 2579 1992 συγκαταλύεται
2608 1921 2727 1993 βίῳ,
2750 1923 2841 1975 καὶ
2859 1922 3156 1993 χρημάτων
3176 1922 3322 1977 ἐστὶν
3344 1923 3528 1995 ὠνητά
3543 1943 3555 1955 ·

1890 2006 2014 2059 ὅθεν
2065 2006 2185 2060 οὐδὲ
2242 2006 2571 2075 ἀξιώματαο
2625 2004 2767 2059 αύτά
2814 2001 2953 2057 εἶναι
3007 2006 3074 2058 άν
3105 2021 3189 2067 τις
3234 2006 3391 2076 φαίη,
3444 2008 3559 2061 ἀλλ’

1889 2090 2130 2159 ὀνόματα
2170 2088 2499 2159 ἀξιωμάτων
2546 2088 2729 2158 μόνον,
2772 2089 2832 2142 ἐν
2881 2092 2947 2159 τῇ
2995 2088 3104 2141 τῶν
3137 2090 3367 2159 ἱματίων
3408 2109 3561 2161 περι·

1890 2171 2043 2242 ϐολῇ,
2088 2171 2182 2224 καὶ
2229 2174 2295 2242 τῇ
2360 2170 2469 2224 τῶν
2508 2170 2823 2242 δορυφόρων
2880 2170 3140 2242 κολακείᾳ
3186 2173 3288 2243 τὴν
3333 2174 3560 2245 δύναμιν

1890 2253 2103 2324 ἔχοντα’
2127 2252 2285 2307 τοῦτο
2308 2252 2386 2317 δέ,
2425 2253 2519 2307 ἁτε
2548 2253 2700 2324 παρά
2727 2252 2822 2305 τοῦ
2852 2252 2984 2306 Θεοῦ
3008 2254 3182 2317 δοθὲν,
3214 2256 3275 2308 τὸ
3302 2256 3475 2328 δῶρον
3501 2258 3562 2311 10

1888 2348 1989 2418 τῆς
2027 2346 2337 2416 ἁγιωσύνης
2370 2346 2466 2399 καί
2504 2346 2603 2416 τῆς
2636 2345 2930 2409 υἱοθεσίας,
2966 2346 3087 2399 ούδέ
3127 2346 3343 2419 θανάτῳ
3374 2349 3558 2403 διακό-

1893 2449 2108 2493 πτεται,
2159 2430 2297 2485 ἀλλά
2345 2431 2437 2484 καὶ
2484 2429 2721 2484 ἐνταῦθα
2765 2432 2912 2483 ποιεῖ
2943 2429 3252 2501 λαμπροὺς,
3300 2433 3562 2505 καὶπρὸς

1888 2514 1991 2585 τὴν
2020 2513 2315 2584 μέλλουσαν
2344 2514 2476 2583 ἡμῖν
2502 2511 2874 2583 συναποδημεϊ
2902 2513 3067 2583 ζωήν.
3101 2514 3162 2567 '0
3186 2514 3294 2585 7&9
3323 2515 3420 2583 τὴν
3451 2519 3561 2570 υἱο-

1892 2596 2079 2651 θεσίαν
2121 2597 2412 2668 διατηρων,
2462 2604 2557 2650 καὶ
2604 2596 2703 2668 τὴν
2736 2594 3048 2667 ἁγιωσύνην
3091 2598 3232 2667 μετά
3280 2599 3561 2669 ἀκριϐείας

1893 2679 2196 2750 φυλάττων,
2228 2679 2392 2734 αὑτοῦ
2419 2679 2512 2733 τοῦ
2542 2680 2604 2733 10
2640 2680 2879 2749 διάδημα
2920 2680 3305 2751 περικειμένου
3334 2684 3427 2736 καὶ
3465 2684 3563 2755 τὴν

1892 2763 2184 2835 ἁλουργίδα
2223 2762 2460 2833 ἔχοντος,
2487 2763 2872 2835 λαμπρότερός
2904 2765 2965 2817 τέ
2990 2766 3106 2818 ἐστι
3140 2765 3319 2837 πολλῷ
3344 2768 3436 2822 καὶ
3458 2786 3562 2839 μα-

1896 2847 2299 2920 καριστότερος,
2331 2846 2424 2900 καὶ
2453 2846 2596 2899 κατά
2632 2848 2725 2900 τὸν
2754 2845 2998 2917 παρόντα
3028 2846 3142 2915 βίον
3170 2849 3379 2923 γαλήνῃ
3405 2868 3463 2904 τε
3487 2852 3566 2905 ἐν·

1894 2931 2116 3005 τρυφῶν
2145 2930 2336 3001 πολλῇ,
2365 2930 2458 2985 καὶ
2479 2933 2745 3001 χρησταῖς
2772 2932 3203 3002 συντρεφόμενος
3230 2934 3431 3000 ἐλπίσι,
3472 2937 3564 2990 καὶ

1894 3022 2148 3093 οὐδεμίαν
2171 3021 2403 3094 θορύϐου
2433 3023 2526 3075 καὶ
2557 3022 2803 3093 ταραχῆς
2834 3022 2974 3094 ἔχων
3006 3025 3282 3087 ὑπόθεσιν,
3313 3027 3426 3081 ἀλλ’
3447 3028 3565 3099 ἠδο-

1893 3105 1990 3176 νῆς
2028 3105 2310 3175 διηνεκοῦς
2343 3103 2652 3159 ἀπολαύων.
2682 3105 2962 3177 Εὑθυμίαν
2994 3106 3103 3179 γάρ
3129 3110 3223 3161 καὶ
3257 3110 3434 3181 χαράν
3464 3112 3564 3164 οὐκ

1894 3187 2069 3258 ἀρχῆς
2117 3186 2365 3256 μέγεθος,
2417 3187 2477 3239 οὺ
2520 3188 2818 3259 χρημάτων
2864 3188 3093 3258 πλῆθος.
3137 3192 3196 3245 οὐ
3246 3192 3565 3256 δυναστείας

1893 3270 2078 3339 ὄγκος,
2117 3269 2217 3322 ούκ
2265 3270 2416 3339 ἰσχῦς
2462 3268 2733 3340 σώματος,
2774 3270 2835 3323 ού
2883 3272 3204 3326 πολυτέλεια
3261 3276 3563 3347 τραπέζης,

1894 3362 1991 3431 οὐχ
2026 3360 2253 3431 ἱματίων
2273 3359 2495 3430 κόσμος,
2520 3360 2620 3414 οὐκ
2650 3360 2779 3415 ἄλλο
2806 3379 2859 3416 τι
2879 3363 2986 3416 τῶν
3009 3363 3362 3435 ἀνθρωπίνων
3394 3371 3566 3422 ποιεῖν

1895 3443 2106 3503 εἴωθεν,
2169 3441 2282 3495 ἀλλ’
2341 3441 2373 3513 ἢ
2427 3441 2759 3513 κατόρθωμα
2818 3444 2977 3514 μόνον
3028 3448 3415 3517 πνευματικὸν,
3472 3452 3566 3503 καὶ

1897 3522 2131 3586 συνειδὸς
2168 3520 2387 3590 ἀγαθόν.
2438 3521 2550 3575 Καὶ
2582 3523 2610 3575 0
2643 3522 2801 3575 τοῦτο
2829 3523 3239 3595 κεκαθαρμένον
3265 3527 3423 3597 ἔχων,
3463 3528 3565 3582 κᾶν

1897 3606 2062 3677 ῥάκια
2097 3600 2562 3678 περικείμενοςῇ.
2593 3606 2685 3658 καὶ
2727 3605 2870 3677 λιμῷ
2914 3606 3179 3669 παλαίων,
3217 3610 3324 3666 τῶν
3361 3612 3565 3683 σφόδρα

1893 3693 2224 3766 τρυφώντων
2276 3695 2424 3747 ἐστὶν
2482 3693 2877 3765 εύθυμότερος·
2914 3695 3103 3766 ὥσπερ
3147 3694 3240 3751 οὖν
3283 3701 3311 3753 0
3354 3702 3565 3772 πονηρὰ

1896 3777 2150 3841 συνειδὼς
2178 3776 2376 3847 ἐαυτῷ,
2401 3776 2503 3830 κᾶν
2528 3777 2597 3831 τά
2624 3778 2841 3830 πάντων
2864 3778 3258 3850 περιϐάλληται
3287 3784 3564 3853 χρήματα.

1894 3860 2112 3914 πάντων
2150 3860 2296 3913 ἐστὶν
2329 3857 2677 3929 ἀθλιώτερος.
2727 3858 2829 3912 Διὰ
2864 3859 2927 3929 δὴ
2975 3860 3133 3914 τοῦτο
3161 3864 3189 3915 0
3228 3863 3327 3933 μὲν
3356 3865 3565 3929 Παῦλος

1895 3944 1954 3996 ἐν
1998 3942 2144 4012 λιμῷ
2188 3940 2297 4007 ζῶν
2327 3940 2405 4011 τῷ
2432 3940 2673 4012 διηνεκεῖ
2708 3941 2802 3995 καὶ
2835 3942 3157 4013 γυμνότητι,
3190 3945 3283 3998 καὶ
3311 3948 3566 4017 μαστιζό-

1898 4051 2057 4105 μενος
2085 4033 2207 4087 καθ’
2237 4033 2477 4105 ἐκὰστην
2502 4034 2739 4105 ἡμέραν,
2779 4033 2966 4106 ἔχαιρέ
2990 4052 3048 4088 τε
3074 4036 3171 4090 καὶ
3196 4038 3403 4108 ἐτρύφα
3432 4040 3565 4109 μᾶλ-

1893 4118 1984 4172 λον
2003 4118 2113 4171 τῶν
2143 4116 2534 4188 βασιλευόντων
2569 4116 2724 4170 τότε·
2752 4117 2780 4169 0
2812 4118 2870 4171 δέ
2912 4118 3114 4188 Ἀχαάϐ
3149 4119 3448 4190 βασιλεύων
3473 4125 3566 4177 καί

1893 4201 2103 4272 τρυφῆς
2156 4200 2444 4254 ἀπολαύων
2487 4198 2844 4264 πολυτελοῦς,
2903 4201 3092 4274 ἐπειδὴ
3137 4202 3236 4274 τὴν
3290 4205 3565 4275 ἁμαρτίαν

1893 4284 2110 4355 ἐκείνην
2143 4285 2454 4356 εἰργάσατο,
2497 4283 2681 4337 ἔστενέ
2728 4300 2786 4337 τε
2815 4285 2907 4337 καὶ
2938 4283 3159 4356 ῆθύμει,
3192 4287 3364 4340 καὶτὸ
3399 4290 3565 4359 πρόσ-

1892 4390 2042 4428 ωπον
2067 4374 2233 4428 αὑτοῦ
2261 4374 2665 4447 συμπεπτωκὸς
2683 4371 2773 4447 ἦν,
2799 4377 2893 4431 καὶ
2917 4376 3023 4447 πρὸ
3052 4378 3151 4449 τῆς
3175 4381 3451 4451 ἁμαρτίας
3473 4384 3565 4434 καὶ

1897 4457 2036 4527 μετά
2072 4457 2173 4529 τὴν
2222 4459 2518 4530 ἁμαρτίαν.
2572 4458 2636 4513 Εἰ
2688 4459 2866 4514 τοίνυν
2920 4460 3221 4532 βουλόμεθα
3270 4463 3564 4518 ἀπολαύειν

1891 4540 2110 4612 ⁴ἡδονῆς,
2148 4542 2255 4613 πρὸ
2299 4541 2407 4595 τῶν
2448 4541 2621 4597 ἁλλων
2652 4543 2906 4597 ἁπάντων
2946 4545 3236 4615 φεύγωμεν
3278 4548 3562 4617 πονηρίαν,

1893 4626 1986 4678 καὶ
2011 4623 2297 4697 διώκωμεν
2315 4625 2536 4698 ἀρετὴν,
2579 4626 2654 4690 ὡς
2686 4628 2787 4679 ούκ
2815 4627 2935 4680 ἐνὸν
2963 4628 3136 4691 ἄλλως
3166 4628 3357 4681 τούτου
3402 4646 3564 4699 μετα-

1894 4719 2063 4787 σχεῖν,
2111 4716 2213 4771 κάν
2256 4719 2343 4771 ἐπ’
2383 4718 2545 4772 αὐτὸν
2602 4717 2897 4788 ἀναδῶμεν
2927 4717 3019 4771 τὸν
3056 4717 3242 4788 θρόνον
3272 4718 3362 4771 τὸν
3410 4720 3563 4789 βασι·

1893 4800 2066 4855 λικόν.
2107 4800 2199 4853 Διὸ
2240 4802 2337 4855 καὶ
2370 4802 2399 4855 0
2441 4800 2603 4873 [456].-
2636 4800 2846 4865 Παῦλος
2879 4801 3066 4869 ἔλεγεν
3087 4818 3107 4834 ι
3141 4800 3203 4852 '0
3228 4801 3296 4853 δὲ
3333 4804 3562 4869 καρπὸς

1893 4881 2000 4935 τοῦ
2038 4882 2385 4950 Πνεύματος
2415 4882 2636 4951 ἀγάπη,
2668 4883 2837 4951 χαρὰ,
2870 4882 3099 4950 εἰρήνη.
3130 4882 3330 4936 Τοῦτον
3349 4880 3444 4937 οὖν
3472 4886 3561 4938 τὸν

1892 4965 2103 5037 καρπὸν
2147 4965 2434 5036 τρέφωμεν
2481 4966 2611 5036 παρ’
2658 4966 2890 5031 ἐαυτοίς,
2944 4966 3031 5018 ἱνα
3070 4966 3163 5020 καὶ
3201 4968 3299 5037 τῆς
3331 4969 3563 5025 ἐνταῦθα

1892 5054 2068 5125 χαρᾶς
2110 5052 2525 5123 ἀπολαύσωμεν,
2582 5052 2677 5107 καί¹
2718 5052 2816 5122 τῆς
2871 5052 3169 5124 μελλούσης
3217 5056 3561 5129 ἐπιτύχωμεν

1894 5140 2192 5213 βασιλείας,
2242 5139 2423 5211 χάριτι
2458 5140 2551 5193 καὶ
2594 5139 2975 5211 φιλανθρωπίᾳ
3024 5143 3119 5194 τοῦ
3164 5144 3369 5214 Κυρίου
3405 5148 3561 5217 ἡμῶν

1904 5227 2077 5300 Ἰησοῦ
2104 5227 2366 5299 Χριστοῦ,
2396 5227 2513 5297 μεθ’
2546 5222 2607 5282 οὗ
2632 5227 2709 5297 τῷ
2729 5228 2903 5300 Πατρὶ
2931 5231 2964 5299 ή
2994 5228 3141 5296 δόξα,
3174 5230 3290 5302 ἁμα
3320 5232 3397 5305 τῷ
3422 5235 3562 5306 ἁγίῳ

1894 5314 2195 5385 Πνεύματι,
2218 5312 2313 5369 νῦν
2342 5314 2437 5368 καὶ
2456 5314 2563 5380 ἀεὶ,
2590 5314 2684 5368 καὶ
2710 5315 2791 5379 εἰς
2813 5315 2939 5380 τοὺς
2967 5315 3168 5382 αἰῶνας
3193 5318 3300 5371 τῶν
3326 5320 3554 5379 αἰώνων.

1909 5401 2111 5471 Ἀμήν.

1958 5499 1985 5540 d
2007 5499 2161 5551 Iidem
2179 5502 2273 5550 υἱοὶ
2289 5501 2565 5565 γεγόναμεν.
2627 5503 2646 5527 ⁸
2663 5502 2837 5557 Morel.
2858 5503 3013 5568 solus,
3038 5506 3172 5556 οὐδὲν
3190 5507 3454 5570 ἀξιώματα.
