3950 6456
469 351 576 406 803

479 463 727 531 fuerant,
778 458 1203 533 committentem
1246 454 1347 511 sibi
1391 454 1442 507 in
1480 460 1670 507 testem
1703 465 1797 519 pro
1830 462 1887 501 re
1929 444 2059 499 falsa

472 569 761 624 numquam
792 562 1102 607 vocaturum
1143 546 1327 602 fuisse.
1358 544 1435 598 Ad
1474 543 1588 598 haec
1611 542 1772 596 etiam
1799 537 1925 593 illud
1949 536 2061 590 vult

473 646 791 710 ostendere,
825 643 1098 699 caritatem
1141 649 1196 695 et
1222 654 1405 692 curam
1432 651 1589 706 quam
1619 634 1687 689 de
1712 633 1817 689 illis
1844 629 2062 702 gerebat

476 739 833 796 necessariam
869 750 1009 790 esse.
1051 732 1129 788 Ne
1151 732 1390 786 dicerent
1421 729 1562 784 enim
1596 744 1610 782 :
1637 726 1717 782 Tu
1747 726 1867 797 quis
1893 737 1973 788 es,
2007 730 2060 777 et

478 833 619 889 unde
640 830 868 885 civitatis
896 837 1056 883 tanta:
1085 840 1150 879 ac
1178 824 1337 894 regite
1362 838 1543 878 curam
1584 830 1636 876 te
1664 818 1941 888 suscipere
1979 816 2063 870 di-

475 924 553 979 cis
580 923 606 976 ?
634 921 863 978 ostendit
896 919 1040 973 illam
1070 932 1220 971 suam
1248 912 1665 969 Sollicitudinem
1697 909 2058 965 necessariam

480 1031 597 1073 esse
636 1033 648 1069 :
684 1012 945 1084 siquidem
977 1010 1062 1065 hic
1103 1009 1174 1063 illi
1207 1007 1480 1062 servitutis
1518 1004 1709 1059 modus
1739 1004 2061 1057 constitutus

479 1120 578 1170 est,
601 1116 659 1162 ut
684 1104 1017 1176 evangelium
1044 1102 1346 1156 annuntict.
1367 1099 1496 1155 Nam
1530 1098 1594 1163 is,
1622 1098 1704 1151 cui
1737 1094 1840 1151 hoc
1870 1108 2062 1148 munus

481 1199 729 1255 traditum
753 1205 855 1263 est,
880 1194 1183 1250 necessario
1204 1192 1364 1247 debet
1382 1205 1496 1255 cos,
1524 1188 1614 1258 qui
1636 1187 1855 1242 verbum
1883 1200 2064 1239 susce-

482 1290 622 1363 pturi
648 1297 804 1357 sunt,
834 1303 1049 1357 semper
1079 1288 1131 1340 in
1163 1293 1340 1339 mente
1370 1283 1588 1337 habere.
1621 1280 1770 1334 Aliud
1803 1279 1963 1333 etiam
1992 1278 2066 1331 si-

480 1382 716 1454 gniﬁcat,
737 1396 855 1435 cum
880 1379 1008 1435 dicit
1028 1396 1042 1431 ;
1066 1376 1131 1431 In
1153 1377 1336 1447 spiritu
1359 1391 1467 1429 meo
1492 1390 1510 1427 :
1530 1373 1669 1443 quod
1692 1386 1883 1441 nempe
1910 1371 2064 1440 longe

484 1475 767 1532 sublimior
791 1481 906 1529 erat
934 1472 1047 1527 haec
1074 1470 1260 1541 religio
1289 1483 1445 1538 quam
1476 1466 1693 1536 gentilis
1715 1474 1769 1518 et
1796 1463 2013 1518 .lndaica
2046 1477 2060 1513 :

486 1585 607 1624 natu
635 1568 848 1639 gentilis
873 1574 927 1620 et
956 1580 1179 1621 erronea
1206 1572 1260 1619 et
1284 1561 1514 1617 carnalis
1535 1570 1649 1614 erat
1669 1598 1685 1624 ,
1718 1556 1936 1611 Judaica
1967 1570 2063 1608 au-

487 1674 597 1717 tem
627 1675 749 1716 vera
779 1657 1018 1730 quidem,
1050 1657 1142 1713 sed
1169 1653 1399 1711 carnalis
1425 1661 1480 1708 et
1506 1652 1619 1720 ipsa
1646 1657 1790 1713 erat;
1814 1646 2067 1705 Ecclesiae

486 1766 645 1823 porro
668 1752 861 1814 cultus,
885 1749 1070 1820 gentili
1101 1744 1425 1809 contrarius,
1455 1742 1677 1798 .ludaico
1702 1749 1878 1794 autem
1908 1738 2067 1806 longe

484 1846 765 1901 sublimior
785 1853 888 1899 est.
911 1842 1025 1897 Non
1057 1841 1199 1897 enim
1226 1853 1375 1903 oves,
1406 1837 1625 1900 vitulos,
1659 1833 1863 1887 funium
1901 1841 1955 1886 et
1985 1831 2069 1884 ni-

486 1939 673 1993 dorem
703 1938 876 1993 cultus
904 1944 1088 1991 noster
1124 1932 1361 1994 adhibet,
1400 1929 1495 1985 sed
1528 1943 1624 1998 per
1647 1928 1883 1980 animam
1911 1923 2068 1993 spiri-

488 2031 687 2086 tualcm
715 2032 771 2085 ﬁt
789 2047 803 2085 :
828 2028 966 2099 quod
984 2025 1276 2082 ostendens
1295 2023 1541 2080 Christus
1558 2020 1772 2075 dicebat
1797 2037 1811 2073 :
1844 2018 2068 2089 Spiritus

485 2124 745 2195 estDeus,
774 2135 819 2178 et
836 2140 919 2178 eos
946 2124 1033 2194 qui
1061 2122 1206 2175 illum
1227 2120 1466 2183 adorant,
1494 2118 1545 2170 in
1574 2115 1757 2183 spiritu
1787 2122 1832 2167 et
1860 2112 2070 2165 veritate

488 2217 706 2269 adorare
731 2224 924 2283 oportet
950 2211 1141 2285 (Joan.
1174 2212 1227 2265 4.
1252 2208 1376 2278 24).
1405 2207 1471 2261 In
1502 2205 1759 2275 evangelio
1788 2203 1913 2257 Filii
1934 2204 2063 2274 ejus.

486 2310 618 2364 Cum
650 2309 897 2379 superius
941 2307 1166 2361 dixisset
1210 2301 1541 2372 evangelium
1584 2298 1756 2353 Patris
1784 2311 1939 2360 esse,
1980 2292 2072 2350 hic

487 2400 609 2456 Filii
638 2414 759 2454 esse
786 2399 917 2453 dicit
960 2416 974 2453 :
1015 2398 1086 2453 ita
1120 2394 1485 2450 indifferenter
1514 2391 1687 2446 Patris
1709 2396 1764 2444 ct
1792 2387 1908 2441 Filii
1936 2385 2075 2442 dici-

487 2501 594 2545 tur.
634 2490 857 2545 Edidicit
882 2491 1025 2546 enim
1062 2504 1091 2543 a
1120 2488 1273 2541 beata
1301 2486 1386 2540 illa
1410 2499 1557 2549 voce,
1585 2498 1704 2553 qua:
1740 2480 1917 2535 Patris
1940 2486 2068 2533 sunt

487 2582 607 2638 Filii
647 2596 787 2645 esse,
817 2590 872 2637 et
907 2597 1027 2651 qua:
1054 2580 1175 2636 Filii
1205 2578 1330 2633 item
1360 2577 1552 2632 Patris.
1586 2574 1771 2629 Omnia
1806 2573 1956 2639 enim,
1990 2572 2072 2625 in-

487 2676 623 2743 quit,
656 2684 742 2728 tua
769 2691 879 2727 mea
907 2683 1046 2737 sunt,
1072 2684 1121 2726 et
1149 2688 1258 2725 mea
1281 2681 1366 2723 tua
1391 2676 1507 2723 sunt
1534 2665 1710 2740 (Joan.
1740 2666 1827 2719 l7.
1858 2664 1970 2735 10).
2003 2662 2072 2718 Ut

487 2767 824 2820 indesinenter
855 2765 1150 2820 memoriam
1191 2763 1342 2817 vestri
1378 2761 1567 2831 faciam
1600 2760 1655 2813 in
1682 2758 1915 2829 precibus
1949 2757 2072 2811 meis

488 2858 678 2930 (Ibid.
713 2859 756 2929 ).
807 2857 921 2913 Hoc
966 2871 1235 2926 germanae
1295 2853 1532 2909 caritatis
1582 2859 1685 2907 est.
1744 2850 1812 2905 Et
1864 2848 2074 2905 videtur

488 2952 702 3023 quidem
736 2968 897 3005 unum
928 2952 1127 3012 dicere,
1160 2948 1284 3004 dum
1309 2957 1535 3018 quatuor
1564 2945 1715 3016 ponit
1747 2962 1760 2999 :
1791 2942 1933 3015 quod
1956 2956 2062 2997 me-

488 3062 609 3101 mor
636 3047 725 3107 sit.
760 3044 902 3114 quod
934 3044 1320 3107 indesinenter,
1351 3038 1495 3111 quod
1526 3040 1578 3093 in
1614 3036 1882 3108 precibus,
1904 3033 2075 3105 quod—

490 3155 595 3209 que
633 3153 729 3207 pro
762 3136 965 3207 magnis
994 3137 1155 3191 rebus
1183 3144 1453 3205 precetur.
1557 3130 1645 3186 l0.
1679 3129 1847 3197 orans
1889 3127 1936 3181 si
1973 3142 2073 3198 quo

490 3231 641 3284 modo
670 3229 949 3299 aliquando
989 3241 1231 3298 prospere
1266 3224 1474 3296 possim,
1502 3222 1696 3276 volente
1736 3219 1844 3272 Deo
1864 3260 1877 3283 ,
1905 3217 2076 3272 venire

489 3322 557 3375 ad
588 3338 692 3375 vos.
744 3322 827 3375 ll.
863 3319 1108 3373 Desidere
1141 3317 1274 3371 enim
1304 3315 1471 3368 videre
1498 3329 1605 3366 vos.
1652 3310 1841 3366 Viden’
1867 3323 2075 3365 summe

490 3422 760 3484 optantem
805 3412 927 3467 illos
955 3410 1175 3474 videre,
1226 3422 1401 3477 neque
1437 3405 1489 3460 id
1531 3405 1706 3459 facere
1744 3412 1939 3472 printer
1981 3401 2075 3455 Dei

493 3505 748 3573 placitum
780 3503 1069 3566 volentem,
1101 3499 1192 3555 sed
1223 3512 1461 3553 amorem
1492 3496 1586 3549 Dei
1632 3495 1823 3549 timore
1852 3492 2074 3547 mixtum

492 3606 767 3665 gerentem
790 3594 813 3648 ?
839 3594 1067 3649 Amabat
1089 3593 1284 3662 quippe
1311 3591 1428 3644 illos
1451 3598 1506 3643 et
1525 3587 1589 3642 ad
1614 3586 1730 3640 illos
1754 3584 2075 3651 festinabat;

494 3689 587 3745 sed
616 3689 739 3743 licet
764 3694 991 3750 amaret,
1019 3699 1123 3739 non
1151 3690 1344 3752 pra-ter
1383 3680 1474 3735 Dei
1504 3678 1755 3749 placitum
1782 3676 1963 3731 videre
1984 3689 2081 3730 cu-

496 3779 695 3851 piebat.
735 3779 859 3833 Haec
880 3785 963 3832 est
985 3789 1235 3846 germana
1276 3772 1471 3828 caritas
1501 3791 1515 3827 :
1552 3785 1657 3824 non
1684 3769 1820 3823 sicut
1848 3783 1964 3832 nos,
1989 3767 2081 3839 qui

498 3874 746 3942 utrinque
773 3886 801 3923 a
842 3868 1080 3925 caritatis
1110 3866 1315 3936 legibus
1340 3863 1637 3919 excidimus
1670 3880 1683 3917 :
1715 3877 1835 3915 nam
1866 3861 1955 3942 vel
1988 3876 2084 3915 ne-

498 3965 697 4020 minem
725 3975 968 4017 amamus
991 4000 1007 4025 ,
1034 3958 1118 4013 vel
1148 3957 1191 4011 si
1217 3970 1458 4010 amemus
1479 3996 1494 4020 ,
1528 3953 1579 4007 id
1612 3963 1806 4024 praeter
1838 3932 2082 4021 Dei‘pla-

498 4056 664 4113 citum
722 4053 996 4118 facimus;
1047 4059 1333 4119 utrumque
1390 4054 1574 4101 contra
1626 4044 1858 4098 divinam
1914 4043 2084 4112 legem

501 4146 779 4201 facientes.
798 4145 852 4200 Si
883 4144 998 4199 lucc
1018 4142 1159 4197 dicta
1182 4153 1430 4202 onerosa,
1449 4137 1759 4193 ouerosiora
1788 4143 1935 4192 certe
1960 4141 2087 4190 sunt

501 4242 547 4296 si
582 4240 728 4294 ﬁant.

575 4333 630 4387 '5.
661 4331 725 4384 Et
748 4327 1041 4400 quomodo,
1065 4325 1294 4395 inquies,
1319 4330 1515 4394 praeter
1540 4321 1634 4376 Dei
1664 4318 1912 4390 placitum
1937 4332 2087 4373 ama-

507 4438 627 4477 mus
655 4422 680 4475 ?
709 4419 934 4488 Quando
967 4416 1235 4472 Christum
1280 4416 1418 4469 latine
1453 4412 1814 4468 tabescentem
1852 4410 2085 4479 despici-

511 4530 650 4582 mus,
682 4513 803 4568 ﬁliis
828 4521 1007 4565 autem
1028 4551 1043 4577 ,
1076 4508 1263 4563 amicis
1292 4516 1347 4563 et
1372 4505 1612 4577 cognatis
1653 4502 1772 4574 plus
1800 4517 1959 4574 quam
1990 4517 2089 4559 ne-

507 4623 660 4663 cesse
675 4616 755 4663 est
773 4605 1082 4675 elargimur.
1106 4602 1219 4656 lmo
1239 4600 1411 4670 potius
1432 4597 1555 4669 quid
1578 4611 1713 4667 opus
1737 4605 1819 4652 est
1843 4609 2093 4653 sermone

512 4702 733 4758 ulterius
780 4698 1025 4771 progredi
1058 4698 1082 4750 ?
1125 4694 1258 4750 Nam
1297 4694 1340 4750 si
1372 4707 1522 4749 suam
1552 4691 1776 4762 quisque
1813 4690 2095 4746 conscien-

512 4795 640 4850 tiam
686 4790 1111 4856 examiuaverit,
1156 4786 1401 4857 plurimis
1430 4784 1482 4838 in
1530 4783 1690 4838 rebus
1731 4782 1831 4836 hoc
1874 4796 1905 4835 a
1939 4780 2095 4835 nobis

510 4889 706 4944 factum
732 4901 852 4943 esse
877 4881 1269 4955 deprehendet.
1306 4880 1376 4935 At
1400 4879 1587 4934 beatus
1619 4877 1700 4931 vir
1722 4876 1811 4931 ille
1836 4889 1943 4931 non
1977 4874 2095 4930 talis

510 4989 647 5047 erat,
688 4978 785 5035 sed
809 4993 1011 5040 amare,
1039 4985 1093 5031 et
1124 4982 1180 5028 ut
1206 4988 1303 5044 par
1327 4980 1411 5027 est
1434 4984 1617 5024 amare
1655 4967 1879 5031 sciebat,
1908 4976 2092 5033 atque,

511 5072 616 5127 etsi
649 5086 837 5126 omnes
882 5070 935 5123 in
979 5082 1162 5122 amore
1193 5066 1463 5126 vinceret,
1498 5062 1739 5117 caritatis
1770 5070 1945 5111 tamen
1982 5070 2097 5110 mo-

513 5164 640 5219 dum
671 5178 776 5218 non
809 5158 1319 5230 transgrediebatur.
1357 5154 1488 5210 Vide
1513 5166 1641 5224 ergo
1666 5161 1951 5220 utrumque
1977 5147 2095 5202 exi-

518 5257 625 5311 mie
654 5255 706 5309 in
733 5254 827 5308 illo
854 5251 1149 5317 abundare,
1176 5260 1231 5305 et
1262 5247 1355 5303 Dei
1382 5247 1629 5301 timorem
1658 5253 1713 5299 et
1730 5243 2096 5299 Romanorum

511 5346 875 5405 dilectionem.
896 5344 1026 5398 Nam
1047 5340 1188 5413 quod
1210 5340 1577 5395 indesinenter
1602 5342 1930 5407 precaretur,
1957 5341 2013 5388 et
2038 5346 2098 5387 re

517 5454 625 5495 non
668 5437 948 5507 impetrata
988 5448 1095 5489 non
1135 5440 1311 5486 tamen
1342 5430 1657 5494 desisteret,
1702 5425 1941 5481 ardentis
1982 5431 2101 5478 erat

519 5533 721 5588 amoris
750 5547 765 5598 ;
808 5526 1058 5600 quodque
1096 5523 1327 5580 amando
1354 5523 1672 5593 persisteret
1698 5518 1792 5574 Dei
1819 5517 1971 5573 nutui
1997 5517 2099 5571 ob-

518 5639 751 5696 sequens
770 5662 786 5687 ,
829 5634 1054 5677 summa:
1095 5615 1309 5688 pietatis
1338 5622 1476 5669 erat.
1506 5612 1645 5667 Alibi
1676 5611 1836 5666 etiam
1863 5623 1985 5663 cum
2017 5618 2099 5663 ter

523 5714 806 5771 Dominum
835 5720 1097 5783 rogasset,
1131 5722 1229 5763 nec
1254 5707 1611 5776 impetrasset,
1637 5703 1746 5757 imo
1772 5700 2100 5757 contrarium

523 5806 622 5866 sibi
653 5806 934 5866 accidisset
954 5848 967 5874 ,
1009 5803 1206 5877 gratias
1243 5800 1353 5873 egit
1382 5798 1642 5856 maximas
1666 5794 1806 5867 quod
1831 5795 2099 5866 repulsam

1209 333 1269 395 S.
1304 333 1582 393 JOANNIS
1618 328 2090 390 CHRYSOSTOMI
2128 325 2450 383 ARCHIEP.
2479 326 3016 386 CONSTANTINOP.

3643 331 3734 387 ιω

2165 442 2372 497 tulisset
2393 442 2479 517 (2.
2508 442 2630 499 Cor.
2656 442 2743 498 l2.
2768 441 2834 517 8)
2859 462 2873 499 :
2901 445 2979 501 sic
3009 444 3098 501 ille
3126 446 3177 500 in
3203 446 3454 502 omnibus
3479 447 3549 502 ad
3578 447 3739 504 Deum

2162 549 2222 591 se
2252 538 2613 592 convertebat.
2651 537 2747 592 llic
2774 547 2950 591 autem
2981 535 3190 608 accepit
3218 540 3465 609 quidem,
3499 541 3598 596 sed
3640 556 3735 596 non

2162 629 2376 698 quando
2406 629 2620 698 petebat
2644 646 2659 696 ;
2687 630 2779 685 sed
2804 629 3035 696 tardius,
3067 645 3169 685 nec
3195 632 3421 687 moleste
3450 632 3593 688 tulit.
3622 632 3741 690 Bac

2163 737 2325 791 porro
2363 722 2503 787 dico,
2533 732 2590 777 ut
2621 738 2733 777 non
2755 738 2897 793 argre
2937 722 3174 779 feramus
3199 724 3412 793 quando
3437 740 3545 780 non
3580 741 3741 781 exau-

2163 815 2358 879 dimur,
2389 817 2470 870 vel
2500 831 2620 870 cum
2649 817 2854 870 tardius
2877 816 3217 871 exaudimur.
3246 817 3362 872 Non
3384 819 3529 873 enim
3559 835 3740 874 sumus

2164 907 2330 962 Paulo
2360 907 2631 971 meliores,
2667 908 2756 978 qui
2794 909 2863 963 de
2906 919 3136 979 utroque
3166 912 3363 980 gratias
3391 912 3522 981 egit,
3550 921 3607 967 et
3634 912 3743 981 qui-

2163 998 2283 1054 dem
2304 999 2426 1069 jure
2452 1000 2663 1054 merito.
2686 999 2817 1069 Quia
2846 1001 2991 1055 enim
3023 1002 3202 1056 manui
3224 1003 3403 1057 omnia
3427 1003 3740 1074 gubernanti

2163 1104 2224 1146 se
2255 1091 2419 1146 semel
2442 1091 2743 1157 dediderat,
2771 1100 2967 1147 etcum
2996 1102 3141 1148 tanta
3170 1093 3525 1162 subjectione,
3552 1106 3742 1166 quanta

2166 1181 2334 1236 lutum
2380 1183 2538 1254 ﬁgulo
2569 1201 2584 1249 ;
2626 1198 2733 1253 quo
2770 1183 2997 1239 ducebat
3046 1185 3186 1241 Deus
3210 1228 3226 1254 ,
3264 1186 3358 1241 illo
3399 1188 3741 1257 sequebatur.

2162 1274 2295 1328 Cum
2326 1274 2549 1329 dixisset
2578 1290 2707 1345 ergo
2733 1278 2939 1345 precari
2967 1291 3026 1333 se
3053 1285 3111 1331 ut
3134 1277 3255 1333 illos
3282 1278 3506 1344 videret,
3533 1294 3744 1335 causam

2165 1364 2413 1421 desiderii
2437 1365 2605 1421 addit.
2630 1366 2884 1434 Quaaoam
2911 1368 2998 1423 illa
3015 1370 3139 1424 est?
3160 1369 3227 1424 Ut
3254 1370 3449 1442 aliquid
3463 1372 3745 1440 impertiam

2165 1456 2303 1509 vobis
2327 1457 2506 1527 gratia:
2524 1458 2803 1527 spiritualis
2827 1462 2895 1514 ad
2923 1462 3300 1531 conﬁrmandos
3328 1479 3435 1519 vos.
3460 1464 3580 1519 Non
3609 1469 3745 1520 enim

2166 1547 2284 1602 sine
2310 1562 2490 1614 causa,
2515 1558 2571 1603 ut
2592 1550 2743 1605 multi
2769 1552 2877 1620 jam
2909 1553 3207 1622 superfluas
3235 1555 3559 1626 inntilesque
3585 1574 3741 1628 pere-

2166 1640 2496 1709 grinationes
2541 1643 2860 1712 suscipiunt,
2894 1644 2988 1698 illo
3016 1660 3075 1700 se
3113 1645 3361 1702 conferre
3386 1648 3625 1715 volebat,
3655 1651 3746 1702 sed

2169 1745 2265 1801 pro
2299 1732 2618 1788 necessariis
2652 1735 3072 1806 urgentibusque
3100 1739 3329 1808 negotiis
3359 1756 3373 1792 :
3406 1740 3456 1794 id
3484 1741 3627 1810 quod
3661 1742 3751 1797 ille

2168 1825 2316 1880 clare
2342 1840 2447 1881 non
2484 1828 2749 1892 enuntiat,
2777 1828 2873 1884 sed
2901 1830 3256 1900 amigmatice.
3286 1832 3470 1902 Neque
3497 1835 3642 1889 enim
3668 1835 3748 1890 di-

2169 1915 2271 1982 xit,
2309 1915 2379 1972 Ut
2408 1915 2629 1972 doceam
2667 1933 2782 1983 vos,
2810 1928 2866 1974 ut
2892 1920 3187 1988 instituam,
3218 1932 3275 1977 ut
3299 1924 3441 1994 quod
3468 1924 3625 1981 deest
3650 1927 3750 1981 im—

2168 2008 2344 2078 pleam
2371 2026 2386 2075 ;
2424 2010 2539 2077 sed,
2578 2010 2645 2065 Ut
2668 2012 2791 2077 quid
2813 2012 3096 2082 impertiam
3122 2030 3141 2077 ;
3167 2014 3409 2070 iudicans
3437 2031 3496 2071 se
3525 2033 3631 2072 non
3659 2035 3759 2073 sua

2169 2103 2299 2159 dare
2340 2104 2480 2168 illis,
2525 2105 2619 2160 sed
2647 2121 2767 2177 quae
2806 2108 3015 2175 accepit
3044 2108 3272 2164 tradere.
3307 2109 3405 2164 Hic
3445 2114 3607 2166 etiam
3634 2129 3753 2166 mo-

2169 2194 2322 2250 deste
2355 2195 2607 2266 loquitur,
2641 2212 2761 2251 cum
2796 2197 2945 2264 dicit,
2979 2198 3047 2253 Ut
3077 2198 3291 2269 aliquid.
3321 2201 3625 2267 Paululum,
3678 2205 3757 2257 in—

2170 2290 2304 2359 quit,
2337 2297 2393 2343 et
2423 2290 2719 2344 secundum
2764 2306 2939 2345 meum
2967 2292 3265 2347 modulum.
3295 2294 3362 2347 Et
3387 2294 3643 2363 quidnam
3676 2307 3756 2348 est

2171 2381 2297 2436 illud
2326 2383 2596 2451 paululum
2619 2425 2634 2449 ,
2663 2383 2803 2453 quod
2828 2384 2938 2454 jam
2962 2384 3189 2441 daturus
3214 2387 3339 2442 est?
3375 2387 3509 2442 Illud
3541 2396 3648 2455 est,
3677 2389 3755 2441 in-

2171 2474 2303 2544 quit,
2332 2473 2412 2526 Ad
2436 2475 2837 2544 conﬁrmandum
2859 2492 2965 2531 vos.

2245 2564 2423 2620 Gratia
2452 2584 2552 2621 non
2578 2566 2801 2621 excludit
2824 2567 3100 2623 mercedem
3120 2585 3183 2623 ea:
3208 2570 3466 2640 proposito
3488 2571 3758 2624 voluntatis

2173 2667 2487 2729 partam.—
2514 2658 2657 2730 Ergo
2692 2675 2756 2714 ex
2798 2660 2963 2729 gratia
3012 2661 3142 2715 illud
3189 2673 3291 2723 est,
3335 2678 3442 2717 non
3482 2663 3754 2726 vacillare,

2174 2749 2268 2806 sed
2298 2750 2522 2805 ﬁrmiter
2547 2760 2710 2806 stare.
2744 2748 2979 2806 Gratiam
3006 2767 3133 2807 vero
3157 2769 3279 2808 cum
3305 2754 3477 2818 audis,
3502 2770 3635 2809 eave
3667 2772 3757 2822 pu-

2175 2852 2256 2898 tes
2283 2843 2493 2898 excludi
2525 2844 2825 2899 mercedem
2854 2845 2996 2899 illam
3023 2860 3087 2900 ex
3119 2848 3391 2917 proposito
3420 2847 3715 2901 voluntatis
3743 2870 3755 2902 :

2173 2938 2397 3008 gratiam
2441 2938 2582 2993 enim
2611 2937 2772 3003 dicit,
2802 2954 2904 2992 non
2933 2939 3071 3008 quod
3113 2941 3369 3010 propositi
3398 2940 3638 2996 laborem
3681 2959 3760 2996 rc~

2174 3029 2383 3099 probet,
2404 3029 2499 3085 sed
2525 3040 2580 3083 ut
2604 3030 2922 3100 arrogantiae
2941 3030 3132 3086 fastum
3164 3032 3421 3087 succidat.
3452 3031 3531 3087 Ne
3560 3034 3761 3102 itaque,

2175 3121 2297 3191 quia
2329 3122 2523 3177 Paulus
2552 3122 2680 3177 illud
2720 3123 2944 3192 gratiam
2988 3123 3234 3188 vocavit,
3265 3124 3444 3178 animo
3484 3124 3759 3179 concidas.

2176 3214 2324 3271 Grati
2352 3215 2496 3270 enim
2521 3215 2685 3269 animi
2722 3230 2880 3270 causa
2908 3215 3046 3270 solet
3070 3226 3217 3271 recte
3242 3216 3379 3270 facta
3405 3218 3635 3286 gratiam
3662 3232 3758 3270 vo-

2177 3325 2336 3377 care,
2369 3311 2619 3381 quoniam
2662 3311 2714 3364 in
2747 3309 2895 3365 hisce
2937 3325 3036 3366 nos
3066 3311 3232 3365 multa
3268 3326 3486 3381 egemus
3530 3328 3767 3381 superna

2178 3403 2363 3470 gratia.
2384 3401 2517 3456 Cum
2536 3401 2668 3457 dixit
2687 3409 2888 3466 autem,
2906 3401 2988 3455 Ad
3010 3402 3387 3470 conﬁrmandos
3404 3418 3510 3465 vos,
3535 3402 3762 3457 latenter

2182 3493 2382 3549 indicat
2408 3509 2566 3563 egere
2597 3493 2715 3548 illos
2746 3508 2935 3564 magna
2958 3494 3312 3549 correctione.
3339 3494 3451 3548 Hoc
3486 3494 3632 3548 enim
3657 3495 3763 3548 vult

2179 3588 2483 3659 signiﬁcare
2509 3606 2521 3643 :
2547 3590 2588 3642 A
2616 3587 2783 3642 multo
2807 3586 3424 3658 temporedesiderabam
3443 3589 3567 3642 etin
3585 3598 3764 3656 Oplalo

2181 3679 2443 3736 habebam
2472 3696 2567 3736 vos
2596 3680 2796 3744 videre,
2831 3694 2936 3735 non
2963 3678 3066 3734 alia
3095 3679 3163 3735 de
3189 3695 3368 3746 causa,
3397 3696 3557 3750 qnam
3589 3693 3643 3733 ut
3674 3696 3762 3735 vos

2183 3772 2557 3829 conﬁrmarem
2586 3782 2638 3827 et
2676 3770 2844 3842 probe
2869 3770 3163 3826 stabilirem
3194 3772 3246 3825 in
3288 3770 3481 3825 timore
3510 3772 3527 3802 ¹
3564 3771 3679 3837 Dei,
3712 3782 3764 3823 ut

2186 3881 2254 3921 ne
2282 3873 2536 3934 perpetuo
2558 3862 2837 3918 vacilletis.
2863 3863 2931 3918 At
2960 3878 3065 3917 non
3088 3863 3157 3916 ita
3180 3862 3352 3928 dixit;
3380 3863 3458 3917 sic
3484 3864 3627 3917 enim
3652 3863 3763 3915 illos

2187 3956 2587 4027 perstrinxisset
2613 3971 2627 4021 ;
2679 3953 2774 4011 sed
2808 3954 2913 4009 alio
2938 3953 3098 4008 modo
3124 3953 3509 4023 remissiusque
3540 3954 3763 4023 idipsum

2188 4048 2491 4104 subindicat
2524 4064 2538 4101 :
2571 4062 2691 4101 cum
2740 4047 2883 4100 enim
2924 4045 3080 4110 dicit,
3126 4045 3204 4097 Ad
3232 4046 3615 4112 con/irritandus
3648 4061 3761 4105 vos.

2192 4142 2292 4196 hoc
2320 4141 2492 4211 ipsum
2516 4139 2798 4209 signiﬁcat.
2845 4138 3044 4193 Deinde
3064 4178 3079 4202 ,
3115 4137 3234 4208 quia
3265 4138 3390 4191 illud
3423 4138 3582 4192 valde
3611 4139 3766 4192 mole—

2190 4244 2332 4290 stum
2356 4244 2490 4299 erat,
2517 4232 2641 4287 vide
2675 4230 2942 4302 quomodo
2972 4246 3067 4299 per
3094 4245 3154 4284 ea
3191 4245 3309 4298 qua:
3336 4229 3486 4283 addit
3510 4229 3643 4283 illud
3670 4230 3763 4283 mi-

2195 4328 2341 4399 tiget.
2374 4327 2450 4382 Ne
2478 4326 2718 4381 dicerent
2748 4325 2888 4380 enim
2929 4342 2942 4378 :
2972 4324 3107 4392 Quid
3134 4339 3281 4394 ergo,
3312 4339 3379 4378 an
3410 4325 3766 4379 vacillamus?

2194 4438 2261 4477 an
2305 4421 2735 4491 circumagimur,
2766 4428 2820 4474 et
2860 4428 2945 4473 tua
2987 4432 3206 4489 egemus
3247 4417 3419 4487 lingua
3455 4426 3515 4471 ut
3558 4417 3766 4471 ﬁrmiter

2195 4526 2398 4572 stemus
2426 4516 2448 4569 ?
2476 4513 2615 4570 hanc
2652 4512 2921 4584 prmvertit
2944 4510 3294 4581 objectionem
3325 4509 3409 4563 his
3434 4510 3616 4563 verbis
3645 4528 3657 4562 :
3688 4508 3763 4562 19..

2205 4609 2315 4664 Hoc
2344 4616 2416 4663 est
2452 4617 2654 4673 autem,
2694 4604 2846 4661 simul
2887 4603 3140 4657 consolari
3168 4603 3220 4655 in
3259 4601 3396 4654 vobis
3424 4618 3518 4669 per
3557 4611 3767 4652 mutuam

2198 4702 2371 4773 ﬁdem,
2395 4709 2609 4755 vestram
2633 4707 2679 4752 et
2707 4714 2888 4752 meam.
2914 4697 2989 4749 Ac
3012 4695 3054 4749 si
3086 4694 3307 4758 diceret,
3332 4690 3409 4745 Ne
3430 4690 3764 4761 SnSpicemini

2200 4811 2286 4851 me
2310 4792 2600 4849 accusandi
2631 4806 2788 4846 causa
2822 4790 2871 4844 id
2903 4788 3054 4843 vobis
3078 4786 3276 4841 dixisse
3306 4804 3318 4838 :
3345 4802 3454 4839 non
3479 4785 3580 4839 hac
3608 4793 3769 4837 meme

2199 4889 2451 4960 loquutus
2492 4902 2651 4949 sum;
2687 4884 2778 4939 sed
2810 4882 2934 4954 quid
2966 4880 3109 4936 volui
3139 4879 3319 4934 dicere
3344 4879 3369 4931 τ
3410 4878 3607 4932 Multas
3643 4875 3767 4945 passi

2201 4984 2333 5040 estis
2357 4994 2625 5038 aerumnas
2649 4979 2718 5033 ab
2747 4978 2811 5031 iis
2830 5018 2845 5041 ,
2879 4975 2967 5045 qui
3005 4988 3100 5029 vos
3131 4980 3257 5047 sunt
3298 4970 3609 5042 persequuti
3644 4986 3657 5020 :
3686 4980 3770 5019 vos

2202 5089 2329 5146 ergo
2349 5073 2531 5128 videre
2547 5068 2868 5135 desideravi,
2891 5075 2942 5121 ut
2969 5064 3278 5120 consolarer
3302 5079 3317 5128 ;
3346 5062 3456 5115 imo
3482 5059 3657 5129 ponus
3678 5070 3771 5110 nos

2204 5176 2261 5222 ut
2288 5164 2598 5221 consolarer
2643 5171 2870 5225 tantum,
2903 5156 2997 5213 sed
3031 5158 3189 5213 etiam
3219 5162 3281 5209 ut
3319 5153 3434 5222 ipse
3463 5148 3770 5206 consolatio-

2204 5272 2326 5313 nem
2352 5255 2673 5325 acciperem.

2272 5351 2327 5405 4.
2360 5346 2495 5403 Vide
2522 5343 2837 5414 sapientiam
2865 5338 3119 5395 doctoris.
3151 5335 3325 5396 Dixit,
3358 5332 3439 5386 Ad
3473 5331 3775 5399 conﬁrmau-

2205 5443 2298 5496 dos
2338 5456 2444 5494 vos.
2488 5437 2719 5493 Noverat
2754 5446 2917 5505 grave
2958 5438 3013 5485 et
3052 5440 3337 5482 onerosum
3368 5421 3644 5492 discipulis
3670 5433 3775 5473 esse

2206 5530 2336 5587 illud
2365 5528 2505 5601 quod
2532 5528 2759 5591 dixerat,
2784 5531 2838 5579 et
2859 5520 3027 5585 addit,
3057 5517 3136 5573 Ad
3163 5514 3529 5571 consolandum
3553 5528 3658 5565 eos.
3682 5506 3774 5564 Sed

2208 5622 2337 5679 illud
2367 5634 2579 5693 quoque
2616 5619 2899 5672 molestum
2927 5618 3076 5679 erat,
3108 5624 3213 5663 non
3257 5604 3482 5679 perinde
3512 5614 3684 5659 tamen
3705 5607 3777 5652 αι-

2274 5801 2290 5833 ι
2348 5805 2476 5848 Unus
2496 5793 2638 5859 legit,
2664 5793 2712 5845 in
2735 5792 2904 5845 timore
2926 5796 2973 5842 et
2988 5799 3170 5838 mttere.
