4064 6296
119 232 272 292 ιιιδ

108 352 212 422 τῷ
254 354 334 408 τὺ
382 354 643 425 κήρυγμα
684 352 1124 423 εὐαγγελίζεσθαι
1175 354 1481 425 λατρεύων·
1537 357 1632 407 καὶ
1681 348 1835 413 οὗτος

106 432 196 505 ἦν
217 438 257 489 ὁ
280 440 390 507 τῆς
412 439 652 500 δουλείας
674 438 838 491 αὐτοῦ
868 437 1065 506 τρόπος
1085 454 1100 469 ο
1132 437 1286 491 τοῦτο
1312 438 1420 508 γάρ
1445 434 1515 508 ἦν
1542 440 1828 504 ἐπιτεταγο

110 523 344 592 μένος.
392 524 492 578 Διὰ
537 525 696 578 τοῦτο
732 524 792 577 οὐ
845 525 1097 594 μάρτυρα
1143 523 1298 577 καλεῖ
1340 524 1433 576 τὸν
1478 523 1610 577 Θεὸν
1647 523 1827 593 μόνον,

107 610 289 664 ἀλλὰ
346 613 449 665 καὶ
486 613 623 682 ὅπερ
665 611 1015 680 ἐνεπιστεύθη
1058 610 1229 678 λέγει,
1271 610 1484 674 δεικνὺς
1513 611 1595 663 ὄτι
1628 610 1729 663 οὐκ
1766 610 1832 663 ἂν

106 697 469 767 τηλικαῦτα
521 698 901 769 ἐγχειρισθεὶς,
943 698 1037 750 τὸν
1085 698 1522 767 ἐμπιστεύσαντα
1578 699 1830 767 μάρτυρα

109 781 228 832 ἐπὶ
285 782 553 849 ψευδέσιν
587 782 769 835 ἐκάλει
792 794 840 833 ⁸.
874 782 1027 837 Μετά
1060 781 1117 835 δέ
1149 781 1340 834 τούτου
1392 783 1611 834 κάκεῖνο
1660 782 1830 845 δεῖξαι

110 863 437 932 βούλεται,
478 865 574 935 τὴν
611 866 832 933 ἀγάπην
864 864 963 933 τὴν
998 864 1138 935 ὑπὲρ
1166 864 1366 927 αὐτῶν,
1402 865 1495 916 καὶ
1522 864 1621 933 τὴν
1663 880 1827 933 φρον-

112 951 263 1004 τίδα
308 953 618 1021 ἀναγκαίαν
652 948 839 1007 οὖσαν.
878 952 995 1004 ’Ὶνα
1027 950 1136 1020 γὰρ
1169 951 1242 1021 μὴ
1275 951 1491 1017 λέγωσι,
1524 951 1595 1003 Σὺ
1632 952 1714 1011 τίς
1753 948 1828 1002 ὢν

110 1038 228 1091 καὶ
256 1038 463 1101 πόθεν,
492 1036 644 1088 πόλιν
668 1035 810 1089 οὕτω
843 1035 1085 1105 μεγάλην
1108 1035 1203 1088 καὶ
1224 1034 1655 1104 βασιλικωτάτην
1682 1050 1829 1104 μερι-

114 1128 290 1197 μνᾷν
328 1127 472 1196 φής;
501 1124 773 1178 δείκνυσιν
816 1123 1119 1191 ἀναγκαίαν
1145 1119 1311 1176 οὖσαν
1344 1121 1611 1192 αὐτῷτὴν
1640 1120 1826 1173 τοιαύ-

109 1230 233 1284 την
290 1212 578 1284 φροντίδα,
627 1213 681 1264 εῖ
708 1228 771 1278 γε
801 1212 949 1280 αὐτῷ
989 1210 1087 1280 τῆς
1118 1209 1357 1271 δουλείας
1385 1204 1539 1271 οὗτος
1563 1210 1591 1260 6
1624 1208 1824 1278 τρόπος

110 1300 530 1363 ἐπιτέτακται,
576 1302 637 1352 τὸ
682 1298 1073 1367 καταγγέλλειν
1110 1298 1172 1350 τὸ
1220 1296 1571 1365 Εὐαγγέλιον.
1609 1297 1668 1348 Ὀ
1717 1298 1825 1365 γὰρ

110 1387 310 1443 τοῦτο
358 1386 840 1457 ἐγκεχειρισμένος
887 1386 1133 1457 ἀνάγκην
1190 1385 1302 1455 ἔχει
1352 1385 1480 1448 τοὺς
1532 1382 1824 1455 μέλλοντας

114 1474 509 1543 ὑποδέχεσθαι
541 1474 629 1527 τὸν
654 1474 808 1541 λόγον
836 1473 1125 1535 διαπαντὸς
1151 1472 1293 1542 ἔχειν
1323 1473 1414 1524 ἐπὶ
1441 1470 1540 1539 τῆς
1562 1470 1819 1532 διανοίας.

114 1562 307 1631 Δηλοῖ
336 1561 396 1613 δὲ
434 1561 528 1613 καὶ
558 1561 745 1630 ἕτερον
768 1560 904 1630 πρὸς
938 1560 1148 1622 τούτοις
1179 1559 1367 1621 εἰπὼν,
1410 1558 1513 1611 Ἐν
1533 1557 1611 1622 τῷ
1636 1558 1821 1610 πνεύ-

108 1650 285 1717 ματι
319 1666 471 1718 μου·
500 1649 582 1701 ὃτι
616 1648 750 1701 πολὺ
795 1649 888 1700 καὶ
915 1646 1016 1716 τῆς
1053 1646 1371 1717 Ἑλληνικῆς
1415 1645 1510 1699 καὶ
1541 1645 1639 1715 τῆς
1691 1644 1822 1696 ἰου-

111 1734 341 1804 δαϊκῆς
374 1733 628 1805 λατρείας
656 1734 903 1805 άνωτέρα
929 1734 1089 1804 αῦτη.
1139 1735 1203 1787 Ἥ
1235 1735 1332 1805 μὲν
1356 1734 1462 1805 γάρ
1506 1732 1819 1804 Ἑλληνικὴ.

115 1822 232 1873 καὶ
274 1821 669 1892 πεπλανημένη
708 1822 804 1874 καὶ
833 1825 1099 1893 σαρκική·
1146 1821 1260 1892 ἠδὲ
1303 1821 1588 1893 Ἰουδαῖκὴ,
1614 1820 1819 1892 ἀληθὴς

118 1908 270 1979 μὲν,
317 1910 557 1979 σαρκικὴ
594 1908 651 1961 δὲ
696 1909 791 1961 καὶ
838 1909 973 1977 αὐτή
1000 1926 1013 1940 ο
1046 1911 1078 1979 ή
1120 1909 1177 1962 δὲ
1207 1909 1304 1979 τῆς
1341 1908 1687 1977 Ἐκκλησίας,
1716 1910 1817 1977 τῆς

119 1997 241 2065 μὲν
293 1996 616 2067 Ἑλληνικῆς
655 1996 894 2059 ἐναντία,
938 1995 1038 2065 τῆς
1064 1996 1121 2049 δὲ
1182 1996 1480 2066 Ἰουδαϊκῆς
1512 1996 1817 2067 ὑψηλοτέρα

116 2084 327 2154 πολλῷ
374 2083 455 2154 τῷ
492 2084 694 2155 μέτρῳ.
736 2085 810 2138 Οὐ
862 2084 971 2153 γάρ
1002 2084 1090 2137 διὰ
1135 2084 1424 2155 προϐάτων
1472 2083 1568 2137 καὶ
1601 2084 1815 2154 μόσχων

117 2173 232 2225 καὶ
280 2172 489 2225 καπνοῦ
536 2173 630 2223 καὶ
662 2171 887 2241 κνίσσης
926 2174 955 2225 6
984 2172 1083 2243 τῆς
1114 2171 1389 2243 ἡμετέρας
1415 2171 1667 2242 λατρείας
1690 2171 1816 2242 τρόο

118 2278 261 2325 mg,
299 2260 439 2314 άλλά
468 2260 556 2315 διά
582 2260 760 2330 ψυχῆς
800 2261 1203 2331 πνευματικῆς·
1240 2262 1377 2329 ὅπερ
1404 2260 1497 2313 καὶ
1529 2262 1557 2312 ὁ
1581 2260 1814 2332 Χριστὸς

114 2348 315 2419 δηλῶν
334 2348 491 2416 ἔλεγε
505 2365 519 2378 ο
542 2348 783 2415 Πνεῦμα
799 2350 830 2400 ό
855 2349 1016 2414 Θεὸς,
1037 2348 1135 2401 καὶ
1157 2347 1295 2414 τοὺς
1315 2347 1814 2415 προσκυνοῦντας

115 2438 347 2497 αὑτὸν.
390 2436 463 2488 ἐν
510 2436 800 2504 πνεύματι
843 2435 939 2490 καὶ
985 2437 1238 2503 ἀληθείᾳ
1281 2434 1377 2489 δεῖ
1417 2434 1809 2502 προσκυνεῖν.

134 2526 246 2576 ‘Er
292 2523 376 2588 τῷ
397 2524 742 2593 Εὐαγγελίῳ
772 2523 880 2578 τοῦ
917 2524 1053 2579 Υίοῦ
1084 2522 1289 2578 αὐτοῦ.
1332 2523 1614 2592 Ἀνωτέρω
1642 2521 1811 2575 εἰπὼν

118 2613 188 2665 τὸ
220 2611 563 2682 Εὐαγγέλιον
594 2612 688 2665 τοῦ
720 2612 933 2682 Πατρός
956 2609 1115 2675 εἶναι,
1148 2610 1380 2664 ἐνταῦθα
1405 2610 1499 2663 τοῦ
1534 2610 1660 2663 Υίοῦ
1678 2612 1807 2664 αὐτό

120 2718 340 2772 φησιν’
379 2700 552 2763 οὕτως
595 2700 886 2771 ἀδιάφορον
920 2701 1012 2753 καὶ
1055 2701 1265 2770 [ἰατρὸς
1302 2700 1395 2752 καὶ
1434 2698 1563 2751 Υίοῦ
1609 2698 1808 2767 λέγειν.

122 2792 249 2845 Καὶ
270 2790 383 2861 γάρ
422 2788 592 2859 ἔμαθε
624 2788 775 2859 παρά
794 2789 893 2857 τῆς
934 2788 1211 2858 μακαρίας
1242 2788 1455 2858 ἐκείνης
1494 2790 1698 2856 φωνῆς,
1727 2788 1810 2840 ὅτι

119 2880 197 2932 τὰ
229 2877 329 2931 τοῦ
359 2877 570 2946 Πατρός
606 2877 701 2930 τοῦ
734 2876 884 2939 Υίοῦ,
924 2876 1111 2928 καὶτὰ
1141 2874 1232 2928 τοῦ
1262 2874 1393 2927 Υίοῦ
1438 2874 1532 2927 τοῦ
1564 2874 1807 2945 Πατρός⁶

124 2965 344 3020 Πάντα
384 2964 517 3034 γὰρ.
566 2965 720 3034 φησὶ,
757 2963 830 3017 τὰ
864 2963 975 3032 ἐμὰ
1007 2961 1091 3015 σά
1126 2962 1278 3025 ἐστι,
1317 2961 1417 3013 καὶ
1453 2959 1522 3013 τὰ
1556 2958 1639 3013 σὰ
1671 2958 1803 3028 ἐμά.

136 3054 243 3117 Ὧς
286 3051 683 3115 ἀδιαλείπτως
705 3049 923 3119 μνείαν
965 3047 1132 3117 ὑμῶν
1178 3046 1456 3115 ποιοῦμαι
1505 3046 1603 3099 ἐπὶ
1628 3046 1656 3086 δ
1692 3046 1811 3099 τῶν

124 3138 499 3209 προσευχῶν
537 3137 683 3211 [559]
710 3155 850 3207 μου.
901 3137 1072 3190 Τοῦτο
1130 3135 1357 3205 γνησίας
1402 3135 1644 3205 ἀγάπης.
1698 3136 1809 3189 Καὶ

128 3229 284 3281 δοκεῖ
315 3227 416 3297 μὲν
442 3227 501 3280 ἐν
530 3244 583 3280 τι
612 3225 811 3294 λέγειν,
840 3224 1082 3296 τέσσαρα
1109 3223 1165 3276 δέ
1191 3222 1403 3293 τίθησιν
1426 3221 1679 3284 ἐνταῦθα,
1715 3224 1808 3275 καὶ

127 3318 214 3369 ὅτι
260 3317 555 3388 μέμνηται,
604 3316 699 3367 καὶ
736 3314 817 3366 δτι
861 3310 1242 3375 ἀδιαλείπτως,
1284 3310 1377 3363 κει)⁸
1400 3311 1482 3363 ὅτι
1512 3312 1568 3363 ἐν
1596 3310 1804 3381 εὐχαῖς,

131 3403 235 3455 καὶ
265 3405 349 3456 ὅτι
392 3403 534 3473 ὑπὲρ
574 3401 824 3472 μεγάλων
862 3400 1220 3472 πραγμάτων.
1254 3402 1562 3468 Δεόμενος,
1588 3400 1644 3453 εἴ
1682 3412 1807 3465 πως

128 3492 250 3559 ἤδη
299 3490 448 3545 ποτὲ
482 3490 928 3557 εὐοδωθήσομαι
975 3489 1046 3541 ἐν
1083 3486 1164 3552 τῷ
1196 3486 1479 3556 θελήματι
1509 3486 1615 3541 τοῦ
1656 3486 1804 3541 Θεοῦ

128 3580 337 3635 ἐλθεῖν
364 3578 515 3647 πρὸς
558 3574 732 3645 ὑμᾶς.
774 3573 1066 3630 Ἐπιποθῶ
1094 3575 1203 3645 γὰρ
1241 3574 1388 3628 ίδεῖν
1416 3573 1590 3643 ὑμᾶς.
1641 3574 1805 3646 Ὁρᾷς

130 3672 229 3723 καὶ
254 3668 515 3721 ὠδίνοντα
546 3666 742 3729 αὐτοὺς
776 3664 921 3727 ἰδεῖν,
956 3662 1051 3717 καὶ
1072 3664 1173 3717 οὐκ
1208 3664 1531 3734 ἀνεχόμενον
1566 3661 1717 3732 παρὰ
1744 3663 1804 3716 τὸ

128 3760 210 3828 τῷ
243 3756 366 3826 Θεῷ
392 3754 585 3808 δοκοῦν
612 3754 760 3819 ίδείν,
782 3752 917 3807 ἀλλά
939 3752 1337 3823 κεκερασμένον
1358 3750 1508 3822 φόϐῳ
1540 3752 1675 3804 Θεοῦ
1710 3751 1802 3803 τὸν

130 3846 299 3898 πόθον
332 3842 551 3913 ἔχοντας
608 3841 813 3909 Ἐφίλει
858 3840 956 3910 μὲν
1002 3840 1111 3910 γὰρ
1157 3840 1374 3903 αὐτοὺς,
1417 3839 1508 3892 καὶ
1544 3838 1802 3907 ἠπείγετο

130 3932 269 4003 πρὸς
315 3929 541 3993 αὐτούς·
577 3929 638 3982 οὐ
678 3928 807 3999 μὴν,
849 3927 1036 3998 ἐπειδὴ
1077 3927 1270 3995 ἐφίλει,
1301 3927 1450 3997 παρᾶ
1486 3926 1543 3979 τὸ
1569 3925 1645 3996 τῷ
1683 3924 1802 3996 Θεῷ

129 4019 323 4072 δοκοῦν
359 4016 610 4070 ἐϐούλετο
657 4016 805 4071 ἰδεῖν.
847 4014 996 4085 Αῦτη
1043 4016 1076 4085 ή
1119 4014 1317 4085 γνησία
1346 4015 1559 4085 ἀγάπη,
1590 4014 1687 4083 οὐχ
1725 4016 1801 4077 ὡς

126 4109 293 4178 ἡμεῖς
333 4106 383 4158 οί
433 4102 821 4175 ἀμφοτέρωθεν
866 4104 976 4156 τῶν
1003 4103 1182 4175 νόμων
1223 4103 1319 4173 τῆς
1369 4103 1593 4173 ἀγάπης
1640 4102 1799 4155 ἐκπί-

130 4210 377 4256 πτοντες.
409 4193 481 4246 ’Ἡ
506 4192 614 4263 γὰρ
648 4191 840 4244 οὐδένα
872 4190 1148 4261 φιλοῦμεν,
1179 4190 1211 4260 ἢ
1240 4190 1460 4242 ἐπειδὰν
1485 4189 1800 4260 φιλήσωμέν

130 4299 283 4343 ποτε,
312 4280 466 4351 παρά
489 4280 559 4346 1:6
576 4279 651 4349 τῷ
682 4278 801 4349 Θεῷ
827 4278 1014 4331 δοκοῦν
1035 4277 1315 4348 φιλοῦμεν,
1344 4277 1629 4348 ἀμφότερα
1652 4278 1799 4347 παρά

128 4369 219 4423 τὸν
241 4370 387 4422 θεῖον
408 4368 688 4430 ποιοῦντες
717 4378 740 4406 ο
771 4366 954 4437 νόμον.
985 4366 1048 4418 Εἰ
1078 4366 1135 4419 δὲ
1167 4364 1400 4437 φορτικά
1424 4364 1601 4419 ταῦτα
1640 4364 1797 4434 λεγό-

133 4474 296 4528 μενα,
326 4454 705 4525 φορτικώτερα
732 4455 1046 4523 γιγνόμενα.

198 4547 277 4610 γ’.
297 4542 411 4594 Καὶ
441 4539 558 4604 πῶς
592 4538 745 4609 παρὰ
761 4539 823 4591 τὸ
842 4538 917 4609 τῷ
941 4537 1059 4609 Θεῷ
1084 4536 1272 4590 δοκοῦν
1299 4536 1580 4608 φιλοῦμεν,
1600 4536 1795 4606 φησίν;

132 4628 299 4682 Ὅταν
329 4627 424 4680 τὸν
453 4628 552 4696 μὲν
600 4626 837 4696 Χριστὸν
880 4624 1023 4696 λιμῷ
1078 4624 1379 4695 τηκόμενον
1425 4623 1793 4695 περιορῶμεν,

132 4716 287 4770 παισὶ
313 4715 373 4769 δὲ
396 4715 493 4769 καὶ
534 4715 707 4782 φίλοις
764 4715 858 4768 καὶ
923 4714 1239 4783 συγγενέσιν
1283 4713 1424 4785 ὑπὲρ
1456 4713 1554 4783 τὴν
1606 4713 1796 4785 χρείαν

133 4804 485 4875 παρέχωμεν.
540 4802 756 4857 Μᾶλλον
802 4801 859 4855 δὲ
910 4802 965 4854 τί
1012 4803 1117 4873 χρὴ
1172 4801 1481 4873 περαιτέρω
1519 4801 1611 4854 τὸν
1640 4801 1796 4869 λόγον

48 4926 63 4939 .
134 4892 432 4962 προάγειν;
474 4890 600 4943 Ἐὰν
658 4888 765 4958 γὰρ
796 4888 856 4942 τὸ
911 4888 1105 4941 ἑαυτοῦ
1162 4888 1396 4950 συνειδὸς
1427 4889 1657 4951 ἕκαστος
1705 4887 1795 4953 ἐξ-

133 4979 320 5049 ετάσῃ,
342 4977 437 5029 ἐπὶ
458 4976 666 5029 πολλῶν
696 4976 851 5030 τοῦτο
868 4977 1089 5047 εὑρήσει
1116 4978 1399 5047 γινόμενον
1430 4975 1793 5047 πραγμάτων.

144 5066 293 5119 Ἀλλ’
321 5064 479 5134 οὐχό
528 5063 797 5134 μακάριος
856 5066 1059 5126 ἐκεῖνος
1117 5063 1356 5126 τοιοῦτος
1404 5059 1493 5133 ἦν,
1533 5062 1795 5131 ἀλλ’ᾔδει

136 5155 222 5206 καὶ
249 5152 449 5222 φιλεῖν,
481 5152 575 5203 καὶ
609 5151 780 5218 φιλεῖν
806 5150 881 5214 ῶς
907 5149 1034 5221 χρὴ,
1070 5149 1164 5203 καὶ
1190 5150 1265 5212 ὼς
1294 5149 1568 5220 προσῆκον
1588 5144 1677 5218 ἦν,
1702 5148 1795 5202 καὶ

136 5240 342 5301 πάντας
378 5237 544 5291 νικῶν
566 5237 643 5307 τῷ
668 5237 860 5307 φιλεῖν,
909 5238 1007 5307 οὐχ
1041 5236 1367 5309 ὐπερέϐαινε
1427 5236 1526 5303 τῆς
1573 5238 1790 5307 ἀγάπης

135 5327 199 5381 τὰ
226 5326 424 5397 μέτρα.
462 5326 606 5396 Ὅρα
657 5326 788 5394 γοῦν
839 5326 1125 5396 ἀμφότερα
1188 5324 1317 5395 μεθ’
1371 5324 1674 5395 ὑπερϐολῆς
1735 5326 1793 5377 ἐν

137 5412 282 5483 αὐτῷ
334 5412 588 5483 βρύοντα,
630 5413 725 5466 καὶ
770 5413 861 5466 τὸν
893 5413 986 5466 τοῦ
1030 5412 1167 5467 Θεοῦ
1206 5411 1389 5481 φόϐον,
1430 5412 1647 5465 καὶτὸν
1684 5411 1793 5463 τῶν

148 5499 431 5569 Ῥωμαίων
463 5500 650 5555 πόθον.
688 5500 762 5553 T6
798 5500 896 5571 μὲν
929 5499 1036 5570 γάρ
1074 5498 1335 5570 διηνεκῶς
1375 5498 1653 5569 εὐχεσθαι,
1698 5498 1794 5551 καὶ

139 5588 209 5658 μὴ
228 5586 568 5656 τυγχάνοντα
600 5586 675 5658 μὴ
701 5587 1051 5656 ἀφίστασθαι,
1090 5587 1309 5657 ἀγάπης
1338 5587 1573 5658 σφοδρᾶς
1601 5582 1668 5656 ῆν
1689 5602 1701 5614 ·
1733 5584 1796 5638 τὸ

136 5676 191 5729 δὲ
217 5676 521 5745 ἀγαπῶντα
558 5675 740 5745 μένειν
774 5674 801 5715 ἀ
834 5674 913 5746 τῷ
943 5675 1036 5729 τοῦ
1087 5674 1225 5729 Θεοῦ
1272 5674 1501 5746 νεύματι
1552 5674 1791 5741 εἴκοντα,

194 5818 210 5841 ⁸
236 5819 391 5881 [idem
436 5818 651 5881 ἐκάλεσε.
714 5818 744 5859 b
770 5818 924 5877 Unus,
972 5818 1199 5881 ποιοῦμαι
1237 5820 1434 5868 πάντοτε
1459 5819 1551 5868 ἐπί.
1622 5820 1641 5850 ε
1679 5817 1793 5878 Alii.

138 5880 376 5943 ποιοῦμεν.
428 5879 599 5949 ηάΑίίἱ,
621 5882 875 5942 ἀγαπῶντα
896 5883 1021 5931 οὕτω
1051 5879 1217 5944 μένειν.

1418 238 1483 293 IN
1520 237 1737 293 EPIST.
1776 236 1864 290 AD
1899 235 2063 295 ROM.
2108 243 2339 304 HOMIL.
2379 250 2441 305 ΙΙ.

1940 355 2225 457 ερλιαϐείας
2285 367 2697 441 ἐπιτεταμένης.
2755 374 3009 447 Ἀλλαχοῦ
3062 379 3162 449 μὲν
3202 379 3296 437 οὖν
3348 388 3467 456 τρὶς
3508 391 3602 444 τιν

1939 442 2142 533 Κύριον
2169 454 2555 520 παρακαλέσας
2575 459 2637 510 ού
2678 461 2837 529 μόνον
2870 442 2969 518 οὐκ
3012 442 3221 533 ἐλαϐεν,
3250 442 3393 525 ἀλλὰ.
3415 442 3601 530 καὶτδ

1938 532 2202 631 ἐναντίον,
2242 539 2318 631 μὴ
2377 540 2575 608 λαϐὼν,
2636 548 2795 618 χάριν
2841 550 2980 619 ἐγνω
3025 555 3118 608 τοῦ
3153 561 3598 631 παρακουσθῆναι

1934 619 2136 691 πολλήν
2168 640 2182 654 ο
2218 625 2359 679 οὕτω
2389 630 2522 699 πρὸς
2558 632 2651 684 τὸν
2698 636 2828 688 Θεὸν
2870 639 2928 689 ἐν
2960 640 3162 694 ἅπασιν
3190 619 3434 701 ἔϐλεπεν.
3482 619 3598 705 "Ev-

1932 706 2104 805 ταῦθα
2120 709 2187 805 δὲ
2218 711 2375 805 ἔλαϐε
2411 717 2530 805 μέν,
2559 721 2654 789 οὐχ
2684 723 2772 774 ὅτε
2806 725 2861 776 δὲ
2903 726 3126 797 ᾔτησεν,
3169 732 3306 784 ἀλλά
3335 734 3594 805 βραδέως,
3666 761 3671 766 ⁸

1932 794 2026 891 καὶ
2048 796 2201 850 οὐδὲν
2237 810 2260 837 ο
2292 802 2542 856 ἐντεῦθεν
2588 792 2934 881 ἐδυσχέρανεξ
2990 792 3172 871 Ταῦτα
3222 821 3277 872 δὲ
3316 792 3477 891 λέγω,
3511 792 3599 879 ἵνα

2038 886 2393 981 ἀσχάλλωμεν
2429 893 2502 964 μὴ
2532 896 2874 968 ἀκουόμενοι.
2910 904 2941 973 ἢ
2970 905 3212 978 βραδέως
3248 882 3591 981 ἀκουόμενοι.

1930 970 2004 1073 Θύ
2030 972 2138 1073 γάρ
2160 977 2327 1073 ἐσμεν
2356 979 2584 1073 ῘῖῇαύλουΔ
2602 984 2860 1052 βελτίους,
2892 970 2949 1053 ὃς
3078 970 3593 1073 ἀμφοτέροις’χάριν

1927 1058 2197 1128 ὁμολογεῖ·
2213 1064 2302 1116 καὶ
2318 1067 2459 1134 μάλα
2473 1071 2937 1147 εἰκότως.Ἐπειδὴ
2950 1080 3055 1149 γάρ
3068 1058 3210 1148 επὲέξ
3225 1058 3413 1138 ἑαυτὸν
3427 1058 3593 1142 έδωκε

1926 1149 1993 1246 τῆ
2029 1150 2207 1246 πάντα
2228 1153 2545 1228 κυϐερνώσῃ
2577 1162 2740 1231 χειρὶ,
2790 1165 2882 1215 καὶ
2940 1168 3077 1235 μετά
3099 1172 3361 1242 τοσαύτης
3390 1175 3593 1228 ὑποτα-

1926 1238 2026 1334 Ϊῆς
2053 1238 2470 1334 ὐῖτέιρημκεμμεθ*
2689 1248 2717 1299 6
2780 1250 2949 1320 πηλὸς
3004 1254 3081 1324 τῷ
3133 1238 3387 1327 κεραμεῖ,
3445 1255 3590 1334 ᾗπερ

1924 1317 2059 1416 ἦγεν
2086 1327 2114 1377 6
2144 1326 2295 1392 Θεὸς,
2334 1331 2639 1399 ἠκολούθει.
2688 1337 2871 1390 Εἰπὼν
2902 1342 3103 1405 τοίνυν,
3131 1346 3212 1397 ὅτι
3243 1317 3589 1416 ηὐχετοοίξεῖν

1923 1411 2323 1501 αὐτοὺςλέγει
2358 1420 2451 1471 καὶ
2490 1420 2589 1491 τὴν
2641 1423 2818 1476 αἰτίαν
2860 1427 2957 1497 τῆς
3009 1411 3345 1501 ἐπιθυμίας-ξ’
3388 1436 3484 1499 Τίς
3530 1437 3589 1490 δέ

1921 1499 2069 1591 ἐστιν
2098 1500 2273 1571 αὐτη;
2308 1504 2440 1558 Ἵνα
2459 1524 2511 1559 τι
2534 1510 2768 1575 μεταδῶ
2807 1513 3065 1584 χάρισμα
3094 1499 3235 1586 ὑμῖν
3266 1537 3589 1591 πνευματι-

1920 1586 2040 1685 κὸν
2083 1592 2199 1685 εἰς-
2221 1590 2288 1645 τὸ
2326 1596 2719 1685 στηριχθῆναι
2748 1600 2916 1669 ὑμᾶς.
2942 1605 3014 1657 Οὐ
3038 1607 3145 1676 γάρ
3165 1608 3371 1676 ἁπλῶς,
3400 1586 3587 1685 ῶσπερ

1922 1674 2106 1729 πολλοὶ
2140 1678 2235 1731 νῦν
2268 1683 2524 1753 περιττὰς
2565 1687 2659 1738 καὶ
2696 1688 2987 1758 ἀνονήτους
3019 1674 3327 1765 ἀποδημίας
3358 1674 3588 1752 νποιοῦνο

1920 1780 2029 1826 ται,
2061 1765 2206 1819 οὕτω
2238 1770 2330 1821 καὶ
2360 1771 2585 1836 ἐκεῖνος,
2643 1776 2758 1829 ἀλλ’
2810 1779 2947 1850 ὑπὲρ
2987 1782 3297 1847 ἀναγκαίων
3331 1786 3421 1838 καὶ
3452 1789 3584 1856 σφό-

1917 1851 2018 1939 δρα
2049 1857 2485 1923 κατεπειγόντων
2513 1878 2527 1892 ·
2566 1865 2658 1915 καὶ
2702 1866 2888 1933 σαφῶς
2953 1869 3051 1937 μὲν
3099 1870 3277 1939 λέγειν
3322 1851 3583 1929 τοῦτο-οὐ

1918 1938 2188 2008 βούλεται,
2238 1944 2648 2014 αἰνιγματωδῶς
2690 1950 2765 2003 δέ.
2831 1954 2967 2006 Οὐδὲ
3024 1956 3132 2026 γὰρ
3170 1938 3340 2023 εἶπεν,
3370 1962 3485 2014 Ἵνα
3513 1962 3586 2015 δι-

1917 2031 2060 2122 δάξω
2084 2034 2247 2103 ὑμᾶς,
2286 2036 2371 2089 ἵνα
2403 2042 2697 2111 κατηχήσω
2716 2085 2729 2107 ,
2769 2044 2855 2097 ἵνα
2882 2046 2941 2098 τὸ
2979 2046 3160 2101 λεῖπον
3182 2052 3578 2122 ἀναπληρώσω,

1915 2118 2198 2173 ἀλλ’Ἵνα
2239 2140 2291 2176 τι
2330 2125 2590 2192 μεταδῶ,
2646 2130 2859 2193 δεικνὺς
2905 2134 2986 2185 ὅτι
3026 2136 3086 2186 οὐ
3136 2137 3204 2189 τά
3264 2118 3430 2191 αὐτοῦ
3480 2118 3581 2192 αὐέ

1914 2209 2026 2270 τοῖς
2053 2207 2289 2274 δίδωσιν,
2330 2212 2459 2264 ἀλλ’
2494 2212 2638 2285 άπερ
2692 2216 2847 2269 ἔλαϐε
2891 2220 3186 2288 μετεδίδου.
3221 2224 3330 2275 Καὶ
3350 2224 3580 2279 ἐνταῦθα

1911 2295 1969 2348 δὲ
2003 2297 2285 2367 μετριάζει
2333 2300 2494 2352 πάλιν
2532 2303 2703 2356 εἰπών
2727 2322 2738 2334 ·
2779 2306 2911 2361 Ἵνα
2963 2324 3038 2361 τι.
3076 2310 3283 2381 Μικρόν
3314 2328 3388 2373 τι,
3421 2315 3577 2381 φησὶ,

1912 2386 2005 2468 καὶ
2034 2386 2157 2453 ἐμοὶ
2188 2385 2521 2459 σύμμετρον.
2550 2391 2659 2442 Καὶ
2692 2392 2743 2443 τί
2778 2394 2906 2446 ποτέ
2941 2396 3056 2447 ἐστι
3088 2395 3149 2447 τὸ
3183 2396 3376 2468 μικρὸν
3397 2398 3577 2463 τοῦτο,

1910 2466 1972 2525 οῦ
2004 2474 2220 2544 μέλλεις
2253 2476 2348 2528 νῦν
2399 2477 2416 2516 ί
2482 2480 2850 2547 μεταδιδόναι;
2902 2483 3071 2536 Τοῦτο
3124 2484 3179 2538 δέ
3228 2466 3576 2557 ἐσήτι,φησὶν,

1911 2564 2016 2628 Είς
2038 2563 2100 2615 τὸ
2135 2566 2531 2634 στηριχθῆναι
2570 2567 2745 2636 ὑμᾶς.

1983 2679 2125 2749 ’Ἄρα
2166 2679 2258 2732 καὶ
2313 2678 2469 2732 τοῦτο
2524 2680 2766 2750 χάριτος,
2805 2681 2867 2734 τδ
2928 2682 3003 2754 μὴ
3055 2683 3400 2752 σαλεύεσθαι,
3449 2686 3578 2740 ἀλλ’

1909 2764 2128 2818 ἑστάναι
2177 2765 2429 2835 βεϐαίως.
2474 2767 2648 2836 Χάριν
2679 2768 2736 2821 δὲ
2772 2768 2899 2822 ὃταν
2939 2769 3195 2843 ἀκούσῃς,
3227 2772 3301 2841 μὴ
3349 2772 3576 2845 νομίσῃς

1907 2852 2273 2923 ἐκϐεϐλῆσθαι
2303 2855 2394 2908 τὸν
2437 2855 2543 2907 ἀπὸ
2588 2858 2687 2925 τῆς
2732 2857 3107 2927 προαιρέσεως
3151 2858 3339 2927 μισθόν
3371 2875 3383 2888 '
3416 2860 3575 2932 χάριν

1908 2939 2017 3011 γάρ
2040 2935 2216 3003 εἶπεν,
2254 2941 2374 3011 οὐχὶ
2412 2942 2502 2995 τὸν
2550 2943 2614 2995 ἐκ
2666 2946 3036 3014 προαιρέσεως
3084 2946 3365 3015 ἀτιμάζων
3391 2948 3573 3012 πόνον,

1906 3027 2043 3082 ἀλλά
2070 3027 2161 3082 τὸν
2195 3030 2253 3097 ἐξ
2288 3029 2544 3093 ἀπονοίας
2581 3030 3019 3101 ἀποτεμνόμενος
3056 3031 3243 3101 τῦφον.
3285 3032 3371 3105 Μὴ
3398 3036 3574 3089 τοίνυν

1906 3116 2091 3187 ἐπειδὴ
2122 3116 2332 3181 Παῦλος
2356 3118 2487 3171 αὐτὸ
2520 3118 2764 3189 χάρισμα
2798 3119 3057 3173 ἐκάλεσεν
3078 3158 3093 3183 ,
3123 3120 3420 3193 ἀναπέσῃς.
3450 3119 3570 3176 Οἵδε

1904 3207 2015 3276 γάρ
2073 3204 2141 3257 δι’
2180 3204 2602 3275 εὐγνωμοσύνην
2662 3206 2860 3277 πολλὴν
2914 3208 3005 3260 καὶ
3057 3208 3125 3261 τὰ
3172 3209 3569 3282 κατορθώματα

1903 3292 2217 3363 χαρίσματα
2256 3293 2458 3354 καλεῖν,
2489 3294 2575 3347 διὰ
2625 3294 2684 3347 τὸ
2721 3296 2812 3347 καὶ
2844 3296 2902 3347 ὲν
2936 3294 3144 3360 τούτοις
3192 3297 3389 3368 πολλῆς
3424 3301 3571 3370 ἡμᾶς

1902 3381 2110 3434 δεῖσθαι
2161 3383 2260 3451 τῆς
2308 3381 2514 3434 ἄνωθεν
2559 3382 2752 3453 ροπῆς.
2790 3381 2972 3435 Εἰπὼν
3011 3382 3086 3445 δὲ,
3128 3386 3231 3450 Είς
3265 3384 3329 3437 τὸ
3368 3400 3570 3454 ompt-

1903 3469 2123 3539 χθῆναι
2172 3468 2357 3539 ὑμᾶς,
2404 3469 2773 3532 λανθανόντως
2819 3470 2981 3535 ἔδειξε
3037 3471 3323 3542 δεομένους
3368 3474 3567 3545 πολλῆς

1900 3556 2257 3628 διορθώσεως.
2295 3558 2360 3609 Ὃ
2387 3555 2495 3626 γάρ
2524 3555 2769 3625 βούλεται
2810 3558 3012 3617 εἰπεῖν,
3051 3558 3207 3612 τοῦτό
3244 3561 3387 3613 ἐστιν
3421 3575 3436 3590 ⁸
3470 3562 3567 3614 Ἐκ

1901 3646 2097 3701 πολλοῦ
2125 3646 2220 3701 τοῦ
2250 3646 2440 3718 χρόνου
2467 3645 2771 3716 ἐπεθύμουν
2818 3646 2911 3700 καὶ
2954 3647 3200 3720 ηὐχόμην
3241 3650 3385 3721 ὑμᾶς
3414 3650 3564 3718 ἰδεῖν,

1900 3734 1969 3789 δι’
1991 3736 2175 3803 ἕτερον
2204 3736 2300 3804 μὲν
2322 3735 2493 3798 οὐδὲν,
2524 3735 2610 3787 ἵνα
2630 3735 2684 3786 δὲ
2719 3735 2862 3802 ὑμᾶς
2888 3734 3171 3803 βεϐαιώσω
3191 3776 3205 3797 ,
3235 3737 3470 3807 στηρίξω
3505 3755 3563 3791 τε

1901 3823 1996 3876 καὶ
2016 3822 2172 3891 πήξω
2195 3820 2372 3884 καλῶς
2395 3823 2471 3884 εἰς
2500 3821 2589 3872 τὸν
2627 3821 2721 3873 τοῦ
2748 3820 2880 3873 Θεοῦ
2905 3820 3067 3889 φόϐον
3103 3830 3149 3885 8,
3179 3822 3318 3874 ὥστε
3349 3824 3421 3893 μὴ
3464 3842 3562 3875 σα-

1900 3909 2147 3963 λεύεσθαι
2176 3907 2455 3980 διηνεκῶς.
2495 3907 2646 3959 Ἀλλ’
2691 3907 2831 3959 οὕτω
2863 3906 2962 3977 μὲν
3002 3908 3101 3960 οὐκ
3137 3904 3287 3961 εἶπεν
3314 3924 3330 3941 ο
3361 3910 3561 3979 ἔπληξε

1899 3998 2007 4067 γὰρ
2041 3996 2106 4050 ἀν
2139 4010 2155 4028 '
2192 3996 2392 4066 ἐτέρως
2415 3995 2471 4048 δὲ
2494 3994 2799 4065 ὑφειμένως
2823 3994 2883 4046 τὸ
2906 3994 3036 4046 αὐτὸ
3068 3994 3357 4048 αἰνίττεται
3388 4011 3402 4025 ·
3434 3998 3561 4050 ὅταν

1900 4087 2007 4156 γὰρ
2036 4087 2184 4155 είπη,
2238 4087 2343 4148 Εἰς
2400 4083 2466 4136 τὸ
2529 4079 2922 4150 στηριχθῆναι
2981 4081 3156 4151 ὑμᾶς,
3205 4082 3362 4136 τοῦτο
3388 4082 3557 4152 δηλοῖ.

1886 4168 2031 4226 Ἐἶτα
2062 4171 2247 4242 ἐπειδὴ
2273 4172 2366 4224 καὶ⁹
2411 4170 2568 4222 τοῦτο
2613 4170 2817 4240 σφόδρα
2864 4170 3121 4241 φορτικὸν
3166 4164 3255 4239 ἦν,
3303 4169 3403 4240 ὂρα
3442 4170 3561 4234 πῶς

1898 4261 2031 4314 αὐτὸ
2078 4257 2479 4331 παραμυθεῖται
2522 4257 2608 4310 διά
2664 4257 2761 4325 τῆς
2810 4257 3124 4326 ἐπαγωγῆς.
3188 4257 3303 4310 Ἵνα
3342 4257 3448 4327 γὰρ
3484 4258 3560 4330 μὴ

1897 4348 2116 4416 λέγωσι
2153 4347 2217 4399 Τί
2261 4346 2400 4415 γάρ;
2456 4343 2812 4413 σαλευόμεθα,
2854 4344 3280 4417 περιφερόμεθα,
3324 4346 3417 4397 καὶ
3460 4344 3563 4414 τῆς

1898 4434 2048 4505 παρά
2101 4434 2194 4487 σοῦ
2240 4431 2470 4502 δεόμεθα
2514 4430 2761 4500 γλώττης
2802 4433 2881 4493 εἰς
2931 4431 2993 4483 τὺ
3049 4431 3239 4501 στῆναι
3289 4431 3558 4501 βεϐαίως;

1897 4524 2181 4593 προλαϐὼν
2211 4523 2422 4592 ἀναιρεῖ
2444 4521 2543 4593 τὴν
2557 4520 2810 4588 τοιαύτην
2829 4518 3163 4589 ἀντίρρησιν.
3190 4518 3330 4570 οὕτω
3358 4518 3553 4585 λέγων’

1901 4613 2081 4667 Τοῦτο
2106 4610 2174 4665 δέ
2224 4610 2355 4663 ἐστι
2407 4604 2991 4678 συμπαρακληθῆναι
3036 4605 3106 4657 ἐν
3142 4605 3284 4672 ὑμῖν
3331 4602 3427 4657 διὰ
3452 4603 3559 4671 τῆς

1895 4700 1966 4754 ἐν
1994 4697 2287 4765 ἀλλήλοις
2333 4698 2613 4762 πίστεως,
2663 4690 2829 4762 ὑμῶν
2882 4707 2943 4744 τε
2988 4690 3082 4743 καὶ
3110 4690 3274 4759 ἐμοῦ.
3314 4691 3398 4751 Ὠς
3424 4690 3556 4743 ἂνεί

1895 4787 2050 4855 ἔλεγε
2083 4802 2098 4816 ·
2130 4786 2222 4856 Μὴ
2272 4783 2669 4853 ὐποπτεύσητε,
2693 4782 2774 4834 ὅτι
2816 4776 3135 4847 κατηγορῶν
3179 4778 3331 4847 ὑμῶν
3362 4772 3513 4829 εἷπον
3538 4794 3552 4808 ο

1894 4881 1955 4933 οὐ
1979 4878 2153 4952 ταύτῃ
2181 4880 2247 4948 τῇ
2278 4878 2472 4946 γνώμῃ
2504 4870 2850 4942 ἐφθεγξάμην
2882 4868 2941 4921 τὸ
2973 4868 3145 4935 ῥῆμα.
3181 4865 3314 4918 άλλά
3342 4866 3391 4918 τί
3425 4866 3557 4919 ποτέ

1894 4970 2061 5034 ἐστιν,
2113 4968 2249 5036 ὅπερ
2298 4962 2603 5034 ἠϐουλήθην
2666 4960 2872 5021 είπεῖν;
2927 4953 3131 5016 Πολλὰς
3171 4954 3496 5023 ὑπεμείνατε
3527 4957 3554 4996 δ

1895 5055 2123 5124 θλίψεις,
2159 5053 2264 5106 ὑπὸ
2304 5050 2411 5103 τῶν
2451 5046 2751 5102 διωκόντων
2804 5041 3277 5114 περιαντλούμενοι
3310 5058 3325 5071 ο
3361 5040 3560 5095 ἐπεθύ-

1899 5160 2046 5214 μησα
2080 5141 2260 5194 τοίνυν
2306 5137 2451 5206 ὑμᾶς
2505 5134 2654 5195 ἰδεῖν,
2698 5132 2784 5183 ἵνα
2830 5128 3216 5199 παρακαλέσω,
3273 5127 3472 5198 μᾶλλον
3498 5127 3556 5181 δὲ

1895 5231 1993 5301 οὐχ
2024 5230 2112 5283 ἵνα
2141 5223 2507 5298 παρακαλέσω
2556 5220 2735 5292 μόνον,
2791 5216 2919 5272 ἀλλ’
2948 5217 3033 5271 ἵνα
3068 5217 3161 5269 καὶ
3186 5217 3345 5280 αὐτὸς
3376 5216 3557 5288 παρά-

1896 5319 2086 5387 κλησιν
2114 5316 2374 5384 δέξωμαι.

1965 5422 2178 5492 δ⁹.”ορα
2196 5417 2385 5487 σοφίαν
2406 5414 2742 5470 διδασκάλου.
2758 5408 2945 5477 Εἶπεν,
2964 5413 3065 5476 Εἰς
3081 5410 3145 5463 τὸ
3162 5407 3556 5477 στηριχθῆναι

1893 5508 2053 5580 ὑμᾶς
2091 5525 2104 5539 ’
2134 5502 2241 5560 οἶδε
2270 5505 2407 5575 βαρύ
2433 5504 2525 5557 καὶ
2559 5501 2813 5571 φορτικὸν
2842 5499 2903 5552 τὸ
2936 5496 3224 5569 εἰρημένον
3246 5496 3357 5558 τοῖς
3380 5494 3554 5565 μαθη-

1895 5600 2015 5662 ταῖς
2046 5597 2126 5658 6v,
2156 5595 2250 5648 καὶ
2274 5593 2441 5661 λέγει,
2480 5593 2585 5656 Εἰς
2607 5588 2670 5643 τὸ
2694 5584 3151 5656 παρακληθῆναι
3188 5580 3359 5650 ὑμᾶς.
3390 5581 3554 5635 Ἀλλά

1896 5682 2173 5740 καὶτοῦτο
2206 5681 2342 5752 βαρύ
2374 5681 2554 5744 πάλιν,
2605 5679 2702 5749 οὐχ
2757 5677 2898 5730 οὕτω
2935 5673 3033 5746 μὲν
3059 5671 3132 5734 ὡς
3166 5671 3226 5723 τὸ
3268 5670 3549 5741 πρότερον,

1956 5817 1975 5839 ⁸
1998 5812 2361 5875 Ουὶόεηι,οὐδέ.
2422 5810 2455 5875 ,ί
2482 5810 2615 5875 3153.,
2631 5810 2812 5875 μέλλεις
2829 5806 2957 5875 ᾐμῖν.
3030 5799 3541 5875 ἕρμαιβεοῦᾼλόγον,

1900 5866 2043 5929 ὥστῖ.
2071 5866 2352 5930 Διίυεθεοῦ
2375 5874 2516 5937 φόϐον
2543 5866 2803 5933 καὶλὸγον,
2824 5866 2966 5919 ὥστε.
3033 5866 3059 5905 h
3085 5866 3501 5926 Μεδηίιπομινιτι.
