4064 6296
532 239 637 298 ιοσ

532 355 668 426 βαρὺ
693 352 750 408 δὲ
778 354 946 424 ὅμως.
995 351 1381 422 Ὑποτέμνεται
1409 350 1588 404 τοίνυν
1623 345 1716 402 καὶ
1739 350 1929 403 τούτου
1953 349 2112 402 πάλιν
2134 348 2195 402 τὺ

527 442 807 515 φορτικὸν,
838 439 1064 494 λεαίνων
1091 438 1426 508 πανταχόθεν
1459 437 1748 504 τὸνλόγον,
1771 438 1868 489 καὶ
1901 435 2070 488 ποιῶν
2103 435 2193 487 εὑ-

529 530 888 601 παράδεκτον.
920 529 994 580 Οὐ
1024 528 1129 598 γάρ
1157 526 1343 589 ἁπλῶς
1382 521 1526 586 εἷπε,
1556 523 2004 594 Παρακληθῆναι,
2034 523 2192 586 ἀλλά,

529 615 1137 686 Συμπαρακληθῆναι,
1165 615 1261 669 καί
1297 615 1419 667 ούδέ
1442 613 1614 683 τούτῳ
1643 612 1912 683 ἠρκέσθη,
1944 611 2077 664 ἀλλά
2099 611 2195 664 καὶ

531 705 725 775 ἑτέραν
765 705 975 771 εἰσάγει
1005 703 1224 755 πλείονα
1249 701 1568 771 θεραπείαν,
1592 701 1760 752 εἰπών
1796 714 1812 730 ·
1849 699 1952 752 Διά
1985 697 2094 765 τῆς
2128 698 2198 750 ἐν

531 791 826 859 ἀλλήλοις
880 791 1156 854 πίστεως,
1200 787 1366 856 ὑμῶν
1392 805 1454 841 τε
1494 788 1591 840 καὶ
1624 785 1792 856 ἐμοῦ.
1823 785 2018 845 Βαϐαὶ,
2055 783 2196 851 πόση

532 882 567 949 ή
605 877 1069 947 ταπεινοφροσύνῃ
1097 879 1109 930 !
1145 875 1313 941 ἔδειξε
1338 875 1431 928 καί
1455 875 1644 927 ἐαυτὸν
1678 874 1898 927 ἐκείνων
1924 872 2195 942 δεόμενον,

531 967 632 1019 οὑκ
660 966 899 1027 ἐκείνους
931 964 1123 1018 τούτου
1165 963 1322 1033 μόνον
1349 979 1362 991 ·
1397 961 1492 1014 καὶ
1529 962 1654 1025 τοὺς
1688 960 1935 1031 μαθητὰς
1960 962 2016 1012 ἐν
2045 959 2199 1025 τάξει

530 1051 863 1105 διδασκάλων
899 1051 1172 1114 ἐκάθισεν,
1227 1049 1484 1118 οὐδεμίαν
1521 1047 1790 1119 ὑπεροχὴν
1825 1047 1985 1116 ἀφεὶς
2020 1049 2198 1116 μεῖναι

535 1141 663 1210 παρ’
692 1139 860 1210 αὑτῷ,
895 1137 1032 1192 ἀλλά
1083 1137 1282 1208 πολλὴν
1329 1136 1428 1207 τὴν
1455 1136 1726 1205 ἰσοτιμίαν
1769 1134 2196 1204 ἐπιδειξάμενος.

533 1225 728 1279 Κοινδν
757 1225 866 1295 γάρ
915 1227 1031 1277 ἐστι
1081 1225 1142 1276 τὺ
1189 1223 1398 1293 κέρδος,
1449 1223 1604 1291 φησί,
1646 1222 1739 1274 καὶ
1781 1220 1890 1289 ἐγὼ
1939 1221 2035 1290 τῆς
2068 1221 2198 1290 παρ’

535 1315 689 1385 ὑμῶν
704 1313 890 1377 δέομαι
911 1311 1429 1384 παρακλήσεως,καί
1448 1311 1474 1362 ὑ
1486 1313 1601 1380 μείς
1611 1309 1702 1380 [44
1718 1315 1723 1359 ξ
1742 1308 1759 1379 ]
1778 1310 1874 1378 τῆς
1891 1309 2020 1380 παρ’
2037 1308 2195 1379 ἐμοῦ.

535 1399 649 1456 Καὶ
685 1402 801 1464 πῶς
831 1401 990 1453 τοῦτο
1020 1400 1265 1469 γίνεται;
1314 1399 1416 1453 Διά
1469 1397 1581 1466 τῆς
1639 1399 1709 1450 ἐν
1759 1396 2056 1464 ἀλλήλοις
2102 1397 2200 1450 πί·-

535 1506 743 1556 στεως,
777 1484 941 1558 ὑμῶν
968 1505 1030 1541 τε
1063 1488 1161 1541 καί
1190 1486 1358 1555 ἐμοῦ.
1391 1485 1658 1556 Καθάπερ
1691 1485 1798 1555 γάρ
1828 1483 1921 1537 ἐπὶ
1945 1483 2110 1554 πυρὸς
2137 1484 2201 1538 ἂν

537 1576 738 1640 πολλάς
763 1593 846 1639 τις
890 1575 1169 1644 συναγάγῃ
1205 1574 1512 1644 λαμπάδας,
1545 1572 1803 1643 λαμπρὰν
1847 1572 2073 1626 ἀνάπτει
2103 1572 2202 1642 τὴν

537 1665 749 1734 φλόγαο
783 1664 927 1717 οὑτω
974 1664 1068 1718 καὶ
1110 1665 1202 1716 ἐπί
1247 1661 1357 1715 τῶν
1409 1661 1617 1714 πιστῶν
1661 1660 1906 1729 γίνεσθαι
1936 1660 2199 1730 πέφυκεν.

540 1754 707 1808 Ὅταν
739 1753 838 1824 μὲν
871 1752 979 1824 γὰρ
1000 1753 1120 1805 καθ’
1142 1751 1366 1814 ἑαυτοὺς
1389 1744 1539 1820 ὦμεν
1562 1749 1969 1819 διεσπασμένοι,
1997 1749 2202 1819 ἀθυμό-

536 1842 684 1914 τεροί
715 1842 832 1906 πώς
852 1843 1018 1912 ἐσμεν
1049 1857 1062 1870 ·
1099 1841 1228 1893 ὅταν
1252 1840 1308 1892 δέ
1341 1839 1540 1902 ἰδόντες
1563 1837 1823 1908 ἀλλήλους
1843 1839 1958 1901 τοῖς
1983 1837 2203 1900 οἰκείοις

540 1929 964 2001 περιπλακῶμεν
998 1928 1206 1999 μέλεσι,
1234 1926 1435 1996 πολλὴν
1462 1925 1729 1997 δεχόμεθα
1771 1925 1868 1996 τὴν
1914 1923 2201 1996 παράκλη-

539 2036 644 2072 σιν.
671 2018 762 2089 Μὴ
791 2019 898 2088 γάρ
942 2033 1031 2087 μοι
1069 2017 1162 2068 τὸν
1191 2016 1436 2086 παρόντα
1466 2014 1657 2085 καιρὸν
1687 2011 1966 2085 ἐξετάσῃς,
1993 2013 2114 2066 καθ’
2143 2011 2203 2065 ὃν

536 2108 603 2177 τῇ
622 2105 714 2158 τοῦ
737 2106 871 2158 Θεοῦ
926 2105 1106 2175 χάριτι
1157 2105 1295 2157 κατά
1314 2102 1508 2174 κώμην
1529 2102 1623 2155 καί
1653 2102 1826 2164 πόλιν,
1865 2101 1958 2152 καὶ
1981 2101 2036 2152 ἐν
2062 2100 2201 2170 αὑτῇ

535 2197 601 2265 τῇ
630 2194 822 2264 ἐρήμῳ
866 2191 1034 2245 πολλὰ
1088 2192 1195 2244 τῶν
1251 2191 1613 2243 πιστευόντων
1659 2188 1727 2241 τά
1761 2190 2051 2258 τάγματα,
2110 2190 2202 2241 καὶ

536 2283 688 2336 πᾶσα
713 2280 935 2336 ἀσέϐεια
977 2279 1316 2351 ἐξελήλαται,
1384 2277 1497 2331 ἀλλ’
1553 2278 1807 2347 ἐννόησον
1841 2279 1959 2329 κατ’
1995 2277 2203 2330 ἐκεῖνον

535 2370 625 2424 τὸν
641 2369 853 2440 καιρὸν,
885 2369 1009 2422 ὅσον
1036 2363 1104 2438 ἦν
1150 2364 1356 2435 ἀγαθὸν
1412 2365 1506 2418 καὶ
1545 2363 1864 2418 διδάσκαλον
1920 2363 2046 2416 ἰδεῖν
2077 2364 2204 2427 τοὺς

539 2457 806 2529 μαθητὰς,
835 2456 928 2509 καί
961 2455 1064 2508 ὑπὸ
1105 2453 1351 2522 ἀδελφῶν
1397 2451 1657 2521 ἀδελφοὺς
1691 2450 1924 2521 ὀφθῆναι
1952 2451 2009 2516 ἐξ
2037 2451 2202 2522 ἄλλης

539 2545 751 2607 πόλεως
787 2541 1129 2605 ἐπελθόντας.
1167 2541 1282 2593 Ἵνα
1319 2540 1372 2592 δέ
1398 2540 1492 2592 καί
1534 2538 1866 2608 σαφέστερον
1885 2537 1944 2590 τὸ
1974 2537 2202 2607 λεγόμε-

535 2650 626 2685 νον
655 2631 884 2700 ποιήσω,
915 2629 1006 2680 ἐπὶ
1035 2627 1432 2695 ὑποδείγματος
1466 2625 1557 2676 τὸν
1583 2625 1740 2691 λόγον
1770 2625 2086 2694 ἀγάγωμεν.
2139 2625 2201 2676 Εἰ

536 2719 645 2788 γάρ
667 2715 906 2786 συμϐαίη
935 2713 1066 2766 ποτέ
1097 2713 1191 2767 καὶ
1213 2713 1441 2781 γένοιτο,
1465 2711 1492 2763 δ
1527 2711 1600 2781 μὴ
1631 2711 1860 2779 γένοιτο,
1880 2710 2202 2780 ἀπενεχθέν-

536 2823 637 2866 τας
659 2805 737 2865 εἰς
773 2801 869 2872 τὴν
905 2799 1128 2872 Περσῶν
1168 2799 1271 2870 γῆν
1312 2799 1345 2869 ἦ
1374 2798 1646 2869 Σκυθῶνῆ
1680 2797 1972 2869 βαρϐάρων
2000 2797 2201 2868 ἐτέρων

538 2886 1047 2959 διεσπάρθαιικατά
1074 2885 1166 2939 δύο
1195 2887 1288 2939 καί
1317 2887 1462 2955 τρεῖς
1487 2887 1544 2937 ἐν
1562 2886 1795 2949 ἐκείναις
1818 2887 1934 2948 ταῖς
1962 2885 2198 2950 πόλεσιν,

543 2976 661 3033 εἶτα
687 2978 944 3047 ἐξαίφνης
973 2974 1090 3029 τινά
1110 2975 1218 3028 τῶν
1245 2973 1487 3027 ἐντεῦθεν
1515 2973 1639 3026 ἰδεῖν
1678 2973 1992 3036 ἐπελθόντα,
2025 2974 2204 3044 ἐννόη-

543 3081 633 3117 σον
658 3065 787 3132 ὃσην
807 3061 872 3115 ἂν
893 3059 1338 3132 ἐκαρπωσάμεθα
1360 3058 1459 3130 τὴν
1489 3057 1864 3129 παραμυθίαν.
1899 3059 2010 3128 Ούχ
2037 3060 2200 3130 ὁρᾶτε

537 3151 778 3214 καὶτοὺς
807 3150 863 3202 ἐν
893 3150 1001 3210 τοῖς
1031 3146 1422 3218 δεσμωτηρίοις
1449 3146 1626 3210 ὄντας,
1665 3144 1716 3199 εἴ
1736 3163 1857 3200 τινα
1886 3146 1992 3200 τῶν
2012 3149 2203 3216 ἐπιτη-

535 3240 692 3293 δείων
723 3239 900 3300 ἴδοιεν,
930 3235 1322 3306 ἀνισταμένους
1368 3234 1460 3287 καὶ
1508 3235 1921 3304 ἐπτερωμένους
1957 3236 2062 3288 ὑπὸ
2099 3235 2202 3304 τῆς

535 3326 756 3398 ἡδονῆς;
787 3325 852 3377 Εἰ
876 3324 932 3376 δὲ
968 3322 1317 3394 αἰχμαλωσίᾳ
1357 3321 1450 3374 καὶ
1481 3321 1838 3393 δεσμωτηρίῳ
1869 3323 2204 3394 παραϐάλλω

535 3416 661 3478 τοὺς
704 3414 820 3467 τότε
843 3413 1093 3482 καιροὺς,
1148 3412 1223 3481 μὴ
1276 3409 1565 3480 θαυμάσῃς
1592 3426 1604 3439 ·
1643 3410 1776 3463 πολὺ
1825 3411 1928 3482 γὰρ
1955 3411 2204 3481 χαλεπώ-

535 3519 672 3575 τερα
698 3500 902 3555 τούτων
925 3501 1161 3569 ἔπασχον
1194 3501 1412 3562 ἐκεῖνοι,
1437 3497 1826 3569 διεσπαρμένοι
1856 3500 1948 3553 καὶ
1984 3500 2203 3555 ἐλαυνό-

539 3606 713 3660 μενοι,
749 3588 843 3640 καί
863 3586 1005 3657 λιμῴ
1034 3587 1128 3638 καὶ
1163 3584 1423 3655 πολέμοις
1452 3583 1740 3648 συζῶντες,
1774 3585 1866 3638 καί
1895 3586 2202 3659 καθημερι-

537 3679 659 3742 νοὺς
685 3676 947 3740 θανάτους
974 3675 1287 3746 τρέμοντες,
1332 3673 1426 3726 καὶ
1468 3672 1862 3738 ὑποπτεύοντες
1893 3675 1987 3728 καὶ
2016 3675 2202 3744 φίλους

536 3768 631 3822 καὶ
683 3765 915 3828 οἰκείους
953 3763 1042 3818 καὶ
1079 3765 1381 3832 συγγενεῖς,
1436 3764 1530 3815 καὶ
1588 3762 1839 3833 καθάπερ
1901 3763 2057 3834 ξένην
2105 3766 2202 3836 τὴν

533 3855 854 3926 οἰκουμένην
887 3852 1183 3916 οἰκοῦντες,
1221 3851 1417 3922 μᾶλλον
1449 3851 1506 3904 δέ
1536 3851 1715 3923 πολλῷ
1741 3851 1848 3905 τῶν
1873 3855 1930 3906 ἐν
1949 3853 2204 3926 ἀλλοτρίᾳ

533 3943 916 4015 διατριϐόντων
963 3939 1364 4011 χαλεπώτερον.
1411 3941 1510 3994 Διά
1553 3957 1638 3993 τοι
1669 3941 1826 3993 τοῦτὸ
1856 3959 2019 4013 φησιν
2074 3945 2202 4011 (Εἰς

534 4033 600 4086 τὸ
620 4028 1019 4099 στηριχθῆναι
1041 4026 1216 4097 ὑμᾶς,
1244 4027 1339 4080 καὶ
1365 4027 1949 4097 συμπαρακληθῆναι
1977 4029 2074 4084 διὰ
2093 4029 2201 4097 τῆς

536 4119 607 4172 ἐν
631 4116 925 4182 ἀλλήλοις
955 4116 1233 4180 πίστεως.
1266 4113 1436 4167 Τοῦτο
1455 4114 1511 4166 δὲ
1541 4113 1724 4183 ἔλεγεν
1746 4157 1760 4176 .
1791 4117 1888 4187 οὑχ
1917 4117 1991 4181 ὡς
2040 4118 2201 4182 αὐτὸς

536 4204 753 4277 χρῄζων
776 4204 870 4272 τῆς
899 4203 1021 4271 παρ’
1054 4201 1277 4255 ἐκείνων
1304 4202 1619 4272 συμμαχίας
1638 4243 1652 4268 ,
1681 4202 1858 4272 ἄπαγε
1893 4221 1905 4233 .
1943 4206 2060 4270 πῶς
2092 4207 2199 4280 γὰρ

535 4295 563 4346 ὁ
592 4295 689 4362 τῆς
724 4287 1048 4359 Ἐκκλησίας
1087 4287 1294 4350 στῦλος,
1333 4287 1360 4338 ό
1383 4288 1602 4359 σιδήρου
1627 4291 1722 4342 καί.
1744 4292 1949 4361 πέτρας
1978 4295 2201 4366 στερρό-

534 4396 712 4451 τερος,
737 4379 765 4430 ὁ
798 4375 1167 4446 πνευματικὸς
1195 4374 1406 4445 ἀδάμας
1447 4378 1541 4428 καὶ
1577 4378 1802 4448 μυρίαις
1823 4379 2010 4450 ἀρκῶν
2041 4382 2198 4436 πόλε-

538 4468 643 4535 σιν)
663 4484 681 4532 ;
716 4464 827 4518 ἀλλ’
858 4464 943 4516 ἵνα
980 4461 1055 4534 μὴ
1079 4463 1454 4533 ’.καταφορικδν
1507 4466 1706 4538 ποιήσῃ
1741 4467 1832 4520 τὸν
1863 4467 2018 4536 λόγον
2063 4471 2197 4543 μηδέ

537 4553 772 4625 σφοδρὰν
800 4551 896 4623 τὴν
933 4551 1270 4621 ἐπιτίμησιν,
1319 4550 1413 4604 καὶ
1449 4551 1610 4616 αὑτὸς
1649 4553 1857 4609 δεῖσθαι
1889 4557 1986 4626 τῆς
2020 4575 2198 4629 παρα-

534 4640 779 4710 κλήσεως
802 4639 953 4708 ἔλεγε
979 4638 1078 4709 τῆς
1101 4637 1345 4691 ἐκείνων.
1381 4638 1444 4692 Εἰ
1475 4639 1532 4693 δέ
1562 4658 1643 4704 τις
1668 4642 1900 4696 ἐνταῦθα
1920 4646 2200 4718 παράκλη-

536 4745 620 4782 σιν
647 4727 742 4782 καὶ
773 4725 1110 4798 εὐφροσύνην
1143 4725 1241 4797 τὴν
1263 4725 1356 4778 ἐπὶ
1380 4727 1479 4797 τῆς
1505 4728 1742 4792 πίστεως
1763 4731 1939 4784 αὐτῶν
1959 4732 2196 4789 ἐπίδοσιν

533 4815 706 4884 λέγοι,
743 4815 837 4869 καὶ
859 4812 1063 4883 ταύτης
1090 4813 1296 4867 δεῖσθαι
1319 4813 1410 4868 τὸν
1434 4814 1666 4882 Παῦλον,
1697 4818 1798 4870 οὑκ
1841 4819 1906 4874 ἂν
1934 4820 2053 4875 ούδέ
2100 4823 2195 4876 οὑ-

531 4921 640 4968 τως
665 4903 898 4974 ἁμάρτοι
923 4900 1017 4955 τοῦ
1043 4901 1224 4971 λόγου.
1258 4903 1320 4955 Εἰ
1345 4898 1437 4958 οῦν
1468 4903 1564 4957 καὶ
1591 4905 1896 4976 ἐπιθυμεῖς,
1923 4911 2076 4980 φησί,
2101 4914 2195 4967 καὶ

533 4991 806 5063 εὑχῃ,καὶ
835 4990 1046 5062 μέλλεις
1089 4990 1490 5063 παρακλήσεως
1531 4993 1846 5058 ἀπολαύειν,
1889 4999 1982 5050 καὶ
2023 5017 2195 5072 παρα-

533 5080 777 5150 κλήσεως
841 5079 1199 5148 μεταδιδόναι,
1255 5078 1307 5131 τί
1349 5079 1411 5133 τὸ
1456 5079 1663 5134 κωλύον
1707 5082 1917 5152 ἐλθεῖνς
1975 5085 2193 5160 Ταύτην

529 5165 711 5219 τοίνυν
766 5163 908 5216 λύων
958 5164 1055 5234 τὴν
1116 5166 1393 5228 ὑπόνοιαν,
1451 5166 1732 5238 ἐπήγαγεν
1761 5184 1775 5197 ⁸
1819 5173 1901 5225 Οὐ
1951 5174 2102 5228 θέλω
2125 5176 2194 5230 δὲ

530 5253 686 5323 ὑμᾶς
701 5249 959 5321 ἀγνοεῖν,
993 5253 1264 5322 ἀδελφοὶ,
1289 5253 1376 5306 ὅτι
1395 5255 1695 5322 πολλάκις
1719 5259 2141 5331 προεθυμήθην
2161 5265 2191 5306 b

529 5339 730 5398 ἐλθεῖν
762 5339 911 5409 πρὸς
942 5338 1116 5408 ὑμᾶς,
1150 5339 1250 5393 καί
1293 5341 1610 5410 ἐκωλύθην
1643 5344 1780 5413 ἄχρι
1826 5345 1939 5414 τῆς
1989 5350 2186 5420 δεῦρο,

530 5430 674 5501 Ὅρα
710 5429 882 5500 μέτρα
917 5426 1166 5498 δουλικῆς
1185 5427 1450 5498 ὑπακοῆς,
1478 5431 1572 5482 καί
1612 5432 1815 5503 πολλῆς
1841 5437 2189 5509 εὐγνωμοσύ-

527 5535 624 5588 νης
645 5515 935 5581 ἀπόδειξιν.
975 5517 1098 5568 Ὅτι
1139 5515 1238 5587 μὲν
1268 5515 1376 5585 γάρ
1407 5518 1674 5592 ἐκωλύθη,
1707 5522 1856 5592 λέγει
1883 5541 1896 5555 °
1925 5525 2012 5581 διὰ
2035 5529 2184 5597 τίδὲ,

525 5606 732 5661 οὐκέτι.
769 5607 842 5660 ού
873 5605 981 5678 γὰρ
1023 5603 1264 5670 ἐξετάζει
1312 5603 1406 5657 τοῦ
1448 5608 1718 5662 Δεσπότου
1747 5611 1807 5664 τὸ
1836 5614 2185 5689 πρόσταγμα,

590 5753 606 5775 ⁸
632 5754 1114 5828 βοηθηδιεσπάσθαι.
1152 5755 1307 5828 Milli
1334 5755 1628 5828 διεσπάρθαι.
1657 5757 1812 5828 λεδ-ἰᾷ
1856 5763 2182 5828 διεσπάρσθαι.

529 5817 680 5867 Paulo
700 5822 826 5880 post,
848 5816 928 5868 ubi
961 5817 1202 5878 ἐννόησον,
1224 5821 1308 5872 alii
1331 5816 1594 5876 σκόπησον.
1657 5818 1686 5861 δ
1701 5821 1818 5884 Alii,
1860 5816 2138 5890 προεθέμην.

1335 239 1394 293 S.
1433 236 1717 293 JUANNIS
1753 231 2246 292 CHRYSOSTUMI
2286 233 2603 291 ARCHIEP.
2646 233 3194 293 CONSTANTINOP.
3852 239 3933 297 ιω

2301 347 2441 401 ἀλλά
2462 348 2709 402 πείθεται
2753 348 2916 418 μόνον
2940 366 2955 380 ο
2987 349 3166 402 καίτοι
3216 365 3281 417 γε
3325 348 3469 413 είκὺς
3515 346 3590 422 ἦν
3619 352 3932 427 διαπορῆσαι,

2299 437 2442 502 τίνος
2463 437 2648 490 ἕνεκεν
2679 437 2832 490 πόλιν
2851 437 2994 492 οὕτω
3019 439 3276 509 λαμπρὰν
3301 440 3396 492 καί⁸
3425 441 3700 513 μεγάλην,
3721 446 3808 498 καὶ
3828 451 3933 516 πρὸς

2299 524 2367 595 ἢν
2401 523 2590 577 ἆπασα
2624 523 2852 578 ἔϐλεπεν
2890 527 2923 594 ή
2953 525 3272 596 οἰκουμένη,
3303 525 3576 581 ἐκώλυσεν
3617 531 3648 580 ὁ
3689 530 3816 595 Θεὸς
3833 536 3936 587 ἀπο-

2298 610 2494 663 λαῦσαι
2517 610 2836 664 διδασκάλου
2866 610 3016 683 [442]
3045 612 3310 678 τοιούτου,
3331 615 3426 667 καί⁵
3445 617 3538 669 ἐπὶ
3569 618 3769 688 χρόνον
3795 624 3935 674 τοσοῦ-

2298 715 2409 752 τον.
2450 699 2510 751 Ὀ
2550 699 2648 766 μέν
2671 699 2781 770 γάρ
2801 700 2900 770 τῆς
2934 700 3240 770 κρατούσης
3272 701 3478 765 πόλεως
3518 707 3932 775 περιγενόμενος,

2301 783 2396 836 καὶ
2430 786 2544 846 τοῖς
2570 784 2901 855 ἀρχομένοις
2932 785 3128 856 ῥαδίως
3152 785 3308 856 ἐπῄει
3337 801 3353 816 ⁸
3383 787 3484 842 όδέ
3508 789 3614 860 τὴν
3638 789 3936 859 βασιλικωτέο

2306 885 2404 940 ραν
2432 871 2612 938 ἀφεὶς,
2636 874 2748 934 τοῖς
2789 873 2846 924 δὲ
2881 873 3144 942 ὑπηκόοις
3190 872 3517 945 ἐφεδρεύων,
3569 876 3639 929 τὸ
3687 879 3938 946 κεφάλαιον

2302 952 2448 1027 εἶχεν
2469 957 2830 1028 ἠμελημένον.
2872 958 3024 1012 Ἀλλ’
3045 959 3196 1029 ὅμως
3237 961 3390 1014 οὐδὲν
3422 963 3637 1016 τούτων
3682 969 3937 1036 περιεργὼ

2304 1041 2477 1106 ζεται,
2505 1044 2640 1097 ἀλλά
2670 1049 2994 1116 παραχωρεῖ
3012 1046 3089 1117 τῷ
3135 1047 3234 1117 τῆς
3279 1050 3538 1118 προνοίας
3577 1050 3937 1122 ἀκαταλήπτῳ,

2303 1129 2364 1182 τό
2384 1147 2444 1183 τε
2494 1131 2731 1202 ἐμμελὲς
2781 1132 3227 1204 ἐπιδεικνύμενος
3271 1135 3373 1204 τῆς
3421 1137 3626 1190 ἑαυτοῦ
3654 1139 3847 1210 ψυχῆς,
3873 1144 3942 1194 κεί

2307 1220 2574 1273 παιδεύων
2598 1221 2808 1284 πάντας
2830 1224 2864 1289 ἡ
2874 1225 2981 1292 μᾶς
3009 1223 3280 1292 μηδέποτε
3315 1225 3409 1278 τὸν
3445 1226 3583 1280 Θεὸν
3615 1229 3860 1282 ἀπαιτεῖν
3878 1235 3939 1283 ei.

2307 1307 2470 1370 θύνας
2501 1308 2610 1362 τῶν
2637 1309 2958 1378 γινομένων,
3016 1310 3118 1362 κᾶν
3169 1311 3300 1383 δοκῇ
3361 1313 3595 1378 πολλοὺς
3631 1314 3870 1386 θορυϐεῖν
3895 1321 3943 1370 1‘1

2309 1395 2678 1468 πραττόμενα.
2727 1397 3000 1450 Δεσπότου
3044 1397 3143 1468 μὲν
3180 1399 3288 1470 γάρ
3319 1403 3437 1453 ἐστι
3488 1402 3657 1472 μόνον
3679 1404 3741 1457 τὸ
3767 1407 3943 1459 ἐπιτάτ-

2307 1500 2440 1546 τειν,
2462 1482 2663 1536 δούλων
2687 1495 2709 1522 ο
2736 1483 2792 1535 δέ
2821 1484 2880 1536 τὺ
2909 1484 3211 1541 πείθεσθαι.
3243 1488 3339 1540 Διά
3357 1488 3536 1553 τοῦτο,
3593 1491 3682 1544 ὅτι
3720 1491 3815 1561 μὲν
3842 1494 3945 1544 ἐκω-

2307 1569 2464 1639 λύθη,
2497 1569 2644 1638 λέγει
2677 1586 2692 1602 °
2734 1571 2878 1636 τίνος
2924 1572 2979 1624 δέ
3031 1573 3238 1639 ἕνεκεν,
3277 1575 3462 1629 οὐκέτι
3496 1591 3509 1605 ·
3550 1577 3700 1631 Οὑδέ
3727 1579 3829 1649 γὰρ
3863 1579 3943 1646 ἐγὼ

2307 1653 2442 1722 οἶδα,
2479 1659 2630 1728 φησί.
2663 1659 2754 1729 Μὴ
2774 1660 2954 1712 τοίνυν
2979 1659 3155 1731 ἐρώτα
3188 1680 3253 1733 με
3279 1663 3414 1716 Θεοῦ
3445 1665 3650 1736 βουλὴν
3678 1667 3714 1736 ἢ
3736 1668 3943 1738 γνώμην.

2309 1745 2443 1799 Οὑδέ
2464 1745 2572 1817 γὰρ
2600 1747 2715 1817 ἐρεῖ
2737 1745 2800 1798 τὺ
2829 1747 3054 1816 πλάσμα
3075 1748 3152 1820 τῷ
3177 1751 3466 1804 πλάσαντι·
3502 1753 3564 1807 Τί
3583 1769 3669 1822 με
3689 1754 3944 1822 ἐποίησας

2308 1833 2494 1897 οὕτω;
2531 1833 2690 1897 Τίνος
2714 1834 2820 1904 γὰρ
2842 1834 3052 1898 ἐνεκεν,
3089 1837 3209 1889 εἰπέ
3241 1854 3353 1907 μοι,
3402 1839 3500 1890 καὶ
3532 1837 3944 1911 ζητεῖς·μαθείν;

2308 1921 2408 1972 οὑκ
2427 1917 2600 1984 οἶσθα,
2631 1921 2712 1974 δτι
2737 1922 2888 1991 μέλει
2939 1923 3156 1977 πάντων
3175 1925 3354 1996 αὑτῷ,
3384 1927 3467 1980 δτι
3496 1930 3670 1997 σοφός
3695 1932 3854 1990 ἐστιν.
3885 1931 3942 1985 ὅτι

2307 2007 2459 2060 οὑδέν
2491 2007 2675 2070 ἁπλῶς
2706 2009 2996 2080 ἐργάζεται
3019 2012 3116 2065 καὶ
3149 2014 3298 2085 εἰκῆ;
3329 2015 3407 2068 ὅτι
3432 2015 3539 2069 τῶν
3565 2020 3943 2091 γεγεννηκότων

2311 2111 2370 2146 σε
2403 2095 2604 2165 μᾶλλον
2643 2097 2808 2165 φιλεῖ,
2842 2098 2938 2152 καὶ
2971 2100 3179 2170 πατρὸς
3227 2102 3292 2155 ἐκ
3344 2103 3538 2158 πολλοῦ
3573 2106 3680 2160 τοῦ
3707 2108 3945 2177 περιόντπ

2310 2183 2628 2254 ὑπερϐαίνει
2653 2185 3058 2259 φιλοστοργίαν,
3101 2189 3196 2243 καὶ
3229 2191 3432 2263 μητρὸς
3475 2195 3942 2265 κηδεμονίαν;Μη-

2307 2269 2397 2322 δέν
2426 2268 2517 2325 οὖν
2551 2272 2713 2328 πλέον
2758 2274 2934 2346 ζήτει,
2995 2276 3132 2346 μηδέ
3188 2278 3445 2349 πρόϐαινε
3500 2282 3849 2350 περαιτέρω·
3873 2288 3942 2335 καὶ

2309 2360 2418 2430 γὰρ
2448 2362 2611 2431 ἀρκεῖ
2644 2379 2726 2415 σοι
2752 2362 2928 2416 ταῦτα
2946 2365 3026 2426 εἰς
3059 2367 3406 2436 παραμυθίαν
3427 2383 3440 2396 ·
3471 2370 3598 2421 ἐπεὶ
3634 2371 3728 2423 καί
3751 2371 3857 2424 τότε
3879 2389 3940 2423 σν)-

2309 2449 2426 2516 φῶς
2447 2449 2766 2520 ᾠκονόμητο
2795 2450 2857 2504 τὸ
2901 2451 3010 2504 τῶν
3039 2452 3326 2523 Ῥωμαίων
3362 2454 3412 2510 ἀ.
3451 2457 3513 2508 Εἰ
3547 2457 3610 2510 δὲ
3653 2459 3748 2512 τὸν
3781 2461 3941 2530 τρόπον

2309 2537 2542 2603 ἀγνοεῖς,
2579 2536 2654 2606 μὴ
2693 2536 3013 2609 δυσχέραινε
3047 2555 3061 2570 ·
3096 2539 3258 2593 τοῦτο
3297 2541 3408 2614 γὰρ
3447 2543 3694 2609 πίστεως
3725 2546 3936 2616 μάλιστα,

2307 2623 2370 2676 τὸ
2397 2625 2490 2676 καὶ
2517 2622 2814 2692 ἀγνοοῦντα
2839 2625 2930 2678 τὸν
2968 2625 3170 2696 τρόπον
3204 2628 3304 2700 τῆς
3349 2633 3692 2702 οἰκονομίας,
3729 2635 3939 2704 δέχεσθαι

2309 2712 2400 2764 τὸν
2425 2712 2552 2782 περί
2574 2711 2830 2781 προνοίας
2859 2712 3038 2781 λόγον.

2379 2806 2443 2854 ε’.
2468 2800 2840 2871 Κατορθώσας
2861 2803 3038 2857 τοίνυν
3055 2805 3194 2876 ὅπερ
3216 2805 3542 2872 ἐσπούδαζεν
3563 2811 3590 2862 ὁ
3609 2810 3935 2880 Παῦλος(τίέ

2309 2887 2465 2941 τοῦτο
2505 2884 2603 2960 ἦν;
2663 2889 2738 2941 Τὸ
2778 2889 2983 2955 δεῖξαι,
3030 2892 3112 2944 δτι
3152 2893 3211 2945 ού
3255 2897 3614 2966 καταφρονῶν
3661 2899 3832 2952 αὐτῶν
3865 2901 3936 2952 οὲκ

2310 2975 2528 3046 ἤρχετο,
2561 2975 2696 3030 ἀλλά
2738 2980 2834 3030 καί
2863 2978 3070 3050 σφόδρα
3103 2979 3383 3049 ἐπιθυμῶν
3429 2985 3749 3058 ἐκωλύετο),
3793 2988 3872 3040 καὶ
3893 2991 3934 3040 τὸ

2309 3063 2561 3136 ἔγκλημα
2599 3065 3008 3137 ἀποδυσάμενος
3048 3069 3146 3138 τῆς
3189 3071 3478 3142 ῥᾳθυμίας,
3531 3075 3630 3127 καὶ
3677 3078 3854 3141 πείσας
3877 3079 3935 3130 ὅτι

2311 3151 2489 3206 αὑτῶν
2525 3154 2624 3225 οὑχ
2651 3150 2813 3226 ἦττον
2836 3157 3042 3220 ἐκεῖνος
3079 3168 3102 3196 ε
3130 3157 3256 3211 ἰδεῖν
3279 3160 3476 3224 αὐτοὺς
3495 3163 3761 3234 ἐπεθύμει
3781 3183 3794 3195 ο
3811 3168 3932 3219 πάλιν

2311 3241 2408 3293 καὶ
2454 3241 2522 3294 δι’
2573 3243 2776 3314 ἐτέρων
2823 3244 3155 3299 ἐνδείκνυται
3202 3247 3301 3318 τὴν
3352 3249 3593 3321 ἀγάπην.
3647 3254 3784 3307 Οὐδὲ
3837 3256 3932 3325 γάρ.

2307 3330 2498 3402 ἐπειδὴ
2519 3332 2816 3402 ἐκωλύθην,
2860 3335 3023 3404 φησὶν
3042 3376 3056 3399 ,
3086 3335 3326 3407 ἀπέστην
3361 3338 3452 3390 τοῦ
3499 3341 3814 3414 ἐπιχειρεῖν,

2309 3419 2397 3471 ἀεὶ
2423 3421 2520 3489 μέν
2541 3421 2879 3494 ἐπεχείρουν,
2913 3423 3001 3475 ἀεὶ
3030 3423 3088 3476 δέ
3119 3425 3459 3497 ἐκωλυόμην,
3497 3430 3754 3486 οὐδέποτε
3781 3434 3832 3486 δέ
3862 3435 3932 3501 ἀφ-

2313 3507 2568 3577 ιστάμην,
2595 3508 2670 3578 τῷ
2717 3509 2815 3579 μὲν
2862 3509 3130 3580 θελήματι
3163 3511 3256 3564 τοῦ
3285 3512 3421 3567 Θεοῦ
3468 3517 3569 3569 οὐκ
3613 3518 3927 3582 άντιπίπτων,

2305 3593 2406 3665 τὴν
2433 3594 2488 3646 δέ
2510 3595 2731 3666 ἀγάπην
2763 3597 2969 3668 τηρῶν.
2995 3600 3094 3652 Διά
3128 3600 3226 3668 μὲν
3247 3601 3352 3673 γάρ
3381 3603 3475 3656 τοῦ
3506 3607 3843 3676 προτίθεσθαι
3861 3610 3929 3660 καί

2312 3683 2386 3753 μὴ
2413 3682 2741 3750 ἀφίστασθαι
2774 3685 2834 3738 τὸ
2857 3686 3076 3758 φίλτρον
3125 3688 3502 3744 ἐπεδείκνυτο·
3529 3694 3616 3747 διά
3658 3696 3714 3749 δέ
3737 3695 3820 3749 τοῦ
3847 3715 3926 3750 κω-

2308 3771 2531 3824 λύεσθαι
2565 3771 2660 3824 καὶ
2705 3773 2778 3842 μὴ
2817 3773 3136 3829 ἀντιτείνειν
3162 3777 3260 3847 τὴν
3297 3779 3426 3849 περί
3465 3780 3558 3833 τὸν
3595 3782 3728 3836 Θεὸν
3752 3785 3926 3837 ἃπασαν

2308 3861 2527 3931 ἀγάπην
2577 3861 2596 3899 τ
2656 3861 2867 3932 ἐδήλου.
2911 3862 3046 3917 Ἵνα
3085 3866 3216 3919 τινὰ
3268 3867 3504 3935 καρπὸν
3547 3871 3689 3941 σχῶ
3740 3875 3823 3926 καί
3875 3873 3928 3925 ἐν

2307 3947 2469 4018 ὑμῖν.
2500 3949 2692 4002 Καίτοι
2721 3950 2815 4003 καὶ
2854 3951 3114 4022 ἀνωτέρω
3150 3955 3248 4024 τὴν
3279 3956 3457 4008 αἰτίαν
3491 3952 3611 4010 εἰπε
3643 3961 3743 4031 τῆς
3775 3960 3924 4013 ἐπιθυ-

2311 4037 2462 4107 μίας,
2483 4036 2578 4090 καὶ
2605 4037 2753 4107 αὑτῷ
2785 4039 3104 4109 πρέπουσαν
3149 4041 3367 4109 ἔδειξεν,
3407 4043 3536 4098 ἀλλ’
3573 4047 3724 4117 ὅμως
3752 4050 3830 4101 καὶ
3857 4049 3923 4098 ὲν-

2305 4124 2478 4178 ταῦθα
2516 4123 2686 4196 αὐτὴν
2721 4125 2926 4197 τίθησι,
2968 4128 3212 4200 σφοδρῶς
3257 4132 3600 4204 ἐκκαθαίρων
3645 4137 3812 4190 αὐτῶν
3850 4134 3921 4204 τὴν

2306 4213 2582 4294 ὑπόνοιαν.
2624 4213 2847 4294 Ἐπειδὴ
2893 4214 3012 4294 γάρ.
3041 4217 3400 4294 περίϐλεπτος
3636 4226 3812 4288 πόλις,
3849 4225 3919 4275 καί

2309 4284 2446 4354 μόνη
2481 4283 2754 4354 πανταχοῦ
2784 4283 3024 4356 γῆςκαί
3063 4283 3333 4360 θαλάττης
3382 4283 3626 4366 τοιαύτη,
3669 4283 3817 4365 xuii,
3847 4295 3918 4363 τῆς

2309 4370 2549 4440 ἱστορίας
2576 4371 2744 4442 αὐτῆς
2777 4372 3042 4443 ἐπιθυμία
3083 4375 3216 4447 μόνη
3257 4378 3474 4443 πολλοῖς
3499 4382 3794 4454 ἀποδημίας
3819 4381 3919 4451 πρό-

2305 4477 2469 4530 φασις
2492 4460 2711 4528 γέγονεν
2738 4478 2752 4491 ο
2790 4461 2880 4516 ἵνα
2908 4462 2982 4534 μὴ
3034 4465 3126 4517 καὶ
3164 4467 3293 4536 περί
3328 4467 3425 4521 τοῦ
3472 4470 3690 4524 Παύλου
3725 4469 3917 4526 τοιοῦτόν

2301 4567 2356 4603 τι
2385 4548 2670 4617 νομίσωσι,
2698 4548 2834 4619 μηδέ
2867 4551 3301 4618 ύποπτεύσωσιν,
3335 4555 3418 4609 ὅτι
3445 4556 3630 4622 ἁπλῶς
3662 4564 3726 4632 τῇ
3758 4557 3916 4612 οἰκειώ-

2299 4653 2388 4689 σει
2420 4635 2596 4690 αὑτῶν
2628 4636 3172 4709 ἐγκαλλωπιζόμενος
3194 4640 3458 4714 ἐπεθύμει
3499 4645 3596 4716 τῆς
3621 4650 3737 4701 ἐκεῖ
3757 4663 3915 4715 παραυ·

2301 4724 2447 4787 σίας,
2481 4721 2722 4793 συνεχῶς
2747 4723 2931 4797 τίθησι
2959 4726 3059 4797 τὴν
3089 4727 3346 4783 ὑπόθεσιν
3369 4731 3466 4802 τῆς
3499 4733 3800 4806 ἐπιθυμίας.
3833 4731 3912 4787 Καὶ

2299 4809 2611 4884 ἔμπροσθεν
2643 4811 2742 4881 μέν
2770 4829 2957 4883 φησιν·
2997 4815 3128 4870 Ἵνα
3157 4833 3212 4869 τι
3249 4818 3482 4887 μεταδῶ
3526 4821 3779 4894 χάρισμα
3809 4820 3906 4890 ὑμῖν

2301 4903 2730 4969 πνευματικὸν,
2757 4902 3099 4972 ἐπεθύμουν
3130 4905 3282 4960 ἰδεῖν
3319 4923 3333 4938 ·
3365 4909 3600 4965 ἐνταῦθα
3621 4913 3677 4966 δέ
3709 4902 3910 4982 σαφέστε-
3947 4927 3956 4940 ο

2303 5005 2414 5060 ρον·
2440 4990 2575 5043 Ἵνα
2602 4991 2737 5044 τινὰ
2769 4992 3002 5058 καρπὸν
3035 4992 3169 5062 σχῶ
3212 4995 3310 5049 καί
3349 4997 3419 5050 ἐν
3458 4999 3617 5068 ὑμῖν.
3643 5001 3818 5066 καθὼς
3840 4998 3909 5050 καὶ

2298 5078 2369 5131 ἐν
2388 5078 2515 5144 τοῖς
2540 5079 2778 5146 λοιποῖς
2797 5078 2950 5153 [445]
2980 5081 3204 5136 ἔθνεσι.
3233 5084 3371 5148 Τοὺς
3394 5087 3659 5158 ἄρχοντας
3690 5089 3811 5160 μετὰ
3829 5085 3910 5139 τῶν

2293 5159 2617 5231 ἀρχομένων
2641 5161 2856 5233 ἔστησε,
2886 5165 2983 5218 καὶ
3021 5166 3160 5236 μετά
3180 5167 3250 5220 τά
3278 5170 3450 5242 μυρία
3481 5159 3716 5242 τρόπαια
3743 5169 3908 5230 καὶτὰς

2300 5247 2453 5311 νίκας
2475 5250 2568 5301 καὶ
2601 5249 2698 5320 τὴν
2723 5251 2831 5305 τῶν
2869 5253 3090 5307 ὑπάτων
3116 5257 3498 5328 περιφάνειαν,
3527 5261 3664 5331 μετά
3689 5263 3786 5316 τῶν
3809 5260 3904 5330 βαρ·

2294 5334 2482 5404 ϐάρων
2521 5337 2718 5401 αὐτοὺς
2749 5339 2928 5410 τίθησι
2965 5358 2980 5374 ο
3022 5345 3114 5395 καὶ
3147 5344 3292 5414 μάλα
3327 5347 3572 5409 εἰκότως.
3606 5350 3767 5404 Ὅπου
3784 5345 3905 5416 γάρή

2294 5427 2396 5493 τῆς
2419 5425 2654 5488 πίστεως
2690 5427 2958 5494 εὐγένεια,
2995 5429 3173 5496 οὐδεὶς
3209 5432 3504 5505 βάρϐαρος,
3537 5436 3713 5501 οὐδεὶς
3734 5436 3900 5502 Ἕλλην.

2293 5512 2471 5576 οὐδεὶς
2495 5513 2663 5578 ξένος,
2708 5515 2885 5580 οὐδεὶς
2930 5517 3176 5590 πολίτης,
3247 5522 3375 5576 ἀλλ’
3410 5525 3491 5588 εἰς
3547 5526 3676 5596 μίαν
3723 5527 3904 5582 ἅπαντες

2295 5598 2603 5671 ἀξιώματος
2627 5602 3014 5659 ἀναϐαίνουσιν
3037 5606 3336 5682 ὑπεροχήν.

2365 5689 2509 5760 ’Ὀρα
2558 5689 2615 5742 δὲ
2673 5691 2836 5745 αὑτὸν
2877 5695 2971 5747 καὶ
3019 5696 3253 5752 ἐνταῦθα
3302 5701 3683 5772 μετριάζοντα.
3731 5703 3793 5758 θύ
3828 5701 3902 5768 γὰρ

2359 5779 2380 5847 f
2403 5776 2520 5847 Alii2
2542 5778 2756 5847 ρξκετῶν.
2777 5778 2966 5847 Ιὺίςιειῃ
2998 5783 3120 5834 edili
3145 5785 3338 5847 ἐκώλυε,
3365 5790 3511 5839 male.
3537 5789 3634 5840 Mss
3647 5804 3802 5840 omnes
3817 5789 3902 5836 έιω·

2493 5838 2520 5876 (1
2543 5839 2674 5911 ηδε,
2709 5842 2769 5888 τά
2811 5844 2908 5891 τῶν
2933 5841 3084 5907 Ῥωμ.
3148 5847 3168 5871 ⁸
3193 5836 3898 5913 1458,ἐκείνωνξ-Ῑοᾶἷίιίεηυε.

2302 5899 2318 5937 ί
2350 5898 2521 5964 iidem,
2547 5902 2751 5951 εὔνοιαν.
