3950 6432
111 330 196 387 ωδ

103 461 190 515 que
213 439 323 497 illud
350 437 482 509 quod
519 437 663 508 prius
691 435 916 491 dixerat.
954 435 1306 504 asperitatem
1340 434 1516 505 itaque
1545 431 1645 488 mi-

103 544 226 599 tigat,
257 542 304 586 ut
330 545 623 585 sermonem
656 528 841 582 reddat
873 536 1170 596 acceptum.
1201 525 1316 580 Non
1345 525 1486 580 enim
1517 525 1646 579 sim-

103 625 274 695 pliciter
305 621 460 684 dixit,
495 619 810 684 Consolari;
849 619 940 673 sed
961 659 977 684 ,
1017 618 1185 671 Simul
1215 635 1307 672 nos
1342 616 1594 671 consolari
1625 631 1644 669 :

102 731 242 784 neque
280 713 327 766 id
368 711 438 765 illi
481 710 612 765 satis
648 708 778 772 fuit,
823 709 914 764 sed
962 720 1015 763 et
1062 709 1204 762 illam
1255 709 1636 778 mitigatiouem

97 807 282 872 addidit,
308 804 482 858 dicens
512 821 524 856 :
562 803 660 858 Per
686 814 911 856 mutuam
949 802 1118 872 fidem,
1150 810 1360 855 restram
1382 813 1426 854 et
1453 816 1635 853 meam.

103 902 245 969 l’apte,
267 904 450 966 quanta
479 895 782 950 humilitas!
810 894 1054 964 Seipsuiu
1082 894 1161 946 bis
1183 907 1339 963 egere
1367 891 1636 956 iudicavit,

95 1006 228 1060 Seque
250 989 342 1043 illis
368 987 618 1056 indigere,
649 1002 748 1043 nec
775 987 891 1042 illos
913 986 1084 1039 solum
1115 987 1230 1056 ipso
1251 1000 1385 1054 opus
1414 983 1633 1050 habere,

94 1096 222 1154 atque
242 1081 516 1148 discipulos
544 1079 915 1151 magistrorum
943 1080 1061 1132 loco
1084 1077 1286 1140 habuit,
1313 1076 1509 1130 nullam
1531 1075 1635 1130 sibi

95 1172 450 1246 [inrugativam
489 1170 830 1241 relinquens,
869 1169 964 1226 sed
993 1170 1346 1239 aequalitatem
1388 1181 1632 1238 magnam

91 1266 354 1339 adradens.
377 1263 684 1318 Communis
704 1271 786 1317 est
807 1262 1026 1322 utilitas,
1059 1252 1246 1331 inquit,
1271 1259 1635 1314 consolatibne

93 1370 291 1426 egemus,
320 1369 416 1424 ego
444 1366 640 1420 vestra,
669 1369 764 1410 vos
795 1370 934 1409 mea.
965 1354 1031 1408 Et
1059 1353 1328 1424 quomodo
1363 1353 1503 1407 hoc?
1531 1351 1635 1406 Per

91 1452 211 1520 [idem
248 1458 498 1512 mutuam,
535 1457 751 1502 vestram
787 1457 835 1502 et
875 1463 1055 1500 aream.
1096 1445 1552 1512 Quemadmodum
1585 1445 1630 1500 si

91 1545 182 1614 quis
204 1543 378 1596 multas
401 1540 560 1595 simul
587 1541 842 1596 accendat
865 1541 1130 1607 lucernas,
1161 1539 1492 1608 splendidam
1521 1538 1632 1594 edit

91 1635 314 1688 ﬂammam
339 1651 354 1688 :
379 1633 458 1687 sic
479 1643 527 1686 et
554 1634 691 1704 apud
722 1633 908 1688 ﬁdeles
931 1634 1146 1689 cvet'iire
1162 1632 1320 1686 solet.
1335 1629 1465 1686 Cum
1487 1631 1629 1686 enim

89 1727 294 1796 disjuncti
321 1735 371 1781 et
397 1725 625 1796 diSpersi
666 1742 882 1791 sumus,
916 1727 1094 1782 animo
1133 1726 1308 1780 minus
1344 1727 1584 1781 valenms
1613 1742 1627 1780 :

88 1817 260 1887 quando
283 1826 456 1871 autem
487 1833 582 1872 nos
608 1826 790 1872 mutuo
810 1819 1189 1887 conspicimus,
1213 1825 1266 1872 et
1285 1816 1433 1888 quasi
1463 1831 1632 1871 mem-

89 1910 174 1962 bris
209 1923 298 1963 nos
334 1908 775 1978 complectimur,
809 1911 1027 1964 multam
1063 1910 1354 1979 accipimus
1381 1910 1628 1964 consola-

89 2002 267 2056 lionem.
296 2001 369 2055 Ne
397 2001 527 2056 mihi
556 2014 730 2058 autem
758 2019 994 2074 prmseus
1022 2015 1228 2072 tempus
1257 2003 1332 2057 illi
1360 2003 1624 2068 conferas,

88 2111 168 2164 quo
195 2111 278 2166 per
308 2095 394 2149 Dei
423 2096 649 2166 gratiam
690 2096 740 2149 in
777 2096 927 2162 viris,
962 2097 1011 2150 in
1046 2096 1287 2162 urbibus,
1320 2096 1370 2150 in
1403 2095 1626 2166 ipsoque

84 2189 257 2242 deserto
284 2187 428 2242 multi
459 2198 586 2242 sunt
613 2188 942 2243 credentium
969 2197 1168 2253 emtus,
1197 2189 1475 2257 omnisque
1505 2186 1628 2242 inde

84 2279 261 2345 expulsa
286 2287 364 2332 est
392 2278 639 2348 impietas
667 2297 679 2332 :
715 2281 806 2334 sed
841 2279 968 2334 illud
995 2281 1166 2350 Cogita
1198 2289 1436 2348 tempus,
1466 2293 1623 2348 quam

82 2369 325 2436 aputudutn
364 2378 488 2422 tunc
525 2379 670 2424 esset
714 2372 964 2440 magistro
1006 2371 1185 2425 videre
1223 2369 1543 2438 discipulos,
1573 2378 1628 2422 (ξι

83 2461 235 2516 fratres
261 2461 353 2515 alia
381 2477 443 2516 ex
474 2463 604 2517 urbe
629 2461 694 2516 ad
708 2461 978 2516 venientes
999 2461 1328 2529 conspicere.
1356 2458 1421 2514 Ut
1448 2468 1624 2512 autem

82 2553 144 2615 id,
174 2554 298 2624 quod
336 2553 492 2620 dico,
529 2554 728 2608 clarius
765 2552 994 2619 evadat,
1021 2552 1266 2620 exemplo
1311 2561 1539 2604 utamur.
1568 2549 1622 2603 Si

80 2645 400 2714 contingeret,
432 2645 572 2715 quod
618 2645 794 2712 absit,
832 2659 930 2698 nos
985 2643 1270 2697 translatos
1321 2642 1372 2694 in
1425 2649 1622 2695 terram

80 2738 315 2792 Persarum
345 2750 434 2792 aut
459 2738 779 2810 Scytharum
815 2737 1234 2792 barbaroruuive
1261 2735 1505 2801 aliorum,
1537 2733 1622 2787 di-

79 2831 219 2898 sprrgi
247 2831 391 2884 binos
417 2831 497 2885 vel
527 2843 707 2884 ternos
734 2832 784 2884 in
817 2831 920 2885 illis
942 2829 1180 2891 urbibus,
1204 2826 1501 2897 deindeque
1526 2824 1624 2878 ali-

77 2938 202 2991 quem
223 2940 279 2977 ex
310 2924 388 2977 bis
419 2924 552 2978 locis
581 2925 882 2978 venientem
909 2923 1199 2991 derepente
1225 2920 1424 2984 videre,
1448 2918 1622 2990 cogita

77 3025 235 3082 quanta
276 3017 606 3086 repleremur
635 3016 1021 3070 consolatione.
1055 3016 1243 3066 Annon
1275 3011 1466 3066 videtis
1494 3024 1620 3075 eos,

76 3107 210 3175 quiin
238 3108 541 3161 caret-ribus
571 3117 712 3171 sunt,
743 3108 785 3160 si
814 3123 971 3176 qui-tn
1007 3105 1341 3159 familiarium
1375 3102 1620 3168 viderint,

77 3217 322 3270 eeurgere
351 3211 402 3254 et
433 3217 544 3270 pra:
567 3201 756 3270 gaudio
783 3200 1038 3253 exsilire"!
1065 3198 1117 3253 Si
1151 3213 1308 3266 pOtt‘O
1333 3194 1621 3266 captivitati

76 3304 112 3346 et
139 3294 316 3348 carceri
347 3295 430 3348 illa
467 3305 708 3362 tempora
736 3292 1044 3355 conferam,
1080 3307 1145 3345 ne
1177 3289 1390 3344 mireris
1423 3307 1435 3342 :
1469 3288 1622 3357 longe

76 3386 187 3438 enim
213 3386 446 3455 graviora
490 3386 830 3456 patiebantur
866 3384 963 3447 illi,
993 3382 1243 3453 dispersi,
1273 3381 1432 3451 pulsi,
1463 3380 1514 3434 in
1544 3378 1622 3433 fa-

77 3491 141 3529 me
171 3485 215 3530 et
254 3478 400 3532 bellis
433 3479 706 3541 viventes,
739 3476 1076 3546 quotidianus
1105 3485 1306 3530 mortes
1338 3474 1581 3527 timentes
1602 3511 1619 3539 ,

74 3567 255 3632 amicus,
283 3568 596 3635 familiares,
625 3577 878 3639 cognatos
915 3577 1192 3638 suspectos
1221 3565 1496 3625 habentes.
1527 3579 1619 3618 or-

75 3656 169 3711 bcm
198 3669 444 3715 terrarum
477 3661 630 3731 quasi
670 3670 980 3716 extraneum
1018 3658 1117 3714 sibi
1150 3657 1478 3722 incolentes,
1512 3655 1620 3709 imo

75 3751 258 3817 graviori
281 3753 329 3806 in
351 3761 494 3808 statu
521 3763 817 3818 versantes,
836 3766 994 3821 quant
1017 3749 1071 3812 ii,
1098 3749 1186 3820 qui
1211 3750 1261 3802 in
1283 3748 1454 3803 aliena
1477 3757 1618 3802 terra

76 3839 253 3909 degunt.
293 3843 416 3899 Ideo
451 3844 531 3898 ait
562 3861 574 3897 :
606 3844 686 3897 Ad
723 3842 1098 3913 conﬁrmandos
1135 3857 1221 3895 vos
1264 3857 1354 3910 per
1392 3848 1619 3893 mutuam

75 3933 210 4000 ﬁderit.
237 3936 337 3992 Iloc
366 3952 498 3992 vero
525 3937 755 4002 dicebat,
785 3952 890 3990 non
919 3936 1067 4006 quasi
1100 3935 1212 4005 ipse
1240 3934 1448 3989 illorum
1473 3949 1620 3990 eom-

76 4025 228 4079 militio
251 4042 378 4098 opus
407 4029 632 4083 haberet
663 4048 675 4083 ε
703 4028 874 4093 absit;
903 4026 1172 4098 quomodo
1193 4027 1333 4081 enim
1365 4025 1620 4081 Ecclesiae

74 4118 307 4186 culminia,
342 4119 490 4176 ferro
522 4131 575 4176 et
608 4129 754 4190 petra
793 4119 998 4182 fortior,
1040 4119 1332 4188 Spirilualis
1364 4119 1452 4172 ille
1489 4118 1619 4174 ada-

75 4226 191 4278 mas,
216 4217 294 4283 qui
326 4214 626 4270 innumeris
655 4213 950 4269 sufficiebat
989 4213 1288 4268 civitatibus
1308 4254 1322 4278 ,
1357 4213 1460 4267 illis
1486 4227 1621 4282 Opus

76 4303 285 4361 haberet?
313 4307 404 4362 sed
442 4316 502 4361 ut
542 4323 608 4362 ne
647 4306 902 4362 molestus
933 4321 1144 4368 sermo,
1185 4320 1319 4359 neve
1360 4305 1621 4359 correctio

75 4395 400 4453 vehementior
425 4407 612 4464 esset,
639 4413 698 4453 se
727 4397 936 4452 illorum
967 4396 1332 4451 consolatione
1359 4411 1492 4466 opus
1521 4395 1620 4450 ha-

76 4486 176 4543 bere
196 4488 412 4546 dicebat.
443 4490 599 4558 Quod
628 4491 670 4544 si
697 4490 815 4561 quis
846 4491 930 4544 hic
959 4489 1376 4545 consolationem
1404 4499 1452 4543 et
1487 4489 1621 4543 la'ti-

77 4580 175 4633 tiam
205 4597 262 4636 ex
294 4584 394 4639 Iule
419 4594 474 4637 et
508 4584 837 4638 incremento
877 4583 1086 4637 illorum
1130 4593 1300 4636 ortam
1347 4597 1480 4651 Opus
1522 4580 1617 4634 Ita-

75 4671 219 4730 buisse
244 4675 460 4731 Paulum
487 4677 718 4741 dixerit,
752 4675 836 4730 hic
859 4684 1005 4730 certe
1045 4689 1150 4728 non
1187 4674 1536 4728 aberraverit.
1565 4672 1622 4729 Si

76 4780 194 4835 ergo.
223 4769 444 4838 inquies,
470 4769 524 4823 id
551 4769 824 4824 desideras
853 4778 906 4824 et
932 4776 1105 4835 Optas,
1129 4777 1184 4822 et
1205 4766 1620 4821 consalatiouem

76 4872 348 4930 accepturus
391 4863 720 4933 daturusque
764 4877 862 4928 es,
906 4861 1030 4930 quid
1076 4861 1296 4930 impedit
1341 4860 1624 4930 quominus

78 4954 260 5008 venias?
289 4955 436 5010 lianc
460 4972 590 5024 ergo
615 4955 827 5009 solvens
852 4953 1210 5023 suspicionem
1231 4993 1246 5017 ,
1277 4952 1457 5022 adjicit
1491 4971 1504 5006 :
1533 4953 1620 5007 i5.

77 5044 189 5102 Nolo
215 5060 373 5104 autem
401 5066 489 5104 vos
519 5050 775 5120 ignorare,
802 5053 1007 5118 fratres,
1036 5046 1172 5117 quod
1205 5062 1339 5116 smpe
1363 5045 1623 5099 desidera-

78 5139 198 5191 rcrim
216 5142 374 5195 venire
390 5142 461 5196 ad
481 5158 585 5199 vos.
605 5152 649 5194 et
672 5141 938 5210 impeditus
952 5139 1047 5194 sim
1067 5155 1220 5207 usque
1236 5137 1304 5190 ad
1321 5137 1450 5190 Imm:
1470 5137 1620 5189 diem.

81 5227 186 5286 Vide
217 5235 418 5288 servilis
459 5231 779 5286 obcdicutia:
814 5231 1026 5284 modum
1048 5272 1062 5296 ,
1093 5240 1146 5284 et
1171 5229 1458 5283 admodum
1487 5228 1623 5298 grati

80 5325 206 5378 animi
242 5327 706 5397 significationem.
734 5323 884 5393 Quod
915 5321 1236 5392 prmpeditus
1263 5322 1350 5387 sit,
1383 5321 1492 5386 ait;
1523 5336 1624 5390 qua

80 5412 131 5468 de
160 5431 300 5472 causa
324 5459 338 5478 ,
370 5433 478 5472 non
522 5419 669 5471 item.
708 5415 891 5484 Neque
935 5415 1075 5468 enim
1116 5414 1382 5468 examinat
1412 5412 1627 5466 Domini

82 5510 376 5574 ataridatnm,
413 5510 511 5566 sed
551 5511 863 5579 obsequitur
904 5519 1107 5562 tantum
1136 5525 1148 5561 :
1180 5523 1500 5578 quamquam
1534 5522 1630 5578 par

81 5610 173 5654 mt
194 5601 448 5668 dubitare,
473 5618 573 5658 cur
601 5611 798 5656 tantam
827 5612 1039 5672 tamque
1063 5601 1393 5671 splendidam
1417 5601 1626 5666 urbem,

80 5692 292 5764 adquam
318 5698 481 5752 totius
507 5697 651 5752 orbis
678 5697 816 5752 oculi
849 5697 1316 5760 convertebautur,
1346 5697 1630 5767 quominus

79 5785 262 5845 duriore
285 5798 428 5845 tanto
454 5789 741 5856 frueretur,
771 5789 970 5844 tamdiu
997 5787 1278 5861 impediret
1303 5788 1465 5844 Deus.
1493 5788 1624 5843 Nam

1158 321 1221 376 ΙΝ
1264 319 1479 376 EPlST.
1525 320 1614 376 AD
1655 318 1818 375 ROM.
1865 320 2092 380 llOMlL.
2131 327 2191 380 ll.

3228 342 3337 398 806

1754 433 1844 500 qui
1875 434 2226 505 imperantem
2254 439 2440 497 urbem
2469 441 2630 510 vicit,
2662 444 2903 502 subditos
2925 446 3041 518 ejus
3074 447 3225 506 facile
3253 452 3338 506 in-

1753 526 1933 593 vadit;
1962 531 2050 598 qui
2080 539 2259 586 autem
2291 533 2377 588 illa
2407 533 2648 603 dimissa,
2680 536 2908 593 subditis
2938 537 3218 606 incumbit,
3249 540 3340 597 illo

1746 629 1903 686 caput
1929 621 2166 691 negligit.
2193 623 2260 676 At
2282 623 2408 678 nihil
2434 624 2622 680 horum
2648 627 2842 683 Paulus
2863 643 3076 685 curiose
3099 631 3333 701 indagat,

1746 708 1840 762 sed
1875 710 2398 782 incomprehensibili
2441 717 2786 786 providentia:
2820 719 2996 786 cedit,
3032 730 3139 774 tum
3170 721 3335 776 animi

1745 804 1825 856 sui
1869 803 2287 863 moderationem
2321 811 2640 878 ostendens,
2670 822 2778 866 tum
2813 812 3064 868 erudiens
3091 828 3188 868 nos
3213 829 3334 868 om-

1745 909 1861 960 nes,
1884 911 1950 951 ne
1972 913 2220 968 umquam
2244 915 2274 955 a
2299 901 2410 957 Deo
2431 913 2700 974 gestorum
2721 907 2978 962 rationem
3002 916 3328 977 repetamus,

1742 988 1954 1044 etiamsi
1995 991 2081 1046 illa
2122 993 2318 1048 multos
2360 995 2574 1052 turbare
2614 997 2912 1053 videantur.
2955 997 3085 1053 Nam
3125 998 3331 1054 domini

1745 1089 1948 1136 tantum
1985 1090 2069 1137 est
2110 1083 2409 1155 imperare,
2454 1101 2732 1143 servorum
2769 1090 3013 1160 obsequi.
3047 1090 3172 1146 ideo
3201 1091 3329 1147 dicit

1741 1185 1800 1226 se
1842 1172 2152 1243 impeditum
2195 1174 2394 1240 fuisse;
2433 1193 2535 1248 qua
2575 1194 2704 1234 vero
2738 1162 2805 1234 de
2839 1197 3028 1244 causa,
3058 1183 3276 1238 minimc
3307 1198 3324 1236 ε

1740 1261 1922 1332 Neque
1947 1265 2089 1319 enim
2118 1281 2219 1337 ego
2248 1268 2403 1330 novi,
2432 1269 2622 1340 inquit.
2652 1269 2728 1324 Ne
2767 1287 2853 1325 me
2893 1273 3050 1342 igitur
3093 1275 3324 1328 interro-

1738 1369 1864 1424 ges,
1895 1373 2019 1426 quae
2045 1358 2116 1413 sit
2141 1360 2386 1414 voluntas
2415 1369 2509 1414 aut
2536 1362 2798 1416 sententia
2831 1363 2940 1418 Dei.
2971 1363 3154 1433 Neque
3181 1366 3323 1420 enim

1740 1445 2047 1516 figmentum
2090 1450 2265 1520 opiﬁci
2303 1451 2446 1507 dicet
2476 1471 2490 1506 :
2518 1453 2620 1509 Cur
2654 1471 2733 1509 me
2759 1456 2831 1509 sic
2859 1455 3021 1523 fecisti
3049 1455 3234 1526 (Rom.
3265 1455 3320 1512 9.

1739 1536 1870 1608 20)?
1897 1539 2022 1606 Cur,
2049 1556 2252 1611 qu:eso,
2285 1542 2333 1596 id
2361 1542 2601 1599 ediscere
2631 1546 2819 1614 cupis?
2854 1562 2920 1600 an
2959 1550 3134 1602 neseis
3173 1547 3321 1601 illum

1736 1633 1972 1685 omnium
2013 1647 2194 1688 curam
2246 1634 2478 1699 habere,
2517 1638 2812 1706 sapientem
2847 1654 3004 1704 esse,
3038 1638 3169 1692 nihil
3208 1640 3323 1696 sine

1736 1738 1892 1776 causa
1919 1732 2011 1780 aut
2039 1734 2238 1780 temere
2264 1726 2475 1792 fecisse,
2497 1727 2637 1798 quod
2669 1738 2719 1783 le
2750 1729 2864 1798 plus
2885 1745 3043 1800 quam
3074 1738 3322 1799 parentes

1736 1817 1810 1870 tui
1838 1826 2003 1883 amet,
2031 1817 2172 1888 quod
2203 1821 2368 1889 patris
2392 1836 2514 1890 erga
2549 1830 2598 1876 te
2625 1819 2873 1875 allectum
2901 1822 3194 1890 matrisque
3221 1836 3320 1876 cu-

1736 1923 1847 1962 ram
1881 1908 2035 1978 longe
2063 1911 2316 1979 superet?
2351 1911 2492 1966 Nihil
2529 1926 2656 1982 ergo
2697 1912 2832 1967 ultra
2860 1927 3066 1981 quaeras
3090 1954 3105 1978 ,
3148 1928 3321 1983 neque

1735 1999 1958 2055 ulterius
1986 2002 2242 2071 procedas
2272 2021 2285 2057 :
2315 2003 2426 2057 lure
2454 2004 2649 2073 quippe
2676 2005 2769 2060 tibi
2799 2004 2864 2059 ad
2894 2006 3316 2061 coirsolationem

1733 2091 1861 2144 satis
1887 2099 2047 2146 sunt:
2077 2092 2339 2161 siquidem
2367 2101 2420 2148 et
2450 2101 2574 2148 tunc
2603 2107 2689 2147 res
2718 2094 3077 2150 Romanorum
3107 2096 3320 2166 sapien-

1733 2192 1815 2238 ter
1840 2185 2178 2254 regebantur.
2209 2186 2357 2254 Quod
2390 2185 2436 2240 si
2473 2187 2688 2241 modum
2728 2187 2967 2258 ignoras,
2999 2203 3065 2243 ne
3097 2188 3145 2242 id
3173 2204 3315 2259 a'gre

1734 2273 1872 2329 feras
1900 2294 1914 2330 :
1942 2275 2068 2330 illud
2092 2276 2232 2330 enim
2258 2277 2486 2332 maxime
2509 2276 2574 2331 ad
2603 2277 2761 2332 tidem
2791 2279 3037 2347 pertinet,
3064 2279 3108 2332 si
3131 2283 3194 2344 is,
3219 2280 3310 2348 qui

1731 2368 2045 2421 meouomire
2075 2366 2290 2421 modum
2320 2367 2544 2438 ignorat,
2572 2367 2916 2438 providentia:
2945 2378 3117 2424 tamen
3148 2369 3312 2425 ratio-

1732 2473 1864 2542 nem.
1884 2459 2148 2512 admittat.

1801 2553 1854 2608 5.
1882 2551 2013 2606 Cum
2043 2552 2202 2624 igitur
2227 2553 2420 2608 Paulus
2442 2568 2502 2608 ea
2519 2594 2535 2620 ,
2557 2570 2676 2625 quae
2701 2555 2953 2621 curabat,
2985 2564 3131 2611 recte
3158 2569 3307 2610 com-

1731 2644 2022 2711 posuisset;
2044 2643 2167 2713 quid
2193 2652 2369 2698 autem
2398 2643 2524 2698 illud
2546 2653 2660 2699 erat
2678 2645 2701 2698 ?
2721 2643 3014 2700 ostendere
3035 2660 3114 2708 se,
3137 2643 3180 2698 si
3203 2659 3308 2697 non

1731 2738 1852 2791 illos
1877 2737 2083 2804 adiret,
2113 2751 2218 2792 non
2246 2752 2311 2792 ex
2340 2745 2646 2807 contemptu
2676 2737 2724 2791 id
2755 2737 2960 2800 facere,
2990 2735 3084 2791 sed
3113 2734 3164 2790 id
3193 2750 3308 2789 ma-

1728 2829 1872 2885 xime
1894 2830 2230 2899 cupientem,
2263 2827 2545 2900 praepediri
2584 2838 2796 2896 tamen;
2841 2839 2894 2884 et
2922 2843 3041 2883 cum
3069 2827 3310 2898 segnitici

1728 2925 1930 2978 crimen
1958 2939 1986 2977 a
2014 2938 2073 2978 se
2104 2923 2420 2978 removisset
2444 2964 2459 2989 ,
2489 2921 2850 2992 suasissetque
2879 2935 2938 2976 se
2967 2936 3071 2975 non
3104 2921 3310 2974 minore

1732 3017 1999 3072 desiderio
2043 3016 2256 3072 illorum
2302 3016 2648 3072 videndorum
2695 3015 2903 3080 teneri,
2943 3029 3101 3084 quam
3144 3013 3308 3069 illos:

1728 3125 1936 3164 rursum
1978 3109 2095 3162 aliis
2134 3107 2309 3162 modis
2350 3123 2584 3162 amorem
2633 3122 2786 3162 suum
2833 3105 3082 3161 ostendit.
3129 3104 3312 3175 Neque

1727 3201 1868 3257 enim
1889 3243 1904 3268 ,
1931 3202 2050 3272 quia
2082 3200 2364 3271 impeditus
2399 3214 2514 3254 sum
2538 3241 2552 3262 ,
2583 3199 2784 3269 inquit,
2815 3213 2844 3252 a
2873 3207 3065 3254 conatu
3096 3197 3309 3263 destiti,

1727 3295 1818 3352 sed
1848 3310 2062 3364 semper
2091 3294 2356 3350 tentabam
2379 3335 2393 3358 ,
2421 3307 2632 3362 semper
2673 3292 2996 3362 prohibebar
3025 3309 3037 3345 :
3069 3307 3168 3347 nec
3197 3308 3313 3346 um-

1725 3402 1882 3457 quam
1910 3385 2112 3450 destiti,
2146 3385 2401 3439 voluntati
2431 3384 2642 3454 quidem
2676 3384 2767 3439 Dei
2798 3399 2902 3438 non
2934 3383 3224 3447 TBSirlCIIS,
3257 3392 3318 3444 et,

1725 3479 2000 3534 caritatem
2032 3492 2272 3532 servans.
2304 3476 2434 3531 Nam
2461 3492 2582 3531 cum
2608 3484 2932 3548 preponeret
2963 3491 3061 3532 nec
3087 3476 3312 3531 desiste-

1724 3579 1828 3636 ret,
1858 3585 2097 3626 amorem
2128 3568 2410 3624 exhibebat
2433 3585 2448 3633 ;
2473 3569 2613 3638 quod
2643 3577 2820 3623 autem
2846 3567 3193 3638 impediretur
3214 3582 3312 3622 nec

1725 3665 2017 3731 resisteret,
2041 3679 2302 3719 summam
2330 3678 2454 3734 erga
2480 3663 2648 3718 Deum
2675 3663 2949 3717 caritatem
2974 3659 3306 3716 ostendebat.

1729 3757 1796 3814 Ut
1825 3759 2045 3829 aliquem
2073 3760 2294 3828 fructum
2322 3756 2531 3810 habeam
2557 3755 2709 3810 etiam
2739 3755 2790 3808 in
2820 3753 2977 3808 vobis.
3009 3751 3118 3806 Etsi
3147 3764 3306 3821 srpc-

1723 3851 1834 3904 rius
1864 3848 2113 3904 desiderii
2141 3846 2353 3902 causam
2385 3846 2653 3912 attulerit,
2683 3854 2738 3900 et
2767 3845 2867 3899 sibi
2899 3858 3191 3920 congruere
3217 3857 3306 3897 os-

1726 3942 1993 4007 tenderit;
2027 3949 2258 3995 attamen
2303 3940 2388 3994 hic
2427 3953 2640 4008 quoque
2684 3937 2826 3992 illam
2869 3935 3051 3998 all'ert,
3093 3934 3306 3988 illorum
3377 3997 3386 4006 .

1725 4035 2083 4106 suspicionem
2117 4033 2402 4088 admodum
2429 4031 2727 4101 corrigens.
2759 4030 2890 4096 Quia
2920 4028 3062 4083 enim
3087 4026 3306 4096 conspi-

1725 4143 1821 4182 cua
1851 4127 1977 4181 urbs
2002 4136 2136 4190 erat,
2168 4134 2222 4180 et
2249 4125 2360 4179 sola
2391 4126 2442 4178 in
2475 4134 2612 4180 terra
2641 4133 2694 4178 et
2724 4122 2855 4176 mari
2886 4129 3046 4175 tanta:
3077 4119 3310 4190 pulchri-

1727 4221 1943 4280 tudinis.
1971 4231 2130 4291 atque
2153 4219 2269 4290 ejus
2295 4227 2494 4272 tantum
2523 4216 2763 4271 videndae
2789 4214 3054 4270 desiderio
3081 4213 3309 4284 permoti

1726 4312 1875 4368 multi
1926 4312 2014 4367 illo
2052 4311 2464 4381 commigrarunt
2496 4329 2508 4364 :
2544 4325 2611 4365 ne
2655 4308 2778 4379 quid
2822 4307 2994 4361 simile
3039 4307 3108 4361 de
3145 4305 3310 4359 Pauli

1725 4404 1884 4457 etiam
1917 4403 2283 4473 opinarentur,
2313 4417 2447 4456 neve
2480 4400 2913 4470 suspicarentur,
2947 4397 3066 4452 ideo
3095 4396 3308 4454 illorum

1725 4505 2069 4565 conspectum
2098 4494 2405 4549 desiderare
2432 4493 2675 4559 Paulum,
2696 4492 2835 4562 quod
2860 4507 2924 4546 ex
2952 4492 3162 4546 illorum
3185 4503 3314 4543 eon-

1726 4587 1896 4640 sortio
1921 4599 1979 4640 se
2006 4585 2288 4641 clariorem
2319 4583 2436 4640 fore
2468 4594 2694 4654 putaret,
2726 4583 3032 4653 frequenter
3057 4580 3308 4636 desiderii

1727 4694 1942 4735 causam
1986 4678 2225 4747 apponit.
2267 4677 2335 4732 Et
2371 4692 2531 4746 supra
2574 4676 2786 4745 quidem
2817 4674 2951 4729 dixit
2981 4692 2993 4726 :
3026 4671 3092 4728 Ut
3119 4672 3312 4741 aliquid

1727 4770 2010 4839 impertiam
2039 4769 2174 4822 vobis
2205 4769 2382 4839 gratim
2410 4767 2708 4836 spiritualis,
2739 4764 2904 4818 videre
2927 4760 3311 4825 desiderabam;

1730 4862 1816 4917 hic
1845 4878 1971 4917 vero
2001 4863 2194 4916 clarius
2224 4879 2238 4916 :
2270 4859 2334 4916 Ut
2363 4861 2578 4928 aliquem
2606 4859 2824 4928 fructum
2847 4854 3055 4908 habeam
3082 4853 3232 4906 etiam
3259 4852 3312 4906 in

1727 4956 1884 5022 vobis,
1907 4955 2329 5024 quemadmodum
2351 4963 2395 5008 et
2420 4955 2550 5007 inter
2573 4952 2790 5019 reliquas
2819 4958 3007 5019 gentes.
3038 4945 3314 5015 Principes

1728 5064 1848 5102 cum
1874 5047 2100 5103 subditis
2119 5053 2466 5108 annumerat;
2493 5053 2608 5113 post
2632 5043 2776 5096 mille
2800 5051 3016 5109 troprea,
3041 5038 3311 5100 victorias,

1732 5153 1852 5212 post
1879 5141 2157 5195 consulum
2187 5139 2484 5193 claritatem
2507 5179 2521 5201 ,
2550 5151 2669 5188 eum
2708 5132 2952 5188 barbaris
2980 5133 3128 5202 ponit
3158 5130 3315 5195 illos;

1730 5244 1783 5286 et
1810 5233 1927 5301 jure
1963 5231 2199 5301 quidem.
2239 5229 2371 5283 Nam
2417 5228 2502 5280 ubi
2547 5225 2664 5279 fidei
2715 5224 2965 5278 nobilitas
3001 5232 3115 5290 est,
3154 5236 3313 5276 nemo

1732 5326 2007 5388 barbarus,
2041 5339 2200 5379 nemo
2228 5322 2467 5386 Grzeeus,
2497 5334 2652 5374 nemo
2680 5317 3013 5388 peregrinus,
3048 5330 3204 5370 nemo
3232 5314 3314 5370 ci-

1734 5418 1846 5481 vis;
1879 5416 1974 5472 sed
2006 5415 2056 5469 in
2088 5430 2250 5468 unum
2285 5410 2558 5481 dignitatis
2595 5409 2860 5480 fastigium
2895 5421 3083 5463 omnes
3121 5420 3315 5461 ascen-

1727 5509 1882 5565 dunt.

1804 5603 1960 5656 Pauli
1987 5599 2250 5656 modestia.
2270 5629 2344 5639 —
2369 5597 2502 5652 Vide
2532 5611 2691 5666 porro
2721 5593 2868 5649 illum
2906 5591 2994 5647 hic
3027 5588 3317 5645 modestius

1732 5705 1999 5763 agentem.
2032 5693 2146 5747 Non
2187 5690 2330 5746 enitn
2371 5689 2535 5755 dixit,
2564 5687 2634 5743 Ut
2667 5686 2888 5742 doceam
2914 5692 2969 5738 et
3010 5680 3312 5735 instituam-

1733 5785 1828 5841 Sed
1853 5782 2021 5858 quid?
2053 5781 2121 5838 Ut
2149 5781 2364 5850 aliquem
2396 5779 2614 5844 fructum
2650 5776 2896 5839 habeam;
2925 5786 3030 5826 non
3060 5765 3316 5840 simplici-
