3950 6424
549 309 648 365 10⁸1

546 430 630 476 ter
655 419 906 488 fructum,
941 418 1056 487 sed,
1088 417 1319 489 Aliquem
1343 420 1560 490 fructum
1591 431 1610 470 :
1637 429 1822 469 rursus
1848 428 1908 468 ea
1935 426 2053 482 quae
2078 425 2137 466 se

543 521 791 582 spectant
827 512 1224 583 comprimens,
1260 519 1318 563 ιιι
1353 509 1601 580 superius
1640 507 1808 570 dixit,
1844 505 1913 561 Ut
1941 503 2137 567 aliquid

545 602 851 672 impertiam.
882 601 1234 658 Deinde'illos
1261 615 1473 670 quoque
1502 608 1561 654 ut
1585 598 1694 669 jam
1722 597 1867 665 dixi,
1899 596 2136 665 compri-

543 709 722 759 tnens,
753 695 846 759 ait,
879 693 1316 761 Quemadmodum
1341 700 1388 746 et
1411 693 1540 746 inter
1564 692 1783 762 reliquas
1807 700 1996 761 gentes.
2019 687 2135 743 Non

548 790 712 852 enim,
743 789 866 858 quia
892 788 1085 842 divites
1109 788 1260 852 estis,
1287 795 1342 841 et
1364 786 1484 856 plus
1513 801 1672 856 quam
1695 784 1879 839 creteri
1907 781 2131 845 habetis,

549 880 726 933 minus
769 893 891 948 erga
944 877 1182 946 reliquos
1213 877 1450 937 studium
1493 875 1724 931 adbibeo
1757 891 1770 928 :
1800 889 1903 928 non
1942 871 2138 926 divites

548 971 839 1037 quaerimus
863 1009 878 1033 ,
919 969 1013 1022 sed
1058 968 1263 1022 ﬁdeles.
1295 965 1394 1022 Ubi
1432 982 1573 1023 nunc
1601 975 1726 1020 sunt
1760 964 2027 1034 sapientes
2063 961 2135 1016 illi

543 1062 856 1116 Gnecorum
875 1103 887 1122 ,
916 1061 1112 1116 densas
1140 1060 1397 1114 habentes
1425 1059 1644 1121 barbas,
1672 1058 1848 1129 palliis
1874 1054 2052 1110 amicti
2085 1063 2138 1108 et

545 1166 872 1223 magnoltere
896 1151 1291 1206 tumescentes?
1312 1151 1568 1206 Graeciam
1591 1161 1644 1204 et
1669 1150 2013 1204 barbarorum
2040 1158 2140 1202 ter-

548 1260 661 1298 ram
700 1259 917 1299 onmem
957 1245 1315 1300 tentoriorum
1352 1245 1539 1299 artifex
1576 1245 1858 1299 convertit.
1893 1244 1985 1297 llle
2010 1258 2138 1297 vero

544 1340 634 1408 qtti
668 1339 806 1407 apud
850 1339 969 1394 illos
1008 1339 1322 1410 pr0ponitur
1349 1350 1402 1393 et
1438 1337 1810 1393 circmnfertur
1840 1338 2022 1399 Plato,
2057 1346 2138 1391 ter

548 1433 598 1486 in
643 1431 876 1489 Siciliam
925 1433 1195 1502 profectus
1227 1433 1332 1505 (α),
1374 1449 1496 1487 cum
1539 1442 1682 1486 tanto
1723 1433 1812 1486 illo
1851 1432 2134 1486 verborum

548 1525 708 1591 ΐιιμιιι,
731 1542 850 1580 cum
883 1527 968 1580 illa
1001 1535 1164 1591 tanta,
1197 1543 1354 1597 quam
1384 1527 1451 1582 de
1477 1527 1592 1597 ipso
1616 1526 1902 1588 habebant,
1933 1527 2140 1595 opinio-

548 1631 650 1683 ne,
683 1633 750 1673 ne
783 1634 942 1672 unum
975 1619 1186 1688 quidem
1233 1631 1512 1690 tyrannum
1557 1619 1860 1688 superavit;
1896 1619 2001 1671 imo
2030 1629 2134 1672 tam

549 1711 744 1764 misere
774 1710 860 1764 ille
884 1710 1095 1780 elapsus
1124 1720 1227 1778 est,
1253 1721 1308 1765 ιιι
1333 1710 1492 1765 etiam
1524 1725 1554 1765 a
1584 1710 1830 1766 libertate
1858 1710 2134 1766 exciderit.

548 1804 617 1857 At
645 1805 994 1858 tentoriorum
1023 1803 1211 1859 artifex
1243 1818 1346 1857 non
1382 1803 1618 1860 Siciliam
1651 1805 1844 1868 modo,
1885 1819 1988 1859 non
2032 1803 2132 1858 lla-

549 1893 672 1947 liant
707 1905 927 1959 tantum,
958 1895 1051 1950 sed
1084 1903 1253 1950 totum
1285 1895 1787 1965 peragravitorbem
1812 1913 1826 1961 ;
1852 1911 1913 1950 ac
1942 1911 2133 1966 neque,

548 1985 673 2038 dum
723 1985 1071 2056 pnedicaret,
1112 1993 1281 2041 artem
1325 1985 1644 2049 intermisit,
1677 1986 1772 2041 sed
1812 1986 1969 2041 etiam
2011 1995 2136 2040 tunc

550 2078 716 2146 pelles
759 2079 1084 2140 ronsuebat,
1128 2086 1181 2132 et
1224 2078 1450 2133 officina:
1491 2089 1718 2149 pra-erat
1752 2097 1766 2133 :
1797 2095 1968 2148 neque
2008 2079 2134 2134 illud

546 2168 913 2223 consularibus
938 2169 1258 2224 oll‘eudiculo
1288 2170 1416 2236 fuit;
1449 2169 1607 2239 idque
1631 2171 1751 2239 jure
1780 2172 1990 2226 merito.
2018 2170 2135 2227 Non

547 2261 687 2314 enim
715 2270 857 2316 artes
883 2276 945 2316 ac
971 2260 1142 2315 studia
1163 2303 1178 2328 ,
1211 2260 1302 2316 sed
1334 2262 1668 2316 mendacium
1704 2273 1758 2317 et
1787 2265 2009 2317 conficta
2035 2262 2135 2316 do-

545 2362 720 2423 gmata
764 2353 1117 2422 deSpieabiles
1165 2353 1395 2408 reddunt
1437 2353 1704 2408 doctores.
1753 2353 1979 2426 Ideoque
2018 2355 2136 2410 illas

545 2446 758 2515 quidem
785 2446 895 2515 jam
925 2446 1172 2501 derident
1209 2445 1600 2510 Athenienses;
1637 2447 1760 2501 huic
1797 2462 1924 2502 vero
1959 2457 2136 2510 auen-

544 2537 677 2592 dunt
717 2539 966 2604 barbari,
1007 2538 1191 2592 inculti
1234 2537 1477 2592 homines
1505 2546 1560 2592 et.
1599 2539 1796 2592 idiott'e.
1825 2538 2137 2594 Communis

544 2630 742 2699 quippe
771 2629 1018 2684 omnibus
1045 2628 1287 2684 doctrina
1318 2637 1520 2698 prostat
1549 2645 1562 2682 :
1593 2645 1696 2683 non
1727 2629 2000 2700 dignitatis
2025 2630 2137 2683 dis-

545 2721 748 2776 crimen
799 2723 982 2788 novit,
1034 2737 1137 2775 non
1177 2722 1351 2792 gentis
1396 2721 1806 2786 excellentiam,
1841 2738 1946 2776 non
1989 2723 2132 2778 aliud

546 2813 818 2882 quidpiam
851 2813 1024 2868 simile
1053 2830 1065 2865 :
1102 2813 1205 2868 tide
1236 2829 1463 2883 namque
1491 2822 1692 2867 tantum
1719 2823 1860 2884 eget,
1893 2831 1997 2868 non
2027 2815 2136 2884 syl-

547 2905 805 2976 logismis.
838 2906 1069 2976 Ideoque
1096 2906 1327 2961 maxime
1355 2906 1666 2960 admiranda
1695 2915 1805 2970 est,
1839 2923 1942 2960 non
1975 2908 2135 2961 modo

543 2997 685 3068 quod
719 2999 862 3053 ntilis
890 3009 945 3054 et
974 2999 1223 3054 salutaris
1251 2999 1354 3063 sit,
1387 2999 1479 3054 sed
1507 3000 1666 3054 e:iam
1693 3000 1815 3071 quia
1845 2999 2013 3054 facilis
2033 3043 2046 3063 ,
2080 3010 2136 3056 et

544 3089 612 3142 ah
637 3090 884 3144 omnilms
912 3090 1057 3144 nullo
1085 3090 1298 3160 negotio
1322 3090 1585 3159 excipitur
1611 3109 1624 3144 :
1653 3089 1704 3145 id
1730 3090 1873 3161 quod
1904 3092 2133 3146 maxime

546 3183 637 3237 Dei
664 3181 1007 3253 providentiae
1031 3197 1166 3252 Opus
1194 3191 1297 3248 est,
1321 3183 1410 3252 qui
1435 3196 1528 3238 sua
1553 3183 1801 3238 omnibus
1827 3183 2130 3239 communia

543 3275 804 3346 proponit.
843 3275 974 3330 Nam
1007 3275 1146 3345 quod
1177 3276 1228 3328 in
1259 3277 1400 3339 sole,
1437 3274 1589 3341 luna,
1621 3276 1672 3328 in
1706 3285 1845 3330 terra
1870 3317 1885 3338 ,
1917 3275 1966 3330 in
1997 3276 2130 3331 mari

493 3365 496 3368 ’
541 3367 856 3437 ueterisque
883 3367 1038 3432 fecit,
1069 3382 1173 3421 non
1205 3367 1350 3436 plura
1377 3382 1442 3422 ex
1475 3366 1580 3421 illis
1613 3368 1849 3422 tribuens
1877 3367 2131 3423 divitibus

541 3468 595 3513 et
617 3459 967 3528 sapientibus,
993 3473 1089 3513 nec
1111 3458 1360 3528 pauciora
1392 3458 1732 3528 pauperibus,
1756 3459 1848 3514 sed
1871 3461 2128 3531 mqualem

543 3552 791 3606 omnilms
813 3549 1199 3606 nsuntfructum
1220 3566 1527 3622 proponens
1550 3569 1564 3616 ;
1588 3550 1692 3607 hoc
1717 3559 1771 3606 et
1797 3553 1847 3605 in
1875 3551 2132 3621 prtedica-

545 3646 688 3699 tione
717 3643 858 3706 fecit.
890 3645 997 3698 imo
1025 3643 1192 3699 multo
1218 3644 1410 3713 majus,
1436 3644 1686 3715 quoniam
1714 3641 1816 3699 hoc
1844 3643 2011 3713 magis
2037 3659 2132 3698 ne-

543 3737 837 3791 cessarium
868 3751 1026 3806 quam
1060 3735 1146 3790 illa
1179 3744 1278 3790 est.
1324 3734 1553 3804 Ideoque
1594 3733 1788 3790 Paulus
1828 3733 2132 3801 frequenter

544 3829 639 3891 ait,
674 3827 917 3881 Omnibus
950 3827 1198 3898 gentibus.
1234 3826 1436 3881 Deinde
1460 3825 1749 3881 ostendens
1776 3840 1835 3881 se
1864 3823 1993 3880 nihil
2027 3825 2132 3882 illis

545 3919 747 3992 largiri,
778 3919 870 3974 sed
903 3927 1222 3990 przeceptum
1255 3918 1460 3973 Domini
1500 3917 1740 3990 implere,
1773 3926 1828 3973 et
1855 3917 2132 3972 remittens

547 4016 664 4070 illos
694 4014 758 4068 ad
788 4013 1090 4070 reddendas
1121 4013 1233 4068 Deo
1263 4012 1630 4067 universorum
1653 4011 1870 4081 gratias,
1895 4009 1968 4064 ait
1997 4028 2010 4062 :
2047 4010 2128 4064 ll.

548 4104 740 4159 Grazcis
780 4114 826 4156 et
862 4104 1086 4158 barbaris
1106 4146 1121 4169 ,
1157 4103 1466 4173 sapientibus
1491 4112 1535 4156 ct
1563 4103 1912 4169 insipientibus
1942 4102 2136 4154 debitor

545 4215 675 4251 sum.
696 4196 846 4263 Quod
869 4205 921 4250 et
941 4195 1006 4250 ad
1028 4195 1332 4250 Corinthios
1352 4195 1592 4250 scribens
1612 4195 1680 4248 ita
1701 4195 1928 4257 diccbat,
1952 4197 2132 4247 omnia

550 4289 658 4343 Deo
694 4289 1008 4343 attribuens.
1041 4289 1126 4343 15.
1171 4286 1254 4341 Ita
1286 4298 1528 4356 quantum
1561 4288 1611 4340 in
1642 4304 1720 4341 me
1753 4298 1848 4352 est,
1880 4298 1926 4342 et
1961 4286 2096 4340 vobis
2116 4327 2134 4354 ,

545 4381 633 4451 qui
662 4380 840 4434 Romae
866 4380 1002 4446 estis,
1030 4381 1390 4452 euangelizare.

619 4473 672 4525 6.
711 4473 756 4526 0
793 4485 1107 4540 generosam
1148 4471 1414 4526 animam!
1445 4471 1579 4526 Rem
1619 4479 1696 4525 tot
1733 4470 1982 4540 periculis
2021 4469 2140 4540 ple-

547 4580 666 4618 nam
690 4565 1016 4631 suscipiens,
1043 4564 1302 4618 marinam
1335 4563 1854 4633 peregrinationem,
1888 4563 2139 4617 tentatio-

548 4671 677 4717 nes,
710 4653 946 4718 insidias,
982 4654 1317 4719 seditiones;
1351 4671 1473 4710 nam
1506 4655 1558 4709 in
1589 4664 1732 4709 tanta
1767 4655 1896 4709 urbe
1924 4654 2141 4710 concio-

547 4747 731 4811 nanti,
763 4747 863 4800 sub
902 4746 1187 4815 impietatis
1218 4746 1502 4818 tyrannide
1538 4745 1744 4818 posita,
1791 4746 2140 4801 tentationnm

541 4840 830 4911 grandines
882 4839 1256 4910 exspectanda:
1306 4849 1490 4905 erant;
1536 4839 1613 4894 sic
1660 4849 1714 4895 et
1767 4841 1931 4893 vitam
1963 4841 2014 4894 in
2044 4840 2142 4894 ista

543 4931 692 4986 urbe’
729 4932 941 4998 clausit,
987 4932 1141 5001 jussu
1202 4933 1414 5002 tyranni
1466 4941 1594 4986 tunc
1639 4932 1915 5000 regnantis
1967 4930 2142 5000 capite

544 5031 855 5089 truncatus;
909 5033 1143 5079 attamen
1191 5039 1312 5078 cum
1365 5031 1446 5078 tot
1497 5032 1749 5091 tantaque
1779 5036 1839 5076 se
1870 5037 2143 5091 passurum

547 5123 903 5183 exspectaret,
934 5131 1038 5170 non
1073 5116 1192 5171 ideo
1227 5116 1443 5185 segnior
1467 5115 1813 5178 reddebatur,
1860 5114 1954 5169 sed
1987 5112 2135 5168 festi-

549 5204 744 5267 nabat,
773 5206 1114 5273 parturiebat,
1149 5216 1532 5276 promptasque
1571 5216 1705 5260 erat.
1753 5205 1980 5273 Ideoque
2019 5207 2094 5258 ait
2129 5220 2144 5257 :

551 5293 806 5358 Quantum
828 5295 880 5348 in
902 5311 977 5348 me
996 5307 1089 5363 est,
1110 5308 1316 5363 paratus
1333 5315 1443 5352 sum
1465 5298 1604 5352 vobis
1620 5314 1836 5368 quoque,
1857 5298 1944 5363 qui
1963 5296 2141 5350 Roma:

550 5385 697 5450 estis,
721 5387 1082 5456 euangelizare.
1115 5388 1204 5442 16.
1240 5387 1362 5443 Non
1387 5393 1520 5444 enim
1551 5391 1785 5444 erubesco
1815 5390 2145 5459 evangelium.

547 5479 684 5548 Quid
716 5480 815 5546 ais,
837 5479 1037 5534 l‘aule?
1061 5477 1193 5535 Cum
1224 5492 1498 5550 oporteret
1526 5483 1729 5546 dicere,
1754 5482 1986 5546 Glorior,
2017 5482 2148 5535 mihi

548 5573 819 5642 gratulor;
851 5587 954 5628 non
983 5572 1084 5628 hoc
1107 5573 1259 5639 dicis,
1279 5573 1372 5628 sed
1399 5575 1540 5645 quod
1567 5575 1658 5630 illo
1681 5574 1855 5629 minus
1878 5587 1978 5641 est,
2003 5574 2145 5646 quod

618 5727 694 5796 (α)
722 5728 798 5776 De
819 5727 1036 5802 Platone,
1059 5728 1143 5802 qui
1169 5735 1250 5801 ter
1273 5727 1554 5802 innsiciliam
1577 5727 1782 5792 appulit,
1810 5727 2032 5791 pluribus
2054 5731 2160 5793 agit

571 5787 820 5851 Diogenes
839 5787 1057 5840 uertitis
1079 5787 1126 5841 in
1154 5791 1261 5856 ejus
1275 5790 1397 5840 Vlla.

1285 301 1341 361 S.
1383 300 1656 361 JOANNIS
1686 289 2164 354 CIIRYSOSTOMI
2204 291 2516 348 ARCHIEP.
2557 286 3086 346 CONSTANTINOP.

3739 288 3836 344 ωε

2241 423 2348 463 non
2373 410 2694 478 erubescas;
2743 409 2795 466 id
2837 411 2979 482 quod
3019 411 3073 467 in
3118 410 3281 467 rebus
3320 411 3613 484 insignibus
3654 412 3837 468 dicere

2242 515 2349 555 non
2375 502 2631 556 solemus.
2681 503 2817 570 Quid
2843 503 3003 574 igitur
3028 504 3198 560 dicit?
3221 520 3316 559 cur
3345 507 3423 560 sic
3450 506 3717 577 loquitur,
3743 508 3836 560 etsi

2243 593 2411 663 magis
2436 593 2504 648 de
2533 595 2810 666 evangelio
2843 611 3001 667 quam
3033 596 3101 651 de
3126 597 3259 651 Ctl‘lO
3282 597 3577 668 glorietur?
3615 598 3711 653 Ad
3736 597 3837 648 Ca-

2243 683 2378 738 latas
2406 687 2549 739 enim
2591 687 2856 748 scribens.
2901 688 2977 742 ait
3006 705 3019 742 :
3048 688 3182 742 Mihi
3216 700 3384 744 autent
3428 691 3556 745 absit
3595 693 3839 762 gloriari,

2241 777 2342 832 nisi
2369 779 2422 832 in
2449 796 2594 834 cruce
2622 779 2828 836 Domini
2865 784 3025 837 nostri
3052 781 3180 837 Iesu
3205 785 3390 838 Christi
3423 785 3443 855 (
3465 783 3584 840 Gal.
3615 785 3682 840 6.
3723 786 3788 839 Η
3809 791 3840 848 ).

2241 868 2349 924 Cur
2377 885 2506 940 ergo
2533 870 2619 926 hie
2645 888 2751 927 non
2772 872 2936 938 dicit,
2967 873 3214 938 Glorior;
3255 875 3348 931 sed
3371 917 3385 940 ,
3413 874 3534 931 Non
3558 877 3843 931 erubesco?

2242 958 2471 1014 Romani
2495 962 2560 1015 ad
2591 977 2678 1018 res
2708 964 2866 1033 hujus
2886 966 3070 1020 mundi
3095 966 3402 1032 inhiabant,
3423 967 3491 1023 ob
3510 968 3765 1032 divitias,
3783 972 3846 1022 ob

2242 1050 2548 1119 imperium,
2581 1053 2652 1108 ob
2689 1055 2939 1111 victorias
2962 1097 2977 1122 ,
3019 1057 3090 1112 ob
3139 1059 3521 1128 imperatores,
3554 1075 3709 1130 quos
3752 1063 3846 1115 diis

2243 1157 2399 1212 pares
2427 1145 2805 1201 existimabant
2835 1147 3055 1220 (sicque
3085 1150 3206 1206 illos
3230 1150 3565 1221 vocabant);
3605 1152 3772 1207 unde
3801 1164 3848 1208 et

2242 1239 2452 1307 templis
2474 1249 2528 1293 et
2548 1241 2657 1296 aris
2676 1251 2727 1296 et
2753 1243 3028 1298 sacrificiis
3067 1244 3191 1300 illos
3214 1246 3483 1302 colebant.
3508 1247 3650 1302 Cum
3691 1247 3849 1316 igitur

2241 1328 2312 1382 ita
2343 1329 2480 1384 fastu
2515 1331 2654 1400 pleni
2681 1343 2884 1398 essent,
2915 1345 2970 1390 et
3017 1333 3210 1391 Paulus
3257 1337 3649 1408 praedicaturus
3711 1347 3850 1392 esset

2239 1417 2439 1487 Jesum,
2465 1423 2552 1492 qui
2577 1420 2711 1477 fabri
2738 1424 2876 1479 illius
2895 1440 3015 1481 esse
3036 1428 3339 1496 putabatur,
3363 1427 3415 1481 in
3438 1427 3623 1483 .ludma
3655 1440 3843 1492 natus,

2240 1519 2294 1564 et
2321 1512 2372 1566 in
2400 1512 2560 1567 domo
2590 1515 2762 1570 tenttis
2785 1517 3024 1572 mulieris
3045 1518 3303 1573 educatus
3330 1518 3531 1584 fuerat;
3562 1522 3661 1591 qni
3691 1523 3852 1574 Satel-

2241 1603 2361 1660 lites
2385 1621 2486 1659 non
2519 1606 2798 1671 habuerat,
2830 1624 2933 1662 non
2960 1610 3195 1677 divitias,
3219 1611 3312 1666 sed
3335 1613 3492 1668 etiam
3523 1623 3582 1665 ut
3605 1614 3849 1665 (lamm—

2241 1706 2326 1752 tus
2353 1710 2592 1754 mortuus
2623 1699 2796 1755 fuerat
2833 1719 2952 1757 cum
2985 1703 3301 1770 latronibus,
3354 1706 3671 1775 multasque
3720 1707 3850 1760 alias

2241 1792 2554 1862 ignominias
2583 1812 2772 1867 passus
2793 1799 2958 1854 fuerat
2982 1817 2997 1863 ;
3022 1816 3086 1855 ac
3109 1801 3396 1856 verisimile
3417 1811 3534 1854 erat
3563 1802 3850 1856 Romanm

2241 1893 2367 1940 tunc
2409 1888 2611 1956 pudore
2639 1891 2872 1946 sull‘usos
2921 1891 3107 1958 fuisse,
3139 1907 3261 1948 cum
3309 1893 3573 1947 nihildum
3639 1896 3851 1949 scirent

2240 1994 2420 2034 rerum
2475 1997 2788 2038 arcanarum
2813 1995 2866 2038 et
2897 2000 3206 2056 magnarum
3241 2004 3256 2041 :
3291 1986 3411 2041 ideo
3439 1989 3536 2049 ait,
3581 1985 3719 2040 Non
3741 2005 3853 2038 (Tu-

2241 2073 2403 2137 besco,
2429 2075 2548 2130 illos
2576 2075 2786 2130 interim
2815 2077 3046 2144 dot-ens,
3077 2093 3144 2132 ne
3171 2077 3560 2133 erubescerent
3586 2096 3600 2130 :
3638 2079 3853 2132 sciebat

2240 2164 2381 2218 enim
2426 2179 2539 2231 eos,
2572 2167 2617 2220 si
2647 2167 2699 2220 id
2724 2168 2940 2222 tandem
2995 2177 3426 2238 assequerentnr,
3461 2173 3572 2223 cito
3598 2186 3854 2240 eousque

2241 2267 2592 2325 perventuros
2621 2273 2741 2314 esse
2773 2269 2828 2313 ut
2852 2259 3230 2330 gloriarentur.
3291 2261 3357 2314 Et
3391 2271 3446 2314 ιιι
3477 2262 3652 2332 igitur
3680 2263 3728 2316 si
3757 2278 3852 2314 au-

2239 2348 2405 2402 dieris
2462 2351 2764 2420 quempiam
2817 2351 3082 2406 dicentem
3119 2369 3132 2406 :
3161 2353 3567 2408 Crucibxumne
3597 2355 3853 2408 adoras?

2239 2456 2307 2494 ne
2358 2441 2644 2495 erubescas
2675 2457 2774 2496 nec
2804 2443 2992 2498 oculos
3041 2443 3330 2508 demittas;
3365 2445 3474 2498 imo
3502 2445 3756 2515 gloriare
3799 2457 3852 2499 ct

2241 2534 2333 2587 tibi
2364 2535 2632 2605 gratulare
2655 2577 2670 2601 ,
2698 2536 2984 2605 liberisque
3035 2538 3205 2591 oculis
3226 2545 3279 2591 et
3307 2547 3485 2592 erecta
3518 2539 3682 2604 facie,
3718 2555 3854 2593 etm-

2239 2625 2524 2682 fessionem
2567 2627 2808 2684 admitte.
2835 2629 2890 2684 Si
2934 2645 3143 2684 rursum
3169 2629 3857 2685 dixerit:Crucitixumne

2237 2720 2428 2773 adoras
2449 2720 2472 2773 ?
2495 2736 2694 2789 repone
2725 2721 2797 2775 illi
2834 2739 2848 2775 :
2879 2720 2983 2775 Sed
3011 2737 3113 2776 non
3148 2721 3438 2788 ntmcltum,
3471 2737 3586 2776 non
3615 2723 3855 2792 parrici-

2236 2815 2397 2880 dam,
2432 2831 2538 2868 non
2587 2815 2814 2870 filiorum
2866 2815 3266 2872 interfectorem
3295 2817 3470 2886 (tales
3523 2817 3679 2870 enim
3732 2828 3858 2870 sunt

2237 2922 2426 2962 omnes
2453 2909 2664 2962 illorum
2687 2908 2758 2962 dii
2783 2909 2838 2979 );
2870 2910 2962 2964 sed
2995 2925 3140 2974 eum,
3167 2910 3255 2980 qui
3285 2925 3380 2979 per
3395 2925 3625 2964 crucem
3657 2911 3859 2965 dmino-

2238 3000 2395 3055 nibus
2435 3016 2527 3054 ora
2563 3001 2826 3066 obstruit,
2852 3011 3012 3071 atque
3054 3002 3362 3055 innumeras
3388 3002 3614 3054 illorum
3647 3001 3869 3070 prasti-

2238 3093 2352 3162 gias
2399 3091 2636 3145 abstulit.
2689 3091 2900 3146 Etenim
2955 3107 3084 3147 crux
3141 3101 3360 3162 propter
3409 3106 3512 3146 nos
3560 3091 3861 3145 inefl’abilis

2239 3185 2579 3254 benignitatis
2625 3199 2761 3255 opus
2810 3177 3123 3256 magmrqne
3175 3201 3317 3240 cura:
3363 3186 3687 3257 symbolum
3748 3198 3854 3240 est.

2237 3276 2318 3332 Ad
2367 3277 2481 3331 lnrc
2518 3291 2669 3341 vero,
2698 3277 2821 3346 quia
2862 3277 3220 3347 eloquentiam
3269 3292 3422 3332 suam
3452 3276 3780 3337 venditant,
3808 3288 3862 3331 et

2225 3379 2456 3424 externa
2491 3368 2830 3438 philosophia
2881 3368 3072 3422 tuttniti
3118 3369 3284 3422 altum
3315 3369 3556 3438 sapiunt,
3595 3369 3741 3439 Ego,
3771 3371 3858 3421 in-

2238 3463 2354 3532 quit
2400 3461 2636 3526 Paulus,
2667 3461 2749 3515 ltis
2779 3462 3105 3534 syllogismis
3161 3463 3377 3532 longum
3429 3465 3618 3516 valere
3664 3463 3861 3531 jussis,

2233 3570 2450 3610 crucem
2478 3553 2824 3624 ιιτιιτιιίοιιιιιιιι
2856 3555 3029 3618 venio,
3067 3571 3240 3623 neque
3271 3555 3390 3609 ideo
3413 3555 3717 3609 erubesco.
3760 3556 3864 3608 Po-

2234 3647 2391 3701 tentia
2413 3647 2546 3700 enim
2576 3645 2671 3700 Dei
2697 3657 2767 3700 est
2793 3647 2860 3700 ad
2885 3647 3118 3701 salutem.
3146 3647 3280 3713 Quia
3303 3647 3445 3701 enim
3469 3648 3729 3716 potentia
3766 3648 3856 3700 Dei

2233 3753 2315 3796 est
2341 3744 2500 3795 etiam
2523 3739 2587 3794 ad
2615 3755 2827 3810 penam
2859 3739 3186 3795 inferendam
3218 3741 3371 3811 (nam
3399 3755 3524 3794 cum
3552 3741 3861 3811 Egyptios

2235 3833 2483 3904 puniebat
2511 3875 2526 3897 ,
2577 3833 2713 3886 dixit
2737 3850 2748 3885 :
2779 3832 2904 3887 "mc
2922 3841 3006 3887 est
3035 3834 3268 3901 potentia
3328 3847 3443 3885 mea
3475 3849 3682 3902 magna
3710 3840 3730 3901 )
3757 3849 3775 3893 ;
3809 3842 3862 3884 et

2238 3934 2473 3994 potestas
2503 3923 2568 3977 ad
2594 3923 2814 3977 exitium
2847 3925 3004 3991 (nam
3033 3924 3104 3976 ait
3135 3939 3149 3977 :
3185 3921 3374 3976 Timete
3396 3938 3536 3985 eum,
3571 3923 3666 3988 qui
3696 3934 3863 3986 ρυιεα

2237 4028 2283 4071 et
2316 4018 2539 4069 animum
2568 4027 2612 4069 et
2643 4033 2828 4081 corpus
2857 4015 3066 4084 perdere
3090 4015 3140 4067 in
3169 4016 3451 4085 gehennam
3483 4013 3732 4086 [.Ilatth.
3775 4016 3858 4068 l0.

2240 4108 2433 4183 28]):
2467 4110 2588 4165 idco
2635 4111 2752 4164 ait:
2785 4109 2909 4164 l‘larc
2961 4109 3183 4162 veniens
3227 4106 3411 4171 aﬂ't-ro,
3448 4123 3559 4160 non
3609 4123 3745 4176 qua
3795 4106 3859 4160 ad

2241 4218 2450 4273 pinnam
2471 4209 2525 4255 et
2545 4201 2886 4271 supplicium,
2910 4198 3002 4254 sed
3027 4215 3143 4268 qua;
3163 4197 3229 4253 ad
3252 4199 3499 4253 salutem.
3521 4198 3665 4265 Quid
3689 4200 3860 4268 ergo?

2239 4310 2418 4349 nonne
2467 4294 2583 4348 ha-c
2627 4293 2978 4347 annuntiabat
3029 4292 3190 4347 etiam
3231 4290 3594 4361 evangelium,
3644 4292 3722 4347 de
3760 4307 3860 4362 ge-

2241 4387 2438 4453 benna,
2462 4385 2529 4440 de
2561 4386 2796 4440 tenebris
2823 4385 3200 4446 exterioribus,
3228 4383 3294 4438 de
3323 4398 3506 4437 verme
3536 4384 3861 4436 venenato?

2241 4480 2400 4549 Atqui
2432 4495 2534 4532 non
2579 4476 2792 4531 aliunde
2821 4476 2934 4530 hmo
2961 4477 3226 4540 novimus,
3275 4476 3376 4529 nisi
3408 4491 3473 4529 ex
3508 4477 3812 4544 evangelio
3843 4495 3858 4528 :

2242 4571 2510 4642 quomodo
2565 4569 2744 4640 igitur,
2771 4569 3014 4640 inquies,
3046 4567 3279 4622 Potentia
3322 4567 3416 4622 Dei
3461 4570 3534 4621 ad
3584 4571 3862 4622 salutem?

2243 4666 2350 4721 Sed
2383 4666 2506 4719 attdi
2562 4664 2845 4735 sequentia
2871 4681 2883 4716 :
2924 4662 3076 4716 Omni
3105 4663 3348 4725 credenti,
3375 4660 3570 4715 ludam
3598 4663 3861 4731 primum,

2246 4769 2292 4813 et
2326 4757 2524 4813 (Ii-tceo.
2575 4756 2691 4811 Non
2733 4756 2876 4810 enint
2931 4753 3200 4817 omnilms,
3250 4753 3342 4808 sed
3401 4755 3861 4823 suscipientibus.

2246 4851 2467 4906 Etiamsi
2491 4851 2632 4905 enim
2659 4849 2878 4905 Cra-cus
2904 4848 3016 4903 sive
3042 4847 3255 4918 gentilis
3285 4847 3466 4911 lueris,
3500 4849 3729 4902 etiamsi
3763 4865 3858 4902 ne-

2246 4946 2466 5015 quitiam
2514 4959 2727 4998 omnem
2759 4943 2995 5008 adieris;
3042 4942 3140 4995 etsi
3167 4942 3386 5012 Scytha,
3417 4941 3714 5005 ὺςιιὶμτυς,
3749 4944 3862 4994 imo

2249 5041 2358 5095 tera
2382 5039 2565 5103 fueris,
2590 5037 2796 5090 ratione
2814 5036 3033 5089 omnino
3053 5033 3359 5095 destitutus,
3390 5042 3445 5088 et
3469 5035 3624 5088 mille
3653 5051 3858 5102 prera-

2249 5141 2420 5185 tornnt
2453 5130 2679 5183 sarcinis
2721 5138 2943 5182 onustus
2983 5145 2996 5180 :
3029 5125 3185 5180 simul
3241 5134 3402 5195 atque
3433 5141 3760 5181 sermonem
3797 5131 3865 5181 de

2249 5239 2408 5278 cruce
2432 5221 2737 5290 suscepisti,
2759 5229 2813 5275 et
2832 5220 3130 5288 baptizatus
3149 5234 3230 5283 es,
3257 5219 3437 5272 omnia
3460 5221 3550 5274 illa
3577 5221 3860 5275 delevisti.

2249 5315 2359 5369 Cur
2385 5325 2558 5367 autem
2588 5315 2674 5367 hic
2699 5312 2848 5373 dicit,
2873 5311 3056 5365 Juda'o
3079 5313 3322 5381 primum,
3371 5322 3420 5365 et
3470 5311 3702 5368 Cra'co?
3729 5317 3865 5385 quid

2252 5407 2350 5461 sibi
2380 5407 2492 5460 vult
2525 5405 2613 5458 illa
2655 5403 2994 5458 diﬂ'erentia?
3038 5403 3195 5472 Atqui
3242 5418 3388 5472 sa‘pe
3435 5403 3607 5468 dixit,
3671 5407 3864 5476 Neque

2251 5497 2591 5553 circmncisio
2644 5495 2930 5566 quidquam
2975 5503 3077 5558 est,
3108 5510 3281 5564 neque
3307 5496 3630 5564 pnepntium
3664 5516 3684 5550 :
3721 5516 3866 5561 (tua-

2256 5591 2415 5645 modo
2452 5591 2611 5660 igitur
2641 5588 2728 5642 hic
2771 5587 3068 5656 distinguit,
3115 5586 3362 5640 Judaeum
3401 5587 3594 5642 Grzccn
3619 5602 3861 5659 antepo-

2256 5681 2424 5737 nens?
2456 5681 2657 5750 Eeqnid
2689 5679 2830 5734 hoc?
2861 5693 3030 5748 neque
3054 5677 3195 5731 enim
3218 5677 3341 5747 quia
3371 5679 3576 5749 prinms
3599 5691 3717 5742 est,
3754 5699 3869 5733 rua-

2255 5777 2425 5848 jorem
2455 5773 2645 5845 accipit
2673 5773 2896 5844 gratiam
2933 5770 3107 5844 (idem
3145 5772 3287 5827 enim
3320 5774 3496 5842 ipsum
3546 5775 3766 5828 donum
3818 5786 3868 5830 et
