4064 6296
239 185 351 239 ιογ

240 297 428 365 εἷπεν,
467 304 582 357 ’ῐνα
608 302 803 372 διδάξω
832 307 926 361 καὶ
960 312 1276 382 κατηχήσω,
1326 314 1459 369 ἀλλά
1497 318 1551 370 τί
1571 335 1587 381 ;
1625 320 1756 373 Ἵνα
1780 320 1915 374 τινὰ

240 390 486 457 καρπὸν
513 390 661 461 σχῶ.
698 395 807 448 Καὶ
843 395 965 448 οὐδέ
1003 398 1188 462 ἁπλῶς
1215 403 1454 472 καρπὸν,
1483 405 1597 458 ἀλλ’
1620 408 1752 461 Ἵνα
1780 410 1912 463 τινὰ

232 479 483 545 καρπόν
508 495 522 509 ο
552 481 713 534 πάλιν
751 483 1055 537 συστέλλων
1084 486 1150 539 τὰ
1176 488 1295 541 καθ’
1329 491 1541 554 ἐαυτὸν,
1564 492 1751 567 ὥσπερ
1772 496 1909 547 ἀνω-

235 563 391 635 τέρω
421 564 593 619 εἶπενο
621 569 753 623 Ἵνα
775 588 828 623 τι
872 573 1125 640 μεταδῶ.
1174 573 1308 630 Εἶτα
1344 580 1437 631 καί⁷
1478 581 1692 644 αὐτοὺς,
1720 563 1911 654 ῶσπερ

233 650 421 721 ἔφθην
446 653 632 719 εἰπὼν,
666 657 1060 726 καταστέλλων,
1086 661 1291 728 Καθὼς
1313 665 1409 717 καὶ
1432 665 1503 717 ἐν
1530 666 1655 732 τοῖς
1673 650 1909 735 λοιποῖς

234 738 472 801 ἔθνεσι,
502 742 683 811 φησίν.
716 744 790 795 Οὐ
812 744 941 817 γὰρ,
966 747 1154 818 ἐπειδὴ
1185 748 1463 804 πλουτεῖτε
1491 753 1583 806 καὶ
1605 753 1714 807 τῶν
1734 755 1908 809 ἄλλων

232 828 398 899 ἔχετε
428 830 606 895 πλέον,
634 832 890 888 ἐλάττονα
932 837 1061 907 περὶ
1092 838 1217 901 τοὺς
1262 841 1484 905 λοιποὺς
1518 843 1755 913 σπουδὴν
1786 846 1907 898 ἐπι-

230 916 495 988 δείκνυμι
531 934 543 947 ⁸
578 920 638 972 οὐ
695 921 803 992 γάρ
866 923 991 986 τοὺς
1038 924 1401 990 πλουτοῦντας
1445 926 1734 999 ζητοῦμεν,
1770 930 1906 986 ἀλλὰ

230 1004 368 1067 τούς
396 1006 633 1070 πιστούς.
663 1008 772 1061 Ποῦ
803 1008 898 1061 νῦν
928 1018 949 1039 ⁸
981 1012 1029 1063 οἰ
1059 1014 1214 1080 σοφοὶ¹
1240 1012 1349 1067 τῶν
1387 1014 1681 1086 Ἑλλήνων,
1709 1018 1758 1069 οἰ
1779 1018 1905 1081 τοὺς

231 1090 430 1158 βαθεῖς
464 1090 731 1162 πώγωνας
754 1096 1025 1161 ἕλκοντες,
1056 1098 1149 1151 καὶ
1178 1100 1278 1163 τὰς
1304 1099 1571 1170 ἐξωμίδας
1596 1102 1899 1174 ἀναϐεϐλη-

226 1178 418 1260 μένοι,
475 1180 569 1233 καὶ
614 1182 682 1235 τά
734 1183 944 1251 μεγάλα
996 1184 1301 1253 φυσῶντες;
1352 1187 1465 1258 Τὴν
1508 1188 1757 1253 Ἐλλάδα,
1802 1190 1901 1260 τὴν

229 1258 519 1331 βάρϐαρον
557 1265 739 1317 πᾶσαν
774 1267 803 1318 ό
837 1267 1156 1335 σκηνοποιὸς
1196 1269 1549 1339 ἐπέστρεψεν.
1603 1272 1660 1325 '0
1689 1273 1745 1325 δὲ
1770 1258 1898 1343 παρ’

226 1347 427 1410 αὐτοῖς
444 1349 709 1419 ἀγόμενος
754 1348 786 1389 δ
828 1353 922 1406 καὶ
977 1355 1398 1426 περιφερόμενος
1427 1357 1672 1423 Πλάτων,
1718 1360 1898 1433 τρίτον

224 1435 318 1497 εἰς
362 1436 615 1490 Σικελίαν
670 1438 837 1492 ἐλθὼν
872 1440 1011 1509 μετὰ
1051 1440 1147 1494 τοῦ
1203 1442 1415 1512 κόμπου
1467 1444 1575 1496 τῶν
1639 1446 1898 1516 ῥημάτων

225 1522 485 1590 ἐκείνων,
516 1526 655 1594 μετά
695 1527 793 1598 τῆς
828 1528 1149 1599 ὑπολήψεως
1189 1530 1290 1600 τῆς
1324 1531 1600 1602 λαμπρᾶς,
1633 1534 1753 1587 οὐδὲ
1780 1534 1895 1599 ἐνὸς

223 1612 585 1680 περιεγένετο
608 1615 894 1684 τυράννου,
950 1616 1062 1669 ἀλλ’
1108 1616 1279 1681 οὕτως
1329 1618 1528 1683 ἀθλίως
1564 1621 1892 1692 ἀπήλλαξεν,

214 1698 305 1761 ὡς
344 1700 440 1753 καὶ
478 1700 648 1770 αὐτῆς
683 1703 935 1755 ἐκπεσεῖν
974 1703 1075 1774 τῆς
1134 1704 1466 1775 ἐλευθερίας.
1511 1708 1571 1760 '0
1599 1708 1656 1762 δέ
1698 1726 1895 1780 σκηνο-

223 1785 388 1849 ποιὸς
405 1780 557 1851 οὗτος
581 1788 642 1840 ού
666 1789 912 1842 Σικελίαν
941 1790 1099 1860 μόνον
1118 1791 1238 1845 οὐδέ
1274 1793 1522 1856 Ἰταλίαν,
1551 1795 1688 1849 ἀλλά
1713 1799 1894 1853 πᾶσαν

219 1872 507 1944 ἐπέδραμε
557 1876 656 1946 τὴν
709 1876 1051 1948 οἰκουμένην,
1095 1879 1187 1931 καὶ
1237 1880 1357 1933 οὐδέ
1395 1882 1453 1933 ἐν
1494 1881 1571 1953 τῷ
1604 1885 1892 1955 κηρύττειν

218 1960 328 2024 τῆς
370 1963 564 2032 τέχνης
596 1962 830 2034 ἀπέστη,
880 1964 1017 2017 ἀλλά
1048 1965 1144 2019 καὶ
1189 1966 1309 2019 τότε
1354 1967 1595 2039 δέρματα
1628 1971 1890 2043 ἓρῤαπτε,

218 2048 323 2100 καὶ
366 2049 727 2121 ἐργαστηρίου
775 2053 1165 2122 προειστήκει·
1196 2054 1291 2105 καὶ
1340 2056 1460 2108 οὐδέ
1513 2058 1670 2111 τοῦτο
1696 2060 1881 2115 ἐσκαν-

214 2136 412 2190 εάλισε
442 2140 567 2201 τοὺς
592 2141 650 2206 ἐξ
691 2138 910 2192 ὐπάτων
935 2156 949 2170 ·
984 2143 1075 2194 καὶ
1115 2142 1259 2212 μάλα
1298 2144 1540 2207 εἰκότως.
1583 2146 1656 2199 Ού
1686 2148 1794 2220 γὰρ
1832 2152 1890 2204 αἱ

214 2225 413 2293 τέχναι
434 2227 528 2279 καὶ
564 2227 632 2280 τὰ
680 2227 1107 2299 ἐπιτηδεύματα,
1162 2230 1297 2283 ἀλλά
1338 2231 1396 2283 τὸ
1447 2231 1641 2300 ψεῦδος
1671 2236 1768 2288 καὶ
1820 2237 1889 2291 τά

217 2318 588 2387 πεπλασμένα
639 2318 888 2389 δόγματα
931 2321 1435 2393 εὐκαταφρονήτους
1496 2326 1670 2377 ποιεῖν
1729 2326 1886 2381 εῖωθε

213 2403 355 2465 τοὺς
381 2402 747 2467 διδάσκοντας.
780 2405 878 2458 Διά
901 2421 978 2457 τοι
1004 2404 1162 2458 τοῦτο
1191 2406 1415 2459 ἐκείνων
1450 2408 1547 2477 μὲν
1588 2410 1683 2463 καὶ
1718 2410 1884 2482 Ἀθηο

210 2492 363 2541 ναῖοι
395 2489 577 2541 λοιπὸν
604 2490 966 2558 καταγελῶσν
1005 2491 1175 2561 τούτῳ
1214 2492 1271 2546 δὲ
1298 2494 1391 2546 καὶ
1425 2493 1688 2566 βάρϐαροι
1716 2513 1885 2565 προσ-

208 2576 406 2646 έχουσι
447 2579 543 2631 καὶ
573 2578 789 2649 ἀνόητοι
831 2579 925 2632 καὶ
954 2579 1180 2635 ἰδιῶται.
1199 2581 1388 2635 Κοινὸν
1403 2583 1511 2654 γὰρ
1537 2583 1597 2636 τὸ
1623 2585 1885 2657 κήρυγμα

211 2667 511 2737 πρόκειται
547 2670 713 2722 πᾶσιν
751 2686 764 2700 ·
806 2670 906 2722 οὐκ
964 2668 1272 2739 ἀξιώματος
1317 2667 1425 2725 οἵδε
1471 2673 1752 2746 διαφορὰν,
1783 2676 1884 2729 οὐκ

209 2754 407 2818 ἔθνους
437 2755 728 2827 ὑπεροχὴν,
751 2757 851 2810 οὐκ
873 2757 1001 2812 ἄλλο
1020 2758 1129 2811 τῶν
1156 2758 1412 2813 τοιούτων
1443 2760 1617 2815 οὐδέν·
1648 2762 1883 2829 πίστεως

207 2844 325 2914 γὰρ
356 2843 523 2897 δεῖται
548 2844 735 2915 μόνης,
771 2846 830 2899 οὐ
858 2846 1252 2917 συλλογισμῶν.
1286 2847 1377 2900 Διὸ
1404 2848 1468 2920 δὴ
1502 2849 1734 2919 μάλιστα
1750 2852 1881 2905 αὐτὸ

207 2932 518 2998 θαυμάζειν
543 2932 712 2999 ἀξιον,
744 2935 841 3005 οὐχ
861 2937 942 2989 ὅτι
966 2936 1238 3007 χρήσιμον
1270 2938 1364 2991 καὶ
1388 2939 1658 3010 σωτήριον
1690 2941 1876 3010 μόνον,

207 3019 333 3073 ἀλλ’
364 3021 448 3074 ὅτι
477 3021 569 3074 καὶ
602 3020 821 3074 εὔκολον
842 3022 935 3076 καὶ
979 3024 1194 3093 ῥᾷστον,
1242 3024 1335 3076 κα)⁵
1376 3026 1486 3089 τοῖς
1520 3029 1686 3081 πᾶσιν
1717 3028 1878 3100 εὔλη-

208 3126 353 3162 πτον
379 3125 394 3139 θ
428 3108 456 3161 ὅ
480 3110 544 3180 δὴ
579 3109 812 3179 μάλιστα
844 3110 942 3181 τῆς
981 3110 1072 3163 τοῦ
1101 3110 1237 3164 Θεοῦ
1264 3112 1517 3182 προνοίας
1552 3113 1712 3186 ἔργον
1739 3117 1875 3182 ἐστὶ,

206 3196 369 3250 κοινὰ
389 3195 457 3251 τὰ
483 3198 614 3268 παρ’
666 3196 859 3250 ἐαυτοῦ
911 3198 1254 3267 προτιθέντος
1296 3200 1520 3257 ἅπασιν.
1554 3202 1733 3275 Ὅπερ
1769 3206 1878 3277 γὰρ

206 3285 306 3337 ἐπὶ
330 3284 480 3356 ἡλίου
513 3286 608 3337 καὶ
633 3284 861 3355 σελήνης
893 3287 987 3338 καὶ
1022 3286 1124 3355 γῆς
1172 3286 1267 3341 καὶ
1306 3287 1575 3361 θαλάττης
1619 3292 1713 3345 καὶ
1768 3293 1876 3347 τῶν

206 3373 393 3427 ἄλλων
451 3373 731 3443 ἐποίησεν,
791 3374 850 3426 οὐ
893 3377 1006 3435 τοῖς
1053 3378 1153 3444 μὲν
1215 3376 1506 3430 πλουτοῦσι
1552 3379 1643 3433 καὶ
1692 3384 1877 3451 σοφοῖς

207 3459 454 3523 πλείονος
488 3460 800 3529 μεταδιδοὺς
828 3461 926 3526 τῆς
958 3460 1065 3514 ἀπὸ
1096 3461 1301 3517 τούτων
1340 3466 1626 3535 χορηγίας,
1662 3467 1876 3522 ἐλάττο-

207 3565 302 3612 νος
340 3548 396 3601 δὲ
417 3551 529 3612 τοῖς
568 3546 818 3617 πένησιν,
876 3547 990 3601 ἀλλ’
1046 3547 1168 3619 ῐσην
1223 3550 1394 3604 ἅπασι
1438 3553 1537 3622 τὴν
1573 3553 1873 3609 ἀπόλαυσιν

204 3638 506 3710 προτιθεὶς,
546 3636 703 3689 τοῦτο
732 3637 826 3689 καὶ
851 3636 944 3688 ἐπὶ
999 3635 1094 3688 τοῦ
1145 3636 1499 3708 κηρύγματος
1549 3641 1864 3710 εἰργάσατο,

204 3728 306 3781 καὶ
345 3724 525 3796 πολλῷ
551 3724 733 3788 πλέον,
757 3725 867 3794 ὅσῳ
898 3722 991 3776 καὶ
1009 3725 1432 3796 ἀναγκαιότερον
1449 3726 1605 3780 τοῦτο
1625 3728 1869 3783 ἐκείνων.

203 3816 299 3869 Διὸ
324 3815 416 3868 καὶ
456 3812 663 3875 Παῦλός
698 3828 830 3880 φησι
870 3810 1126 3881 συνεχῶςο
1163 3810 1322 3866 Πᾶσι
1371 3824 1393 3852 ε
1440 3812 1567 3879 τοῖς
1607 3814 1867 3871 ἔθνεσιν.

201 3900 340 3956 Εἶτα
376 3900 589 3963 δεικνὺς
618 3900 819 3963 αὐτοῖς,
864 3899 945 3951 ὅτι
995 3898 1146 3951 οὐδὲν
1189 3899 1373 3963 αὐτοῖς
1422 3900 1724 3970 χαρίζεται,
1755 3902 1869 3955 ἀλλ’

200 3990 492 4059 ἐπίταγμα
514 3988 709 4059 πληροῖ
749 3984 1085 4050 δεσποτικὸν,
1118 3987 1210 4039 καὶ
1242 3989 1637 4057 παραπέμπων
1670 3990 1870 4055 αὐτοὺς

200 4077 300 4133 ἐπὶ
327 4077 426 4147 τὴν
453 4075 547 4129 τοῦ
586 4074 720 4127 Θεοῦ
746 4073 855 4126 τῶν
905 4072 1041 4127 ὅλων
1083 4073 1453 4143 εὐχαριστίαν,
1492 4076 1656 4144 φησίν
1694 4092 1708 4105 ο
1734 4077 1870 4132 "Ex.

196 4165 355 4234 λησι
385 4180 449 4217 τε
488 4162 585 4216 καί
623 4159 987 4228 βαρϐάροις,
1038 4160 1254 4229 σοφοῖς
1322 4178 1386 4214 τε
1435 4162 1534 4215 καὶ
1590 4163 1869 4233 ἀνοήτοις

199 4251 521 4323 ὀφειλέτης
554 4248 691 4316 εἰμί.
728 4250 793 4301 '0
834 4248 928 4302 καὶ
961 4248 1269 4317 Κορινθίοις
1311 4249 1639 4304 ἐπιστέλλων
1690 4252 1866 4322 ἔλεγε.

198 4342 365 4409 Λέγει
392 4338 449 4392 δὲ
482 4337 660 4400 τοῦτο,
712 4336 773 4389 τὸ
817 4336 923 4388 πᾶν
969 4334 1243 4400 ἀνατιθεὶς
1292 4337 1369 4408 τῷ
1412 4337 1550 4408 Θεῷ.
1607 4339 1769 4394 Οὕτω
1800 4342 1867 4397 τό

196 4429 340 4482 κατ’
376 4426 482 4496 ἐμὲ
504 4426 831 4494 πρόθυμον,
860 4423 954 4477 καὶ
1000 4422 1144 4494 ύμῖν
1189 4424 1314 4491 τοῖς
1365 4425 1435 4479 ἐν
1472 4426 1661 4497 Ῥώμῃ
1692 4431 1867 4500 εὐαγ-

198 4516 581 4589 γελίσασθαι.

274 4604 425 4670 ς’.“Ὡ
445 4600 623 4671 ψυχῆς
639 4598 917 4669 γενναίαςι
944 4600 1174 4671 πρᾶγμα
1196 4599 1462 4655 τοσούτων
1484 4602 1738 4658 κινδύνων
1767 4622 1865 4675 με-

199 4691 326 4747 στδν
366 4689 778 4759 ἀναδεξάμενος,
804 4686 1113 4758 ἀποδημίαν
1150 4687 1476 4753 διαπόντιον,
1506 4694 1861 4762 πειρασμοὺς,

197 4777 516 4839 ἐπιϐουλὰς,
551 4774 945 4838 ἐπαναστάσεις
973 4775 1089 4843 (καὶ
1116 4775 1224 4845 γὰρ
1252 4777 1399 4840 εἰκὸς
1438 4778 1593 4831 πόλει
1623 4778 1861 4852 τοσαύτῃ

199 4867 467 4939 μέλλοντα
488 4861 852 4930 διαλέγεσθαι,
888 4862 993 4915 ὐπὸ
1012 4862 1266 4927 ἀσεϐείας
1298 4866 1728 4938 τυραννουμένῃ,
1779 4886 1861 4922 νι-

196 4954 373 5025 φάδας
403 4949 724 5022 πειρασμῶν
762 4949 1056 5019 ὑπομένειν
1089 4966 1101 4977 ⁸
1144 4950 1287 5005 οὕτω
1326 4952 1455 5021 γοῦν
1489 4957 1586 5007 καὶ
1618 4955 1709 5007 τὸν
1748 4954 1862 5025 βίον

195 5042 495 5097 κατέλυσεν
526 5039 584 5091 ἐν
623 5040 689 5108 τῇ
748 5036 902 5091 πόλει
958 5035 1149 5110 ταύτῃ,
1188 5038 1339 5108 παρά
1390 5039 1482 5093 τοῦ
1512 5042 1631 5093 τότε
1663 5059 1863 5114 τυραν-

194 5132 414 5193 νοῦντος
474 5127 833 5197 ἀποτμηθείς)
859 5143 874 5157 ·
908 5126 1021 5182 ἀλλ’
1054 5129 1203 5199 ὅμως
1254 5130 1489 5184 τοσαῦτα
1540 5135 1859 5204 προσδοκῶν

194 5215 510 5285 ὑπομένειν,
553 5212 727 5264 οὐδενὶ
772 5211 978 5265 τούτων
1012 5213 1368 5284 ὀκνηρότερος
1411 5215 1675 5284 ἐγίγνετο,
1725 5220 1860 5275 ἀλλὰ

193 5300 561 5372 κατηπείγετο
589 5298 616 5337 ἀ
636 5299 730 5353 καὶ
760 5298 914 5352 ὥδινε
957 5301 1052 5353 καὶ
1085 5304 1361 5373 πρόθυμος
1391 5298 1479 5374 ἦν.
1536 5305 1626 5358 Διό
1671 5324 1855 5378 φησιν·

196 5390 361 5443 Οὕτω
396 5386 466 5441 τὸ
520 5386 660 5440 κατ’
713 5385 818 5456 ἐμὲ
875 5388 1203 5457 πρόθυμον,
1269 5390 1368 5444 καί
1416 5389 1561 5460 ὑμῖν
1609 5393 1731 5460 τοῖς
1787 5396 1859 5449 ἐν

202 5476 396 5544 Ῥώμῃ
451 5473 978 5542 εὐαγγελίσασθαι.
1039 5476 1121 5528 Οὐ
1172 5476 1280 5545 γὰρ
1328 5478 1763 5548 ἐπαισχύνομαι
1790 5481 1857 5535 τὸ

185 5562 577 5632 Εὐαγγέλιον.
600 5560 665 5613 Τί
689 5560 813 5630 φὴς,
861 5554 905 5613 ὧ
949 5561 1167 5627 Παῦλε;
1233 5564 1360 5619 Δέον
1412 5566 1604 5631 εἰπεῖν,
1637 5567 1718 5620 ὃτι
1746 5569 1857 5623 Καὶ

245 5700 417 5765 ⁸-Α11ἰ,
436 5697 543 5765 Ποῦ
564 5699 735 5765 τοίνυν.
802 5698 839 5765 δέ
858 5700 993 5765 Unus
1011 5701 1142 5759 0001.,
1166 5701 1407 5765 ᾂδόμενος,
1430 5718 1525 5751 non
1546 5705 1697 5754 malv.
1724 5705 1853 5754 Idem

188 5763 373 5833 ἐκείνου
396 5762 610 5833 μένφοη
634 5764 781 5811 male.
820 5763 967 5812 °Duo
990 5762 1346 5827 ωεδησυνεχῶς
1370 5766 1415 5812 ἐν
1434 5771 1569 5815 πᾶσι.
1637 5766 1661 5805 ά
1680 5767 1851 5829 ﬁdem,

188 5824 310 5870 ἀλλὰ
330 5821 410 5868 καὶ
433 5821 663 5883 ἐπείγετο.

1402 199 1473 255 IN
1512 201 1729 260 EPIST.
1769 204 1862 260 AD
1895 202 2057 262 ROM.
2098 207 2330 267 HOMIL.
2372 212 2437 268 11.

3565 230 3672 285 ιο8

2013 327 2322 397 καυχῶμαι,
2352 327 2444 381 καὶ
2470 327 2826 400 σεμνύνομαι,
2849 334 2940 388 καὶ
2973 328 3355 407 ἐναϐρύνομαι,
3390 340 3546 396 τοῦτο
3571 344 3672 416 μὲν

2011 412 2073 463 οὐ
2109 412 2310 480 λέγεις,
2345 413 2404 466 τὸ
2425 414 2482 468 δέ
2504 416 2724 469 ἔλαττον
2772 417 2985 484 τούτου,
3034 421 3114 475 ὅτι
3171 423 3271 477 οὐκ
3320 412 3621 503 ἐπαισχύνῃ
3652 448 3668 464 ·

2011 498 2149 570 ὅπερ
2176 501 2274 554 οὐκ
2311 502 2539 555 ἐπὶτῶν
2570 505 2771 576 σφόδρα
2825 505 3093 579 λαμπρῶν
3148 508 3324 578 λέγειν
3375 498 3666 587 εἰώθαμεν.

2008 586 2074 638 Τί
2099 583 2191 640 οὖν
2220 589 2366 641 ἐστιν
2388 590 2416 642 ὅ
2445 607 2604 659 φησι;
2636 593 2730 645 καὶ
2768 594 2910 656 τίνος
2945 595 3129 649 ἐνεκεν
3166 596 3307 651 οὕτω
3352 583 3665 671 φθέγγεται,

2007 674 2185 727 καίτοι
2214 692 2276 743 γε
2312 677 2675 748 ἀγαλλόμενος
2723 681 2821 733 ἐπ’
2849 681 2996 752 αὐτῷ
3050 684 3249 753 μᾶλλον
3278 685 3310 755 ἢ
3343 689 3436 740 ἐπὶ
3468 689 3546 760 τῷ
3574 691 3666 745 ού-

2007 760 2190 831 ρανῷ;
2220 763 2489 829 Γαλάταις
2522 767 2653 834 γοῦν
2677 769 3004 823 ἐπιστέλλων
3026 771 3211 839 ἔλεγεν
3236 790 3250 803 ·
3285 774 3447 844 Ἐμοί
3485 777 3553 830 δὲ
3574 778 3663 848 μὴ

2004 847 2235 916 γένοιτο
2263 852 2622 919 καυχᾶσθαι,
2660 858 2712 908 εἰ
2736 856 2820 925 μὴ
2845 857 2914 909 ἐν
2932 857 3012 923 τῷ
3043 860 3280 928 σταυρῷ
3305 863 3411 916 τοῦ
3440 866 3661 932 Κυρίου

2003 933 2175 1003 ἡμῶν
2205 935 2409 1005 Ἰησοῦ
2427 941 2706 1007 Χριστοῦ.
2761 943 2915 1006 Τίνος
2966 940 3059 999 οὖν
3105 946 3291 1001 ἕνεκεν
3339 951 3571 1006 ἐνταῦθα
3597 952 3660 1006 ού

2002 1020 2171 1090 λέγει,
2194 1024 2273 1077 ὅτι
2311 1026 2419 1079 Καὶ
2441 1028 2751 1098 καυχῶμαι,
2771 1030 2885 1082 ἀλλ’
2920 1032 3001 1083 ὅτι
3034 1036 3153 1086 Οὐκ
3178 1035 3615 1107 ἐπαισχύνομαι
3639 1054 3661 1103 ;

2003 1109 2215 1181 Σφόδρα
2253 1112 2391 1184 πρὸς
2428 1113 2494 1167 τὰ
2522 1115 2615 1168 τοῦ
2654 1116 2859 1186 κόσμου
2884 1120 3183 1190 πράγματα
3224 1118 3364 1193 ἦσαν
3388 1125 3659 1197 ἐπτοημέ-

2000 1214 2079 1253 νοι
2108 1200 2156 1251 οἱ
2196 1201 2451 1269 Ῥωμαῖοι
2485 1201 2572 1255 διὰ
2599 1203 2689 1255 τὸν
2713 1205 2960 1271 πλοῦτον,
2987 1208 3074 1261 διὰ
3106 1210 3201 1280 τὴν
3224 1210 3416 1282 ἀρχὴν,
3451 1212 3537 1266 διὰ
3559 1214 3660 1280 τὰς

1998 1287 2155 1350 νίκας
2185 1289 2277 1341 καὶ
2307 1291 2432 1351 τοὺς
2466 1290 2646 1343 αὐτῶν
2705 1292 2938 1362 βασιλεῖς
2969 1311 2982 1323 ’
3022 1297 3256 1361 ἰσοθέους
3298 1299 3405 1371 γὰρ
3430 1301 3658 1371 ἡγοῦντο

1997 1373 2238 1437 τούτους.
2272 1373 2428 1428 Οὕτω
2448 1375 2578 1443 γοῦν
2607 1378 2801 1442 αὐτοὺς
2836 1381 2930 1433 καὶ
2959 1382 3205 1438 ἐκάλουν.
3251 1387 3350 1439 Διά
3396 1386 3459 1457 δὴ
3499 1388 3658 1443 τοῦτο

1998 1460 2092 1513 καὶ
2115 1464 2261 1524 ναοῖς
2290 1463 2486 1526 αὐτοὺς
2512 1464 2845 1535 ἐθεράπευον
2880 1469 2975 1522 κοιλ⁸
3024 1469 3228 1540 βωμοῖς
3276 1474 3370 1526 καὶ
3420 1474 3651 1540 θυσίαις.

2010 1546 2163 1600 Ἐπεὶ
2211 1545 2304 1602 οὖν
2358 1550 2530 1614 οὕτως
2568 1548 2711 1622 ἦσαν
2751 1557 3156 1626 πεφυσιωμένοι
3198 1569 3242 1621 θ,
3278 1562 3306 1612 ὁ
3338 1560 3394 1613 δὲ
3445 1562 3655 1629 Παῦλος

1996 1634 2187 1706 ἔμελλε
2226 1638 2516 1708 κηρύττειν
2542 1640 2633 1693 τὸν
2674 1642 2881 1710 Ἰησοῦν
2928 1643 3019 1696 τὸν
3055 1646 3410 1717 νομιζόμενον
3441 1650 3534 1702 τοῦ
3565 1650 3655 1704 τέ-

1994 1740 2180 1788 κτονος
2222 1727 2357 1791 υἱὸν,
2398 1729 2488 1781 τὸν
2540 1730 2597 1781 ἐν
2650 1730 2876 1802 Ἰουδαίᾳ
2921 1733 3194 1802 τραφέντα
3249 1735 3343 1788 καὶ
3399 1739 3455 1790 ἐν
3507 1738 3655 1811 οἰκίᾳ

1997 1814 2252 1880 γυναικὸς
2282 1815 2553 1881 εὐτελοῦς,
2587 1818 2645 1870 οὐ
2693 1818 3021 1890 δορυφόρους
3055 1822 3346 1891 ἐσχηκότα,
3400 1823 3460 1878 οὐ
3515 1828 3653 1896 χρή-

1995 1916 2141 1967 ματα
2172 1901 2700 1974 περιϐαλ[λ]όμενον,
2731 1906 2870 1959 ἀλλά
2899 1908 2993 1959 καλ⁵
3027 1908 3100 1971 ώς
3128 1910 3413 1963 κατάδικον
3444 1912 3652 1965 ἀποθα-

1991 1987 2146 2040 νόντα
2169 1988 2306 2056 μετά
2331 1989 2560 2060 λῃστῶν,
2586 1992 2679 2045 καὶ
2701 1992 2859 2063 ἐτερα
2886 1995 3053 2048 πολλὰ
3077 1995 3238 2060 ἄδοξα
3259 1997 3647 2067 ὑπομείναντα,

1989 2074 2084 2127 καὶ
2109 2074 2253 2138 εἰκὸς
2280 2071 2348 2146 ἦν
2372 2078 2568 2142 αὐτοὺς
2601 2078 3058 2146 ἐγκαλύπτεσθαι,
3087 2083 3237 2135 οὐδὲν
3262 2084 3370 2136 τῶν
3400 2086 3650 2157 ἀπορῥήαο

1987 2177 2095 2213 των
2133 2164 2227 2216 καὶ
2267 2164 2518 2234 μεγάλων
2580 2165 2787 2229 εἰδότας
2837 2166 3047 2219 οὐδέπω
3086 2184 3101 2199 ·
3153 2168 3239 2222 διὰ
3271 2169 3428 2223 τοῦτό
3459 2190 3646 2242 φησιν.

1990 2250 2110 2302 Οὐκ
2138 2250 2608 2321 ἐπαισχύνομαι,
2644 2252 2888 2317 ἐκείνους
2922 2253 3187 2307 διδάσκων
3220 2255 3357 2319 τέως
3391 2257 3465 2328 μὴ
3491 2260 3647 2313 ἐπαι-

1988 2335 2276 2405 σχύνεσθαι
2303 2356 2316 2369 ο
2358 2338 2472 2409 ᾔδει
2505 2339 2613 2410 γὰρ
2640 2341 2742 2404 ὅτι,
2804 2339 2868 2393 ἂν
2918 2340 3073 2393 τοῦτο
3108 2341 3515 2413 κατορθώσωσι,
3546 2364 3645 2399 ταο

1985 2420 2126 2489 χέως
2158 2422 2437 2490 προϊόντες
2464 2423 2558 2475 καὶ
2596 2423 2687 2475 ἐπὶ
2724 2421 2785 2474 τὸ
2837 2422 3142 2492 καυχᾶσθαι
3188 2424 3397 2493 ἥξουσι.
3441 2426 3550 2479 Καὶ
3579 2428 3644 2480 σύ

1983 2507 2162 2560 τοίνυν
2188 2508 2282 2561 ἐὰν
2307 2508 2545 2583 ἀκούσῃς
2572 2510 2712 2573 τινὸς
2751 2509 3027 2577 λέγοντοςο
3074 2512 3177 2564 Τὸν
3231 2513 3645 2583 ἐσταυρωμένον

1983 2599 2337 2666 προσκυνεῖς;
2385 2596 2459 2668 μὴ
2494 2598 2878 2667 ἐπαισχυνθῇς,
2930 2599 3063 2668 μηδέ
3095 2601 3243 2653 κάτω
3267 2600 3484 2672 βλέψῃς,
3506 2602 3642 2673 ά).λά

1983 2684 2073 2736 καὶ
2103 2684 2397 2756 ἐναϐρύνου
2430 2685 2524 2739 καὶ
2579 2686 2940 2750 καλλωπίζου,
2988 2688 3082 2740 καὶ
3120 2687 3419 2759 ἐλευθέροις
3442 2689 3643 2759 ὀφθαλ-

1983 2775 2104 2842 μοῖς
2151 2774 2245 2827 καί
2293 2773 2481 2845 ὑψηλῷ
2527 2774 2803 2845 προσώπῳ
2853 2774 3142 2840 κατάδεξαι
3188 2776 3287 2846 τὴν
3331 2776 3637 2846 ὁμολογίαν.

1979 2859 2097 2913 Κᾶν
2124 2859 2253 2932 εἴπῃ
2292 2861 2475 2915 πάλιν·
2517 2861 2621 2913 Τὸν
2662 2861 3077 2932 ἐσταυρωμένον
3122 2864 3477 2932 προσκυνεῖς;
3520 2863 3641 2916 εἰπὲ

1979 2948 2141 3001 πάλιν
2170 2949 2306 3020 πρὸς
2327 2949 2492 3001 αὐτόν
2520 2963 2534 2978 ο
2579 2947 2732 3001 ’Λλλ’
2788 2950 2847 3001 ού
2898 2949 2989 3001 τὸν
3042 2948 3225 3019 μοιχὸν
3256 2949 3378 3001 οὐδὲ
3405 2948 3497 3002 τὸν
3535 2968 3640 3003 πα-

1976 3036 2230 3107 τραλοίαν
2276 3036 2394 3090 οὐδὲ
2456 3035 2547 3089 τὸν
2596 3035 2945 3089 παιδοκτόνον
2999 3035 3249 3106 (τοιοῦτοι
3274 3036 3381 3107 γάρ
3413 3036 3462 3088 οί
3497 3038 3641 3108 παρ’

1977 3126 2159 3188 αὐτοῖς
2189 3124 2301 3178 θεοὶ
2322 3124 2566 3188 πάντες),
2629 3124 2765 3178 ἀλλά
2824 3123 2915 3176 τὸν
2965 3123 3052 3176 διὰ
3088 3123 3325 3193 σταυροῦ
3375 3123 3639 3193 δαίμονας

1976 3212 2422 3281 ἐπιστομίσαντα,
2457 3214 2551 3266 καὶ
2569 3212 2668 3275 τὰς
2700 3211 2899 3282 μυρίας
2928 3210 3105 3263 αὐτῶν
3132 3210 3389 3263 ἀνελόντα
3422 3228 3638 3281 μαγγα-

1976 3302 2143 3365 νείας.
2179 3303 2287 3355 Καὶ
2314 3301 2421 3370 γὰρ
2442 3301 2471 3351 ὁ
2504 3300 2732 3369 σταυρὸς
2764 3299 2842 3353 δι’
2872 3300 3018 3369 ἡμᾶς
3051 3298 3111 3351 τὸ
3141 3299 3240 3367 τῆς
3282 3297 3489 3367 ἀφάτου
3519 3298 3637 3367 φιλ-

1976 3384 2289 3456 ανθρωπίας
2345 3386 2533 3455 ἔργον,
2588 3383 2650 3437 τὸ
2685 3384 2782 3452 τῆς
2829 3382 3028 3453 πολλῆς
3065 3382 3387 3453 κηδεμονίας
3427 3381 3634 3452 σύμϐο⁸

1974 3473 2083 3528 λον.
2114 3472 2258 3545 Πρὸς
2312 3474 2368 3527 δὲ
2412 3476 2525 3537 τοῖς
2581 3470 2912 3544 εἰρημένοις,
2966 3470 3152 3541 ἐπειδὴ
3191 3471 3283 3522 καὶ
3317 3470 3459 3541 λόγῳ
3493 3472 3635 3540 μέγα

1975 3562 2368 3631 κομπάζοντες,
2396 3560 2490 3614 καὶ
2548 3560 2647 3630 τὴν
2691 3558 2889 3623 ἔξωθεν
2932 3558 3382 3628 περιϐεϐλημένοι
3437 3560 3633 3629 σοφίαν

1974 3647 2271 3716 ἐφυσῶντο,
2301 3646 2453 3719 [445]
2500 3646 2664 3714 Ἐγὼ,
2706 3648 2890 3717 φησὶν,
2924 3644 3196 3718 ἐρρῶσθαι
3227 3645 3395 3700 πολλὰ
3424 3647 3634 3710 τούτοις

1972 3735 2142 3788 εἰπὼν
2174 3737 2288 3798 τοῖς
2338 3735 2750 3803 συλλογισμοῖς,
2792 3733 3021 3802 σταυρὸν
3064 3731 3294 3803 ἔρχομαι
3326 3734 3629 3803 κηρύττων,

1972 3824 2066 3878 καὶ
2096 3823 2157 3876 οὐ
2183 3823 2269 3876 διά
2289 3821 2444 3875 τοῦτο
2470 3814 2813 3890 αἰσχύνομαι.
2848 3822 3104 3888 Δύναμις
3141 3818 3250 3887 γὰρ
3292 3821 3439 3873 Θεοῦ
3463 3822 3634 3874 ἐστιν

1969 3913 2056 3971 εἰς
2079 3908 2399 3976 σωτηρίαν.
2446 3906 2663 3978 Ἐπειδὴ
2700 3906 2807 3976 γάρ
2850 3907 2964 3957 ἐστι
2998 3900 3092 3957 καὶ
3130 3904 3357 3973 δύναμις
3385 3904 3521 3957 Θεοῦ
3552 3906 3631 3970 εἰς

1970 3997 2188 4051 κόλασιν
2207 3995 2324 4065 (καὶ
2352 3994 2461 4064 γὰρ
2490 3995 2577 4047 ὅτε
2614 3994 2740 4055 τοὺς
2763 3990 3098 4059 Αἰγυπτίους
3124 3987 3401 4054 ἐκόλαζεν,
3425 3988 3627 4058 ἔλεγεν·

1969 4084 2114 4156 Αὕτη
2149 4084 2297 4139 ἐστὶν
2336 4082 2620 4153 ἡδύναμίς
2660 4097 2762 4151 μου
2794 4081 2828 4151 ἡ
2867 4079 3124 4150 μεγάλη),
3168 4080 3264 4132 καὶ
3290 4078 3517 4148 δύναμις
3551 4080 3631 4140 εἰς

1969 4172 2247 4227 ἀπώλειαν
2266 4168 2591 4242 (Φοϐήθητε
2643 4166 2775 4240 γὰρ,
2816 4168 2970 4238 φησὶ,
3006 4166 3113 4220 τὸν
3157 4167 3498 4237 δυνάμενον
3528 4172 3627 4221 καί

1969 4260 2180 4331 ψυχὴν
2206 4260 2304 4313 καὶ
2360 4257 2529 4327 σῶμα
2585 4254 2879 4310 ἀπολέσαι
2935 4256 3004 4309 ἐν
3048 4254 3281 4327 γεέννῃ)
3310 4273 3323 4286 ο
3353 4256 3439 4310 διὰ
3472 4256 3628 4310 τοῦτό

1967 4366 2131 4419 φησιν
2162 4365 2175 4379 ·
2211 4348 2285 4402 Οὐ
2311 4346 2483 4401 ταῦτα
2510 4344 2679 4399 ἐλθὼν
2711 4344 2954 4416 κομίζω,
2998 4345 3059 4397 οὐ
3090 4345 3159 4397 τὰ
3187 4345 3313 4415 περὶ
3358 4345 3628 4410 κολάσεως

1965 4439 2060 4492 καὶ
2097 4436 2386 4507 τιμωρίας,
2439 4433 2575 4488 ἀλλὰ
2620 4433 2687 4486 τά
2736 4434 2865 4504 περὶ
2912 4433 3203 4504 σωτηρίας.
3246 4433 3310 4484 Τί
3350 4430 3472 4498 οὗνς
3509 4434 3628 4503 οὐχὶ

1966 4526 2250 4581 καὶταῦτα
2279 4524 2615 4595 κατήγγελλε
2647 4523 2709 4575 τὸ
2738 4522 3083 4591 Εὐαγγέλιον,
3114 4523 3203 4575 τὸν
3235 4524 3362 4591 περὶ
3400 4522 3628 4592 γεέννης

1964 4615 2145 4683 λόγον,
2166 4615 2255 4668 τὸν
2284 4611 2528 4682 περὶτοῦ
2562 4611 2787 4673 σκότους
2806 4609 2899 4662 τοῦ
2934 4610 3198 4678 ἐξωτέρου
3232 4610 3323 4661 καὶ
3348 4609 3442 4660 τοῦ
3481 4607 3626 4660 σκώ-

1963 4705 2129 4775 ληκος
2159 4705 2254 4757 τοῦ
2301 4703 2543 4764 ἰοϐόλου;
2595 4701 2706 4754 Καὶ
2756 4700 2861 4770 μὴν
2902 4698 3194 4767 οὐδαμόθεν
3226 4696 3465 4760 ἄλλοθεν,
3496 4697 3529 4768 ἥ
3560 4698 3625 4751 ἐκ

1961 4793 2055 4846 τοῦ
2089 4790 2420 4859 Εὐαγγελίου
2449 4788 2621 4843 ταῦτα
2640 4788 2881 4856 ἔγνωμεν
2917 4802 2931 4815 ⁸
2966 4785 3082 4847 πῶς
3107 4781 3221 4849 οὐν,
3255 4786 3406 4857 φησί,
3434 4787 3622 4838 Δύνα-

1957 4898 2058 4950 μις
2084 4879 2230 4933 Θεοῦ
2280 4881 2367 4943 εἰς
2392 4876 2727 4943 σωτηρίαν;
2770 4873 2907 4924 Ἀλλ’
2954 4874 3119 4926 άκουε
3175 4873 3269 4925 καὶ
3308 4872 3415 4925 τῶν
3445 4872 3572 4942 ἐξῆς
3602 4888 3617 4903 ο

1960 4967 2145 5021 Παντὶ
2196 4964 2276 5030 τῷ
2340 4965 2717 5022 πιστεύοντι,
2753 4959 3006 5022 Ἰουδαίῳ
3068 4976 3131 5011 τε
3192 4958 3452 5027 πρῶτον,
3520 4958 3618 5013 καί

1962 5056 2238 5121 Ἕλληνι.
2270 5053 2344 5105 Ού
2383 5052 2490 5121 γὰρ
2540 5049 2723 5111 ἁπλῶς
2755 5049 2919 5101 πᾶσιν
2939 5087 2954 5109 ,
2983 5046 3116 5099 ἀλλὰ
3148 5049 3255 5109 τοῖς
3290 5047 3616 5117 δεχομένοις.

1960 5141 2076 5195 Κᾶν
2098 5140 2205 5212 γὰρ
2245 5139 2444 5207 Ἕλλην
2472 5135 2556 5210 ᾖς,
2601 5135 2705 5189 κᾶν
2745 5136 2924 5188 πᾶσαν
2978 5133 3216 5187 ἐπελθὼν
3269 5134 3484 5196 κακίαν,
3515 5134 3618 5188 κᾶν

1958 5229 2189 5301 Σκύθης,
2224 5228 2324 5281 κᾶν
2353 5228 2645 5298 βάρϐαρος.
2673 5225 2776 5278 κᾶν
2804 5223 3137 5293 αὐτοθηρίον,
3161 5222 3264 5275 κᾶν
3291 5224 3469 5293 πάσης
3497 5224 3620 5276 ἀλο-

1956 5320 2083 5387 γίας
2125 5316 2334 5387 γέμων,
2392 5316 2486 5367 καὶ
2539 5313 2707 5385 μυρία
2758 5312 3168 5383 ἁμαρτημάτων
3222 5312 3618 5381 ἐπιφερόμενος

1958 5404 2174 5475 φορτία,
2229 5404 2342 5474 ἅμα
2390 5402 2481 5455 τὸν
2534 5401 2663 5473 περὶ
2715 5399 2946 5471 σταυροῦ
2997 5399 3153 5467 λόγον
3206 5396 3474 5462 κατεδέξω
3520 5398 3616 5451 καὶ

1955 5490 2307 5559 ἐϐαπτίσθης,
2368 5489 2463 5543 καὶ
2523 5490 2699 5543 πάντα
2758 5490 2938 5541 ἐκεῖνα
2983 5485 3287 5557 ἐξήλειψας.
3348 5484 3446 5536 Δια
3472 5483 3614 5537 τίδέ

1956 5599 2118 5650 φησιν
2140 5581 2395 5646 ἐνταῦθα,
2436 5582 2702 5642 Ἰουδαίῳ
2728 5597 2791 5631 τε
2818 5576 3080 5644 πρῶτον,
3114 5576 3213 5629 καί
3248 5573 3614 5641 Ἕλληνι;τί

1957 5668 2205 5739 βούλεται
2234 5668 2427 5740 αὐτηὴ
2470 5668 2734 5738 διαφορά;
2793 5665 2985 5718 Καίτοι
3029 5662 3293 5733 πολλαχοῦ
3327 5657 3499 5729 εἶπεν,
3531 5664 3614 5716 ὅτι

2014 5831 2033 5850 ’
2060 5827 2092 5877 [Ῐ
2102 5844 2213 5888 una,
2238 5830 2573 5891 πεφυσημένοι.
