3950 6420
126 364 221 424 ως

125 483 238 538 huic
263 488 313 534 et
356 476 420 532 illi
468 468 789 545 tribuitur),
832 473 925 535 scd
958 473 1159 531 ordinis
1187 474 1358 528 solum
1409 483 1491 527 est
1517 472 1679 538 illud,

122 576 317 645 primus.
346 571 523 645 Neque
547 570 600 627 id
622 570 739 641 plus
761 571 939 635 habet,
966 569 1105 640 quod
1136 568 1391 637 majorem
1413 564 1679 636 acceperit

117 670 386 741 justitiam;
413 665 505 721 sed
529 668 585 721 in
613 664 712 720 hoc
749 665 924 719 solum
952 663 1269 728 honoratur,
1302 660 1444 731 quod
1474 660 1678 730 primus

119 758 383 830 acceperit.
414 756 546 812 Nam
577 756 637 819 ii,
666 755 753 824 qui
811 754 1175 809 illuminantur
1208 751 1399 825 (scitis,
1449 748 1670 814 initiati,

117 852 240 923 quod
285 849 516 917 dicitur),
544 862 729 902 omnes
768 850 833 901 ad
872 847 1132 916 baptisma
1164 854 1405 904 currunt,
1443 843 1537 897 sed
1572 856 1675 896 non

117 960 284 999 omnes
310 940 493 998 eadem
516 940 669 1007 hora,
692 940 784 996 sed
811 941 945 994 alius
965 941 1187 1008 primus,
1211 938 1347 992 alius
1369 937 1630 990 secundus
1657 952 1672 989 :

115 1053 266 1107 neque
311 1045 485 1088 tamen
534 1033 737 1103 primus
789 1033 906 1102 plus
943 1032 1137 1100 accipit
1182 1045 1338 1099 quam
1371 1031 1667 1093 secundus,

116 1144 268 1200 neque
320 1126 585 1183 secundus
635 1141 793 1196 quam
850 1125 1060 1186 tertius,
1092 1122 1187 1176 sed
1243 1136 1432 1176 omnes
1484 1120 1669 1174 iisdem

113 1223 355 1276 fruuntur.
371 1218 578 1273 Primus
606 1216 767 1288 igitur
789 1217 896 1282 hic,
912 1215 1143 1270 nominis
1165 1214 1341 1270 solum
1365 1221 1448 1269 est
1474 1214 1665 1279 honor,

111 1332 199 1370 non
223 1314 384 1385 gratia
412 1312 603 1381 major.
638 1309 858 1375 Deinde,
886 1317 1170 1381 postquam
1205 1307 1359 1369 dixit,
1404 1306 1483 1358 Ad
1525 1306 1667 1359 satu.

110 1420 205 1464 tem.
236 1420 421 1460 rursus
448 1413 608 1475 auget
647 1402 871 1467 donum,
922 1400 1215 1456 ostendens
1256 1413 1361 1454 non
1390 1384 1669 1468 praesentis

110 1500 339 1570 temporis
389 1498 563 1553 Solum
609 1511 749 1563 csse,
781 1495 874 1549 sed
899 1504 951 1550 ct
994 1494 1215 1548 ulterius
1246 1491 1528 1562 progredi;
1568 1490 1667 1543 hoc

107 1592 227 1647 cnim
248 1590 566 1660 signiﬁcavit
598 1588 678 1641 liis
707 1587 883 1641 verbis
915 1604 927 1640 :
959 1586 1047 1640 17.
1069 1584 1282 1638 Justitia
1302 1584 1436 1637 enim
1480 1581 1573 1634 Dei
1614 1581 1666 1634 in

104 1690 196 1752 ipso
217 1684 458 1738 reveletur
485 1700 549 1738 ea:
575 1684 676 1749 ﬁde
710 1683 763 1736 in
792 1680 966 1750 ﬁdem,
994 1680 1126 1732 sicut
1149 1678 1391 1747 scriptum
1413 1684 1484 1729 est
1516 1691 1534 1728 :
1562 1673 1662 1727 Ju-

104 1793 191 1833 stus
210 1789 366 1831 autent
393 1793 462 1832 ea:
483 1777 585 1845 ﬁde
610 1775 768 1845 vivet(
791 1773 988 1827 Ilabnc.
1013 1771 1068 1824 2.
1094 1772 1128 1826 4
1146 1771 1184 1841 ).
1213 1770 1311 1837 Qui
1339 1783 1468 1838 ergo
1489 1768 1665 1837 justus

103 1873 299 1925 cllectus
318 1879 421 1933 est,
457 1884 561 1922 non
603 1868 654 1921 in
686 1864 935 1937 prmsenti
966 1864 1138 1919 solum
1166 1861 1382 1925 saeculo,
1410 1858 1505 1915 sed
1531 1868 1584 1914 et
1610 1858 1663 1912 in

104 1964 256 2016 futuro
276 1962 437 2017 vivet.
459 1960 641 2028 Neque
671 1958 771 2012 hoc
794 1957 1002 2020 solum;
1047 1954 1140 2010 sed
1172 1961 1225 2009 et
1247 1952 1389 2007 aliud
1419 1950 1658 2005 subindi-

101 2064 186 2115 cat,
204 2050 501 2121 huiusmodi
535 2064 723 2117 nempe
747 2047 869 2102 vitae
896 2045 1233 2115 splendorem
1258 2053 1313 2097 et
1331 2042 1652 2096 claritatem.

99 2146 210 2212 Quia
233 2147 379 2199 enim
402 2152 579 2214 potest
600 2143 718 2210 quis
737 2155 856 2195 cum
880 2138 1148 2194 dedecore
1166 2136 1365 2192 servari
1393 2153 1404 2187 :
1434 2145 1490 2187 ut
1511 2133 1658 2186 multi

100 2255 151 2293 ex
175 2240 304 2307 regia
329 2236 611 2291 clementia
634 2250 662 2288 a
690 2232 952 2303 supplicio
978 2230 1314 2299 eripiuntur;
1345 2236 1400 2280 ut
1430 2242 1497 2279 ne
1540 2225 1663 2294 quis

99 2335 292 2387 salutem
309 2331 536 2385 audiens
567 2330 667 2384 hoc
688 2328 1006 2396 susriicetur,
1030 2323 1233 2379 addidit
1256 2341 1270 2377 :
1295 2321 1360 2375 Et
1372 2320 1661 2392 justitiam,-

98 2426 407 2495 etjnstitiam
443 2442 547 2479 non
578 2434 742 2485 tuam,
769 2422 861 2476 sed
907 2421 1037 2480 lflei;
1091 2417 1206 2483 ejus
1261 2414 1564 2487 largitatem
1608 2424 1662 2469 et

99 2520 375 2574 facilitatem
428 2516 793 2572 subindit-ans.
847 2513 1029 2580 Neque
1069 2510 1211 2564 enim
1259 2528 1323 2565 ex
1373 2509 1567 2563 sudore
1608 2518 1661 2561 et

97 2612 251 2667 labore
296 2612 446 2666 illam
494 2610 734 2680 perticis,
767 2606 861 2661 sed
892 2622 957 2661 ex
990 2619 1227 2672 superno
1252 2604 1395 2657 dono
1436 2600 1655 2669 accipis,

95 2703 182 2760 hoc
212 2718 365 2757 unum
395 2717 468 2759 ex
500 2700 672 2771 teipse
697 2697 951 2760 at'ferens,
1000 2696 1147 2768 quod
1176 2694 1391 2751 credas.
1428 2690 1651 2754 Deinde,

92 2798 194 2865 quia
221 2796 298 2848 vix
320 2793 600 2850 credibilis
628 2804 807 2847 sermo
834 2786 1044 2844 videtur
1060 2802 1200 2849 esse,
1223 2785 1364 2856 quod
1391 2783 1653 2844 mmchus,

94 2888 264 2949 mollis,
292 2886 660 2954 sepulcrorum
690 2881 938 2947 effossor,
970 2879 1347 2949 praestigiator,
1376 2874 1654 2929 confestim

87 2995 177 3035 non
208 2978 359 3030 modo
381 2993 408 3030 τι
432 2975 697 3045 supplicio
719 2976 1000 3043 eripiatur,
1035 2971 1130 3027 sed
1151 2970 1310 3024 eliam
1339 2970 1513 3036 justus
1542 2964 1653 3026 ﬁat,

90 3083 135 3127 et
154 3071 313 3138 justus
343 3082 595 3137 suprema
620 3066 863 3136 justitia;
893 3080 923 3119 a
960 3062 1137 3119 Veteri
1165 3061 1510 3116 Testamento
1537 3069 1655 3110 ser-

86 3178 127 3215 m
149 3176 276 3215 mem
313 3158 622 3225 conﬁrmat,
673 3174 736 3214 ac
766 3158 938 3227 primo
964 3154 1181 3225 quidem
1211 3151 1357 3206 brevi
1384 3150 1527 3205 dicto
1555 3148 1657 3202 im-

92 3271 306 3309 mensum
345 3254 693 3309 historiarum
742 3251 960 3320 pelagus
1006 3245 1199 3300 intueri
1231 3242 1426 3298 valenti
1458 3238 1652 3311 aperit.

87 3352 199 3404 [ὶυιιι
244 3345 473 3403 dixisset
508 3345 675 3410 enim,
721 3342 807 3396 Ea:
833 3341 934 3411 [ide
958 3342 1011 3393 in
1042 3338 1215 3407 ﬁdem,
1243 3334 1539 3389 auditorem
1571 3344 1657 3386 re-

89 3437 211 3492 misit
236 3436 297 3491 ad
318 3438 654 3494 meonomias
678 3434 816 3499 illas,
838 3447 867 3487 a
894 3432 1001 3485 Deo
1026 3431 1077 3483 in
1110 3427 1286 3482 Veteri
1306 3426 1652 3481 Testamento

89 3530 251 3600 factas,
282 3547 413 3602 quas
441 3530 507 3586 ad
536 3528 788 3583 llebrans
809 3524 1071 3587 scribens,
1101 3537 1220 3576 cmn
1246 3518 1408 3572 multa
1438 3515 1651 3585 sapien-

92 3625 149 3679 tia
173 3631 411 3689 enarrat,
442 3634 602 3692 atque
644 3621 805 3673 etiam
836 3627 961 3670 tunc
985 3623 1037 3668 et
1059 3613 1233 3682 justos
1261 3619 1316 3663 et
1338 3618 1651 3678 peccatores

91 3717 377 3786 jttstilicatos
402 3712 639 3769 ostendit
663 3729 676 3764 :
708 3719 1032 3779 quapropter
1056 3715 1111 3759 et
1138 3703 1283 3757 Ilaah
1306 3712 1362 3755 et
1382 3699 1651 3755 Abraham

93 3810 397 3865 memoravit.
428 3808 619 3863 Postea
642 3813 842 3868 autem,
874 3816 995 3855 cum
1026 3800 1109 3853 hic
1136 3797 1306 3851 solum
1336 3794 1387 3848 id
1413 3791 1652 3848 subindi-

90 3912 237 3958 cisset
268 3902 432 3972 (nam
460 3897 527 3953 ad
557 3898 717 3952 aliam
756 3890 1262 3961 contemplationem
1292 3900 1453 3941 cursu
1479 3883 1649 3938 veloci

90 3993 400 4063 festinabat),
433 4007 464 4045 a
490 3988 770 4061 prophetis
790 3999 977 4040 rursus
1004 3982 1241 4039 sermoni
1285 3979 1443 4034 ﬁdem
1471 3977 1651 4031 conci-

90 4086 184 4151 liat,
209 4087 259 4142 in
301 4085 539 4142 medium
567 4082 840 4137 adducens
861 4079 1110 4133 Habaeuc
1136 4075 1457 4130 clamantem
1484 4079 1539 4126 et
1563 4069 1648 4124 di-

90 4190 288 4245 centem,
320 4195 427 4235 non
464 4192 622 4248 posse
643 4177 826 4231 vivere
848 4187 970 4227 eum
1011 4170 1101 4239 qui
1127 4169 1365 4223 victurus
1392 4173 1493 4226 est,
1547 4162 1647 4216 nisi

91 4288 168 4341 per
190 4274 356 4329 fidem.
390 4272 523 4327 Nam
551 4268 753 4334 Justus,
777 4266 964 4337 inquit,
996 4279 1059 4317 ea:
1083 4263 1185 4331 ﬁde
1209 4261 1354 4323 vivet,
1387 4257 1455 4312 de
1477 4256 1646 4309 futura

91 4364 282 4434 loquens
311 4364 441 4418 vita.
471 4362 608 4431 Quia
635 4360 779 4416 enim
806 4372 927 4429 qua:
960 4356 1102 4410 Deus
1125 4353 1399 4422 elargitur,
1431 4363 1646 4403 omnem

89 4458 435 4527 cogitationem
476 4461 756 4524 superant,
777 4450 900 4521 jure
931 4446 1036 4503 fide
1076 4460 1211 4516 opus
1246 4443 1523 4499 habemus.
1558 4439 1650 4494 Vir

90 4560 237 4604 autem
257 4550 532 4621 pervicax,
558 4552 900 4613 contemptor
928 4549 984 4596 et
1012 4552 1288 4609 arrogans,
1320 4534 1451 4589 nihil
1492 4531 1648 4604 perfi-

90 4644 190 4698 ciet.
220 4642 450 4697 Audiam
486 4638 721 4694 haeretici
775 4633 1104 4705 spiritualem
1147 4643 1355 4685 vocem.
1388 4626 1533 4682 Talis
1566 4634 1650 4682 est

88 4734 205 4788 enim
229 4734 607 4804 cogitationum
641 4739 828 4784 natura
862 4744 875 4780 :
909 4722 1211 4797 labyrintho
1234 4719 1446 4777 cuidam
1465 4718 1648 4788 ctgri-

90 4826 188 4897 phis
211 4828 393 4883 similis
430 4836 514 4882 est
543 4825 745 4880 nullum
793 4821 952 4876 finem
990 4819 1214 4882 habens,
1252 4829 1351 4870 nec
1384 4814 1568 4869 sinetis
1593 4811 1647 4866 in

90 4929 215 4986 petra
238 4918 617 4990 cogitationem
645 4914 964 4977 consistere,
993 4908 1422 4980 principiumque
1445 4902 1649 4959 habens

88 5010 144 5065 ab
165 5010 481 5083 arrogantia.
510 5007 643 5064 Cum
664 5007 807 5061 enim
838 5005 1033 5075 pudeat
1059 5002 1178 5059 illos
1200 5001 1359 5056 fidem
1380 4997 1645 5068 accipere,

87 5121 143 5160 ne
167 5107 439 5160 vidcantur
465 5102 712 5174 ignorare
739 5096 994 5158 cmlestia,
1027 5109 1150 5150 sese
1189 5093 1241 5148 in
1272 5091 1420 5147 mille
1441 5089 1644 5159 cogita—

90 5198 261 5251 t’onmn
290 5196 563 5266 pulverem
589 5188 904 5260 conjiciunt.
946 5186 1118 5250 itane,
1149 5183 1316 5238 miser
1342 5190 1397 5237 et
1434 5178 1644 5243 infelix,

85 5300 221 5362 atque
239 5291 462 5346 infinitis
499 5288 691 5358 dignus
724 5281 998 5356 lacrymis,
1032 5280 1076 5335 si
1104 5278 1222 5348 quis
1252 5286 1303 5331 te
1333 5274 1645 5362 interroget.

88 5360 327 5453 quomodo
351 5381 543 5438 caelum
561 5377 759 5435 factum
779 5375 869 5438 sit,
892 5369 1164 5442 quomodo
1186 5377 1325 5422 terra
1344 5381 1358 5430 ;
1378 5361 1507 5435 quid
1528 5360 1649 5415 dico

90 5478 249 5531 celum
275 5484 330 5531 et
355 5470 600 5531 terram?
626 5465 897 5542 quomodo
928 5465 1043 5534 ipse
1070 5468 1229 5517 natus
1252 5458 1350 5526 sis,
1374 5453 1643 5528 quomodo

1216 357 1281 415 IN
1320 357 1536 418 El’lST.
1581 356 1669 415 AD
1712 357 1872 415 ROM.
1913 359 2144 418 HOMIL.
2193 360 2254 416 ll.

3269 377 3374 435 410

1790 475 2022 530 nutritus
2052 485 2106 531 et
2137 485 2344 541 auctus,
2375 492 2482 549 non
2513 488 2563 534 te
2592 479 2753 551 pudet
2779 479 3130 553 ignorantia?
3173 489 3217 542 si
3246 506 3376 548 vero

1784 566 1853 624 de
1880 566 2163 638 Unigenito
2183 574 2366 626 sermo
2396 571 2486 637 sit,
2532 587 2645 642 prae
2677 574 2880 643 pudore
2908 586 2959 632 te
2987 577 3039 632 in
3064 579 3374 641 barathrum

1785 660 2036 728 perniciei
2059 661 2301 730 conjicis,
2332 663 2474 733 quod
2501 674 2553 720 te
2578 665 2852 736 indignum
2879 678 3035 738 putes
3065 687 3170 725 non
3192 680 3374 734 omnia

1783 753 1957 805 scire?
1986 753 2141 824 Atqui
2164 755 2376 825 indigna
2396 758 2573 826 potius
2594 775 2681 813 res
2707 769 2790 815 est
2814 765 3084 818 contentio
3099 776 3156 823 et
3183 770 3376 826 intem-

1782 845 1984 913 pcstiva
2014 847 2317 902 curiositas.
2352 849 2555 919 Ecquid
2585 852 2651 908 dc
2679 852 3016 924 dogmatibus
3040 857 3266 932 IOquor?
3290 864 3370 919 Ex

1783 941 2061 1008 prtcsentis
2105 942 2229 997 vita:
2272 944 2509 1013 nequitia
2539 961 2643 1000 non
2690 948 2796 1003 alio
2834 951 2997 1007 modo
3042 955 3369 1025 liberamur,

1778 1044 1935 1099 quam
1967 1047 2060 1099 per
2099 1030 2280 1087 fidem.
2313 1032 2402 1087 Sic
2442 1050 2630 1090 omnes
2657 1040 2816 1106 prisci
2871 1042 2950 1099 illi
2981 1046 3078 1100 viri
3106 1048 3368 1113 claruere,

1776 1120 1857 1175 sic
1887 1122 2171 1186 Abraham,
2200 1125 2278 1178 sic
2302 1124 2467 1192 Isaac,
2493 1129 2570 1181 sic
2590 1128 2755 1183 Jacob
2780 1147 2795 1195 ;
2826 1132 2903 1189 sic
2929 1145 2983 1190 et
3010 1137 3258 1193 meretrix
3284 1154 3370 1195 sa-

1777 1211 1938 1267 Iutem
1970 1228 2298 1286 consequuta
2320 1227 2422 1279 est,
2456 1228 2510 1273 et
2538 1220 2588 1273 in
2634 1221 2814 1279 Veteri
2843 1236 2896 1280 ct
2922 1229 2973 1282 in
3004 1229 3153 1283 Novo
3181 1230 3370 1286 Testa-

1776 1315 1974 1360 mento.
1999 1306 2130 1362 Nam
2161 1310 2235 1364 ait
2274 1327 2287 1362 :
2318 1308 2452 1365 Fide
2493 1309 2637 1365 Raab
2674 1319 2913 1372 nmetrix
2938 1337 3037 1374 non
3079 1323 3222 1389 periit
3252 1340 3367 1378 cum

1771 1399 2067 1467 incredulis,
2092 1402 2437 1469 exploratores
2458 1409 2712 1478 arripiens
2747 1410 2765 1473 (
2785 1408 2943 1464 Hebr.
2979 1412 3066 1467 11.
3095 1415 3154 1468 51
3179 1413 3219 1486 ).
3248 1416 3361 1471 Non

1772 1493 1906 1545 dixit
1938 1493 1990 1547 in
2022 1495 2304 1563 semetipsa
2325 1539 2339 1560 ,
2374 1496 2434 1549 Et
2470 1503 2738 1568 qm=nnnlo
2771 1513 3020 1573 poterunt
3048 1505 3098 1560 bi
3130 1509 3358 1576 captivi,

1772 1583 1972 1655 fugitivi
2004 1592 2059 1641 et
2087 1602 2309 1642 errones
2334 1631 2349 1656 ,
2393 1593 2480 1660 qui
2520 1594 2805 1648 nomadum
2838 1611 2988 1652 more
3016 1597 3230 1664 vivunt,
3264 1615 3363 1654 nos

1770 1692 2042 1745 superare,
2088 1678 2176 1748 qui
2212 1679 2421 1747 urbem,
2456 1685 2648 1738 inteuia
2687 1694 2741 1740 et
2768 1696 2941 1742 turres
2983 1687 3362 1747 habemus?Si

1770 1782 1901 1823 νυνι)
1928 1769 2039 1826 hare
2069 1772 2209 1843 apud
2242 1790 2300 1831 se
2339 1775 2584 1841 dixisset,
2609 1786 2663 1831 et
2689 1778 2919 1847 seipsam
2950 1788 3004 1834 ct
3030 1780 3148 1835 illos
3174 1782 3359 1852 perdi-

1767 1858 1934 1914 disset
1967 1879 1980 1916 :
2008 1870 2063 1919 ut
2092 1877 2147 1920 et
2183 1866 2359 1922 fecere
2389 1868 2621 1938 majores
2650 1884 2857 1934 eorum,
2888 1872 2977 1941 qui
3010 1881 3137 1929 tunc
3160 1876 3357 1930 servati

1767 1965 1909 2009 sunt.
1943 1956 2025 2014 llli
2050 1961 2193 2016 enim
2225 1963 2531 2032 COﬂSpECllS
2574 1963 2702 2017 viris
2741 1966 2950 2036 magnis
2982 1974 3036 2020 et
3081 1968 3355 2037 proceris,

1765 2049 2008 2106 victoriae
2051 2053 2267 2107 modum
2324 2055 2617 2123 qumsierc,
2666 2070 2728 2109 ac
2785 2056 2901 2110 sine
2948 2055 3088 2111 bello
3139 2067 3193 2113 et
3243 2060 3359 2113 acie

1766 2156 1955 2198 omnes
1978 2144 2270 2213 perierunt.
2322 2146 2563 2201 Vidistin‘
2590 2156 2843 2217 quantum
2876 2150 2946 2204 sit
2972 2151 3357 2208 incredulitatis

1769 2234 2101 2302 barathrum,
2132 2245 2185 2291 et
2213 2246 2442 2307 quantus
2482 2238 2602 2293 ﬁdei
2645 2240 2864 2295 murus?
2889 2240 2983 2296 Illa
3023 2243 3166 2297 enim
3197 2244 3355 2299 innu-

1766 2343 1912 2382 mera
1943 2328 2107 2383 millia
2133 2329 2532 2400 pessumdedit;
2568 2330 2681 2385 hrcc
2716 2346 2845 2387 vero
2882 2335 3219 2389 meretricem
3247 2351 3355 2391 non

1764 2422 1927 2477 modo
1963 2424 2214 2488 servavit,
2244 2423 2338 2478 sed
2368 2422 2497 2477 tanti
2525 2423 2708 2493 p0puli
2738 2432 3017 2494 patronam
3043 2424 3240 2481 effecit.

1837 2513 2197 2571 Mandatorum
2250 2516 2346 2571 Dei
2396 2519 2526 2571 ratio
2576 2534 2676 2572 non
2721 2520 3012 2589 querenda.
3039 2550 3111 2560 ——
3138 2520 3264 2575 Haec
3294 2528 3354 2577 et

1765 2608 1938 2661 multo
1966 2608 2117 2677 plura
2151 2623 2271 2664 cum
2296 2609 2549 2670 sciamus,
2582 2625 2610 2662 a
2643 2609 2751 2663 Deo
2797 2608 3059 2665 factorum
3085 2612 3351 2667 rationem

1764 2715 2051 2769 numquam
2084 2700 2388 2770 exigamus,
2432 2701 2524 2755 sed
2552 2700 2807 2771 quidquid
2842 2701 2933 2756 ille
2951 2702 3175 2772 jusserit
3199 2703 3352 2758 exci-

1764 2791 1970 2860 piamus
2002 2806 2016 2844 :
2046 2805 2152 2845 non
2197 2791 2416 2845 curiose
2457 2791 2792 2860 inquiramus
2833 2791 2917 2847 vel
2982 2793 3347 2863 exploremus,

1761 2882 1970 2936 etiamsi
1997 2881 2048 2936 id
2076 2880 2458 2952 quodjnbetur
2506 2881 2804 2938 secundum
2846 2883 3078 2938 humana
3128 2884 3350 2939 ratioci-

1761 2973 1846 3028 nia
1875 2973 2165 3029 absurdum
2192 2973 2454 3030 videatur.
2480 2972 2617 3040 Quid
2645 2975 2809 3042 enim,
2841 2990 3047 3047 quaeso,
3065 2976 3351 3032 absurdius

1757 3066 2023 3131 videatur,
2053 3081 2211 3137 quam
2262 3082 2383 3123 cum
2412 3077 2563 3137 pater
2612 3070 2943 3139 unigenitum
2995 3070 3162 3126 filium
3206 3071 3351 3127 occi-

1758 3159 1886 3213 dere
1912 3159 2444 3228 jubetur?Attamen
2471 3160 2648 3231 justus
2679 3160 2770 3216 ille
2790 3160 2997 3232 jussus,
3031 3178 3135 3218 non
3170 3164 3349 3219 curio-

1764 3267 1823 3305 se
1871 3251 2080 3322 jussum
2126 3250 2448 3321 exploravit,
2500 3252 2594 3307 sed
2628 3252 2699 3307 ob
2747 3253 2984 3320 jubentis
3037 3254 3346 3325 dignitatem

1756 3342 2064 3397 mandatum
2089 3342 2297 3412 accepit
2320 3351 2375 3398 et
2404 3342 2661 3399 obcdivit.
2691 3343 2839 3398 Alius
2864 3359 3077 3414 quoque
3099 3343 3282 3414 jussus
3311 3361 3345 3398 a

1758 3434 1869 3488 Deo
1899 3434 2214 3505 prophetam
2247 3442 2546 3504 percutere,
2577 3435 2698 3505 quia
2727 3450 2839 3489 rem
2889 3434 3178 3490 absurdam
3211 3450 3335 3491 esse

1758 3535 1952 3597 putans
1977 3566 1992 3591 ,
2036 3526 2250 3581 curiose
2306 3526 2648 3596 perquisivit,
2687 3542 2786 3580 nt-c
2829 3526 3148 3595 simpliciter
3189 3526 3348 3581 obse-

1754 3628 1955 3690 quutus
1984 3628 2087 3686 est,
2113 3628 2382 3675 extremas
2404 3618 2553 3673 dedit
2591 3633 2777 3689 ptenas
2805 3619 2898 3690 (5.
2930 3617 3057 3688 Reg.
3082 3619 3172 3674 20.
3205 3619 3337 3687 35);

1756 3712 1846 3781 qui
1875 3726 2003 3767 vero
2030 3710 2318 3781 percussit,
2347 3721 2600 3780 acceptus
2632 3709 2752 3764 fuit.
2784 3710 2849 3765 Et
2867 3710 2997 3765 Saiil
3024 3710 3112 3781 qui
3146 3720 3346 3779 praeter

1755 3802 1852 3856 Dei
1881 3802 2140 3871 placitum
2177 3802 2424 3855 homines
2472 3802 2743 3867 servavit,
2776 3816 2804 3854 a
2846 3815 3013 3871 regno
3039 3800 3257 3868 excidit,
3290 3810 3347 3857 et

1754 3894 2114 3948 intolerabilia
2167 3907 2356 3963 passus
2399 3901 2502 3947 est.
2554 3892 2721 3946 Multo
2753 3893 2903 3961 plura
2951 3893 3192 3963 exempla
3224 3892 3345 3962 quis

1755 3986 1996 4040 invenire
2029 3986 2234 4052 possit:
2265 3983 2460 4053 quibus
2505 3982 2754 4036 omnibus
2802 3981 3079 4044 docemur,
3119 3980 3344 4037 manda-

1755 4088 1929 4133 torum
1957 4078 2047 4131 Dei
2081 4092 2369 4146 numquam
2399 4076 2663 4129 rationem
2694 4089 2813 4128 esse
2844 4073 3209 4144 quzcrendam,
3239 4073 3339 4129 sed

1753 4170 2054 4226 cedendum
2081 4178 2135 4224 et
2164 4167 2567 4238 obsequendum
2592 4181 2734 4221 esse.
2764 4165 2819 4221 Si
2862 4174 3039 4220 autem
3092 4165 3182 4220 illa
3223 4180 3341 4235 qua:

1751 4263 1997 4335 praecipit
2042 4261 2300 4327 serutari,
2352 4260 2709 4329 periculosum
2767 4267 2886 4325 est,
2931 4266 2986 4313 et
3039 4267 3339 4313 extremum

1751 4356 2069 4427 supplicium
2099 4352 2459 4409 scrutantibus
2484 4362 2565 4407 est
2592 4352 2901 4423 deputatum
2936 4367 2951 4408 :
2978 4352 3066 4422 qui
3090 4366 3151 4405 ca
3175 4392 3189 4416 ,
3220 4366 3340 4420 quas

1751 4459 1877 4504 sunt
1922 4449 2025 4503 illis
2052 4448 2211 4518 longe
2238 4447 2529 4502 secretiora
2556 4454 2611 4499 et
2642 4443 2982 4499 horribiliora
3013 4451 3342 4507 scrutantur,

1754 4556 1948 4613 nempe
1991 4538 2263 4612 quomodo
2314 4540 2503 4609 genuit
2528 4536 2744 4602 Filium,
2792 4543 2849 4590 et
2873 4549 2975 4605 qua
3031 4534 3260 4601 ratione,
3292 4542 3349 4588 et

1751 4649 2001 4706 quamam
2024 4634 2095 4688 sit
2124 4630 2440 4695 substantia,
2460 4644 2618 4699 quam
2648 4627 3016 4683 defensionem
3038 4625 3347 4681 habebunt?

1754 4728 1879 4783 Haec
1907 4740 2027 4783 cum
2050 4725 2304 4787 sciamus,
2335 4721 2491 4777 fidem
2546 4720 2805 4775 bonorum
2842 4717 3080 4772 omnium
3114 4725 3339 4771 matrem

1751 4834 1872 4874 cum
1920 4819 2064 4872 omni
2142 4813 2515 4870 benevolentia
2564 4810 2942 4879 suscipiamus,
2986 4817 3045 4861 ut
3088 4804 3241 4876 quasi
3284 4805 3337 4858 in

1752 4909 2045 4979 tranquillo
2090 4914 2251 4977 portu
2300 4903 2635 4972 navigantes.
2687 4909 2832 4954 recta
2873 4898 3121 4968 dogmata
3152 4908 3339 4949 serve-

1753 5020 1894 5066 mus,
1924 5012 1979 5057 et
2023 4999 2186 5053 vitam
2233 5005 2469 5050 nostram
2524 5006 2644 5045 cmn
2694 4989 2984 5046 securitate
3011 4987 3331 5056 dirigentes,

1753 5104 1953 5150 acterna
2007 5100 2399 5158 consequamur
2472 5084 2642 5146 bona,
2694 5080 2861 5151 gratia
2908 5087 2963 5133 et
2994 5076 3343 5148 benignitate

1757 5186 1968 5244 Domini
1992 5182 2163 5238 nostri
2191 5180 2318 5235 Jesu
2343 5175 2563 5237 Christi,
2616 5174 2831 5243 quicum
2852 5169 2995 5227 Patri
3015 5170 3202 5241 gloria,
3234 5168 3340 5222 im-

1756 5280 1986 5350 perium,
2018 5274 2194 5329 honor
2215 5281 2271 5326 et
2296 5267 2539 5323 adoratio
2584 5278 2687 5320 una
2712 5278 2835 5319 cum
2880 5271 3069 5318 sancto
3096 5258 3302 5333 Spiritu

1755 5377 1808 5429 in
1838 5370 2032 5429 saecula
2058 5365 2398 5424 saeculorum.
2432 5360 2627 5415 Amen.

1517 5674 1896 5693 Μ

388 5848 657 5909 ΡΑτιιοῐ..
705 5851 823 5912 Gn.
868 5851 994 5913 LX.

2928 5849 3010 5914 26
