3950 6452
549 416 645 474 ιη

1295 413 1351 466 s.
1384 406 1660 468 JOANNIS
1694 398 2169 464 cunvsosront
2210 400 2534 458 ARCHIEP.
2562 396 3098 461 CONSTANTINOP.

3723 416 3809 473 £22

553 514 3253 555 ww.

1926 607 2275 673 HOMILIA
2317 605 2428 669 III.

534 754 771 811 "Ibunt.
798 768 849 807 v.
885 750 972 806 l8.
1010 744 1277 804 Reuelatur
1323 744 1456 798 enim
1501 742 1582 796 ira
1611 739 1702 796 Dei
1730 738 1793 792 de
1829 738 1954 792 ctelo
1995 748 2149 804 super

604 862 825 902 omnem
852 843 1160 913 impietatem
1188 851 1235 893 et
1256 836 1561 907 injustitiam
1587 833 1870 898 hominum,
1893 829 1976 901 qui
2019 827 2149 881 ueri-

627 951 782 994 tatem
805 939 859 991 in
882 935 1134 1008 injustitia
1155 934 1403 987 detinent.

2255 730 2439 785 allicit.
2470 731 2741 789 Prmterea
2780 750 2911 791 vero
2947 736 3181 807 gentiles
3215 739 3411 810 alloqui
3441 741 3572 799 mihi
3602 740 3814 807 videtur;

2259 820 2484 893 ideoque
2508 823 2632 880 hinc
2652 826 2881 895 orditur,
2915 838 3099 898 postea
3135 840 3314 886 autem
3341 832 3408 887 de
3421 833 3625 901 judicio
3646 833 3816 888 Christi

2248 932 2554 974 sermonem
2584 919 2806 976 inducit.
2843 920 3016 989 Super
3034 940 3231 978 omnem
3271 925 3582 995 impietatem
3621 935 3668 979 et
3702 929 3816 996 inju-

628 1031 683 1086 1.
702 1024 850 1082 ’νὶιιθ
879 1025 1028 1080 Pauli
1060 1022 1399 1095 prudentiam
1425 1061 1440 1084 ,
1484 1017 1757 1091 quomodo
1784 1031 1815 1071 a
1845 1012 2148 1070 mitioribus
2251 1010 2442 1064 stitiam
2468 1012 2751 1077 hominum,
2773 1014 2859 1082 qui
2881 1014 3139 1069 ueritatem
3159 1015 3212 1068 in
3240 1017 3496 1083 iniustitia
3526 1018 3761 1070 detinent.

542 1118 847 1185 hortatus,
905 1117 971 1172 ad
1019 1115 1341 1171 terribiliora
1387 1126 1694 1168 sermonem
1753 1116 1954 1162 vertat.
2013 1105 2149 1161 Cum

562 1212 787 1267 dixisset
838 1210 983 1264 enim
1046 1206 1385 1277 evangelium
1434 1204 1624 1259 salutis
1668 1210 1724 1256 et
1760 1201 1885 1254 vit:e
1935 1212 2149 1253 causam

2323 1102 2489 1157 Error
2531 1106 2735 1169 uarius,
2783 1107 2967 1160 veritas
3004 1123 3126 1161 una.
3151 1138 3222 1147 ——
3245 1108 3340 1162 llic
3375 1109 3616 1163 ostendit
3653 1109 3821 1164 multas

2254 1209 2376 1250 esse
2407 1196 2696 1266 impietatis
2722 1201 2870 1265 vias,
2894 1201 3141 1255 veritatis
3176 1211 3356 1257 autem
3417 1217 3602 1257 unam.
3638 1202 3820 1257 Etenim

565 1318 723 1370 esse;
754 1302 991 1372 itemque
1022 1299 1115 1355 Dei
1147 1298 1438 1369 potentiam
1458 1306 1511 1352 et
1532 1294 1758 1351 salutem
1780 1291 2153 1362 iustitiamque
2254 1289 2425 1355 varia,
2450 1289 2801 1347 multiformis
2824 1300 2882 1347 et
2924 1291 3147 1349 confusa
3186 1308 3274 1349 res
3298 1304 3384 1349 est
3412 1309 3610 1360 error;
3648 1301 3823 1349 veritas

564 1402 840 1464 operatam
863 1407 1006 1457 esse,
1030 1390 1142 1461 jam
1169 1389 1299 1444 dicit
1336 1404 1421 1455 ea,
1468 1402 1591 1457 qua:
1615 1400 1722 1440 non
1751 1383 2155 1439 attendentibus

566 1497 831 1540 terrorem
864 1484 1108 1538 incutere
1137 1480 1364 1548 possint.
1389 1478 1524 1545 Quia
1544 1478 1688 1533 enim
1709 1476 1886 1531 solent
1914 1472 2158 1545 plerique

2258 1391 2438 1437 autem
2468 1399 2592 1438 una.
2625 1384 2915 1455 Postquam
2959 1401 3089 1442 vero
3114 1386 3182 1443 de
3216 1388 3561 1459 dogmatibus
3587 1389 3743 1450 dixit.
3770 1393 3823 1444 de

2259 1476 2365 1530 vita
2396 1476 2657 1548 loquitur,
2688 1476 3007 1547 injustitiam
3048 1478 3326 1535 hominum
3365 1496 3693 1536 memorans.
3722 1480 3826 1538 Ele-

565 1578 845 1632 hotuinum
915 1590 1020 1630 non
1070 1584 1175 1628 tam
1223 1570 1582 1643 promissione
1643 1569 1940 1634 bonorum,
1998 1579 2158 1635 quam
2256 1570 2371 1623 uim
2404 1569 2682 1639 injusﬁtia:
2705 1572 2867 1626 varia:
2902 1582 3029 1627 sunt
3060 1591 3075 1628 :
3104 1583 3158 1629 et
3189 1574 3291 1631 alia
3331 1575 3554 1644 quidem
3580 1576 3718 1629 circa
3749 1594 3824 1644 pe.-

565 1671 800 1727 tristium
830 1669 1023 1724 timore
1049 1668 1115 1723 ad
1141 1668 1397 1723 virtutem
1426 1664 1702 1736 pertrahi;
1737 1663 1987 1733 utrinque
2010 1662 2159 1731 ipsos

567 1765 752 1818 allicit.
787 1762 997 1817 Idcirco
1016 1762 1157 1816 Deus
1185 1776 1291 1815 non
1323 1759 1485 1815 modo
1512 1772 1733 1827 regnum
1763 1755 2031 1826 promisit,
2063 1753 2155 1809 sed

573 1856 735 1908 etiam
781 1840 1082 1925 gehennam
1124 1851 1485 1909 comminatus
1524 1859 1643 1905 est:
1670 1858 1724 1904 et
1752 1847 2027 1919 prophetae
2066 1845 2160 1901 Ju-

573 1949 707 2004 daris
738 1949 809 2003 ita
835 1949 1145 2019 loquuntur,
1166 1947 1305 2001 mala
1325 1944 1480 1999 bonis
1497 1953 1757 2014 perpetuo
1783 1941 2160 1997 admiscentes.

575 2040 807 2109 Ideoque
831 2039 1028 2094 Paulus
1053 2039 1132 2092 sic
1157 2050 1465 2092 sermonem
1497 2034 1688 2101 variat,
1718 2048 1823 2088 non
1853 2042 2161 2101 utcumque,

576 2131 670 2185 sed
700 2131 848 2185 mitia
876 2130 1129 2200 primum,
1164 2127 1469 2198 dcindeque
1493 2126 1663 2181 tristia
1694 2124 1953 2190 adhibet;
1981 2134 2166 2179 osten-

579 2223 737 2288 dens,
776 2222 865 2277 illa
889 2223 1102 2291 quidem
1141 2237 1207 2275 ex
1254 2220 1447 2290 praevia
1492 2218 1587 2273 Dei
1616 2217 1883 2272 sententia
1911 2231 2129 2271 manare
2150 2256 2166 2281 ,

581 2316 696 2369 hmc
716 2329 845 2369 vero
874 2329 939 2369 ex
968 2313 1360 2384 negligentium
1405 2311 1660 2380 nequitia.
1690 2310 1781 2367 Sic
1812 2320 1867 2365 et
1893 2309 2168 2380 pr0phcta

582 2407 757 2475 primo
787 2405 927 2461 bona
956 2405 1181 2475 profert,
1206 2404 1392 2459 dicens
1417 2422 1433 2458 :
1468 2402 1529 2459 Si
1553 2402 1811 2457 volueritis
1832 2412 1882 2456 et
1906 2400 2171 2455 audieritis

581 2515 681 2562 me,
710 2499 846 2552 bona
887 2507 1035 2552 terra:
1056 2496 1327 2551 comedetis
1350 2511 1370 2559 ;
1399 2496 1444 2549 si
1467 2495 1752 2561 nolueritis,
1777 2510 1868 2548 nec
1910 2494 2173 2547 audieritis

582 2602 682 2655 nte,
707 2590 912 2661 gladius
933 2605 1019 2643 vos
1050 2588 1278 2642 absumet
1317 2586 1472 2656 (lsai.
1508 2588 1562 2646 1.
1590 2587 1679 2642 19.
1711 2584 1826 2658 20).
1855 2585 1927 2641 lta
1960 2595 2014 2641 et
2038 2586 2173 2641 Pau-

585 2681 669 2735 lus
695 2681 784 2735 hic
827 2695 1134 2735 sermonem
1170 2680 1433 2749 profert:
1484 2677 1639 2733 Venit
1680 2677 1946 2743 Christus,
1982 2677 2171 2747 inquit,

594 2773 975 2827 remissionem
1006 2772 1209 2833 ferens,
1232 2772 1518 2841 justitiam,
1547 2770 1710 2825 vitam
1741 2787 1756 2822 :
1787 2784 1887 2825 nec
1914 2769 2173 2839 simplici-

591 2876 692 2930 ter,
724 2866 822 2921 sed
870 2882 964 2936 per
993 2881 1210 2920 crucem
1252 2864 1447 2930 at'fert;
1504 2864 1756 2935 quodque
1803 2864 2095 2919 maximum
2124 2872 2180 2919 et

593 2958 971 3014 admirandum
1004 2967 1107 3025 est,
1154 2974 1260 3013 non
1288 2958 1433 3030 quod
1466 2958 1589 3012 talia
1629 2956 1853 3028 largitus
1882 2958 1954 3012 sit
1977 2958 2176 3024 solum,

591 3050 688 3105 sed
718 3049 861 3120 quod
884 3050 1009 3104 talia
1038 3064 1228 3120 passus
1253 3050 1343 3105 sit.
1374 3049 1431 3106 Si
1480 3050 1642 3120 igitur
1672 3050 1786 3121 ipsa
1816 3049 1955 3105 dona
1986 3056 2179 3105 contu-

593 3142 752 3195 melia
776 3138 1085 3207 aﬁ‘eceritis,
1116 3151 1243 3197 tunc
1282 3141 1454 3197 tristia
1483 3156 1579 3197 vos
1623 3140 1939 3197 manebunt.
1973 3141 2040 3196 Et
2062 3141 2183 3196 vide

593 3234 864 3304 quomodo
893 3249 1199 3289 sermonem
1226 3233 1486 3292 extollat:
1516 3232 1789 3289 Reuelatur
1807 3234 1964 3299 enim,
1989 3234 2181 3305 inquit,

2260 1663 2444 1716 cunias
2474 1671 2578 1725 est,
2606 1672 2664 1718 ut
2686 1678 2811 1719 cum
2841 1665 2962 1736 quis
2995 1666 3048 1720 in
3086 1665 3152 1721 iis
3172 1668 3485 1737 proximum
3535 1667 3716 1732 lzedit;
3745 1670 3825 1722 alia

2262 1756 2515 1811 mulieres
2546 1765 2770 1823 Spectat,
2804 1766 2863 1812 ut
2890 1757 3105 1827 quando
3129 1760 3251 1830 quis
3272 1759 3461 1815 relicta
3494 1775 3687 1825 uxore,
3716 1762 3829 1814 alle-

2263 1846 2375 1901 rius
2398 1847 2611 1917 nuptias
2636 1848 2860 1903 dirimit.
2920 1848 3033 1904 Hoc
3076 1860 3224 1905 certe
3251 1849 3493 1906 fraudem
3534 1862 3691 1906 vocat
3717 1853 3829 1907 Pan.

2265 1940 2370 2000 lus,
2399 1939 2585 1996 dicens
2613 1960 2626 1994 :
2660 1940 2745 1996 Ne
2786 1942 2898 2012 quis
2942 1944 3197 2013 opprimat
3242 1946 3321 1998 vel
3344 1946 3552 2016 frondet
3581 1946 3636 1998 in
3662 1949 3833 2016 negotio

2268 2034 2479 2103 fratrem
2506 2034 2583 2105 (l.
2629 2034 2805 2089 Thess.
2836 2036 2890 2090 4.
2919 2034 2997 2106 6).
3030 2036 3133 2090 Alii
3158 2052 3369 2092 rursum
3400 2054 3508 2093 non
3532 2054 3749 2094 uxorem
3769 2042 3834 2093 vel

2266 2126 2571 2195 pecuniam,
2603 2126 2699 2182 sed
2722 2127 2947 2198 gloriam
2997 2129 3228 2198 proximi
3269 2130 3648 2187 labefactant:
3677 2141 3730 2186 et
3755 2132 3837 2186 hoc

2269 2217 2527 2286 injustitia
2555 2227 2657 2272 est.
2692 2218 2828 2274 Nam
2856 2218 3046 2274 Melius
3091 2229 3164 2274 est
3206 2237 3390 2276 nomen
3454 2223 3669 2284 bonum,
3712 2240 3838 2292 quam

2271 2309 2459 2364 divitiae
2483 2310 2656 2365 multa:
2686 2309 2871 2381 (Prov.
2896 2310 2989 2365 22.
3019 2310 3098 2382 1.)
3141 2312 3369 2379 Quidam
3397 2328 3532 2368 vero
3561 2314 3746 2369 dicunt
3758 2314 3839 2367 hoc

2270 2415 2483 2471 quoque
2526 2401 2596 2457 de
2641 2401 2981 2471 dogmatibus
3022 2418 3053 2458 a
3102 2402 3271 2459 Paulo
3308 2404 3573 2475 intelligi:
3611 2415 3842 2459 centenum

2272 2492 2403 2548 nihil
2436 2502 2582 2548 vetat
2610 2493 2677 2548 de
2703 2503 2930 2564 utroque
2955 2494 3156 2550 dictum
3182 2496 3370 2552 fuisse.
3399 2497 3543 2564 Quid
3571 2506 3748 2553 autem
3767 2500 3843 2561 sit,

2287 2585 2559 2640 Veritatem
2583 2587 2637 2641 in
2659 2586 2911 2657 injustitia
2933 2588 3179 2654 detinent,
3218 2604 3284 2643 ex
3312 2591 3669 2660 sequentibus
3691 2591 3842 2643 disce.

2278 2680 2365 2735 19.
2395 2681 2527 2748 Quia
2546 2682 2683 2749 quod
2708 2693 2887 2736 notum
2932 2692 3006 2737 est
3024 2681 3145 2749 Dei,
3186 2686 3514 2756 manifestum
3554 2693 3630 2737 est
3650 2686 3702 2737 in
3722 2684 3848 2736 illis:

2276 2770 2417 2827 Deus
2446 2774 2578 2826 enim
2607 2774 2713 2828 illis
2738 2776 3101 2846 manifestam.
3140 2775 3247 2832 Sed
3278 2777 3418 2832 hanc
3462 2777 3693 2847 gloriam
3715 2776 3849 2846 lignis

2278 2865 2641 2920 attribuerunt
2662 2877 2713 2922 et
2744 2867 3031 2938 lapidibus.

2349 2958 2404 3013 2.
2437 2958 2642 3013 Natura
2670 2960 2781 3030 ipsa
2802 2962 3042 3031 prtedicat
3067 2960 3375 3017 Creatorem.
3407 2992 3478 3003 --
3502 2962 3826 3030 Quematlmo

2280 3050 2406 3106 dum
2433 3052 2593 3123 igitur
2622 3053 2687 3120 is,
2718 3054 2804 3109 cui
2835 3054 2992 3126 regiae
3021 3056 3264 3126 pecunia:
3292 3056 3512 3112 creditae
3562 3067 3707 3121 sum,
3741 3061 3849 3126 jus-

2284 3158 2375 3199 sus
2400 3146 2518 3199 illas
2546 3145 2599 3201 in
2621 3146 2766 3216 regis
2814 3146 3039 3215 gloriam
3090 3147 3426 3217 impendere.
3452 3149 3498 3203 si
3529 3149 3580 3202 in
3610 3149 3747 3203 fures
3770 3190 3784 3209 .
3809 3150 3851 3201 iu

2284 3249 2462 3295 scorta
2486 3247 2541 3295 et
2565 3241 2616 3293 in
2647 3242 3063 3312 prestigiatores
3086 3242 3205 3296 illas
3232 3242 3577 3312 impenderit.
3595 3257 3760 3311 exque
3781 3258 3856 3295 re-

594 3326 674 3379 ira
694 3325 793 3379 Dei
822 3327 885 3381 de
911 3327 1059 3380 εωιο.
1105 3326 1385 3381 Undeuam
1412 3326 1515 3381 hoc
1554 3325 1767 3395 liquet?
1796 3325 1853 3381 Si
1886 3324 2059 3380 ﬁdelis
2084 3325 2186 3379 hoc
2278 3334 2387 3403 giis
2414 3334 2605 3403 opibus
2631 3334 2942 3404 splendidos
2968 3335 3091 3390 illos
3109 3334 3423 3397 reddiderit,
3460 3345 3726 3404 tamquam
3779 3337 3855 3402 qui

602 3418 824 3483 dixerit,
857 3419 1057 3475 Christi
1083 3421 1379 3476 sententias
1422 3421 1798 3489 proferemus;
1845 3419 1892 3475 si
1913 3432 2042 3474 vero
2067 3417 2190 3473 inﬁ-
2287 3425 2521 3479 maxime
2559 3439 2738 3494 regem
2767 3424 3071 3489 offenderit,
3115 3440 3302 3495 pennas
3328 3425 3458 3479 dat:
3490 3426 3565 3479 ita
3592 3434 3645 3479 et
3674 3426 3720 3477 bi
3746 3440 3855 3478 cum

600 3512 758 3574 dolis,
790 3528 819 3565 a
853 3512 1203 3583 sequentibus
1244 3513 1545 3568 illiPaulus
1593 3528 1655 3568 os
1685 3513 1953 3580 obstruit,
2004 3512 2094 3567 ubi
2120 3512 2188 3567 dc
2290 3516 2533 3569 notitiam
2588 3517 2680 3570 Dei
2728 3524 2786 3571 et
2803 3516 2991 3586 gloria:
3012 3517 3128 3588 ejus
3157 3518 3534 3587 accepissent,
3579 3516 3859 3584 deindeun

596 3603 810 3672 judicio
843 3604 939 3658 Dei
969 3604 1186 3674 agitur,
1219 3620 1286 3659 ex
1326 3606 1498 3675 gestis
1550 3606 1789 3676 ipsorum
1826 3605 2191 3676 insuperabile
2292 3605 2452 3661 idolis
2472 3607 2614 3661 illam
2641 3607 3034 3675 attribuissent,
3067 3610 3346 3665 veritatem
3375 3610 3427 3663 in
3452 3610 3709 3679 injustilia
3740 3609 3859 3662 deti-

599 3705 972 3765 argumentum
1000 3697 1054 3751 in
1085 3696 1318 3751 medium
1351 3697 1665 3753 adducens:
1700 3697 1752 3752 id
1779 3698 1924 3769 quod
1954 3699 2189 3753 maxime

592 3787 925 3855 stupendum
953 3795 1074 3853 est;
1112 3803 1234 3844 cum
1264 3803 1390 3855 eos,
1417 3789 1509 3859 qui
1549 3787 1759 3843 veritati
1802 3789 2189 3854 adversantur,

602 3893 668 3933 ex
698 3880 785 3946 iis,
811 3894 931 3949 quae
971 3879 1213 3950 quotidie
1244 3880 1432 3935 dicunt
1459 3890 1513 3935 et
1534 3881 1753 3945 faciunt,
1786 3881 2029 3936 veritatis
2056 3881 2190 3953 dog-

607 3979 749 4025 mata
796 3970 1029 4041 prohare
1074 3970 1332 4027 declarat.
1350 3971 1547 4028 Verum
1582 3973 1700 4028 haec
1729 3973 1781 4027 in
1809 3973 2190 4044 sequentibus;

604 4064 825 4119 interim
860 4065 1191 4134 propositam
1235 4080 1348 4120 rem
1382 4074 1694 4122 tractemus.
1748 4064 2026 4124 Reoelatur
2061 4067 2196 4121 enim

601 4156 685 4208 ira
721 4153 815 4208 Dei
842 4156 907 4207 de
931 4156 1076 4211 caelo.
1119 4157 1281 4227 Atqui
1325 4156 1505 4212 inhac
1533 4158 1639 4212 vita
1673 4157 1724 4212 id
1755 4172 1900 4227 saepe
1919 4157 2115 4213 accidit
2141 4159 2193 4212 in

604 4248 748 4303 fame
772 4258 823 4303 et
858 4259 1009 4319 peste
1052 4260 1108 4305 et
1137 4250 1335 4307 bellis:
1370 4267 1493 4306 nam
1536 4253 1785 4322 privatim
1816 4253 2014 4324 singuli
2058 4263 2115 4309 et
2142 4255 2195 4310 in

605 4343 881 4396 communi
932 4358 1122 4399 omnes
1162 4346 1479 4414 puniuntur.
1527 4345 1667 4414 Quid
1705 4347 1868 4417 igitur
1898 4358 2025 4404 tunc
2072 4350 2194 4404 novi

607 4434 744 4488 erit?
794 4433 945 4502 Quod
1003 4434 1179 4505 majus
1248 4435 1486 4491 futurum
1526 4437 1598 4492 sit
1651 4438 2004 4510 supplicium,
2055 4440 2196 4512 quod

606 4539 893 4581 commune
944 4534 999 4583 et
1049 4541 1156 4582 non
1209 4528 1520 4585 earumdem
1575 4545 1755 4587 rerum
1813 4548 2010 4588 causa:
2056 4549 2198 4589 nunc

606 4618 754 4681 enim
826 4618 895 4684 ad
961 4619 1396 4676 emendationem
1447 4622 1563 4678 haec
1607 4624 1774 4685 ﬁunt.
1832 4635 1957 4681 tunc
2019 4637 2196 4683 autem

606 4710 676 4766 ad
729 4704 987 4767 ultionem
1032 4731 1045 4764 :
1087 4713 1230 4784 quod
1305 4714 1614 4785 signiﬁcans
1687 4716 1888 4773 Paulus
1929 4720 2140 4785 diccbat
2181 4739 2196 4777 :

608 4800 929 4874 Carripimur
999 4820 1172 4869 nunc,
1216 4814 1288 4874 ut_
1334 4822 1437 4860 non
1486 4822 1600 4861 cum
1662 4809 1851 4863 mundo
1898 4809 2201 4866 damnemur

608 4894 856 4963 (Ltjor.
923 4897 1012 4950 ll.
1075 4895 1192 4966 52).
1247 4897 1312 4951 Et
1372 4913 1516 4954 nunc
1555 4899 1772 4970 quidem
1825 4916 1933 4957 non
1986 4918 2051 4958 ex
2103 4919 2198 4959 su-

612 5000 781 5055 perna
837 4987 953 5053 ira,
984 4989 1078 5042 sed
1118 4988 1188 5044 ab
1230 4991 1505 5045 hominum
1547 4992 1738 5062 injuria
1769 4992 1885 5049 hzec
1934 5010 1966 5050 a
2017 4997 2201 5052 multis

611 5077 860 5133 accidere
919 5088 1217 5149 putantur:
1256 5091 1385 5138 tunc
1441 5098 1572 5138 vero
1628 5083 1910 5141 manifesta
1956 5088 2061 5141 erit
2106 5088 2200 5142 Dei

614 5169 773 5234 ultio,
800 5172 1016 5238 quando
1043 5172 1216 5228 Judex
1245 5176 1442 5230 sedens
1474 5176 1526 5231 in
1554 5178 1837 5235 tremendo
1860 5180 2000 5237 solio
2019 5223 2036 5249 ,
2066 5182 2202 5238 alios

615 5261 683 5316 ad
736 5263 982 5318 caminos
1031 5266 1170 5321 trahi
1212 5267 1455 5337 jubebit,
1499 5271 1635 5325 alios
1688 5271 1757 5326 ad
1806 5273 2061 5329 tenebras
2107 5292 2202 5331 ex.

617 5354 869 5419 teriores,
897 5354 1033 5410 alios
1057 5358 1124 5411 ad
1149 5358 1251 5413 alia
1282 5360 1607 5417 inevitabilia
1633 5374 1690 5419 et
1711 5364 2046 5421 intoleranda
2078 5383 2205 5438 snp-

616 5446 794 5516 plicia.
827 5447 895 5503 Et
913 5462 1011 5505 cur
1034 5465 1140 5504 non
1157 5452 1236 5506 sic
1262 5464 1448 5523 aperte
1472 5456 1624 5524 dicit,
1645 5457 1842 5514 Filium
1878 5460 1971 5516 Dci
2009 5473 2202 5517 ventu-

615 5555 735 5594 rum
761 5554 884 5596 esse
903 5554 1024 5596 cum
1058 5540 1358 5600 innumeris
1388 5548 1624 5618 angelis.
1654 5559 1709 5605 et
1739 5552 2005 5608 rationem
2037 5569 2067 5609 a
2093 5555 2205 5610 sin-

616 5632 758 5703 gulis
783 5634 1170 5704 repetiturum;
1208 5637 1302 5692 sed
1344 5639 1449 5704 ait,
1485 5639 1758 5695 Reuelatur
1790 5643 1869 5697 ira
1895 5642 1995 5699 Dei
2013 5645 2039 5699 .’
2065 5646 2204 5702 Neo-

619 5726 771 5799 phyti
793 5727 970 5785 adhuc
1022 5739 1179 5786 erant
1226 5729 1538 5798 auditores;
1588 5733 1817 5806 ideoque
1857 5736 1926 5792 ab
1963 5737 2049 5805 iis,
2081 5755 2202 5810 quae

620 5818 839 5875 omnino
858 5821 912 5875 in
933 5819 1184 5879 confesso
1227 5831 1385 5880 erant
1422 5823 1566 5896 apud
1611 5839 1706 5883 cos
1730 5866 1769 5907 ,ν
1788 5828 2017 5899 primum
2054 5832 2202 5904 ipsos

2291 3708 2547 3763 nuerunt,
2576 3708 2651 3764 et,
2680 3710 2940 3771 quantum
2972 3701 3027 3756 in
3057 3702 3187 3772 ipsis
3238 3711 3376 3769 erat,
3408 3702 3767 3772 cognitionem
3794 3702 3857 3753 in-

2289 3790 2428 3862 juria
2453 3791 2787 3857 affecerunt,
2819 3809 2926 3850 non
2954 3804 3012 3849 ut
3039 3810 3135 3865 par
3168 3804 3284 3851 erat
3312 3796 3401 3850 illa
3422 3805 3657 3851 utentes.
3689 3798 3764 3849 Au
3790 3810 3859 3845 to

2293 3884 2378 3939 bis
2405 3884 2611 3939 clarum
2631 3894 2715 3941 est
2742 3886 2791 3941 id
2816 3927 2832 3952 ,
2861 3886 3005 3957 quod
3026 3887 3223 3942 dictum
3249 3887 3370 3953 fuit,
3390 3904 3459 3943 an
3487 3889 3685 3944 clarius
3709 3888 3860 3941 denuo

2296 3977 2674 4047 explicandum
2723 3979 2858 4034 est?
2910 3979 3073 4036 Forte
3116 3982 3479 4036 necessarium
3535 3980 3701 4035 fuerit
3742 3981 3858 4034 ultra

2297 4070 2573 4141 progredi.
2604 4070 2741 4139 Quid
2773 4086 2903 4142 ergo
2932 4082 3016 4127 est
3045 4072 3197 4136 illud,
3226 4072 3369 4143 quod
3390 4072 3591 4127 dicitur
3617 4071 3641 4124 ?
3688 4070 3860 4140 Cogni-

2298 4163 2498 4217 tionem
2540 4163 2625 4219 sui
2667 4163 2809 4219 Deus
2849 4162 3159 4219 hominibus
3180 4178 3209 4218 a
3230 4164 3496 4235 principio
3528 4163 3755 4225 indidit;
3784 4164 3857 4215 sed

2299 4254 2445 4309 illam
2464 4254 2823 4326 cognitionem
2866 4255 3097 4327 gentiles
3146 4255 3304 4326 lignis
3331 4266 3387 4310 et
3417 4255 3690 4325 lapidibus
3734 4255 3862 4309 auri-

2301 4346 2526 4402 buentes
2552 4387 2569 4412 ,
2618 4347 2894 4402 veritatem
2915 4385 2931 4411 ,
2986 4356 3245 4418 quantum
3286 4347 3340 4401 in
3368 4346 3500 4417 ipsis
3551 4348 3667 4412 fuit,
3696 4346 3860 4414 injuria

2300 4437 2634 4494 affecerunt:
2687 4438 2779 4494 illa
2806 4440 2951 4494 enim
2994 4438 3341 4493 immutabilis
3386 4447 3610 4504 manet,
3666 4437 3860 4508 gloriam

2299 4545 2450 4585 suam
2482 4529 2688 4585 habens
2710 4530 3009 4584 immotam.
3033 4530 3100 4585 Et
3124 4528 3265 4585 unde
3286 4539 3474 4583 notum
3496 4539 3604 4594 est,
3630 4544 3664 4584 ο
3686 4528 3829 4584 Paule
3847 4568 3860 4588 ,

2300 4622 2443 4693 quod
2476 4623 2615 4677 Deus
2637 4623 2768 4692 ipsis
2793 4622 3153 4693 cognitionem
3183 4620 3478 4675 indiderit?
3505 4622 3667 4689 Quia,
3692 4620 3859 4689 inquit,

2300 4715 2437 4787 quod
2483 4724 2658 4771 notum
2685 4725 2759 4771 est
2790 4716 2941 4785 ejus,
2988 4715 3313 4788 manifestum
3338 4722 3414 4768 est
3439 4716 3493 4769 in
3522 4715 3649 4768 illis.
3695 4715 3757 4768 At
3783 4714 3861 4764 huc

2301 4810 2566 4865 sententia
2592 4818 2702 4875 est,
2751 4824 2857 4864 non
2893 4807 3302 4872 demonstratio;
3338 4817 3390 4860 tu
3419 4821 3553 4862 vero
3579 4807 3707 4861 mihi
3728 4806 3862 4875 proba

2304 4914 2361 4961 et
2380 4902 2632 4970 ostende,
2657 4903 3019 4973 cognitionem
3047 4901 3139 4956 Dei
3184 4900 3522 4960 manifestam
3550 4901 3713 4955 fuisse
3737 4902 3823 4955 illis
3848 4939 3860 4955 .

2304 4996 2400 5053 sed
2428 5006 2622 5067 sponte
2650 4997 2774 5053 illos
2791 4995 3231 5068 praetermisisse.
3260 4992 3415 5050 Unde
3442 5008 3577 5063 ergo
3616 4995 3857 5048 manifest:

2305 5089 2462 5146 erat?
2486 5103 2748 5145 vocemne
2774 5088 2879 5143 illis
2907 5087 3087 5143 emisit
3111 5086 3135 5139 ?
3166 5086 3382 5141 Itinime
3411 5103 3427 5142 :
3476 5100 3666 5141 verum
3696 5085 3744 5140 id
3763 5084 3860 5137 cde-

2306 5184 2403 5250 cit,
2436 5183 2579 5254 quod
2611 5183 2780 5253 magis
2810 5181 2931 5237 illos
2968 5196 3131 5252 quam
3173 5196 3277 5234 vox
3325 5178 3584 5251 qumlibet
3628 5180 3863 5234 attrahere

2309 5284 2555 5346 poterat:
2583 5282 2820 5331 creatum
2848 5275 3035 5329 orbem
3063 5274 3115 5328 in
3141 5273 3318 5329 medio
3359 5274 3538 5343 posuit
3562 5289 3576 5327 :
3608 5274 3682 5329 ita
3711 5284 3763 5327 ut
3794 5287 3862 5325 sa-

2308 5371 2481 5440 piens,
2510 5369 2697 5435 idima,
2725 5367 2922 5440 Scytha
2949 5410 2964 5436 ,
2994 5367 3257 5423 barbarus
3279 5382 3345 5422 ex
3374 5366 3493 5421 solo
3538 5369 3665 5422 visu
3710 5365 3862 5421 visibi‘

2309 5465 2439 5519 lium
2469 5462 2921 5533 pulchritudinem
2948 5462 3204 5527 edoctus,
3234 5461 3301 5515 ad
3334 5461 3499 5516 Deum
3529 5460 3864 5516 conscendere

2309 5564 2514 5625 posset.
2538 5554 2665 5611 Ideo
2684 5554 2762 5610 ait
2793 5570 2809 5610 :
2852 5553 2946 5609 20.
2971 5552 3260 5608 Inuisibilia
3296 5554 3428 5606 enim
3470 5553 3655 5623 ipsius,
3696 5570 3727 5605 ο
3751 5566 3860 5605 cres-

2309 5659 2424 5703 tura
2467 5648 2666 5714 mundi,
2721 5664 2811 5717 per
2840 5663 2899 5701 ea
2928 5661 3042 5717 qua:
3064 5646 3202 5714 facta
3229 5654 3346 5701 sunt
3370 5645 3623 5700 intellecta
3642 5687 3659 5710 ,
3691 5642 3861 5709 conspi-

2308 5742 2563 5806 ciuntur;
2616 5740 2759 5811 quod
2810 5741 2974 5795 etiam
3004 5738 3261 5810 propheta
3294 5738 3617 5794 dicit:C¢eli
3660 5741 3864 5792 eum

2308 5833 2526 5905 gloriam
2556 5831 2652 5887 Dei
2680 5832 2701 5905 (
2735 5828 2881 5886 Psal.
2914 5830 3002 5887 18.
3026 5830 3053 5886 l
3085 5828 3129 5904 ).
3161 5828 3301 5899 Quid
3348 5830 3495 5885 enim
3523 5828 3704 5884 dicent
3732 5822 3859 5882 inilh
