4064 6296
231 365 335 426 ιιι

1428 375 1498 430 IN
1537 375 1751 433 EPIST.
1796 377 1888 432 AD
1919 378 2087 436 ΠΟΜ.
2129 378 2361 436 ιιοιιιι..
2403 378 2506 434 ΙΙΙ.·

3567 381 3672 439 419.

327 520 3530 564 ._______________________________________________.________‘

1789 655 2041 710 OMIMA
2081 657 2156 712 I".

234 743 747 818 Ἀποκανζύεττεται
770 745 1048 818 τὰρᾼόργὴ
1081 746 1229 802 Θεοῦ
1255 746 1356 802 ἀπ’
1383 745 1646 818 οὐρανοῦ
1669 747 1766 818 ἐπὶ
1789 746 1903 818 πᾷ-

294 830 424 886 σαν
469 815 752 869 ἀσέϐειαν
779 815 902 870 ’καί
931 815 1195 872 ἀδικίαν
1242 815 1570 886 ἀνθρώπων
1622 815 1742 871 τῶν
1791 817 1908 886 τὴν

293 884 593 949 ἀλήθειαν
618 886 690 939 ἐν
720 886 921 955 ἀδικίᾳ
945 889 1340 957 κατεχόντων.

296 986 522 1057 α¹.”ορα
536 987 636 1056 τήν
652 987 863 1040 Παύλου
888 987 1123 1050 σύνεσιν,
1143 987 1260 1051 πῶς
1274 987 1383 1042 ἀπὸ
1400 988 1511 1040 τῶν
1527 988 1906 1059 χρηστοτέροιν

220 1075 572 1145 προτρέψας,
601 1075 693 1127 ἐπὶ
720 1075 789 1129 τά
815 1075 1166 1148 φοϐερώτερα
1188 1075 1380 1146 τρέπει
1406 1075 1496 1128 τὸν
1517 1075 1697 1144 λόγον.
1722 1075 1906 1129 Εἰπὼν

220 1163 362 1233 γὰρ,
376 1163 460 1215 ὅτι
480 1162 754 1234 σωτηρίας
773 1165 947 1217 αῐτιον
961 1163 1023 1217 :6
1047 1164 1481 1232 Εὐαγγέλιον,ὄτι
1499 1163 1752 1234 ζωῆς,δτι
1771 1164 1906 1218 Θεοῦ

218 1249 482 1318 δύναμις,
509 1251 591 1302 δτι
624 1251 896 1322 σωτηρίας
927 1251 1021 1304 καὶ
1043 1251 1389 1323 δικαιοσύνης
1409 1252 1712 1322 ποιητικὸν,
1758 1251 1906 1320 λέγει

221 1333 328 1386 καὶ
361 1334 432 1385 τά
456 1333 693 1402 φοϐῆσαι
715 1333 990 1404 δυνάμενα
1017 1334 1144 1396 τοὺς
1173 1335 1233 1387 οὐ
1265 1333 1650 1404 προσέχοντας.
1692 1332 1907 1403 Ἐπειδὴ

221 1424 343 1492 γὰρ
370 1422 447 1485 ὼς
483 1422 550 1475 τά
584 1421 757 1476 πολλά
795 1423 904 1476 τῶν
944 1425 1249 1494 ἀνθρώπων
1277 1425 1328 1477 οἱ
1373 1422 1591 1488 πλείους
1633 1424 1734 1494 οὐχ
1765 1422 1908 1476 οῦτω

222 1512 294 1578 τῇ
323 1509 435 1561 τῶν
464 1507 718 1579 χρηστῶν
745 1509 1070 1580 ἐπαγγελίᾳ,
1101 1510 1176 1574 ὡς
1223 1509 1300 1581 τῷ
1329 1509 1481 1580 φόϐῳ
1507 1511 1614 1563 τῶν
1648 1509 1907 1580 λυπηρῶν

224 1597 372 1667 πρὸς
408 1597 507 1668 τῆν
535 1598 736 1668 ἀρετὴν
762 1597 1035 1664 ἕλκονται,
1060 1597 1403 1671 ἑκατέρωθεν
1435 1597 1635 1661 αὐτοὺς
1668 1597 1906 1650 ἐπισπᾶ-

222 1703 347 1741 ται.
387 1686 486 1738 Διά
513 1685 671 1739 τοῦτο
705 1685 855 1758 [MS]
898 1689 994 1740 καὶ
1030 1688 1060 1739 6
1087 1685 1220 1750 Θεὸς
1247 1685 1308 1738 οὐ
1337 1684 1614 1755 βασιλείαν
1645 1685 1907 1754 ἐπηγγεί-

224 1773 364 1826 λατο
389 1773 568 1843 μόνον,
591 1772 726 1827 ἀλλὰ
752 1775 845 1827 καὶ
869 1774 1094 1844 γέενναν
1113 1772 1379 1845 ήπείλησε
1395 1790 1409 1805 ·
1439 1773 1534 1826 καὶ
1554 1774 1604 1826 οί
1631 1773 1906 1844 προφῆται

224 1861 285 1914 δέ
317 1863 432 1926 τοῖς
473 1861 746 1926 Ἰουδαίοις
765 1862 907 1917 οῦτω
926 1862 1249 1932 διελέγοντο,
1272 1863 1340 1916 τά
1367 1861 1513 1915 κακά
1537 1864 1652 1924 τοῖς
1683 1859 1907 1928 ἀγαθοῖς

227 1951 637 2022 ἀναμιγνύντες
682 1951 969 2021 διηνεκῶς.
1017 1951 1116 2004 Διά
1144 1950 1304 2004 τοῦτο
1339 1951 1433 2004 καὶ
1460 1951 1487 2002 6
1519 1949 1728 2011 Παῦλος
1765 1947 1907 2001 οῦτω

226 2039 505 2092 ποικίλλει
532 2039 624 2093 τὸν
654 2039 837 2109 λόγον,
862 2039 924 2092 οὐ
954 2039 1062 2109 μὴν
1091 2037 1300 2101 ἁπλῶς,
1328 2038 1464 2091 ἀλλά
1489 2037 1555 2089 τὰ
1595 2038 1804 2107 χρηστὰ
1828 2036 1908 2088 τί-

228 2125 363 2196 θησι
403 2126 638 2198 πρῶτον,
691 2128 784 2180 καὶ
821 2126 959 2197 μετά
1005 2126 1177 2179 ταῦτα
1214 2126 1282 2180 τά
1310 2125 1550 2196 λυπηρὰ,
1584 2125 1798 2186 δεικνὺς
1825 2124 1908 2176 ὅτι

226 2217 422 2268 ἐκεῖνα
468 2215 564 2286 μὲν
605 2216 703 2286 τῆς
755 2215 1172 2288 προηγουμένης
1216 2213 1310 2267 τοῦ
1339 2213 1473 2266 Θεοῦ
1510 2213 1735 2283 γνώμης
1767 2213 1906 2279 ἐστὶ,

226 2302 409 2357 ταῦτα
441 2303 498 2357 δέ
549 2304 651 2374 τῆς
687 2303 797 2357 τῶν
833 2301 1221 2375 ῥᾳθυμούντων
1249 2303 1536 2374 πονηρίας.
1569 2301 1725 2354 Οῦτω
1756 2301 1852 2354 κα)⁵
1881 2303 1909 2354 6

227 2394 524 2461 προφήτης
547 2390 762 2461 πρῶτον
787 2393 856 2443 :11
876 2389 1054 2458 ἀγαθά
1076 2389 1281 2460 τίθησι,
1303 2389 1477 2458 λέγων
1495 2405 1510 2420 °
1543 2389 1681 2442 Ἐὰν
1699 2387 1910 2455 θέλητε

228 2477 335 2531 καί
380 2477 782 2544 είσακούσητέ
819 2495 960 2547 μου,
993 2475 1067 2530 τὰ
1098 2477 1288 2546 ἀγαθὰ
1325 2475 1432 2544 τῆς
1467 2477 1580 2547 τῆς
1611 2475 1906 2546 φάγεσθε·

227 2565 345 2620 ἐὰν
359 2564 523 2635 δὲμὴ
540 2568 642 2619 θελ
651 2564 774 2634 ήση
783 2565 967 2629 τε,καί
976 2564 1062 2634 μὴ
1081 2565 1486 2632 είσακούσητέ
1494 2582 1636 2634 μου,
1647 2563 1912 2633 μάχαιρα

228 2651 395 2722 ὑμᾶς
413 2653 747 2708 κατέδεται.
775 2653 932 2706 υῦτω
953 2655 1046 2706 καὶ
1066 2653 1302 2706 ἐνταῦθα
1330 2655 1563 2723 προάγει
1589 2652 1679 2706 τδν
1695 2652 1852 2720 λόγον
1883 2654 1912 2704 6

230 2739 472 2804 Παῦλος.
514 2741 715 2794 Σκόπει
762 2742 854 2795 δέ’
898 2737 1071 2794 Ἦλθε
1123 2740 1303 2813 φέρων
1347 2743 1376 2793 6
1413 2741 1648 2812 Χριστὸς
1695 2741 1911 2810 ἄφεσιν,

231 2831 396 2900 φησὶ,
440 2829 804 2900 δικαιοσύνην.
839 2827 1021 2898 ζωήνο
1056 2832 1154 2882 κα)⁵
1193 2831 1292 2898 οὐχ
1332 2829 1519 2892 ἁπλῶς
1545 2841 1594 2892 ⁸,
1647 2829 1786 2882 ἀλλά
1823 2827 1912 2880 διὰ

234 2917 480 2988 σταυροῦ
530 2917 721 2988 φέρει·
759 2916 790 2970 6
819 2915 883 2984 δὴ
917 2916 1164 2986 μέγιστοε⁸
1203 2917 1295 2969 καὶ
1327 2915 1663 2986 θαυμαστὸν,
1697 2917 1795 2986 οὐχ
1831 2916 1913 2969 ὅτι

230 3004 467 3059 τοιαῦτα
497 3003 791 3075 ἐχαρίσατο
821 3005 1004 3076 μόνον,
1051 3005 1162 3058 ἀλλ’
1187 3005 1269 3058 ὅτι
1298 3005 1392 3056 καὶ
1433 3004 1658 3057 τοιαῦτα
1689 3004 1910 3057 ἔπαθεν.

237 3094 342 3146 Ἀν
375 3091 553 3146 τοίνυν
580 3090 843 3164 ὑϐρίσητε
872 3092 952 3155 είς
979 3091 1080 3154 τὰς
1101 3090 1328 3161 δωρεάς,
1353 3090 1470 3144 τότε
1500 3093 1818 3161 ἀναμενεῖτε
1845 3093 1914 3144 τὰ

232 3184 482 3256 λυπηρά.
537 3184 647 3237 Καὶ
677 3170 781 3256 ὅρα
821 3182 940 3247 πῶς
984 3181 1201 3254 ἐπαίρει
1229 3183 1321 3237 τὸν
1359 3183 1547 3250 λόγον.
1592 3183 1915 3238 Ἀποκανῑύ-

233 3289 448 3328 πτεται
495 3271 628 3342 γὰρ.
675 3272 862 3342 φησὶν,
905 3269 1051 3341 ὀργὴ
1095 3270 1244 3325 Θεοῦ
1285 3270 1386 3325 ἀπ’
1419 3270 1701 3339 οὐρανοῦ.
1741 3272 1914 3326 Πόθεν

230 3360 397 3414 τοῦτο
441 3359 635 3428 δῆλονς
669 3360 767 3412 Ἂν
808 3358 907 3429 μὲν
939 3361 968 3412 6
997 3357 1184 3418 πιστὸς
1213 3357 1370 3430 λέγῃ.
1414 3357 1508 3411 τοῦ
1537 3357 1772 3428 Χριστοῦ
1814 3359 1914 3421 τὰς

231 3447 547 3515 ἀποφάσεις
577 3445 842 3517 ἐροῦμενο
882 3444 950 3499 ἀν
973 3445 1031 3499 δέ
1055 3446 1084 3498 6
1115 3446 1344 3508 ἄπιστος
1379 3446 1474 3498 καὶ
1500 3446 1529 3499 6
1560 3444 1780 3515 Ἕλλην,
1807 3445 1916 3498 ἀπὸ

233 3535 347 3588 τῶν
369 3533 497 3603 ἑξῆς
527 3531 691 3586 αὐτὸν
715 3533 745 3584 6
772 3532 982 3596 Παῦλος
1012 3531 1354 3602 ἐπιστομίζει
1382 3531 1488 3585 τῶν
1520 3533 1649 3604 περὶ
1675 3535 1773 3604 τῆς
1799 3533 1912 3604 κρί-

237 3639 382 3685 σεως
419 3620 510 3674 τοῦ
553 3619 690 3674 Θεοῦ
723 3620 919 3689 λόγων,
961 3622 1027 3674 ἐκ
1065 3619 1172 3674 τῶν
1211 3621 1302 3674 ὐπ’
1347 3619 1571 3676 ἐκείνων
1615 3620 1916 3692 γινομένων

235 3707 518 3772 ἀπόδειξιν
545 3707 937 3778 ἀναντίρρητον
967 3706 1236 3774 εἰσάγων·
1263 3706 1293 3760 6
1323 3707 1388 3778 δὴ
1415 3706 1508 3761 καὶ
1541 3707 1656 3760 ἔστι
1683 3706 1916 3777 μάλιστα

236 3791 703 3864 παραδοξότατον,
753 3793 881 3846 ὅταν
927 3792 1053 3854 τοὺς
1083 3792 1462 3860 ἀντιλέγοντας
1507 3793 1644 3863 αὐτῇ
1682 3794 1750 3863 τῇ
1781 3791 1914 3862 ἀληο

237 3881 384 3954 θείᾳ,
413 3881 479 3934 δι’
513 3873 587 3934 ὧν
621 3880 834 3933 ποιοῦσι
865 3879 988 3933 καθ’
1023 3880 1261 3950 ἐκάστην
1299 3881 1331 3950 ἦ
1359 3881 1454 3935 καὶ
1494 3881 1732 3950 λέγουσι,
1789 3897 1912 3933 συνο

241 3971 570 4042 ισταμένους
585 3971 782 4029 αὐτοῦς
803 3969 1092 4038 ἀποφαίνει
1112 3972 1225 4032 τοῖς
1235 3972 1332 4039 τῆς
1355 3969 1614 4040 ἀληθείας
1632 3969 1914 4039 δόγμασιν.

250 4059 419 4112 Ἀλλά
443 4058 619 4112 ταῦτα
661 4059 760 4129 μὲν
793 4059 850 4112 ἐν
875 4059 986 4122 τοῖς
1025 4057 1180 4128 ἑξῆς,
1209 4057 1346 4120 τέως
1380 4057 1436 4110 δὲ
1478 4057 1587 4109 τῶν
1626 4057 1920 4128 προκειμέ-

238 4164 350 4200 νων
390 4143 664 4216 ἐχώμεθα.
726 4145 1238 4200 Ἀποκαλύπτεται
1281 4145 1391 4214 γὰρ
1431 4143 1575 4214 ὀργὴ
1626 4142 1775 4198 Θεοῦ
1819 4143 1920 4198 ἀπ’

238 4233 528 4304 οὐρανοῦ.
565 4233 758 4287 Καίτοι
797 4233 892 4286 καὶ
933 4231 1166 4286 ἐνταῦθα
1195 4232 1456 4295 πολλάκις
1496 4231 1652 4285 τοῦτο
1689 4231 1918 4300 γίνεται,

239 4319 357 4377 οἷον
403 4323 462 4374 ἐν
491 4321 672 4391 λιμοῖς
713 4321 808 4374 καὶ
851 4320 1059 4390 λοιμοῖς
1103 4321 1196 4374 καὶ
1226 4321 1512 4390 πολέμοιςο
1547 4321 1640 4374 καὶ
1672 4322 1778 4389 γὰρ
1818 4319 1922 4392 ίδίᾳ

239 4408 501 4468 ἑκαστος,
533 4406 628 4458 καὶ
665 4407 816 4475 κοινῇ
853 4404 1052 4468 πάντες
1090 4405 1428 4469 κολάζονται.
1462 4405 1528 4457 Τί
1562 4401 1656 4459 οῦν
1678 4404 1740 4458 :6
1771 4403 1920 4470 ξένον

240 4489 406 4554 τότες
444 4488 568 4541 Ὀτι
600 4487 696 4542 καὶ
732 4486 932 4558 μείζων
964 4488 996 4555 ἡ
1024 4487 1242 4550 κόλασις
1276 4487 1370 4540 καὶ
1401 4487 1554 4558 κοινὴ
1583 4487 1676 4540 καὶ
1701 4487 1803 4540 οὐκ
1829 4487 1920 4539 ἐπὶ

241 4585 358 4647 τοῖς
398 4582 604 4639 αὐτοῖς’
635 4581 731 4636 νῦν
773 4579 872 4651 μὲν
912 4580 1020 4651 γάρ
1047 4580 1184 4652 πρὸς
1216 4579 1503 4649 διόρθωσιν
1535 4579 1604 4632 τὰ
1633 4578 1913 4650 γινόμενα,

239 4669 368 4724 τότε
396 4669 453 4723 δέ
474 4668 612 4740 πρὸς
630 4668 900 4738 τιμωρίαν
917 4683 930 4697 ·
957 4668 1092 4739 ὅπερ
1118 4666 1211 4721 καὶ
1230 4669 1259 4720 6
1283 4665 1496 4730 Παῦλος
1515 4665 1691 4736 δηλῶν
1711 4665 1916 4733 ἔλεγεν,

242 4757 332 4812 ὅτι
359 4755 766 4824 [Ιαιδευόμεθα
785 4754 922 4819 νῦν,
946 4756 1047 4808 ἵνα
1063 4752 1149 4824 μὴ
1166 4752 1288 4808 σὺν
1313 4753 1394 4820 τῷ
1419 4755 1626 4824 κόσμῳ
1649 4771 1920 4822 κατακρι-

244 4844 463 4914 θῶμεν.
501 4843 612 4896 Καὶ
654 4841 748 4896 νῦν
781 4841 880 4912 μὲν
923 4843 983 4894 οὐ
1009 4841 1096 4896 διὰ
1130 4843 1230 4911 τὴν
1259 4840 1465 4896 ἀνωθεν
1493 4841 1665 4914 ὀργῆν
1703 4841 1918 4905 πολλοῖς

242 4932 396 4986 δοκεῖ
420 4930 487 4984 τά
514 4929 684 4983 πολλά
722 4929 991 4998 γίνεσθαι,
1018 4928 1153 4982 ἀλλά
1176 4928 1243 4981 δι’
1267 4926 1572 4998 ἀνθρώπων
1620 4931 1915 5001 ἐπήρειανο

243 5020 370 5073 τότε
409 5019 466 5072 δὲ
511 5019 723 5088 φανερά
756 5017 910 5070 ἐσται
950 5019 984 5089 ἡ
1019 5017 1172 5089 παρὰ
1209 5016 1301 5070 τοῦ
1333 5016 1469 5070 Θεοῦ
1503 5017 1745 5082 κόλασις,
1788 5018 1919 5071 ὅταν

245 5109 554 5179 καθήμενος
581 5107 674 5161 ἐπὶ
703 5107 796 5160 τοῦ
832 5107 1063 5185 φοϐεροῦ
1096 5106 1337 5179 βήματος
1365 5107 1395 5160 6
1419 5106 1632 5178 κριτὴς,
1664 5109 1789 5171 τοὺς
1820 5107 1920 5178 μὲν

246 5196 342 5250 ἐπὶ
367 5197 465 5258 τὰς
488 5195 752 5266 καμίνους
775 5194 1028 5248 ἕλκεσθαι
1055 5196 1271 5266 κελεύῃ,
1301 5193 1426 5258 τοὺς
1453 5195 1505 5248 δὲ
1536 5195 1629 5248 ἐπὶ
1652 5194 1712 5248 :6
1732 5196 1918 5258 σκότος

245 5285 308 5339 :6
329 5283 613 5354 ἐξώτερον,
630 5284 755 5347 τοὺς
782 5283 838 5336 δὲ
863 5283 948 5336 ἐπ’
977 5283 1143 5348 ἄλλας
1167 5285 1577 5355 ἀπαραιτήτους
1595 5286 1690 5338 καὶ
1709 5284 1918 5355 ἀφορή-

246 5390 379 5436 τους
439 5372 709 5435 κολάσεις.
733 5371 843 5426 Καὶ
871 5371 1015 5434 τίνος
1035 5370 1220 5425 ἐνεκεν
1238 5373 1337 5442 οὐχ
1358 5371 1533 5436 οὕτως
1562 5367 1682 5425 εἷπε
1709 5373 1917 5441 σαφῶς,

246 5456 363 5516 οἷον
391 5462 474 5515 ὅτι
497 5463 528 5515 6
559 5461 687 5524 Υἱὸς
717 5459 812 5514 τοῦ
841 5460 977 5514 Θεοῦ
1010 5459 1194 5531 μέλλει
1223 5459 1617 5532 παραγίνεσθαι
1643 5460 1784 5531 μετά
1814 5477 1918 5532 μυ-

247 5550 389 5622 ρίων
411 5548 680 5616 ἀγγέλων,
713 5553 806 5602 καὶ
833 5549 933 5612 τάς
979 5547 1209 5611 εὐθύνας
1244 5548 1492 5602 ἀπαιτεῖν
1519 5547 1770 5613 ¹ἑκαστον,
1803 5547 1920 5602 ἀλλ’

245 5638 333 5692 ὅτι
379 5635 879 5688 Ἀποκαλύπτεται
920 5633 1064 5706 ὀργὴ
1107 5635 1287 5699 Θεοῦ;
1319 5635 1439 5688 Τῶν
1471 5634 1744 5705 νεοφύτων
1780 5630 1922 5707 ἦσαν

246 5726 300 5777 οἱ
329 5722 620 5784 ἀκούοντες
661 5722 770 5774 ἐτι·
811 5721 896 5776 διὰ
931 5722 1089 5776 τοῦτο
1115 5722 1224 5776 ἀπὸ
1249 5723 1358 5776 τῶν
1409 5722 1614 5795 σφόδρα
1641 5722 1921 5794 ὡμολογη-

250 5811 435 5884 μένων
459 5811 586 5880 παρ⁹
616 5809 802 5872 αὐτοῖς
832 5809 1048 5880 πρῶτον
1073 5811 1270 5873 αὐτοὺς
1297 5812 1614 5864 ἐπισπᾶται.
1653 5811 1838 5882 Χωρὶς
1863 5811 1918 5866 δέ

246 5891 364 5949 τῶν
405 5891 739 5965 εἰρημένων,
785 5893 877 5944 καὶ
916 5892 1052 5964 πρὸς
1101 5893 1366 5966 ’Έλληνας
1417 5894 1794 5951 ἀποτείνεσθαί
1831 5914 1919 5968 μοι

311 5995 528 6063 ’,Διὶυι
549 5997 629 6046 καί
651 5997 740 6060 οὐχ
764 5997 926 6053 ἁπλῶς
955 5996 1120 6048 ταῦτα.

2007 748 2183 804 δοκεῖ’
2215 750 2295 805 6-.6
2337 751 2428 805 καὶ
2458 751 2708 806 ἐντεῦθεν
2741 754 3156 826 προοιμιάζεται
3176 772 3189 784 '
3221 755 3445 828 ὓστερον
3484 759 3538 814 δέ
3583 763 3680 816 καὶ

2006 835 2099 888 τὸν
2129 839 2258 906 περὶ
2287 838 2387 907 τῆς
2430 839 2662 908 κρίσεως
2694 839 2785 892 τοῦ
2818 840 3054 911 Χριστοῦ
3086 842 3244 912 λόγον
3275 844 3504 914 εἰσάγει.
3554 849 3680 902 Ἐπί

2009 924 2217 978 πᾶσαν
2259 925 2543 981 ἀσέϐειαν
2594 927 2692 980 καί
2744 928 2987 983 ἀδικίαν
3035 931 3361 998 ἀνθρώπων
3413 935 3529 988 τῶν
3567 935 3682 1004 τὴν

2009 1013 2300 1081 ἀλήθειαν
2331 1013 2400 1067 έν
2430 1014 2631 1081 ἀδικίᾳ
2662 1018 3055 1084 κατεχόντων.
3100 1020 3361 1074 Ἐνταῦθα
3387 1020 3678 1090 δείκνυσιν,

2008 1101 2090 1154 ὅτι
2115 1101 2308 1154 πολλαὶ
2337 1101 2437 1172 τῆς
2468 1101 2721 1166 ἀσεϐείας
2746 1105 2801 1157 αί
2827 1105 2958 1163 ὁδοὶ,
2989 1108 3022 1177 ῆ
3052 1107 3106 1160 δὲ
3137 1112 3232 1179 τῆς
3271 1109 3526 1180 ἀληθείας
3549 1112 3678 1182 μία³

2010 1190 2106 1242 καὶ⁸
2149 1189 2256 1261 γὰρ
2309 1190 2554 1243 ποικίλον
2603 1191 2698 1244 καὶ
2748 1191 3022 1257 πολυειδὲς
3052 1195 3146 1248 καὶ
3198 1199 3602 1269 συγκεχυμένον
3643 1201 3677 1271 ῆ

2010 1277 2208 1346 πλάνη.
2265 1275 2482 1350 [449]ὴ
2535 1277 2593 1331 δέ
2653 1278 2882 1351 ἀλήθεια
2943 1280 3059 1352 μία.
3114 1281 3298 1337 Εἰπὼν
3338 1285 3394 1338 δὲ
3443 1288 3571 1356 περὶ
3597 1286 3685 1346 60-,

2007 1363 2254 1432 γμάτων,
2294 1363 2443 1432 λέγει
2471 1365 2563 1418 καὶ
2591 1367 2715 1437 περὶ
2745 1366 2882 1436 βίου.
2915 1368 3128 1422 ἀδικίαν
3156 1371 3460 1442 ἀνθρώπων
3488 1375 3678 1431 εἰπών.

2009 1451 2118 1504 Καὶ
2172 1451 2284 1522 γὰρ
2333 1454 2386 1504 αἱ
2428 1452 2632 1506 ἀδικίαι
2668 1453 2993 1508 ποικίλαιδ·
3043 1456 3199 1528 καὶὴ
3249 1458 3348 1526 μὲν
3385 1460 3510 1530 περὶ
3541 1461 3682 1532 χρή-

2011 1555 2159 1608 ματα
2198 1539 2440 1607 γίνεται,
2478 1534 2589 1594 οἷον
2634 1541 2761 1595 ὃταν
2799 1560 2882 1606 τις
2913 1544 2971 1596 ἐν
2999 1543 3207 1608 τούτοις
3242 1547 3401 1618 ἀδικῇ
3430 1547 3519 1601 τὸν
3546 1549 3684 1617 πλη-

2009 1625 2152 1678 σίον·
2192 1626 2224 1695 ἡ
2273 1625 2330 1680 δέ
2368 1627 2496 1697 περὶ
2533 1630 2819 1694 γυναῖκας,
2857 1630 2985 1683 ὅταν
3015 1648 3099 1692 τις
3131 1633 3289 1701 ἀφεὶς
3329 1633 3428 1703 τὴν
3463 1635 3680 1700 ἐαυτοῦ,

2007 1713 2100 1766 τὸν
2130 1713 2318 1785 ἐτέρου
2361 1713 2614 1786 διορύττῃ
2651 1717 2825 1787 γάμον
2847 1733 2862 1747 °
2899 1717 3138 1788 καὶςγὰρ
3183 1719 3274 1771 καὶ
3307 1720 3462 1772 τοῦτο
3494 1723 3682 1776 πλεονο

2007 1799 2158 1866 εξίαν
2187 1800 2216 1852 6
2243 1799 2452 1865 Παῦλος
2483 1803 2656 1862 καλεῖ,
2681 1803 2822 1856 οῦτω
2852 1803 3025 1873 λέγων
3050 1824 3062 1836 ·
3095 1805 3165 1859 Τὸ
3189 1805 3275 1874 μὴ
3302 1809 3685 1874 ὑπερϐαίνειν

2008 1888 2109 1941 καί
2137 1877 2526 1942 πλεονεκτεῖν
2553 1891 2621 1942 ἐν
2647 1888 2729 1956 τῷ
2756 1891 3047 1960 πράγματι
3068 1892 3176 1946 τόν
3207 1894 3492 1962 ἁδελρόν.
3521 1897 3682 1950 Ἕτε-

2013 1993 2094 2045 ροι
2153 1976 2339 2041 πάλιν,
2371 1977 2492 2029 ἀντὶ
2521 1979 2776 2045 γυναικὸς
2807 1980 2901 2032 καὶ
2928 1983 3248 2050 χρημάτων,
3292 1983 3450 2050 δόξαν
3482 1983 3682 2054 λυμαί-

2007 2080 2187 2116 νονται
2216 2063 2314 2134 τήν
2349 2064 2444 2117 τοῦ
2484 2064 2739 2133 πλησίον·
2779 2066 3062 2121 καὶτοῦτο
3088 2069 3146 2121 δέ
3182 2070 3400 2124 ἀδικία·
3442 2073 3536 2125 καὶ
3572 2075 3682 2144 γάρ

2007 2150 2310 2220 Κρεῖσσον
2347 2151 2535 2220 ὄνομα
2566 2153 2780 2213 καλὸν.
2811 2154 2848 2220 ἢ
2886 2155 3150 2221 πλοῦτος
3191 2159 3406 2224 πολύς.
3443 2159 3599 2222 Τινὲς
3624 2159 3684 2214 δέ

2009 2254 2194 2306 φασιν,
2223 2237 2306 2290 ὅτι
2335 2239 2430 2292 καὶ
2453 2237 2610 2292 τοῦτο
2637 2240 2766 2309 περὶ
2799 2240 3088 2310 δογμάτων
3120 2242 3337 2314 εἴρηται
3356 2245 3435 2314 τῷ
3462 2246 3680 2316 Παύλῳο

2011 2326 2150 2397 πλὴν
2175 2326 2328 2380 οὐδὲν
2343 2325 2550 2408 ,κωλύει
2576 2328 2705 2398 περὶ
2732 2329 3059 2402 ἀμφοτέρων
3081 2330 3350 2402 εἰρῆσθαι.
3381 2334 3517 2386 Τίδέ
3543 2337 3680 2398 ἐστι,

2015 2414 2136 2479 Τὴν
2183 2413 2472 2478 ἀλήθειαν
2499 2414 2569 2468 ἐν
2611 2414 2813 2482 ἀδικίᾳ
2845 2417 3239 2486 κατεχόντων,
3289 2418 3376 2472 διὰ
3419 2421 3526 2473 τῶν
3556 2421 3682 2490 ἐξῆς

2013 2501 2278 2570 μάνθανε.
2320 2503 2447 2556 Ὅτι
2491 2503 2556 2556 τὸ
2588 2503 2863 2572 γνωστὸν
2895 2504 3003 2558 τοῦ
3042 2505 3188 2559 Θεοῦ
3217 2509 3478 2574 φανερόν
3515 2509 3684 2562 ἐστιν

2010 2591 2081 2642 ἐν
2122 2591 2357 2657 αὐτοῖς·
2413 2593 2444 2644 ὁ
2485 2591 2630 2658 Θεὸς
2677 2591 2785 2660 γὰρ
2814 2591 3019 2658 αὐτοῖς
3067 2593 3471 2662 ἐφανέρωσεν.
3523 2597 3684 2650 Ἀλλά

2011 2677 2214 2749 ταύτην
2251 2679 2350 2750 τὴν
2380 2677 2538 2744 δόξαν
2567 2679 2745 2746 ξύλοις
2777 2680 3114 2752 περιέθηκαν
3141 2670 3234 2735 καὶ
3256 2682 3445 2746 λίθοις.

2085 2767 2148 2838 β’.
2173 2763 2490 2838 Ὠσπεροῦν
2509 2770 2537 2821 6
2568 2769 2823 2840 χρήματα
2846 2768 3155 2833 πιστευθεὶς
3178 2769 3448 2840 βασιλικὰ,
3484 2773 3578 2826 καὶ
3606 2773 3684 2838 είς

2013 2859 2112 2929 τὴν
2153 2857 2248 2911 τοῦ
2297 2859 2558 2928 βασιλέως
2603 2859 2761 2924 δόξαν
2807 2859 3078 2912 ἀναλῶσαι
3124 2861 3456 2926 κελευσθεὶς.
3498 2862 3564 2916 ἂν
3605 2865 3688 2927 είς

2015 2945 2220 3017 λῃστάς
2261 2947 2356 3000 καὶ⁵
2407 2947 2612 3016 πόρνας
2647 2948 2740 3000 καὶ
2781 2947 2986 3017 γόητας
3029 2947 3316 3022 δαπανήσῃ
3360 2949 3553 3012 ταῦτα,
3590 2949 3688 3004 καὶ

2015 3035 2304 3105 λαμπροὺς
2331 3035 2553 3096 τούτους
2588 3033 2698 3088 ἀπὸ
2727 3034 2835 3087 τῶν
2868 3033 2963 3088 τοῦ
3014 3034 3277 3104 βασιλέως
3305 3037 3505 3109 ποιήσῃ
3545 3054 3686 3109 χρη-

2019 3125 2226 3194 μάτων,
2267 3123 2344 3186 ὠς
2389 3123 2457 3176 τά
2496 3123 2726 3192 μέγιστα
2767 3123 3045 3193 ἠδικηκὼς
3079 3125 3170 3177 τὸν
3219 3124 3478 3195 βασιλέαο
3523 3127 3686 3180 κολάσ-

2018 3207 2170 3268 ςεται
2187 3221 2200 3233 ·
2228 3204 2372 3258 οὕτω
2400 3206 2494 3259 καὶ
2526 3201 2670 3260 οῦτοι
2697 3204 2952 3270 λαϐόντες
2979 3209 3076 3274 τὴν
3106 3208 3232 3278 περὶ
3260 3207 3354 3261 τοῦ
3382 3207 3517 3261 Θεοῦ
3549 3210 3690 3278 γνῶ-

2018 3311 2103 3346 σιν
2124 3293 2218 3347 καὶ
2241 3293 2341 3363 τῆς
2360 3293 2518 3362 δόξης
2543 3291 2730 3356 αὐτοῦ,
2757 3287 2877 3347 εἶτα
2898 3293 3138 3357 εἰδώλοις
3157 3295 3328 3366 αὐτὴν
3349 3295 3684 3368 περιθέντες,

2013 3382 2074 3435 ἐν
2113 3381 2298 3452 ἀδικίᾳ
2341 3381 2439 3452 τήν
2473 3381 2734 3452 ἀλήθειαν
2778 3382 3042 3452 κατέσχον
3063 3381 3112 3447 ἀ,
3159 3383 3275 3444 καὶ.
3303 3382 3366 3435 τό
3392 3399 3454 3450 γε
3484 3384 3563 3446 είς
3591 3383 3689 3436 αὐ-

2013 3469 2140 3532 τοὺς
2169 3464 2325 3542 ἧκον,
2348 3468 2612 3540 ήδίκησαν
2636 3471 2734 3538 τήν
2760 3469 2984 3536 γνῶσιν,
3015 3469 3116 3523 οὐκ
3143 3469 3224 3534 εἰς
3244 3470 3314 3523 τὰ
3342 3471 3689 3540 προσήκοντα

2015 3556 2152 3627 αὐτῇ
2190 3555 2548 3628 χρησάμενοι.
2580 3553 2724 3626 Ἀρα
2761 3554 2984 3624 γέγονεν
3013 3556 3144 3626 ὑμῖν
3173 3556 3344 3624 σαφὲς
3375 3555 3436 3609 :6
3472 3555 3684 3626 λεχθέν,

2023 3641 2055 3711 ἢ
2105 3643 2188 3695 δεῖ
2228 3643 2562 3712 σαφέστερον
2596 3643 2728 3697 αὐτὸ
2757 3643 2918 3698 πάλιν
2948 3645 3158 3710 είπεῖν;
3205 3643 3358 3713 Τάχα
3389 3644 3687 3712 ἀναγκαῖον

2017 3731 2180 3783 πάλιν
2211 3733 2406 3784 εἰπεῖν.
2437 3731 2501 3784 Τί
2530 3726 2624 3784 οὖν
2650 3731 2768 3784 ἐστι
2801 3731 2861 3783 :6
2886 3731 3208 3800 λεγόμενον;
3235 3732 3346 3801 Τὴν
3370 3731 3496 3800 περὶ
3521 3731 3686 3784 αὐτοῦ

2016 3816 2217 3884 γνῶσιν
2249 3817 2307 3883 ἐξ
2335 3818 2510 3888 ἀρχῆς
2547 3818 2660 3880 τοῖς
2690 3816 2997 3887 ἀνθρώποις
3028 3817 3288 3885 ἐνέθηκεν
3309 3819 3338 3869 6
3363 3818 3513 3879 Θεὸς,
3550 3818 3687 3871 ἀλλά

2015 3904 2220 3974 ταύτην
2261 3904 2359 3974 τὴν
2403 3903 2605 3971 γνῶσιν
2638 3904 2688 3957 οἱ
2726 3904 2988 3974 ’Έλληνες
3035 3903 3211 3968 ξύλοις
3245 3904 3558 3974 περιθέντες
3589 3905 3686 3958 καὶ

2017 3991 2207 4054 λίθοις,
2244 3991 2509 4062 ἠδίκησαν
2552 3991 2652 4058 τὴν
2697 3990 2978 4062 ἀλήθειαν,
3031 3991 3093 4044 τό
3135 4007 3198 4060 γε
3248 3990 3428 4044 αὐτῶν
3487 3991 3682 4063 μέρος⁶

2017 4079 2198 4149 ἐκείνη
2244 4078 2354 4151 γὰρ
2398 4078 2668 4149 ἄτρεπτος
2709 4078 2882 4147 μένει,
2919 4080 3018 4148 τῆν
3053 4077 3260 4131 οἰκείαν
3295 4078 3453 4143 δόξαν
3488 4078 3688 4148 ἔχουσα

2018 4165 2293 4234 ἀκίνητον.
2344 4165 2454 4220 Καὶ
2501 4164 2667 4218 πόθεν
2709 4165 2884 4235 δῆλον,
2911 4166 3008 4232 ,δτι
3046 4163 3304 4236 ἐνέθηκεν
3348 4166 3530 4229 αὐτοῖς
3587 4165 3688 4234 τὴν

2017 4254 2240 4323 γνῶσιν,
2292 4247 2338 4307 ὦ
2384 4251 2598 4318 Παῦλε;
2649 4254 2798 4317 Ὅτι,
2853 4254 3009 4324 φησὶ,
3063 4253 3131 4307 τὸ
3189 4253 3458 4323 γνωστὸν
3499 4252 3688 4308 αὑτοῦ

2018 4343 2281 4412 φανερόν
2306 4341 2478 4395 ἐστιν
2497 4340 2566 4394 ἐν
2591 4339 2817 4406 αὐτοῖς.
2854 4339 3016 4394 Ἀλλά
3041 4339 3196 4393 τοῦτο
3221 4339 3491 4408 ἀπόφασίς
3515 4340 3686 4405 ἐστιν,

2018 4425 2118 4478 οὐκ
2159 4423 2432 4490 ἀπόδειξις
2453 4442 2466 4455 ο
2499 4424 2563 4476 σὺ
2597 4422 2654 4476 δέ
2689 4441 2778 4493 μοι
2827 4423 3255 4488 κατασκεύασον,
3289 4423 3384 4477 καὶ
3413 4422 3582 4489 δεῖξον
3607 4423 3687 4476 ὅτι

2018 4515 2051 4582 ή
2084 4511 2284 4580 γνῶσις
2314 4514 2347 4583 ή
2393 4511 2521 4581 περὶ
2549 4509 2643 4564 τοῦ
2676 4509 2808 4564 Θεοῦ
2843 4509 2975 4582 δήλη
3007 4507 3074 4582 ἦν
3106 4511 3307 4574 αὐτοῖς,
3339 4511 3432 4564 καὶ
3471 4509 3688 4573 ἑκόντες

2022 4600 2393 4671 παρέδραμον.
2443 4597 2614 4652 Πόθεν
2639 4594 2732 4652 οὖν
2761 4597 2896 4668 δήλη
2933 4593 3028 4669 ἦν;
3058 4599 3238 4668 φωνὴν
3267 4598 3448 4660 αὐτοῖς
3481 4596 3688 4649 ἀνωθεν

2020 4687 2266 4758 ἀφῆκεν;
2313 4686 2608 4757 οὐδαμῶς·
2661 4685 2775 4738 ἀλλ’
2819 4685 2848 4739 6
2888 4686 3070 4754 φωνῆς
3119 4686 3314 4747 αὐτοὺς
3362 4682 3687 4753 ἐφέλκεσθαι

2023 4774 2225 4844 μᾶλλον
2265 4772 2517 4842 ἠδύνατο,
2563 4772 2724 4826 τοῦτο
2756 4771 2999 4840 ἐποίησε,
3037 4771 3134 4839 τήν
3175 4770 3352 4822 κτίσιν
3394 4771 3473 4832 είς
3523 4769 3688 4838 μέσον

2022 4861 2268 4932 προθεὶς,
2295 4860 2436 4913 ὥστε
2471 4861 2566 4914 καί⁹
2607 4859 2769 4929 σοφὸν
2815 4857 2908 4910 καὶ
2945 4857 3177 4927 ἰδιώτην,
3213 4857 3307 4909 καὶ
3349 4856 3564 4927 Σκύθην
3593 4858 3689 4910 καὶ

2023 4948 2294 5020 βάρϐαρον
2328 4946 2418 5002 διὰ
2443 4949 2541 5019 τῆς
2567 4947 2745 5016 ὅψεως
2764 4943 3148 5014 καταμαθόντα
3177 4943 3284 4996 τῶν
3315 4943 3608 5013 δρωμένων
3627 4945 3688 4996 :6

2021 5035 2238 5100 κάλλος,
2279 5034 2372 5088 ἐπὶ
2420 5034 2512 5088 τὸν
2562 5031 2694 5086 Θεὸν
2747 5030 3075 5085 ἀναϐαίνειν.
3109 5031 3201 5084 Διό
3244 5047 3408 5100 φησιο
3457 5031 3533 5085 Τὰ
3577 5031 3689 5103 γὰρ

2020 5123 2242 5191 ἀόρατα
2285 5122 2471 5177 αὐτοῦ
2506 5119 2625 5175 ἀπὸ
2673 5120 2924 5184 κτίσεως
2955 5119 3188 5188 κόσμου
3235 5121 3360 5186 τοῖς
3395 5119 3690 5188 ποιήμασι

2020 5214 2318 5282 νοούμενα
2334 5209 2654 5279 καθορᾶται
2673 5227 2684 5239 ·
2712 5211 2850 5279 ὅπερ
2868 5206 2960 5263 οῦν
2985 5211 3080 5263 καὶ
3101 5211 3130 5263 6
3165 5212 3449 5282 προφήτης
3479 5211 3684 5278 ἔλεγεν·

2023 5303 2089 5354 Ol
2125 5299 2368 5368 οὐρανοὶ
2417 5296 2760 5365 διηγοῦνται
2797 5296 2986 5362 δόξαν
3033 5300 3308 5354 Θεοῦ.“Τί
3348 5299 3456 5370 γὰρ
3504 5299 3689 5370 ἐροῦσι

2023 5388 2142 5441 κατ’
2179 5385 2396 5456 ἐκείνην
2429 5385 2525 5456 τῆν
2555 5385 2768 5455 ἡμέραν
2796 5387 2846 5439 οἱ
2882 5385 3269 5458 Ἕλληνες;δτι
3309 5388 3688 5458 Ἥγνοήσαμέν

2024 5491 2114 5541 σε;
2141 5469 2275 5530 Εἶτα
2301 5473 2401 5527 οὐκ
2422 5473 2692 5544 ἠκούσατε
2717 5473 2808 5528 τοῦ
2823 5475 3054 5546 οὐρανοῦ
3077 5476 3257 5545 φωνὴν
3272 5475 3358 5527 διὰ
3385 5477 3482 5544 τῆς
3507 5474 3688 5543 ὅψεως

2021 5564 2311 5636 ἀφιέντος,
2355 5564 2452 5635 τῆς
2487 5563 2753 5618 εὐτάκτου
2805 5565 3024 5619 πάντων
3071 5564 3335 5636 ἁρμονίας
3387 5563 3686 5630 σάλπιγγος

2022 5653 2402 5724 λαμπρότερον
2446 5651 2691 5722 βοὼσηςς
2732 5652 2924 5716 νυκτὸς
2965 5652 3060 5706 καὶ
3100 5653 3312 5722 ἡμέρας
3358 5651 3554 5721 νόμους
3587 5648 3700 5703 οὐκ.

2025 5741 2190 5794 εἴδετε
2236 5740 2495 5812 μένοντας
2534 5739 2682 5814 [450]
2731 5741 3018 5810 ἀκινήτους
3061 5739 3350 5806 διηνεκῶς;
3398 5738 3684 5808 χειμῶνος,

2026 5829 2206 5901 ἔαρος,
2229 5829 2320 5882 καὶ
2343 5828 2453 5882 τῶν
2480 5828 2656 5884 ἄλλων
2687 5828 2847 5901 ὡρῶν
2863 5828 2962 5900 τὴν
2983 5827 3236 5893 εὐταξίαν
3261 5826 3484 5898 βεϐαίαν
3504 5841 3562 5877 τε
3597 5824 3689 5878 καὶ

2093 5961 2121 6002 ι,
2151 5943 2288 5992 Unus
2319 5943 2449 6001 cod.,
2474 5943 2652 5992 ἀδικίαι
2671 5941 2859 5991 πολλαί.

2929 5946 2950 5974 ε
2971 5941 3081 5992 Duo
3105 5956 3149 5990 m
3177 5955 3238 6001 3.,
3259 5942 3343 5997 τήν
3363 5936 3620 6003 βασιλείαν.

2032 6004 2057 6043 ἀ
2093 6007 2211 6066 Alii,
2235 6006 2498 6068 περιέσχον.
