4064 6296
420 359 527 415 415

421 476 679 546 ἀκίνητον
729 470 933 538 οὖσαν;
983 471 1255 541 θαλάττης
1312 471 1734 542 εὐγνωμοσύνην
1777 473 1835 525 ἐν
1880 475 2094 544 ταραχῇ

415 572 654 642 τοσαύτῃ
696 571 792 623 καὶ
842 569 1086 640 κύμασι;
1126 569 1303 622 πάντα
1342 569 1400 620 ἐν
1425 567 1578 635 τάξει
1609 568 1858 638 μένοντα,
1890 571 1984 623 καὶ
2010 568 2097 623 διὰ

416 669 512 725 τοῦ
552 668 787 731 κάλλους
824 668 921 721 καὶ
956 666 1043 720 διὰ
1087 665 1180 719 τοῦ
1222 665 1487 736 μεγέθους
1517 664 1962 735 ἀνακηρύττοντα
2003 666 2095 719 τὸν

415 764 778 835 Δημιουργόν;
801 762 987 817 Ταῦτα
1012 761 1120 830 γὰρ
1142 762 1380 826 ἅπαντα,
1414 761 1514 815 καί⁸
1540 760 1609 814 τὰ
1634 761 1839 813 τούτων
1874 760 2095 815 πλείονα

418 860 656 916 συνελὼν
698 862 725 914 6
760 860 971 922 Παῦλος
1017 858 1167 926 ἔλεγε
1192 874 1205 889 ⁸
1258 859 1333 911 Τὰ
1370 856 1481 926 γὰρ
1513 858 1732 925 ἀόρατα
1760 857 1945 912 αὑτοῦ
1976 858 2095 912 ἀπὸ

416 962 669 1024 κτίσεως
690 958 922 1026 κόσμου
949 955 1072 1021 τοῖς
1104 954 1391 1025 ποιήμασι
1428 959 1724 1026 νοούμενα
1756 955 2091 1025 καθορᾶται·

416 1058 456 1124 ἥ
480 1074 541 1110 τε
578 1056 770 1121 ἀΐδιος
805 1052 992 1106 αὑτοῦ
1025 1052 1279 1119 δύναμις
1305 1052 1402 1105 καί
1430 1054 1680 1119 θειότης,
1709 1056 1796 1119 εἰς
1838 1053 1904 1106 τὸ
1941 1048 2091 1105 εἶναι

414 1152 636 1218 αὐτοὺς
668 1148 1183 1217 ἀναπολογήτους.
1218 1150 1411 1201 Καίτοι
1441 1166 1503 1217 γε
1530 1149 1590 1201 οὑ
1624 1149 1713 1202 διά
1732 1148 1890 1202 τοῦτο
1922 1148 2096 1203 ταῦτα

416 1252 671 1323 ἐποίησεν
701 1251 727 1302 6
750 1250 903 1314 Θεὸς,
945 1251 993 1302 εἰ
1035 1250 1129 1302 καὶ
1156 1248 1314 1302 τοῦτο
1337 1247 1516 1321 ἐξέϐη.
1547 1250 1622 1302 Οὑ
1648 1249 1755 1320 γὰρ
1780 1250 1867 1302 ἵνα
1898 1250 2094 1312 αὑτοὺς

414 1347 709 1416 ἀπολογίας
735 1347 1108 1417 ἀποστερήσῃ,
1143 1345 1489 1399 διδασκαλίαν
1517 1345 1784 1415 τοσαύτην
1820 1348 1899 1409 είς
1924 1347 2094 1416 μέσον

417 1444 746 1515 προὺθηκεν,
768 1443 881 1495 ἀλλ’
898 1443 985 1495 ἵνα
1015 1440 1174 1495 αὑτὸν
1186 1442 1500 1508 ἐπιγνῶσιν’
1516 1442 2002 1511 ἀγνωμονήσαντες
2015 1440 2090 1503 δὲ,

416 1542 598 1612 πάσης
624 1541 850 1601 ἑαυτοὺς
875 1539 1177 1609 ἐστέρησαν
1208 1538 1520 1605 ἀπολογίας.
1556 1535 1685 1590 Εἶτα
1712 1537 1947 1599 δεικνὺς,
1978 1536 2093 1598 πῶς

414 1642 553 1695 εἰσιν
574 1639 864 1707 ἀπολογίας
885 1636 1339 1707 ἀπεστερημένοι,
1365 1634 1544 1706 φησίν
1570 1637 1697 1687 Ὅτι
1717 1636 1967 1704 γνόντες
1988 1634 2096 1687 τὸν

416 1736 567 1794 Θεὸν
599 1739 713 1806 οὐχ
746 1737 826 1801 ὡς
867 1736 1017 1788 Θεὸν
1051 1734 1359 1797 ἐδόξασαν
1400 1732 1437 1800 ἢ
1475 1732 1951 1800 εὐχαρίστησαν.
1998 1728 2094 1780 Ἲσζν

415 1830 574 1885 τοῦτο
594 1830 847 1899 ἔγκλημα
872 1828 1125 1899 μέγιστον
1146 1845 1160 1859 ο
1180 1827 1432 1898 δεύτερον
1461 1827 1519 1880 δὲ
1546 1828 1663 1896 μετ’
1694 1826 1889 1891 ἐκεῖνο,
1911 1826 1971 1878 τὸ
2000 1825 2096 1878 καὶ

416 1926 610 1980 εἴδωλα
628 1926 1024 1996 προσκυνῆσαι,
1055 1924 1082 1976 ὃ
1104 1923 1198 1976 καὶ
1236 1923 1504 1994 Ἱερεμίας
1533 1922 1877 1993 κατηγορῶν,
1905 1921 2057 1990 ἔλεγε
2081 1938 2093 1949 ·

416 2024 533 2077 Δύο
558 2024 792 2090 πονηρὰ
816 2022 1106 2087 ἐποίησεν
1125 2023 1157 2073 ό
1177 2020 1322 2085 λαὸς
1348 2014 1525 2084 οὗτος
1540 2034 1553 2047 ·
1579 2017 1684 2086 ἐμὲ
1702 2016 2095 2086 ἐγκατέλιπον

421 2120 628 2191 πηγὴν
656 2117 868 2184 ζῶντος
908 2118 1147 2182 ὕδατος,
1190 2118 1288 2171 καί
1311 2117 1551 2186 ὤρυξαν
1571 2116 1806 2182 ἑαυτοῖς
1828 2115 2097 2182 λάκκους

414 2220 981 2289 συντετριμμένους.
1035 2214 1167 2270 Εἶτα
1219 2216 1313 2269 καὶ
1348 2219 1574 2287 σημεῖον
1615 2216 1708 2269 τοῦ
1756 2215 1955 2269 εἰδέναι
2003 2213 2095 2265 τὸν

414 2316 568 2380 Θεὸν,
594 2318 687 2369 καὶ
713 2316 786 2387 μὴ
817 2314 1051 2385 χρῆσθαι
1083 2316 1161 2377 εἰς
1192 2314 1310 2367 δέον
1335 2317 1400 2383 τῇ
1426 2313 1645 2382 γνώσει,
1675 2313 1916 2383 παράγει
1940 2311 2096 2366 τοῦτο

415 2413 570 2479 αὐτὸ,
623 2413 683 2465 τὸ
734 2412 888 2474 θεοὺς
950 2411 1281 2479 ἐγνωκέναι·
1336 2410 1525 2481 διόπερ
1586 2410 1869 2480 ἐπήγαγε·
1942 2410 2094 2463 Διότι

413 2507 662 2575 γνόντες
698 2504 804 2557 τὸν
848 2504 1018 2566 Θεὸν,
1054 2507 1165 2572 οὐχ
1198 2503 1278 2567 ὡς
1320 2503 1470 2556 Θεὸν
1503 2502 1826 2566 ἐδόξασαν.
1861 2503 1973 2557 Καὶ
1996 2503 2095 2575 τὴν

416 2596 596 2648 αἰτίαν
628 2596 685 2649 δὲ
724 2596 928 2664 τίθησι,
968 2596 1038 2647 δι’
1068 2596 1133 2665 ἣν
1164 2595 1241 2657 εἰς
1282 2594 1552 2665 τοσαύτην
1598 2594 1784 2648 ἄνοιαν
1814 2595 2091 2661 ἐξέπεσον.

415 2689 513 2754 Τίς
548 2686 642 2743 οὖν
688 2690 825 2759 αὓτη
859 2690 975 2741 ἐστί
995 2708 1007 2752 ;
1043 2690 1168 2751 Τοῖς
1206 2689 1487 2759 λογισμοῖς
1532 2689 1592 2742 τὸ
1622 2690 1731 2742 πᾶν
1766 2688 2094 2759 ἐπέτρεψαν.

424 2785 570 2842 Ἀλλ’
615 2785 714 2838 οὑκ
756 2781 909 2836 εἶπεν
946 2784 1148 2849 οὑτως,
1202 2784 1337 2837 άλλά
1388 2783 1568 2853 πολλῷ
1620 2784 2093 2856 πληκτικώτερον·

429 2881 914 2951 Ἐματαιώθησαν
943 2883 1073 2951 γὰρ,
1106 2881 1258 2952 φησὶ,
1299 2880 1366 2934 ἐν
1396 2879 1519 2944 τοῖς
1552 2879 1964 2949 διαλογισμοῖς
1994 2883 2099 2935 αὑ-

412 2977 555 3043 τῶν,
610 2978 708 3031 καὶ
766 2978 1094 3044 ἐσκοτίσθη
1150 2978 1189 3047 ἠ
1245 2976 1541 3042 ἀσύνετος
1604 2973 1804 3029 αὐτῶν
1861 2975 2095 3043 καρδία.

415 3074 626 3145 ’Ὥσπερ
648 3073 757 3142 γὰρ
789 3075 844 3126 ἐν
870 3072 1117 3144 ἀσελήνῳ
1148 3073 1306 3127 νυκτί
1332 3072 1385 3125 εἴ
1411 3090 1493 3136 τις
1524 3072 1684 3142 ξένην
1713 3073 2095 3144 ἐπιχειρήσειε

417 3166 652 3237 βαδίζειν
684 3167 823 3229 ὁδὸν,
853 3166 885 3237 ἢ
912 3166 1149 3233 πέλαγος
1177 3165 1350 3229 πλεῖν,
1370 3165 1431 3218 οὑ
1459 3166 1618 3235 μόνον
1646 3166 1707 3218 οὑ
1736 3165 1931 3234 φθάσει
1963 3164 2100 3236 πρὸς

414 3264 476 3316 τὸ
505 3263 678 3326 τέλος,
714 3261 851 3314 ἀλλά
891 3262 984 3314 καὶ
1028 3262 1309 3315 ἀπολεῖται
1353 3262 1597 3332 ταχέωςο
1626 3260 1769 3314 οὑτω
1808 3261 1902 3314 καὶ
1949 3253 2097 3314 οὗτοι

417 3361 516 3430 τὴν
549 3358 686 3431 πρὸς
731 3358 820 3411 τὸν
868 3358 1097 3428 οὑρανὸν
1136 3358 1407 3429 φέρουσαν
1456 3357 1573 3409 ὁδὸν
1609 3356 1847 3426 βαδίζειν
1887 3356 2093 3427 ἐπιχει-

425 3454 641 3526 ροῦντες
681 3455 774 3505 καὶ
816 3454 875 3504 τὸ
920 3452 1035 3521 φῶς
1080 3453 1172 3520 ἀφ’
1220 3452 1428 3504 ἑαυτῶν
1471 3452 1787 3521 ἀφελόντες,
1820 3447 1941 3505 εἶτα
1982 3453 2097 3504 ἀντ’

413 3552 624 3605 ἐκείνου
666 3553 743 3622 τῷ
781 3552 953 3621 σκότῳ
987 3550 1096 3604 τῶν
1135 3549 1414 3620 λογισμῶν
1437 3549 1662 3611 ἑαυτοὺς
1683 3548 2094 3619 ἐπιτρέψαντες,

414 3648 507 3702 καὶ
534 3647 591 3701 ἐν
629 3647 846 3719 σώμασι
875 3646 964 3700 τὸν
986 3645 1301 3717 ἀσώματον,
1329 3647 1421 3697 καὶ
1449 3646 1507 3696 ἐν
1537 3645 1780 3713 σχήμασι
1813 3642 1904 3695 τὸν
1929 3643 2099 3713 ἀσχη-

418 3746 677 3818 μάτιστον
720 3745 1123 3814 ἐπιζητοῦντες,
1146 3742 1405 3810 ναυάγιον
1440 3740 1753 3809 ὑπέστησαν
1784 3738 2099 3809 χαλεπώτα-

414 3861 527 3897 τον.
556 3842 711 3897 Μετὰ
748 3842 803 3896 δὲ
845 3842 952 3895 τῶν
978 3840 1285 3911 εἰρημένων
1316 3840 1410 3891 καὶ
1438 3837 1633 3907 ἑτέραν
1672 3835 1886 3906 τίθησιν
1919 3832 2097 3887 αἰτίαν

414 3940 512 4009 τῆς
555 3939 764 4008 πλάνης
801 3936 1001 4002 αὐτῶν,
1047 3936 1251 4004 λέγων’
1297 3934 1644 4000 Φάσκοντες
1694 3929 1847 3986 εἶναι
1893 3930 2093 4001 σοφοί,

414 4035 869 4104 ἐμωράνθησαν.
900 4034 1059 4101 Μέγα
1090 4034 1197 4102 γάρ
1220 4050 1272 4085 τι
1294 4032 1421 4103 περὶ
1441 4030 1652 4084 ἑαυτῶν
1677 4028 2095 4098 φαντασθέντες,

414 4134 509 4187 κα)⁵
528 4133 631 4185 οὑκ
660 4130 1025 4200 ἀνασχόμενοι
1048 4128 1250 4197 ταύτην
1276 4127 1468 4184 ἐλθεῖν.
1505 4127 1573 4197 ἢν
1597 4127 1625 4178 6
1655 4126 1787 4187 Θεὸς
1810 4124 2096 4179 ἐκέλευσεν

417 4231 621 4290 αὑτοῖς,
658 4224 1067 4293 ἐϐαπτίσθησαν
1109 4225 1219 4284 τοῖς
1253 4225 1354 4291 τῆς
1396 4221 1583 4284 ἀνοίας
1620 4220 1923 4289 λογισμοῖς.
1964 4216 2097 4271 Εἶτα

420 4321 636 4383 δεικνὺς
667 4320 759 4372 καὶ
787 4317 1119 4387 ὑπογράφων
1140 4316 1199 4367 τὸ
1234 4314 1543 4381 κλυδώνιον,
1581 4315 1699 4379 πῶς
1735 4314 1967 4385 χαλεπὸν
2004 4315 2099 4366 καὶ

423 4415 753 4488 συγγνώμης
782 4414 1001 4483 ἀπάσης
1027 4411 1410 4483 ἐστερημένον,
1436 4412 1709 4483 ἐπήγαγε,
1749 4412 1922 4480 λέγων
1942 4427 1955 4440 ·
1985 4412 2094 4465 Καὶ

422 4512 703 4584 ἤλλαξαν
732 4510 846 4576 τὴν
888 4508 1077 4572 δόξαν
1107 4507 1214 4561 τοῦ
1237 4507 1544 4576 ἀφθάρτου
1591 4508 1742 4561 Θεοῦ
1777 4507 1847 4560 ἐν
1884 4506 2093 4577 όμοιῶ⁶

417 4626 559 4679 ματι
609 4608 842 4672 εἰκόνος
896 4603 1162 4674 φθαρτοῦ
1190 4603 1528 4672 ἀνθρώπου,
1565 4603 1662 4657 καί
1683 4602 1970 4657 πετεινῶν
1998 4602 2095 4655 καὶ

420 4702 799 4771 τετραπόδων
823 4700 920 4753 καί
945 4698 1232 4767 ἑρπετῶν.

486 4798 792 4871 γ’.Πρῶτον
815 4797 1086 4867 ἔγκλημα,
1110 4797 1191 4849 ὅτι
1221 4795 1352 4849 Θεὸν
1382 4797 1478 4867 οὑχ
1511 4788 1688 4868 εὗρον·
1713 4795 1986 4866 δεύτερον,
2011 4798 2093 4851 ὅτι

416 4897 511 4951 καὶ
543 4896 797 4966 ἀφορμὰς
827 4896 1041 4965 ἔχοντες
1074 4894 1321 4962 μεγάλας
1367 4895 1461 4948 καὶ
1512 4897 1734 4965 σαφεῖςο
1778 4896 1983 4967 τρίτον,
2009 4895 2093 4948 ὃτι

420 4993 571 5061 σοφοὶ
604 4992 854 5060 λέγοντες
880 4988 1048 5046 εἰναι·
1085 4991 1365 5063 τέταρτον,
1397 4993 1480 5045 ὅτι
1502 4993 1564 5045 οὑ
1595 4992 1753 5062 μόνον
1781 4994 1879 5063 οὑχ
1911 4988 2093 5062 εὗρον,

422 5089 554 5143 ἀλλά
583 5089 679 5143 καὶ
706 5090 785 5152 εἰς
812 5090 1070 5158 δαίμονας
1096 5093 1407 5161 κατήγαγον
1426 5092 1521 5144 καὶ
1548 5091 1730 5154 λίθους
1756 5092 1849 5144 καὶ
1874 5090 2007 5157 ξύλα
2033 5091 2094 5143 τὸ

420 5188 586 5251 σέϐας
618 5190 811 5241 ἐκεῖνο.
846 5188 1112 5257 Καθαιρεῖ
1140 5190 1239 5259 μὲν
1271 5185 1363 5242 οὖν
1396 5190 1575 5242 αὑτῶν
1622 5190 1718 5243 καὶ
1749 5191 1807 5243 ἐν
1836 5192 1903 5261 τῇ
1956 5189 2093 5260 πρὸς

419 5285 735 5357 Κορινθίους
770 5286 1056 5358 Ἐπιστολῇ
1082 5287 1173 5340 τὸν
1212 5287 1400 5358 τῦφον,
1453 5288 1568 5341 ἀλλ’
1595 5289 1694 5359 οὑχ
1746 5288 1947 5358 ὁμοίως
1978 5288 2094 5340 ἐκεῖ

420 5384 513 5438 καὶ
529 5383 942 5457 ἐνταῦθα.[4ἓὶ1]
960 5386 1106 5438 Ἐκεῖ
1136 5386 1235 5456 μὲν
1252 5385 1361 5456 γὰρ
1384 5386 1491 5439 ἀπὸ
1512 5384 1609 5438 τοῦ
1626 5384 1860 5458 σταυροῦ
1877 5386 2093 5439 δίδωσιν

419 5483 603 5547 αὑτοῖς
633 5482 868 5554 πληγὴν,
920 5482 1114 5551 λέγων,
1142 5484 1224 5535 ὃτι
1260 5482 1330 5537 Τὸ
1351 5482 1553 5551 μωρὸν
1584 5484 1689 5538 τοῦ
1720 5483 1869 5537 Θεοῦ
1895 5483 2092 5552 σοφώ-

422 5595 595 5649 τερον
632 5577 751 5633 τῶν
784 5580 1110 5649 ἀνθρώπων
1149 5579 1352 5632 ἐστίν·
1407 5578 1641 5633 ἐνταῦθα
1693 5580 1750 5634 δέ
1784 5578 1879 5633 καὶ
1924 5579 2095 5651 χωρὶς

426 5676 762 5749 συγκρίσεως
823 5680 991 5750 αὑτὴν
1044 5679 1167 5732 καθ’
1213 5679 1412 5750 ἑαυτὴν
1464 5679 1719 5750 κωμῳδεῖ
1751 5680 1848 5752 τὴν
1902 5680 2094 5749 σοφίαν

424 5776 625 5841 αὐτῶν,
647 5776 863 5839 δεικνὺς
910 5776 1121 5847 μωρίαν
1151 5771 1338 5843 οὖσαν,
1370 5778 1463 5831 καὶ
1494 5777 1812 5842 ἀλαζονείας
1836 5779 2095 5845 ἐπίδειξιν

429 5874 605 5946 μόνον.
630 5869 767 5927 Εἶτα
794 5874 882 5928 ἵνα
920 5873 1116 5945 μάθῃς,
1140 5876 1220 5929 ὅτι
1243 5874 1455 5947 ἔχοντες
1501 5875 1597 5947 τὴν
1628 5876 1757 5947 περὶ
1792 5874 1929 5930 Θεοῦ
1951 5877 2095 5947 γνῶ-

492 6021 514 6048 ⁶
531 6027 641 6078 Duo
660 6041 799 6086 mss.,
832 6028 1109 6089 ἐπιχειροίη.

1198 354 1255 412 S.
1297 353 1583 412 JOANNIS
1620 352 2116 412 CIIRYSOSTOMI
2156 355 2482 415 ARCHIEP.
2525 358 3082 419 CONSTANTINOP.
3766 360 3855 423 ιιι

2205 491 2310 537 σιν,
2358 475 2531 540 οὕτως
2574 477 2744 548 αὑτὴν
2772 478 3115 550 προῦδωκαν,
3148 480 3473 545 Ἦλλαξαν,
3512 480 3666 535 εἶπεν
3688 497 3701 513 ⁸
3735 485 3761 537 6
3803 484 3851 537 δέ

2202 562 2507 629 ἀλλάσσων,
2534 566 2609 628 ὡς
2641 565 2768 619 ἄλλο
2785 566 2921 635 ἔχων
2948 566 3223 621 ἀλλάσσει.
3250 568 3477 622 Ἥθελον
3494 572 3599 642 γάρ
3624 589 3678 623 τι
3711 577 3855 625 πλέον

2201 654 2400 725 εὑρεῖν,
2430 658 2520 708 καὶ
2568 658 2667 709 οὑκ
2715 659 3005 729 ἠνέσχοντο
3056 660 3165 712 τῶν
3193 660 3453 714 δοθέντων
3476 663 3617 733 ὅρων
3640 681 3654 696 ο
3684 665 3857 720 διὸκαὶ

2198 744 2403 798 τούτων
2438 747 2722 812 ἐξέπεσον’
2775 750 3126 821 καινοτομίας
3157 755 3265 823 γάρ
3306 748 3444 823 ἦσαν
3512 755 3855 825 ἐπιθυμηταί.

2198 836 2305 888 Καὶ
2325 837 2433 908 γὰρ
2456 840 2675 893 τοιαῦτα
2700 843 2877 895 πάντα
2891 842 3277 913 τάἘλληνικά.
3310 844 3410 897 Διά
3436 845 3593 897 τοῦτο
3627 847 3724 899 καὶ
3747 850 3856 900 κατ’

2197 927 2442 997 ἀλλήλων
2466 930 2719 1001 ἔστησαν,
2753 934 2846 985 καὶ
2876 934 3253 1005 Ἀριστοτέλης
3287 936 3383 1005 μὲν
3414 937 3687 1005 ἐπανέστη
3732 938 3857 991 Πλά-

2196 1034 2347 1082 τωνι,
2370 1020 2418 1070 οἰ
2461 1020 2686 1073 Στωϊκοὶ
2710 1022 2765 1073 δέ
2788 1022 2923 1093 πρὸς
2944 1024 3132 1076 τοῦτον
3160 1024 3499 1094 ἐφρυάξαντο
3520 1026 3569 1089 ι),
3602 1026 3696 1079 καὶ
3718 1026 3857 1089 ἄλλος

2196 1110 2341 1181 ἄλλῳ
2359 1111 2617 1182 πολέμιος
2644 1114 2885 1181 γέγονεν’
2918 1102 3057 1167 ῶστε
3072 1117 3171 1187 οὑχ
3191 1116 3363 1180 οὕτως
3391 1118 3587 1182 αὑτοὺς
3617 1119 3723 1189 χρὴ
3747 1119 3857 1171 θαυ-

2202 1202 2394 1271 μάζειν
2423 1203 2511 1256 διὰ
2537 1205 2638 1277 τὴν
2678 1208 2889 1275 σοφίαν,
2922 1207 2997 1271 ὡς
3048 1210 3491 1281 ἀποστρέφεσθαι
3531 1211 3627 1264 καὶ
3678 1213 3858 1280 μισεῖν,

2196 1297 2278 1348 ὅτι
2333 1296 2399 1349 δι’
2435 1295 2565 1349 αὑτὸ
2596 1298 2754 1351 τοῦτο
2790 1302 2964 1371 μωροί
2994 1303 3301 1370 γεγόνασιν.
3360 1304 3422 1355 Εἰ
3454 1302 3563 1373 γὰρ
3623 1305 3699 1373 μὴ
3730 1303 3861 1370 λογιο

2200 1390 2357 1458 σμοῖς
2413 1389 2717 1462 ἐπέτρεψαν
2768 1395 2860 1446 καὶ
2909 1396 3287 1467 συλλογισμοῖς
3337 1398 3431 1451 καὶ
3476 1398 3774 1467 σοφίσμασι
3802 1395 3858 1449 τὰ

2198 1481 2320 1532 καθ’
2359 1482 2607 1545 ἑαυτοὺς,
2655 1485 2754 1537 οὐκ
2804 1486 2870 1538 ἂν
2919 1487 3139 1550 ἔπαθον,
3177 1490 3313 1559 ὅπερ
3344 1490 3563 1543 ἔπαθον.
3598 1488 3730 1541 Εἶτα
3754 1491 3859 1541 ἐπιο

2196 1572 2389 1626 τείνων
2433 1575 2613 1629 αὑτῶν
2655 1577 2752 1647 τὴν
2784 1581 3143 1651 κατηγορίαν,
3177 1581 3431 1651 κωμῳδεῖ
3454 1581 3552 1651 τὴν
3588 1581 3859 1634 εἰδωλολα-

2196 1667 2384 1739 τρείαν
2416 1668 2597 1722 αὑτῶν
2627 1669 2866 1725 ἃπασαν.
2892 1673 3142 1727 Μάλιστα
3171 1674 3270 1744 μὲν
3300 1669 3393 1727 οὖν
3421 1675 3512 1727 καὶ
3537 1674 3601 1726 τὸ
3626 1674 3855 1738 ἀλλάξαι,

2200 1764 2634 1833 καταγέλαστονο
2688 1766 2750 1819 τὸ
2787 1766 2841 1820 δέ
2882 1768 2975 1821 καὶ
3028 1769 3108 1831 εἰς
3132 1770 3357 1823 τοιαῦτα
3397 1770 3648 1835 ἀλλάξαι,
3696 1770 3859 1839 πάσης

2198 1853 2492 1923 ἀπολογίας
2522 1857 2699 1919 ἐκτός.
2745 1858 2836 1915 Εἰς
2874 1858 2994 1911 τίνα
3026 1854 3119 1912 οὖν
3164 1860 3420 1931 ήλλαξαν,
3457 1862 3551 1914 καὶ
3580 1862 3691 1914 τίσι
3723 1879 3856 1931 περι⁴

2199 1947 2401 2018 έθηκαν
2434 1948 2532 2019 τὴν
2553 1948 2732 2013 δόξαν,
2773 1951 2986 2004 σκόπει·
3014 1952 3391 2023 Φαπασθῆναι
3430 1953 3534 2007 ἔδει
3572 1954 3705 2023 περί
3736 1951 3853 2005 ἐκεί·

2198 2056 2313 2101 νου,
2362 2033 2495 2104 οἷον,
2525 2040 2607 2093 ὅτι
2662 2041 2813 2105 Θεὸς,
2840 2043 2922 2095 ὃτι
2961 2044 3179 2098 πάντων
3209 2043 3432 2115 Κύριος,
3464 2046 3545 2098 ὅτι
3583 2045 3685 2098 οὑκ
3715 2044 3855 2106 ὄντας

2198 2130 2473 2201 ἐποίησεν,
2532 2133 2613 2186 ὅτι
2668 2137 2903 2205 προνοεῖ,
2944 2136 3025 2190 ὃτι
3079 2136 3331 2207 κήδεται·
3373 2137 3544 2191 ταῦτα
3594 2141 3704 2208 γάρ
3746 2137 3855 2201 δόξα

2198 2221 2356 2278 Θεοῦ.
2418 2223 2569 2278 Τῖσιν
2618 2221 2710 2279 οὑν
2761 2226 2965 2296 ταύτην
3013 2226 3316 2298 ἀνέθηκαν;
3369 2229 3483 2281 Οὑκ
3543 2228 3853 2299 ἀνθρώποις,

2199 2314 2314 2369 ἀλλ’
2344 2316 2648 2389 ὁμοιώματι
2694 2320 2903 2383 εἰκόνος
2936 2320 3177 2392 φθαρτοῦ
3225 2321 3533 2392 ἀνθρώπου.
3596 2322 3703 2375 Καὶ
3751 2322 3855 2373 οὑδὲ

2199 2408 2433 2462 ἐνταῦθα
2464 2410 2725 2480 ἔστησαν,
2765 2412 2901 2466 ἀ).λά
2929 2412 3023 2466 καὶ
3048 2414 3127 2476 εἰς
3160 2413 3406 2467 κνώδαλα
3438 2413 3855 2483 κατηνέχθησαν,

2201 2502 2404 2571 μᾶλλον
2431 2503 2489 2557 δὲ
2522 2505 2615 2557 καὶ
2645 2506 2725 2566 εἰς
2752 2504 2849 2568 τὰς
2873 2504 3077 2557 τούτων
3103 2505 3335 2568 εἰκόνας.
3369 2506 3439 2559 Συ
3470 2506 3523 2558 δέ
3552 2523 3645 2575 μοι
3684 2505 3856 2557 σκόπει

2198 2592 2296 2665 τὴν
2329 2594 2522 2664 σοφίαν
2544 2594 2638 2649 τοῦ
2670 2596 2905 2658 Παύλου,
2946 2596 3063 2659 πῶς
3086 2596 3156 2649 τὰ
3184 2597 3277 2650 δύο
3306 2599 3451 2669 ἄκρα
3475 2598 3710 2661 τέθεικε,
3740 2596 3852 2649 Θεὸν

2198 2686 2291 2739 τὸν
2322 2686 2606 2751 ἀνωτάτω,
2640 2688 2733 2741 καί
2757 2687 2825 2741 τά
2856 2688 3061 2758 ἐρπετά
3091 2690 3158 2741 τά
3191 2690 3490 2743 κατωτάτω
3512 2703 3525 2717 ·
3588 2688 3781 2759 μᾶλλον
3806 2688 3854 2738 δὲ

2199 2778 2319 2832 οὑδὲ
2368 2780 2437 2833 τὰ
2471 2781 2695 2853 ἑρπετὰ,
2732 2780 2868 2834 ἀλλά
2900 2781 3103 2834 τούτων
3161 2781 3500 2852 ὁμοιώματα,
3548 2782 3636 2834 ἵνα
3690 2778 3851 2847 σαφῶς

2199 2871 2349 2943 δείξῃ
2379 2873 2476 2943 τὴν
2497 2873 2759 2944 λαμπρὰν
2793 2874 2971 2927 αὑτῶν
3002 2875 3219 2945 μανίαν.
3276 2874 3385 2945 Τὴν
3407 2874 3515 2945 γὰρ
3552 2875 3769 2942 γνῶσιν,
3796 2873 3851 2941 ἢν

2202 2964 2308 3016 ἔδει
2364 2966 2493 3035 περὶ
2530 2965 2623 3018 τοῦ
2659 2967 2875 3019 πάντων
2920 2967 3264 3039 ἀσυγκρίτως
3315 2967 3675 3038 ὑπερέχοντος
3704 2966 3849 3037 ἔχειν,

2198 3056 2405 3127 ταύτην
2462 3057 2541 3127 τῷ
2574 3059 2788 3111 πάντων
2822 3059 3166 3130 ἀσυγκρίτως
3198 3058 3560 3131 εὑτελεστέρῳ
3617 3057 3851 3128 περιέθη-

2200 3164 2326 3202 καν.
2361 3148 2472 3202 Καὶ
2498 3148 2551 3200 τί
2579 3148 2751 3202 ταῦτα
2782 3152 2917 3220 πρὸς
2958 3152 3083 3213 τοὺς
3133 3150 3474 3219 φιλοσόφους,
3504 3152 3671 3222 φησί;
3729 3150 3849 3220 Πρὸς

2201 3241 2399 3305 αὑτοὺς
2436 3239 2539 3312 μὶν
2564 3235 2659 3293 οὖν
2698 3241 2931 3311 μάλιστα
2958 3242 3136 3295 πάντα
3170 3243 3239 3296 τά
3281 3243 3566 3313 εἰρημένα.
3602 3243 3710 3296 Καὶ
3754 3243 3846 3310 γὰρ

2200 3326 2346 3387 οὑτοι
2385 3333 2512 3396 τοὺς
2542 3332 2712 3385 ταῦτα
2763 3333 3093 3404 ὲφευρόντας
3141 3334 3470 3402 Αἰγυπτίους
3518 3334 3848 3395 διδασκάλους

2201 3424 2386 3496 ἔχουσι
2406 3440 2421 3455 ’
2452 3424 2547 3477 καὶ
2574 3424 2799 3477 Πλάτων
2826 3426 2854 3477 6
2878 3423 3048 3477 δοκῶν
3078 3420 3215 3477 εἷναι
3252 3424 3357 3477 τῶν
3405 3425 3578 3479 ἄλλων
3617 3425 3847 3494 σεμνότε·

2204 3530 2316 3585 ρος,
2372 3512 2844 3580 ἐγκαλλωπίζεται
2882 3512 3112 3577 τούτοις,
3160 3514 3253 3566 καὶ
3280 3513 3307 3564 6
3338 3512 3526 3565 τούτου
3555 3513 3845 3574 διδάσκαλος

2202 3606 2330 3677 περὶ
2366 3605 2435 3658 τά
2469 3605 2665 3660 εἴδωλα
2692 3604 2865 3659 ταῦτα
2884 3607 3143 3676 ἐπτόηται
3172 3618 3192 3643 ε
3220 3622 3232 3633 ³
3261 3606 3351 3657 τὸν
3385 3604 3514 3673 γοῦν
3540 3604 3844 3675 ἀλεκτρυόνα

2202 3701 2229 3752 6
2259 3700 2495 3754 κελεύων
2520 3701 2598 3771 τῷ
2622 3699 2935 3769 Ἀσκληπιῷ
2973 3698 3141 3765 θύειν,
3172 3693 3325 3764 οὗτός
3360 3700 3526 3753 ἐστιν.
3564 3700 3727 3754 Ἔνθα
3753 3697 3841 3750 τῶν

2202 3794 2485 3848 κνωδάλων
2518 3795 2723 3847 τούτων
2753 3793 2846 3847 καὶ
2901 3794 3008 3845 τῶν
3058 3794 3305 3864 ἑρπετῶν
3354 3794 3589 3857 εἰκόνας,
3642 3793 3727 3847 καί
3767 3792 3839 3843 τὸν

2216 3890 2526 3943 Ἀπόλλωνα
2559 3891 2614 3943 δὲ
2640 3891 2731 3943 καὶ
2765 3891 2855 3943 τὸν
2880 3890 3132 3943 Διόνυσον
3176 3890 3315 3960 μετά
3343 3890 3548 3944 τούτων
3578 3890 3842 3961 θεραπευο-

2207 3981 2400 4051 μένους
2433 3981 2540 4034 τῶν
2571 3982 2813 4052 ἑρπετῶν
2851 3984 2948 4037 ίδοι
2983 4000 3068 4045 τις
3107 3982 3193 4035 ἄν.
3248 3983 3402 4045 Τινὲς
3438 3983 3493 4035 δὲ
3523 3983 3631 4035 τῶν
3659 3979 3839 4052 φιλοσό·

2203 4092 2319 4143 φων
2338 4075 2430 4128 καὶ
2454 4077 2533 4139 εἰς
2563 4076 2651 4128 τὸν
2669 4077 2895 4146 οὑρανὸν
2919 4079 3193 4149 ἀνήγαγον
3213 4076 3446 4145 ταύρους
3468 4078 3557 4129 καί
3579 4074 3836 4145 σκορπίους

2202 4166 2295 4219 καὶ
2333 4165 2632 4236 δράκοντας
2660 4168 2754 4220 καί
2790 4168 2880 4221 τὸν
2926 4170 3081 4223 ἄλλον
3118 4171 3333 4223 ἅπαντα
3373 4168 3556 4238 λῆρον·
3595 4162 3833 4235 πανταχοῦ

2200 4257 2307 4329 γάρ
2344 4259 2373 4310 6
2419 4257 2661 4321 διάϐολος
2711 4260 3038 4312 ἐσπούδασεν
3061 4262 3139 4324 εἰς
3168 4260 3234 4312 τὰ
3261 4261 3367 4312 τῶν
3397 4258 3640 4329 ἑρπετῶν
3667 4252 3834 4328 ὁμοιώ-

2204 4367 2349 4420 ματα
2395 4350 2520 4413 τοὺς
2558 4350 2876 4422 ἀνθρώπους
2926 4356 3277 4421 καταγαγεῖν,
3332 4354 3425 4406 καὶ
3459 4352 3709 4417 ὑποτάξαι
3744 4350 3833 4409 107.;

2202 4444 2418 4497 πάντων
2446 4443 2807 4515 ἀλογωτέροις
2858 4445 3076 4509 αὑτοὺς,
3119 4445 3213 4510 οὓς
3241 4448 3269 4500 6
3302 4445 3433 4509 Θεὸς
3472 4447 3609 4511 ὑπὲρ
3648 4444 3727 4498 τὸν
3756 4440 3831 4493 οὑ-

2204 4534 2362 4606 ρανὸν
2385 4535 2677 4603 ἀναγαγεῖν
2699 4535 2983 4611 ἠθέλησεν.
3016 4538 3131 4591 υὺκ
3160 4537 3410 4591 ἐντεῦθεν
3435 4538 3491 4592 δὲ
3528 4538 3697 4607 μόνον,
3722 4532 3829 4587 ἀλλὰ

2203 4628 2293 4680 καὶ
2324 4626 2588 4699 ἑτέρωθεν
2618 4628 2738 4695 δίει
2764 4628 2856 4682 τὸν
2891 4631 3188 4700 κορυφαῖον
3219 4628 3397 4683 αὑτῶν
3426 4629 3713 4683 ὑπεύθυνον
3741 4626 3829 4684 τοῖς

2198 4719 2514 4788 λεγομένοις
2528 4718 2851 4773 ὄντα.”οταν
2874 4720 2983 4792 γὰρ
2998 4722 3124 4785 τοὺς
3143 4722 3370 4793 ποιητὰς
3388 4722 3612 4792 συνάγῃ.
3629 4720 3714 4774 καί
3723 4718 3825 4782 λέγῃ

2199 4808 2397 4879 χρῆναι
2430 4810 2707 4864 πιστεύειν
2740 4813 2924 4876 αὑτοῖς
2949 4813 3101 4885 [452]
3130 4815 3187 4868 ἐν
3214 4818 3326 4879 τοῖς
3357 4816 3484 4885 περὶ
3509 4815 3637 4867 Θεὸν
3663 4814 3823 4880 λόγοις,

2199 4905 2275 4968 ὡς
2307 4906 2551 4977 ἀκριϐῶς
2604 4909 2823 4971 εἰδόσιν,
2851 4910 3005 4962 οὑδὲν
3039 4910 3227 4980 ἕτερον
3282 4911 3314 4981 ἢ
3363 4912 3455 4964 τὸν
3490 4911 3715 4984 ὁρμαθὸν
3739 4904 3824 4957 τῶν

2198 4995 2380 5068 λήρων
2405 4998 2610 5053 τούτων
2640 5002 2871 5071 εἰσάγει,
2905 5002 2998 5055 καὶ
3020 5003 3110 5056 τὸν
3139 5005 3305 5057 πολὺν
3338 5004 3545 5072 γέλωτα
3566 5003 3735 5058 τοῦτον
3762 4998 3824 5049 ὅτι

2199 5090 2370 5162 ἀληθῆ
2400 5093 2504 5165 χρὴ
2531 5093 2777 5165 νομίζειν
2811 5091 2951 5150 εἰναί
2994 5113 3147 5166 φησι.
3188 5098 3285 5150 Διὸ
3337 5098 3435 5150 καὶ
3470 5088 3825 5163 παρέδωκενό

2201 5181 2344 5245 Θεὸς
2370 5181 2588 5248 αὐτοὺς
2625 5183 2695 5236 ἐν
2715 5184 2844 5249 ταῖς
2881 5184 3220 5252 ἐπιθυμίαις
3248 5182 3365 5237 τῶν
3389 5183 3643 5253 καρδιῶν
3665 5177 3823 5235 αὐτῶν

2198 5274 2284 5335 εἰς
2322 5272 2719 5341 ἀκαθαρσίαν,
2764 5274 2871 5329 τοῦ
2897 5274 3275 5343 ἀτιμάζεσθαι
3301 5275 3372 5328 τὰ
3401 5275 3640 5345 σώματα
3666 5268 3823 5327 αὐτῶν

2198 5365 2267 5416 ἐν
2297 5363 2551 5433 ἑαυτοῖς.
2593 5366 2875 5420 Δείκνυσιν
2907 5366 3177 5431 ἐντεῦθεν,
3209 5371 3291 5423 ὃτι
3311 5368 3405 5421 καὶ
3436 5368 3533 5438 τῆς
3560 5368 3662 5421 τῶν
3681 5366 3819 5434 νόμων

2198 5452 2531 5524 διαστροφῆς
2561 5456 2595 5525 ή
2628 5455 2851 5509 ἀσέϐεια
2878 5456 3103 5525 γέγονεν
3145 5457 3313 5510 αἰτία.
3367 5456 3440 5509 Τὸ
3491 5457 3568 5520 δὲ,
3597 5451 3821 5523 Παρέὸω-

2199 5561 2328 5609 κεν,
2355 5545 2588 5600 ἐνταῦθα
2617 5549 2815 5603 Εἴασεν
2856 5548 3023 5603 ἐστίν.
3056 5549 3267 5621 Ὠσπερ
3294 5550 3401 5621 γάρ
3444 5549 3473 5602 6
3508 5544 3817 5622 στρατοπέδου

2200 5636 2611 5709 προηγούμενος
2652 5639 2720 5693 ἀν
2744 5640 2839 5693 τοῦ
2885 5639 3122 5711 πολέμου
3158 5642 3495 5713 βαρήσαντος
3514 5639 3820 5711 ἀναχωρήσας

2199 5727 2443 5791 ἀπέλθοι,
2488 5730 2820 5802 παραδίδωσι
2866 5734 2981 5797 τοῖς
3023 5732 3300 5803 πολεμίοις
3344 5733 3471 5797 τοὺς
3514 5730 3814 5806 στρατιώτας.

2200 5817 2321 5889 οὑχὶ
2371 5819 2535 5884 αὑτὸς
2576 5820 2754 5887 ὠθῶν,
2790 5821 2931 5878 ἀλλά
2956 5824 3182 5895 γυμνῶν
3214 5823 3316 5896 τῆς
3365 5826 3560 5879 ἑαυτοῦ
3588 5820 3814 5897 βοηθείας’

2269 6041 2300 6081 ι»
2325 6032 2435 6083 Duo
2458 6047 2596 6096 mss.,
2622 6036 2897 6100 ἐφράξαντο,
2917 6039 3068 6089 male.
3136 6040 3159 6071 θ
3183 6040 3291 6090 Duo
3316 6051 3457 6101 ωτι,
3478 6038 3686 6095 ἐπτόητο.
