3950 6492
228 295 316 356 ΗΒ

234 407 306 465 die
326 402 550 475 gentites
577 398 601 453 ἲ
638 398 819 469 ignora
832 396 1003 451 vimus
1024 394 1116 449 te?
1148 392 1296 447 ltauc
1329 393 1519 447 cretum
1549 404 1653 445 non
1684 404 1782 442 au-

230 497 359 554 distis
382 510 445 548 ex
472 494 591 547 solo
616 500 838 561 asltectu
886 503 1076 543 vocem
1106 487 1361 542 emittens
1385 486 1409 539 ‘I
1456 498 1637 541 rerum
1671 497 1787 535 om-

238 589 363 646 nium
391 583 725 639 harmoniam
757 590 809 634 et
853 587 1173 635 concentum
1199 620 1214 645 ,
1241 577 1438 632 clarius
1462 590 1621 646 quam
1666 572 1790 627 tuba

231 685 530 740 clamantem
562 676 585 731 ἲ
616 675 787 731 noctis
813 682 868 729 et
896 673 1003 727 diei
1031 673 1199 742 leges,
1232 671 1480 725 immotas
1533 672 1791 738 perpetuo

232 780 491 829 manentes
521 768 545 818 ’ἰ
574 766 765 820 hiemis
804 773 857 818 et
883 764 1028 817 veris
1052 770 1107 817 et
1134 762 1361 816 aliarum
1413 764 1790 829 tempestatum

234 860 459 918 ordinem
510 858 720 911 ﬁrmum
742 865 797 909 et
826 852 1146 909 immotum?
1177 851 1341 906 maris
1368 846 1706 905 commodum
1738 846 1789 899 in

236 962 303 1009 tot
342 950 588 1020 procellis
610 957 663 1003 et
695 947 979 1002 ﬂuctibus?
1003 946 1179 1001 omnia
1198 946 1249 999 in
1276 943 1463 998 ordine
1490 939 1789 1007 manentia,

228 1061 284 1100 ac
319 1059 409 1114 per
447 1040 889 1111 pulchritudinem
939 1048 993 1092 et
1038 1035 1451 1107 magnitudinem
1483 1033 1793 1089 Creatorem

229 1134 557 1211 pmdieantia
585 1132 609 1184 ?
641 1131 766 1185 Haec
787 1131 982 1201 quippe
999 1129 1176 1183 omnia
1198 1168 1213 1192 ,
1250 1136 1303 1181 et
1330 1126 1490 1180 etiam
1534 1123 1617 1178 his
1638 1123 1790 1191 plura

228 1223 533 1292 compendio
558 1222 752 1276 Paulus
800 1220 969 1274 dixit:
1026 1218 1307 1272 Invisibiliu
1353 1216 1486 1270 enim
1528 1214 1687 1285 ipsius
1715 1253 1729 1277 ,
1764 1229 1796 1265 a

227 1326 446 1373 creatura
466 1313 658 1377 mundi,
692 1329 779 1382 per
797 1328 856 1365 ea
882 1326 993 1380 qua:
1017 1314 1156 1381 facta
1203 1318 1320 1363 sunt
1364 1306 1641 1369 intellecta,
1670 1321 1796 1359 con-

229 1407 494 1478 spiciuntur
513 1421 530 1461 :
546 1406 849 1475 sempiterna
868 1418 1061 1473 quoque
1086 1403 1195 1473 ejus
1219 1401 1439 1471 potentia
1467 1408 1513 1453 et
1538 1398 1795 1465 divinitas,

230 1502 294 1556 ita
309 1508 360 1552 ut
386 1499 486 1554 sint
514 1494 897 1551 inexcusabiles.
929 1494 1041 1549 Etsi
1064 1510 1169 1548 non
1201 1493 1255 1547 in
1278 1507 1398 1547 eum
1428 1490 1586 1546 linem
1614 1489 1800 1545 fecerit

229 1595 304 1649 illa
334 1594 495 1655 Deus,
523 1589 763 1661 quamvis
792 1589 861 1642 ita
891 1586 1171 1642 acciderit.
1201 1584 1385 1655 Neque
1415 1584 1560 1640 enim
1592 1592 1647 1636 ut
1678 1582 1798 1635 illos

226 1680 561 1738 excusatione
588 1681 842 1750 privaret,
866 1677 1170 1732 doctrinam
1203 1686 1407 1731 tantum
1462 1676 1513 1728 in
1559 1672 1794 1727 medium

228 1774 459 1845 protulit,
483 1771 577 1826 sed
604 1782 658 1825 ut
684 1772 857 1841 ipsum
887 1776 1274 1840 cognoscerent
1307 1786 1322 1822 :
1372 1767 1565 1837 ingrati
1617 1774 1797 1820 autem

227 1882 336 1923 cum
363 1874 566 1932 essent,
597 1881 655 1919 se
683 1865 780 1935 ipsi
802 1863 1113 1919 defensione
1156 1862 1450 1932 privarunt.
1480 1858 1681 1915 Deinde
1709 1874 1800 1913 os-

229 1958 445 2014 tendens
475 1956 742 2027 quomodo
761 1953 1071 2011 defensione
1099 1962 1335 2018 careant,
1379 1953 1486 2007 ait:
1533 1951 1623 2005 21.
1670 1949 1803 2018 Quia

225 2067 332 2102 cum
362 2048 709 2118 cognovissent
739 2045 925 2112 Deum,
956 2060 1057 2099 nan
1085 2054 1139 2097 ut
1170 2043 1331 2096 Deum
1356 2043 1797 2114 gloriﬁcaverunt,

225 2151 306 2193 aut
321 2141 516 2210 gratias
538 2147 761 2208 egerunt.
797 2135 968 2191 Unum
1008 2135 1108 2188 hoc
1135 2133 1337 2187 crimen
1366 2133 1654 2186 maximum
1684 2139 1802 2196 est;

225 2231 455 2285 alterum
476 2228 616 2298 quod
645 2226 781 2281 idola
813 2225 1155 2280 adoraverint
1180 2242 1192 2276 :
1226 2240 1327 2294 qua
1353 2223 1421 2279 de
1457 2238 1517 2277 re
1542 2235 1806 2276 accusans

229 2321 346 2376 illos
372 2318 659 2382 Jeremias,
688 2316 899 2371 dicebat
929 2334 942 2368 :
984 2314 1099 2367 Duo
1131 2316 1266 2368 mala
1291 2314 1409 2383 fecit
1436 2312 1655 2384 papulas
1684 2313 1765 2365 hic
1787 2329 1806 2365 :

228 2429 306 2468 me
352 2411 732 2477 dereliquerunt
780 2409 971 2477 fontem
1009 2422 1155 2478 aqua:
1200 2406 1341 2471 victe,
1369 2415 1416 2459 et
1436 2403 1670 2475 foderunt
1713 2402 1808 2456 sibi

226 2508 469 2562 cisternas
486 2504 760 2573 dissipatas
787 2500 920 2570 (Jer.
944 2501 999 2554 2.
1032 2499 1140 2570 l5).
1173 2498 1374 2553 Deinde
1396 2497 1607 2567 signum
1629 2494 1803 2560 allert,

224 2598 362 2670 quod
381 2598 551 2652 Deum
575 2600 920 2665 cognoscant,
935 2606 1039 2647 nec
1051 2590 1354 2663 cognitione
1369 2606 1467 2648 sua
1478 2601 1538 2648 ut
1552 2603 1648 2661 par
1668 2594 1811 2642 esset

225 2699 445 2746 utantur
471 2729 485 2753 ,
518 2686 659 2758 quod
688 2685 895 2741 scilicet
942 2683 1073 2738 deos
1098 2680 1445 2752 cognoverint
1473 2697 1485 2733 :
1536 2692 1701 2747 quare
1732 2677 1813 2731 in-

227 2781 341 2835 tulit
372 2798 387 2833 :
422 2779 559 2845 Quia
576 2794 688 2830 cum
711 2774 1053 2846 cognovissent
1082 2771 1266 2837 Deum,
1298 2787 1400 2824 non
1422 2780 1477 2823 ut
1508 2767 1670 2822 Deum
1695 2768 1805 2838 glo-

224 2873 569 2940 riﬁcaverunt.
649 2866 981 2935 Causamque
1068 2863 1288 2935 apponit
1338 2877 1433 2916 cur
1495 2861 1547 2915 in
1614 2869 1810 2914 tantam

225 2962 524 3016 amentiam
554 2958 756 3028 delapsi
784 2957 911 3010 sitit.
940 2954 1195 3022 Quaenam
1220 2952 1309 3009 illa
1336 2952 1457 3007 est?
1500 2950 1814 3006 Ratiociniis

225 3057 335 3109 suis
354 3051 541 3107 omnia
569 3049 972 3105 commiserunt.
1006 3047 1074 3099 At
1096 3060 1200 3099 non
1225 3045 1295 3099 ita
1318 3043 1470 3110 dicit,
1520 3041 1614 3097 sed
1657 3042 1813 3109 longe

225 3141 623 3199 Veheutentiori
649 3140 842 3194 modo:
872 3139 1202 3192 Evanuerunt
1227 3136 1380 3200 enim,
1411 3136 1602 3205 inquit,
1651 3134 1703 3187 in
1725 3150 1814 3187 co-

225 3232 561 3307 giiationibus
585 3230 710 3297 suis,
741 3238 787 3283 et
817 3230 1137 3283 obscuratum
1151 3234 1223 3281 est
1245 3225 1485 3295 insipiens
1511 3239 1598 3277 cor
1623 3239 1814 3277 eorunt.

227 3332 380 3384 Sicut
401 3328 550 3382 enim
578 3325 632 3380 in
663 3332 817 3378 nocte
866 3323 1036 3389 illuni,
1077 3322 1121 3376 si
1169 3319 1288 3389 quis
1328 3316 1669 3388 peregrinum
1718 3315 1819 3370 iter

227 3436 465 3490 carpere
493 3426 752 3481 conetur,
803 3414 886 3470 vel
929 3415 980 3469 in
1024 3412 1157 3467 mari
1211 3411 1482 3481 navigare,
1516 3426 1621 3463 non
1663 3408 1820 3463 modo

227 3529 333 3569 non
358 3509 693 3586 pervenitad
722 3507 903 3574 linem,
933 3507 1027 3562 sed
1052 3507 1157 3560 cito
1184 3505 1322 3576 perit
1347 3520 1359 3556 ε
1394 3504 1471 3558 sic
1499 3512 1553 3558 et
1575 3502 1658 3556 isti
1683 3502 1819 3555 viam

226 3606 294 3660 ad
323 3604 526 3659 cadum
557 3601 818 3656 ferentem
846 3597 1106 3668 aggressi,
1136 3596 1346 3666 sibique
1368 3595 1542 3649 lucem
1573 3594 1821 3648 adimen-

233 3707 341 3767 tes,
376 3705 435 3749 et
494 3693 638 3747 illius
688 3692 807 3746 loco
864 3690 1263 3745 ratiociniorum
1313 3703 1529 3744 suorum
1590 3686 1825 3742 tenebris

226 3802 353 3842 sese
396 3785 824 3847 committentes,
846 3782 897 3836 in
922 3781 1197 3851 corporeis
1242 3781 1619 3850 incorporeum
1638 3821 1654 3847 ,
1684 3778 1736 3833 in
1765 3777 1827 3833 ft-

226 3879 381 3949 gnris
414 3879 588 3947 ﬁgura
616 3884 890 3944 expertem
912 3885 1234 3945 quaerentes,
1260 3872 1594 3942 naufragium
1624 3872 1828 3942 gravis-

225 3971 432 4025 simum
484 3967 749 4022 fecerunt.
806 3965 935 4020 Cum
964 3965 1029 4017 iis
1056 3975 1255 4029 autem,
1314 3978 1433 4034 quas
1468 3962 1608 4016 dicta
1649 3970 1813 4028 sunt,

225 4062 394 4114 aliam
429 4059 636 4114 erroris
663 4058 876 4111 illorum
899 4071 1111 4110 causam
1145 4055 1293 4124 ponit
1318 4070 1438 4109 cum
1466 4054 1574 4107 ait:
1607 4053 1698 4107 2'2.
1728 4053 1823 4107 Di—

226 4162 403 4206 centes
420 4166 482 4203 se
510 4165 616 4202 esse
636 4149 904 4217 sapientes,
935 4146 1073 4201 stulti
1100 4146 1222 4218 facti
1242 4154 1379 4200 sunt.
1421 4144 1665 4216 Magnum
1688 4144 1829 4199 enim

227 4243 523 4313 quidpiam
552 4239 620 4295 de
642 4255 701 4294 se
729 4240 1099 4309 imaginantes,
1155 4253 1253 4292 nec
1279 4237 1605 4292 sustinentes
1650 4236 1789 4293 hanc
1814 4277 1829 4302 ,

228 4352 394 4406 quam
419 4335 666 4405 jusserat
696 4332 855 4397 Deus,
882 4333 1020 4386 viam
1054 4332 1276 4402 ingredi,
1309 4332 1360 4385 in
1410 4333 1654 4387 amentiae
1684 4330 1832 4401 cogi-

228 4428 544 4481 tatinnibus
592 4425 818 4479 demersi
855 4434 995 4479 sunt.
1030 4424 1230 4479 Deinde
1263 4434 1630 4495 tempestatem
1689 4425 1833 4479 illam

227 4517 590 4575 describens.
619 4530 775 4581 quam
818 4516 995 4584 gravis
1023 4516 1200 4579 fuerit,
1233 4525 1287 4569 et
1315 4515 1461 4569 omni
1502 4516 1652 4570 venia
1701 4515 1837 4570 indi-

224 4626 357 4679 gna,
391 4609 681 4677 subjunxit
710 4624 723 4660 :
752 4607 843 4662 25.
874 4605 942 4659 Ει
963 4617 1276 4661 mutaverunt
1302 4607 1515 4678 gloriam
1533 4608 1837 4678 incorrupti-

224 4700 345 4755 bilis
377 4700 582 4763 Dei,in
609 4698 988 4752 similitudinem
1019 4698 1255 4769 imaginis
1298 4700 1641 4770 corruptibilis
1668 4699 1836 4754 Itami-

222 4794 331 4856 nis,
358 4803 413 4846 et
448 4790 722 4844 volucrum
774 4800 820 4843 et
873 4789 1260 4861 quadrupedum
1307 4798 1351 4843 et
1393 4792 1726 4861 serpentium.

295 4883 354 4937 3.
396 4880 603 4935 Contra
658 4880 986 4949 philosOphos
1006 4881 1232 4951 gentiles.
1255 4912 1327 4920 —
1348 4881 1523 4937 Prima
1546 4882 1834 4949 accusatio,

219 4973 375 5044 quod
410 4973 594 5025 Deum
625 4986 729 5025 non
761 4972 1099 5037 invenerint;
1146 4974 1403 5039 secunda,
1432 4974 1573 5044 quod
1599 4974 1838 5029 occasio-

222 5080 326 5121 nes
380 5077 621 5133 magnas
669 5071 725 5118 et
760 5063 1080 5132 conspicuas
1129 5064 1435 5132 habentes;
1483 5067 1659 5128 tertia.
1694 5067 1838 5137 quod

217 5173 352 5213 cum
384 5172 453 5211 se
488 5155 763 5225 sapientes
784 5154 1059 5221 dicerent;
1089 5167 1277 5226 quarta
1299 5199 1316 5224 ,
1348 5155 1490 5227 quod
1525 5173 1631 5212 non
1677 5156 1838 5213 modo

219 5264 334 5304 non
368 5247 713 5314 invenerint,
745 5247 839 5302 sed
866 5248 1027 5303 etiam
1051 5248 1252 5304 cultum
1278 5249 1425 5305 illum
1448 5249 1517 5306 ad
1540 5250 1835 5321 daemonas,

217 5341 287 5395 ad
341 5338 577 5408 lapides
603 5346 658 5391 et
683 5337 825 5407 ligna
869 5337 1181 5394 derivarint.
1215 5339 1429 5395 Illorum
1470 5356 1602 5396 vero
1645 5341 1837 5396 fastum

219 5432 507 5503 deprimit
543 5430 593 5484 in
626 5431 861 5500 Epistola
892 5430 958 5486 ad
991 5429 1333 5500 Corinthios;
1366 5432 1459 5488 sed
1481 5448 1586 5488 non
1617 5435 1840 5504 perinde

219 5525 341 5581 illic
366 5534 433 5577 ut
471 5521 589 5576 hic.
620 5520 733 5576 Illic
754 5523 897 5577 enim
932 5538 962 5577 a
988 5538 1148 5579 cruce
1177 5525 1384 5594 plagam
1416 5526 1545 5595 ipsis
1601 5527 1793 5599 infligit
1817 5568 1833 5594 ,

220 5614 425 5670 diwns
466 5630 483 5667 :
548 5610 677 5677 Quia
698 5612 834 5682 quod
853 5613 1063 5668 stultum
1089 5624 1163 5669 est
1187 5613 1308 5683 Dei,
1330 5616 1611 5686 sapientius
1641 5628 1713 5672 est
1744 5622 1841 5673 Ito-

216 5703 465 5762 minibus
499 5702 594 5773 (ι.
622 5700 738 5758 Cor.
774 5702 994 5777 1.25);
1028 5704 1116 5764 hic
1140 5719 1273 5765 vero
1300 5708 1418 5766 sine
1438 5709 1839 5781 comparatione

1316 280 1379 335 IN
1419 278 1635 334 EPIST.
1679 275 1769 330 AD
1808 272 1973 331 ROM.
2015 276 2243 333 HOMIL.
2287 278 2369 332 Ill.

3374 282 3474 334 Hi

1899 389 2211 456 sapientiam
2242 406 2426 445 eorum
2452 390 2502 444 in
2533 391 2707 461 seipsa
2739 390 3003 457 traducit,
3032 390 3478 447 ostendensstul-

1899 478 2071 534 titiam
2124 495 2246 536 esse
2294 489 2351 537 et
2396 482 2718 553 arrogantia
2781 490 2989 537 tantum
3036 485 3474 538 ostentationem.

1899 570 2102 626 Deinde
2121 581 2180 627 ut
2197 572 2371 628 discas
2395 573 2513 628 illos
2538 574 2632 629 Dei
2661 573 2900 629 notitiam
2929 573 3205 640 habentes,
3231 574 3311 629 sic
3332 573 3477 628 illam

1898 662 2218 729 prodidisse,
2260 664 2409 730 dicit,
2465 664 2830 721 Mutaverunt:
2869 664 2960 736 qui
2992 680 3121 719 vero
3168 674 3374 733 mutat,
3423 673 3483 720 ut

1899 751 2045 806 aliud
2074 752 2277 808 habens
2331 763 2521 809 mutat.
2574 755 2872 812 Voluerunt
2916 756 3057 809 enim
3097 755 3222 824 quid
3251 755 3482 825 amplius

1899 843 2159 909 invenire,
2190 846 2332 902 datis
2356 849 2597 904 terminis
2622 864 2724 903 non
2754 849 2988 904 contenti
3018 867 3031 913 ;
3063 848 3291 919 ideoque
3318 848 3479 904 etiam

1901 935 1982 992 bis
2007 938 2345 993 exciderunt:
2379 941 2665 996 novitatem
2688 942 2828 996 enim
2849 940 3242 995 desiderabant.
3265 939 3477 996 Etenim

1900 1028 2203 1098 hujusmodi
2248 1030 2427 1086 omnia
2457 1031 2774 1088 Graecorum
2806 1032 2972 1087 fuere.
3006 1032 3129 1086 Ideo
3174 1033 3335 1086 etiam
3380 1030 3481 1086 sibi

1902 1130 2086 1175 mutuo
2123 1120 2391 1177 adversati
2422 1133 2544 1178 sunt
2572 1141 2585 1177 :
2616 1124 2932 1179 Aristoteles
2974 1125 3257 1179 iusurrexit
3300 1133 3483 1178 centra

1902 1213 2211 1279 Platonem,
2235 1214 2401 1271 Stoici
2445 1216 2497 1270 in
2532 1216 2670 1269 ltunc
2700 1216 3047 1283 intremuere,
3080 1227 3134 1271 et
3164 1216 3301 1270 alter
3326 1215 3481 1270 alteri

1904 1304 2074 1360 hostis
2105 1306 2220 1360 fuit.
2251 1306 2435 1377 Itaque
2466 1322 2569 1361 nOn
2605 1307 2674 1360 ita
2708 1306 3005 1361 admirandi
3030 1316 3154 1361 sunt
3175 1306 3244 1359 nh
3270 1305 3482 1375 sapient-

1904 1398 2029 1452 tiam
2058 1400 2411 1455 utat'ersandi
2439 1411 2493 1455 et
2518 1401 2642 1455 odio
2672 1400 2921 1465 habendi,
2940 1401 3065 1471 quia
3083 1402 3151 1455 ob
3181 1401 3283 1455 hoc
3312 1400 3481 1470 ipsmu

1901 1490 2049 1545 stulti
2082 1491 2208 1545 facti
2241 1501 2385 1546 sunt.
2416 1493 2525 1546 Nisi
2548 1493 2689 1549 enim
2728 1493 3018 1547 ratiociniis
3065 1501 3119 1547 et
3165 1493 3487 1563 syllogismis

1914 1594 2072 1654 atque
2104 1587 2523 1653 50pltismatibus
2550 1602 2643 1641 sua
2695 1587 3127 1652 commisissent,
3157 1601 3263 1639 non
3286 1586 3337 1639 in
3362 1585 3483 1639 talia

1905 1676 2239 1731 incidissent.
2288 1677 2489 1733 Deinde
2531 1678 2959 1733 criminationem
2986 1691 3187 1745 augens
3219 1676 3430 1730 illorum
3464 1716 3478 1739 ,

1906 1767 2261 1823 idololatriatn
2288 1776 2453 1824 totam
2484 1768 2731 1824 traducit.
2757 1769 2912 1823 Certe
2956 1769 3040 1822 vel
3073 1766 3214 1837 quod
3247 1774 3488 1820 mutave-

1904 1859 2031 1925 rint,
2052 1860 2333 1916 ridiculum
2352 1868 2471 1917 est:
2501 1859 2645 1931 quod
2670 1869 2849 1915 autem
2877 1861 2930 1913 in
2963 1860 3087 1913 talia
3112 1857 3435 1912 mutaverint
3468 1896 3485 1922 ,

1906 1952 2051 2009 omni
2082 1955 2427 2009 excusatione
2447 1963 2615 2010 caret.
2637 1953 2692 2008 In
2717 1968 2960 2024 quamam
2992 1968 3121 2022 ergo
3144 1951 3487 2011 mutaverint,

1906 2054 1961 2100 et
1980 2062 2081 2115 qtta
2111 2046 2161 2100 in
2188 2061 2245 2100 re
2260 2046 2482 2116 gloriam
2507 2048 2800 2117 posuerint,
2822 2046 3115 2115 perpende.
3138 2043 3490 2114 Cogitandum

1909 2135 1977 2191 de
2005 2136 2097 2191 illo
2126 2146 2263 2203 erat,
2289 2136 2430 2208 quod
2461 2146 2605 2192 esset
2652 2138 2821 2202 Deus,
2864 2137 3007 2207 quod
3045 2136 3286 2189 omnium
3314 2134 3491 2189 domi-

1909 2244 2046 2295 nus,
2077 2228 2220 2298 quod
2265 2244 2391 2294 eos,
2425 2229 2515 2299 qui
2546 2243 2650 2283 non
2684 2239 2860 2294 erant,
2892 2228 3100 2293 fecerit,
3136 2227 3278 2297 quod
3312 2225 3491 2295 provi-

1909 2319 2033 2375 deat
2058 2328 2113 2375 et
2137 2334 2321 2375 curam
2342 2329 2492 2389 gerat
2520 2338 2533 2374 :
2589 2319 2706 2374 haec
2737 2319 2905 2389 gloria
2956 2319 3047 2372 Dei
3086 2327 3235 2371 sunt.
3263 2316 3494 2383 Quibus-

1912 2426 2034 2465 nam
2060 2410 2158 2480 ipsi
2203 2410 2347 2464 illam
2389 2410 2806 2464 attribuerunt?
2845 2408 2960 2463 Non
3014 2406 3352 2471 hominibus,
3403 2403 3495 2458 sed

1912 2501 2245 2557 similitudini
2271 2500 2516 2571 imaginis
2537 2500 2900 2570 corruptibilis
2928 2499 3180 2554 hominis.
3205 2496 3387 2566 Neque
3411 2494 3499 2549 hic

1913 2601 2199 2660 steterunt,
2222 2591 2317 2647 sed
2337 2601 2390 2647 et
2419 2591 2489 2646 ad
2518 2592 2669 2646 bruta
2696 2592 2944 2646 animalia
2985 2589 3190 2657 delapsi
3212 2596 3358 2652 sunt,
3389 2587 3497 2641 imo

1913 2693 1967 2740 et
1991 2683 2058 2739 ad
2085 2683 2301 2738 illorum
2333 2683 2616 2754 imagines.
2675 2682 2754 2736 Tu
2783 2698 2913 2736 vero
2938 2682 3068 2735 ntihi
3106 2681 3249 2734 I’attli
3277 2679 3498 2749 sapien-

1916 2776 2041 2829 tiam
2072 2774 2373 2845 perpendas
2395 2775 2577 2841 velim,
2603 2773 2875 2845 quomodo
2908 2774 3014 2827 duo
3036 2784 3273 2828 extrema
3303 2785 3500 2840 posue-

1916 2870 2021 2934 rit,
2061 2869 2225 2924 Deum
2276 2883 2584 2939 supremum
2624 2867 2896 2934 omnium,
2928 2875 2982 2921 et
3018 2866 3223 2937 reptilia
3268 2868 3445 2919 intima
3480 2882 3495 2928 ;

1916 2961 2025 3016 imo
2060 2975 2166 3014 non
2214 2959 2458 3030 reptilia,
2515 2958 2609 3014 sed
2659 2958 2927 3029 reptilium
2980 2957 3389 3018 similitudines.
3444 2965 3506 3010 ut

1916 3064 2152 3121 apertam
2177 3050 2391 3105 illorum
2419 3050 2679 3105 insaniam
2696 3050 2839 3105 clare
2864 3048 3195 3104 ostenderet.
3225 3047 3501 3117 Cognitio-

1919 3159 2044 3199 nem
2073 3143 2215 3197 enim
2243 3142 2411 3207 illam,
2435 3158 2592 3212 quam
2623 3142 2821 3197 habere
2841 3141 3124 3212 oportebat
3152 3141 3294 3196 circa
3326 3155 3448 3193 cum
3482 3178 3497 3201 ,

1920 3237 2010 3307 qui
2038 3237 2155 3291 sine
2178 3237 2575 3306 comparatione
2592 3237 2830 3290 omnium
2858 3235 3341 3290 excellentissimus
3371 3243 3453 3287 est
3487 3274 3502 3293 .

1923 3325 2063 3381 hanc
2084 3327 2323 3382 omnium
2344 3326 2485 3381 haud
2516 3328 2677 3381 dubie
2698 3327 2963 3382 vilissimo
3006 3327 3399 3395 applicuerunt.
3439 3324 3507 3379 Et

1922 3418 2047 3488 quid
2078 3417 2213 3481 haec,
2242 3419 2473 3489 inquies,
2501 3417 2569 3471 ad
2596 3416 2991 3488 philosophos?
3039 3416 3118 3471 Ad
3152 3417 3250 3470 bos
3279 3416 3509 3470 maxime

1924 3512 2100 3566 omnia
2129 3526 2290 3581 supra
2308 3512 2450 3566 dicta
2473 3520 2735 3581 Spectaut.
2763 3511 2895 3566 Nam
2923 3511 2974 3565 bi
3006 3510 3287 3582 Egyptios
3318 3509 3507 3564 borum

1927 3603 2236 3659 inventores
2285 3603 2570 3673 magistros
2617 3602 2818 3657 habent
2847 3619 2860 3656 :
2894 3614 2946 3658 et
2975 3601 3151 3671 Plato,
3180 3601 3271 3673 qui
3302 3602 3513 3656 caeteris

1927 3700 2264 3768 praestantior
2289 3713 2411 3754 esse
2440 3698 2674 3766 videtur,
2706 3697 2774 3754 de
2802 3700 2949 3753 hisce
2969 3698 3263 3769 gloriatur;
3292 3699 3514 3768 ejusque

1928 3788 2117 3844 doctor
2161 3789 2315 3843 idolis
2356 3791 2473 3845 istis
2527 3789 2777 3845 addimus
2828 3790 2949 3855 fuit,
2983 3790 3071 3858 qui
3121 3790 3319 3859 gallum
3364 3788 3515 3857 jubet

1930 3883 2243 3951 Esculapio
2282 3883 2571 3938 sacrificari
2621 3884 2717 3954 (α).
2754 3884 2850 3938 llic
2902 3883 3086 3937 videas
3133 3883 3411 3937 hrutorum
3461 3892 3515 3936 et

1931 3975 2198 4044 reptilium
2258 3974 2539 4044 imagines,
2571 3982 2771 4028 etcum
2829 3973 2912 4027 bis
2964 3972 3268 4041 Apollinem
3297 3982 3351 4025 et
3375 3972 3509 4024 Bac-

1931 4067 2089 4122 cltum
2120 4066 2232 4138 pari
2259 4066 2403 4120 cultu
2429 4065 2937 4137 dignatos.Quidam
2969 4080 3095 4121 vero
3133 4063 3436 4135 philosophi
3466 4065 3516 4118 in

1934 4159 2125 4214 caelum
2155 4158 2407 4213 invexere
2429 4167 2632 4224 tauros,
2662 4157 2928 4228 scorpios,
2948 4156 3216 4211 dracones
3240 4166 3288 4211 et
3319 4157 3511 4226 lmjusv

1936 4249 2079 4304 modi
2104 4249 2448 4319 quisquilias:
2470 4249 2666 4319 ubique
2687 4250 2828 4304 enim
2851 4248 3094 4304 diabolus
3114 4250 3320 4303 curavit
3340 4248 3406 4302 ad
3435 4265 3521 4301 re-

1937 4341 2140 4411 ptilium
2183 4340 2591 4396 similitudinem
2619 4341 2863 4397 homines
2887 4342 3192 4407 demittere,
3219 4351 3271 4396 et
3302 4343 3515 4395 irratio-

1940 4433 2293 4488 nabilioribus
2315 4448 2410 4487 eos
2440 4434 2726 4503 subjicere,
2764 4449 2901 4504 quos
2946 4435 3084 4491 Deus
3129 4451 3287 4505 supra
3344 4435 3516 4505 ipsum

1936 4523 2123 4578 caelum
2151 4523 2409 4579 extollere
2428 4524 2617 4580 voluit.
2672 4524 2859 4594 Neque
2916 4525 3040 4579 hinc
3080 4534 3306 4589 tantum,
3334 4524 3426 4580 sed
3468 4535 3523 4579 et

1938 4614 2153 4668 aliunde.
2182 4613 2394 4669 illorum
2423 4614 2767 4688 coryphaeum
2787 4615 2993 4672 videbis
3018 4630 3179 4686 supra
3202 4615 3383 4673 ’dictis
3412 4617 3512 4671 ob-

1940 4706 2180 4761 noxium.
2209 4705 2344 4761 Cum
2374 4707 2515 4761 enim
2540 4715 2725 4776 poetas
2753 4707 2806 4761 in
2837 4722 3001 4762 unum
3028 4706 3266 4776 colligit,
3296 4716 3352 4762 et
3386 4706 3518 4762 dicit

1940 4805 2193 4866 oportere
2217 4796 2322 4851 illis
2344 4796 2543 4853 habere
2567 4796 2726 4852 ﬁdem
2757 4797 2809 4851 in
2829 4796 2912 4863 iis,
2945 4812 3066 4867 qua:
3087 4796 3153 4851 de
3179 4797 3291 4852 Deo
3311 4796 3524 4863 dicunt,

1941 4895 2125 4957 utpote
2150 4887 2238 4957 qui
2271 4887 2435 4957 probe
2462 4888 2662 4954 norint,
2687 4888 2819 4943 nihil
2846 4887 2991 4942 aliud
3046 4902 3206 4957 quam
3266 4902 3525 4957 nugarum

1940 4980 2247 5049 congeriem
2280 4978 2506 5046 inducit,
2537 4988 2594 5035 et
2618 4994 2705 5034 res
2728 4987 2833 5034 tam
2867 4977 3120 5033 ridiculas
3147 4993 3308 5033 veras
3333 4980 3527 5035 existi-

1941 5069 2166 5124 mandas
2183 5083 2303 5126 esse
2324 5070 2472 5126 dicit.
2503 5070 2596 5126 24.
2624 5068 2753 5124 Ideo
2776 5069 2985 5147 tradidit
3012 5069 3130 5124 illos
3150 5069 3288 5125 Deus
3312 5071 3365 5125 in
3386 5071 3523 5126 desi-

1942 5160 2085 5216 deria
2117 5159 2284 5215 cordis
2314 5161 2414 5227 sui,
2457 5161 2514 5217 in
2558 5160 2954 5227 immunditiam,
2982 5170 3038 5215 ut
3065 5162 3383 5218 contumeliis
3424 5163 3533 5232 alii-

1942 5255 2078 5308 ciant
2135 5270 2348 5323 corpora
2374 5270 2469 5308 sua
2495 5253 2550 5308 in
2571 5254 2870 5325 semetipsis.
2905 5254 3040 5309 Hinc
3069 5255 3307 5311 ostendit
3335 5256 3528 5327 impie-

1945 5355 2107 5402 tatem
2135 5345 2451 5401 violatarum
2499 5347 2675 5417 legum
2717 5346 2882 5403 fuisse
2922 5362 3158 5402 causam.
3211 5346 3347 5403 lllud
3401 5363 3530 5407 vero

1945 5436 2205 5505 Tradidit,
2257 5436 2345 5494 hic
2399 5436 2685 5508 signiﬁcat,
2743 5438 3005 5509 permisit.
3057 5439 3522 5506 Quemadmodum

1944 5530 2089 5585 enim
2106 5530 2212 5585 dus
2235 5529 2502 5583 exercitus
2523 5530 2567 5583 si
2588 5529 2989 5600 ingravescente
3006 5545 3178 5601 pugna
3202 5524 3529 5588 discesserit,

2031 5621 2100 5684 a),
2118 5620 2330 5684 Platonis
2347 5619 2516 5684 doctor
2530 5625 2755 5684 Socrates
2773 5622 3039 5673 moriturus
3059 5620 3240 5684 gallum
3260 5620 3405 5684 jubet
3431 5615 3537 5666 Αἰδ-

1946 5680 2138 5745 culapio
2179 5682 2457 5732 sacriﬁcari.
2482 5681 2607 5733 Vide
2632 5680 2880 5733 Platonem
2917 5686 2969 5734 in
3007 5680 3348 5745 Pb’aedoneg'de
3372 5689 3531 5745 morte

1945 5741 2171 5798 socratis.
2189 5751 2300 5796 ttae
2323 5752 2567 5809 postrema
2589 5756 2684 5798 vox
2707 5747 2801 5797 fuit
2824 5745 3143 5797 celeberrimi
3167 5741 3456 5806 Philosophi.
