3950 6436
453 238 558 296 ΜΒ

463 358 658 415 milites
678 354 919 412 hostibus
948 349 1132 417 tradit,
1156 364 1262 404 non
1295 348 1409 417 ipse
1432 345 1741 415 impellens,
1773 342 1870 398 sed
1896 342 2047 396 auxi-

462 449 535 506 iio
562 464 661 505 suo
683 447 935 520 privans:
964 444 1043 499 sic
1073 444 1217 499 Deus
1239 455 1357 506 eos,
1388 438 1479 514 qui
1510 438 1798 492 noluerunt
1833 448 1929 489 sua
1953 449 2048 490 ae-

462 545 662 614 cipere,
689 541 784 598 sed
814 538 970 610 primi
992 536 1318 596 resiliernnt,
1377 530 1610 594 dimisit,
1643 538 1925 599 postquam
1951 540 2047 580 sua

461 636 641 692 omnia
664 634 999 704 impleverat.
1050 624 1329 696 Perpende
1378 634 1555 677 autem
1601 639 1616 676 :
1665 635 1767 690 pro
1807 620 2048 674 doctrina

462 724 722 782 mundum
754 724 806 778 in
848 721 1026 777 modio
1069 719 1285 789 posuit;
1328 724 1561 769 mentem
1589 722 1639 768 et
1669 712 2046 781 cogitationem

462 820 631 886 dedit,
655 834 774 887 quze
798 822 981 886 posset
1002 812 1053 867 id
1076 853 1091 877 ,
1125 808 1268 881 quod
1294 806 1623 864 conveniens
1654 815 1797 869 erat,
1844 804 2047 859 intelli-

461 928 615 985 gere.
636 910 789 965 Nullo
818 908 1006 960 horum
1035 902 1304 968 homines,
1333 900 1424 971 qui
1456 909 1583 953 tunc
1621 907 1798 962 erant,
1824 898 1901 951 nsi
1925 904 2050 950 sunt

461 1005 528 1059 ad
566 1003 814 1062 salutem,
846 998 938 1051 sed
970 998 1021 1050 in
1040 994 1368 1049 contrarium
1425 991 1573 1062 quod
1604 998 1922 1059 acceperant
1970 989 2050 1043 in-

464 1101 759 1149 vertcrunt.
789 1087 924 1154 Quid
959 1087 1117 1158 igitur
1143 1083 1322 1139 facere
1350 1081 1674 1154 oportebat?
1704 1081 1755 1134 vi
1785 1089 1836 1135 et
1861 1093 2051 1134 neces.

464 1187 621 1240 sitate
648 1184 861 1238 trahere
879 1182 904 1233 't
931 1181 999 1234 At
1030 1194 1136 1234 non
1181 1186 1264 1233 est
1293 1176 1396 1232 hoc
1427 1176 1604 1230 facere
1626 1174 1822 1228 virtute
1851 1172 2050 1243 praedi-

463 1286 564 1333 tos.
588 1275 869 1345 Reliquum
897 1281 1013 1326 erat
1044 1280 1102 1325 ut
1127 1270 1425 1335 desereret,
1444 1267 1585 1337 quod
1609 1274 1664 1321 et
1689 1264 1814 1321 fecit
1842 1281 1857 1331 ;
1893 1264 2051 1319 utvel

461 1370 542 1425 sic
575 1369 688 1433 illa,
714 1380 833 1437 qua:
855 1363 1256 1433 concupierant,
1282 1360 1513 1428 experti.
1550 1356 1937 1427 turpitudinem
1964 1355 2051 1411 fu-

461 1469 668 1535 gerent.
722 1458 856 1515 Nam
898 1458 942 1512 si
978 1460 1098 1527 quis
1129 1454 1268 1525 regis
1297 1452 1473 1517 lilius,
1524 1458 1834 1520 contempto
1861 1459 2047 1520 patre,

461 1574 585 1613 cum
608 1554 971 1628 prmdonibus,
993 1551 1200 1608 sicariis
1228 1558 1281 1606 et
1308 1549 1677 1618 sepulcrorum
1704 1545 2051 1602 elfossoribus

463 1669 522 1708 se
550 1652 807 1715 conferat,
833 1659 889 1705 et
914 1647 1128 1702 illorum
1183 1642 1522 1700 consortium
1572 1650 1813 1711 paterna:
1866 1638 2048 1693 domui

463 1744 730 1815 prtel'erat,
766 1739 1156 1809 relinquiteum
1187 1744 1373 1806 pater,
1421 1742 1479 1787 ut
1517 1732 1762 1788 stultitim
1792 1747 1902 1785 smn
1932 1745 2048 1784 ma-

463 1834 791 1907 gnitudinem
813 1829 1146 1900 experientia
1176 1826 1399 1881 ediscat.

535 1929 589 1983 4.
619 1927 728 1982 Cur
752 1932 930 1979 autem
970 1920 1173 1976 nullum
1197 1916 1341 1971 aliud
1378 1915 1696 1970 memoravit
1726 1920 2005 1984 peccatum
2033 1952 2048 1978 ,

464 2032 524 2078 ttt
551 2018 787 2081 caedem,
815 2015 1093 2071 avaritiam
1135 2019 1191 2067 et
1231 2010 1333 2063 alia
1365 2008 1583 2074 similia,
1633 2007 1725 2061 sed
1786 2007 2051 2075 intempe-

466 2113 696 2168 rantiam
716 2112 741 2162 't
770 2107 1059 2163 Auditores
1085 2112 1311 2163 tantum,
1342 2109 1396 2153 et
1424 2115 1518 2154 eos
1540 2099 1629 2169 qui
1659 2097 1941 2167 epistolam
1965 2109 2054 2150 ac-

466 2202 668 2273 cepturi
691 2208 865 2265 erant,
898 2196 1133 2252 indicare
1161 2193 1290 2247 mihi
1323 2188 1629 2244 videtttrJn
1656 2187 2048 2252 immunditiam,

465 2306 523 2349 ut
546 2308 761 2364 corpora
784 2306 877 2343 sua
905 2284 1211 2340 contumelia
1248 2282 1466 2352 afﬁciant
1504 2282 1555 2334 in
1594 2280 1894 2349 semetipsis.
1918 2278 2054 2335 Vide

465 2386 748 2455 emphasin
770 2382 1006 2435 maxime
1028 2378 1504 2450 perm-ingentem.
1527 2374 1642 2428 Non
1661 2372 1779 2426 aliis
1802 2371 2049 2441 egebant,

468 2480 658 2547 inquit,
689 2474 885 2546 quibus
905 2470 1230 2527 contumelia
1252 2467 1631 2522 afﬁcerentur:
1678 2465 1771 2520 sed
1804 2480 1923 2535 quae
1947 2464 2053 2519 iui-

468 2570 589 2624 mici
638 2568 946 2621 intulissent
972 2605 987 2629 ,
1016 2563 1201 2616 cadem
1233 2571 1416 2616 contra
1445 2575 1505 2613 se
1527 2559 1826 2628 patrabant.
1853 2556 2055 2612 Deinde

466 2674 683 2715 causam
713 2669 991 2711 resumens
1008 2654 1119 2707 ait:
1158 2652 1251 2707 25.
1279 2651 1378 2717 Qui
1405 2657 1832 2704 commutaverunt
1872 2648 2058 2701 verita-

471 2764 568 2808 tem
594 2751 686 2803 Dei
706 2750 758 2803 in
787 2746 1149 2809 mendacium;
1184 2758 1246 2795 ac
1283 2742 1473 2795 cultum
1512 2740 1854 2810 praestiterunt
1878 2748 1926 2793 et
1951 2755 2057 2792 ser-

468 2846 659 2899 uierunt
681 2852 926 2895 creatum
945 2836 1285 2907 potiusquam
1308 2830 1554 2885 Creatori.
1586 2830 1718 2897 Quae
1761 2828 2053 2883 admodum

470 2936 690 2992 ridicula
718 2944 893 2999 erant,
924 2932 975 2985 in
1004 2928 1185 2999 specie
1236 2926 1420 2997 ponit;
1473 2941 1592 2995 qua:
1635 2938 1763 2978 vero
1812 2923 2057 2993 graviora

471 3039 642 3095 erant,
670 3024 994 3099 generaliter
1025 3040 1038 3077 :
1071 3035 1136 3076 ac
1155 3034 1249 3090 per
1277 3018 1391 3073 haec
1406 3017 1584 3071 omnia
1614 3014 1885 3082 ostendit,
1909 3029 2059 3070 crea—

470 3134 605 3177 tura:
630 3121 830 3174 cultum
856 3116 923 3171 ad
949 3114 1179 3186 gentiles
1203 3111 1493 3182 pertinere.
1549 3108 1616 3163 Et
1642 3107 1763 3162 vide
1788 3105 2059 3177 quomodo

471 3227 779 3271 sermonem
805 3207 1155 3281 explicaverit
1188 3221 1201 3257 :
1235 3220 1340 3259 non
1372 3202 1516 3258 enim
1544 3200 1866 3270 simpliciter
1885 3196 2056 3264 dixit,

467 3305 766 3361 Coluerunt
794 3310 1117 3361 creaturam,
1148 3295 1247 3351 sed
1267 3293 1494 3358 addidit,
1532 3290 1716 3345 Potius
1730 3305 1882 3362 quam
1911 3286 2060 3344 Crea-

471 3407 671 3452 torem:
694 3396 890 3465 ubique
918 3394 1016 3447 hac
1055 3390 1263 3445 ratione
1311 3388 1515 3442 crimen
1563 3384 1838 3448 attollens,
1862 3392 1919 3438 et
1959 3381 2061 3435 hoc

473 3489 845 3545 additamento
866 3486 987 3540 illos
1014 3483 1168 3537 venia
1192 3481 1428 3551 privatis.
1464 3477 1563 3545 Qui
1601 3487 1671 3530 est
1697 3474 1984 3529 benedictus
2009 3474 2062 3528 in

471 3584 680 3638 stecula.
704 3582 882 3634 Amen.
908 3576 1106 3631 Verum
1160 3573 1261 3627 hoc
1290 3571 1422 3626 nihil
1467 3569 1543 3623 illi
1574 3569 1789 3629 nocuit,
1841 3567 2012 3637 inquit
2042 3581 2056 3618 :

472 3683 557 3731 est
576 3677 720 3729 enim
747 3672 837 3727 ille
857 3667 1170 3725 benedictus
1194 3669 1250 3721 in
1278 3662 1495 3719 saecula.
1527 3661 1623 3716 llic
1650 3659 1885 3717 ostendit
1917 3660 2061 3715 illum

475 3782 581 3822 non
607 3776 664 3821 ut
686 3780 746 3819 se
767 3763 1118 3819 ulcisceretur
1157 3757 1465 3813 deseruisse
1515 3754 1679 3823 ipsos,
1730 3751 2065 3822 quandoqui-

476 3860 598 3915 dem
623 3855 754 3911 nihil
778 3867 968 3925 passus
993 3860 1097 3906 est.
1129 3847 1354 3904 Etiamsi
1381 3847 1521 3902 enim
1552 3844 1630 3899 illi
1666 3844 1837 3915 ipsum
1874 3850 2064 3899 contu-

476 3950 634 4007 melia
662 3946 940 4002 adfecerint
962 3960 977 4007 ;
1001 3951 1058 3997 at
1080 3942 1169 3997 ille
1198 3937 1580 3995 contumeliam
1610 3952 1715 3990 non
1745 3948 1933 4005 passus
1958 3943 2061 4000 est,

475 4057 652 4114 neque
691 4040 862 4111 gloria
883 4036 1000 4107 ejus
1031 4035 1309 4090 imminuta
1335 4030 1456 4097 luit,
1484 4027 1581 4084 sed
1619 4035 1800 4081 manet
1851 4040 2067 4095 semper

477 4135 811 4192 benedictus.
829 4130 962 4185 Nam
982 4129 1027 4184 si
1059 4127 1373 4198 plerumque
1402 4124 1481 4177 vir
1503 4122 1595 4193 qui
1635 4117 2064 4190 philosophatur,

482 4229 616 4285 nihil
648 4234 848 4298 patitur
872 4223 941 4277 ab
970 4223 1056 4288 iis,
1086 4220 1178 4290 qui
1206 4214 1586 4272 contumeliam
1619 4213 1874 4277 inferunt,
1897 4208 2067 4264 multo

483 4323 662 4377 minus
688 4319 852 4383 Deus,
880 4312 1200 4369 immortalis
1224 4320 1279 4366 et
1304 4304 1655 4363 immutabilis
1700 4303 1793 4359 illa
1834 4312 2027 4358 natura
2048 4341 2064 4366 ,

487 4410 821 4471 invariabilis
847 4417 901 4463 et
929 4407 1146 4461 immota
1196 4402 1385 4474 gloria.
1418 4398 1632 4455 Etenim
1658 4395 1906 4452 homines
1966 4390 2069 4447 hac

483 4509 537 4563 in
564 4522 622 4561 re
653 4505 762 4559 Deo
785 4501 989 4557 similes
1012 4499 1164 4563 liunt,
1195 4510 1315 4549 cum
1339 4491 1467 4546 nihil
1506 4490 1777 4560 patiuntur
1807 4486 1874 4541 ab
1895 4485 1961 4539 iis
1979 4484 2067 4554 qui

485 4596 787 4654 molestiam
809 4590 1010 4647 inferre
1035 4591 1235 4651 volunt,
1260 4599 1358 4640 nec
1376 4580 1754 4639 contumeliun
1774 4576 2067 4646 accipiunt,

486 4691 727 4766 percussi
799 4703 905 4742 non
973 4681 1381 4755 percutiuntur,
1427 4677 1549 4732 aliis
1612 4672 1909 4766 ridentibus

486 4759 613 4841 iere
656 4779 969 4837 irridentur.
1024 4775 1094 4830 Et
1132 4769 1437 4843 quomodo,
1484 4765 1693 4837 inquies
1724 4805 1741 4833 ,
1795 4762 1897 4817 hoc
1957 4759 2073 4815 licri

486 4875 709 4951 possit?
754 4874 975 4936 Potest,
1038 4868 1221 4937 utique
1276 4870 1486 4934 potest,
1536 4861 1581 4915 si
1623 4872 1730 4951 non
1784 4855 1970 4911 doleas
2008 4852 2076 4908 de

488 4973 555 5026 iis
592 4981 713 5038 qua:
756 4963 1026 5019 accidunt.
1078 4962 1144 5012 ιι
1179 4953 1490 5027 quomodo,
1541 4950 1789 5021 inquies,
1855 4958 2073 5016 possum

489 5079 597 5119 non
633 5059 863 5116 dolere?
908 5059 977 5110 At
1007 5051 1283 5125 quomodo
1335 5059 1489 5120 potes
1536 5044 1768 5100 dolere?
1815 5043 1905 5096 Dic
1932 5042 2076 5096 enim

492 5155 623 5212 tnihi
665 5172 681 5209 :
742 5151 798 5205 Si
841 5148 1095 5219 puerulus
1152 5155 1275 5201 tuus
1323 5151 1377 5198 te
1411 5138 1736 5196 contumelia
1785 5134 2072 5198 alliceret,

1184 226 1241 283 S.
1281 223 1559 281 JOANNIS
1594 220 2077 281 CHRYSOSTOMI
2110 220 2425 279 ARCHIEP.
2464 224 2995 283 CONSTANTINOP.

3642 228 3734 284 διε

2151 356 2219 397 an
2250 341 2378 398 illud
2408 358 2503 412 pro
2518 346 2836 400 contumelia
2864 345 3116 400 haberes?
3133 362 3199 401 an
3217 346 3464 404 doleres?
3488 347 3732 403 Minime:

2151 433 2197 487 si
2222 434 2451 501 doleres,
2487 451 2663 491 annon
2683 438 2940 493 ridiculus
2970 438 3155 494 esses?
3180 438 3270 496 Sic
3294 454 3422 511 erga
3441 441 3736 510 proximum

2151 523 2326 580 affecti
2345 525 2535 591 simus,
2566 536 2621 582 et
2648 527 2776 581 nihil
2810 529 3003 600 ingrati
3032 530 3298 600 patiemur
3328 530 3539 603 (pueris
3566 532 3730 593 enim,

2152 620 2241 691 qui
2268 622 2647 676 contumeliam
2674 621 2933 689 inferunt,
2962 623 3361 692 insipientiores
3388 634 3516 679 sunt
3544 623 3601 697 );
3645 640 3740 679 nec

2153 729 2458 784 quaeramus
2486 716 2828 770 contumeliis
2871 730 2978 770 non
3006 716 3168 783 allici,
3194 726 3251 773 et
3277 717 3342 774 iis
3363 718 3542 774 allecti
3566 758 3583 784 ,
3634 717 3742 773 lor-

2154 804 2280 860 titer
2332 805 2563 860 feramus
2594 828 2607 862 :
2639 807 2729 861 hic
2757 817 2839 862 est
2864 808 3006 862 enim
3064 824 3225 864 verus
3266 810 3457 864 honor.
3518 809 3743 877 Quare?

2153 898 2287 966 Quia
2319 909 2371 952 ttt
2394 898 2555 966 hujus
2582 900 2800 953 honoris
2825 899 3077 954 dominus
3116 914 3209 965 es,
3243 900 3386 954 illius
3406 918 3538 957 vero
3581 901 3738 954 alius.

2153 990 2345 1046 Annon
2406 990 2554 1044 vides
2606 992 2942 1046 adamantem
3014 1007 3136 1046 cum
3195 994 3491 1063 percutitur
3545 1007 3741 1062 repen-

2154 1082 2495 1137 cntientem?
2539 1081 2641 1137 Sed
2707 1084 2822 1137 haec
2877 1091 2993 1145 est,
3047 1084 3255 1153 inquies
3289 1124 3303 1147 ,
3357 1083 3475 1153 ejus
3527 1093 3741 1137 natura.

2155 1176 2225 1228 At
2279 1185 2428 1242 potes
2486 1184 2543 1225 tu
2587 1189 2652 1226 ex
2711 1173 2984 1243 proposito
3047 1173 3333 1229 voluntatis
3387 1174 3510 1229 talis
3561 1172 3741 1240 efﬁci,

2155 1271 2328 1337 qualis
2358 1269 2446 1325 ille
2475 1286 2539 1324 cx
2573 1278 2758 1323 natura
2787 1278 2888 1324 est.
2921 1270 3057 1337 Quid
3085 1277 3263 1325 autem
3283 1269 3313 1323 ?
3343 1284 3522 1325 annon
3567 1268 3744 1323 vidisti

2159 1380 2352 1435 pueros
2391 1365 2443 1419 in
2487 1364 2705 1420 fornace
2749 1380 2854 1419 non
2904 1365 3164 1420 adustus?
3206 1363 3482 1419 Danielem
3529 1363 3584 1418 in
3632 1363 3746 1417 lacn

2156 1457 2286 1511 nihil
2317 1456 2441 1510 mali
2471 1456 2801 1526 patientem?
2828 1457 3062 1526 ldipsnm
3097 1456 3207 1527 jam
3246 1456 3360 1511 lieri
3404 1464 3624 1526 potest:
3656 1456 3746 1508 ad-

2155 1560 2279 1604 sunt
2309 1548 2469 1604 etiam
2499 1547 2655 1603 nobis
2684 1547 2869 1603 leones
2892 1590 2905 1612 ,
2941 1548 3053 1613 ira,
3082 1546 3517 1617 concupiscentia
3543 1588 3559 1613 ,
3593 1561 3743 1602 acer-

2158 1642 2310 1698 rimis
2338 1640 2587 1696 dentibus
2617 1641 2859 1695 instructi
2887 1681 2903 1706 ,
2936 1641 3025 1711 qui
3056 1640 3209 1695 obvia
3239 1641 3571 1712 discerpunt.
3620 1639 3747 1695 Esto

2158 1735 2317 1804 igitur
2341 1734 2529 1788 similis
2557 1733 2760 1788 Danicli
2786 1776 2802 1800 ,
2833 1743 2887 1788 et
2936 1750 3002 1789 ne
3049 1735 3195 1789 sinas
3234 1734 3517 1804 passiones
3560 1732 3745 1787 dentes

2160 1826 2382 1896 inﬁgere
2410 1826 2461 1878 in
2492 1825 2724 1878 animam
2757 1835 2919 1878 tuam.
2952 1830 3020 1879 At
3062 1826 3150 1880 ille
3173 1867 3191 1893 ,
3229 1826 3437 1896 inquies
3462 1868 3478 1891 ,
3521 1826 3742 1896 gratiam

2161 1930 2324 1972 totam
2374 1917 2558 1972 habuit
2602 1933 2785 1972 secum
2827 1926 3157 1987 operantem.
3210 1918 3394 1984 Bene,
3438 1919 3565 1988 quia
3616 1916 3745 1971 hanc

2158 2010 2385 2065 ducebat
2419 2012 2749 2080 propositum
2778 2009 3087 2064 voluntatis.
3118 2009 3301 2079 Itaque
3327 2011 3373 2064 si
3399 2010 3637 2064 velimus
3657 2025 3749 2064 nos

2161 2103 2293 2157 tales
2322 2118 2637 2172 comparare
2663 2144 2677 2165 ,
2705 2102 2855 2158 adest
2886 2111 2939 2157 et
2969 2118 3111 2157 nunc
3136 2103 3302 2173 gratia
3331 2120 3345 2154 :
3378 2103 3597 2158 etiamsi
3627 2100 3746 2156 lem:

2160 2196 2434 2259 esuriant,
2466 2211 2570 2248 non
2611 2195 2750 2249 latus
2793 2203 2939 2248 tuum
2986 2202 3221 2264 tangent.
3274 2193 3405 2249 Nam
3456 2195 3503 2248 si
3560 2194 3749 2249 servile

2159 2304 2356 2360 corpus
2383 2289 2626 2344 videntes
2658 2290 2901 2345 reveritze
2932 2298 3055 2342 snut
3080 2305 3096 2352 ;
3126 2303 3246 2342 cum
3278 2286 3525 2343 membra
3554 2286 3747 2341 Christi

2166 2382 2421 2437 videbunt
2452 2381 2594 2454 (hoc
2623 2384 2767 2436 enim
2812 2396 2908 2435 nos
2959 2380 3145 2436 ﬁdeles
3186 2381 3432 2451 sumus),
3479 2380 3748 2452 quomodo

2162 2488 2267 2528 non
2298 2474 2616 2544 quiescent?
2642 2472 2702 2529 Si
2731 2487 2860 2528 vero
2892 2488 2996 2528 non
3024 2473 3341 2542 quiescant,
3384 2471 3436 2527 id
3485 2487 3555 2527 ex
3600 2473 3747 2543 culpa

2160 2579 2349 2620 eorum
2374 2564 2465 2635 qui
2497 2565 2676 2635 injecli
2699 2563 2897 2619 fuerint
2921 2565 3158 2620 eveniet.
3183 2564 3393 2620 Etenim
3415 2564 3578 2619 multi
3596 2573 3748 2632 sunt,

2162 2658 2251 2726 qui
2284 2657 2527 2714 leonibus
2554 2657 2705 2714 hisce
2734 2667 3003 2728 sumptum
3024 2655 3365 2728 suppeditant
3389 2697 3405 2723 ,
3434 2656 3750 2712 meretrices

2164 2749 2459 2805 nutrientes
2483 2791 2497 2816 ,
2533 2751 2743 2820 nuptias
2772 2750 3037 2805 violantes
3060 2793 3074 2815 ,
3099 2750 3391 2805 vindictam
3419 2750 3473 2803 itt
3509 2750 3749 2803 inimicos

2164 2851 2479 2897 exercentes
2501 2858 2517 2897 ι
2540 2843 2765 2913 ideoque
2783 2844 2932 2914 prius
2959 2858 3117 2912 quant
3135 2843 3202 2898 ad
3223 2843 3394 2897 solum
3418 2843 3747 2912 perveniant,

2170 2934 2554 2990 dilacerantur.
2582 2938 2648 2989 At
2674 2950 2780 2990 non
2810 2934 2859 2990 id
2888 2934 3088 2989 Danieli
3114 2934 3371 3005 contigit;
3394 2943 3450 2989 at
3477 2949 3582 2990 nec
3607 2935 3750 2988 nobis

2163 3026 2435 3098 continget
2466 3028 2509 3080 si
2539 3026 2764 3081 velimus
2789 3067 2804 3091 ,
2835 3024 2945 3081 imo
2969 3034 3024 3081 et
3061 3024 3187 3095 quid
3220 3026 3412 3080 melius
3437 3040 3603 3095 quant
3636 3036 3751 3079 tunc

2164 3117 2389 3173 accidet.
3010 3181 3016 3187 _

2239 3210 2460 3281 lnjuriw
2484 3211 2632 3266 utiles
2660 3211 2907 3282 patienter
2933 3212 3134 3284 ferenti.
3159 3241 3231 3255 --
3261 3210 3373 3267 Illic
3397 3211 3543 3267 enim
3576 3210 3755 3266 leones

2168 3319 2277 3358 non
2305 3313 2645 3369 nocuerunt;
2682 3304 2838 3359 nobis
2863 3316 3042 3359 autem
3069 3343 3086 3370 ,
3133 3304 3178 3358 si
3218 3303 3507 3375 vigilemus
3535 3345 3551 3369 ,
3603 3302 3752 3357 utiles

2167 3408 2327 3453 erunt
2354 3399 2384 3452 ii
2411 3397 2501 3467 qui
2529 3397 2776 3467 injuriam
2805 3396 3060 3452 inferunt.
3104 3398 3179 3452 Ita
3208 3406 3262 3453 et
3289 3397 3488 3453 Paulus
3516 3398 3754 3469 splendi-

2168 3491 2267 3545 dus
2296 3491 2464 3545 evasit
2490 3489 2557 3544 ab
2584 3491 2647 3545 iis
2669 3531 2685 3556 ,
2709 3491 2799 3561 qui
2824 3490 2925 3560 ipsi
2955 3491 3227 3545 molestias
3242 3498 3300 3545 et
3320 3489 3542 3544 insidias
3566 3490 3749 3543 tulere-

2170 3586 2334 3651 bant;
2362 3584 2441 3640 sic
2464 3583 2566 3639 Job
2590 3598 2621 3638 a
2659 3583 2844 3638 multis
2890 3583 3096 3654 plagis,
3138 3582 3218 3639 sic
3257 3581 3522 3638 Jeremias
3572 3598 3602 3635 a
3640 3583 3751 3638 lacu

2170 3677 2267 3733 luti
2295 3717 2312 3745 ,
2343 3676 2422 3732 sic
2455 3675 2570 3732 Noe
2623 3690 2654 3730 a
2695 3675 2896 3731 diluvio
2918 3715 2936 3744 ,
2988 3675 3069 3730 sic
3103 3673 3239 3730 Abel
3275 3674 3345 3729 ab
3385 3675 3594 3729 insidiis
3617 3716 3631 3739 ,
3678 3675 3752 3729 sic

2170 3770 2382 3842 Moyses
2409 3785 2439 3824 a
2470 3768 2822 3841 sanguinariis
2851 3767 3049 3823 Iudaeis
3073 3807 3089 3835 ,
3118 3767 3197 3823 sic
3235 3767 3466 3822 Elisa-us
3489 3808 3504 3831 ,
3536 3767 3617 3822 sic
3645 3782 3752 3820 ma-

2170 3878 2396 3934 gnorum
2425 3862 2635 3919 illorum
2665 3860 2861 3932 singuli
2891 3901 2907 3927 ,
2939 3874 3046 3915 non
3075 3874 3104 3913 a
3132 3858 3312 3930 quiete
3350 3868 3407 3915 et
3452 3859 3753 3929 voluptate,

2172 3956 2265 4011 sed
2296 3957 2364 4011 ah
2391 3954 2647 4010 terumnis
2682 3961 2737 4009 et
2776 3952 3161 4008 tentationibus
3197 3950 3479 4022 splendide
3518 3951 3751 4006 coronati

2172 4060 2315 4104 sunt.
2348 4047 2475 4104 Ideo
2504 4046 2750 4103 Christus
2777 4045 2914 4100 hanc
2941 4059 3062 4100 cum
3091 4053 3275 4099 nosset
3314 4042 3395 4097 rei
3428 4042 3625 4097 eximie
3658 4056 3751 4112 ge-

2174 4141 2355 4198 rendae
2384 4140 2645 4197 rationem
2667 4179 2683 4206 ,
2710 4137 2985 4209 discipulis
3009 4136 3220 4192 dicebat
3252 4154 3265 4190 :
3298 4133 3365 4189 In
3387 4140 3577 4188 mundo
3598 4137 3753 4188 tribu-

2174 4235 2411 4290 lationem
2476 4233 2705 4299 Itabetis;
2761 4230 2850 4286 sed
2900 4229 3141 4299 conﬁdite
3164 4270 3181 4297 ,
3228 4243 3320 4299 ego
3371 4228 3469 4281 vici
3517 4227 3752 4280 mundum

2175 4326 2195 4400 (
2218 4324 2377 4381 Joan.
2403 4324 2493 4382 16.
2518 4324 2589 4381 55
2612 4323 2654 4397 ).
2682 4322 2819 4392 Quid
2845 4321 3019 4394 ergo?
3044 4321 3254 4391 inquies
3277 4336 3291 4386 ;
3316 4333 3499 4374 annon
3528 4317 3670 4372 multi
3691 4316 3758 4370 ab

2175 4418 2431 4476 aerumnis
2456 4417 2699 4474 subversi
2729 4416 2899 4472 sunt?
2943 4413 3059 4469 Non
3102 4413 3170 4470 ob
3213 4413 3570 4467 tentationum
3613 4420 3755 4465 natu-

2178 4528 2293 4567 ram
2316 4553 2332 4579 ,
2364 4510 2459 4567 sed
2487 4509 2559 4566 ob
2584 4524 2735 4565 suam
2768 4506 3057 4579 ignaviam.
3102 4504 3204 4574 Qui
3250 4513 3427 4558 autem
3476 4504 3601 4558 iacit
3640 4516 3754 4557 cum

2179 4604 2473 4659 tentatione
2517 4609 2878 4673 proventum,
2923 4599 2993 4653 ita
3042 4607 3100 4654 ut
3142 4596 3411 4667 possimus
3457 4596 3753 4656 sustinere,

2180 4699 2294 4770 ipse
2333 4688 2474 4753 adsit
2514 4696 2764 4753 omnibus
2804 4692 2961 4748 nobis
3006 4700 3062 4746 et
3111 4704 3329 4745 manum
3384 4689 3656 4760 porrigat,
3705 4699 3756 4738 ut

2179 4789 2461 4863 splendide
2488 4788 2783 4852 celebrati,
2814 4796 3046 4842 {etet-uas
3074 4798 3474 4854 consequamur
3503 4796 3722 4837 coronas
3741 4821 3756 4844 ,

2179 4884 2351 4955 gratia
2404 4890 2460 4939 et
2510 4880 2837 4951 benignitate
2878 4876 3089 4933 Domini
3133 4877 3303 4931 nostri
3346 4873 3476 4930 Jesu
3528 4871 3757 4934 Christi,

2181 4975 2399 5045 quicum
2428 4972 2569 5027 Patri
2595 4982 2650 5026 et
2673 4969 2892 5039 Spiritui
2915 4976 3104 5023 sancto
3125 4967 3293 5037 gloria
3321 5006 3337 5032 ,
3366 4965 3543 5021 honor
3566 5004 3583 5031 ,
3605 4966 3760 5033 impe-

2184 5066 2489 5129 rium,nunc
2500 5072 2554 5119 et
2569 5078 2784 5134 semper
2810 5104 2826 5130 ,
2851 5072 2903 5118 et
2924 5062 2980 5117 in
3000 5061 3197 5116 sa:cula
3213 5061 3559 5115 saeculorum.
3575 5059 3755 5114 Amen.

495 5245 3310 5286 ___________________________________

1902 5337 2249 5401 HOMILIA
2292 5336 2377 5399 IV

493 5528 623 5587 (ζειν.
651 5528 694 5587 l.
739 5541 792 5580 v.
827 5522 919 5579 26.
963 5519 1091 5575 Ideo
1134 5516 1343 5571 tradidit
1384 5515 1499 5570 illos
1542 5512 1680 5567 Deus
1724 5512 1776 5565 in
1818 5508 2078 5581 passiones

566 5618 877 5692 ignominias.
908 5613 1046 5671 Nam
1076 5611 1278 5683 femina:
1315 5624 1490 5663 eorum
1519 5614 1837 5660 mutaverunt
1865 5611 2081 5656 natura-

567 5714 664 5768 lem
688 5710 910 5767 usumin
933 5722 1049 5763 eum
1075 5747 1092 5774 ,
1122 5702 1300 5776 quiest
1320 5708 1499 5755 contra
1522 5707 1779 5753 naturam.
1798 5695 1890 5752 9.7.
1915 5693 2077 5753 Simi-

1170 6068 1228 6092 θ
1232 6069 1326 6093 φ..

2260 5508 2375 5562 liter
2402 5516 2450 5563 et
2475 5505 2689 5560 masculi
2713 5546 2728 5569 ,
2751 5505 2926 5561 relicto
2945 5505 3169 5560 naturali
3193 5521 3288 5560 usu
3310 5505 3516 5576 [entiam
3535 5546 3550 5570 ,
3573 5520 3770 5563 m-

2261 5608 2381 5655 runt
2406 5599 2461 5653 in
2487 5597 2751 5654 desideriis
2775 5598 2882 5653 suis
2903 5597 2957 5651 in
2981 5597 3214 5651 invicem.

2266 5692 2321 5749 Ι.
2361 5690 2646 5750 Passiones
2690 5704 2884 5750 omnes
2923 5688 3295 5763 ignominiosa
3337 5698 3507 5758 sunt,
3549 5684 3781 5740 maxime
