4064 6296
184 213 287 269 M5

179 327 326 381 οὕτω
350 329 445 384 καὶ
475 332 503 383 0
526 330 659 395 Θεὸς
692 332 818 396 τοὺς
847 333 908 386 οὐ
939 333 1297 406 βουληθέντας
1316 332 1566 403 δέξασθαι
1603 339 1671 392 τά
1716 339 1844 410 παρ’

176 415 372 479 αὑτοῦ,
399 417 543 471 ἀλλὰ»
564 418 812 489 πρώτους
840 422 1309 494 ἀποπηδήσαντας,
1337 424 1566 495 ἀφῆκεν.
1592 425 1753 488 αὑτὸς
1780 426 1848 479 τά

175 504 315 573 παρ’
342 505 537 558 ἐαυτοῦ
568 506 744 560 πάντα
792 508 1106 578 πληρώσας.
1133 510 1332 564 Σκόπει
1381 511 1468 564 δέ’
1526 511 1848 582 Προῦθηκεν

174 590 301 642 ἀντὶ
328 590 679 657 διδασκαλίας
708 595 790 657 εἰς
822 594 985 664 μέσον
1022 597 1112 652 τὸν
1139 598 1369 668 κόσμονο
1405 598 1574 652 ἔδωκε
1603 599 1729 653 νοῦν
1753 599 1849 652 καὶ

172 676 425 731 διάνοιαν
477 678 781 751 δυναμένην
821 682 882 735 :0
926 683 1045 737 δέον
1091 685 1339 740 συνιδεῖν.
1401 687 1591 740 Οὐδενί¹
1643 686 1847 740 τούτων

173 766 486 835 ἐχρήσαντο
533 768 668 838 πρὸς
689 768 962 839 σωτηρίαν
995 771 1045 823 οί
1066 771 1208 838 τότε,
1236 773 1371 826 ἀλλά
1404 774 1492 826 καὶ
1512 775 1593 837 είς
1628 774 1848 828 τούναν-

171 868 292 903 τιον
322 852 741 924 περιέστρεψαν,
772 857 909 928 ὅπερ
937 857 1147 915 ἔλαϐον.
1181 860 1246 913 Τί
1280 856 1372 914 οῦν
1394 862 1615 933 ποιῆσαι
1641 862 1842 932 ἐχρῆν;

173 935 317 1005 πρὸς
354 936 598 1007 ἀνάγκην
637 938 815 991 ἐλκειν
850 942 943 994 καὶ
996 941 1149 1011 βίαν;
1197 945 1335 999 Ἀλλ’
1379 946 1479 999 οὑκ
1532 946 1646 999 ἔστι
1690 945 1846 999 τοῦτο

170 1024 357 1075 ποιεῖν
390 1022 695 1093 ἐναρέτους.
731 1026 1004 1082 Ἐλείπετο
1030 1029 1085 1083 δὲ
1115 1033 1348 1099 ἀφεῖναι,
1379 1032 1517 1102 ὅπερ
1543 1033 1634 1086 καὶ
1658 1032 1844 1102 ἐποίη-

171 1126 295 1171 σεν,
329 1110 416 1162 ῖνα
447 1110 546 1163 κᾶν
578 1112 719 1166 οὕτω
750 1118 815 1186 τῇ
860 1116 1026 1186 πείρᾳ
1062 1117 1340 1188 μαθόντες,
1368 1113 1442 1174 ὧν
1471 1120 1841 1190 ἐπεθύμησαν,

168 1195 395 1264 φύγωσι
430 1198 530 1267 τὴν
582 1200 862 1272 αἰσχύνην.
918 1204 1026 1257 Καὶ
1056 1204 1161 1274 γάρ
1198 1207 1249 1259 εί
1279 1224 1362 1270 τις
1420 1206 1684 1277 βασιλέως
1731 1207 1846 1270 υίὸς

168 1284 272 1350 ῶν,
314 1283 409 1337 τὸν
456 1288 669 1357 πατέρα
730 1290 1005 1359 ἀτιμάσας
1052 1292 1226 1345 ἐλοιτο
1270 1289 1408 1347 εἶναι
1466 1294 1602 1364 μετὰ
1633 1293 1844 1367 λῃστῶν

166 1372 273 1424 καὶ
298 1372 639 1441 ἀνδροφόνων
660 1375 752 1428 καὶ
773 1377 1164 1449 τυμϐωρύχων,
1192 1382 1286 1434 καὶ
1308 1382 1376 1434 τὰ
1406 1382 1630 1435 ἐκείνων
1657 1398 1844 1452 προτι-

167 1462 374 1529 μήσειε
404 1461 503 1532 τῆς
545 1466 805 1534 πατρῴας
849 1467 1046 1532 οἰκίας,
1096 1468 1319 1540 ἀφίησιν
1349 1471 1510 1524 αὑτὸν
1553 1473 1581 1525 0
1639 1471 1839 1543 πατὴρ,

162 1546 315 1599 ὥστε
344 1547 433 1601 διὰ
473 1550 571 1619 τῆς
600 1552 798 1623 πείρας
838 1554 1009 1625 αὐτῆς
1063 1556 1256 1626 μαθεῖν
1304 1558 1399 1628 τῆς
1431 1557 1637 1622 οἰκείας
1657 1558 1840 1624 ἀνοίας

162 1635 268 1704 τὴν
320 1635 643 1707 ὑπερϐολήν.

236 1722 306 1775 δέ.
331 1722 432 1775 Διά
463 1723 516 1775 τί
539 1725 597 1777 δὲ
620 1726 891 1797 μηδεμιᾶς
924 1729 1088 1800 ἄλλης
1110 1732 1513 1804 ἐμνημόνευσεν
1544 1734 1837 1804 ἁμαρτίας,

128 1804 281 1871 ,οἷον
338 1812 525 1878 φόνου,
560 1813 891 1879 πλεονεξίας,
948 1818 1177 1872 καὶτῶν
1220 1820 1393 1874 ἄλλων
1422 1821 1531 1874 τῶν
1562 1822 1837 1887 τοιούτων,

160 1894 287 1947 ἀλλ’
319 1896 653 1963 ἀκολασίας;
714 1901 853 1965 Τοὺς
899 1903 1193 1969 ἀκούοντας
1220 1906 1343 1959 τότε
1401 1925 1493 1978 μοι
1544 1909 1711 1972 δοκεῖ,
1745 1910 1840 1964 καὶ

158 1983 299 2046 τοὺς
313 1984 414 2055 τὴν
443 1986 731 2057 ἐπιστολήν
753 1988 1076 2060 δεχομένους
1094 1994 1445 2049 αἰνίττεσθαι.
1463 1998 1557 2062 ΕΖ(
1586 1997 1841 2065 ἀκαθαρ-

157 2070 316 2125 σίαν
353 2070 461 2125 τοῦ
491 2072 871 2142 ἀτιμάζεσθαι
898 2076 969 2131 τὰ
993 2078 1237 2147 σώματα
1269 2082 1467 2135 αὐτῶν
1494 2082 1563 2135 ὲν
1580 2083 1835 2150 ἑαυτοῖς.

161 2153 313 2223 Ὅρα
350 2154 452 2226 τὴν
480 2156 717 2224 ἔμφασιν
760 2158 1213 2233 πληκτικωτάτην
1253 2160 1437 2221 οὖσαν.
1479 2164 1556 2220 Οὑ
1584 2165 1692 2238 γάρ
1724 2167 1837 2221 ἐτέ⁶

160 2258 277 2314 ρων
328 2241 649 2315 ἐδεήθησαν,
690 2248 843 2316 φησὶ,
874 2248 983 2302 τῶν
1037 2250 1389 2320 ὑϐριζόντων,
1439 2254 1552 2307 ἀλλ’
1580 2254 1726 2325 ἆπερ
1772 2253 1840 2308 ἂν

154 2329 369 2393 αὐτοὺς
412 2331 462 2383 οί
498 2331 683 2402 ἐχθροὶ
724 2333 1000 2405 διέθηκαν,
1044 2337 1214 2390 ταῦτα
1262 2341 1488 2404 ἑαυτοὺς
1546 2342 1831 2412 κατειργά-

156 2434 348 2474 σαντο.
380 2415 516 2472 Εἶτα
548 2421 708 2473 πάλιν
736 2421 835 2492 τὴν
862 2424 1040 2478 αἰτίαν
1066 2426 1372 2489 ἀναλαϐὼν,
1398 2428 1582 2498 φησίν·
1610 2430 1838 2495 Οίτινες

146 2504 560 2573 μετήλλαξαν
588 2509 703 2574 τὴν
729 2509 1020 2577 ἀλάθειαν
1054 2512 1159 2566 τοῦ
1201 2509 1350 2570 Θεοῦ
1378 2514 1449 2569 ἐν
1496 2515 1577 2581 τῷ
1605 2515 1836 2584 ψεύδει,

150 2591 256 2644 καὶ
314 2592 744 2661 ἐσεϐάσθησαν
770 2596 867 2650 καί
911 2597 1284 2667 ἐλάτρευσαν
1320 2601 1395 2672 τῇ
1434 2604 1626 2657 κτίσει
1680 2603 1839 2670 παρὰ

150 2678 268 2731 τὸν
296 2681 610 2766 κτίσαντα.
650 2685 717 2736 Ἀ
753 2684 850 2755 μὲν
892 2681 960 2757 ἦν
989 2688 1191 2758 σφόδρα
1225 2691 1620 2760 καταγέλαστα,
1655 2694 1837 2766 τίθησι

152 2767 286 2819 κατ’
320 2764 484 2831 εἶδος,
516 2768 553 2823 ἀ
572 2768 625 2822 δὲ
656 2771 804 2824 δοκεῖ
824 2773 1125 2845 σεμνότερα
1153 2772 1291 2830 εἶναι
1338 2778 1445 2831 τῶν
1472 2780 1666 2848 ἄλλων,
1699 2764 1837 2837 καθ-

151 2855 364 2920 ολικῶς
384 2874 398 2887 ε
426 2857 519 2909 καὶ
550 2857 637 2911 διὰ
668 2858 883 2913 πάντων
918 2861 1213 2927 δείκνυσιν,
1249 2864 1329 2917 ὅτι
1361 2866 1421 2919 :0
1443 2870 1507 2939 τῇ
1531 2870 1707 2924 κτίσει
1736 2872 1835 2926 λα-

146 2944 399 3029 ¹ερεύειν,
440 2944 772 3029 ⁹Ιξλληνικόν.
822 2948 932 3001 Καὶ
972 2950 1076 3021 ὅρα
1100 2951 1215 3016 πῶς
1245 2953 1335 3005 τὸν
1366 2953 1525 3023 λόγον
1551 2957 1834 3029 ἐδήλωσεν.

149 3028 232 3083 Of)
298 3028 412 3101 γάρ
442 3025 595 3085 εἶπεν
638 3033 845 3098 ἁπλῶς,
894 3035 1297 3104 Ἐλάτρευσαν
1326 3039 1403 3109 τῇ
1426 3025 1639 3107 κτίσει,
1677 3045 1834 3112 ἀλλὰ,

148 3118 331 3185 Παρὰ
355 3117 464 3170 τὸν
484 3119 805 3175 κτίσαντα·
839 3123 1116 3193 πανταχοῦ
1148 3127 1322 3200 ταύτῃ
1348 3127 1409 3180 :0
1454 3128 1704 3202 ἔγκλημα
1735 3134 1833 3186 ἐπ-

146 3204 354 3275 αίρων,
398 3205 493 3259 καὶ
536 3209 602 3277 τῇ
639 3208 1199 3283 παραθέσειιπάσης
1252 3215 1581 3287 συγγνώμης
1635 3220 1834 3286 αὐτοὺς

144 3293 502 3363 ἀποστερῶν.
587 3298 664 3361 Ος
704 3296 876 3352 ἐστιν
906 3300 1233 3370 εὐλογητὸς
1270 3305 1357 3369 είς
1402 3304 1546 3371 τοὺς
1593 3305 1830 3376 αἰῶνας.

157 3381 381 3452 Ἀμήν.
422 3384 564 3439 Ἀλλ’
584 3384 646 3438 ού
670 3386 756 3440 διὰ
783 3388 941 3443 τοῦτό
970 3408 1022 3444 τι
1051 3391 1391 3464 παρεϐλάϐη,
1423 3396 1620 3465 φησίν·
1670 3398 1833 3463 αὐτὸς

147 3473 256 3543 μὲν
297 3471 410 3543 γὰρ
458 3473 538 3537 εἰς
584 3475 711 3539 τοὺς
742 3476 945 3542 αἰῶνας
970 3478 1280 3550 εὑλογητός.
1325 3481 1588 3538 Ἐνταῦθα
1625 3485 1831 3539 δείκνυ-

146 3577 263 3621 σιν,
298 3560 384 3612 ὅτι
413 3561 511 3630 οὑχ
529 3561 705 3632 ἐαυτῷ
724 3562 946 3633 ἀμύνων
976 3564 1161 3620 εἴασεν
1179 3568 1397 3635 αὐτοὺς,
1418 3570 1554 3625 ὅπου
1576 3588 1641 3640 γε
1667 3574 1830 3639 αὑτὸς

141 3647 309 3700 οὑδέν
358 3647 617 3718 ἔπασχεν.
670 3651 733 3704 Εἰ
757 3652 866 3723 7&9
900 3653 997 3707 καὶ
1036 3649 1180 3708 οὗτοι
1202 3654 1451 3727 ῦϐρισαν,
1478 3659 1594 3713 ἀλλ’
1622 3662 1828 3726 ἐκεῖνος

141 3738 253 3807 οὐχ
296 3735 540 3807 ὑϐριστο,
573 3738 691 3792 οὐδὲ
732 3740 1157 3815 ἠκρωτηριάσθη
1195 3745 1266 3799 τὰ
1298 3746 1399 3815 τῆς
1449 3747 1606 3819 δόξης
1652 3750 1823 3820 αὐτῷ’

141 3824 291 3885 ἀλλὰ
321 3825 474 3896 μένει
498 3825 786 3891 διαπαντὸς
810 3828 1119 3899 εὑλογητός.
1150 3831 1216 3885 El
1258 3834 1367 3905 γὰρ
1394 3834 1681 3906 ἄνθρωπος
1705 3839 1829 3892 πολ-

140 3912 315 3975 λάκις
340 3912 648 3982 φιλοσοφῶν
673 3913 827 3969 οὐδὲν
848 3914 914 3971 ἂν
959 3917 1124 3971 πάθοι
1154 3920 1306 3990 παρὰ
1335 3921 1445 3975 τῶν
1471 3921 1823 3994 ὑϐριζόντων,

142 4001 339 4073 πολλῷ
371 4002 572 4072 μᾶλλον
598 4003 627 4056 0
656 4002 807 4070 Θεὸς,
836 4006 869 4076 ἡ
895 4006 1198 4080 ἀνώλεθρος
1246 4009 1343 4063 καὶ
1373 4009 1524 4083 [455]
1553 4013 1826 4084 ἄτρεπτος

143 4090 381 4160 φύσις,ή
399 4090 756 4155 ἀναλλοίωτος
768 4093 862 4151 καὶ
879 4094 1134 4168 ἀκίνητος
1145 4096 1410 4162 δόξα.Καὶ
1429 4101 1535 4172 γὰρ
1546 4101 1823 4172 ἄνθρωποι

140 4174 437 4263 κατάίηδ
476 4176 787 4247 ὁμοιοῦνται
829 4180 972 4252 Θεῷ,
993 4183 1123 4240 ὅταν
1171 4186 1337 4256 μηδὲν
1382 4189 1633 4260 πάσχωσι
1671 4194 1823 4263 παρά

138 4262 612 4349 τῶνέπηρεάζειν
641 4265 1001 4338 βουλομένων,
1028 4271 1163 4342 μηδὲ
1196 4273 1522 4344 ὑϐριζόντων
1558 4262 1822 4349 ὑϐρίζων-

137 4367 237 4403 ται
266 4348 316 4411 δ.
354 4349 489 4419 μηδὲ
516 4352 1187 4422 τυπτόντωντύπτωνται,
1234 4359 1371 4430 μηδὲ
1416 4365 1823 4433 καταγελῶνται

140 4437 577 4505 καταγελώντων
620 4440 822 4513 ἐτέρων
848 4443 1064 4508 αὐτούς.
1118 4446 1229 4501 Καὶ
1273 4447 1393 4512 πῶς
1438 4448 1519 4505 ἔνι
1563 4454 1819 4521 γενέσθαι

138 4525 334 4616 τοῦτο,
366 4527 565 4596 φησίν;
603 4529 743 4616 Ἕνα
776 4532 873 4592 καὶ
906 4532 1228 4603 σφόδραένι,
1253 4534 1380 4590 ὅταν
1406 4537 1482 4609 μὴ
1514 4538 1686 4612 ἀλγῇς
1705 4546 1818 4609 τοῖς

138 4613 471 4701 γινομένοις.
507 4616 615 4675 Καὶ
644 4613 762 4680 πῶς
790 4616 869 4671 ἐνι
901 4619 975 4690 μὴ
1016 4619 1223 4688 ἀλγεῖν,
1251 4623 1414 4693 φησί;
1450 4624 1576 4689 Πῶς
1597 4626 1677 4684 ἔνι
1714 4630 1814 4701 μὲν

138 4697 237 4755 οὖν
273 4700 496 4785 ἀλγεῖνς
532 4701 667 4755 Εἰπὲ
709 4705 831 4776 γάρ.
849 4723 959 4776 μοι,
982 4707 1126 4769 εἰτὸ
1160 4708 1443 4781 παιδάριον
1482 4697 1727 4785 ὑϐρίσειέ
1754 4735 1812 4772 σε

137 4790 201 4843 τὸ
234 4788 352 4854 σὺν,
404 4784 513 4859 ἆραι
548 4788 702 4864 ὓϐριν
748 4794 930 4866 ἡγήσῃ
955 4795 1053 4867 τὴν
1090 4794 1279 4867 ὑϐριν;
1318 4798 1371 4851 τί
1403 4798 1481 4861 δὲ,
1518 4784 1812 4877 ἀλγήσεις;

198 4949 231 5024 '_
256 4949 587 5024 Ποτειηωοιε
608 4950 847 5024 προθέσει.
912 4953 942 4995 ιι
967 4955 1071 5007 Vox
1094 4959 1377 5024 ὑϐριζόντων
1397 4974 1462 5013 ex
1471 4961 1625 5014 Savil.
1640 4971 1695 5018 et
1714 4980 1811 5019 uno

134 5012 254 5062 cod.
280 5018 488 5075 recept:
509 5021 606 5064 est.
630 5012 769 5065 Enn.

1526 222 1591 278 ΙΝ
1624 222 1843 279 EPIST.
1878 221 1969 276 Al)
2006 220 2172 278 ROM.
2213 218 2449 274 llOMlL.
2484 217 2572 271 IV.

3507 218 3613 273 “6

1948 336 2232 407 Οὐδαμῶς·
2263 335 2330 389 ἂν
2361 333 2418 386 δέ
2447 326 2708 403 ἄλγήσης,
2738 331 2798 384 οὔ
2823 331 2944 385 τότε
2972 331 3070 403 ἔσῃ
3102 341 3125 372 α
3165 332 3607 401 καταγέλαστοςς

1948 422 2105 478 σῦτω
2158 424 2252 476 καὶ
2289 420 2520 475 ἐπὶτῶν
2574 418 2799 490 πλησίον
2831 418 3257 489 διακεισώμεθα,
3309 420 3404 473 καὶ
3456 418 3610 473 οὐδὲν

1948 511 2248 581 πεισόμεθα
2278 510 2439 580 ἀηδές
2470 509 2597 580 (τῶν
2617 508 2727 579 7&9
2748 507 2951 563 παίδων
2968 510 3017 562 οί
3044 508 3355 580 ὑϐρίζοντες
3385 508 3611 578 ἀνοητό-

1945 598 2135 668 τεροι)·
2180 598 2315 668 μηδὲ
2345 595 2595 668 ζητῶμεν
2636 596 2710 667 μὴ
2736 595 3071 668 ὑϐρίζεσθαι,
3097 596 3233 651 ἀλλά
3266 594 3610 667 ὑϐριζόμενοι

1946 683 2200 754 φέρωμεν
2236 683 2527 751 γενναίως’
2577 682 2715 752 αῦτη
2743 682 2851 753 γάρ
2892 683 3039 735 ἐστιν
3070 684 3103 753 ἡ
3135 681 3325 751 βεϐαία
3344 681 3502 751 τιμή.
3543 680 3609 732 Τί

1944 769 2177 840 δήπστες
2214 770 2336 824 Ὀτι
2377 770 2441 823 σὺ
2474 770 2662 841 κύριος
2690 769 2900 831 τούτου,
2931 769 3142 822 ἐκείνου
3172 768 3228 822 δὲ
3256 768 3463 838 ἔτερος.
3497 767 3609 837 Οὑχ

1945 858 2076 927 ὁρᾷς
2102 857 2194 911 τὸν
2222 858 2503 928 ἀδάμαντα
2543 859 2600 910 ἐν
2624 855 2703 927 τῷ
2737 855 2992 910 παίεσθαι
3026 856 3361 926 πλήττοντας
3403 854 3544 907 Ἀλλ’
3575 856 3609 924 ή

1947 943 2127 1013 φύσις,
2163 944 2319 1016 φησὶ,
2367 943 2523 997 τοῦτο
2552 943 2686 1013 ἔχει.
2733 942 2892 996 Ἀλλά
2950 943 3049 998 καὶ
3079 942 3165 997 σοὶ
3194 942 3413 997 δυνατὸν
3441 943 3500 995 ἐν
3541 945 3607 1011 τῇ

1946 1032 2262 1105 προαιρέσει
2288 1030 2540 1100 γενέσθαι
2568 1027 2828 1092 τοιοῦτον,
2858 1030 2994 1100 ὅπερ
3026 1029 3134 1083 ἀπὸ
3163 1028 3378 1099 φύσεως
3419 1028 3609 1100 ἐκείνῳ

1947 1119 2255 1190 συμϐαίνει.
2287 1118 2353 1171 Τί
2381 1118 2473 1185 δέ;
2529 1117 2630 1171 οὐκ
2660 1111 2800 1181 εἰδες
2823 1117 2949 1180 τοὺς
2978 1116 3170 1180 παῖδας
3214 1118 3268 1168 ἐν
3297 1119 3363 1184 τῇ
3394 1115 3610 1186 καμίνῳ

1946 1207 2023 1279 μὴ
2054 1206 2409 1278 καιομένους;
2440 1205 2534 1259 καὶ
2557 1204 2650 1258 τὸν
2678 1204 2878 1274 Δανιὴλ
2902 1206 2959 1257 ἐν
2991 1202 3068 1273 τῷ
3097 1202 3284 1273 λάκκῳ
3316 1203 3481 1272 μηδὲν
3511 1202 3610 1259 πά-

1946 1312 2141 1365 σχοντα
2173 1294 2376 1358 δεινόν;
2428 1293 2643 1359 Ἔξεστι
2674 1292 2768 1346 καὶ
2794 1291 2888 1344 νῦν
2931 1290 3090 1343 τοῦτο
3120 1289 3407 1359 γενέσθαι·
3466 1306 3607 1360 παρ·-

1943 1383 2205 1454 εστήκασι
2236 1381 2329 1434 καὶ
2356 1382 2489 1451 ήμῖν
2518 1379 2750 1444 λέοντες,
2785 1378 2974 1448 θυμὸς,
3024 1376 3308 1447 ἐπιθυμία,
3343 1377 3609 1448 χαλεποὺς

1944 1468 2156 1540 ἔχοντες
2213 1468 2450 1530 ὀδόντας,
2496 1466 2833 1528 διασπῶντες
2870 1464 2962 1517 τὸν
3023 1464 3385 1535 ἐμπίπτοντα.
3445 1465 3606 1519 Γενοῦ

1942 1557 2122 1611 τοίνυν
2148 1556 2288 1610 κατὰ
2311 1556 2400 1609 τὸν
2428 1554 2648 1626 Δανιὴλ,
2684 1554 2778 1607 καὶ
2802 1555 2877 1625 μὴ
2899 1553 3003 1624 δῷς
3031 1556 3143 1616 τοῖς
3175 1553 3371 1606 πάθεσι
3402 1553 3608 1616 τούτοις

1941 1645 2068 1709 τοὺς
2120 1644 2336 1708 ὀδόντας
2378 1642 2621 1714 ἐμπῆξαί
2652 1660 2742 1695 σου
2786 1644 2851 1713 τῇ
2906 1641 3072 1713 ψυχῇ.
3115 1641 3250 1696 Ἀλλ’
3281 1643 3483 1704 ἐκεῖνος
3511 1642 3610 1710 τῆς

1939 1734 2157 1805 χάριτος
2183 1732 2245 1785 τὸ
2271 1732 2390 1786 ὅλον
2417 1726 2532 1802 εἷχε
2559 1730 2930 1802 συμπράττον,
2957 1730 3108 1800 φησί.
3142 1729 3339 1793 Καλῶς
3358 1745 3372 1758 ·
3421 1729 3608 1799 ἐπειδὴ

1938 1822 2142 1894 ταύτης
2162 1822 2231 1877 τά
2253 1822 2354 1892 τῆς
2385 1822 2759 1893 προαιρέσεως
2796 1821 3169 1891 προηγήσατο.
3206 1820 3370 1871 Ὥστε
3404 1818 3497 1871 ἐὰν
3522 1817 3609 1872 θέ-

1940 1912 2122 1983 λωμεν
2189 1911 2284 1964 καί⁹
2337 1910 2502 1980 ἡμεῖς
2552 1908 2825 1972 τοιούτους
2882 1909 3111 1969 ἑαυτοὺς
3167 1906 3607 1967 κατασκευάσαι,

1942 2000 2174 2071 πάρεστι
2207 1999 2300 2050 καὶ⁹
2326 1997 2418 2051 νῦν
2453 1999 2484 2067 ἡ
2513 1997 2692 2067 χάρις’
2729 1996 2833 2049 κᾶν
2860 1996 3019 2065 πεινᾷ
3039 1994 3107 2047 τὰ
3136 1993 3321 2064 θηρία,
3349 1993 3446 2063 οὐχ
3478 1993 3609 2060 ἄψε-

1939 2087 2027 2141 ταί
2068 2104 2160 2140 σου
2190 2086 2290 2156 τῆς
2323 2085 2583 2154 πλευρᾶς.
2640 2084 2703 2137 Εἰ
2749 2082 2858 2153 γὰρ
2907 2083 3065 2153 σῶμα
3120 2081 3363 2134 δουλικὸν
3408 2080 3608 2142 ἰδόντες

1938 2175 2263 2247 ᾐδέσθησαν,
2312 2174 2381 2227 τὰ
2445 2173 2580 2244 μέλη
2643 2171 2739 2225 τοῦ
2790 2170 3025 2241 Χριστοῦ
3065 2170 3389 2239 θεασάμενοι
3431 2167 3608 2234 (τοῦτο

1939 2264 2046 2334 γάρ
2076 2264 2242 2333 ἐσμεν
2281 2262 2331 2314 οἱ
2374 2262 2602 2324 πιστοὶ),
2642 2260 2759 2323 πῶς
2787 2260 2884 2329 οὑχ
2908 2258 3311 2330 ἡσυχάσουσιν;
3345 2258 3408 2310 Εἰ
3434 2256 3490 2308 δὲ
3509 2258 3607 2325 οὑχ

1940 2350 2293 2420 ήσυχάσουσι,
2329 2348 2479 2418 παρά
2508 2347 2610 2416 τὴν
2648 2345 2757 2399 τῶν
2804 2345 3181 2416 ἐμϐληθέντων
3241 2345 3440 2397 αἰτίαν.
3501 2344 3607 2397 Καὶ

1939 2438 2044 2510 7&9
2077 2437 2261 2491 πολλοὶ
2296 2439 2408 2498 τοῖς
2432 2435 2612 2487 λέουσι
2651 2433 2861 2497 τούτοις
2885 2432 3082 2503 πολλὴν
3113 2431 3410 2502 παρέχουσι
3431 2431 3606 2489 001:0.-

1940 2543 2058 2597 νην,
2093 2525 2297 2596 πόρνας
2337 2522 2650 2592 τρέφοντες,
2698 2521 2908 2592 γάμους
2938 2519 3322 2592 διορύττοντες,
3379 2517 3607 2588 ἐχθροὺς

1939 2613 2286 2682 ἀμυνόμενοι,ο
2321 2610 2400 2663 διὸ
2417 2609 2544 2680 πρὶν
2560 2609 2694 2680 πρὸς
2721 2609 2781 2661 :0
2811 2607 3001 2675 ἔδαφος
3028 2606 3220 2671 ἐλθεῖν,
3249 2604 3604 2663 διασπῶνται.

1953 2698 2092 2752 Ἀλλ’
2136 2697 2236 2750 οὑκ
2271 2698 2364 2750 ἐπὶ
2411 2694 2507 2749 τοῦ
2558 2695 2754 2766 Δανιὴλ
2778 2694 2935 2747 τοῦτο
2958 2694 3201 2762 γέγονεν,
3234 2692 3345 2747 ἀλλ’
3377 2691 3496 2749 οὑδὲ
3519 2692 3605 2762 ἐφ)

1940 2786 2119 2858 ήμῶν,
2147 2787 2195 2838 εί
2222 2770 2633 2855 βουληθείημεν,
2664 2783 2819 2837 τοῦτο
2853 2782 3025 2846 ἔσται,
3067 2780 3203 2836 ἀλλά
3237 2782 3327 2833 καὶ
3364 2779 3525 2833 πλέον
3554 2795 3606 2832 τι

1941 2874 2284 2946 συμϐήσεται
2320 2872 2428 2925 τῶν
2457 2871 2762 2943 γενομένων
2794 2871 2937 2926 τότε.

2021 2964 2168 3016 Ἐκεῖ
2198 2961 2295 3032 μὲν
2323 2961 2431 3032 7&9
2463 2960 2490 3000 τι
2522 2961 2624 3014 οὐκ
2650 2960 2913 3031 ἠδίκησαν
2973 2959 3022 3012 οἰ
3056 2958 3285 3020 λέοντες,
3336 2957 3481 3027 ἡμᾶς
3525 2954 3602 3018 δὲ,

1938 3050 2033 3104 ἐὰν
2067 3051 2347 3121 νήφωμεν,
2407 3049 2500 3102 καὶ
2527 3048 2901 3118 ὠφελήσουσιν
2954 3048 3003 3099 οί
3061 3044 3391 3107 ἀδικοῦντες.
3450 3042 3604 3096 Οῦτω

1935 3135 2066 3206 γοῦν
2092 3138 2121 3189 0
2148 3136 2358 3199 Παῦλος
2380 3135 2633 3207 λαμπρὸς
2674 3134 2889 3203 ἐγένετο
2920 3133 3029 3187 ἀπὸ
3052 3132 3159 3186 τῶν
3191 3130 3603 3202 ἐπηρεαζόντων

1935 3226 2028 3277 καὶ
2060 3223 2532 3288 ἐπιϐουλευόντων,
2556 3220 2729 3285 06:0);
2751 3222 2779 3273 0
2816 3220 2937 3273 Ἰὼϐ
2969 3219 3079 3273 ἀπὸ
3100 3219 3205 3272 τῶν
3230 3216 3438 3271 πολλῶν
3466 3217 3603 3286 πλη-

1933 3309 2046 3380 γῶν
2075 3309 2319 3375 ἐκείνων,
2371 3308 2541 3372 06:0);
2574 3310 2604 3362 0
2632 3308 2901 3380 Ἱερεμίας
2939 3306 3046 3361 ἀπὸ
3101 3304 3193 3360 τοῦ
3247 3306 3463 3366 λάκκου,
3506 3302 3602 3358 τοῦ

1935 3398 2215 3469 βορϐόρου,
2244 3397 2419 3461 οὕτως
2440 3399 2470 3451 0
2507 3396 2633 3451 Νῶε
2662 3396 2771 3451 ἀπὸ
2821 3394 2917 3450 τοῦ
2952 3392 3355 3465 κατακλυσμοῦ,
3375 3391 3548 3457 οὕτως
3573 3393 3609 3446 0

1936 3485 2102 3541 ’Λϐελ
2141 3485 2251 3541 ἀπὸ
2297 3486 2397 3558 τῆς
2429 3484 2742 3558 ἐπιϐουλῆς,
2777 3484 2948 3549 οὕτως
2974 3485 3003 3539 0
3041 3482 3299 3553 Mm6a’ﬁ;
3335 3480 3442 3537 ἀπὸ
3493 3479 3602 3541 τῶν

1932 3573 2218 3644 φονώντων
2234 3573 2520 3637 Ἰουδαίων,
2546 3572 2719 3637 οὕτως
2755 3572 2785 3629 ὁ
2819 3572 3143 3636 Ἐλισσαῖος,
3171 3569 3349 3634 οὑτως
3372 3568 3602 3631 ἕκαστος

1928 3660 2037 3715 τῶν
2086 3661 2339 3734 μεγάλων
2372 3662 2619 3726 ἐκείνων,
2674 3661 2774 3721 οὐκ
2815 3659 2922 3717 ἀπὸ
2960 3660 3195 3722 ἀνέσεως
3230 3658 3318 3712 καὶ
3365 3656 3598 3727 τρυφῆς,

1928 3746 2044 3802 ἀλλ’
2067 3747 2181 3804 ἀπὸ
2207 3747 2439 3823 θλίψεων
2472 3748 2565 3805 καὶ
2591 3747 2914 3821 πειρασμῶν
2942 3746 3233 3817 λαμπροὺς
3269 3744 3599 3813 ἀνεδήσαντο

1929 3834 2245 3905 στεφάνους.
2277 3835 2371 3889 Διὸ
2400 3835 2494 3888 καὶ
2526 3836 2554 3889 0
2586 3834 2818 3908 Χριστὸς
2841 3832 3044 3903 ταύτην
3071 3830 3228 3893 εἰδὼς
3263 3829 3364 3898 τῆς
3388 3829 3599 3889 εὐδοκιτ

1929 3925 2149 3996 μήσεως
2181 3923 2280 3995 τὴν
2301 3934 2325 3963 ο
2362 3920 2808 3995 ὑπόθεσιν,
2828 3924 2940 3984 τοῖς
2976 3919 3467 3997 μαθηταῖςέλεγεν·
3494 3918 3597 3973 Ἐν

1924 4011 2006 4077 τῷ
2027 4013 2231 4081 κόσμῳ
2246 4012 2459 4080 θλίψιν
2478 4010 2665 4075 ἕξετε·
2690 3997 2851 4069 ἀλλὰ
2865 4008 3153 4077 θαρσεῖτε,
3178 4007 3293 4077 ἐγὼ
3308 4006 3597 4073 νενίκηκα

1925 4093 2033 4148 τὸν
2069 4096 2324 4163 κόσμον.
2357 4082 2422 4146 Τί
2453 4090 2581 4160 οῦν;
2622 4093 2813 4165 φησίν·
2838 4093 2897 4147 οὑ
2934 4090 3596 4165 πολλοὶεριετράπησαν

1926 4175 2031 4231 ὑπὸ
2051 4176 2159 4230 τῶν
2188 4175 2409 4243 δεινῶν;
2452 4176 2527 4229 Οὑ
2561 4176 2712 4249 παρά
2756 4175 2855 4253 τὴν
2902 4175 3011 4229 τῶν
3055 4172 3380 4247 πεῃσμῶν
3410 4172 3592 4241 φύσιν,

1922 4260 2056 4316 ἀλλά
2090 4260 2240 4333 παρά
2273 4259 2370 4332 τὴν
2400 4259 2610 4315 ἑαυτῶν
2650 4259 2923 4333 ῥᾳθυμίαν
2948 4274 2964 4291 ⁸
2986 4262 3015 4314 0
3061 4259 3119 4314 δὲ
3168 4257 3338 4311 ποιῶν
3371 4257 3467 4310 σὺν
3514 4255 3594 4326 τῷ

1924 4347 2215 4419 πειρασμῷ
2252 4348 2347 4403 καὶ
2397 4348 2498 4421 τὴν
2527 4347 2752 4404 ἔκϐασιν
2790 4347 2885 4403 τοῦ
2935 4347 3194 4402 δύνασθαι
3245 4347 3590 4414 ὑπενεγκεῖν,

1921 4435 2081 4500 αὑτὸς
2120 4436 2441 4508 παρασταίη
2476 4438 2643 4498 πᾶσιν
2668 4438 2821 4509 ήμῖν,
2865 4436 2962 4499 καὶ
2992 4439 3152 4508 χεῖρα
3198 4433 3460 4506 ὀρέξειεν,
3506 4433 3595 4487 ἴνα

1919 4520 2190 4593 λαμπρῶς
2237 4522 2735 4595 ἀνακηρυχθέντες,
2801 4523 2921 4583 τῶν
2951 4523 3191 4585 αἰωνίων
3246 4521 3592 4591 ἐπιτύχωμεν

1918 4608 2215 4678 στεφάνων,
2241 4608 2433 4683 χάριτι
2470 4611 2565 4673 καὶ
2605 4611 2983 4689 φιλανθρωπίᾳ
3031 4609 3128 4664 τοῦ
3178 4608 3382 4679 Κυρίου
3426 4607 3589 4678 ήμῶν

1915 4695 2091 4768 ἰησοῦ
2130 4698 2388 4769 Χριστοῦ,
2426 4699 2547 4771 μεθ’
2572 4693 2632 4753 οῦ
2659 4700 2743 4772 τῷ
2784 4698 2959 4772 Πατρὶ
3001 4699 3117 4768 ἅμα
3142 4697 3220 4767 τῷ
3247 4696 3386 4767 ἁγίῳ
3419 4696 3589 4749 Πνεύ-

1916 4800 2047 4860 ματι
2099 4783 2243 4851 δόξα,
2296 4785 2452 4858 τιμὴ,
2502 4787 2728 4857 κράτος,
2781 4787 2868 4842 νῦν
2913 4786 3010 4840 καὶ
3039 4784 3147 4849 ἀεὶ,
3191 4784 3285 4838 καὶ
3336 4784 3416 4847 εἰς
3459 4783 3588 4847 τοὺς

1914 4871 2116 4936 αίῶνας
2139 4871 2249 4925 τῶν
2278 4873 2511 4929 αἰώνων.
2554 4874 2747 4946 Ἀμήν.

2525 5064 2537 5075 .
2563 5025 2627 5077 Ει
2667 5038 2779 5075 mox
2830 5024 3091 5088 πεισόμεθα
3125 5024 3292 5073 δεινόν.
3374 5020 3406 5064 ἀ
3426 5020 3593 5085 Unus».

1980 5025 2014 5097 ἶ
2030 5023 2189 5084 Alius,
2212 5026 2273 5073 σὺ
2296 5026 2407 5075 τότε
2563 5025 2627 5077 Et
2667 5038 2779 5075 mox
2830 5024 3091 5088 πεισόμεθα
3125 5024 3292 5073 δεινόν.

1980 5101 2093 5136 ιινον
2114 5088 2198 5149 μὲν
2221 5087 2329 5151 γάρ.
2396 5099 2422 5129 ο
2510 5090 2606 5149 ius,
2632 5088 2989 5151 εὐδοκιμήσιως
3019 5086 3168 5136 οὖσαν
3197 5087 3302 5145 τήν.

1915 5083 2093 5138 ἐκεῖνον
2221 5087 2329 5151 γάρ.
2396 5099 2422 5129 ο

257 5259 3462 5297 —————————___._.__.__.____.____________________________

1679 5439 1923 5498 OMI'AIA
1958 5444 2032 5501 Ν.

132 5590 241 5648 Διὰ
262 5590 1085 5671 τοῦτοκπαρέδωκεῃαύτοὺς
1111 5596 1323 5671 ό-Θεός
1347 5599 1435 5671 εἰς
1464 5599 1623 5671 πάθη
1678 5601 1806 5671 ἀτι-Δ

201 5662 486 5759 {ﬂii
504 5662 1643 5759 0.3111131121100303?0.116113%:
1688 5670 1803 5759 τὴν

205 5730 486 5799 φυσικὴν
546 5730 772 5799 χρἦσιν
812 5736 899 5801 εἰς
940 5736 1055 5804 τὴν
1101 5730 1271 5803 nupti
1297 5730 1507 5807 φύσιν.
1545 5730 1800 5807 ⁷⁹Ομοίώς

204 5801 275 5854 δὲ
314 5802 415 5857 καί
462 5803 517 5857 οἱ
555 5802 821 5871 ὒρῤενες,
849 5806 1103 5875 ἀφέντες
1134 5814 1247 5877 τὴν
1269 5809 1544 5881 φυσικὴν
1576 5810 1797 5882 χρῆσιν

1976 5602 2090 5679 τῇς
2109 5604 2387 5679 pulp/ac,
2419 5605 2839 5679 ἐξεκαύθησαν
2886 5607 2958 5664 ἐν
3003 5607 3080 5678 τῇ
3135 5608 3323 5678 ὀρέξει
3374 5610 3570 5670 αὐτῶν

1975 5675 2061 5741 είς
2090 5670 2421 5744 ἀλλήλοὺς.

1973 5816 2155 5873 Πάντα
2196 5831 2295 5889 μεν
2339 5816 2432 5877 οῦν
2463 5822 2633 5895 ἄτιμα
2661 5823 2728 5879 τά
2757 5822 2927 5895 πάθη,
2983 5823 3218 5895 μάλιστα
3247 5823 3303 5881 δὲ
3340 5826 3372 5897 ἡ
3424 5826 3569 5883 κατὰ
