3950 6464
263 263 354 319 6ιῖ
1335 265 1400 321 IN
1441 265 1654 324 EPIST.
1696 268 1788 324 AD
1824 268 1986 324 ROM.
2033 268 2260 328 IIOMIL.
2303 273 2385 333 IV.

255 392 377 433 sero
405 377 604 433 insania
629 393 754 450 erga
781 381 1045 435 masculos
1071 399 1085 436 :
1113 382 1308 438 etenim
1336 383 1508 438 anima
1537 383 1653 454 plus
1683 386 1810 456 pati-

255 476 336 523 tur
360 477 416 524 et
441 469 634 525 rubore
657 470 978 526 suf1'nnditnr
1011 473 1064 527 in
1112 475 1346 543 peccatis
1370 516 1384 540 ,
1434 492 1590 546 quam
1629 492 1823 546 corpus

252 562 304 618 in
330 560 741 618 infirmitatibus.
774 565 1048 634 Perpende
1080 579 1257 623 autem
1297 579 1564 638 quomodo
1606 569 1689 624 hic
1717 569 1823 624 illis

249 656 450 711 veniam
478 654 705 728 deneget
729 698 743 720 ,
793 658 1014 728 perinde
1054 670 1214 730 atque
1260 661 1311 715 in
1352 661 1725 732 dogmatibus:
1756 661 1824 718 de

249 748 552 804 mulieribus
602 751 816 820 quidem
867 753 1054 808 dicens
1099 771 1113 808 :
1174 753 1498 809 Mutaverunt
1541 758 1822 809 naturalem

248 855 408 894 usum.
439 839 553 895 Non
585 843 728 897 enim
760 843 940 900 dicere
969 855 1192 915 possunt
1213 891 1227 911 ,
1258 847 1427 918 inquit
1451 891 1464 912 ,
1493 863 1551 903 se
1583 849 1819 919 prohibi-

249 941 322 985 tas
349 930 417 984 ab
445 946 510 987 eo
534 974 548 998 ,
579 933 668 1004 qui
699 936 990 990 secundum
1024 937 1193 1008 legem
1223 948 1307 993 est
1331 981 1345 1004 ,
1379 939 1562 1006 coitu,
1609 940 1674 994 ad
1723 941 1824 994 hoc

247 1024 603 1092 processisse;
636 1041 811 1096 neque
855 1044 947 1095 se,
981 1044 1101 1083 cum
1153 1047 1255 1084 non
1303 1039 1520 1100 possent
1565 1034 1819 1103 concupi-

245 1118 494 1172 scentiam
547 1136 698 1174 suam
748 1121 1010 1190 implere,
1056 1123 1122 1178 ad
1172 1123 1307 1179 hanc
1349 1125 1573 1178 alienatn
1620 1125 1820 1180 rabiem

242 1209 522 1279 impegisse
547 1228 562 1266 :
593 1227 712 1267 nam
742 1215 964 1268 mutatio
991 1231 1173 1270 eorum
1202 1227 1283 1273 est
1304 1261 1316 1278 .
1346 1218 1436 1288 qui
1460 1218 1569 1288 jam
1600 1228 1779 1274 tenent
1804 1237 1817 1273 :

241 1301 374 1371 quod
401 1303 560 1358 etiam
588 1305 655 1360 de
683 1305 1021 1377 dogmatibus
1054 1309 1280 1380 loquens
1306 1311 1513 1365 diccbat
1542 1326 1560 1368 :
1593 1311 1818 1366 Mutare-

239 1402 350 1446 runt
376 1395 634 1450 ceritatem
664 1395 758 1450 Dei
795 1400 845 1452 in
892 1401 1230 1455 mendacium.
1275 1401 1350 1455 De
1401 1403 1647 1457 masculis
1691 1420 1818 1459 vero

239 1498 418 1539 rursus
445 1486 554 1539 alio
584 1487 742 1542 modo
773 1489 999 1559 idipsum
1027 1492 1345 1562 significavit
1371 1535 1384 1558 ,
1419 1495 1600 1548 dicens
1632 1513 1644 1548 :
1682 1495 1818 1550 Reli-

238 1584 312 1629 cto
341 1578 563 1631 naturali
591 1592 682 1632 usu
704 1583 924 1651 fentinte.
961 1582 1077 1636 Pari
1103 1585 1262 1638 modo
1288 1585 1370 1639 his
1398 1597 1449 1638 et
1480 1587 1582 1640 illis
1611 1588 1814 1642 nullum

237 1667 484 1737 relinquit
515 1684 635 1724 sese
667 1673 923 1741 purgandi
958 1675 1176 1729 modum
1205 1693 1219 1730 :
1244 1692 1503 1730 accusans
1528 1679 1646 1732 illos
1671 1721 1685 1744 ,
1711 1696 1813 1734 non

239 1757 394 1813 modo
419 1761 561 1830 quod
588 1777 740 1815 suum
773 1764 1031 1820 habentes
1063 1765 1270 1821 fruendi
1302 1768 1515 1822 modum
1542 1812 1557 1836 ,
1590 1769 1676 1825 illo
1721 1786 1814 1825 re-

237 1851 354 1906 licto
382 1853 447 1906 ad
475 1853 640 1908 alium
670 1857 943 1912 venissent
968 1875 981 1924 ;
1012 1860 1105 1914 sed
1136 1861 1294 1914 etiam
1320 1861 1457 1930 quod
1481 1872 1664 1932 Sprcto
1687 1863 1811 1932 illo,

237 1945 318 2014 qui
346 1946 643 2001 secundum
673 1961 917 2004 naturam
945 1961 1092 2017 erat,
1147 1953 1212 2007 ad
1258 1954 1421 2008 alium
1451 1967 1634 2010 contra
1665 1968 1816 2011 natu-

235 2049 339 2088 ram
369 2036 740 2108 confugerent.
767 2041 1076 2098 Difficiliora
1103 2054 1280 2099 autem
1305 2055 1358 2100 et
1381 2048 1667 2116 ingratiora
1691 2058 1816 2104 sunt

235 2126 316 2180 illa
347 2137 534 2182 contra
561 2139 802 2186 naturam
830 2150 844 2198 ;
877 2133 944 2187 ita
988 2144 1046 2190 ut
1088 2153 1190 2190 non
1238 2139 1440 2206 possint
1489 2140 1812 2209 voluptatem

235 2219 563 2288 pnetendere
616 2239 630 2275 :
679 2225 905 2292 genuina
957 2227 1153 2296 quippe
1195 2229 1477 2298 voluptas,
1521 2231 1812 2287 Secundum

235 2321 470 2367 naturam
495 2322 618 2380 est;
649 2316 742 2370 sed
774 2333 894 2370 cum
925 2317 1064 2373 Deus
1101 2317 1423 2390 derelinquit
1447 2363 1462 2386 ,
1505 2325 1681 2377 omnia
1723 2338 1814 2379 sus

233 2406 395 2474 deque
424 2416 729 2461 vertuntur.
765 2408 888 2462 Iden
937 2427 1041 2464 non
1088 2411 1280 2482 dogma
1324 2423 1523 2468 tantum
1579 2416 1812 2486 ipsorum

232 2499 519 2572 satanicum
550 2510 702 2569 erat,
733 2503 825 2557 sed
853 2507 1014 2557 etiam
1044 2505 1148 2558 vita
1181 2506 1464 2561 diabolica.
1494 2505 1625 2561 Cum
1657 2509 1816 2580 igitur

233 2589 294 2645 de
342 2591 683 2662 dogmatibus
734 2594 1064 2663 dissereret,
1119 2598 1377 2653 mundum
1426 2609 1481 2654 et
1526 2600 1812 2656 humanam

232 2692 452 2739 mentem
486 2687 541 2740 in
570 2686 802 2743 medium
849 2691 1068 2758 attulit,
1115 2691 1302 2748 dicens
1344 2709 1409 2748 ex
1457 2694 1735 2765 prudentia
1784 2711 1814 2750 a

233 2775 333 2829 Deo
352 2777 450 2831 sibi
474 2777 600 2832 data
631 2820 646 2845 ,
674 2781 907 2848 potuisse
934 2781 1180 2839 homines
1203 2801 1297 2854 per
1317 2785 1544 2840 visibilia
1567 2785 1632 2840 ad
1653 2786 1817 2841 Crea-

233 2876 389 2922 torem
448 2868 622 2926 duci:
667 2871 967 2943 deindeque
1020 2875 1306 2944 nolentes,
1361 2878 1514 2932 venia
1567 2878 1815 2948 indignos

231 2961 501 3017 mansisse.
539 2963 635 3018 llic
681 2977 857 3020 autern
902 2967 1086 3022 mundi
1127 2967 1247 3024 loco
1302 2970 1662 3039 voluptatem,
1693 2987 1814 3039 qua:

229 3057 514 3110 secundum
550 3069 794 3112 naturam
828 3069 948 3124 est,
992 3062 1206 3130 posuit,
1250 3079 1353 3132 qua
1398 3073 1645 3134 poterant
1690 3079 1811 3119 cum

232 3143 474 3202 libertate
518 3163 583 3203 ac
609 3151 793 3219 tnajori
827 3151 1006 3206 laetitia
1040 3152 1181 3220 frui,
1220 3166 1381 3226 atque
1419 3172 1447 3210 a
1488 3159 1814 3228 turpitudine

232 3233 436 3292 liberari
463 3255 479 3304 ;
513 3239 608 3295 sed
636 3243 917 3298 noluerunt
946 3260 960 3310 ;
989 3244 1133 3301 unde
1159 3245 1228 3301 ab
1255 3246 1400 3302 omni
1427 3250 1580 3304 venia
1611 3250 1812 3305 exclusi

230 3338 342 3382 sunt
365 3369 380 3393 ,
410 3329 583 3399 ipsam
614 3343 859 3389 naturam
895 3335 1352 3394 dehonestantcs:
1402 3340 1652 3411 quodque
1697 3351 1810 3395 tur-

229 3419 338 3486 pius
376 3429 496 3485 est,
533 3436 652 3478 cum
698 3434 752 3479 et
795 3427 1047 3482 mulieres
1096 3445 1190 3484 eos
1236 3441 1555 3500 appeterent
1596 3435 1768 3488 coitus
1794 3475 1809 3498 ,

231 3526 357 3579 quos
383 3528 505 3566 cum
548 3516 737 3584 majori
790 3518 992 3588 pudore
1029 3520 1178 3576 adire
1222 3536 1318 3591 par
1365 3535 1515 3591 erat,
1563 3540 1720 3594 quam
1766 3527 1811 3580 si

232 3618 343 3655 cum
376 3605 506 3660 viris
535 3609 810 3663 coiisseut.
845 3610 940 3665 Hic
966 3628 1094 3666 vero
1131 3607 1488 3672 admiratione
1536 3617 1688 3688 digna
1730 3628 1813 3674 est

232 3691 368 3748 Pauli
402 3697 684 3765 prudentia
714 3740 728 3762 ,
762 3715 870 3771 quo
896 3713 1052 3772 pacto
1081 3719 1203 3758 cum
1235 3705 1286 3759 in
1319 3721 1406 3761 res
1435 3707 1566 3762 duas
1593 3721 1809 3765 contra-

232 3784 330 3837 rias
358 3787 660 3854 incideret,
693 3799 971 3862 utramque
1001 3809 1119 3848 cum
1147 3795 1292 3849 omni
1323 3799 1665 3855 accurationc
1693 3816 1815 3868 per-

232 3877 424 3934 fecerit.
467 3881 697 3938 Volebat
739 3886 882 3939 enim
928 3895 982 3942 et
1041 3896 1186 3943 caste
1228 3889 1414 3960 loqui,
1466 3898 1521 3945 et
1565 3895 1811 3949 mordere

230 3971 518 4028 auditorem
551 3992 565 4029 :
595 3975 709 4030 lucc
733 3987 911 4032 autem
941 3980 1100 4033 ambo
1123 3979 1298 4036 facere
1322 3997 1426 4036 non
1461 3983 1684 4051 licebat,
1715 3986 1810 4040 scd

230 4064 444 4118 alterum
475 4065 629 4121 alteri
656 4067 944 4123 officiebat.
973 4069 1027 4125 Si
1056 4071 1196 4124 enim
1225 4081 1372 4128 caste
1397 4073 1632 4142 loquaris
1656 4115 1671 4138 ,
1703 4091 1808 4131 non

233 4157 419 4220 poteris
446 4158 812 4229 perstringere
837 4163 1133 4217 auditorem
1158 4180 1172 4230 ;
1204 4165 1286 4219 sin
1314 4165 1444 4220 velis
1468 4167 1813 4224 vehementer

231 4244 492 4302 incessere
519 4290 534 4311 ,
565 4265 678 4305 rem
708 4293 722 4314 ,
751 4269 910 4323 quam
954 4253 1088 4308 dicis
1113 4296 1127 4322 ,
1153 4255 1292 4310 nude
1319 4265 1375 4309 et
1402 4260 1545 4313 clare
1572 4261 1812 4328 proferre

229 4341 443 4406 cogeris.
476 4339 675 4395 Verum
705 4345 939 4412 prudens
969 4346 1052 4398 illa
1081 4353 1136 4399 et
1162 4357 1343 4400 sancta
1378 4349 1554 4403 anima
1597 4362 1808 4405 utrum-

228 4440 322 4496 que
343 4430 514 4497 potuit
535 4445 656 4486 cum
681 4438 1024 4490 accuratione
1045 4434 1222 4492 facere
1245 4478 1260 4504 ,
1292 4439 1343 4492 in
1363 4449 1565 4494 natura:
1592 4443 1812 4499 nomine

229 4528 278 4572 et
303 4524 695 4580 accusationem
728 4542 927 4597 augens
951 4572 966 4595 ,
1017 4539 1069 4583 et
1105 4533 1254 4601 quasi
1280 4532 1557 4590 involucro
1578 4536 1809 4606 quodam

227 4609 309 4664 illo
336 4624 489 4669 utens
515 4657 529 4681 ,
562 4625 618 4671 ut
647 4630 825 4672 castus
851 4629 995 4675 esset
1023 4622 1272 4692 loquendi
1305 4629 1517 4680 modus.

290 4702 469 4760 Libido
517 4717 695 4762 contra
729 4721 965 4765 naturam
1006 4713 1279 4768 horrenda.
1305 4745 1372 4757 —
1404 4717 1606 4774 Deinde
1658 4733 1806 4789 post-

225 4807 370 4862 quam
403 4798 661 4855 mulieres
689 4802 918 4870 primum
949 4807 1381 4874 perstrinxerat,
1414 4809 1480 4862 ad
1513 4810 1656 4866 viros
1678 4827 1807 4883 pro-

224 4887 354 4941 cedit
382 4930 398 4952 ,
431 4889 620 4946 dicens
648 4907 662 4945 :
695 4892 945 4949 Similiter
987 4906 1036 4950 et
1084 4899 1334 4967 masculi,
1377 4902 1552 4956 relicto
1585 4906 1808 4960 naturali

224 4993 311 5029 usu
337 4981 540 5049 [anime
561 4997 582 5037 :
611 4985 751 5052 quod
782 4994 1039 5040 extrema:
1069 4991 1322 5056 perniciei
1354 4995 1663 5062 exemplum
1692 5007 1801 5064 est,

224 5084 333 5125 cum
366 5084 590 5144 uterque
617 5091 780 5131 sexus
807 5088 1090 5148 corruptus
1115 5091 1198 5136 est
1221 5121 1236 5145 ,
1266 5093 1320 5137 et
1347 5084 1429 5138 vir
1449 5125 1463 5150 ,
1494 5101 1585 5154 qut
1609 5087 1805 5144 mulie-

223 5161 292 5216 ris
318 5165 568 5234 magiSIer
592 5175 675 5221 est
698 5171 1020 5225 constitutus
1045 5212 1063 5240 ,
1113 5179 1169 5228 et
1211 5171 1410 5229 femina
1435 5217 1449 5242 ,
1483 5193 1603 5246 qua:
1640 5179 1799 5250 adju-

224 5254 319 5308 trix
346 5258 443 5311 viri
475 5273 594 5314 esse
613 5259 765 5330 iussa
786 5271 873 5318 est
895 5304 909 5328 ,
939 5279 1057 5335 quae
1086 5266 1424 5324 inimicorum
1447 5279 1608 5337 sunt,
1635 5273 1805 5328 utrin-

223 5361 317 5416 que
372 5362 558 5406 mutuo
605 5366 788 5424 agunt.
851 5357 1129 5429 Perpende
1185 5371 1365 5416 autem
1418 5378 1539 5417 cmn
1599 5375 1798 5435 quanta

228 5440 456 5507 emphasi
503 5445 662 5500 verba
704 5448 977 5540 adhibeat.
1021 5449 1136 5505 Non
1183 5453 1326 5506 enim
1369 5452 1510 5508 dixit
1554 5454 1701 5525 ipsos
1743 5473 1804 5515 se

225 5543 396 5585 mutuo
426 5550 636 5592 amasse
665 5549 720 5593 et
745 5543 1157 5610 concupivisse;
1207 5545 1302 5599 sed
1327 5586 1342 5610 ,
1391 5545 1703 5602 Exarserunt
1749 5549 1803 5604 in

225 5621 474 5680 desideriis
499 5629 603 5682 suis
623 5630 675 5683 in
701 5631 932 5686 invicem.
965 5633 1150 5689 Viden‘
1171 5645 1339 5690 totum
1368 5638 1528 5692 fuisse
1549 5653 1615 5693 ex
1639 5640 1803 5694 nimia

225 5719 644 5789 concupiscentia
671 5763 687 5790 ,
711 5738 831 5793 quae
857 5739 963 5780 non
992 5734 1199 5796 poterat
1225 5727 1364 5785 intra
1389 5728 1647 5786 terminos
1673 5745 1800 5788 suos

3403 311 3510 367 “8

1941 388 2240 444 contineri?
2263 389 2526 463 Quidquid
2545 396 2683 450 cuitu
2703 399 2914 455 excedit
2933 403 3082 473 leges
3100 419 3132 460 a
3162 409 3266 463 Deo
3287 414 3506 484 positas,

1929 479 2104 535 aliena
2156 485 2524 555 concupiscit,
2556 504 2656 544 nec
2683 500 2789 544 stat
2821 493 2872 547 in
2904 497 3209 554 constitutis
3241 479 3507 564 terminis.

1928 569 2076 624 Sicut
2096 573 2236 626 enim
2261 575 2408 630 multi
2431 591 2575 647 s:t:pe
2601 622 2615 646 ,
2634 581 2822 638 relicto
2849 585 3223 644 alimentorum
3247 597 3508 665 appetitu,

1930 669 2125 717 terram
2154 677 2206 719 et
2235 667 2438 736 lapides
2471 687 2662 740 parvos
2699 677 3024 745 comedunt;
3066 692 3121 736 et
3165 685 3253 739 alii
3299 688 3508 746 ardenti

1928 757 2158 824 correpti
2187 759 2270 812 siti
2297 802 2311 824 ,
2342 759 2509 816 lututu
2543 765 2858 839 plerumque
2883 784 3138 841 appetunt
3170 793 3182 829 :
3225 779 3302 833 sic
3335 790 3388 834 et
3435 782 3510 839 illi

1929 844 1982 898 in
2010 863 2245 904 antorem
2277 851 2423 906 illum
2460 856 2696 926 iniquum
2724 875 3059 919 exarserunt.
3093 867 3244 935 Quod
3277 872 3318 924 si
3354 873 3509 930 dixe-

1928 937 2044 993 ris:
2077 940 2141 994 Et
2167 943 2306 997 unde
2345 944 2474 1000 illud
2516 959 2719 1006 tantum
2766 958 3214 1026 concupiscentia:
3257 980 3512 1035 augmen-

1929 1031 2080 1083 tum?
2137 1032 2215 1088 Ex
2257 1050 2359 1104 eo,
2409 1040 2550 1108 quod
2594 1042 2735 1098 Deus
2777 1046 3140 1119 dcrcliquerit.
3190 1054 3282 1110 Dei
3323 1031 3507 1114 autem

1926 1123 2199 1180 derelictio
2229 1131 2409 1184 unde?
2438 1132 2512 1186 Ex
2545 1136 2822 1205 iniquitate
2853 1157 3035 1198 eorum
3060 1188 3074 1211 ,
3100 1146 3188 1216 qui
3211 1148 3511 1224 derelique-

1927 1225 2045 1268 ruut
2067 1231 2187 1272 eum
2211 1237 2222 1272 :
2244 1220 2466 1277 Masculi
2490 1223 2540 1278 in
2564 1230 2816 1284 masculos
2838 1236 3200 1302 turpitudinem
3219 1220 3506 1310 operantes.

1994 1306 2046 1361 2.
2089 1309 2166 1365 Ne
2197 1314 2317 1383 quia
2350 1317 2585 1383 audisti,
2627 1319 2940 1379 Exursernnt
2966 1371 2978 1391 ,
3025 1339 3176 1398 putes
3216 1336 3266 1388 in
3305 1352 3505 1393 concu-

1926 1400 2180 1468 piscentia
2211 1415 2411 1460 tantum
2444 1409 2560 1464 sisti
2589 1414 2831 1468 morbum
2860 1435 2874 1470 :
2900 1433 3021 1473 nam
3057 1432 3110 1476 ιιι
3136 1425 3416 1493 plurimum
3440 1433 3508 1486 ab

1924 1507 2108 1546 eorum
2165 1494 2370 1564 ignavia
2424 1504 2734 1558 accenditur
2771 1512 3221 1581 concupiscentia.
3275 1519 3507 1592 ideoque

1925 1595 2028 1634 non
2057 1583 2226 1648 dixit,
2261 1586 2554 1653 Pertracti,
2585 1596 2667 1649 vel
2697 1595 3060 1670 Prmoccupati
3090 1646 3104 1668 ,
3146 1614 3202 1659 ut
3240 1609 3361 1663 alihi
3392 1583 3464 1667 ait
3489 1657 3503 1680 ,

1921 1672 2014 1726 sed
2047 1675 2214 1744 quid?
2244 1677 2542 1749 Operantes.
2579 1684 2631 1738 In
2660 1702 2792 1755 opus
2821 1690 3091 1749 deduxere
3115 1709 3388 1766 peccatum
3413 1720 3427 1768 ;
3454 1715 3506 1761 ct

1923 1779 2026 1817 non
2055 1766 2225 1820 ευιυιη
2255 1769 2305 1823 in
2336 1785 2468 1840 opus
2494 1815 2508 1839 ,
2546 1777 2638 1830 sed
2668 1779 2826 1833 etiam
2849 1797 2969 1837 cum
3000 1787 3174 1841 studio
3196 1800 3249 1844 et
3273 1766 3502 1849 fervore.

1919 1855 2030 1910 Nec
2071 1859 2240 1927 dixit,
2277 1863 2820 1936 Concupiscentiant;
2854 1874 2947 1929 sed
2981 1880 3226 1948 proprie,
3262 1883 3506 1955 Turpitu-

1920 1947 2088 2002 dinem
2115 1966 2134 2005 :
2162 1968 2281 2007 nam
2314 1966 2366 2010 ct
2402 1968 2645 2014 naturam
2681 1947 3154 2036 deturparunt,ct
3192 1973 3334 2045 leges
3369 1947 3506 2033 cou-

1919 2043 2217 2099 culcavere.
2248 2044 2312 2101 Et
2349 2049 2470 2104 vide
2509 2053 2879 2111 confusionem
2923 2063 3141 2117 multam
3175 2043 3258 2121 exi
3283 2079 3507 2141 utraque

1922 2145 2069 2202 parte
2095 2145 2287 2192 ortam.
2309 2139 2494 2211 Neque
2515 2144 2674 2199 modo
2696 2147 2836 2202 enim
2860 2163 3018 2220 caput
3045 2153 3251 2212 inferne
3274 2139 3503 2230 positum

1918 2234 2000 2279 est
2025 2268 2038 2289 ,
2075 2228 2168 2282 sed
2200 2231 2360 2285 etiam
2405 2233 2570 2302 pedes
2605 2251 2840 2307 superne
2863 2284 2878 2308 ,
2913 2254 3074 2315 atque
3115 2228 3312 2306 inimici
3343 2267 3395 2310 et
3423 2258 3506 2314 sui

1920 2325 1973 2371 et
1996 2329 2178 2374 mutuo
2204 2320 2326 2377 facti
2349 2333 2505 2392 sunt,
2526 2342 2740 2397 gravem
2765 2336 3048 2401 quamdam
3074 2381 3088 2404 ,
3116 2343 3462 2415 multiplicem
3485 2391 3502 2418 ,

1919 2412 2159 2480 variam,
2202 2430 2265 2470 ac
2302 2420 2493 2487 quovis
2543 2421 2684 2477 bello
2724 2425 2866 2481 civili
2915 2429 3232 2501 iniquiorem
3272 2412 3503 2512 pugnam

1921 2502 2253 2561 inducentes.
2284 2507 2495 2565 Etenim
2527 2514 2578 2566 in
2606 2527 2834 2584 quatuor
2855 2519 2997 2576 illaut
3023 2525 3232 2593 species
3264 2502 3426 2586 vanas
3453 2544 3510 2591 rt

1919 2591 2126 2662 iniquas
2152 2595 2449 2654 diviserunt
2473 2619 2487 2656 :
2515 2617 2620 2657 non
2649 2606 2790 2660 enim
2817 2607 3010 2681 duplex
3034 2591 3124 2669 aut
3150 2617 3341 2688 triplex
3365 2663 3380 2688 ,
3408 2625 3503 2679 sed

1919 2689 2080 2742 etiam
2109 2691 2436 2762 quadruplex
2461 2698 2562 2752 hoc
2583 2697 2780 2755 bellum
2809 2714 2944 2759 erat.
2978 2707 3254 2779 Perpende
3276 2725 3454 2774 autem
3487 2739 3501 2776 :

1917 2781 2199 2846 oportebrzt
2233 2782 2404 2851 duos,
2455 2788 2629 2844 virum
2679 2801 2734 2846 et
2781 2795 3094 2868 mulierem,
3135 2820 3296 2860 unum
3339 2824 3502 2866 esse:

1919 2883 2041 2923 nam
2071 2871 2146 2928 ait
2170 2914 2186 2939 ,
2219 2872 2390 2929 Erunt
2419 2877 2518 2931 duo
2548 2881 2600 2933 tu
2627 2899 2780 2937 carne
2803 2901 2907 2940 una
2937 2887 2957 2958 (
2983 2888 3107 2946 Gen.
3134 2893 3190 2952 2.
3213 2895 3282 2952 24
3301 2899 3342 2967 ).
3371 2899 3506 2959 illud

1920 2975 2080 3030 porro
2126 2963 2390 3022 efficiebat
2430 2972 2685 3026 consortii
2726 2979 3203 3055 concupiscentia,
3249 2963 3312 3044 et
3347 3008 3508 3049 sexus

1919 3066 2104 3109 tnutuo
2126 3057 2401 3130 jungebat.
2451 3063 2559 3119 Hac
2591 3076 2768 3122 autem
2801 3071 3008 3129 sublata
3038 3076 3280 3135 diabolus
3311 3100 3506 3143 concu-

1920 3147 2176 3216 piscentia
2202 3193 2216 3216 ,
2251 3162 2306 3207 et
2331 3155 2380 3208 in
2411 3157 2572 3210 alium
2603 3159 2817 3214 modum
2848 3163 3085 3222 derivata
3111 3213 3126 3236 ,
3167 3174 3244 3228 sic
3275 3191 3438 3233 sexus
3476 3199 3503 3234 a

1919 3248 2102 3292 mutuo
2118 3245 2578 3302 consortiodivisit
2592 3290 2606 3316 ,
2624 3259 2676 3303 et
2695 3250 2744 3304 id
2758 3251 2962 3320 effecit,
2982 3267 3038 3311 ut
3055 3263 3192 3329 quod
3213 3279 3376 3321 unum
3393 3279 3507 3324 erat

1917 3331 2036 3384 dure
2051 3343 2231 3388 essent
2253 3346 2429 3404 partes
2450 3379 2465 3404 ,
2488 3339 2644 3408 idque
2663 3351 2848 3398 contra
2873 3345 2967 3401 Dei
2991 3347 3162 3420 legem
3181 3371 3195 3415 ;
3222 3357 3334 3425 ipse
3355 3358 3508 3416 nanti

1917 3437 2021 3491 que
2047 3423 2182 3479 dixit
2208 3441 2223 3479 :
2261 3425 2422 3482 Erunt
2448 3430 2548 3483 duo
2569 3432 2618 3484 in
2642 3448 2794 3486 carne
2816 3453 2916 3490 una
2946 3454 2966 3493 :
2990 3440 3078 3496 ille
3109 3423 3421 3505 Vel‘0'llntttll
3452 3454 3504 3508 iu

1919 3513 2054 3569 duas
2081 3515 2279 3572 divisit.
2313 3520 2448 3574 Ecce
2477 3522 2668 3577 bellum
2694 3542 2875 3582 unum.
2906 3529 3216 3604 Rursusque
3244 3540 3339 3596 has
3367 3541 3504 3598 duas

1921 3617 2120 3674 partes,
2146 3619 2202 3662 ttt
2234 3609 2430 3666 bellum
2454 3622 2509 3668 et
2537 3615 2638 3670 sibi
2669 3618 2797 3686 ipsis
2823 3629 2876 3675 et
2902 3633 3084 3679 mutuo
3114 3627 3388 3696 inferrent,
3422 3636 3504 3689 ef-

1917 3697 2045 3752 fecit
2077 3716 2090 3754 :
2125 3701 2376 3757 mulieres
2401 3706 2543 3758 enim
2571 3712 2946 3766 contumeliam
2977 3716 3278 3776 inferebant
3319 3727 3506 3783 mulie-

1916 3792 2082 3856 ribus,
2111 3808 2206 3847 nec
2232 3796 2392 3848 modo
2413 3798 2570 3860 viris;
2601 3801 2698 3854 viri
2724 3818 2933 3872 quoque
2956 3818 3140 3864 contra
3165 3813 3307 3869 viros
3333 3817 3507 3874 insur-

1917 3893 2208 3951 rexerunt,
2262 3895 2315 3940 et
2363 3898 2549 3943 contra
2605 3893 2917 3949 muliebrem
2973 3914 3197 3966 sexum,
3250 3910 3398 3975 quasi
3449 3911 3503 3966 in

1915 3976 2143 4044 quadam
2185 3988 2444 4034 nocturna
2483 3995 2678 4052 pugna.
2711 3984 2956 4042 Vidistin’
2985 3996 3279 4050 secundum
3309 4009 3361 4053 et
3392 4012 3502 4056 ter-

1918 4069 2045 4122 tium
2086 4069 2318 4136 bellum;
2363 4073 2470 4126 imo
2499 4082 2554 4128 et
2579 4085 2825 4144 quartum
2853 4087 2905 4134 et
2931 4083 3212 4150 quintum?
3242 4090 3332 4143 Est
3359 4094 3501 4149 enim

1915 4168 1969 4214 et
1994 4159 2134 4212 aliud
2167 4178 2180 4213 :
2210 4178 2333 4216 nam
2363 4178 2482 4217 cum
2510 4165 2852 4233 supradictis,
2887 4171 2938 4223 in
2969 4170 3135 4239 ipsam
3163 4192 3375 4249 quoque
3403 4200 3500 4237 na-

1917 4260 2088 4304 turam
2122 4253 2299 4322 inique
2328 4266 2571 4324 egerunt.
2616 4257 2714 4313 Ubi
2753 4261 2885 4316 vidit
2914 4264 3055 4318 enim
3093 4266 3338 4326 diabolus
3366 4273 3503 4332 hanc

1915 4346 2398 4413 concupiscentiam
2426 4361 2587 4403 sexus
2614 4352 2844 4408 maxime
2867 4357 3120 4425 copulare
3137 4399 3154 4426 ,
3190 4362 3289 4418 hoc
3311 4367 3500 4422 vincu-

1917 4438 2023 4490 lum
2047 4437 2348 4495 discindere
2377 4441 2526 4497 nisus
2552 4452 2635 4497 est
2667 4444 2775 4497 :ita
2799 4455 2853 4500 ut
2886 4463 2992 4502 non
3022 4460 3224 4506 tantunt
3255 4471 3319 4510 ex
3351 4457 3500 4514 defe-
3554 4509 3566 4520 .

1913 4538 2000 4581 ctu
2049 4531 2270 4586 seminis
2316 4546 2486 4602 genus
2529 4533 2934 4604 dissolveretur,
2965 4540 3058 4595 sed
3100 4544 3259 4598 etiam
3301 4562 3365 4602 ex
3411 4565 3499 4617 eo,

1913 4622 2053 4692 quod
2085 4623 2277 4677 hellqu
2302 4624 2400 4679 sibi
2429 4635 2616 4680 mutuo
2643 4627 2897 4684 inferrent
2919 4642 2972 4686 et
2992 4634 3400 4694 altercarentur.
3434 4645 3500 4697 Et

1913 4714 2207 4776 mercedem,
2230 4732 2380 4786 quam
2405 4719 2647 4788 oportuit,
2670 4721 2855 4775 erroris
2881 4723 2964 4776 sui
2991 4725 3045 4778 in
3069 4730 3352 4795 semetipsis
3379 4736 3500 4787 reci-

1913 4805 2121 4875 pientes.
2157 4807 2288 4862 Vide
2311 4809 2581 4878 quomodo
2607 4825 2818 4866 rursum
2839 4813 2907 4867 ad
2931 4813 3128 4870 fontem
3154 4819 3277 4873 mali
3299 4825 3498 4891 veniat,

1914 4899 2240 4969 impietatem
2267 4916 2459 4970 nempe
2473 4917 2536 4956 ex
2561 4902 2926 4973 dogmatibus;
2955 4915 3010 4962 et
3031 4907 3168 4964 hanc
3189 4914 3496 4973 mercedem

1911 5007 2032 5046 esse
2057 4992 2186 5046 dicit
2223 4991 2517 5063 iniquitatis
2553 4994 2713 5048 illius.
2745 4995 2880 5061 Quia
2904 4998 3047 5053 enim
3075 5000 3141 5055 de
3169 5003 3412 5070 gehenna
3439 5022 3500 5064 et

1910 5083 2176 5153 supplicio
2217 5083 2462 5153 loquens,
2513 5085 2689 5155 impiis
2731 5096 2786 5141 et
2823 5087 2929 5142 vita
2971 5090 3152 5147 vivere
3194 5095 3500 5156 volentibus

1911 5188 2016 5226 non
2047 5172 2324 5228 videbatur
2349 5190 2488 5228 nunc
2516 5173 2620 5230 fide
2646 5174 2840 5246 dignus
2859 5193 2999 5245 esse,
3026 5181 3135 5237 imo
3163 5188 3343 5254 potius
3367 5187 3501 5245 ridi-

1909 5264 2080 5331 culus,
2105 5263 2336 5318 ostendit
2362 5264 2414 5318 in
2437 5264 2551 5337 ipsa
2580 5268 2852 5337 voluptate
2881 5268 2982 5327 hoc
3000 5274 3322 5344 supplicium
3351 5294 3494 5338 esse.

1909 5353 2061 5420 Quod
2091 5354 2136 5409 si
2155 5354 2208 5410 id
2239 5371 2345 5410 non
2373 5357 2632 5426 sentiant,
2663 5359 2771 5414 imo
2799 5361 2899 5416 sibi
2931 5362 3200 5435 placeant,
3230 5384 3300 5425 ne
3329 5372 3494 5429 mire-

1909 5446 1984 5501 ris
2017 5465 2030 5501 :
2065 5462 2188 5502 nam
2222 5445 2462 5502 furentes
2502 5460 2554 5504 et
2599 5450 2690 5520 qui
2731 5454 3034 5524 pltrenitide
3069 5461 3209 5528 capti
3257 5473 3399 5526 sunt,
3434 5479 3496 5522 se

1909 5539 2135 5592 multum
2162 5538 2421 5594 laedentes
2453 5549 2503 5595 et
2547 5543 2873 5598 miserabilia
2903 5547 3180 5615 facientes,
3209 5551 3334 5606 dum
3357 5555 3494 5610 alio-

1909 5645 2026 5684 rum
2067 5630 2331 5701 lacrymas
2364 5634 2634 5698 excitant,
2669 5633 2844 5690 rident
2870 5651 2934 5693 ac
2959 5638 3028 5694 de
3057 5642 3218 5708 gestis
3248 5657 3278 5696 a
3303 5659 3365 5700 se
3394 5645 3490 5701 lte-

1919 5738 2119 5784 tantur.
2151 5725 2256 5801 _Scd
2289 5742 2395 5784 non
2420 5724 2544 5785 ideo
2568 5728 2798 5786 dicimus
2823 5729 2943 5788 illos
2967 5748 2996 5788 a
3022 5736 3286 5807 supplicio
3313 5753 3499 5798 exem-
