3950 6464
415 250 521 310 M9

415 382 555 445 pios,
585 366 679 425 sed
724 365 847 420 ideo
885 362 937 417 in
980 359 1225 431 graviore
1264 356 1461 411 damno
1494 360 1550 407 et
1586 364 1741 420 paena
1767 343 1992 410 versari,

413 436 550 535 quia
573 473 679 530 quo
707 458 758 512 in
794 464 934 511 statu
966 452 1072 506 sint
1101 448 1364 503 nesciunt.
1398 443 1512 499 Non
1538 441 1682 497 enim
1707 438 1775 493 ab
1802 436 1995 507 aegris,

416 528 511 610 sed
533 569 563 607 a
584 528 1017 607 benevalentibus
1042 540 1303 597 calculum
1333 536 1454 592 ferri
1482 541 1694 603 Oportet
1719 547 1732 584 :
1758 528 1999 599 quando-

418 646 631 717 quidem
663 642 953 711 antiquitus
980 651 1067 691 res
1096 644 1149 689 et
1171 634 1221 687 in
1245 633 1412 699 legem
1444 642 1597 682 versa
1622 624 1923 687 videbatur,
1949 628 2003 674 ct

418 715 634 809 quidam
664 733 937 803 legislator
965 727 1101 797 apud
1132 725 1249 778 illos
1275 722 1542 790 jusserat,
1574 732 1639 771 ne
1668 715 1787 785 quis
1814 726 2005 767 servus

418 805 559 899 apud
589 827 707 880 illos
736 822 823 877 vel
854 819 1101 875 unctione
1130 815 1271 869 sicca
1304 821 1540 865 uterctm-
1563 809 1665 877 (a),
1697 805 1781 859 vel
1815 816 2006 874 pueros

420 893 662 980 amaret;
693 913 875 968 liberis
912 918 1114 963 tantum
1144 905 1282 958 hanc
1315 899 1725 971 praerogativam
1747 935 1763 961 ,
1797 893 1877 949 vel
1904 908 2005 963 po-

422 1014 526 1067 tius
563 1012 697 1063 hanc
739 1002 1122 1074 turpitudinem
1151 994 1472 1051 concedens.
1514 994 1765 1044 Attamen
1792 985 1865 1039 illi
1898 999 2003 1037 non

423 1101 801 1173 turpitudinem
847 1109 967 1151 esse
1007 1090 1291 1162 putabant;
1335 1084 1430 1139 sed
1471 1099 1584 1138 rem
1632 1081 1909 1135 honestam
1953 1084 2008 1130 et

423 1167 712 1263 majorem,
756 1203 911 1257 quam
965 1184 1130 1238 ferret
1175 1186 1456 1235 servorum
1497 1171 1776 1234 conditio,
1823 1167 2006 1222 liberis

420 1259 565 1342 illam
589 1285 974 1338 concesserunt
999 1292 1014 1330 :
1046 1284 1098 1328 et
1126 1272 1228 1326 hoc
1254 1265 1687 1338 sapientissimus
1716 1259 2009 1315 Athenien-

422 1379 558 1432 sium
591 1372 837 1446 populus,
868 1378 923 1424 et
949 1379 1171 1436 magnus
1206 1360 1345 1432 apud
1388 1359 1507 1413 illos
1546 1354 1732 1411 Solon.
1776 1352 1840 1405 Et
1876 1350 2009 1446 alios

422 1440 634 1542 quoque
663 1440 859 1520 inultos
888 1456 1324 1531 philosophorum
1349 1452 1516 1506 libros
1545 1448 1648 1502 hoc
1677 1444 1864 1499 morbo
1892 1440 2008 1511 ple-

424 1580 523 1619 nos
566 1561 801 1631 reperias
830 1576 844 1612 :
878 1568 1052 1624 neque
1086 1559 1261 1605 tamen
1302 1545 1422 1600 ideo
1452 1557 1566 1597 rem
1597 1554 1718 1595 esse
1754 1544 2010 1591 statutam

425 1628 671 1716 dicimus,
701 1650 793 1706 sed
832 1662 944 1712 eos,
974 1644 1062 1715 qui
1101 1642 1240 1696 hanc
1271 1651 1526 1706 accepere
1563 1634 1756 1701 legem,
1787 1628 2013 1681 miseros

427 1758 483 1804 et
512 1728 765 1816 laci-ymis
794 1740 984 1810 dignos
1018 1750 1137 1791 esse
1165 1732 1366 1787 multis.
1400 1726 1599 1783 Eadem
1639 1723 1781 1778 enim
1824 1720 1873 1773 hi
1917 1733 2013 1787 pa-

429 1847 653 1902 tiuntur,
681 1852 800 1905 qua:
826 1832 1081 1888 mulieres
1110 1827 1463 1887 fornicantes;
1495 1820 1603 1874 imo
1639 1824 1695 1871 et
1733 1811 2014 1869 miserabi-

430 1939 581 1993 liora.
611 1934 823 1989 lllarum
848 1928 991 1983 enim
1021 1923 1211 1986 coitus,
1243 1919 1344 1975 etsi
1372 1913 1696 1985 illegitimus,
1721 1905 2015 1963 secundum

430 2043 671 2089 naturam
705 2038 879 2082 tamen
907 2030 1017 2081 est;
1053 2018 1138 2073 hic
1164 2031 1293 2072 vero
1319 2023 1373 2069 et
1408 2008 1716 2081 illegitimns
1744 2012 1801 2060 et
1830 2010 2014 2058 contra

429 2135 695 2180 naturam.
729 2114 950 2174 Etiamsi
972 2112 1113 2168 enim
1134 2122 1233 2164 nec
1252 2103 1494 2178 gehenna
1517 2106 1683 2164 esset,
1708 2109 1806 2151 nec
1827 2091 2020 2161 suppli-

428 2220 496 2273 cii
522 2210 886 2275 comminatio,
912 2207 1014 2260 hoc
1041 2202 1183 2257 omni
1213 2196 1474 2268 supplicio
1499 2192 1650 2264 pejus
1672 2196 1834 2249 esset.
1864 2182 2018 2252 Quod

430 2311 473 2364 si
505 2306 714 2378 idipsis
742 2304 967 2372 placeat,
994 2302 1339 2368 augmentum
1368 2284 1615 2359 supplicii
1646 2296 1832 2339 narras
1863 2278 2014 2335 mihi.

431 2402 612 2471 Neque
638 2396 801 2459 enim,
825 2393 871 2448 si
898 2403 1055 2461 quem
1080 2385 1314 2441 viderem
1348 2380 1552 2436 nudum
1575 2383 1879 2432 currentem
1909 2378 2020 2425 toto

432 2464 659 2563 corpore
689 2486 946 2543 fmdatum
987 2496 1052 2537 ex
1092 2476 1224 2541 iuto,
1254 2491 1352 2532 nec
1391 2473 1595 2545 pudore
1624 2468 1895 2533 affectum,
1925 2464 2020 2521 sed

430 2560 545 2640 sibi
575 2580 963 2654 gratulantem,
993 2572 1294 2645 gratularer
1318 2578 1372 2624 et
1397 2582 1497 2637 ego
1528 2564 1626 2635 ipsi
1658 2582 1671 2618 :
1706 2563 1815 2618 imo
1843 2560 2021 2631 potius

432 2653 590 2732 illum
610 2672 944 2744 deplorarem
964 2710 977 2733 ,
1008 2664 1150 2737 quod
1179 2677 1285 2719 non
1318 2662 1432 2733 ipse
1458 2658 1683 2714 sentiret
1709 2671 1768 2711 se
1794 2653 2022 2724 turpiter

432 2783 610 2839 agere.
645 2766 713 2822 Ut
735 2772 913 2819 autem
938 2755 1317 2815 contumeliam
1342 2750 1727 2808 evidentiorem
1759 2745 1983 2802 reddam
2003 2786 2019 2812 ,

433 2836 595 2916 liceat
616 2856 744 2912 mihi
772 2853 914 2909 aliud
942 2849 1092 2907 vobis
1118 2846 1425 2916 exemplum
1448 2842 1667 2897 afferre.
1695 2839 1749 2895 Si
1779 2838 1898 2909 quis
1919 2836 2026 2891 vir-

435 2956 614 3026 ginem
638 2951 691 3004 in
718 2948 953 3004 thalamo
980 2950 1281 2999 versantem
1301 2937 1598 2999 damnaret,
1626 2944 1681 2988 ut
1710 2948 1831 2987 cum
1856 2928 2027 2985 brutis

428 3022 762 3101 animalibus
785 3038 1249 3097 commisceretur.
1278 3031 1366 3086 illa
1394 3043 1524 3085 vero
1553 3028 1604 3082 in
1635 3026 1724 3080 tali
1756 3025 1899 3081 coitu
1927 3022 2024 3078 de-

442 3138 734 3193 lectaretur
760 3149 774 3187 :
808 3144 984 3187 annon
1020 3126 1143 3183 ideo
1179 3122 1431 3195 lacrymis
1457 3121 1668 3191 dignior
1692 3126 1856 3183 esset,
1883 3114 2026 3187 quod

439 3244 546 3285 non
575 3233 757 3298 posset
777 3223 844 3277 ab
872 3222 973 3276 hoc
1003 3217 1191 3275 morbo
1218 3214 1453 3279 liberari,
1473 3213 1581 3268 imo
1603 3226 1704 3267 nec
1730 3209 1879 3264 illum
1904 3222 2031 3263 sen-

419 3321 578 3376 -tire?
620 3319 674 3373 Id
700 3326 860 3372 certe
893 3310 1091 3368 nemini
1116 3325 1221 3365 non
1248 3306 1422 3379 palam
1449 3313 1552 3362 est.
1585 3304 1640 3359 Si
1665 3311 1841 3357 autem
1867 3312 2031 3369 grave

444 3412 573 3469 illud
600 3411 690 3475 sit,
716 3408 819 3464 hoc
842 3422 946 3462 non
977 3403 1154 3459 minus
1177 3413 1341 3472 grave
1367 3413 1385 3458 :
1413 3413 1536 3453 nam
1561 3412 1590 3450 a
1619 3396 1731 3450 suis
1751 3400 2030 3449 contume-

442 3508 510 3562 lia
538 3504 695 3566 affici.
725 3498 1083 3557 miserabilius
1122 3506 1234 3562 est,
1272 3508 1430 3564 quam
1460 3492 1529 3546 ab
1557 3491 1764 3546 alienis.
1793 3488 1905 3544 Hos
1930 3501 2031 3558 ego

443 3597 744 3655 homicidiis
787 3595 1000 3665 pejores
1040 3590 1163 3646 dico
1201 3607 1215 3643 :
1249 3586 1444 3643 melius
1492 3586 1690 3655 quippe
1735 3592 1817 3638 est
1861 3580 2029 3647 mori,

442 3706 603 3763 quam
632 3689 711 3744 sic
735 3684 1056 3743 contumelia
1084 3682 1330 3743 allectum
1352 3679 1554 3734 vivere.
1581 3672 1860 3732 Homicida
1888 3672 2031 3728 enim

443 3785 677 3840 animam
718 3796 748 3834 a
778 3792 1005 3849 corpore
1051 3780 1298 3844 separat;
1345 3771 1431 3826 hic
1466 3785 1594 3825 vero
1635 3768 1867 3822 animam
1909 3780 2031 3820 cum

443 3890 671 3946 corpore
720 3871 911 3943 perdit.
959 3868 1027 3923 Et
1073 3865 1450 3937 quodcumque
1487 3862 1689 3919 dixeris
1730 3867 2031 3931 peccatum,

444 3984 551 4024 non
590 3965 797 4037 mquale
824 3962 1026 4018 dixeris
1056 3960 1179 4014 huic
1210 3956 1475 4028 iniquitati
1510 3976 1525 4010 :
1558 3964 1613 4010 et
1641 3954 1684 4008 si
1717 3954 1771 4019 ii,
1801 3952 1892 4023 qui
1922 3953 2035 4007 haec

445 4058 737 4130 patiuntur,
780 4054 854 4109 rei
907 4065 1126 4108 sensum
1171 4049 1450 4110 haberent,
1488 4045 1682 4100 millies
1718 4043 1852 4098 mori
1892 4057 2034 4113 pra:-

446 4157 714 4221 optarent,
747 4162 815 4202 ne
844 4146 946 4199 hoc
976 4151 1308 4213 paterentur.

517 4246 571 4301 3.
602 4242 743 4297 Nihil
764 4249 866 4298 est.
892 4236 1023 4291 nihil
1045 4235 1227 4305 utique
1247 4242 1329 4288 est
1353 4234 1453 4289 hac
1472 4230 1796 4287 contumelia
1824 4226 2036 4283 irratio-

451 4336 680 4392 nabilius
708 4330 1038 4401 etgravius.
1077 4328 1134 4382 Si
1165 4329 1308 4382 enim
1335 4325 1404 4381 de
1430 4325 1779 4379 fornicatione
1815 4322 2038 4391 loquens

360 4496 370 4503 .
452 4426 673 4491 Paulus,
702 4422 917 4478 dicebat
947 4438 961 4474 :
997 4417 1157 4473 Omne
1185 4427 1468 4488 peccatum,
1499 4416 1847 4486 quodcumque
1867 4414 2039 4485 fecerit

450 4522 622 4583 homo,
646 4524 792 4571 extra
808 4528 992 4581 corpus
1013 4519 1117 4573 est;
1142 4508 1227 4579 qui
1247 4524 1360 4561 vero
1382 4507 1684 4577 fornicatur,
1704 4506 1757 4559 in
1778 4505 2041 4575 proprium

448 4630 633 4686 corpus
664 4620 834 4682 peccat
861 4608 940 4677 (.
966 4605 1085 4660 Cor.
1116 4604 1168 4658 6.
1201 4602 1341 4671 18);
1373 4601 1499 4670 quid
1530 4600 1823 4655 dixerimus
1847 4599 1916 4653 de
1942 4597 2043 4652 hac

450 4709 679 4769 inSania,
710 4720 828 4772 qua:
870 4708 1016 4755 tanto
1051 4697 1288 4752 deterior
1312 4704 1397 4751 est
1425 4692 1775 4748 fornicatione
1794 4734 1811 4759 ,
1840 4701 2042 4763 quanto

448 4800 555 4855 dici
594 4795 813 4867 nequit?
844 4793 1025 4861 Neque
1052 4790 1193 4845 enim
1224 4789 1325 4843 hoc
1359 4795 1563 4842 tantum
1596 4785 1750 4852 dico,
1786 4785 1927 4856 quod
1959 4783 2043 4839 fa-

447 4902 568 4949 ctus
593 4891 668 4945 sis
693 4887 906 4952 mulier,
930 4884 1027 4940 sed
1048 4885 1207 4939 etiam
1233 4881 1375 4954 quod
1400 4895 1582 4936 cesses
1603 4894 1723 4936 esse
1744 4879 1843 4945 vir,
1871 4893 2045 4950 neque

450 4992 685 5040 mutatus
728 4984 803 5036 sis
847 4980 899 5033 in
948 4978 1102 5033 istam
1144 4986 1414 5039 naturam,
1450 4986 1623 5042 neque
1668 4972 1813 5027 illam
1855 4987 2043 5027 serves

448 5090 610 5145 quam
657 5070 924 5136 habuisti;
975 5068 1071 5125 sed
1123 5069 1400 5137 utriusque
1454 5065 1753 5120 communis
1805 5062 2046 5132 proditor

448 5165 675 5221 effectus
703 5163 777 5217 sis
797 5202 812 5224 ,
852 5170 907 5217 et
944 5160 1137 5230 dignus
1171 5159 1263 5229 qui
1299 5173 1328 5211 a
1367 5158 1497 5211 viris
1526 5166 1581 5211 et
1608 5155 1922 5211 mulieribus
1948 5169 2045 5210 -

453 5257 672 5329 pellaris
718 5264 772 5309 et
819 5252 1108 5322 lapideris,
1156 5260 1342 5320 utpote
1392 5250 1483 5320 qui
1528 5258 1813 5319 utrumque
1857 5261 2046 5303 sexum

453 5350 648 5422 injuria
675 5346 942 5403 .
983 5346 1049 5400 Et
1092 5353 1151 5399 ut
1184 5344 1394 5400 ediscas
1419 5352 1679 5413 quantum
1720 5342 1822 5396 hoc
1859 5340 1969 5396 sit:
2000 5340 2045 5395 si

452 5447 575 5518 quis
616 5441 881 5499 accedens
924 5438 1144 5495 offerret
1188 5437 1301 5503 tibi,
1331 5450 1392 5491 se
1417 5452 1485 5491 ex
1523 5435 1743 5490 homine
1776 5441 1831 5489 te
1858 5448 2046 5488 canem

453 5558 576 5598 esse
596 5539 882 5603 facturum,
908 5548 1087 5589 annon
1110 5531 1257 5586 illum
1280 5537 1342 5584 ut
1366 5528 1723 5599 perniciosum
1745 5525 2049 5597 elfugeres?

498 5675 573 5737 (a)
597 5673 767 5737 Unctio
787 5674 913 5723 sicca
937 5675 1078 5719 extra
1101 5665 1580 5737 balnea-sumebatur
1603 5664 1667 5717 ab
1697 5664 1901 5717 athletis
1924 5672 1973 5717 et
2002 5664 2048 5716 in

867 5747 989 5786 vero
1010 5744 1170 5784 servis
1192 5728 1560 5794 prohibebatur.

1158 237 1216 294 S.
1254 233 1532 294 JOANNIS
1568 227 2038 288 CHRYSOSTOMI
2079 228 2395 287 ARClllEP.
2433 229 2969 289 CONSTANTINOP.

3593 230 3688 288 29

2102 343 2261 415 Atqui
2310 354 2362 401 te
2406 361 2511 401 non
2558 362 2745 403 canem
2785 362 2854 403 ex
2890 346 3108 402 homine
3140 344 3472 415 fecistt,sed
3497 348 3693 403 animal

2103 447 2236 489 cane
2283 435 2438 505 longe
2475 436 2633 492 vilius
2663 455 2675 491 :
2701 435 2851 493 canis
2897 438 3095 508 quippe
3142 437 3286 492 utilis
3325 445 3430 502 est,
3461 436 3695 492 amasius

2108 539 2237 579 vero
2278 526 2344 581 ad
2390 526 2523 581 nihil
2571 528 2735 583 utilis.
2768 527 2907 596 Quid
2938 537 3140 591 autem,
3172 542 3354 597 quaeso
3394 537 3468 593 te,
3507 526 3553 581 si
3579 525 3698 597 quis

2110 617 2529 673 comminaretur
2555 618 2871 675 ellecturum
2901 634 2963 675 se
2991 628 3049 673 ut
3076 619 3174 673 viri
3208 628 3454 687 parerent
3474 656 3491 683 ,
3522 631 3700 671 annon

2110 707 2190 763 ira
2220 710 2588 780 repleremur?
2614 713 2684 767 At
2707 729 2850 768 nunc
2871 727 2997 767 ecce
3019 712 3175 783 longe
3202 713 3449 782 graviora
3478 708 3699 774 faciunt,

2111 801 2201 868 qui
2247 809 2522 872 tantopere
2565 803 2837 859 insaniunt
2867 824 2879 859 :
2913 819 3023 859 non
3071 804 3214 859 enim
3265 817 3361 873 par
3400 817 3491 857 res
3532 810 3619 855 est
3653 802 3703 856 in

2116 892 2392 948 mulierem
2418 896 2634 962 mutari,
2654 905 2709 951 et
2730 897 2899 951 virum
2920 904 3225 951 manentem
3246 895 3528 949 mulierem
3556 891 3705 958 fieri;

2112 982 2222 1037 imo
2265 998 2439 1054 neque
2482 984 2585 1041 hoc
2626 1002 2801 1058 neque
2844 987 2997 1043 illud.
3042 986 3205 1055 Quod,
3239 987 3286 1041 si
3329 984 3554 1043 aliunde
3583 985 3707 1040 mali

2115 1076 2243 1130 tanti
2272 1077 2691 1149 magnitudinem
2716 1079 2855 1135 scire
2882 1080 3034 1145 velis,
3066 1081 3335 1149 interroga
3367 1093 3467 1133 cur
3485 1076 3706 1147 legislav

2115 1178 2259 1223 tores
2294 1170 2519 1238 puniant
2555 1171 2712 1238 illos,
2748 1173 2837 1242 qui
2877 1171 3153 1228 eunuchos
3182 1171 3415 1235 faciunt;
3446 1178 3504 1225 et
3532 1168 3710 1224 disces

2114 1278 2218 1315 non
2243 1262 2344 1316 alia
2366 1262 2433 1317 de
2461 1278 2645 1328 causa,
2674 1280 2832 1333 quam
2860 1264 3001 1335 quod
3033 1273 3278 1318 naturam
3309 1261 3633 1318 exscindant
3659 1270 3711 1315 et

2116 1352 2375 1407 minuant.
2404 1353 2563 1424 Atqui
2587 1355 2664 1409 illi
2689 1370 2793 1409 non
2818 1363 3022 1410 tantum
3048 1355 3255 1425 injuria:
3280 1355 3551 1417 inferunt;
3586 1368 3706 1407 nam

2115 1444 2325 1499 exsecti
2370 1443 2447 1498 illi
2494 1447 2809 1517 plerumque
2855 1456 2976 1517 post
3016 1448 3343 1502 excisionem
3388 1446 3550 1501 utiles
3593 1443 3707 1500 fne-

2115 1541 2241 1588 runt
2272 1550 2286 1586 :
2316 1536 2431 1589 viro
2455 1545 2633 1591 autem
2660 1537 2714 1592 in
2747 1538 3086 1594 meretricem
3127 1552 3391 1593 converso
3421 1535 3559 1591 nihil
3590 1536 3707 1590 iuuo

2120 1626 2262 1681 tilius
2293 1625 2494 1682 fuerit:
2529 1642 2705 1698 neque
2745 1631 2887 1688 enim
2929 1630 3105 1685 anima
3151 1629 3360 1693 solum,
3402 1627 3507 1683 sed
3550 1629 3707 1682 etiam

2118 1735 2315 1790 Corpus
2340 1720 2438 1774 viri
2480 1721 2601 1775 talia
2645 1723 2810 1791 passi,
2847 1722 3139 1793 ignominia
3169 1721 3386 1790 plenum
3415 1730 3522 1783 est,
3552 1729 3610 1774 et
3635 1719 3711 1775 di-

2119 1826 2279 1880 gnum
2306 1812 2449 1882 quod
2478 1811 2711 1883 undique
2734 1814 2984 1884 pellatur.
3015 1814 3155 1879 Qu0t
3178 1815 3441 1883 gehennae
3469 1812 3577 1866 illis
3602 1812 3711 1866 suf-

2120 1903 2337 1959 cient?
2367 1902 2423 1959 8
2440 1919 2571 1959 vero
2591 1904 2889 1975 gehennam
2913 1906 3135 1961 audiens
3162 1906 3303 1961 rides
3328 1916 3383 1961 et
3403 1905 3712 1961 incredulus

2121 2011 2203 2062 es,
2220 1996 2507 2052 recordare
2528 1996 2666 2067 ignis
2687 1996 2832 2053 illius
2862 1997 3220 2053 Sodomorum
3254 1997 3526 2053 :vidimus
3549 2000 3710 2063 enim,

2121 2088 2350 2145 vidimus
2375 2099 2431 2144 et
2457 2091 2509 2144 in
2538 2092 2787 2160 prmsenti
2818 2091 2926 2146 vita
2952 2091 3211 2163 gehennzn
3243 2092 3554 2162 imaginem.
3584 2090 3713 2159 Quia

2121 2182 2265 2236 enim
2296 2182 2446 2237 multi
2473 2183 2557 2243 iis.
2588 2196 2707 2253 qua:
2736 2184 3186 2240 resurrectionem
3207 2193 3525 2254 sequentur,
3556 2184 3713 2237 fidem

2124 2273 2356 2330 habituri
2388 2288 2497 2328 non
2529 2284 2700 2337 erant,
2741 2290 2881 2330 nunc
2917 2275 3197 2331 audientes
3235 2275 3415 2346 ignem
3450 2276 3714 2331 inexstinr

2122 2366 2377 2439 guibilem
2423 2382 2580 2432 esse,
2628 2366 2764 2421 Deus
2803 2367 2921 2423 illos
2955 2383 2984 2420 a
3026 2367 3378 2437 praesentibus
3417 2366 3488 2422 ad
3531 2381 3715 2421 sanam

2125 2468 2361 2514 mentem
2408 2456 2639 2513 reduxit.
2683 2457 2828 2513 Talis
2872 2459 3032 2529 igitur
3059 2469 3143 2515 est
3170 2459 3530 2515 Sodomorum
3578 2458 3714 2529 ignis

2126 2560 2182 2607 et
2234 2550 2539 2607 incendium
2584 2569 2599 2606 :
2644 2560 2695 2606 et
2751 2551 2927 2607 sciunt
2980 2552 3078 2617 illi,
3109 2552 3198 2622 qui
3251 2567 3317 2607 eo
3369 2568 3428 2607 se
3476 2552 3719 2607 contule-

2126 2654 2271 2712 runt,
2298 2654 2352 2700 et
2375 2645 2582 2715 plagam
2608 2644 2751 2699 illam
2776 2643 3034 2723 divinitus
3060 2645 3353 2700 immissam
3374 2654 3427 2701 et
3449 2660 3719 2715 superno.-

2127 2755 2248 2795 rum
2294 2737 2574 2793 fulminum
2622 2752 2759 2808 opus
2806 2738 3073 2793 viderunt.
3118 2738 3304 2809 Cogita
3346 2749 3611 2809 quantum
3656 2738 3723 2791 sit

2129 2843 2429 2904 peceatum,
2457 2833 2597 2905 quod
2625 2833 2711 2889 vel
2738 2841 2863 2889 ante
2893 2844 3103 2903 tempus
3126 2832 3425 2905 gehennam
3458 2849 3721 2904 apparere

2129 2929 2388 3001 coegerit.
2429 2928 2562 2998 Quia
2601 2929 2745 2983 enim
2790 2927 2939 2983 multi
2982 2928 3143 2983 verba
3189 2927 3277 2982 illa
3314 2926 3721 2997 despiciebant,

2126 3024 2388 3093 gehennae
2426 3020 2709 3092 imaginem
2753 3034 2891 3075 novo
2928 3019 3089 3097 modo
3127 3019 3363 3075 ostendit
3404 3019 3531 3076 illis.
3562 3020 3718 3075 Deus.

2132 3112 2342 3170 Etenim
2386 3112 2648 3184 stupenda
2688 3121 2805 3169 erat
2846 3112 3021 3183 pluvia
3069 3111 3187 3177 illa,
3236 3112 3361 3183 quia
3408 3111 3591 3166 coitus
3637 3112 3723 3166 ille

2130 3214 2329 3277 praeter
2354 3215 2598 3260 naturam
2626 3213 2771 3271 erat;
2816 3214 2870 3259 et
2910 3202 3188 3259 inundavit
3215 3212 3413 3258 terram
3442 3200 3571 3273 quia
3606 3202 3719 3257 illo-

2133 3313 2253 3354 rum
2282 3298 2446 3354 etiam
2475 3297 2684 3353 animas
2709 3297 3142 3368 concupiscentia
3174 3296 3549 3351 inundaverat.
3601 3295 3719 3351 Ideo

2131 3391 2509 3449 consuetudini
2534 3390 2803 3447 contraria
2832 3401 2948 3447 erat
2979 3390 3196 3462 pluvia:
3224 3406 3329 3445 non
3370 3388 3538 3445 modo
3580 3389 3715 3444 enim

2135 3493 2293 3541 terra;
2314 3486 2521 3541 viscera
2560 3500 2666 3540 non
2704 3485 2960 3541 excitavit
3000 3484 3067 3540 ad
3111 3483 3323 3540 fructus
3343 3483 3716 3555 proferendos,

2133 3576 2228 3633 sed
2258 3576 2399 3632 illam
2428 3576 2494 3632 ad
2534 3578 2797 3632 seminum
2841 3576 3237 3646 susceptionem
3269 3575 3509 3645 ineptam
3538 3575 3717 3637 reddi,-

2133 3671 2230 3725 dit.
2262 3670 2405 3726 Talis
2429 3671 2572 3726 enim
2599 3677 2717 3725 erat
2740 3668 2913 3724 coitus
2942 3670 3178 3724 virorum
3208 3667 3259 3722 in
3286 3675 3429 3723 terra
3455 3667 3721 3723 Sodomo-

2135 3782 2290 3833 rum,
2327 3766 2432 3821 tale
2467 3779 2663 3833 corpus
2706 3763 2948 3819 inutilius
2986 3762 3232 3817 reddens.
3277 3761 3416 3828 Quid
3442 3764 3589 3816 enim
3613 3761 3721 3814 viro

2135 3860 2470 3915 meretricem
2498 3857 2674 3927 agenti
2705 3854 3088 3911 exsecrabilius
3112 3864 3165 3909 et
3191 3853 3477 3909 infamius?
3505 3853 3552 3909 0
3580 3852 3719 3907 furo-

2137 3950 2288 4007 reml
2434 3949 2745 4020 stuporem!
2801 3946 3083 4016 Quomodo
3131 3947 3245 4001 haec
3292 3946 3721 4017 concupiscentia

2135 4054 2373 4115 grassata
2527 4084 2540 4106 ,
2579 4056 2700 4112 qua:
2741 4041 3025 4095 humanam
3065 4048 3307 4093 natumut
3344 4039 3500 4107 quasi
3547 4039 3722 4093 hostes

2136 4136 2278 4192 bello
2322 4134 2556 4199 invasit;
2608 4134 2716 4188 imo
2767 4132 3011 4188 hostibus
3050 4132 3180 4201 ipsis
3221 4139 3371 4185 tanto
3414 4130 3718 4193 molestior,

2137 4238 2339 4300 quanto
2368 4229 2543 4282 anima
2576 4226 2766 4281 melior
2795 4234 2877 4282 est
2905 4225 3168 4295 corpore?
3262 4239 3356 4279 vos
3378 4221 3717 4277 irrationabi-

2139 4319 2279 4375 libus
2313 4317 2803 4381 .irrationabiliores
2826 4358 2842 4383 ,
2901 4325 2957 4371 et
2998 4315 3219 4372 canibus
3263 4313 3725 4383 impudentioresi

2118 4414 2410 4483 Nusquam
2454 4412 2597 4467 enim
2640 4410 2779 4481 apud
2823 4410 2943 4465 illos
2989 4408 3109 4463 talis
3147 4408 3358 4474 coitus,
3401 4408 3497 4463 sed
3544 4417 3720 4461 natura

2120 4520 2268 4573 suos
2298 4504 2555 4561 terminos
2584 4505 2835 4573 agnovit;
2868 4518 2963 4557 vos
2980 4519 3106 4557 vero
3128 4516 3295 4572 genus
3316 4510 3558 4555 vestrum
3586 4503 3723 4570 igno-

2145 4598 2300 4651 bilius
2326 4595 2579 4651 ellecistis
2618 4611 2712 4665 per
2752 4594 2999 4663 injuriam
3043 4602 3261 4647 tantam.
3305 4591 3589 4646 Undenam
3620 4590 3724 4644 lucc

2142 4699 2260 4744 orta
2285 4696 2411 4743 sunt
2439 4688 2618 4743 mala?
2715 4687 2989 4756 voluptate
3008 4726 3025 4752 ,
3056 4684 3124 4740 ab
3150 4700 3216 4740 eo
3242 4682 3383 4753 quod
3423 4683 3595 4737 Deum
3626 4698 3722 4735 non

2144 4783 2543 4855 cognosceretis
2567 4799 2579 4835 :
2608 4796 2727 4835 cum
2757 4780 2900 4835 enim
2928 4777 3144 4848 quidam
3181 4775 3302 4846 ejus
3339 4775 3593 4831 timorem
3619 4774 3722 4843 eje-

2144 4876 2339 4942 cerint,
2371 4875 2551 4930 omnia
2573 4873 2788 4929 demum
2819 4873 2954 4927 bona
2981 4871 3215 4925 avolant.

2216 4968 2273 5023 .
2314 4967 2394 5023 Ne
2417 4967 2577 5038 igitur
2613 4965 2663 5020 id
2704 4962 2949 5030 accidat,
2980 4963 3225 5018 timorem
3256 4959 3350 5014 Dei
3380 4958 3599 5014 assidue
3628 4973 3724 5029 pra:

2145 5059 2317 5117 oculis
2345 5057 2656 5114 habeamus.
2682 5056 2819 5110 Nihil
2846 5055 3012 5122 enim,
3047 5052 3179 5108 nihil
3207 5053 3275 5107 ita
3310 5051 3589 5105 hominem
3619 5067 3728 5121 prr-

2147 5153 2253 5214 dit.
2286 5162 2341 5208 ut
2373 5166 2492 5206 cum
2533 5166 2562 5204 a
2610 5148 2699 5205 tali
2739 5147 2938 5204 excidit
2980 5160 3198 5213 ancora,
3244 5158 3421 5214 neque
3468 5144 3542 5197 ita
3591 5143 3727 5197 illum

2149 5253 2363 5308 servat,
2394 5252 2454 5298 ut
2480 5244 2524 5297 si
2554 5250 2814 5311 perpetuo
2842 5239 2967 5294 illuc
2997 5236 3333 5307 respiciatur.
3376 5234 3515 5290 Nam
3556 5234 3600 5288 si
3645 5236 3731 5287 ho-

2148 5338 2347 5392 minem
2374 5352 2482 5406 pra:
2505 5335 2677 5390 oculis
2705 5333 2983 5398 habentes,
3007 5334 3282 5402 segniores
3307 5343 3498 5383 sumus
3517 5327 3583 5382 ad
3615 5342 3732 5397 pec-

2148 5441 2270 5485 cata
2308 5426 2672 5491 admittenda;
2717 5426 2827 5480 imo
2868 5424 3067 5494 saepius
3111 5421 3342 5477 famulos
3380 5420 3733 5475 modestiores

2150 5530 2479 5587 reverentes,
2504 5519 2637 5575 nihil
2656 5518 2876 5573 absnndi
2900 5516 3144 5581 facimus,
3164 5514 3337 5585 Cogita
3366 5522 3563 5583 quanta
3594 5512 3733 5564 frue-

2152 5633 2273 5673 mur
2303 5614 2593 5672 securitate
2612 5652 2628 5680 ,
2658 5612 2705 5666 si
2732 5611 2900 5667 Deum
2927 5623 3039 5681 prie
3063 5607 3232 5665 oculis
3261 5606 3568 5661 habeamus.
3597 5602 3733 5657 Nus-

2151 5727 2311 5787 quam
2332 5711 2477 5769 enim
2504 5724 2604 5767 nos
2629 5706 2877 5767 diabolus
2915 5706 2988 5763 ita
3024 5702 3245 5762 affectos
3274 5702 3509 5769 invadet,
3556 5706 3735 5769 utpote
