4064 6296
137 139 299 205 £19

140 269 427 325 παλαιὸν
456 271 553 326 καὶ
578 272 741 337 νόμος
771 270 908 327 εἶναι
936 274 997 327 τὸ
1031 278 1261 347 πρᾶγμα
1291 278 1482 342 ἐδόκει,
1514 278 1608 332 καὶ
1635 276 1858 347 νομοθέ-

141 372 286 426 της
317 377 404 421 τις
438 361 569 431 παρ’
597 361 779 423 αὐτοῖς
802 362 1017 425 οἰκέτας
1043 364 1296 418 ἐκέλευσε
1330 367 1465 436 μήτε
1511 364 1857 436 ξηραλοιφεῖν

149 447 326 513 μήτε
396 447 809 518 παιδεραστεῖν,
862 453 974 512 τοῖς
1024 450 1328 521 ἐλευθέροις
1381 454 1480 524 τῆς
1533 452 1854 522 προεδρείας

146 532 606 601 παραχωρήσας
657 531 881 603 ταύτης,
941 534 1140 605 μᾶλλον
1188 536 1244 589 δὲ
1296 537 1394 605 τῆς
1446 536 1852 607 ἀσχημοσύνηςο

162 615 339 669 ’Λλλ’
364 620 515 688 ὅμως
539 620 639 673 οὐκ
663 620 919 690 ἐνόμισαν
939 622 1325 694 ἀσχημοσύνην
1346 620 1486 679 εἶναι
1507 626 1567 678 τὸ
1597 626 1852 695 πρᾶγμα,

142 704 298 757 ἀλλ’
333 705 413 770 ὼς
445 707 641 777 σεμνὸν
667 709 759 761 καὶ
793 708 977 777 μεῖζον
1004 709 1035 779 ἦ
1063 713 1186 763 κατ’
1215 712 1443 765 οἰκετῶν
1473 712 1712 781 ἀξίωμα,
1741 713 1855 775 τοῖς

143 792 492 865 ἐλευθέροις
540 794 880 866 ἐπέτρεψαν·
937 798 1031 850 καὶ
1075 798 1234 852 τοῦτο
1276 800 1306 851 6
1355 799 1709 868 σοφιῖυτατοςιι
1745 798 1854 851 τῶν

160 881 500 951 Ἀθηναίων
530 883 718 953 δῆμος,
746 883 841 936 καὶ
866 885 894 937 6
931 883 1105 954 μέγας
1134 884 1263 957 παρ’
1296 887 1478 949 αὐτοῖς
1505 887 1702 940 Σόλων.
1746 887 1854 939 Καὶ

139 970 343 1040 ’ἐτερα
379 971 440 1024 δὲ
480 971 651 1024 πολλά
686 972 795 1025 τῶν
841 973 1147 1042 φιλοσόφων
1201 975 1379 1044 βιϐλία
1427 970 1629 1046 ταύτης
1675 976 1739 1029 ἀν
1769 991 1852 1037 τις

142 1059 329 1129 εὖροι
349 1060 592 1131 γέμοντα
619 1064 717 1131 τῆς
745 1062 922 1116 νόσου·
948 1064 1060 1117 ἀλλ’
1078 1065 1138 1117 οὐ
1165 1065 1251 1117 διά
1280 1067 1435 1118 τοῦτο
1463 1065 1852 1134 νενομισμένον

141 1143 313 1199 εἶναι
350 1147 415 1199 τὸ
447 1148 679 1218 πρᾶγμά
706 1166 907 1218 φαμεν,
937 1151 1071 1204 ἀλλά
1100 1152 1190 1205 καὶ
1218 1153 1344 1215 τοὺς
1371 1153 1462 1205 τὸν
1494 1153 1658 1222 νόμον
1698 1153 1851 1219 δεξα-

154 1235 378 1301 μένους
412 1234 601 1288 τοῦτον
634 1236 897 1301 ἐλεεινοὺς
932 1239 1025 1293 καὶ
1063 1239 1313 1311 δακρύων
1342 1238 1525 1304 ἀξίους
1558 1236 1693 1293 εἶναι
1722 1240 1851 1293 πολ-

143 1320 299 1374 λῶν.
338 1323 411 1374 Ἀ
440 1323 549 1391 γάρ
576 1324 630 1375 αἱ
660 1326 1050 1394 πορνευόμεναι
1092 1328 1358 1397 πάσχουσι
1391 1327 1541 1399 [457]
1573 1330 1847 1395 γυναῖκες,

142 1408 345 1461 ταῦτα
375 1412 475 1464 καὶ
497 1406 666 1464 οὗτοι·
689 1414 887 1482 μᾶλλον
919 1415 975 1466 δὲ
1002 1416 1226 1468 ἐκείνων
1248 1415 1571 1486 ἀθλιώτερα.
1594 1417 1725 1479 Ταῖς
1750 1414 1848 1484 μὲν

142 1498 277 1567 γὰρ
321 1500 372 1550 εί
409 1500 502 1552 καὶ
527 1501 863 1571 παράνομος,
910 1501 1046 1556 ἀλλά
1074 1503 1212 1556 κατά
1244 1504 1406 1573 φύσιν
1435 1505 1468 1565 ἠ
1511 1502 1680 1574 μίξις·
1707 1502 1845 1572 αῦτη

142 1584 213 1638 δὲ
251 1585 357 1637 καὶ
394 1587 733 1657 παράνομος,
767 1590 861 1641 καὶ
891 1589 1037 1661 παρά
1071 1589 1249 1659 φύσιν.
1293 1591 1355 1642 El
1394 1589 1502 1660 γάρ
1539 1590 1611 1660 μὴ
1652 1590 1845 1658 γέεννα

141 1669 248 1743 ἦν,
281 1675 423 1744 μηδέ
448 1674 665 1739 κόλασις
686 1677 967 1745 ἡπείλητο,
993 1676 1148 1730 τοῦτο
1170 1678 1349 1748 πάσης
1373 1678 1644 1741 κολάσεως
1663 1681 1845 1750 χεῖρον

140 1759 250 1833 ἦν.
285 1765 354 1819 Εἰ
387 1766 444 1817 δὲ
476 1766 711 1835 ἥδονται,
744 1767 840 1835 τὴν
873 1766 1190 1837 προσθήκην
1222 1784 1310 1836 μοι
1337 1767 1513 1835 λέγεις
1548 1767 1647 1836 τῆς
1674 1784 1843 1835 τιμω-

148 1854 315 1923 ρίας.
350 1853 489 1906 Οὐδέ
514 1854 621 1922 γάρ
656 1853 710 1905 εἴ
743 1870 865 1906 τινα
885 1849 1024 1906 εἶδον
1053 1855 1257 1923 γυμνὸν
1286 1854 1567 1926 τρέχοντα.
1597 1853 1842 1926 βορϐόρῳ

143 1940 217 1993 τὸ
259 1940 432 2010 σῶμα
476 1940 966 2011 ἀνακεχρωσμένον
995 1939 1169 2007 ἀπαν,
1206 1938 1326 1995 εἶτα
1362 1942 1462 1995 οὐκ
1504 1944 1841 2011 ἐγκαλυπτό-

149 2044 353 2095 μενον,
397 2027 531 2079 ἀλλά
561 2028 652 2079 καὶ
680 2028 1241 2097 ἐγκαλλωπιζόμενον,
1277 2029 1546 2099 συνήσθην
1571 2030 1635 2085 ἂν
1668 2030 1838 2100 αὐτῷ,

142 2116 301 2168 ἀλλὰ
322 2116 421 2169 καὶ
448 2115 645 2185 μᾶλλον
678 2116 741 2168 ἂν
765 2116 927 2168 αὐτὸν
955 2117 1253 2189 ἐθρήνησα,
1277 2119 1356 2171 ὅτι
1383 2119 1503 2172 οὐδέ
1526 2120 1840 2174 αἰσθάνεται

143 2203 517 2273 ἀσχημονῶν.
565 2202 682 2255 Ἵνα
716 2202 772 2255 δὲ
821 2205 914 2256 καὶ
954 2205 1294 2277 σαφεστέραν
1326 2206 1483 2272 δείξω
1518 2206 1616 2278 τὴν
1646 2208 1837 2279 ὕϐριν,

142 2291 469 2361 ἀνάσχεσθέ
496 2309 594 2360 μου
624 2292 716 2344 καὶ
746 2292 931 2362 ἐτέρου
962 2292 1426 2364 παραδείγματος.
1463 2296 1523 2347 Εἰ
1554 2296 1663 2366 γάρ
1698 2313 1840 2367 παρ.

144 2379 317 2433 θένον
364 2396 451 2442 τις
485 2378 804 2432 κατεδίκασε
852 2379 1304 2450 θαλαμευομένην
1352 2382 1567 2450 ἀλόγοις
1611 2385 1838 2455 μιγῆναι

142 2465 344 2529 ζώοις,
379 2463 499 2519 εἶτα
526 2467 683 2537 ἥδετο
708 2468 890 2538 ἐκείνη
919 2470 984 2538 τῇ
1015 2468 1184 2538 μίξει,
1214 2470 1273 2522 οὐ
1304 2471 1391 2523 διὰ
1415 2470 1573 2524 τοῦτο
1605 2473 1837 2543 μάλιστα

142 2554 420 2625 δακρύων
450 2550 517 2624 ἦν
547 2554 692 2621 ἀξία,
726 2556 805 2608 ὅτι
841 2555 959 2608 οὐδὲ
993 2558 1372 2629 ἀπαλλαγῆναι
1402 2560 1498 2629 τῆς
1525 2560 1678 2613 νόσου
1708 2562 1838 2615 ταύ-

140 2658 256 2713 της
290 2641 529 2710 ἠδύνατο
558 2641 635 2712 τῷ
666 2643 800 2713 μηδὲ
828 2644 1180 2698 αἰσθάνεσθαι
1204 2648 1302 2716 τῆς
1324 2646 1503 2713 νόσου;
1532 2649 1699 2701 Παντί
1738 2666 1833 2702 που

140 2731 317 2800 δῆλόν
368 2733 536 2785 ἐστιν.
570 2733 629 2784 Εἰ
660 2732 715 2785 δὲ
758 2734 933 2786 ἐκεῖνο
971 2734 1224 2804 χαλεπὸν,
1255 2736 1376 2788 οὐδὲ
1420 2734 1578 2788 τοῦτο
1614 2736 1834 2791 ἐλαττον

141 2819 393 2872 ἐκείνου·
422 2821 481 2872 τὸ
505 2820 613 2891 γὰρ
639 2820 742 2873 ὑπὸ
768 2822 875 2874 τῶν
896 2822 1109 2875 οἰκείων
1137 2822 1453 2892 ὑϐρίζεσθαι
1477 2822 1833 2898 ἐλεεινότερον

138 2908 248 2962 τοῦ
284 2910 439 2979 παρά
470 2909 577 2961 τῶν
614 2909 935 2981 ἀλλοτρίων.
965 2909 1201 2974 Τούτους
1230 2910 1338 2979 ἐγὼ
1366 2912 1459 2964 καὶ
1492 2913 1833 2984 ἀνδροφόνων

140 2998 383 3068 χείρους
420 2992 561 3050 εἷναί
595 3015 755 3068 φημι·
796 3004 890 3051 καὶ
927 2999 1036 3070 γὰρ
1067 2999 1272 3070 βέλτιον
1304 3001 1628 3065 ἀποθανεῖν,
1672 3003 1704 3073 ἠ
1733 3003 1833 3074 ζῇν

144 3085 524 3155 ὑϐριζόμενον
554 3084 746 3149 οὕτως.
804 3086 862 3139 '0
898 3088 997 3155 μὲν
1029 3088 1137 3157 γάρ
1171 3088 1494 3158 ἀνδροφόνος
1523 3088 1621 3161 τὴν
1654 3089 1831 3161 ψυχὴν

143 3173 266 3227 ἀπὸ
300 3173 397 3226 τοῦ
431 3172 685 3243 σώματος
723 3174 1029 3245 διέρρηξεν,
1058 3169 1213 3239 οὗτος
1244 3176 1301 3229 δέ
1339 3176 1436 3247 τὴν
1470 3176 1647 3248 ψυχὴν
1692 3179 1832 3249 μετά

139 3260 247 3313 τοῦ
283 3260 539 3330 σώματος
577 3260 844 3316 ἀπώλεσε.
879 3262 988 3315 Καὶ
1022 3263 1158 3335 ὅπερ
1189 3263 1256 3316 ἂν
1291 3263 1468 3325 εἴποις
1499 3265 1826 3335 ἁμάρτημα,

140 3348 309 3400 οὐδὲν
337 3348 453 3400 ἴσον
480 3349 622 3418 ἐρεῖς
648 3348 747 3418 τῆς
775 3350 1123 3420 παρανομίας
1143 3350 1366 3423 ταύτης·
1390 3353 1483 3405 καὶ
1513 3354 1561 3405 εί
1590 3353 1831 3424 ἐπῃσθά-

142 3452 311 3489 νοντο
338 3435 447 3487 τῶν
475 3435 773 3505 γινομένων
801 3437 850 3489 οἱ
881 3438 1184 3507 πάσχοντες
1204 3478 1218 3502 ,
1260 3440 1488 3510 μυρίους
1516 3440 1581 3494 ἂν
1606 3441 1826 3495 κατεδέ-

145 3524 318 3591 ξαντο
348 3525 629 3589 θανάτους,
661 3525 800 3579 ὥστε
832 3527 908 3598 μὴ
937 3527 1092 3581 τοῦτο
1121 3528 1331 3583 παθεῖν.

225 3691 300 3751 γ.
318 3681 397 3738 Οὐ
421 3684 528 3754 γάρ
551 3682 721 3748 ἐστιν,
754 3684 853 3739 οὐκ
890 3684 1005 3739 ἔστι
1024 3686 1229 3758 ταύτης
1261 3687 1360 3758 τῆς
1385 3687 1595 3757 ὕϐρεως
1620 3688 1827 3754 ἀλογώ-

144 3775 315 3845 τερόν
348 3790 409 3826 τε
443 3774 537 3826 καὶ
577 3773 976 3844 χαλεπώτερον.
1020 3776 1082 3829 EE
1120 3777 1228 3846 γὰρ
1266 3777 1394 3848 περὶ
1424 3777 1677 3847 πορνείας
1707 3777 1824 3830 δια-

144 3863 453 3930 λεγόμενος
480 3863 508 3912 6
547 3860 756 3924 Παῦλος
779 3862 984 3931 ἔλεγεν,
1008 3863 1089 3916 ὅτι
1120 3863 1249 3917 Πᾶν
1283 3863 1614 3933 ἁμάρτημα,
1648 3864 1680 3917 6
1714 3864 1826 3920 ἐὰν

145 3946 387 4013 ποιήσῃ
427 3946 756 4013 ἄνθρωπος.
791 3948 964 4013 ἐκτὸς
1003 3948 1109 4001 τοῦ
1147 3946 1418 4018 σώματός
1460 3950 1651 4004 ἐστιν·
1686 3954 1720 4005 ό
1755 3952 1824 4008 δὲ

146 4030 467 4099 πορνεύων
482 4032 568 4094 εις
585 4030 652 4082 τὸ
673 4028 829 4082 ἴδιον
847 4029 1017 4099 σῶμα
1047 4030 1387 4099 ἁμαρτάνει·
1404 4033 1457 4084 τί
1479 4034 1546 4086 ἂν
1572 4033 1823 4106 εἴποιμεν

145 4119 286 4188 περὶ
318 4117 419 4184 τῆς
451 4118 649 4186 μανίας
677 4116 904 4187 ταύτης,
935 4118 969 4188 ἢ
1002 4117 1257 4171 τοσοῦτον
1285 4120 1543 4190 πορνείας
1565 4121 1593 4161 δ
1623 4122 1823 4194 χείρων

144 4206 329 4262 ἐστὶν.
358 4206 481 4258 ὅσον
511 4205 630 4257 οὐδὲ
661 4205 806 4257 ἐστιν
833 4207 1039 4270 είπεῖν;
1069 4204 1202 4258 Οὐδὲ
1234 4206 1342 4276 γάρ
1365 4206 1521 4260 τοῦτο
1548 4208 1691 4276 λέγω
1723 4211 1821 4280 μό-

144 4311 263 4354 νον,
296 4293 381 4344 ὅτι
410 4292 642 4359 γέγονας
670 4292 828 4361 γυνὴ,
865 4292 979 4345 ἀλλ’
1010 4293 1093 4345 ὅτι
1131 4292 1423 4359 ἀπώλεσας
1462 4297 1555 4350 καὶ
1586 4296 1648 4350 τὸ
1680 4293 1819 4352 εἶναι

144 4382 316 4451 ἀνὴρ,
349 4382 443 4433 καὶ
470 4379 593 4432 οὐτε
626 4381 705 4442 είς
735 4378 940 4449 ταύτην
973 4378 1238 4449 μετέστης
1269 4381 1365 4452 τὴν
1397 4382 1577 4451 φύσιν,
1605 4382 1727 4438 οὔτε
1754 4385 1820 4453 ἢν

145 4464 299 4537 εἶχες
332 4466 656 4537 διετήρησας
676 4508 688 4525 ,
726 4466 861 4518 ἀλλά
895 4466 1074 4529 κοινὸς
1110 4467 1375 4538 ἑκατέρας
1404 4469 1591 4537 ἐγένου
1624 4472 1819 4543 προδόο

144 4571 249 4623 της
269 4596 284 4619 ,
314 4555 405 4607 καὶ
436 4554 586 4623 παρά
625 4553 833 4622 ἀνδρῶν
864 4556 956 4607 καὶ
985 4554 1256 4622 γυναικῶν
1295 4556 1443 4621 ἄξιος
1473 4558 1815 4627 ἐλαύνεσθαι,

147 4644 247 4695 καὶ
268 4641 690 4706 καταλεύεσθαι,
724 4642 820 4695 ἆτε
854 4643 1113 4714 ἐκάτερον
1136 4642 1400 4713 ἀδικήσας
1423 4645 1485 4697 τὸ
1504 4647 1679 4714 γένος.
1709 4649 1819 4701 Καὶ

144 4731 237 4784 ἴνα
282 4729 464 4802 μάθῃς
508 4729 693 4799 ἡλίκον
724 4728 882 4783 τοῦτό
913 4731 1081 4795 ἐστιν,
1132 4731 1186 4783 εἴ
1220 4749 1304 4795 τις
1336 4732 1509 4785 ἐλθὼν
1545 4735 1818 4805 ἐπηγγέλ-

144 4818 273 4871 λετο
314 4818 372 4884 ἐξ
407 4816 708 4889 ἀνθρώπων
735 4814 875 4871 κύνα
914 4820 1086 4870 ποιεῖν
1125 4835 1206 4886 σε,
1243 4815 1350 4890 ἆρα
1379 4821 1479 4874 οὐκ
1523 4820 1591 4875 ἂν
1621 4822 1696 4886 ὡς
1727 4823 1817 4876 λυ-

148 4906 336 4978 μεῶνα
364 4906 598 4973 ἐφυγεςς
648 4904 789 4957 Ἀλλ’
817 4905 925 4959 ἰδοῦ
952 4906 1011 4958 οὑ
1041 4904 1178 4976 κύνα
1199 4905 1259 4970 ἐξ
1288 4906 1588 4979 ἀνθρώπων
1620 4911 1816 4965 σαυτὸν

143 4993 444 5063 ἐποίησας,
475 4992 612 5048 ἀλλά
639 4992 699 5045 τὸ
721 4993 914 5045 τούτου
947 4993 1084 5056 ζῶον
1114 4994 1437 5066 ἀτιμότερον
1457 5012 1471 5026 ·
1505 4998 1681 5052 ἐκεῖνο
1715 4999 1814 5069 μὲν

142 5083 254 5152 γὰρ
305 5084 387 5144 είς
429 5081 623 5152 χρῆσιν
658 5080 988 5150 ἐπιτήδειον,
1034 5083 1063 5135 6
1108 5081 1165 5135 δὲ
1211 5082 1528 5154 ήταιρηκὼς
1574 5086 1812 5158 οὐδαμοῦ

143 5171 434 5240 χρήσιμος.
468 5168 533 5221 Τί
563 5169 638 5233 δὲ,
670 5169 791 5221 είπέ
833 5186 943 5238 μοι,
979 5171 1034 5223 εἴ
1054 5188 1141 5235 τις
1167 5171 1383 5242 ἠπείλει
1411 5176 1585 5226 ποιεῖν
1608 5174 1812 5228 τίκτειν

144 5259 343 5327 ἄνδρας
371 5257 466 5310 καὶ
491 5256 827 5327 λοχεύεσθαι,
847 5259 947 5311 οὐκ
967 5259 1033 5311 ἀν
1056 5260 1406 5330 ἐπλήσθημεν
1431 5261 1636 5332 θυμοῦ;
1671 5263 1811 5316 Ἀλλ’

147 5346 255 5399 ίόοὐ
305 5343 403 5399 νῦν
450 5344 806 5416 χαλεπώτερα
865 5347 1093 5409 ἐαυτοὺς
1145 5350 1577 5421 κατειργάσαντο
1633 5353 1683 5404 οἱ
1740 5355 1811 5407 τά

151 5431 367 5484 τοιαῦτα
409 5431 747 5495 λυττῶντες·
780 5433 841 5486 οὐ
891 5434 1001 5503 γάρ
1039 5436 1188 5488 ἐστιν
1221 5437 1333 5489 ἴσον
1374 5439 1453 5500 είς
1492 5440 1811 5506 γυναικείαν

147 5520 474 5590 μεταϐαλεῖν
493 5519 677 5590 φύσιν,
708 5521 804 5575 καὶ
831 5523 1065 5593 μένοντα
1090 5523 1259 5595 ἄνδρα
1279 5526 1531 5593 γενέσθαι
1554 5530 1807 5598 γυναῖκα,

203 5713 412 5791 τΑιίυεν
436 5715 516 5791 ’ξεῖ
539 5713 682 5791 τοῖσι·
703 5715 1203 5791 ἐξέτρεψενββρεώτο
1270 5723 1296 5766 δ
1315 5724 1470 5790 Alius,
1500 5728 1799 5791 παρανομίας.

150 5779 169 5807 ε
196 5777 314 5835 Alii.
336 5778 600 5840 νομοθέται.
626 5779 718 5830 Καὶ
744 5777 910 5843 διάτίς
940 5784 1012 5833 Δι’
1037 5777 1186 5835 οὐδέν.

1378 160 1444 214 ΙΝ
1475 161 1691 219 EPIST.
1729 159 1822 215 AD
1853 159 2019 217 ROM.
2058 162 2292 224 HOMIL.
2332 170 2422 227 IV.

3513 184 3623 240 ηε

1963 277 2161 372 μάλλον
2193 281 2249 335 δὲ
2289 286 2425 354 μήτε
2470 286 2628 342 τοῦτο
2666 291 2804 361 μήτε
2850 295 3044 352 ἐκεῖνο.
3089 298 3153 351 El
3197 300 3255 354 δε
3301 301 3479 372 βούλει
3523 309 3619 361 καὶ

1959 367 2222 464 ἑτέρωθεν
2258 374 2451 443 μαθεῖν
2492 377 2585 430 τοῦ
2629 380 2803 434 κακοῦ
2844 383 2942 453 τὴν
2977 367 3312 460 ὑπερϐολὴν,
3340 391 3617 464 ἐρώτησον

1958 457 2102 522 τίνος
2144 460 2332 515 ἕνεκεν
2379 466 2505 530 τοὺς
2542 468 2830 539 εὐνούχους
2873 473 3161 540 ποιοῦντας
3206 479 3527 543 κολάζουσιν
3564 488 3613 538 οἱ

1954 548 2261 646 νομοθέται,
2298 554 2393 606 καὶ
2428 556 2578 628 εἴσῃ,
2614 559 2694 612 ὅτι
2728 560 2797 612 δι’
2836 563 2989 615 οὐδὲν
3022 575 3045 601 π
3083 566 3268 637 ἕτερον
3303 569 3539 637 πάντως,
3576 576 3609 646 ἦ

1953 634 2035 688 ὅτι
2070 636 2169 708 τὴν
2197 638 2357 707 φύσιν
2395 643 2889 716 ἀκρωτηριάζουσι.
2922 652 3111 706 Καίτοι
3137 634 3200 722 γε
3225 647 3374 711 οὐδὲν
3397 634 3611 714 ἀδικοῦί

1956 738 2042 818 σιν
2062 725 2255 818 ἐκεῖνοι
2290 726 2436 801 [458]
2470 732 2741 787 τοσοῦτον·
2778 736 3020 803 ἐγένοντο
3043 740 3150 813 γὰρ
3181 745 3229 795 οί
3260 745 3611 818 ἀκρωτηρια-

1935 809 2353 906 σσθέντεςῃάΑκαὶ
2384 818 2523 886 μετά
2553 821 2643 875 τὸν
2670 809 3130 898 ἀκρωτηριασμὸν
3186 809 3612 906 πολλαχοῦχρή-

1955 915 2102 995 σιμοι
2120 917 2144 995 ’⁸
2162 902 2449 995 ἀνθρώπου
2468 906 2535 995 δέ
2556 925 2827 980 πεπορνευ
2835 914 2999 983 μένου
3027 917 3179 971 οὐδὲν
3211 902 3611 995 ἀχρηστότερον

1949 985 2144 1081 γένοιτ’
2189 988 2288 1042 ἄν·
2310 992 2385 1081 ὀὐ
2420 992 2540 1081 γὰρ,
2569 996 2601 1065 ἡ
2644 996 2789 1068 ψυχὴ
2839 1000 3019 1068 μόνον,
3060 1004 3197 1058 ἀλλά
3233 985 3423 1061 {cal-:6
3450 985 3609 1081 σῶμα

1949 1071 2044 1124 τοῦ
2074 1073 2143 1126 τά
2184 1077 2408 1130 τοιαῦτα
2442 1079 2704 1146 παθόντος
2741 1085 2933 1155 ἄτιμον
2974 1090 3070 1143 καὶ
3109 1091 3257 1158 ἀξιον
3290 1071 3608 1151 ἐλαύνεσθαι

1950 1162 2308 1231 πανταχόθεν.
2336 1167 2507 1221 Πόσαι
2545 1170 2759 1237 γέενναι
2807 1173 3015 1239 τούτοις
3046 1177 3404 1249 ἀρκέσουσιν;
3446 1185 3507 1237 Et
3549 1185 3607 1237 δὲ

1948 1248 2172 1319 γεέννης
2209 1254 2515 1325 καταγελᾷς
2544 1256 2757 1312 ἀκούων
2786 1262 2880 1314 καὶ
2910 1264 3178 1329 ἀπιστεῖς,
3207 1268 3381 1322 ἐκεῖνο
3412 1271 3473 1324 τὸ
3494 1271 3607 1344 πῦρ

1947 1338 2320 1428 ἀναμνήσθητι
2343 1342 2449 1397 τῶν
2479 1345 2755 1416 Σοδόμων·
2787 1349 2999 1422 εἴδομεν
3029 1354 3159 1425 γάρ,
3188 1356 3400 1428 εἴδομεν
3430 1362 3521 1414 καὶ
3547 1338 3607 1416 ἐν

1948 1424 2022 1494 τῷ
2048 1427 2271 1515 παρόντι
2294 1428 2393 1499 βίῳ
2417 1431 2639 1502 γεέννης
2663 1435 2863 1490 είκόνα.
2902 1424 3117 1513 Ἐπειδὴ
3144 1444 3252 1514 γάρ
3282 1424 3464 1500 πολλοὶ
3492 1452 3605 1515 τοῖς

1948 1514 2085 1601 μετά
2117 1514 2217 1585 τὴν
2248 1518 2544 1573 ἀνάστασιν
2573 1520 2795 1592 ἔμελλον
2824 1525 3125 1582 διαπιστεῖν
3144 1570 3159 1593 ,
3193 1531 3287 1585 νῦν
3318 1534 3606 1601 ἀκούοντες

1945 1599 2054 1671 πῦρ
2086 1601 2347 1658 ἄσϐεστον
2371 1602 2532 1671 εἶναι,
2558 1608 2667 1662 ἀπὸ
2690 1610 2797 1663 τῶν
2824 1614 3105 1683 παρόντων
3137 1618 3333 1683 αὐτοὺς
3359 1622 3604 1692 ἐσωφρό⁴

1942 1704 2088 1741 νισεν
2118 1692 2146 1743 6
2174 1691 2323 1755 Θεός.
2357 1694 2608 1758 Τοιοῦτος
2630 1696 2759 1765 γοῦν
2787 1699 2934 1753 ἐστιν
2963 1704 2990 1754 6
3015 1703 3261 1774 Σοδόμων
3279 1691 3604 1779 ἐμπρησμὸς

1941 1777 2035 1829 καὶ
2061 1778 2093 1847 ἡ
2125 1779 2465 1851 πυρπόλησις
2498 1783 2701 1853 ἐκείνη·
2736 1786 2829 1839 καὶ
2867 1788 3043 1842 ἴσασιν
3070 1792 3117 1843 οἱ
3147 1777 3601 1865 παραγενόμενοι,

1940 1867 2035 1918 καὶ
2068 1869 2131 1938 τῇ
2170 1867 2269 1940 θέᾳ
2294 1868 2390 1939 τὴν
2427 1870 2640 1942 πληγὴν
2683 1874 2899 1943 ἐκείνην
2926 1876 3025 1947 τὴν
3065 1877 3323 1949 θεήλατον
3369 1885 3461 1935 καὶ
3493 1884 3603 1939 τῶν

1938 1952 2142 2007 ἀνωθεν
2191 1958 2474 2028 κεραυνῶν
2518 1960 2578 2012 τὺ
2620 1960 2778 2030 ἔργον
2821 1964 3039 2029 ἰδόντες.
3101 1968 3383 2039 Ἐννόησον
3418 1972 3601 2042 ἡλίκον

1938 2043 2055 2094 ἐστὶ
2087 2043 2148 2095 τὸ
2188 2045 2510 2116 ἁμάρτημα,
2560 2048 2635 2111 ὠς
2675 2049 2966 2118 βιάσασθαι
2994 2054 3088 2107 καὶ
3125 2056 3229 2126 πρὸ
3273 2059 3463 2128 καιροῦ
3501 2061 3601 2132 τὴν

1936 2130 2159 2198 γέενναν
2190 2134 2442 2203 φανῆναι.
2499 2136 2716 2209 Ἐπειδὴ
2755 2138 2864 2209 γάρ
2897 2140 3079 2194 πολλοὶ
3114 2143 3221 2197 τῶν
3259 2144 3431 2213 λόγων
3470 2130 3602 2201 κατ-

1935 2218 2229 2288 εφρόνουν,
2288 2221 2374 2274 διὰ
2410 2223 2517 2276 τῶν
2557 2223 2731 2294 ἔργων
2780 2226 2961 2291 αὐτοῖς
3011 2229 3110 2300 τὴν
3165 2231 3380 2301 ἐκείνης
3416 2234 3598 2289 εἰκόνα

1936 2306 2208 2372 ἐπέδειξεν
2235 2311 2262 2361 6
2289 2309 2422 2373 Θεὸς
2451 2311 2621 2380 καινῷ
2656 2330 2757 2365 τινι
2785 2314 2988 2385 τρόπῳ.
3020 2317 3128 2369 Καὶ
3157 2318 3264 2389 γὰρ
3299 2322 3598 2391 παράδοξος

1933 2389 1999 2464 ἦν
2026 2397 2054 2448 6
2079 2396 2231 2460 ὑετὸς
2254 2398 2460 2462 ἐκεῖνος
2480 2440 2493 2461 ,
2534 2400 2718 2469 ἐπειδὴ
2742 2401 2837 2454 καὶ⁵
2868 2404 3015 2475 παρὰ
3048 2406 3209 2474 φύσιν
3242 2409 3274 2478 ή
3308 2389 3471 2478 μίξις·
3504 2414 3596 2466 καὶ

1933 2483 2232 2537 κατέκλυσε
2271 2484 2367 2557 τὴν
2407 2488 2542 2557 γῆν,
2581 2489 2768 2560 ἐπειδὴ
2801 2491 2894 2543 καὶ
2938 2491 3037 2555 τάς
3075 2493 3296 2547 ἐκείνων
3343 2496 3521 2567 ψυχὰς
3561 2502 3593 2570 ή

1932 2571 2217 2642 ἐπιθυμία.
2248 2574 2338 2627 Διὸ
2362 2578 2456 2629 καὶ
2485 2577 2810 2642 ἀπεναντίας
2836 2574 2904 2650 ἧν
2931 2581 2959 2632 6
2985 2581 3136 2646 ὑετὸς
3162 2581 3239 2652 τῷ
3269 2584 3509 2655 συνήθει·
3534 2588 3595 2639 οὐ

1931 2658 2040 2730 γὰρ
2070 2670 2093 2698 θ
2122 2660 2282 2731 μόνον
2312 2663 2373 2715 οὐ
2406 2663 2642 2734 διήγειρε
2665 2665 2763 2737 τὴν
2799 2666 3042 2738 γαστέρα
3075 2668 3177 2739 τῆς
3198 2671 3301 2738 γῆς
3333 2673 3466 2744 πρὸς
3497 2674 3596 2743 τὴν

1928 2746 2038 2800 τῶν
2064 2749 2292 2819 καρπῶν
2321 2751 2552 2818 γένεσιν,
2577 2752 2711 2804 ἀλλά
2740 2754 2833 2806 καὶ
2859 2755 2994 2824 πρὸς
3016 2756 3114 2825 τὴν
3137 2757 3402 2829 ὑποδοχὴν
3425 2760 3595 2832 αὐτὴν

1928 2835 2038 2888 τῶν
2060 2838 2391 2907 σπερμάτων
2409 2839 2681 2909 ἄχρηστον
2704 2841 2898 2901 ἐποίει.
2923 2843 3157 2915 Τοιαύτη
3182 2846 3289 2917 γάρ
3306 2842 3372 2917 ἦν
3393 2849 3424 2917 ἡ
3449 2848 3594 2918 μίξις

1928 2923 2035 2976 τῶν
2056 2924 2264 2995 ἀνδρῶν
2282 2927 2379 2996 τῆς
2402 2927 2504 2996 γῆς
2525 2928 2792 2998 Σοδόμων,
2819 2929 2878 2982 τὸ
2898 2930 3137 2984 τοιοῦτον
3162 2933 3319 3003 σῶμα
3334 2935 3595 3005 ἀχρηστό-

1925 3028 2084 3083 τερον
2121 3013 2514 3082 ἀποφαίνουσα.
2543 3016 2607 3068 Τί
2636 3016 2742 3087 γὰρ
2781 3017 2975 3090 ἀνδρὸς
3014 3021 3455 3090 πεπορνευμένου
3491 3040 3594 3093 μυ-

1929 3099 2271 3172 σαρὼτερον;
2313 3103 2365 3155 τί
2397 3104 2453 3157 δὲ
2491 3105 2883 3178 ἐναγέστερονς
2926 3110 2989 3162 Ὦ
3023 3109 3121 3179 τῆς
3155 3111 3376 3180 μανίαςῐ
3409 3111 3454 3163 ὦ
3495 3112 3594 3182 τῆς

1926 3187 2310 3259 παραπληξίας
2334 3190 2347 3243 ί
2387 3189 2550 3243 πόθεν
2576 3192 2950 3264 είσεκώμασεν
2973 3197 3006 3266 ἠ
3046 3195 3312 3266 ἐπιθυμία
3336 3197 3499 3267 αῦτη,
3524 3199 3593 3252 τά

1922 3275 2033 3329 τῶν
2059 3277 2333 3348 πολεμίων
2357 3279 2657 3334 διατιθεῖσα
2683 3282 2781 3350 τὴν
2804 3282 3149 3354 ἀνθρωπίνην
3173 3285 3351 3354 φύσιν,
3389 3286 3592 3357 μᾶλλον

1922 3361 1981 3415 δὲ
2026 3364 2123 3416 καὶ
2174 3364 2397 3419 ἐκείνων
2445 3367 2820 3440 χαλεπωτέρα,
2862 3370 2971 3441 ὅσῳ
3022 3371 3117 3425 καὶ
3157 3371 3301 3442 ψυχὴ
3341 3371 3592 3443 σώματος

1923 3448 2197 3518 ἁμείνων;
2229 3445 2301 3503 Ὦ
2329 3452 2422 3506 καὶ
2450 3452 2659 3521 ἀλόγων
2693 3454 2852 3526 ὑμεῖς
2876 3456 3246 3529 ἀνοητότεροι,
3283 3459 3375 3512 καὶ
3409 3462 3590 3515 κυνῶν

1923 3537 2322 3611 ἀναιδέστεροιι
2352 3541 2725 3615 Οὑδαμοῦγάρ
2754 3543 2977 3615 τοιαύτη
3008 3545 3154 3616 μίξις
3183 3549 3312 3617 παρ’
3337 3548 3587 3615 ἐκείνοις,

1922 3624 2035 3677 ἀλλ’
2079 3625 2431 3696 ἐπιγινώσκει
2468 3631 2595 3694 τοὺς
2632 3630 2795 3694 ίδίους
2831 3632 2988 3703 ὄρους
3029 3634 3062 3704 ή
3103 3632 3294 3703 φύσις·
3338 3635 3495 3705 ὑμεῖς
3531 3637 3587 3690 δὲ

1922 3716 2015 3766 καὶ
2067 3713 2174 3767 τῶν
2225 3714 2435 3783 ἀλόγων
2489 3716 2812 3789 ἀτιμότερον
2853 3720 2914 3772 τὸ
2960 3719 3115 3787 γένος
3149 3722 3479 3791 είργάσασθε
3527 3725 3586 3776 τὸ

1922 3799 2185 3871 ὑμέτερον
2239 3801 2680 3873 καθυϐρίζοντες.
2734 3804 2904 3858 Πόθεν
2935 3802 3026 3860 οὐν
3069 3807 3242 3860 ταῦτα
3294 3809 3485 3879 ἐτέχθη
3517 3812 3586 3864 τὰ

1923 3882 2101 3947 κακά;
2137 3884 2270 3936 Ἀπὸ
2298 3886 2528 3955 τρυφῆς,
2555 3887 2661 3939 ἀπὸ
2687 3887 2781 3940 τοῦ
2811 3889 2885 3959 μὴ
2910 3889 3103 3942 είδέναι
3128 3892 3257 3943 Θεόν
3282 3907 3294 3918 ·
3324 3893 3452 3944 ὅταν
3476 3894 3585 3963 γὰρ

1922 3970 2193 4025 ἐκϐάλωσι
2222 3989 2366 4037 τινες
2401 3974 2564 4027 αὐτοῦ
2599 3975 2689 4028 τὸν
2734 3975 2919 4044 φόϐον,
2956 3977 3131 4033 πάντα
3161 3977 3364 4049 οἴχεται
3399 3980 3583 4035 λοιπὸν

1916 4057 1985 4112 τὰ
2011 4058 2169 4113 καλά.

1984 4216 2047 4270 δ’.
2074 4217 2174 4269 "lv’
2204 4214 2296 4272 οὖν
2344 4219 2417 4290 μὴ
2445 4218 2603 4274 τοῦτο
2640 4220 2885 4293 γένηται,
2915 4222 3126 4294 ἔχωμεν
3158 4225 3263 4296 πρὸ
3291 4214 3582 4297 ὀφθαλμῶν

1916 4304 2117 4377 ἀκριϐῆ
2152 4307 2243 4361 τὸν
2288 4310 2380 4362 τοῦ
2411 4309 2547 4363 Θεοῦ
2590 4311 2775 4380 φόϐον.
2819 4314 2986 4366 Οὐδὲν
3033 4315 3162 4387 γὰρ,
3211 4317 3365 4369 οὐδὲν
3408 4318 3581 4382 οὑτως

1914 4392 2209 4449 ἀπόλλυσιν
2245 4396 2564 4466 ἄνθρωπον,
2598 4399 2673 4463 ὠς
2706 4400 2767 4453 τὺ
2807 4403 3010 4470 ταύτης
3052 4404 3303 4457 ἐκπεσεῖν
3347 4407 3445 4475 τῆς
3483 4408 3580 4475 ἀγ-

1915 4480 2091 4554 κύρας
2108 4498 2122 4512 ·
2148 4482 2335 4556 ὥσπερ
2360 4486 2511 4539 οὐδὲν
2541 4485 2723 4554 σώζει,
2749 4490 2825 4553 ὼς
2842 4489 2902 4542 τὸ
2921 4491 3185 4562 διηνεκῶς
3203 4494 3319 4546 ἐκεῖ
3340 4493 3575 4562 βλέπειν.

1916 4570 1977 4622 El
2010 4570 2119 4641 γὰρ
2144 4570 2430 4642 ἄνθρωπον
2461 4573 2676 4643 ἔχοντες
2720 4578 2825 4647 πρὸ
2867 4578 3161 4650 ὀφθαλμῶν
3181 4619 3196 4641 ,
3227 4581 3576 4652 όκνηρότεροι

1913 4658 2177 4729 γινόμεθα
2203 4660 2332 4729 περὶ
2359 4660 2427 4713 τὰ
2456 4661 2847 4733 ἁμαρτήματα,
2872 4665 3129 4728 πολλάκις
3159 4666 3213 4719 δέ
3239 4667 3332 4718 καὶ
3360 4667 3577 4730 οἰκέτας

1914 4745 2335 4816 ἐρυθριάσαντες
2357 4748 2815 4819 ἐπιεικεστέρους,
2840 4752 2992 4805 οὐδὲν
3014 4754 3325 4823 πράττομεν
3354 4756 3569 4815 ἄτοπον.

1913 4832 2164 4903 ἐννόησον
2196 4833 2369 4904 πόσης
2399 4834 2780 4905 ἀπολαύσομεν
2810 4838 3110 4905 ἀσφαλείας
3130 4880 3144 4901 ,
3177 4841 3268 4893 τὸν
3307 4842 3438 4894 Θεὸν
3470 4844 3573 4913 πρὸ

1911 4918 2202 4991 ὀφθαλμῶν
2234 4920 2467 4992 ἔχοντες.
2507 4923 2758 4994 Οὐδαμοῦ
2787 4924 2895 4994 γὰρ
2923 4927 2950 4978 6
2978 4925 3220 4990 διάϐολος
3260 4929 3392 4999 ἡμῖν
3430 4929 3574 4986 οὕτω

1910 5006 2272 5079 διακειμένοις
2316 5008 2669 5080 ἐπιθήσεται,
2716 5012 2811 5066 ἅτε
2861 5014 3093 5083 ἀνόνητα
3144 5016 3355 5070 πονῶν·
3397 5017 3464 5071 ἂν
3514 5019 3571 5073 δὲ

1912 5095 2296 5166 πλανωμένους
2330 5096 2467 5161 ἔξω,
2509 5099 2604 5150 καὶ⁸
2640 5100 2811 5169 χωρὶς
2849 5101 3066 5171 χαλινοῦ
3111 5106 3422 5174 περιιόντας
3462 5106 3566 5179 ἴδῃ,

1911 5186 2039 5254 παρ’
2075 5184 2235 5254 ἡμῶν
2270 5184 2449 5238 λαϐὼν
2485 5186 2586 5257 τὴν
2627 5187 2823 5259 ἀρχὴν,
2872 5189 3022 5261 [459]
3062 5194 3338 5265 πανταχοῦ
3386 5195 3571 5251 λοιπὸν

1910 5275 2057 5342 ἡμᾶς
2088 5274 2522 5345 ἀποϐουκολῆσαι
2562 5275 2872 5347 δυνήσεται.
2919 5281 3029 5334 Καὶ
3070 5281 3207 5354 ὅπερ
3244 5284 3294 5336 οἱ
3337 5284 3570 5355 ῥᾴθυμοι

1908 5360 2015 5413 τῶν
2038 5360 2264 5414 οἰκετῶν
2292 5362 2591 5432 πάσχουσιν
2623 5364 2709 5417 ἐπ’
2736 5365 2963 5437 ἀγορᾶς,
3003 5369 3102 5432 τάς
3140 5371 3237 5440 μὲν
3266 5371 3569 5439 ἀναγκαίας

1907 5448 2135 5517 ἀφέντες
2156 5448 2450 5529 διακονίας,
2478 5451 2562 5520 ἐφ’
2590 5452 2655 5515 ἃς
2688 5454 2824 5506 εἰσιν
2856 5455 3253 5526 ἀπεσταλμένοι
3281 5460 3431 5529 παρά
3460 5460 3568 5514 τῶν

1905 5534 2203 5601 δεσποτῶν,
2227 5536 2411 5602 ἁπλῶς
2432 5537 2490 5591 δὲ
2521 5539 2614 5593 καὶ
2639 5540 2759 5611 εικῆ
2790 5543 2903 5606 τοῖς
2923 5543 3366 5614 παρεμπίπτουσι
3401 5563 3567 5618 προσ-

1969 5727 2118 5801 ξιΛίη
2139 5731 2497 5805 ἀποτμηθέντες.
2581 5733 2600 5754 ⁸
2631 5730 2799 5789 Alius,
2833 5735 2972 5805 pub;
2998 5741 3079 5794 τῆς
3134 5736 3357 5795 συνήθους
3398 5743 3557 5805 φορᾶς.

1915 5793 1986 5842 Οὐ
2009 5791 2110 5855 γάρ.
2156 5791 2273 5850 Quae
2302 5797 2448 5845 lectio
2474 5809 2571 5845 non
2598 5796 2893 5857 spernenda.
