3950 6456
150 478 226 537 421
1196 455 1261 511 ΙΝ
1302 454 1515 510 EPIST.
1550 454 1641 509 AD
1680 451 1843 509 ROM.
1877 451 2108 508 HOMIL.
2152 452 2218 509 ι’.

148 599 218 673 qui
257 588 476 650 inutiliter
523 581 788 638 laboraret
822 579 908 634 :si
948 592 1076 635 vero
1114 586 1262 632 extra
1298 586 1585 646 vagantes.
1616 583 1671 673 et

147 665 238 748 sine
265 687 393 742 freno
420 680 810 733 circumeuntes
836 672 1046 738 viderit,
1077 689 1107 726 a
1142 670 1296 724 nobis
1325 678 1540 739 arrepto
1572 665 1673 721 ini.

150 788 208 842 tio
233 780 398 848 ubique
436 790 530 827 nos
558 771 814 839 deinceps
842 784 872 823 a
899 782 1060 839 grege
1089 764 1320 835 dejicere
1345 762 1558 834 poterit.
1607 761 1673 815 Et

147 872 259 947 quod
283 871 401 922 inter
425 876 614 917 servos
645 859 816 931 ignavi
850 858 901 911 in
931 859 1044 912 foro
1070 856 1363 925 patiuntur,
1392 853 1484 922 qui
1513 851 1670 905 mini-

148 942 275 1020 s'teria
315 951 601 1011 neccSSaria
650 951 994 1019 relinquunt,
1041 963 1138 1016 pro
1180 946 1374 1016 quibus
1417 944 1485 997 ab
1529 942 1673 996 beris

145 1054 260 1113 missi
285 1050 508 1110 fuerant,
543 1055 741 1099 temere
780 1054 833 1097 et.
872 1040 988 1096 sine
1020 1055 1177 1094 causa
1206 1039 1268 1092 iis
1295 1038 1384 1107 qui
1414 1052 1671 1106 superve-

145 1151 264 1205 niunt
298 1143 567 1203 hmrentes,
611 1145 664 1191 et
707 1137 871 1189 otium
922 1133 992 1186 ibi
1036 1141 1414 1186 consumentes
1448 1146 1461 1182 :
1494 1130 1596 1184 hoc
1620 1136 1674 1181 et

141 1237 263 1295 nobis
288 1229 489 1295 accidit,
516 1244 637 1283 cum
664 1243 695 1282 a
722 1226 1003 1296 przeceptis
1040 1223 1134 1278 Dei
1162 1222 1521 1278 discedimus.
1556 1220 1674 1275 Sta-

142 1344 233 1385 rnus
250 1326 372 1382 enim
397 1321 647 1390 deinceps
679 1318 890 1373 divitias
916 1315 1256 1370 admirationi
1291 1313 1547 1368 habentes
1572 1351 1586 1373 ,
1620 1318 1674 1363 et

140 1414 535 1491 pulchritudinem
565 1408 833 1478 corporis,
861 1415 915 1461 ct
941 1417 1133 1461 czetera
1168 1420 1285 1475 qua:
1314 1404 1445 1458 nihil
1473 1402 1538 1456 ad
1575 1416 1673 1454 nos

141 1512 326 1566 attinent
369 1521 383 1559 :
425 1501 877 1574 quemadmodum
934 1500 1010 1554 illi
1059 1500 1199 1554 servi
1247 1496 1673 1554 mendicantibus

139 1596 588 1673 prestigiatoribus,
633 1594 723 1664 qui
775 1591 1037 1646 mirabilia
1082 1601 1315 1662 patrant,
1349 1589 1669 1653 altendnnl;

140 1692 295 1751 deinde
329 1705 442 1744 cum
492 1687 697 1742 tardius
740 1685 999 1750 redeunt,
1038 1684 1238 1737 domini
1271 1683 1439 1754 plagis
1466 1680 1673 1750 excepti

138 1794 362 1839 extremas
401 1777 531 1832 dant
568 1791 774 1848 paruas.
822 1774 972 1829 Multi
1004 1788 1133 1828 vero
1170 1773 1500 1843 propositam
1532 1772 1672 1824 viam

139 1870 502 1945 prastermittunt
521 1908 536 1933 ,
564 1868 697 1922 alios
726 1867 814 1936 qui
846 1866 1061 1937 indigne
1090 1880 1150 1920 se
1185 1865 1411 1935 agebant
1438 1880 1672 1934 sequen-

139 1974 217 2019 tes.
255 1960 350 2017 Sed
376 1974 473 2014 nos
500 1974 568 2014 ne
598 1958 700 2012 hoc
728 1958 982 2012 faciamus
1013 1974 1029 2010 :
1060 1956 1257 2011 etenim
1302 1956 1450 2009 missi
1491 1969 1673 2009 suums

136 2055 187 2110 ad
214 2053 356 2108 multa
384 2066 503 2121 qum
537 2060 724 2120 urgent
762 2048 1115 2119 perficienda;
1161 2058 1215 2101 et
1262 2049 1306 2101 si
1348 2049 1523 2103 missis
1564 2048 1672 2102 illis

136 2158 322 2209 stemus,
363 2144 570 2198 inutilia
613 2142 702 2196 illa
751 2141 918 2195 hianti
967 2157 1061 2196 ore
1108 2142 1477 2210 respicientes,
1527 2141 1671 2193 omni

136 2248 334 2307 tempore
371 2235 526 2290 nobis
569 2234 765 2289 frustm
817 2235 1104 2304 insmnpto,
1133 2244 1402 2288 extremas
1430 2233 1673 2287 dabimus

135 2346 306 2402 poenas.
332 2329 384 2383 Si
410 2329 554 2384 enim
585 2337 636 2383 te
663 2342 916 2382 exercere
945 2326 1078 2380 velis
1102 2366 1118 2391 ,
1152 2324 1316 2378 habes
1346 2340 1462 2395 quae
1491 2324 1671 2377 mirari

132 2424 311 2490 debeas,
337 2432 386 2476 et
409 2420 473 2495 ad
499 2436 618 2491 quae
650 2418 854 2474 inhiare
881 2418 1024 2471 omni
1058 2426 1297 2487 tempore
1329 2416 1521 2484 possis,
1552 2430 1671 2485 quae

133 2533 216 2571 non
243 2517 358 2579 risu,
386 2515 479 2570 sed
508 2513 863 2568 admiratione
904 2520 955 2565 et
998 2502 1244 2564 laudibus
1294 2510 1474 2563 multis
1513 2509 1670 2579 digna

130 2618 261 2663 sunt:
290 2606 732 2680 quemadmodum
762 2613 949 2659 contra
979 2606 1041 2672 is,
1073 2605 1161 2674 qui
1195 2602 1415 2657 ridicula
1441 2601 1668 2656 admira-

132 2712 213 2763 tur,
237 2702 337 2769 ipse
364 2700 479 2754 talis
506 2700 630 2765 erit,
661 2709 715 2754 et
740 2700 905 2752 risum
944 2707 1191 2751 movente
1227 2696 1499 2750 deterior:
1527 2696 1671 2766 quod

126 2792 283 2871 ne_tibi
311 2792 530 2855 accidat,
563 2791 670 2845 cito
695 2792 924 2846 resilias.

182 2883 458 2938 Diuitiarum
498 2901 639 2938 usus
663 2885 828 2938 malus
874 2900 1025 2953 quam
1074 2882 1327 2936 miseriam
1366 2882 1570 2952 inferat.
1602 2912 1673 2923 ——-

124 2976 265 3045 Quid,
294 2994 493 3047 quaeso,
527 2989 638 3033 stas
664 2978 859 3032 divitiis
891 2976 1139 3031 inhians?
1185 2975 1311 3046 quid
1358 2975 1673 3031 admirabile

124 3067 275 3133 vides,
312 3069 446 3137 quod
491 3069 658 3137 possit
683 3068 868 3123 oculos
898 3078 1017 3122 tuos
1044 3067 1317 3121 detinere?
1347 3083 1514 3139 equos
1542 3083 1672 3123 auro

123 3170 325 3224 ornatos,
366 3162 630 3225 famulos,
675 3161 809 3215 alios
859 3158 1143 3226 barbaros,
1189 3159 1325 3215 alios
1369 3158 1668 3229 eunuchos,

3255 458 3365 517 1.22

1780 574 2084 645 splendidas
2110 586 2303 645 vestes,
2335 577 2565 633 animam
2611 578 2664 634 in
2711 579 2793 635 his
2837 582 3148 647 emollitam,
3178 585 3360 640 subla-

1779 675 1891 722 tum
1932 670 2295 736 supercilium,
2325 671 2862 729 circumcursationes
2888 717 2901 739 ,
2942 676 3239 733 tumultus?
3277 681 3359 732 An

1781 759 1896 814 haec
1924 759 2276 816 admiratione
2306 763 2498 833 digna?
2531 764 2581 817 in
2610 780 2716 836 quo
2744 777 2919 821 autem
2945 767 3195 824 differunt
3236 770 3289 825 hi
3329 787 3360 825 a

1780 852 2039 907 mendicis
2070 853 2385 907 saltantibus
2414 863 2464 908 et
2492 856 2829 910 sibilantibus
2864 859 2913 911 in
2944 859 3098 913 foro?
3141 860 3271 914 Nam
3306 872 3362 917 et

1779 942 1829 995 hi
1864 942 2028 996 multa
2056 943 2267 997 virtutis
2312 944 2450 999 fame
2491 946 2691 1001 detenti
2714 990 2727 1011 ,
2758 948 3008 1003 choream
3041 951 3240 1006 ducunt
3270 954 3358 1008 illa

1778 1032 2161 1100 ridiculiorem,
2189 1036 2290 1088 acti
2321 1046 2375 1090 et
2400 1038 2725 1104 circumacti,
2756 1057 2895 1093 nunc
2923 1044 2988 1095 ad
3020 1044 3186 1097 lautas
3211 1060 3360 1098 men-

1778 1140 1886 1191 sas,
1918 1142 2055 1181 nunc
2077 1127 2142 1181 ad
2166 1128 2519 1183 diversorium
2548 1133 2869 1187 amasiarum
2896 1136 3196 1202 mulierum,
3221 1153 3361 1192 nunc

1777 1218 1841 1272 ad
1873 1218 2202 1274 adulatorum
2228 1230 2281 1276 ct
2302 1225 2653 1291 parasitorum
2678 1227 2907 1291 agmina.
2941 1228 2996 1282 Si
3021 1245 3144 1283 vero
3168 1247 3355 1285 aurum

1777 1318 2004 1379 gestant,
2032 1311 2150 1364 ideo
2177 1314 2407 1367 maxime
2438 1314 2769 1369 miserabiles
2794 1327 2937 1383 sunt,
2959 1320 3080 1387 quia
3112 1321 3221 1387 illa,
3242 1337 3359 1391 qum

1780 1399 1908 1452 nihil
1954 1392 2016 1454 a'd
2061 1417 2118 1455 se
2161 1403 2421 1469 attinent,
2459 1405 2627 1473 magis
2654 1405 2751 1458 sibi
2785 1422 2925 1461 cura:
2952 1418 3095 1462 sunt.
3128 1410 3204 1464 Ne
3231 1412 3358 1466 mihi

1778 1496 2097 1548 vestimenta
2126 1495 2337 1549 illorum
2367 1498 2638 1566 respicias,
2672 1500 2764 1554 sed
2797 1516 2980 1561 eorum
3010 1503 3241 1556 animam
3275 1520 3362 1559 re-

1779 1596 1916 1654 lege,
1937 1597 1990 1639 et
2014 1587 2279 1656 perpende
2301 1604 2477 1643 annon
2500 1591 2646 1644 mille
2667 1593 2735 1645 sit
2757 1595 3066 1649 vulneribus
3087 1596 3356 1662 confossa,

1778 1686 1828 1728 et
1852 1678 2041 1732 laceris
2067 1680 2251 1745 pannis
2277 1680 2478 1745 induta,
2504 1696 2681 1737 annon
2706 1686 2775 1738 sit
2803 1685 3014 1741 deserta
3042 1699 3095 1743 et
3120 1690 3235 1744 sine
3267 1706 3361 1760 pa.

1781 1771 2025 1825 trocinio.
2074 1772 2202 1840 Quae
2234 1775 2433 1829 utilitas
2469 1776 2611 1831 illius
2640 1787 2876 1832 externae
2912 1780 3166 1836 insania)?
3193 1782 3360 1837 Multo

1779 1865 1967 1919 melius
1992 1875 2071 1919 est
2097 1881 2381 1936 pauperem
2411 1883 2530 1923 esse
2558 1880 2608 1923 et
2639 1870 2693 1923 in
2718 1871 2913 1926 virtute
2942 1874 3105 1929 vitam
3139 1875 3357 1942 ducere,

1777 1972 1936 2027 quam
1957 1974 2077 2014 eum
2102 1960 2335 2028 nequitia
2363 1976 2540 2029 regem
2565 1976 2703 2017 esse.
2733 1963 2942 2032 Pauper
2966 1966 3107 2020 enim
3139 1967 3277 2036 apud
3301 1983 3361 2024 se

1777 2048 1921 2103 omni
1953 2050 2242 2105 secundum
2274 2053 2507 2107 animam
2536 2055 2807 2123 voluptate
2851 2057 3073 2123 fruitur,
3106 2076 3276 2129 neque
3308 2064 3356 2114 in

1777 2157 1995 2195 sensum
2021 2142 2165 2196 venit
2195 2143 2336 2196 illius
2363 2154 2597 2198 exlernm
2625 2150 2952 2215 paupertatis
2977 2191 2991 2215 ,
3022 2151 3089 2202 ob
3124 2152 3358 2206 internas

1776 2231 1991 2286 divitias
2018 2250 2029 2286 :
2064 2250 2155 2286 rex
2184 2249 2314 2288 vero
2340 2235 2393 2289 in
2416 2235 2620 2290 deliciis
2646 2238 2851 2304 vivens,
2879 2240 2929 2293 in
2964 2241 3055 2304 iis,
3092 2257 3210 2311 quae
3253 2260 3358 2299 non

1777 2325 1874 2395 ipsi
1906 2326 2251 2396 congruentia
2288 2336 2431 2391 sunt,
2466 2327 2517 2381 in
2561 2328 2625 2382 iis
2668 2344 2784 2398 quae
2826 2332 3055 2385 maxime
3082 2333 3146 2385 ad
3179 2333 3353 2402 ipsum

1775 2419 2001 2471 attinent
2040 2417 2329 2485 cruciatur,
2378 2419 2431 2472 in
2479 2420 2676 2483 anima,
2725 2420 2777 2474 in
2825 2423 3255 2492 cogitationibus,
3304 2427 3355 2479 in

1774 2511 2121 2578 conscientia,
2144 2527 2261 2581 qua:
2290 2526 2389 2565 una
2423 2526 2602 2570 secum
2638 2513 2726 2567 illo
2757 2516 3201 2584 eonnnigrabunt.
3233 2518 3356 2574 llzec

1778 2603 1934 2672 igitur
1954 2618 2072 2655 cum
2095 2604 2344 2668 sciamus,
2370 2603 2686 2658 vestimenta
2708 2605 2919 2674 quidem
2942 2622 3101 2662 aurea
3121 2608 3357 2677 depona-

1776 2694 2166 2760 mus,virtutem
2185 2710 2521 2751 assumamus
2537 2706 2589 2750 et
2603 2695 2924 2765 voluptatem
2940 2714 3005 2753 ex
3025 2700 3106 2753 illa
3127 2711 3351 2769 partam.

1774 2784 1862 2840 Sic
1890 2787 2033 2839 enim
2063 2796 2115 2839 et
2144 2785 2230 2839 hic
2257 2796 2312 2841 ct
2342 2788 2452 2840 illic
2480 2788 2645 2842 multa
2689 2787 2930 2844 fruemur
2969 2793 3269 2861 voluptate,
3303 2806 3358 2849 et

1778 2881 2036 2949 promissa
2092 2896 2483 2952 consequemur
2527 2884 2685 2949 bona,
2730 2887 2893 2954 gratia
2938 2896 2993 2942 et
3035 2887 3358 2959 benignitate

1778 2973 1986 3028 Domini
2027 2976 2192 3030 nostri
2235 2974 2362 3030 Jesu
2390 2976 2611 3037 Christi.
2639 2980 2851 3048 quicum
2884 2980 3024 3033 Patri
3058 2991 3109 3036 et
3137 2982 3354 3052 Spiritui

1774 3073 1959 3119 saneto
1989 3066 2179 3135 gloria,
2216 3067 2408 3135 honor,
2439 3069 2742 3140 imperium,
2772 3087 2914 3126 nunc
2940 3083 2994 3127 et
3023 3089 3231 3146 semper
3253 3118 3270 3145 ,
3302 3087 3358 3135 et

1775 3157 1832 3213 in
1856 3158 2048 3215 saecula
2076 3160 2415 3213 szcculorum.
2451 3161 2642 3214 Amen.

127 3291 3324 3319 ._____._________..____..____.___.___—__._____________

1548 3367 1891 3430 HOMILIA
1934 3369 2011 3428 V.

120 3518 219 3573 (ΖΑΡ.
253 3518 300 3573 1.
332 3533 382 3571 v.
413 3516 506 3572 28.
539 3516 682 3571 Sicut
718 3530 817 3567 non
850 3514 1182 3581 probaverunt
1216 3511 1377 3565 Deum
1406 3509 1587 3563 habere
1615 3514 1670 3563 in

177 3613 352 3678 notitia,
384 3611 599 3664 tradidit
625 3626 708 3663 eos
730 3607 981 3662 Dominus
1004 3607 1055 3660 in
1081 3604 1346 3676 reprobum
1376 3619 1598 3667 sensum,
1618 3609 1671 3654 ut

176 3708 375 3773 facerent
404 3721 464 3757 ea
499 3720 616 3773 qua:
645 3718 742 3755 non
769 3700 1087 3754 conveniunt.

176 3797 219 3850 1.
252 3795 312 3851 Ut
336 3811 403 3849 ne
433 3793 712 3849 videretur
748 3792 864 3846 illos
889 3790 1247 3853 subindicare,
1281 3797 1558 3858 postquam
1584 3786 1671 3839 diu

116 3889 234 3945 circa
284 3902 573 3960 puerorum
633 3899 870 3939 amorem
923 3890 1165 3938 versatus
1215 3881 1404 3941 fuerat,
1455 3878 1519 3931 ad
1571 3877 1674 3930 alia

117 3980 280 4036 deinde
299 3990 643 4051 peccatorum
670 3991 864 4047 genera
894 3974 1141 4030 transivit
1170 3992 1183 4026 :
1210 3972 1437 4041 ideoque
1458 3969 1521 4022 ad
1543 3968 1675 4022 alias

116 4088 345 4140 personas
386 4082 559 4127 totum
604 4084 903 4125 sermonem
936 4065 1210 4122 transfert.
1241 4065 1307 4120 Et
1334 4079 1396 4119 ac
1441 4064 1484 4117 si
1529 4077 1673 4116 sem-

117 4180 192 4233 per
219 4165 391 4220 fideles
415 4166 486 4219 de
517 4146 753 4234 peccatis
795 4161 1179 4232 alloqueretur,
1230 4168 1285 4212 ut
1315 4158 1400 4211 illa
1429 4156 1674 4227 fugienda

117 4272 214 4311 esse
258 4264 680 4320 commonstret,
738 4264 925 4324 gentes
990 4254 1042 4306 in
1104 4250 1337 4306 medium
1411 4248 1673 4318 producit,

114 4350 272 4404 dicens
315 4370 329 4406 :
379 4349 509 4404 Non
571 4350 624 4401 in
683 4348 916 4417 passione
967 4344 1224 4409 desiderii,
1277 4343 1403 4396 sicut
1454 4350 1501 4395 et
1552 4341 1675 4395 reli-

116 4457 207 4507 qua:
247 4453 432 4511 gentes,
488 4458 608 4512 quae
652 4439 811 4491 Deum
859 4453 962 4490 non
1010 4443 1252 4489 noverunt
1292 4434 1368 4503 (1.
1415 4431 1586 4486 Thess.
1622 4431 1673 4485 tl.

114 4536 158 4601 5)
185 4555 197 4589 :
221 4532 539 4599 et'rursum,
589 4532 669 4586 Ne
698 4531 1062 4585 contristemini
1084 4569 1099 4592 ,
1133 4529 1260 4580 sicut
1296 4536 1343 4580 et
1385 4526 1569 4589 cwteri,
1593 4524 1681 4595 qui

114 4645 231 4696 spem
253 4647 350 4684 non
378 4631 571 4683 habent
599 4626 757 4699 (Ibid.
792 4643 839 4680 υ.
875 4626 964 4696 15)
989 4641 1001 4677 :
1031 4626 1107 4679 sic
1129 4633 1182 4678 et
1208 4622 1308 4677 hoc
1330 4622 1446 4676 loco
1469 4622 1678 4676 illorum

116 4731 305 4787 peccata
336 4722 597 4787 exhibet,
629 4720 853 4788 illosque
897 4717 964 4771 ab
1004 4717 1151 4769 omni
1196 4716 1350 4769 venia
1393 4714 1677 4769 deturbat:

118 4830 203 4867 non
224 4816 360 4869 enim
388 4830 489 4886 per
517 4814 868 4884 ignorantiam
906 4809 1167 4874 admissa,
1202 4811 1293 4862 sed
1322 4808 1571 4862 meditata
1598 4806 1681 4859 tli-

111 4908 171 4963 cit
191 4926 303 4966 esse
331 4910 601 4965 facinora.
632 4909 967 4975 Quapmpter
994 4921 1099 4959 non
1123 4903 1252 4958 dicit
1281 4920 1293 4955 :
1326 4902 1393 4956 Et
1414 4903 1550 4956 sicut
1576 4916 1681 4954 non

112 5013 484 5071 cognoverunt;
514 5000 632 5063 sed,
663 5000 807 5053 Sicut
832 5014 932 5051 non
960 4995 1292 5067 probaverunt
1317 4992 1479 5047 Deum
1506 4992 1686 5047 habere

110 5092 153 5145 in
182 5094 383 5159 notitia;
412 5109 483 5147 ex
525 5096 780 5158 corrupto
816 5087 1018 5157 judicio
1049 5096 1103 5142 et
1127 5102 1191 5140 ex
1214 5086 1555 5140 contentione
1586 5100 1684 5155 po-

113 5182 198 5235 tius
218 5199 367 5253 quam
401 5199 469 5238 ex
496 5183 686 5251 rapina
717 5180 901 5235 dicens
928 5192 1050 5233 esse
1084 5187 1356 5247 peceatum
1380 5217 1395 5243 ,
1424 5186 1477 5232 et
1501 5186 1685 5232 osten-

112 5272 226 5329 dens
253 5288 357 5329 non
388 5289 461 5329 ex
490 5287 657 5327 carne
678 5311 694 5337 ,
733 5278 789 5325 ut
817 5269 1031 5340 quidam
1065 5268 1434 5323 hazreticorum
1465 5266 1683 5333 dicunt,

114 5365 190 5417 sed
214 5381 277 5420 ex
298 5364 486 5419 animo
516 5371 575 5417 et
603 5374 783 5417 mente
808 5360 963 5416 mala:
992 5360 1437 5424 concupiscentia:
1474 5370 1686 5429 peccata

116 5458 396 5526 proﬁcisci,
430 5466 489 5512 et
533 5456 676 5510 hunc
721 5467 841 5509 esse
885 5454 1145 5507 malorum
1180 5453 1417 5506 omnium
1467 5452 1686 5505 fontem.

117 5548 378 5620 Postquam
408 5551 565 5605 enim
595 5562 747 5602 mens
776 5546 1002 5616 reproba
1035 5546 1169 5599 facta
1201 5552 1284 5599 est
1306 5586 1321 5609 ,
1353 5544 1531 5613 auriga
1564 5558 1689 5599 cor-

114 5651 280 5710 rupto,
302 5642 487 5697 omnia
538 5639 753 5694 domum
783 5637 1165 5693 labefactantur
1189 5644 1243 5690 et.
1292 5636 1688 5690 subvertuntur.

112 5733 189 5787 29.
214 5732 447 5802 Repletos
476 5733 621 5787 omni
646 5731 927 5802 iniquitate,
956 5728 1193 5798 nequitia,
1218 5727 1451 5791 avaritia,
1473 5727 1688 5780 malitia.

115 5821 233 5880 \‘ide
253 5867 269 5892 ,
297 5825 481 5879 omnia
514 5823 797 5878 confertim
826 5839 843 5875 :
875 5834 996 5875 nam
1031 5818 1267 5888 Replctos
1296 5819 1416 5875 illos
1441 5818 1606 5888 dicit,
1640 5827 1693 5872 ct

117 5918 283 5983 Omni,-
310 5914 365 5972 et
393 5932 523 5972 cum
558 5916 812 5969 malitiam
845 5915 896 5967 in
940 5926 1136 5983 genere
1175 5912 1536 5971 nominasset.
1576 5910 1687 5981 jam

1776 3518 1955 3572 partes
1995 3507 2112 3577 ejus
2160 3506 2531 3578 prosequitur,
2570 3517 2623 3563 et
2650 3508 2743 3563 has
2773 3526 2891 3566 cum
2923 3511 3245 3585 hyperbole,
3274 3519 3360 3576 di-

1777 3614 1933 3663 cens,
1963 3598 2153 3653 Plenas
2180 3600 2368 3653 invidia
2387 3641 2403 3664 ,
2433 3600 2585 3653 cwde.
2619 3601 2732 3656 Hoc
2764 3604 2905 3657 enim
2936 3621 3000 3660 ex
3034 3608 3121 3661 illo
3150 3611 3318 3664 oritur
3341 3655 3357 3678 ,

1780 3702 1837 3746 ut
1886 3691 1937 3745 in
1985 3692 2151 3746 Abele
2199 3702 2252 3745 ιιι
2292 3694 2340 3745 in
2388 3692 2588 3762 Jo>eph
2631 3708 2979 3751 monswatum
3022 3710 3123 3755 est.
3162 3702 3363 3762 Deinde

1778 3799 1896 3837 cum
1922 3784 2162 3846 dixisset,
2188 3782 2526 3843 Contentione,
2560 3786 2697 3849 dolo,
2721 3789 3051 3858 malignitate,
3074 3793 3161 3847 50.
3191 3812 3364 3850 susur-

1778 3891 1947 3939 rones,
1981 3876 2304 3936 detracturos,
2357 3874 2461 3927 Deo
2501 3892 2722 3943 perosos,
2769 3884 3171 3949 contumeliosos,
3202 3888 3362 3943 etiam

1782 3983 1843 4022 ea
1864 4008 1879 4031 ,
1913 3984 2031 4038 quae
2064 3968 2244 4021 multis
2278 3968 2628 4022 indifferentia
2657 3984 2776 4024 esse
2802 3972 3074 4041 vidi-ntur,
3107 3976 3156 4029 in
3186 3978 3364 4032 crimi-

1782 4079 1907 4118 num
1961 4063 2147 4117 ordine
2207 4078 2441 4131 ponens;
2492 4072 2647 4132 :mget
2695 4080 2877 4119 rursus
2930 4070 3362 4136 accusationem,

1780 4162 2061 4223 postquam
2084 4153 2135 4205 in
2168 4167 2345 4207 arcem
2374 4152 2634 4207 malorum
2667 4155 2930 4225 ascendit,
2960 4167 3011 4211 et
3042 4158 3363 4220 dixit,Arro-

1781 4256 1977 4317 gantes.
2007 4244 2230 4301 Gravius
2256 4255 2340 4300 est
2364 4245 2506 4299 enim
2529 4244 2691 4300 altum
2716 4262 2903 4314 sapere.
2921 4260 3039 4319 post
3064 4262 3363 4323 peccatum,

1784 4355 1940 4409 quam
1983 4353 2208 4408 peccare
2238 4356 2250 4392 :
2285 4338 2405 4392 ideo
2446 4339 2749 4393 Corinthios
2788 4340 2993 4396 incusat
3030 4342 3111 4397 his
3142 4347 3316 4401 verbis
3349 4364 3364 4402 :

1786 4430 1850 4484 Et
1877 4447 1960 4483 eos
1989 4430 2151 4498 iit/luti
2175 4430 2289 4483 estis
2317 4428 2392 4500 (1.
2429 4428 2546 4485 Cor.
2580 4430 2633 4484 5.
2657 4430 2735 4501 2).
2767 4432 2896 4488 Nam
2922 4433 2965 4488 si
2989 4436 3105 4503 quis
3129 4436 3193 4490 de
3224 4448 3370 4495 recte

1785 4522 1924 4576 facto
1953 4522 2163 4575 inflatus
2191 4531 2290 4586 est,
2324 4529 2487 4575 tottnn
2518 4522 2690 4591 perdit
2718 4541 2730 4577 :
2761 4524 2849 4594 qui
2881 4540 2999 4578 cum
3032 4528 3263 4595 peccatis
3291 4530 3371 4583 itt-

1786 4616 1964 4678 ﬂatur,
1989 4631 2093 4684 quo
2122 4630 2224 4666 non
2257 4613 2446 4683 dignus
2471 4612 2629 4668 fuerit
2655 4616 2951 4685 supplicio?
2971 4619 3058 4687 qui
3085 4620 3225 4674 enim
3253 4622 3371 4678 talis

1787 4720 1903 4774 est,
1950 4709 2263 4777 resipiscere
2297 4724 2398 4760 non
2432 4709 2649 4776 poterit.
2701 4709 2900 4765 Deinde
2940 4712 3046 4776 ait,
3081 4710 3373 4770 Inventarcs

1788 4803 2056 4866 malorum,
2089 4799 2393 4869 significans
2423 4816 2529 4853 non
2554 4809 2634 4854 sat
2661 4800 2787 4870 ipsis
2810 4800 2971 4856 fuisse
2997 4803 3103 4869 illa,
3128 4822 3243 4873 qua:
3259 4808 3369 4874 jam

1789 4894 2109 4959 exstabant,
2140 4892 2232 4947 sed
2262 4901 2315 4947 et
2344 4892 2444 4946 alia
2479 4893 2745 4948 invenisse
2779 4913 2792 4949 :
2824 4896 2962 4964 quod
3002 4896 3369 4954 meditantimn

1789 4997 1843 5041 ct
1886 4986 2211 5041 studentium
2262 4994 2397 5052 erat,
2443 4985 2531 5055 qui
2580 5001 2609 5040 a
2661 4986 2821 5040 nullis
2865 4988 3272 5058 suliriperentnr
3320 5002 3375 5048 et

1791 5079 2208 5132 attraherentur.
2256 5075 2386 5130 Cum
2429 5086 2605 5131 autem
2656 5078 2913 5132 malitiam
2959 5083 3256 5138 minutatim
3288 5085 3374 5140 di-

1790 5174 1979 5234 xisset,
2031 5180 2084 5223 et
2133 5170 2452 5222 ostendisset
2495 5169 2638 5239 ipsos
2683 5169 2735 5224 in
2778 5171 2965 5226 eadem
3008 5175 3118 5244 ipsa
3163 5178 3377 5235 stetisse

1793 5272 1978 5316 natura
2007 5262 2151 5327 (nam
2185 5261 2277 5325 ait,
2306 5259 2607 5313 Parentibus
2635 5278 2733 5314 non
2760 5264 3088 5337 obedientes),
3118 5267 3183 5322 ad
3212 5274 3376 5338 pestis

1794 5365 1955 5410 tanta:
1980 5354 2212 5409 radicem
2237 5356 2313 5407 sic
2339 5353 2553 5407 demum
2582 5356 2774 5424 pergit,
2804 5356 2892 5410 51.
2923 5356 3048 5412 Sine
3073 5359 3338 5426 a/fcctione
3355 5404 3375 5431 ,
3441 5352 3471 5405 ’ξ

1793 5447 1979 5515 absque
2021 5445 2208 5517 [aedere
2243 5444 2427 5499 dicens
2474 5445 2614 5499 illos.
2663 5445 2808 5502 Hauc
2852 5448 2996 5502 enim
3041 5459 3096 5504 ct.
3136 5451 3379 5508 Christus

1794 5553 2009 5593 causam
2050 5553 2169 5592 esse
2196 5538 2443 5607 tteqttiliu}
2472 5537 2600 5591 dicit
2637 5555 2651 5593 :
2678 5536 2803 5592 Cum
2832 5539 3155 5595 abundaverit
3188 5544 3378 5613 iniqui—

1796 5639 1891 5690 tas,
1921 5629 2208 5699 refrigescet
2237 5628 2423 5682 caritas
2452 5628 2727 5681 multorum
2753 5628 2958 5701 (Matth.
2993 5632 3083 5685 24.
3117 5633 3231 5695 12).
3269 5636 3379 5689 lloc

1797 5725 1958 5791 igitur
1989 5723 2073 5776 hic
2100 5721 2227 5774 dicit
2256 5719 2471 5787 Paulus,
2506 5718 2873 5789 Incompositos
2899 5764 2911 5779 .
2954 5723 3061 5775 sine
3088 5723 3374 5790 aﬁ'cctione,

1798 5817 1982 5886 absque
2021 5815 2207 5885 [cedere
2230 5853 2245 5881 ,
2290 5813 2398 5867 sine
2426 5812 2768 5866 misericordia
2794 5827 2992 5867 vocans
3011 5854 3027 5879 ,
3060 5816 3377 5870 ostendens—

1798 5922 1902 5979 quc
1945 5908 2088 5979 ipsos
2130 5905 2233 5961 boc
2263 5915 2464 5961 natura:
2507 5905 2705 5959 donum
2750 5906 3069 5975 prodidisse.
3111 5907 3385 5967 Habemus
