3950 6442
569 393 674 451 ωδ

572 507 720 565 enim
748 504 1042 561 naturalem
1070 500 1355 573 quemdam
1385 498 1452 553 ad
1475 498 1699 553 invicem
1724 494 1995 560 atl'cctum,
2024 500 2083 547 ut
2105 500 2161 546 et

574 604 706 672 ipsa:
737 600 863 654 fera:
891 598 1106 652 habent.
1141 594 1278 648 Nam
1308 608 1455 646 omne
1482 590 1692 653 animal,
1727 588 1936 657 inquit,
1968 586 2061 641 sibi
2089 586 2159 640 εἰς

574 693 695 746 mile
730 690 916 753 diligit,
946 696 990 742 et
1024 687 1173 741 homo
1211 684 1494 755 proximum
1531 698 1679 736 suum
1710 679 1893 751 (Ereti.
1924 680 2011 734 15.
2045 677 2157 747 i9).

578 787 649 839 At
674 784 749 839 illi
782 782 908 837 feris
937 780 1226 835 ferociores
1271 776 1439 831 fuere.
1470 774 1708 829 Morbum
1749 773 1907 844 igitur
1949 770 2039 843 qui
2086 786 2157 825 ex

574 877 753 947 pravis
773 872 1104 945 dogmatibus
1121 872 1303 924 urbem
1328 869 1539 935 invasit,
1564 868 1646 921 his
1658 867 1811 921 nobis
1831 865 2081 929 ostendit,
2106 874 2159 919 ct

562 968 864 1023 declaravit
890 974 1172 1033 utrumque
1208 961 1452 1015 morbum
1495 975 1560 1015 ex
1592 974 1854 1029 a-grorum
1890 956 2160 1027 negligen-

574 1060 649 1113 tia
683 1058 913 1127 prodirc.
946 1054 1222 1125 Signiﬁcat
1251 1054 1487 1115 demum,
1517 1061 1575 1106 ut
1596 1052 1661 1106 de
1690 1050 2027 1121 dogmatibus
2046 1050 2155 1119 jam

578 1152 794 1212 fecerat,
828 1150 986 1203 etiam
1025 1148 1142 1203 illos
1178 1147 1330 1201 venia
1373 1160 1589 1209 carere;
1624 1143 1742 1197 ideo
1779 1144 1854 1196 ait
1885 1160 1896 1194 :
1925 1141 2014 1197 52.
2059 1140 2159 1206 Qui

573 1262 689 1297 cum
707 1242 1128 1313 justi/icationem
1155 1240 1247 1294 Dei
1275 1245 1647 1309 cognoscerent,
1672 1240 1909 1307 quoniam
1930 1234 2015 1305 qui
2035 1235 2157 1287 talia

569 1346 753 1408 agunt,
796 1336 938 1406 αἱρηὶ
962 1344 1079 1389 sunt
1119 1342 1316 1395 morte;
1357 1347 1457 1385 non
1491 1331 1652 1383 solum
1689 1329 1788 1401 ipsi
1815 1330 2040 1401 faciunt,
2069 1327 2157 1380 sed

572 1431 725 1485 etiam
752 1426 1049 1498 facientibus
1073 1424 1408 1478 consentiunt.
1446 1421 1576 1476 Cum
1606 1420 1740 1476 duas
1767 1419 2030 1491 posuisset
2058 1435 2155 1473 an-

575 1520 837 1585 tithe5es,
878 1516 1186 1571 hic‘ambas
1211 1514 1477 1584 praecipue
1511 1512 1579 1568 de
1613 1511 1790 1567 medio
1832 1512 1984 1565 tollit.
2017 1510 2154 1577 Quid

570 1598 718 1665 enim
766 1607 986 1671 dixeris,
1043 1606 1232 1676 inquit,
1280 1613 1331 1659 te
1373 1592 1719 1666 nescire'ca,
1767 1617 1885 1671 qua:
1915 1600 2153 1655 facienda

574 1701 731 1757 sunt?
762 1701 918 1756 Certe
948 1698 991 1753 si
1019 1713 1123 1752 non
1152 1711 1361 1760 nosses,
1397 1705 1451 1749 tu
1483 1698 1535 1749 in
1565 1708 1727 1750 causa
1752 1708 1900 1747 esses
1920 1734 1934 1757 ,
1969 1692 2155 1747 relicto

576 1794 707 1858 Deo,
745 1793 834 1864 qui
879 1790 972 1846 tibi
1018 1790 1133 1844 haec
1174 1797 1299 1843 nota
1344 1786 1542 1841 fecerat
1585 1800 1771 1840 :nunc
1810 1798 1936 1838 vero
1975 1782 2155 1837 multis

572 1886 864 1958 probamus
910 1892 964 1939 te
1010 1882 1095 1937 illa
1141 1882 1303 1943 scire,
1341 1888 1395 1936 et
1431 1887 1621 1949 sponte
1658 1891 1900 1947 peccare.
1940 1874 2043 1931 Sed
2086 1874 2155 1930 ab

570 1976 764 2033 aﬂ'ectu
794 1973 1055 2031 traheris?
1080 1971 1186 2027 Cur
1208 1985 1336 2041 ergo
1365 1969 1671 2039 cooperaris
1696 1979 1750 2024 et
1776 1966 2003 2022 laudas?
2032 1965 2155 2020 Non

570 2071 739 2125 solum
764 2069 895 2122 enim
925 2065 1017 2120 illa
1045 2066 1261 2134 faciunt,
1290 2062 1495 2132 inquit,
1523 2059 1612 2116 sed
1639 2069 1685 2114 et
1709 2060 2005 2129 facientibus
2029 2073 2152 2112 con-

570 2162 813 2217 sentiunt.
843 2160 1026 2214 Priore
1056 2157 1216 2228 igitur
1242 2155 1436 2227 posita,
1469 2168 1588 2225 qua:
1616 2154 1769 2207 venia
1800 2151 2015 2222 indigna
2038 2161 2151 2217 cst,

570 2261 630 2307 ut
655 2252 797 2306 illam
820 2250 887 2304 de
910 2248 1084 2304 medio
1117 2247 1265 2302 tollat
1294 2246 1313 2317 (
1344 2252 1600 2316 peccante
1629 2246 1772 2298 enim
1804 2244 1871 2312 is,
1902 2242 1991 2313 qui
2024 2256 2177 2313 pec»

570 2351 747 2399 catum
789 2341 1004 2406 laudat,
1040 2340 1197 2410 longe
1235 2337 1515 2393 nocentior
1542 2336 1694 2404 est);
1730 2335 1862 2399 hoc,
1893 2336 2150 2404 inquam,

571 2434 801 2505 primum
850 2433 1045 2503 pusito,
1101 2432 1225 2485 hinc
1272 2430 1645 2485 vehementius
1701 2430 1752 2483 in
1808 2427 2154 2499 sequentibus

571 2528 719 2584 illum
742 2526 914 2596 arguit
939 2524 1175 2594 etcarpit
1198 2523 1283 2578 his
1304 2521 1482 2577 verbis
1508 2540 1521 2576 :
1542 2521 1691 2591 (Cap.
1712 2516 1884 2587 il.)t.
1910 2519 2155 2590 Propter-

569 2635 630 2675 ea
652 2617 1006 2673 inexcusabilis
1030 2632 1083 2670 es
1105 2656 1121 2682 ,
1152 2631 1183 2669 o
1208 2616 1358 2669 homo
1382 2656 1397 2681 ,
1436 2615 1658 2685 quisquis
1677 2614 1883 2683 judicas
1912 2630 1931 2667 :
1959 2612 2024 2667 In
2054 2630 2154 2685 quo

570 2714 706 2767 enim
726 2712 942 2765 alterum
957 2710 1187 2781 iudicas,
1213 2711 1427 2777 teipsum
1443 2708 1746 2761 condemnas
1764 2706 1976 2775 (Matth.
1998 2707 2048 2760 7.
2072 2706 2147 2775 2).

574 2804 699 2860 Haec
744 2804 1011 2873 principes
1050 2801 1342 2871 respiciens
1383 2799 1552 2866 dicit,
1592 2800 1714 2870 quia
1759 2798 1875 2854 urbi
1914 2799 1987 2853 illi
2028 2807 2153 2855 tunc

572 2898 832 2968 temporis
870 2895 1231 2966 imperiumin
1265 2903 1430 2948 totum
1467 2893 1652 2948 orbem
1682 2892 1929 2946 traditum
1961 2894 2147 2948 fuerat.

573 2994 663 3049 Sic
690 2992 849 3063 igitur
873 2991 1090 3045 ordiens
1115 2989 1189 3043 ait
1218 3006 1230 3041 :
1264 2987 1636 3043 Defensionem
1662 2986 1755 3040 tibi
1778 2985 1978 3052 aufers,
2009 2986 2156 3057 quis-

572 3078 692 3158 quis
718 3085 792 3141 sis
825 3102 838 3139 :
872 3084 997 3139 dum
1028 3082 1169 3137 enim
1217 3081 1482 3137 moechum
1532 3079 1787 3147 damnas,
1836 3090 1887 3134 et
1935 3088 1992 3134 tu
2042 3080 2154 3151 ipse

572 3178 882 3243 utmcharis,
911 3174 1115 3233 etiamSi
1145 3175 1321 3230 nullus
1350 3177 1510 3228 homo
1538 3181 1588 3227 te
1607 3172 1813 3242 judicet
1835 3182 1888 3227 et
1914 3172 2149 3233 damnet.

571 3270 887 3326 sententiam
916 3267 1083 3333 illam,
1114 3280 1273 3336 quam
1305 3266 1356 3319 in
1381 3273 1590 3319 sontem
1618 3264 1815 3329 tulisti,
1844 3264 1895 3318 in
1927 3264 2152 3333 teipsum

569 3360 758 3416 tulisti.
785 3358 841 3413 2.
867 3358 1069 3414 Scimus
1098 3358 1229 3413 enim
1250 3398 1265 3424 ,
1292 3356 1529 3425 quoniam
1554 3356 1813 3426 judicium
1843 3354 1935 3409 Dei
1962 3364 2034 3408 est
2071 3371 2151 3409 se-

570 3452 793 3507 cundum
822 3452 1077 3504 veritatem
1100 3451 1155 3503 in
1182 3465 1282 3513 eos,
1312 3448 1399 3519 qui
1425 3448 1548 3501 talia
1568 3457 1744 3520 agunt.
1776 3448 1852 3504 Ne
1872 3448 1990 3518 quis
2009 3449 2151 3503 enim

569 3545 802 3609 diceret,
830 3542 1047 3597 Interim
1074 3540 1229 3610 effugi
1261 3558 1274 3594 :
1309 3550 1366 3594 ut
1395 3548 1624 3608 terreat,
1654 3543 1728 3595 ait
1764 3542 1814 3607 ί,
1856 3556 1960 3595 non
1993 3541 2061 3596 ita
2094 3556 2153 3597 se

572 3650 687 3692 rem
716 3633 915 3688 habere
943 3631 1080 3703 apud
1113 3633 1278 3687 Deum
1314 3639 1373 3686 ut
1395 3630 1536 3701 apud
1564 3646 1699 3686 nos:
1731 3632 1816 3688 hic
1850 3633 1989 3687 enim
2018 3634 2153 3689 alius

575 3725 812 3796 punitur,
840 3724 972 3778 alius
997 3722 1199 3794 effugit,
1229 3725 1316 3794 qui
1348 3721 1532 3778 eadem
1557 3723 1864 3789 admiserat;
1893 3725 1996 3780 illic
2023 3740 2152 3782 vero

569 3830 677 3871 non
710 3816 857 3870 item.
888 3813 1037 3882 Quod
1062 3828 1190 3884 ergo
1208 3814 1349 3883 justa
1379 3813 1605 3880 noverit,
1636 3815 1681 3870 is
1707 3815 1796 3885 qui
1818 3815 2043 3886 judicat,
2074 3817 2155 3873 di-

571 3907 683 3971 xit;
725 3906 865 3962 unde
891 3922 1019 3961 vero
1047 3906 1282 3970 noverit,
1324 3922 1429 3961 non
1456 3907 1583 3962 item
1608 3925 1621 3962 :
1646 3910 1970 3978 superfluum
2007 3912 2149 3968 enim

568 4000 777 4058 fuisset.
821 4000 974 4055 Circa
1016 4000 1339 4069 impietatem
1367 4001 1579 4071 quidem
1613 4010 1897 4073 utrumque
1922 4004 2150 4061 demon-

568 4102 723 4159 strat,
769 4102 822 4148 et
862 4092 1002 4163 quod
1041 4092 1130 4146 ille
1160 4092 1327 4147 Deum
1368 4105 1718 4162 ceguoscens,
1752 4095 1913 4164 impie
1940 4099 2148 4167 egerit;

569 4195 622 4240 et
660 4183 804 4239 unde
834 4184 1073 4248 noverit,
1102 4198 1296 4253 nempe
1321 4199 1386 4237 ex
1413 4170 1573 4239 rebus
1598 4188 1813 4241 creatis.
1845 4186 1977 4254 Quia
2008 4190 2149 4243 enim

572 4292 679 4331 non
728 4277 976 4331 omnibus
1024 4284 1205 4330 notum
1247 4287 1381 4341 erat,
1422 4291 1635 4331 causam
1666 4278 1827 4333 etiam
1860 4280 2035 4347 dixit;
2066 4281 2153 4337 hic

569 4383 721 4435 vero,
752 4368 873 4437 quia
903 4382 988 4421 res
1013 4366 1066 4421 in
1092 4367 1338 4422 confesso
1359 4378 1495 4434 erat,
1525 4370 1779 4438 przeterit.
1813 4369 1945 4425 Cum
1972 4382 2150 4428 autem

569 4460 735 4525 dicit,
769 4458 948 4514 Omnis
988 4458 1073 4529 qui
1107 4458 1341 4530 judicat,
1392 4474 1497 4515 nou
1545 4462 1872 4532 principibus
1916 4463 2152 4534 loquitur

571 4563 797 4618 tantum,
826 4551 917 4608 sed
945 4552 1104 4607 etiam
1133 4552 1349 4621 privatis
1368 4562 1421 4607 et
1442 4552 1687 4609 subditis.

640 4643 695 4699 2.
739 4642 950 4698 Etenim
997 4656 1184 4696 omnes
1216 4640 1493 4707 homines,
1522 4644 1728 4698 etiamsi
1762 4644 2013 4702 thronum
2044 4664 2149 4704 non

569 4739 820 4804 habeant,
850 4751 956 4792 non
985 4736 1264 4791 carniﬁces
1290 4750 1388 4790 nec
1434 4736 1651 4804 lignum,
1682 4747 1916 4795 attamen
1953 4750 2007 4796 et
2051 4742 2163 4811 ipsi

569 4829 637 4885 de
662 4830 747 4897 iis,
779 4828 867 4900 qui
901 4836 1141 4899 peccant,
1160 4825 1401 4892 judicaut
1430 4827 1481 4881 in
1509 4828 1792 4900 Colloquiis
1818 4840 1871 4885 et
1895 4832 2146 4900 coitibus,

568 4938 635 4978 ex
655 4920 996 4977 conscientia:
1027 4934 1219 4989 nempe
1255 4918 1464 4975 calculo
1492 4932 1506 4974 :
1539 4928 1594 4975 et
1620 4936 1778 4978 nemo
1806 4921 1986 4979 dicere
2011 4928 2152 4983 ausit

577 5012 842 5071 tttwchum
873 5026 976 5066 non
1010 5025 1131 5065 esse
1156 5010 1376 5081 dignum
1404 5012 1697 5081 punitione.
1728 5010 1835 5069 Sed
1861 5015 1996 5071 alios
2018 5058 2035 5085 ,
2067 5018 2151 5072 in-

574 5106 710 5176 quit,
742 5105 1013 5165 damnant,
1043 5120 1146 5157 non
1175 5104 1397 5174 seipsos.
1432 5102 1555 5160 ldeo
1582 5107 1635 5161 in
1659 5106 1777 5162 illos
1808 5108 2153 5168 vehementer

576 5198 821 5267 insurgit,
846 5197 1026 5251 dicuns
1059 5217 1075 5254 :
1103 5199 1155 5253 '5.
1190 5197 1461 5253 Existimas
1481 5209 1647 5254 autem
1672 5200 1785 5270 hoc,
1819 5219 1850 5257 ο
1880 5207 2047 5270 homo,
2067 5207 2154 5274 qui

574 5289 774 5360 iudicas
802 5288 918 5341 illos
947 5288 1032 5358 qui
1058 5286 1182 5342 talia
1209 5297 1404 5360 agunt,
1447 5299 1494 5344 et
1520 5292 1646 5363 facis
1676 5308 1754 5359 ea,
1785 5296 1920 5364 quod
1945 5306 1999 5349 tu
2023 5297 2153 5363 ellu-

578 5382 683 5452 gies
703 5380 957 5451 judicium
986 5380 1099 5434 Dei.
1139 5382 1270 5448 Quia
1311 5384 1453 5437 enim
1480 5384 1712 5439 ostendit
1743 5387 1929 5457 ingens
1960 5406 2151 5459 pecea-

578 5483 691 5525 tum
720 5470 866 5525 orhis
894 5479 951 5526 et
987 5484 1017 5523 a
1045 5469 1379 5540 dogmatibus
1408 5485 1462 5529 et
1491 5490 1518 5526 a
1552 5475 1897 5543 facinoribus,
1927 5498 1983 5535 et
2008 5482 2150 5552 quod

571 5563 842 5634 sapientes
870 5578 989 5617 cum
1020 5572 1221 5624 essent.
1248 5574 1302 5618 et
1326 5566 1464 5635 quod
1500 5582 1618 5622 cum
1655 5569 1914 5627 haberent
1939 5587 2150 5631 creatu-
2177 5632 2186 5639 _

572 5670 686 5709 ram
712 5667 769 5707 se
794 5670 952 5709 manu
980 5652 1264 5709 ducentem
1284 5695 1300 5723 ,
1328 5656 1470 5726 quod
1500 5673 1604 5714 non
1637 5664 1796 5719 modo
1824 5664 1990 5722 Deum
2021 5670 2150 5725 reli-

632 5828 650 5857 ι
676 5830 870 5885 Quidam
892 5827 1081 5894 legunt,
1104 5835 1297 5883 mterun
1319 5830 1467 5898 eﬂ’ugi
1501 5828 1741 5899 timorem,
1764 5838 1854 5891 ait.

1313 386 1371 443 S.
1409 381 1685 442 JOANNIS
1707 372 2177 436 CIIRYSOSTOHI
2213 373 2529 435 ARCHIEP.
2569 380 3099 442 CONSTANTINOP.
3739 395 3809 455 ut

2265 491 2546 562 quissent,
2590 496 2684 552 sed
2730 499 2892 554 etiam
2925 499 3216 573 elegissent
3244 503 3502 575 imagines
3546 505 3810 577 reptilium,

2263 583 2404 652 quod
2433 585 2592 641 etiam
2622 587 2875 644 virtutem
2917 602 3269 661 spernerent,
3310 605 3365 650 et
3403 595 3550 666 quod
3590 598 3813 657 alliciente

2267 682 2455 729 natura
2502 678 2567 731 ad
2596 680 2889 750 nequitiam
2918 698 2979 739 se
3016 698 3209 755 sponte
3238 687 3573 755 conferrent,
3607 692 3813 761 quodque

2264 773 2452 819 contra
2484 775 2724 824 naturam
2755 784 2979 843 agerent
3014 792 3029 830 :
3065 776 3131 831 ad
3174 776 3302 832 illud
3328 777 3524 835 deinde
3561 795 3623 834 sc
3651 782 3815 839 centeri

2265 864 2324 907 ut
2345 857 2592 913 ostendat
2618 876 2733 927 eos,
2766 864 2855 932 qui
2889 863 3010 919 talia
3045 877 3371 937 perpetrant,
3402 871 3670 940 supplicio
3696 875 3811 928 tradi.

2263 946 2381 1003 iam
2422 955 2739 1009 memoravit
2766 958 3087 1027 supplicium
3115 975 3235 1015 cum
3262 962 3328 1016 de
3357 961 3603 1018 facinore
3632 976 3813 1034 ageret:

2264 1041 2393 1097 Nam
2426 1043 2730 1115 Mercedem,
2782 1048 2976 1121 inquit,
3046 1056 3231 1108 erroris
3266 1056 3345 1108 sui
3390 1056 3442 1109 in
3496 1058 3683 1127 seipsis
3725 1062 3817 1113 mi-

2264 1136 2408 1205 piunt
2454 1152 2473 1188 :
2524 1154 2707 1193 verum
2759 1142 2881 1210 quia
2930 1158 3035 1199 non
3088 1145 3325 1200 sentiunt
3378 1148 3545 1211 illam,
3603 1149 3742 1203 addit
3780 1164 3817 1207 et

2261 1227 2442 1293 aliam,
2474 1242 2631 1298 quam
2661 1232 2891 1288 maxime
2923 1234 3201 1289 timebant.
3233 1235 3461 1307 Jamque
3493 1239 3645 1293 illam
3673 1253 3816 1295 osten-

2261 1318 2462 1375 derat:
2503 1336 2623 1376 eum
2677 1324 2819 1379 enim
2869 1325 3032 1391 dicit,
3098 1328 3351 1397 judicium
3414 1331 3509 1385 Dei
3560 1333 3816 1388 secundum

2261 1413 2540 1469 veritatem
2592 1431 2743 1483 esse,
2801 1418 2931 1473 nihil
2986 1420 3129 1475 aliud
3185 1438 3341 1492 quam
3398 1423 3503 1478 hoc
3568 1424 3815 1480 declarat:

2261 1512 2499 1559 attamen
2576 1506 2702 1562 illud
2776 1507 2865 1564 hic
2920 1511 3159 1579 pluribus
3212 1514 3430 1583 probat,
3501 1515 3585 1568 sic
3626 1516 3816 1575 dicens:

2260 1594 2539 1649 Existimas
2560 1609 2725 1653 autem
2749 1600 2863 1664 hoc,
2887 1618 2916 1654 ο
2938 1602 3108 1669 homo,
3135 1605 3220 1675 qui
3238 1605 3447 1675 judicns
3473 1607 3594 1659 illos
3621 1610 3705 1675 qui
3728 1611 3819 1661 talis

2259 1698 2436 1755 agunt,
2460 1700 2507 1741 et
2530 1690 2658 1761 facis
2682 1708 2761 1755 ea,
2789 1694 2924 1762 quod
2943 1702 2997 1746 tu
3017 1692 3227 1766 eﬂ'ugies
3243 1696 3498 1766 judicium
3526 1696 3666 1752 Dei?
3683 1698 3817 1752 Tuum

2259 1793 2363 1833 non
2407 1778 2659 1850 effugisti,
2694 1791 2746 1837 et
2786 1782 3044 1853 judicium
3074 1786 3165 1840 Dei
3195 1787 3453 1857 effugies?
3491 1798 3548 1843 et
3598 1790 3713 1860 quis
3748 1792 3821 1845 hoc

2258 1869 2484 1924 dixerit?
2512 1872 2671 1942 Atqui
2700 1880 2756 1928 tu
2795 1876 3021 1945 teipsum
3046 1876 3313 1948 judicasti.
3348 1878 3545 1934 Verum
3571 1892 3818 1952 postquam

2258 1969 2403 2015 tanta
2432 1962 2527 2017 fuit
2557 1963 2710 2035 hujus
2738 1966 3014 2022 tribunalis
3039 1972 3324 2027 auctoritas
3348 2014 3366 2040 ,
3393 1988 3492 2028 nec
3520 1983 3578 2027 tu
3613 1974 3701 2027 tibi
3728 1991 3820 2044 par-

2257 2067 2380 2107 cere
2408 2055 2663 2123 potuisti,
2696 2057 2966 2127 quomodo
3008 2058 3178 2125 Deus,
3208 2062 3297 2132 qui
3338 2064 3707 2132 impeccabilis
3730 2076 3817 2131 est,

2256 2160 2467 2201 summe
2491 2146 2688 2217 justus,
2729 2164 2838 2205 non
2874 2151 3043 2206 multo
3082 2154 3250 2224 magis
3289 2153 3392 2209 hoc
3419 2154 3622 2211 faciet?
3660 2155 3755 2211 Sed
3780 2166 3822 2210 tu

2259 2237 2485 2309 teipsum
2518 2238 2802 2307 damnasti,
2834 2251 2889 2297 et
2917 2243 3054 2298 Deus
3081 2254 3133 2300 te
3158 2247 3475 2317 approbabit
3497 2257 3554 2302 et
3577 2248 3821 2302 laudabit?

2258 2330 2434 2401 quua
2460 2331 2668 2389 ratione
2697 2332 2811 2390 haec
2830 2335 3113 2392 dicantur?
3141 2340 3300 2411 Atqui
3330 2350 3383 2395 tu
3407 2341 3569 2412 longe
3590 2344 3822 2413 supplicio

2258 2433 2310 2478 ct
2343 2425 2557 2495 quidem
2586 2427 2792 2498 majore
2814 2429 3026 2501 dignior
3054 2431 3145 2486 illo
3170 2474 3184 2499 ,
3214 2449 3374 2504 quem
3410 2435 3703 2490 damnasti.
3729 2436 3820 2491 Non

2257 2514 2402 2570 enim
2445 2516 2677 2587 idipsum
2722 2528 2805 2574 est
2842 2520 3158 2591 simpliciter
3200 2540 3458 2594 peccare,
3486 2536 3541 2580 et
3571 2539 3821 2599 postquam

2256 2608 2419 2662 alium
2451 2620 2763 2678 peccantem
2793 2614 3075 2683 punivisti,
3123 2616 3174 2670 in
3206 2618 3394 2673 eadem
3444 2630 3663 2689 peccata
3710 2622 3822 2676 inci-

2257 2700 2405 2757 dere.
2436 2702 2622 2758 Videu‘
2651 2706 2921 2775 quomodo
2959 2709 3165 2764 crimen
3208 2712 3459 2766 auxerit?
3496 2712 3553 2768 Si
3587 2714 3730 2768 enim
3762 2725 3821 2780 tu,

2257 2792 2442 2862 inquit,
2473 2810 2596 2850 eum
2635 2798 2726 2867 qui
2766 2799 2942 2855 minus
2975 2803 3214 2871 peccavit
3239 2803 3446 2873 plectis,
3475 2807 3687 2862 etiamsi
3706 2810 3822 2883 trap-

2255 2900 2374 2940 smn
2402 2885 2777 2958 deturpaturus
2803 2892 2876 2946 sis
2894 2933 2910 2958 ,
2940 2896 3207 2963 quomodo
3237 2897 3374 2952 Deus
3403 2908 3455 2953 te
3480 2901 3685 2969 majora
3725 2918 3817 2971 pec

2255 2990 2489 3045 cantem,
2521 2984 2699 3051 neque’
2720 2983 2819 3039 sibi
2849 2983 3108 3055 pudorem
3140 2987 3416 3057 illaturus,
3450 3006 3558 3044 non
3596 2994 3759 3062 magis
3784 3004 3827 3047 et

2254 3070 2469 3139 gravius
2508 3069 2783 3129 damnabit
2828 3084 2909 3140 te,
2941 3078 3030 3147 qui
3071 3078 3181 3148 jam
3226 3095 3255 3134 a
3301 3082 3403 3135 tuis
3433 3083 3826 3153 cogitationibus

2255 3158 2538 3218 damnatus
2567 3163 2665 3219 es?
2692 3165 2845 3234 Quod
2870 3168 2913 3223 si
2934 3169 3136 3225 dixeris
3160 3188 3175 3226 :
3201 3170 3332 3227 Novi
3360 3174 3584 3244 quidem
3606 3191 3693 3231 me
3716 3190 3826 3245 sup~

2256 3252 2417 3323 plicia
2444 3253 2662 3325 dignum
2688 3271 2843 3326 esse;
2872 3260 2965 3315 sed
2997 3270 3216 3333 pr0pter
3250 3262 3347 3319 Dei
3384 3266 3700 3336 patientiam
3746 3268 3827 3321 de-

2255 3345 2418 3415 Spicis
2436 3385 2453 3413 ,
2482 3355 2536 3402 et
2561 3349 2682 3419 quia
2721 3364 2826 3405 non
2852 3352 3028 3406 statim
3058 3369 3242 3423 prunas
3267 3355 3363 3410 das
3382 3397 3397 3423 ,
3426 3358 3657 3413 confidis
3683 3377 3697 3413 :
3725 3358 3829 3413 hinc

2255 3444 2403 3492 certe
2425 3436 2549 3507 jure
2579 3439 2769 3496 timere
2798 3456 2864 3496 ac
2893 3452 3124 3499 tremere
3149 3446 3419 3502 debueris.
3449 3448 3570 3504 Non
3607 3452 3748 3505 enim
3784 3463 3830 3505 nt

2256 3541 2362 3581 non
2381 3541 2569 3597 pinnas
2590 3529 2708 3597 des,
2736 3531 2829 3587 sed
2861 3540 2919 3587 ut
2944 3534 3040 3591 des
3069 3536 3361 3606 graviores,
3388 3539 3656 3607 differtur,
3688 3544 3732 3598 si
3766 3544 3832 3596 in-

2256 3619 2608 3677 emendabilis
2630 3637 2884 3691 maneas;
2910 3626 3052 3695 quod
3086 3628 3284 3684 utinam
3312 3647 3378 3686 nc
3404 3633 3501 3689 tibi
3533 3637 3824 3706 contingat!

2257 3709 2382 3767 Ideo
2409 3713 2683 3786 subjuugit
2721 3736 2736 3773 :
2765 3717 2821 3772 4.
2851 3718 2930 3772 Αη
2960 3720 3159 3776 divitias
3183 3722 3419 3780 bonitatis
3445 3728 3559 3797 ejus
3581 3739 3628 3783 et
3654 3733 3830 3800 patien-

2257 3803 2341 3858 tia:
2366 3813 2416 3859 et
2439 3804 2845 3878 longanimitatis
2873 3816 3166 3879 contemnis,
3199 3817 3444 3887 ignorans
3462 3822 3603 3889 quod
3621 3823 3829 3894 benigni-

2256 3908 2334 3954 tas
2362 3899 2462 3955 Dci
2484 3904 2552 3956 ad
2576 3906 2920 3975 paenitentiam
2947 3919 2996 3963 te
3021 3910 3284 3967 adducat?
3307 3912 3602 3985 Postquam
3632 3917 3724 3971 Dei
3751 3934 3831 3987 pa-

2256 3994 2493 4050 tientiam
2518 3998 2770 4065 laudavit,
2804 4012 2856 4055 et
2884 4003 3123 4059 ostendit
3142 4020 3209 4060 ex
3233 4021 3296 4061 ea
3319 4009 3614 4063 maximum
3638 4010 3827 4067 lucrum

2255 4088 2652 4146 attendentibus
2676 4092 2933 4149 accedere
2966 4094 3093 4164 (hoc
3116 4108 3292 4153 autem
3322 4111 3440 4155 erat
3472 4116 3752 4170 peccantes
3772 4104 3829 4157 ad

2255 4181 2621 4249 paenitentiam
2645 4184 2916 4256 trahere),
2944 4188 3191 4245 timorem
3209 4202 3386 4264 auget.
3415 4194 3570 4251 Sicut
3589 4198 3728 4252 enim
3752 4198 3826 4262 iis,

2255 4272 2346 4343 qui
2373 4273 2489 4344 ejus
2519 4277 2769 4345 patientia
2796 4288 2853 4334 ut
2879 4295 2974 4351 par
2996 4290 3080 4337 est
3103 4284 3183 4339 usi
3212 4286 3430 4355 fuerint,
3462 4303 3623 4345 causa
3651 4300 3732 4346 est
3755 4306 3829 4347 sa-

2256 4362 2379 4418 lutis
2418 4382 2431 4418 :
2462 4365 2540 4421 sic
2569 4375 2621 4423 et
2647 4372 3108 4428 contemnentibus
3131 4376 3297 4444 majus
3319 4379 3646 4449 supplicium
3667 4383 3828 4437 alien.

2256 4454 2369 4510 Hoc
2397 4457 2538 4512 enim
2568 4469 2649 4515 est
2678 4460 2821 4531 quod
2844 4463 3249 4535 circumfertur,
3279 4469 3448 4525 Deutn
3476 4472 3760 4545 benignum
3782 4486 3831 4529 ri

2258 4552 2545 4620 patientem
2569 4569 2751 4624 pinnas
2773 4572 2876 4612 non
2899 4570 3141 4629 repetere
3162 4578 3177 4615 :
3195 4577 3315 4617 cum
3345 4575 3528 4621 autem
3563 4570 3664 4625 hoc
3687 4571 3828 4635 dicis,

2257 4642 2388 4697 nihil
2427 4645 2561 4701 dicis
2599 4646 2765 4713 aliud,
2810 4664 2969 4718 quam
3011 4652 3152 4721 quod
3198 4656 3521 4725 supplicium
3568 4672 3828 4730 augeatur.

2256 4734 2388 4790 Nam
2440 4736 2818 4807 benignitatem
2874 4740 3016 4797 Deus
3063 4743 3300 4812 exhibet,
3343 4755 3401 4802 ut
3439 4764 3472 4804 a
3510 4754 3743 4821 peccatis
3786 4763 3831 4807 te

2257 4826 2485 4895 exiutas,
2512 4845 2615 4883 non
2640 4838 2698 4884 ut
2720 4841 2932 4901 peccata
2963 4835 3266 4892 accumules
3289 4855 3303 4902 ;
3328 4839 3374 4893 si
3403 4856 3509 4896 non
3536 4842 3588 4897 id
3620 4846 3828 4909 feceris,

2260 4920 2547 4976 terribilior
2595 4923 2696 4978 erit
2736 4924 2886 4980 ultio.
2928 4925 3287 4993 Quamobrem
3338 4934 3464 5003 quia
3510 4939 3714 5006 patiens
3756 4950 3835 4994 est

2264 5011 2566 5081 Deus,.ideo
2607 5029 2828 5084 peccare
2856 5032 2962 5073 non
3010 5029 3245 5091 oportet,
3294 5039 3473 5097 neque
3523 5029 3833 5086 beneﬁcium

2260 5103 2448 5171 ingrati
2470 5105 2631 5159 animi
2658 5122 2870 5162 causam
2899 5107 3115 5167 efﬁcere
3141 5127 3158 5167 :
3187 5113 3289 5168 etsi
3316 5117 3461 5171 enim
3490 5122 3699 5188 patiens
3725 5124 3797 5177 sit
3819 5164 3835 5186 ,
3874 5118 3879 5151 θ

2258 5205 2313 5248 at
2338 5198 2556 5252 omnino
2585 5199 2752 5268 punit.
2788 5198 3063 5256 Undenam
3106 5201 3210 5259 hoc
3247 5204 3455 5278 liquet?
3497 5209 3582 5266 Ex
3622 5214 3683 5267 iis
3720 5229 3836 5283 qua:

2258 5296 2574 5357 sequuntur.
2617 5287 2674 5344 Si
2717 5291 2857 5345 enim
2892 5292 3079 5363 ingens
3108 5295 3340 5365 nequitia
3375 5309 3497 5367 est,
3530 5317 3631 5358 nec
3658 5320 3841 5374 poenas

2261 5380 2489 5450 improbi
2529 5381 2816 5451 dederunt,
2859 5385 3044 5454 procul
3083 5386 3246 5443 dubio
3285 5388 3509 5447 dabunt.
3549 5394 3757 5451 Etenim
3795 5400 3839 5451 si

2260 5472 2375 5529 haec
2394 5488 2500 5529 non
2524 5472 2796 5545 negligunt
2825 5474 3089 5545 homines,
3121 5479 3391 5549 quomodo
3413 5484 3648 5556 negliget
3670 5488 3845 5543 Deus?

2258 5567 2441 5637 Itaque
2468 5565 2597 5623 inde
2620 5581 2925 5623 sermonem
2965 5567 3034 5624 de
3054 5568 3257 5640 judicio
3282 5572 3511 5629 induxit.
3562 5578 3693 5633 Nam
3719 5596 3844 5634 cum

2255 5656 2507 5713 ostendat
2549 5657 2746 5713 multos
2774 5672 2897 5714 esse
2939 5674 3111 5729 pinna
3134 5661 3397 5720 obnoxios
3423 5668 3527 5722 nisi
3575 5672 3848 5739 pmuitcn-

2259 5750 2382 5807 tiam
2428 5749 2656 5821 egerint,
2703 5758 2758 5805 et
2809 5764 2917 5805 non
2972 5750 3059 5807 hic
3109 5755 3332 5826 puniri,
3375 5757 3639 5828 judicium
3691 5774 3851 5821 certe

2258 5842 2536 5913 futurum,
2589 5852 2643 5900 et
2685 5842 3056 5916 gravissimum
3108 5860 3229 5905 esse
3276 5852 3498 5922 statuit;
3549 5853 3671 5911 ideo
3726 5858 3847 5925 ait;
