4064 6296
217 371 321 427 λετ

212 486 365 539 στίαν
395 479 557 539 οὖσαν
588 482 855 556 ἑκατέραν
876 496 928 539 ⁸.
957 482 1206 536 Δείκνυσι
1242 482 1301 537 δὲ
1343 482 1552 546 λοιπὸν,
1595 485 1734 554 ὅπερ
1779 482 1873 534 ἐπὶ

208 573 315 626 σιῶν
350 572 636 643 δογμάτων
654 572 896 643 ὲποίησε,
927 572 1021 624 καὶ
1056 571 1289 625 ἐνταῦθα
1321 571 1653 643 συγγνώμης
1673 569 1871 633 αὐτοὺς

142 676 146 683 ’
208 662 681 732 ἀπεστερημένους
723 680 737 693 ⁸
760 662 848 716 διό
868 679 1033 733 φησιν
1060 681 1074 694 ⁸
1114 664 1340 730 Οῖτινες
1372 662 1435 716 τὸ
1461 663 1746 732 δικαίωμα
1764 660 1869 715 τοῦ

210 749 353 803 Θεοῦ
382 750 625 816 εἰδότες.
665 750 754 803 ὅτι
806 753 860 805 οι
905 751 978 805 τὰ
1030 750 1275 804 τοιαῦτα
1298 750 1683 819 πράσσοντες
1715 749 1873 814 ἄξιοι

207 836 465 891 θανάτου
493 838 671 903 εἰσίν,
718 840 790 892 οὐ
824 839 1015 907 μόνον
1063 838 1231 892 αὐτοί
1265 836 1566 903 ποιοῦσιν,
1591 837 1869 892 ἀλλὰκαὶ

206 923 649 979 συνευδοκοῦσι
681 924 807 991 τοῖς
833 925 1183 994 πράττουσι.
1231 926 1334 978 Δύο
1386 925 1500 989 θεὶς
1548 924 1867 988 ἀντιθέσεις,

204 1013 433 1066 ἐνταῦθα
485 1013 694 1067 ἀνεῖλεν
746 1012 1062 1084 ἀμφοτέρας
1102 1012 1271 1076 αὑτὰς
1319 1013 1765 1084 προηγουμένως.
1804 1013 1869 1064 Τί

206 1101 310 1173 γάρ
342 1102 408 1155 ἂν
433 1104 636 1166 εἴποις,
671 1102 859 1172 φησὶν,
890 1102 972 1154 ὅτι
997 1101 1097 1153 οὐκ
1120 1096 1266 1164 οἶδας
1304 1100 1373 1153 τὰ
1415 1100 1704 1171 πρακτέα;
1748 1100 1871 1154 Μά-

205 1190 352 1243 λιστα
379 1179 481 1260 μὲν
509 1191 559 1243 εἰ
593 1190 689 1244 καὶ
716 1188 792 1260 μὴ
824 1188 990 1259 ⁴ᾔδεις,
1022 1190 1087 1243 σὺ
1118 1188 1309 1250 αίτιος,
1357 1189 1385 1240 6
1422 1189 1579 1257 ἀφεὶς
1603 1189 1693 1241 τὸν
1730 1205 1869 1257 γνω-

210 1279 426 1350 ρίσαντά
454 1295 537 1330 σοι
560 1276 693 1331 Θεόν
723 1290 735 1302 ⁸
766 1277 863 1330 νῦν
893 1278 950 1330 δὲ
981 1277 1077 1329 καὶ
1110 1277 1200 1330 διὰ
1224 1277 1436 1331 πολλῶν
1477 1293 1536 1329 σε
1578 1276 1870 1345 δείκνυμεν

206 1366 393 1425 εἰδότα,
416 1365 514 1418 καὶ
542 1364 721 1418 ἑκοντὶ
744 1364 1190 1435 πλημμελοῦντα.
1235 1366 1385 1419 Ἀλλ’
1412 1365 1516 1419 ὑπὸ
1545 1363 1639 1417 τοῦ
1663 1364 1869 1426 πάθους

207 1454 361 1524 ’ἑλκῃς
401 1453 466 1507 Τί
496 1449 591 1507 οῦν
621 1453 715 1506 καὶ
754 1452 1162 1523 συμπράττεις,,
1187 1454 1280 1507 καὶ
1317 1454 1598 1517 έπαινεῖςς
1647 1452 1729 1505 Οὐ
1758 1450 1869 1520 γὰρ

203 1543 382 1610 μόνον
413 1541 571 1594 αὐτὰ
595 1540 858 1604 ποιοῦσι,
893 1541 1075 1609 φησὶν,
1111 1540 1270 1595 ἀλλὰ
1297 1541 1394 1594 καί
1427 1538 1870 1594 συνευδοκοῦσι

207 1629 322 1697 τοῖς
343 1630 719 1699 πράσσουσι.
750 1628 859 1700 Τὴν
892 1624 984 1683 οὖν
1024 1629 1407 1700 χαλεπωτέραν
1457 1628 1723 1699 πρότερον
1757 1626 1869 1690 θεὶς

208 1719 293 1773 καὶ
316 1719 723 1788 ἀσύγγνωστον,
765 1718 850 1772 ἵνα
881 1718 978 1791 ἕλῃ
1016 1718 1135 1787 (καὶ
1166 1719 1275 1790 7&9
1301 1718 1395 1771 τοῦ
1422 1716 1870 1788 πλημμελοῦντος

207 1807 346 1878 ότὴν
394 1806 676 1877 ἁμαρτίαν
719 1806 958 1860 ἐπαινῶν
1018 1806 1399 1877 χαλεπώτερος
1464 1805 1623 1875 πολύ)
1659 1821 1671 1834 ⁸
1705 1804 1865 1859 τοῦτο

207 1894 291 1951 οὖν
319 1897 540 1968 πρῶτον
593 1894 785 1959 εἰπὼν,
835 1895 923 1950 διὰ
970 1894 1160 1949 τούτου
1216 1895 1570 1966 σφοδρότερον
1607 1894 1770 1949 πάλιν
1809 1896 1869 1948 έν

207 1987 310 2048 τοῖς
334 1984 462 2056 ἑξῆς
504 1983 673 2038 αὐτὸν
728 1982 1026 2056 χειροῦται,
1077 1983 1250 2051 λέγων
1287 1981 1430 2036 οῦτω
1458 1999 1472 2013 ⁸
1513 1983 1611 2037 Διὸ
1640 1983 1869 2037 ἀναπο-

208 2078 450 2145 λόγητος
477 2071 557 2137 εἴ,
590 2069 639 2129 ὦ
667 2074 959 2142 ἄνθρωπε,
1018 2072 1139 2137 πᾶς
1180 2076 1212 2127 6
1258 2073 1478 2141 κρίνων
1508 2088 1523 2103 ⁸
1563 2074 1666 2126 Ἐν
1689 2065 1739 2139 ᾧ
1759 2073 1869 2143 γὰρ

210 2165 424 2234 κρίνεις
459 2163 578 2217 τὸν
635 2162 864 2231 ἕτερον,
926 2162 1189 2216 σεαυτὸν
1242 2160 1639 2228 κατωφίνεις.
1682 2161 1869 2215 Ταῦτα

208 2254 336 2324 πρὸς
356 2254 483 2316 τοὺς
528 2252 797 2323 ἄρχοντας
855 2250 1273 2319 ἀποτεινόμενος
1319 2246 1525 2316 ἔλεγεν,
1556 2248 1744 2320 ἐπειδὴ
1776 2249 1870 2301 καὶ

208 2345 239 2413 ἡ
265 2343 411 2405 πόλις
434 2343 563 2395 τότε
595 2342 778 2411 ὲκείνη
825 2339 923 2410 τὴν
979 2338 1155 2410 ἀρχὴν
1186 2333 1254 2409 ἦν
1288 2337 1736 2409 ὲγκεχειρισμένη
1767 2337 1869 2406 τῆς

209 2432 549 2501 οἰκουμένης.
601 2426 893 2499 Προλαϐὼν
941 2423 1034 2481 οῦν
1079 2443 1213 2496 φησι
1248 2444 1262 2457 ⁸
1295 2425 1499 2479 Σαυτοῦ
1534 2426 1741 2497 ἀφαιρῇ
1770 2426 1870 2497 τὴν

209 2516 488 2585 ἀπολογίαν
524 2517 637 2578 πάς
668 2515 819 2577 ὅστις
854 2512 920 2567 ἂν
953 2508 1020 2586 ᾗς
1048 2528 1063 2542 ⁸
1090 2513 1220 2566 ὅταν
1260 2511 1370 2583 γὰρ
1415 2511 1753 2583 κατακρίνῃς
1777 2512 1868 2565 τὸν

213 2604 404 2675 μοιχὸν,
442 2602 710 2674 μοιχεύῃς
745 2602 802 2656 δὲ
844 2601 939 2655 καὶ
992 2600 1177 2664 αὐτὸς,
1217 2600 1321 2655 κᾶν
1352 2600 1541 2669 μηδεὶς
1564 2598 1869 2666 ἀνθρώπων

212 2704 263 2740 σε
292 2688 503 2759 δικάζῃ,
550 2687 606 2739 ὲν
643 2688 712 2757 τῇ
742 2684 872 2757 περὶ
913 2682 1007 2738 τοῦ
1057 2683 1355 2737 ύπευθύνου
1398 2683 1563 2754 ψήφῳ
1606 2681 1871 2737 καὶκατὰ

213 2771 396 2824 σαυτοῦ
442 2772 553 2841 τὴν
607 2771 883 2838 ἀπόφασιν
921 2767 1177 2837 ἤνεγκας.
1241 2765 1497 2832 Οίδαμεν
1518 2763 1661 2833 γὰρ,
1689 2763 1778 2817 ὅτι
1802 2764 1868 2817 τὸ

212 2859 375 2928 κρῖμα
408 2858 515 2912 τοῦ
578 2856 727 2912 Θεοῦ
785 2856 919 2909 ἐστι
961 2853 1112 2908 κατὰ
1168 2852 1459 2921 ἀλήθειαν
1505 2852 1603 2905 ἐπὶ
1636 2851 1775 2916 τοὺς
1800 2850 1872 2905 τὰ

209 2943 436 2998 τοιαῦτα
460 2940 884 3010 πράσσοντας.
919 2938 1034 2993 Ἰνα
1058 2937 1166 3008 γὰρ
1194 2937 1267 3008 μὴ
1300 2936 1431 3008 λέγῃ
1464 2953 1566 3000 τις,
1606 2936 1689 2989 δτι
1721 2936 1871 2999 Τέως

211 3029 464 3099 διέφυγον,
506 3028 698 3097 φοϐῶν
731 3043 894 3097 φησιν
932 3026 983 3090 δ,
1029 3026 1112 3079 ὃτι
1142 3025 1239 3095 οὐχ
1266 3022 1441 3087 οῦτως
1479 3023 1594 3076 ἐστὶ
1619 3022 1767 3093 παρὰ
1793 3021 1872 3094 τῷ

212 3118 320 3188 Θεῷ
348 3119 536 3188 ὥσπερ
593 3114 848 3168 ἐνταῦθα.
897 3112 1165 3167 Ἐνταῦθα
1208 3112 1318 3183 γὰρ
1365 3112 1393 3164 6
1426 3112 1525 3182 μὲν
1563 3109 1869 3176 κολάζεται,

216 3207 241 3258 6
266 3207 316 3260 δὲ
335 3205 623 3275 διαφεύγει
660 3202 731 3256 τὰ
761 3201 905 3255 αύτά
931 3201 1100 3254 ποιῶν
1125 3217 1139 3233 ⁸
1168 3201 1287 3253 ἐκεῖ
1313 3198 1369 3251 δὲ
1403 3199 1501 3269 ούχ
1530 3197 1721 3263 οὕτως.
1747 3198 1869 3252 Ὀτι

216 3295 308 3364 μὲν
337 3291 426 3349 οῦν
445 3289 555 3347 οἶδε
588 3291 651 3345 τὸ
672 3292 880 3345 δίκαιον
913 3291 942 3343 6
971 3288 1193 3360 κρίνων,
1242 3281 1361 3340 εἷπε
1392 3302 1407 3317 ⁸
1442 3286 1604 3340 πόθεν
1627 3287 1684 3341 δὲ
1705 3282 1869 3349 οἶδεν,

218 3385 305 3437 οὑκ
339 3383 415 3438 ἔτι
463 3381 776 3455 προσέθηκε
816 3396 831 3411 ⁸
874 3378 1130 3451 περιττὸν
1181 3377 1291 3449 γὰρ
1345 3372 1434 3449 ἦν.
1481 3376 1602 3430 Ἐπὶ
1641 3377 1738 3446 μὲν
1763 3377 1872 3448 7&9

217 3471 306 3542 τῆς
336 3472 590 3535 ἀσεϐείας
613 3469 895 3540 ἀμφότερα
919 3466 1174 3527 δείκνυσι.
1204 3466 1295 3518 καὶ
1316 3466 1398 3519 ὅτι
1417 3465 1507 3518 τὸν
1538 3464 1671 3520 Θεὸν
1696 3463 1871 3530 εἰδὼς,

218 3558 412 3629 ἠσέϐει,
428 3561 520 3613 καὶ
538 3557 708 3611 πόθεν
728 3554 903 3618 εἰδὼς,
919 3553 1025 3607 ἀπὸ
1041 3554 1140 3624 τῆς
1159 3551 1630 3623 κτίσεως.Ἐπειδὴ
1655 3551 1875 3623 γάρούκ

220 3642 279 3718 ἦν
309 3648 458 3717 δῆλον
487 3648 719 3708 ἅπασιν,
758 3638 883 3696 εἰπε
927 3642 1020 3695 καὶ
1069 3640 1167 3710 τὴν
1216 3640 1394 3693 αἰτίαν
1419 3657 1432 3670 ⁸
1457 3637 1690 3692 ἐνταῦθα
1716 3638 1772 3691 δὲ
1800 3638 1875 3703 ὡς

221 3733 659 3805 ὡμολογημένον,
687 3731 966 3801 παρίησιν.
989 3729 1157 3781 Ὅταν
1178 3728 1233 3780 δὲ
1259 3727 1407 3799 εἴπῃ,
1430 3725 1555 3792 Πιῖς
1587 3729 1619 3779 ό
1634 3727 1874 3794 κρίνων,

222 3824 276 3874 ού
307 3827 412 3887 τοῖς
459 3823 694 3894 ἄρχουσι
719 3818 1026 3887 διαλέγεται
1054 3817 1232 3888 μόνον,
1260 3815 1395 3869 ἀλλὰ
1416 3815 1507 3868 καὶ
1536 3812 1768 3877 ἰδιώταις
1785 3814 1877 3866 καὶ

223 3912 556 3982 ἀρχομένοις.

290 3997 520 4071 β’.[462]
559 3997 673 4051 Καὶ
701 3995 807 4065 γὰρ
844 3996 1082 4056 ἆπαντες
1114 3992 1412 4063 ἅνθρωποι,
1449 3990 1550 4045 κᾶν
1580 3990 1655 4063 μὴ
1688 3989 1877 4062 θρόνον

226 4085 394 4156 ἔχωσι,
426 4086 561 4157 μηδὲ
616 4084 842 4154 δημίους
898 4083 991 4135 καὶ
1036 4081 1211 4148 ξύλον,
1267 4081 1383 4135 ἀλλ’
1420 4082 1568 4150 ὅμως
1598 4079 1694 4133 καί.
1725 4079 1878 4132 αὐτοὶ

228 4176 455 4246 κρίνουσι
494 4175 624 4238 τοὺς
670 4171 1116 4243 ἁμαρτάνοντας,
1154 4171 1209 4222 ὲν
1237 4167 1505 4234 διαλέξεσι
1543 4169 1637 4220 καὶ
1679 4170 1878 4232 κοινοῖς

229 4263 490 4331 συλλόγοις
516 4275 538 4302 ο
575 4262 669 4316 καί
690 4263 755 4332 τῇ
786 4259 878 4312 τοῦ
920 4258 1217 4320 συνειδότος
1252 4256 1416 4328 ψήφῳ
1443 4271 1457 4285 ⁸
1490 4257 1585 4309 καὶ
1611 4255 1784 4319 οὐδεὶς
1810 4254 1878 4309 ἂν

226 4350 534 4421 τολμήσειεν
587 4351 782 4408 εἰπεῖν,
834 4349 916 4401 ὅτι
974 4347 1075 4399 οὐκ
1136 4346 1285 4412 ἄξιος
1322 4344 1643 4406 κολάσεωςὸ
1669 4343 1876 4414 μοιχός.

239 4438 643 4510 Ἀλλ’ὲτέρους,
675 4436 827 4509 φησί,
860 4434 1335 4498 καταδικάζουσιν,
1381 4432 1479 4502 ούχ
1507 4430 1755 4495 ἑαυτούς.
1781 4432 1881 4486 Διά

228 4524 325 4595 γὰρ
344 4526 500 4579 τοῦτο
521 4524 703 4579 αὐτῶν
726 4524 819 4577 καὶ
858 4521 1103 4593 σφοδρῶς
1151 4519 1623 4585 κατεξανίσταται,
1658 4518 1832 4588 λέγων
1861 4534 1875 4548 ⁸

229 4614 426 4683 Acr/In
482 4613 552 4667 δὲ
605 4611 802 4677 τοῦτο,
851 4606 898 4665 ὦ
948 4610 1237 4678 ἄνθρωπε,
1288 4611 1321 4661 ό
1367 4608 1586 4675 κρίνων
1625 4606 1768 4673 τοὺς
1809 4606 1881 4661 τὰ

229 4703 460 4755 τοιαῦτα
511 4701 906 4771 πράττοντας,
964 4698 1061 4751 καί
1123 4697 1311 4750 ποιῶν
1360 4696 1531 4759 αὐτὰ,
1562 4695 1651 4749 ὅτι
1680 4694 1761 4748 σὺ
1786 4695 1882 4747 ἐκ·

229 4784 413 4851 φεύξῃ
444 4785 512 4839 τὸ
546 4785 723 4853 κρῖμα
750 4783 857 4837 τοῦ
878 4781 1063 4844 Θεοῦ;
1109 4778 1327 4851 Ἐπειδὴ
1355 4779 1464 4849 γὰρ
1490 4778 1691 4849 πολλὴν
1713 4777 1879 4843 ἔδειξε

230 4871 319 4942 τῆς
345 4873 669 4943 οἰκουμένης
689 4872 786 4942 τὴν
809 4867 1101 4940 ἁμαρτίαν,
1138 4867 1245 4921 ἀπὸ
1284 4866 1394 4919 τῶν
1430 4866 1734 4936 δογμάτων,
1774 4867 1881 4917 ἀπὸ

231 4958 331 5012 τῶν
359 4960 728 5032 πραγμάτων,
760 4959 855 5013 καὶ
883 4959 965 5011 ὄτι
987 4955 1141 5025 σοφοὶ
1170 4955 1341 5017 ὀντες,
1371 4956 1463 5005 καὶ
1483 4954 1567 5006 ὃτι
1582 4952 1680 5023 τὴν
1703 4953 1880 5005 κτίσιν

232 5044 432 5116 ἔχοντες
453 5047 896 5120 χειραγωγοῦσαν
919 5085 934 5109 ,
979 5045 1074 5107 καῗι
1095 5045 1176 5098 δτι
1197 5043 1257 5095 ού
1289 5042 1366 5112 τῷ
1388 5042 1478 5094 τὸν
1497 5041 1630 5095 Θεὸν
1665 5042 1879 5110 ἀφεῖναι

237 5134 404 5203 μόνον,
436 5135 572 5189 ἀλλά
600 5136 692 5189 καὶ
729 5134 806 5202 τῷ
848 5131 1063 5186 ἑλέσθαι
1113 5132 1182 5185 τὰ
1233 5129 1555 5201 ὁμοιώματα
1574 5128 1681 5183 τῶν
1716 5130 1881 5200 ἑρπε-

232 5224 351 5292 τῶν,
380 5226 472 5279 καί.
497 5227 575 5297 τῷ
607 5228 706 5295 τὴν
730 5226 929 5296 ἀρετὴν
974 5225 1260 5295 ἀτιμάσαι,
1306 5224 1398 5275 καὶ
1423 5222 1500 5293 τῷ
1538 5222 1636 5290 τῆς
1670 5222 1884 5289 φύσεως

236 5312 585 5385 ἀνθελκούσης
608 5316 701 5367 ἐπὶ
719 5315 817 5384 τὴν
845 5314 1042 5367 κακίαν
1067 5311 1456 5382 αὐτομολῆσαι,
1504 5310 1595 5362 καὶ
1631 5309 1707 5378 τῷ
1734 5308 1885 5379 παρά

238 5399 386 5466 φύσιν
419 5398 577 5467 εἶναι,
610 5401 824 5474 πρόεισι
846 5400 1032 5454 λοιπὸν
1067 5402 1147 5463 εἰς
1175 5400 1237 5452 τὸ
1263 5399 1454 5464 δεῖξαι,
1480 5398 1560 5450 ὅτι
1604 5397 1697 5449 καὶ
1722 5395 1885 5448 κολά-

239 5483 407 5547 ζονται
436 5490 487 5541 οί
522 5490 589 5544 τά
626 5488 853 5543 τοιαῦτα
896 5489 1251 5560 πράσσοντες.
1285 5485 1493 5551 Ἐδειξε
1534 5485 1633 5556 μὲν
1664 5481 1757 5538 οῦν
1783 5484 1885 5555 ἤδη

238 5576 511 5647 τιμωρίαν,
534 5576 703 5632 εἰπὼν
741 5578 840 5647 τὴν
872 5576 1069 5647 πρᾶξιν
1095 5576 1265 5645 αύτήν
1306 5592 1322 5608 ⁸
1370 5573 1489 5643 Τὴν
1517 5574 1626 5645 7&9
1654 5573 1883 5641 ἀντιμι-

238 5664 426 5729 σθίαν,
452 5664 534 5733 ἣν
562 5666 704 5734 ἔδει,
750 5665 861 5735 τῆς
909 5664 1148 5733 πλάνης
1183 5663 1382 5718 αὐτῶν
1405 5663 1475 5717 ἐν
1503 5660 1708 5727 αὐτοῖς
1738 5661 1886 5716 ἀπο-

300 5946 446 6017 fAlii,
466 5951 611 6017 οὖσαν
630 5955 888 6017 ἑκατέρων,
913 5966 1023 6017 quae
1056 5951 1209 6017 ιριιιὶο
1246 5963 1342 6017 non
1362 5948 1529 6017 imula.
1559 6011 1579 6017 _
1600 5946 1629 5985 δ
1656 5949 1882 6012 Quidam,

241 6008 440 6070 διέφυγον
461 6015 621 6075 φόϐον,
646 6008 783 6077 φησί
872 6019 890 6044 ε
919 6008 1032 6073 Alii,
1058 6014 1234 6067 κοινοῖς
1271 6014 1379 6061 συλλ
1391 6011 1619 6074 ογισμοῖς.

1401 368 1467 424 IN
1508 367 1725 424 EPIST.
1771 367 1861 422 AD
1902 365 2064 423 ROM.
2110 369 2343 428 IlOMI-L.
2383 371 2444 427 Υ.

3536 387 3642 446 ιρι

1972 484 2384 552 λαμϐάνουσι,
2440 486 2606 557 φησίν
2652 502 2666 517 ⁸
2723 486 2851 541 ἀλλ’
2899 490 3084 563 ἐπειδὴ
3135 491 3235 547 οῦκ
3297 496 3643 552 αἰσθάνονται

1971 571 2207 642 ἐκείνης,
2238 569 2358 627 εἷπε
2387 576 2481 628 καὶ
2512 573 2728 645 ἑτέραν,
2768 576 2834 646 ἥν
2867 576 3108 647 μάλιστα
3150 581 3439 637 δεδοίκασι.
3469 584 3642 639 Μάλι·

1977 674 2077 711 στα
2116 660 2214 729 μὲν
2250 661 2352 731 ήδη
2399 661 2498 714 καὶ
2548 661 2753 733 ταύτην
2804 662 3004 729 ἔδειξεν
3038 682 3053 698 ⁸
3085 668 3211 721 ὅταν
3235 668 3342 740 γάρ
3373 669 3525 742 λέγῃ,
3559 672 3641 725 ὅτι

1976 743 2046 798 Τὸ
2060 744 2238 816 κρῖμα
2256 747 2360 801 τοῦ
2379 748 2529 802 Θεοῦ
2544 750 2697 804 κατὰ
2717 750 3010 817 ἀλήθειάν
3024 754 3219 818 ἐστιν,
3236 757 3386 809 οὐδὲν
3401 757 3583 827 ἕτερον
3603 757 3638 828 ἢ

1970 831 2128 884 τοῦτο
2150 832 2297 901 λέγει
2326 848 2342 864 ⁸
2378 834 2519 906 πλὴν
2571 836 2707 891 ἀλλά
2752 839 2844 890 καὶ
2874 839 2961 908 ἐφ’
2986 842 3194 911 ἑτέρων
3222 843 3354 896 αὐτὸ
3375 844 3637 899 πλειόνων

1970 920 2568 987 κατασκευάζειπάλιν,
2607 924 2748 978 οὕτω
2774 926 2967 995 λέγων’
3003 928 3216 998 Λογίζῃ
3261 931 3329 983 δὲ
3371 932 3566 997 τοῦτο.
3592 927 3640 988 ὦ

1970 1005 2260 1074 ἄνθρωπε,
2289 1012 2323 1062 ό
2346 1012 2569 1077 κρίνων
2616 1014 2758 1079 τοὺς
2809 1014 2879 1068 τὰ
2926 1017 3167 1070 τοιαῦτα
3218 1018 3633 1087 πράσσοντας,

1970 1094 2066 1146 καὶ
2091 1094 2277 1149 ποιῶν
2296 1098 2465 1156 αὐτὰ,
2491 1098 2578 1152 ὅτι
2600 1100 2680 1152 σὺ
2713 1101 2977 1170 ἐκφεύξῃ
3007 1103 3073 1156 τὸ
3108 1104 3283 1175 κρῖμα
3317 1108 3422 1161 τοῦ
3454 1111 3600 1163 Θεον

1970 1181 2043 1233 Τὸ
2065 1182 2155 1234 σὸν
2180 1184 2280 1236 οὐκ
2301 1185 2563 1254 ἐξέφυγες
2598 1190 2793 1257 κρῖμα,
2840 1190 2932 1242 καὶ
2970 1190 3029 1242 τὸ
3051 1192 3145 1244 τοῦ
3172 1192 3305 1245 Θεοῦ
3341 1194 3633 1268 διαφεύξῃς

1969 1270 2061 1323 καὶ
2094 1273 2177 1335 τίς
2204 1273 2270 1326 ἂν
2292 1274 2448 1327 τοῦτο
2472 1276 2651 1337 etnon;
2708 1278 2901 1329 Καίτοι
2942 1294 3004 1345 γε
3058 1281 3121 1332 σὺ
3168 1283 3362 1334 σαυτὸν
3394 1283 3634 1354 ἔκρινας.

1981 1359 2131 1412 Ἀλλ’
2163 1361 2351 1432 ἐπειδὴ
2379 1362 2616 1432 τοσαύτη
2652 1358 2721 1434 ἦν
2752 1366 2784 1434 ἡ
2828 1368 3114 1435 περιουσία
3135 1369 3225 1421 τοῦ
3265 1370 3634 1443 δικαστηρίου,

1970 1448 2063 1500 καὶ
2106 1447 2229 1502 οὐδὲ
2277 1449 2475 1502 σαυτοῦ
2526 1450 2814 1519 φείσασθαι
2847 1454 3136 1524 ἠδυνήθης,
3172 1457 3287 1519 πῶς
3311 1459 3338 1510 6
3375 1458 3505 1521 Θεὸς
3529 1458 3576 1521 ἀ,
3609 1463 3638 1513 6

1967 1535 2375 1606 ἀναμάρτητος,
2401 1540 2429 1590 6
2470 1538 2587 1607 μεθ’
2620 1540 2924 1611 ὑπερϐολῆς
2943 1542 3167 1606 δίκαιος,
3199 1546 3260 1596 ού
3293 1545 3472 1615 πολλῷ
3500 1547 3635 1617 μᾶλ-
3746 1536 3749 1537 ν

1967 1620 2058 1675 λον
2085 1622 2241 1676 τοῦτο
2270 1625 2519 1695 ποιήσει;
2562 1626 2721 1679 Ἀλλά
2763 1628 2828 1680 σὺ
2893 1628 2991 1699 μὲν
3050 1629 3247 1683 σαυτοῦ
3274 1632 3572 1700 κατέγνως,
3607 1636 3637 1687 6

1966 1709 2023 1762 δὲ
2066 1708 2196 1771 Θεὸς
2233 1712 2551 1776 ἀποδέξεται
2601 1714 2695 1767 καὶ
2747 1716 3061 1779 ὲπαινέσει;
3106 1718 3214 1770 Καὶ
3258 1718 3373 1782 πῶς
3419 1719 3483 1772 ἂν
3524 1720 3637 1791 ἔχοι

1965 1797 2124 1850 τοῦτο
2151 1798 2343 1868 λόγους
2377 1801 2570 1854 Καίτοι
2610 1820 2670 1871 γε
2712 1803 2921 1857 ἐκείνου
2959 1805 3053 1857 τοῦ
3093 1805 3242 1877 παρά
3274 1807 3366 1859 σοῦ
3418 1810 3639 1861 καταδι-

1966 1886 2271 1956 καζομένου
2320 1887 2593 1952 κολάσεως
2649 1890 2892 1959 μείζονος
2946 1893 3010 1945 σὺ
3069 1893 3387 1957 ἀξιώτατος.
3422 1897 3497 1949 υύ
3527 1898 3637 1966 γάρ

1968 1977 2083 2028 ἐστι
2122 1977 2318 2029 ταυτὸν
2371 1978 2705 2047 ἁμαρτάνειν
2761 1980 2969 2046 ἁπλῶς,
3021 1983 3113 2035 καὶ
3158 1983 3343 2053 ἕτερον
3390 1986 3637 2055 ἁμαρτά-

1967 2079 2125 2116 νοντα
2164 2063 2474 2117 κολάσαντα
2509 2067 2622 2129 τοῖς
2662 2066 2845 2131 αὐτοῖς
2889 2072 3205 2137 περιπεσεῖν
3246 2070 3427 2125 πάλιν.
3474 2072 3638 2144 Ὁρᾷς

1967 2149 2083 2213 πῶς
2123 2150 2186 2203 τὸ
2218 2151 2469 2221 ἔγκλημα
2500 2152 2767 2224 ηὔξησεν;
2823 2155 2884 2207 Εἰ
2922 2159 3031 2227 7&9
3064 2158 3148 2220 σὺ,
3194 2158 3348 2226 φησὶ,
3370 2160 3460 2212 τὸν
3481 2159 3637 2214 ἐλάτ-

1965 2253 2099 2290 τονα
2122 2237 2439 2308 ἁμαρτόντα
2477 2240 2746 2304 κολάζεις,
2795 2242 2972 2295 καίτοι
3014 2260 3076 2310 γε
3112 2244 3320 2314 μέλλων
3358 2248 3636 2317 αἰσχύνειν

1968 2324 2187 2388 σαυτὸν,
2246 2327 2364 2389 πῶς
2407 2329 2434 2380 6
2465 2328 2597 2391 Θεὸς
2644 2328 2735 2380 τὸν
2783 2328 3003 2399 μείζονα
3041 2331 3513 2403 πλημμελήσαντὰ
3552 2352 3633 2395 σε,

1966 2412 2061 2466 καὶ
2090 2412 2263 2467 ταῦτα
2288 2415 2347 2467 ού
2386 2415 2595 2486 μέλλων
2632 2417 2823 2470 ἑαυτὸν
2864 2418 3160 2489 αἰσχύνειν,
3186 2422 3248 2474 ού
3280 2422 3636 2476 καταδικάσει

1966 2501 2061 2555 καὶ
2085 2505 2407 2573 κατακρινεῖ
2454 2502 2737 2573 μειζόνως,
2774 2505 2874 2577 ἤδη
2904 2507 3370 2579 κατακεκριμένον
3395 2510 3501 2562 ἀπὸ
3529 2511 3636 2563 τῶν

1965 2586 2182 2642 οἰκείων
2216 2588 2524 2661 λογισμῶν;
2552 2592 2614 2644 Εἰ
2646 2591 2703 2645 δὲ
2722 2591 2921 2660 λέγεις,
2960 2594 3041 2646 ὅτι
3077 2589 3207 2646 Οἶδα
3238 2595 3356 2664 μὲν,
3379 2595 3459 2648 ὃτι
3486 2595 3639 2661 ἄξιός

1967 2677 2085 2748 εἰμι
2112 2676 2410 2741 κολάσεως,
2449 2678 2607 2733 διὰδὲ
2622 2678 2720 2749 τὴν
2744 2672 3123 2751 μακροθυμίαν
3138 2685 3513 2752 καταφρονεῖς,
3543 2684 3640 2736 καὶ

1966 2762 2057 2816 διὰ
2086 2762 2149 2816 τὸ
2180 2763 2255 2834 μὴ
2280 2763 2461 2817 δοῦναι
2488 2765 2809 2837 παραπόδας
2837 2765 3014 2836 δίκην,
3048 2766 3270 2839 θαρρεῖς
3297 2785 3310 2799 ⁸
3341 2767 3638 2823 δεδοικέναι

1971 2851 2070 2923 μὲν
2094 2851 2189 2905 καὶ
2221 2851 2446 2924 τρέμειν
2478 2852 2567 2906 διὰ
2594 2853 2753 2906 τοῦτο
2785 2855 2852 2907 ἂν
2883 2856 2999 2923 είης
3042 2854 3269 2918 δίκαιος.
3300 2855 3374 2908 Οὐ
3408 2856 3514 2929 γὰρ
3559 2859 3638 2919 εἰς

1966 2940 2028 2993 τὸ
2050 2939 2125 3011 μὴ
2146 2939 2330 2995 δοῦναι
2361 2940 2542 3011 δίκην,
2571 2939 2689 2995 ἀλλ’
2729 2943 2809 3005 εἰς
2843 2942 2905 2995 τὸ
2940 2940 3123 2995 δοῦναι
3152 2942 3559 3013 χαλεπωτέραν,
3590 2945 3638 2996 εἰ

1972 3028 2155 3097 μένοις
2182 3027 2503 3099 ἀδιόρθωτος
2530 3026 2627 3091 ὢν,
2663 3028 3025 3083 ἀναϐάλλεται
3053 3045 3068 3060 ⁸
3105 3029 3134 3083 ὃ
3203 3030 3468 3101 μηδέποτε
3495 3049 3558 3083 συ
3568 3050 3637 3100 μ-

1971 3114 2196 3187 ϐήσεταί
2230 3132 2313 3170 σοι
2349 3127 2395 3169 θ.
2438 3118 2528 3169 Διὸ
2563 3115 2656 3168 καὶ
2714 3116 2910 3183 ἐπάγει
2959 3116 3132 3186 λέγων
3163 3137 3176 3151 ⁸
3220 3120 3295 3172 Ἢ
3313 3118 3419 3172 τοῦ
3448 3119 3636 3171 πλού-

1967 3221 2075 3259 του
2102 3202 2214 3271 τῆς
2258 3205 2670 3274 χρηστότητος
2722 3203 2909 3259 αὑτοῦ
2944 3205 3353 3274 καταφρονεῖς,
3407 3206 3640 3274 καὶτῆς

1967 3291 2200 3362 ἀνοχῆς
2215 3290 2439 3361 καὶτῆς
2454 3293 2884 3363 μακροθυμίας,
2906 3292 3159 3362 ἀγνοῶν,
3179 3293 3267 3347 ὅτι
3290 3293 3353 3347 τὸ
3370 3293 3641 3364 χρηστὸν

1967 3379 2072 3434 τοῦ
2095 3380 2243 3435 Θεοῦ
2271 3382 2359 3446 εἰς
2380 3379 2703 3448 μετάνοιάν
2741 3396 2815 3433 σε
2846 3379 3006 3450 ἄγευ
3046 3380 3368 3446 Ἐπαινέσας
3402 3381 3508 3454 γὰρ
3540 3380 3637 3435 τοῦ

1971 3471 2124 3545 [463]
2160 3472 2296 3526 Θεοῦ
2332 3471 2430 3543 τὴν
2469 3471 2876 3543 μακροθυμίαν,
2907 3472 3001 3526 καὶ
3027 3471 3205 3537 δείξας
3242 3472 3411 3543 αὐτῆς
3430 3474 3489 3525 τὸ
3510 3472 3639 3544 κέρ-

1968 3557 2055 3623 δος
2091 3558 2345 3628 μέγιστον
2373 3561 2483 3621 τοῖς
2514 3559 2846 3630 προσέχουσι
2882 3558 3060 3630 (τοῦτο
3090 3559 3147 3611 δὲ
3179 3555 3246 3630 ἦν
3266 3558 3326 3613 τὸ
3367 3562 3443 3623 εἰς
3473 3562 3637 3630 μετά-

1969 3664 2119 3699 νοιαν
2171 3645 2351 3698 ἕλκειν
2402 3648 2528 3709 τοὺς
2595 3647 3053 3719 ἁμαρτάνοντας),
3108 3646 3259 3714 αὔξει
3319 3647 3409 3700 τὸν
3451 3646 3633 3716 φόϐον.

1971 3732 2187 3802 Ὥσπερ
2212 3732 2319 3801 7&9
2358 3735 2469 3794 τοῖς
2508 3735 2587 3796 εἰς
2618 3733 2734 3786 δέον
2781 3734 3147 3805 χρησαμένοις
3190 3734 3459 3805 σωτηρίας
3493 3735 3638 3787 ἐστὶν

1971 3819 2247 3881 ὑπόθεσις,
2286 3817 2429 3871 οῦτω
2467 3822 2580 3882 τοῖς
2624 3824 3099 3891 καταφρονήσασιν
3148 3822 3355 3889 ἑφόδιον
3393 3822 3638 3892 μείζονος

1970 3906 2262 3976 τιμωρίας.
2299 3905 2471 3958 Τοῦτο
2521 3907 2629 3975 7&9
2674 3907 2735 3959 τὸ
2783 3908 3237 3978 περιφερόμενον,
3287 3910 3367 3961 ὅτι
3405 3910 3637 3978 χρηστὸς

1972 3994 2068 4047 καὶ
2099 3991 2447 4064 μακρόθυμος
2472 3992 2547 4045 ῶν
2579 3995 2606 4046 6
2631 3993 2763 4057 Θεὸς
2793 3994 2894 4047 ούκ
2925 3996 3147 4048 ἀπαιτεῖ
3187 3995 3341 4065 δίκην
3379 4010 3395 4047 °.
3431 3996 3557 4049 ὅταν
3580 3996 3637 4048 δὲ

1973 4080 2135 4151 εῖπῃς
2163 4079 2339 4145 τοῦτο,
2378 4079 2565 4150 φησὶν,
2607 4080 2758 4134 οὐδὲν
2787 4081 2914 4134 ἁλλο
2941 4081 3140 4149 λέγεις,
3168 4082 3200 4153 ἢ
3240 4082 3339 4152 τῆς
3371 4082 3638 4153 τιμωρίας

1973 4167 2072 4238 τὴν
2098 4165 2366 4222 ἐπίτασιν.
2392 4168 2501 4239 Τὴν
2529 4168 2638 4239 γὰρ
2659 4168 3002 4239 χρηστότητα
3036 4171 3064 4222 6
3086 4168 3216 4233 Θεὸς
3250 4168 3635 4233 ἐπιδείκνυται,

1978 4254 2060 4307 ῖνα
2099 4252 2414 4325 ἀπαλλαγῇς
2473 4256 2915 4327 ἁμαρτημάτων,
2959 4256 3057 4327 ούχ
3105 4257 3192 4310 ἵνα
3243 4257 3484 4329 προσθῇς
3515 4273 3527 4284 ⁸
3573 4256 3639 4324 ἂν

1974 4342 2153 4395 τοίνυν
2179 4342 2253 4413 μὴ
2275 4343 2432 4395 τοῦτο
2459 4346 2638 4414 ποιῇς,
2661 4344 3012 4417 φοϐερωτέρα
3046 4346 3079 4415 ἡ
3110 4344 3254 4413 δίκη.
3288 4344 3376 4397 Διὸ
3405 4344 3639 4415 μάλιστα

1977 4430 2311 4501 ἁμαρτάνειν
2340 4430 2400 4483 οὐ
2426 4431 2552 4501 χρὴ,
2579 4430 2766 4502 ἐπειδὴ
2791 4432 3142 4502 μακρόθυμος
3161 4435 3189 4484 6
3208 4431 3358 4494 Θεὸς,
3386 4431 3506 4483 οὐδὲ
3536 4430 3634 4501 τὴν

1976 4522 2295 4593 εὐεργεσίαν
2337 4522 2591 4575 ὑπόθεσιν
2632 4520 3027 4591 ἀγνωμοσύνης
3069 4521 3338 4573 ποιεῖσθαι
3363 4537 3377 4551 ⁸
3432 4521 3482 4571 εἰ
3531 4522 3639 4589 γάρ

1981 4609 2351 4681 μακρόθυμος,
2402 4610 2496 4663 καὶ
2539 4607 2754 4670 κολάζει
2794 4609 3032 4664 πάντως.
3080 4608 3251 4659 Πόθεν
3272 4607 3640 4675 δῆλον;.Ἀπδ

1976 4697 2085 4750 τῶν
2119 4696 2243 4766 ἑξῆς
2273 4696 2597 4767 εἰρημένων.
2633 4694 2692 4748 Εἰ
2735 4694 2844 4765 7&9
2870 4694 3037 4764 πολλὴ
3079 4696 3112 4764 ὴ
3153 4693 3341 4755 κακία,
3386 4694 3487 4744 οὐκ
3536 4694 3642 4745 ἀπ-

1978 4785 2168 4838 έλαϐον
2190 4785 2245 4838 δὲ
2273 4787 2320 4837 οἰ
2348 4786 2527 4847 κακοὶ,
2556 4785 2767 4852 ἀνάγκη
2825 4783 3043 4843 πάντως
3094 4780 3404 4833 ἀπολαϐεῖν.
3439 4781 3498 4832 Εἰ
3533 4781 3640 4851 7&9

1978 4871 2252 4941 ἄνθρωποι
2275 4871 2448 4924 ταῦτα
2476 4871 2535 4924 οὐ
2564 4867 2895 4940 περιορῶσι,
2932 4867 3048 4930 πῶς
3076 4869 3103 4919 6
3127 4866 3258 4930 Θεὸς
3291 4866 3638 4936 περιόψεταη

1980 4960 2141 5011 Ὥστε
2190 4958 2439 5012 ἐντεῦθεν
2485 4957 2580 5010 καὶ
2636 4955 2727 5008 τὸν
2788 4956 2913 5025 περὶ
2960 4954 3060 5023 τῆς
3104 4954 3335 5023 κρίσεως
3379 4956 3641 5024 εἰσήγαγε

1976 5047 2154 5115 λόγον.
2187 5046 2277 5117 Τῷ
2297 5046 2404 5116 7&9
2437 5044 2604 5107 δεῖξαι
2639 5042 2865 5103 πολλοὺς
2892 5042 3052 5103 ὄντας
3090 5040 3450 5107 ὑπευθύνους,
3484 5044 3532 5094 εἰ
3564 5045 3642 5114 μὴ

1982 5135 2390 5205 μετανοήσαιεν,
2417 5129 2533 5186 εἶτα
2560 5134 2619 5185 ού
2650 5131 3009 5194 κολασθέντας
3047 5129 3299 5195 ἐνταῦθα,
3329 5131 3425 5201 τὴν
3466 5131 3644 5203 κρίσιν

1981 5223 2288 5291 συνεισάγει
2324 5224 2560 5285 πάντως,
2619 5221 2719 5274 καὶ
2774 5220 2891 5290 μετ’
2954 5219 3257 5282 ὲπιτάσεως
3285 5234 3299 5246 ⁸
3334 5218 3413 5272 διό
3462 5237 3594 5291 φησι
3627 5235 3689 5293 ⁸,,

1979 5311 2139 5365 Κατὰ
2181 5310 2249 5362 δὲ
2305 5309 2421 5378 τὴν
2480 5306 2867 5376 σκληρότητά
2918 5322 3034 5361 σου
3085 5306 3183 5360 καί
3237 5307 3646 5374 ἀμετανόητον

1980 5399 2232 5466 καρδίαν
2253 5396 2623 5467 θησαιφίζεις
2651 5394 2884 5461 σεαυτῷ
2926 5395 3132 5465 ὀργήν.
3171 5395 3339 5447 Ὅταν
3365 5395 3471 5464 7&9
3509 5398 3645 5464 μήτε
3687 5383 3694 5397 ’

1980 5488 2308 5561 χρηστότητι
2338 5488 2702 5558 μαλάσσηταιν
2736 5486 2872 5556 μήτε
2910 5484 3059 5555 φόϐῳ
3096 5483 3438 5561 κάμπτηται,
3464 5482 3517 5534 τι
3549 5483 3644 5535 τοῦ

1979 5560 2221 5632 τοιούτου
2272 5576 2633 5647 σκληρότερον
2688 5573 2887 5643 γένοιτ’
2909 5574 3008 5639 ἆν;
3053 5560 3269 5639 Ἐπειδῆ
3310 5570 3417 5641 7&9
3477 5570 3644 5636 ἔδειξε

1978 5667 2073 5721 τοῦ
2102 5666 2236 5721 Θεοῦ
2265 5665 2363 5737 τὴν
2416 5663 2843 5736 φιλανθρωπίαν,
2902 5662 3021 5715 τότε
3074 5660 3312 5713 δείκνυσι
3348 5658 3445 5731 τὴν
3476 5677 3647 5731 τιμω-

2066 5886 2091 5926 d
2124 5888 2238 5946 Alii,
2276 5887 2377 5941 πῶς
2415 5885 2540 5934 οῦνὸ
2565 5886 2699 5940 Θεὸς.
2788 5885 2807 5906 ⁸
2837 5882 2890 5931 1η
2913 5894 3010 5930 uno
3043 5883 3113 5930 sic
3154 5881 3359 5946 eﬂ‘ytlur
3388 5883 3556 5946 lorus:
3586 5920 3642 5946 .._.

1982 5940 2334 6013 χαλεπωτέραν,
2366 5940 2419 6013 εἰ
2441 5949 2589 6013 μένεις
2610 5948 2685 5994 ἀδ.
2712 5948 2811 6013 ὢν,
2846 5947 2902 5992 τὸ
2929 5946 3125 6007 μηδέπω
3147 5942 3307 5992 δοῦναι
3348 5940 3651 6006 συμϐήσετά

1989 6007 2083 6062 σοι.
2133 6007 2251 6071 Qua}
2272 6012 2419 6060 lcclio
2439 6007 2621 6071 Oplima
2644 6014 2737 6057 est.
2754 6007 2909 6058 'Enrr.
