3950 6474
187 452 266 510 625

184 572 226 625 5.
268 554 516 619 Secundum
576 558 745 605 autem
796 546 1039 601 duritiam
1095 552 1234 599 tuam
1281 551 1329 597 et
1386 537 1699 610 impaenitens

180 676 250 715 cor
268 647 535 709 thesaurizas
563 641 650 695 tibi
676 642 824 694 iram.
856 637 991 693 Cum
1018 636 1160 691 enim
1186 648 1358 704 neque
1388 637 1688 686 mansuetu-

180 752 279 807 dine
303 739 589 801 emolliatur,
622 748 720 788 nec
749 732 939 785 timore
969 727 1232 791 ﬂectatur,
1256 724 1380 795 quid
1404 723 1493 778 illo
1514 720 1702 776 durius

178 834 335 897 luerit?
361 832 627 896 Postquam
659 832 837 878 autem
882 819 975 876 Dei
1011 817 1393 889 benignitatem
1426 811 1698 877 ostendit,

178 945 276 989 tunc
299 920 584 994 supplicium
615 916 829 973 exhibet
858 932 871 967 :
898 911 1041 984 quod
1067 924 1258 980 nempe
1277 910 1348 964 sit
1370 904 1702 963 intolerabile

177 1026 233 1092 ei,
256 1019 331 1093 qui
353 1027 510 1086 neque
531 1012 606 1065 sic
625 1020 917 1065 conversus
941 1005 1028 1061 sit.
1056 1002 1124 1059 Et
1148 999 1272 1057 vide
1299 1014 1457 1071 quam
1485 996 1701 1068 proprie

175 1088 319 1171 verbis
341 1116 501 1162 utatur
531 1120 544 1154 :
578 1098 938 1164 Thesaurizas,
966 1094 1158 1166 inquit,
1187 1091 1275 1147 tibi
1304 1093 1454 1156 iram,
1482 1088 1703 1145 omnino

175 1202 417 1276 repositam
443 1197 571 1250 iram
602 1190 913 1256 ostendens,
944 1195 998 1243 et
1029 1202 1135 1241 non
1161 1184 1423 1256 judicem,
1453 1179 1549 1237 sed
1577 1194 1699 1235 cum

171 1273 241 1371 qui
271 1293 542 1366 indicatur,
574 1285 712 1353 illius
750 1297 964 1338 causam
996 1294 1135 1335 esse.
1179 1276 1292 1333 Tibi
1330 1276 1462 1347 ipsi,
1495 1273 1703 1343 inquit,

174 1366 468 1445 tbesaurizas,
496 1392 601 1432 non
634 1374 773 1431 Deus
802 1371 914 1427 tibi.
954 1371 1050 1427 Ille
1074 1367 1219 1424 enim
1248 1366 1427 1422 omnia
1463 1378 1583 1434 quae
1609 1377 1706 1432 par

169 1492 261 1537 erat
284 1472 529 1548 prazstitit,
561 1477 615 1526 et
646 1465 744 1524 tibi
769 1467 1033 1522 bonorum
1060 1462 1431 1529 malorumque
1452 1454 1707 1526 cognitio~

172 1588 269 1630 nem
303 1563 575 1638 impertiit,
616 1560 926 1633 patientiam
962 1571 1114 1612 suam
1142 1553 1404 1618 exhibuit,
1435 1550 1504 1605 ad
1532 1548 1706 1619 poeni-

168 1665 352 1721 tentiam
380 1670 428 1713 te
451 1657 681 1718 vocavit,
709 1651 851 1707 diem
879 1648 1170 1705 terribilem
1201 1644 1555 1700 comminatus
1582 1646 1666 1695 est
1688 1679 1705 1704 ,

170 1771 243 1825 per
274 1749 433 1807 omnia
476 1757 526 1802 te
569 1744 633 1800 ad
687 1740 1108 1812 resipiscentiam
1146 1736 1387 1791 alliciens
1429 1751 1443 1787 :
1489 1731 1630 1805 quod
1662 1732 1709 1786 si

164 1848 362 1903 inﬂexus
409 1852 660 1904 maneas,
709 1833 1042 1890 Thesaurizas
1082 1830 1169 1884 tibi
1204 1830 1335 1884 iram
1362 1827 1414 1881 in
1440 1825 1521 1880 die
1545 1826 1636 1878 ira:
1662 1831 1710 1877 et

165 1936 443 1994 reuelationis
480 1942 528 1987 et
554 1931 682 2005 justi
697 1928 887 2000 judicii
914 1925 1024 1980 Dei.
1055 1924 1133 1979 Ne
1162 1932 1313 1994 putes
1350 1921 1491 1976 enim
1532 1917 1709 1972 audita

162 2032 242 2097 ira,
264 2028 551 2100 passionem
579 2037 719 2089 esse,
748 2019 897 2075 addit
924 2036 939 2074 :
968 2017 1000 2071 J
1008 2017 1102 2071 usti
1116 2014 1305 2087 judicii
1332 2012 1446 2067 Dei.
1467 2012 1546 2066 Ac
1567 2018 1712 2066 recte

162 2119 289 2183 dixit,
320 2113 648 2172 Revelationis
669 2128 689 2167 :
718 2118 844 2165 tunc
874 2109 1048 2171 enim,
1078 2106 1179 2161 hoc
1210 2103 1444 2169 revelat,
1471 2116 1593 2157 cum
1624 2114 1713 2155 se-

159 2211 360 2267 cundum
407 2207 655 2262 meritum
703 2201 895 2273 singuli
944 2199 1231 2270 accipiunt.
1274 2197 1407 2252 Nam
1439 2196 1525 2251 hic
1570 2209 1715 2265 saepe

160 2303 289 2360 multi
344 2308 536 2372 prtcter
583 2297 673 2368 jus
737 2294 1037 2350 molestiam
1094 2290 1328 2346 inferunt
1388 2295 1443 2343 et
1496 2286 1715 2342 insidias

157 2404 379 2459 struunt;
438 2391 548 2446 illic
598 2403 727 2444 vero
772 2402 878 2441 non
934 2386 1083 2440 item.
1119 2383 1219 2451 Qui
1246 2381 1421 2435 reddet
1447 2378 1717 2447 unicuique

157 2490 401 2547 secundum
441 2503 600 2557 apera
641 2486 783 2554 ejus;
811 2482 875 2536 iis
904 2479 1136 2546 quidem,
1183 2477 1272 2549 qui
1294 2474 1572 2531 secundant
1619 2488 1717 2543 pa-

156 2581 352 2636 tientiam
378 2578 497 2633 boni
526 2576 715 2648 aperis.

212 2672 257 2726 5.
296 2670 581 2738 P05tquam
628 2680 686 2721 se
724 2663 1014 2719 terribilem
1055 2668 1111 2716 et
1161 2673 1405 2733 severum
1458 2654 1715 2721 exhibuit,

154 2781 257 2819 ίητη
277 2763 338 2817 de
358 2760 566 2834 judicio
596 2770 652 2814 et
681 2759 746 2812 de
775 2758 952 2812 futuro
981 2754 1239 2824 supplicio
1260 2752 1590 2822 loqueretur,
1614 2763 1721 2803 non

152 2872 201 2910 se
226 2855 393 2909 statim
422 2852 489 2907 ad
523 2850 866 2922 supplicium,
898 2858 955 2901 ut
982 2843 1400 2916 exspectandum
1421 2841 1720 2907 videbatur,

152 2946 375 3016 cenjecit,
400 2943 495 2999 sed
518 2944 586 2997 ad
612 2957 723 2996 rem
750 2936 1070 3001 suaviorem,
1100 2951 1291 3007 nempe
1315 2934 1722 2990 retributionem

149 3038 409 3101 bonorum,
439 3047 752 3089 sermonem
774 3029 1041 3084 convertit
1058 3030 1158 3083 hoc
1180 3036 1335 3098 pacto
1360 3042 1375 3081 :
1404 3025 1429 3079 1
1438 3026 1481 3081 is
1498 3023 1722 3096 quidem,

150 3128 222 3198 qui
247 3126 524 3180 secundum
563 3123 863 3195 patientiam
889 3122 1003 3176 boni
1029 3119 1216 3190 operis,
1240 3117 1455 3189 gloriam
1485 3125 1531 3170 et
1560 3118 1724 3170 hono-

146 3234 236 3273 rem
273 3231 317 3273 et
353 3218 793 3288 incorruptionem
828 3223 1078 3285 quaerunt,
1122 3212 1282 3266 vitam
1319 3221 1582 3265 aeternam.
1628 3206 1727 3263 Hic

148 3328 247 3377 eos,
290 3312 376 3383 qui
421 3312 477 3367 in
520 3308 911 3366 tentationibus
947 3307 1128 3360 annuo
1163 3303 1502 3366 defecerant,
1550 3300 1725 3371 erigit,

143 3406 471 3476 ostenditque
514 3419 632 3459 non
661 3411 911 3472 oportere
956 3400 1007 3453 in
1046 3397 1149 3453 ﬁde
1184 3396 1299 3452 sola
1344 3394 1589 3449 ﬁduciam
1633 3392 1730 3447 ha-

146 3498 457 3553 heremum
505 3494 746 3551 tribunal
787 3492 917 3548 illud
959 3500 1075 3546 acta
1119 3488 1408 3545 examinat.
1452 3484 1730 3556 Perpende

143 3589 296 3655 illum,
323 3604 449 3643 cum
482 3588 557 3643 de
583 3586 777 3642 futuris
813 3584 1068 3654 loquitur,
1099 3596 1204 3635 non
1236 3594 1394 3650 posse
1421 3577 1566 3633 clare
1588 3577 1731 3631 bona

144 3680 220 3735 illa
248 3681 550 3751 explicare,
585 3677 683 3734 sed
708 3677 930 3747 gloriam
966 3685 1020 3730 et
1057 3673 1317 3728 honorem
1355 3670 1556 3725 dicere.
1598 3668 1731 3735 Quia

139 3773 266 3828 enim
294 3773 435 3828 bona
459 3770 706 3827 humana
728 3768 885 3838 longe
906 3772 1177 3835 superant,
1200 3762 1395 3817 nullam
1419 3760 1578 3815 habet
1604 3758 1736 3812 ima-

141 3880 300 3933 ginem
331 3878 503 3937 quam
541 3861 717 3932 possit
759 3858 1052 3921 adhibere;
1089 3854 1182 3911 sed
1217 3852 1287 3909 ab
1326 3853 1411 3917 iis,
1441 3866 1560 3922 quae
1592 3847 1733 3919 apud

138 3971 223 4008 nos
251 3953 636 4026 splendidiora
678 3950 943 4015 videntur,
975 3947 1060 4001 illa
1092 3954 1374 4014 utcumque
1401 3940 1672 4011 exprimit,
1701 3953 1733 3993 a

136 4046 314 4115 gloria,
341 4047 412 4101 ab
441 4046 687 4105 honore,
715 4057 744 4095 a
778 4042 885 4094 vita
921 4057 935 4095 :
967 4038 1053 4092 illa
1079 4037 1222 4091 enim
1253 4037 1393 4090 inter
1430 4048 1515 4088 res
1541 4032 1734 4087 huma-

136 4154 221 4193 nas
249 4146 618 4210 expetuntur.
643 4134 841 4190 Verum
867 4131 1101 4187 caelestia
1125 4144 1229 4183 non
1254 4125 1557 4199 hujusmodi
1578 4133 1733 4190 sunt;

136 4232 221 4286 sed
249 4232 332 4288 his
357 4247 430 4287 eo
453 4239 596 4286 sunt
622 4225 1017 4300 prmstantiora,
1048 4222 1191 4294 quod
1221 4222 1329 4277 sint
1360 4216 1737 4288 incorruptibi-

133 4323 193 4380 lia
220 4336 272 4381 et
299 4324 673 4381 immortalia.

197 4414 536 4469 Resurrectio
570 4427 864 4482 corporum.
882 4407 1160 4464 -—Viden’
1188 4416 1245 4462 ut
1273 4405 1429 4461 nobis
1458 4405 1525 4459 de
1554 4418 1739 4459 resur-

133 4507 364 4562 rectione
387 4519 701 4577 corporum
734 4501 875 4556 fores
904 4499 1197 4570 aperuerit,
1225 4513 1345 4551 cum
1388 4495 1742 4565 incorruptio-

131 4612 243 4649 nem
280 4596 457 4651 dicit?
500 4592 849 4662 incorruptio
892 4590 1035 4646 enim
1081 4588 1169 4642 illa
1214 4586 1455 4656 corrupti
1500 4584 1743 4656 corporis

129 4695 222 4741 est.
258 4687 479 4743 Deinde
510 4686 646 4757 quia
679 4684 779 4738 hoc
816 4699 923 4737 non
962 4680 1092 4735 satis
1118 4688 1253 4744 erat,
1287 4678 1491 4733 addidit
1516 4676 1742 4748 gloriam

128 4790 172 4831 et
202 4779 505 4835 honorem.
535 4777 748 4833 Omnes
768 4775 909 4830 enim
941 4786 1283 4843 resurgemus
1309 4770 1623 4840 incorrupti,
1650 4768 1743 4824 sed

130 4889 227 4927 non
256 4888 462 4929 omnes
492 4872 569 4926 ad
600 4870 848 4943 gloriam,
879 4867 972 4923 sed
997 4865 1086 4921 alii
1114 4866 1181 4920 ad
1203 4865 1543 4935 supplicium,
1567 4863 1653 4917 alii
1678 4861 1745 4917 ad

125 4966 370 5034 gloriam.
407 4965 469 5021 8.
512 4962 605 5017 lis
637 4978 775 5025 vero,
805 4960 893 5030 qui
924 4975 987 5013 ea:
1012 4956 1349 5020 contentione,
1381 4955 1569 5024 inquit.
1603 4953 1746 5008 Rur-

126 5073 212 5111 sus
243 5059 395 5112 enim
429 5056 608 5111 venia
638 5054 811 5124 privat
836 5066 951 5116 eos,
981 5050 1069 5122 qui
1110 5050 1164 5104 in
1192 5047 1425 5118 nequitia
1455 5048 1663 5109 vivunt,
1694 5053 1750 5101 et

122 5151 363 5206 ostendit
384 5165 495 5206 eos
528 5164 609 5203 ex
639 5144 983 5201 contentione
1008 5141 1234 5212 quadam
1254 5149 1309 5195 et
1330 5139 1537 5210 ignavia
1567 5137 1632 5191 ad
1657 5151 1751 5190 ne-

125 5242 345 5309 quitiam
380 5238 705 5295 decidisse.
736 5233 804 5289 Et
825 5252 927 5290 non
948 5234 1270 5303 acquiescant
1299 5230 1517 5294 veritati,
1542 5227 1751 5281 credunt

122 5346 285 5387 autem
324 5328 648 5402 iniquitati.
703 5328 841 5382 Ecce
890 5325 1045 5380 aliam
1093 5339 1280 5379 rursus
1331 5322 1749 5377 accusationem.

123 5426 293 5494 Quam
313 5428 473 5482 enim
497 5422 920 5481 excusationem
950 5419 1200 5474 habuerit
1226 5418 1290 5483 is,
1316 5416 1404 5487 qui
1427 5416 1596 5469 lucem
1623 5412 1757 5484 fugit

122 5534 170 5576 et
200 5524 474 5578 tenebras
505 5516 749 5586 deligit?
775 5515 960 5585 Neque
986 5513 1136 5579 dicit,
1167 5513 1221 5565 Vi
1250 5512 1526 5582 impulsos,
1555 5510 1634 5564 vel
1669 5519 1753 5581 ty-

124 5618 375 5681 rannide,
406 5614 957 5681 sed,obtemperantes
974 5608 1249 5676 iniquitati;
1267 5617 1324 5661 ut
1340 5606 1547 5661 ediscas
1568 5606 1758 5659 volun-

121 5711 240 5764 latis
259 5725 391 5764 esse
421 5708 686 5775 lapsum,
716 5719 822 5758 non
844 5700 1176 5757 necessitatis
1197 5699 1422 5754 crimen.
1446 5698 1498 5754 9.
1534 5697 1747 5752 Tributa.

122 5802 188 5852 tio
213 5813 260 5854 et
289 5800 562 5871 angustia
591 5812 751 5867 super
780 5811 979 5849 omnent
1008 5794 1231 5847 animam
1256 5792 1470 5846 hominis
1506 5791 1759 5862 aperantis

115 5895 338 5949 malm.
384 5892 450 5950 ω
481 5899 612 5952 est,
651 5887 771 5943 licet
799 5887 1083 5957 epulentus
1108 5888 1228 5957 quis
1257 5885 1439 5956 fuerit,
1479 5885 1603 5943 licet
1631 5901 1759 5944 con-

492 5992 793 6053 ΡΑτιιοι.
841 5989 957 6050 Gn.
1007 5984 1136 6051 LX.

1162 425 1226 484 IN
1267 422 1487 483 EPIST.
1525 420 1619 479 AD
1657 417 1821 476 ROM.
1864 418 2092 478 IlOMlL.
2142 425 2204 479 V.

3277 444 3384 505 426

1806 535 1910 601 sul,
1946 536 2070 593 licet
2097 554 2212 604 rex.
2240 541 2514 597 neminem
2542 552 2822 602 reveretur
2844 545 3030 619 iudicii
3063 554 3202 612 ratio
3234 575 3250 616 :
3278 572 3388 619 non

1805 624 1894 681 hic
1923 627 2097 683 locum
2127 629 2326 686 habent
2353 632 2659 703 dignitates.
2690 635 2825 693 Cum
2853 654 2985 712 ergo
3010 644 3184 702 morbi
3219 652 3390 709 vehe-

1805 716 2447 814 mentiamcxhibuisset,
2492 733 2548 779 et
2584 738 2801 783 causam
2839 730 3152 805 addidisset,
3195 755 3390 814 nempe

1805 811 2177 878 aegrotantinm
2210 813 2507 882 ignaviam;
2536 825 2591 873 et
2618 818 2778 876 tinem
2807 837 3042 896 quoque,
3071 832 3215 901 quod
3239 811 3391 894 scili-

1804 911 1890 957 cet
1915 903 2183 973 pernicies
2214 906 2334 961 illos
2364 918 2652 978 exceptura
2680 912 2770 979 sit,
2818 930 3026 975 necnon
3053 925 3392 986 emendatio-

1807 994 1888 1089 nis
1906 992 2223 1089 l‘acilitatem
2244 1011 2259 1051 :
2281 996 2524 1054 Judaeum
2544 1016 2730 1058 rursus
2753 1005 2804 1060 in
2834 1011 3097 1081 supplicio
3111 1030 3387 1089 aggravat.

1805 1083 1991 1140 Judteo
2032 1087 2253 1157 primum
2281 1098 2328 1144 et
2356 1090 2553 1147 erco.
2602 1094 2737 1152 Nam
2778 1101 2868 1169 qui
2908 1105 3115 1176 majore
3148 1083 3394 1171 imbutus

1807 1177 1905 1233 fuit
1924 1178 2189 1277 doctrina,
2221 1183 2410 1254 majori
2439 1186 2705 1257 supplicio
2730 1190 2922 1262 dignus
2944 1195 3121 1268 fuerit,
3142 1203 3187 1258 si
3210 1204 3393 1277 inique

1807 1280 1948 1345 agat.
1995 1271 2179 1343 Itaque
2205 1286 2407 1344 quanto
2431 1278 2808 1347 prudentiores
2835 1291 3266 1364 potentioresque
3293 1271 3389 1351 su-

1809 1376 1949 1430 mus,
1991 1372 2138 1419 tanto
2176 1367 2345 1437 magis
2380 1368 2628 1437 punimur
2656 1372 2701 1427 si
2741 1386 3048 1445 peccemus.
3094 1380 3305 1441 Etenim
3345 1389 3393 1444 si

1809 1454 1958 1510 dives
1986 1469 2067 1524 es,
2095 1458 2275 1527 plures
2296 1474 2326 1512 a
2352 1469 2405 1516 te
2434 1462 2717 1533 exigentur
2744 1474 3005 1535 pecunia,
3029 1487 3189 1542 quam
3210 1492 3241 1532 a
3263 1493 3394 1548 pau-

1812 1562 1973 1615 pere;
2017 1549 2063 1604 si
2102 1550 2438 1619 prudentior,
2479 1556 2654 1627 major
2682 1557 3020 1627 obedientia;
3061 1565 3106 1619 si
3158 1572 3396 1637 potentia

1810 1640 2013 1711 valeas,
2065 1643 2352 1700 illustriora
2394 1661 2559 1717 opera
2592 1666 2605 1701 :
2641 1650 2693 1704 in
2723 1651 2953 1723 aliisque
2989 1658 3243 1717 omnibus
3284 1664 3399 1731 pari

1812 1734 2019 1787 ratione
2044 1748 2139 1803 pro
2170 1735 2309 1790 virili
2336 1744 2389 1792 et
2412 1751 2510 1808 pro
2537 1739 2756 1795 modulo
2781 1743 3046 1801 conteres.
3079 1748 3166 1803 10.
3199 1750 3398 1819 Gloria,

1814 1824 1977 1877 honor
1996 1833 2043 1877 et
2070 1840 2175 1895 pax
2200 1829 2337 1881 omni
2365 1831 2598 1899 aperanti
2635 1831 2845 1901 bonum,
2874 1835 3062 1893 ludam
3093 1843 3315 1912 primum
3352 1855 3402 1900 et

1815 1913 2014 1971 Grazco.
2044 1915 2212 1983 Quem
2254 1918 2499 1977 Judteum
2550 1921 2638 1978 hic
2675 1936 2959 1994 memorat,
3003 1939 3059 1986 et
3095 1931 3165 1988 de
3206 1935 3402 2004 quibus

1814 2006 2018 2062 Graecis
2057 2008 2329 2079 loquitur?
2362 2012 2437 2068 De
2464 2013 2551 2078 iis,
2582 2016 2674 2085 qui
2700 2027 2826 2074 ante
2866 2018 3065 2077 Christi
3109 2023 3404 2083 adventum

1816 2097 1965 2155 furere
2006 2116 2021 2155 :
2064 2101 2301 2157 nondum
2354 2105 2496 2159 enim
2544 2106 2611 2162 ad
2660 2108 2848 2179 gratia;
2902 2118 3112 2182 tempus
3161 2118 3406 2186 pervenit

1815 2207 2014 2257 sermo,
2050 2194 2143 2248 sed
2170 2194 2239 2249 de
2265 2196 2527 2266 superiori
2556 2206 2797 2269 tempore
2822 2200 3081 2273 loquitur,
3110 2205 3224 2275 jam
3254 2208 3406 2277 prius

1816 2282 1884 2338 de
1913 2283 2092 2339 medio
2121 2285 2316 2341 tollens
2343 2286 2697 2345 differentiam
2724 2290 2970 2349 Graecum
2993 2297 3133 2353 inter
3152 2312 3248 2354 seu
3273 2314 3404 2370 gen-

1818 2374 1965 2430 tilem
1993 2385 2048 2431 et
2069 2375 2313 2432 Judzeum
2340 2394 2356 2444 ;
2388 2387 2447 2434 ut
2469 2394 2592 2435 cum
2622 2381 2676 2438 in
2696 2384 2884 2455 gratia:
2910 2393 3154 2457 tempore
3183 2389 3238 2445 id
3263 2389 3407 2449 face-

1820 2475 1924 2533 ret,
1953 2482 2059 2521 non
2089 2483 2177 2524 res
2209 2484 2344 2524 nova
2382 2478 2476 2526 aut
2503 2486 2734 2530 onerosa
2770 2475 3064 2533 videretur.
3095 2479 3154 2536 Si
3177 2482 3320 2537 enim
3350 2483 3405 2539 in

1821 2558 1999 2628 prisco
2030 2559 2123 2613 illo
2151 2568 2416 2631 tempore,
2445 2578 2569 2620 cum
2596 2565 2834 2624 nondum
2874 2577 3021 2627 tanta
3048 2574 3221 2643 gratia
3252 2575 3408 2632 eﬂ‘ul-

1820 2659 1998 2716 serat,
2034 2664 2155 2705 cum
2195 2666 2286 2707 res
2320 2652 2630 2711 Judrcorum
2680 2656 3030 2731 honorandae,
3072 2663 3312 2723 illustres
3350 2676 3410 2724 et

1821 2743 2070 2801 celebres
2098 2744 2241 2815 apud
2270 2761 2459 2803 omnes
2484 2746 2839 2819 habebantur,
2862 2754 3066 2811 nullum
3091 2766 3210 2813 erat
3227 2758 3409 2817 discri-

1824 2850 1947 2890 men
1982 2853 1995 2891 :
2025 2851 2186 2907 quam
2219 2837 2437 2894 demum
2478 2840 2739 2898 rationem
2780 2843 2973 2902 atl‘erre
3014 2856 3263 2918 poterant
3289 2863 3413 2924 post

1826 2935 2027 2981 tantam
2066 2929 2252 2998 gratia:
2289 2928 2718 2988 exhibitionem?
2769 2934 2999 3007 Ideoque
3047 2954 3242 3013 magno
3286 2958 3411 3000 cum

1825 3019 2003 3075 studio
2028 3020 2082 3076 id
2110 3021 2321 3092 probat.
2350 3023 2562 3080 Etenim
2589 3025 2804 3082 auditor
2831 3029 3054 3087 edoctus
3082 3032 3135 3089 id
3164 3034 3275 3105 jam
3304 3038 3414 3107 pri-

1828 3113 1934 3167 scis
1961 3114 2290 3184 temporibus
2318 3115 2571 3183 valuisse,
2602 3120 2769 3175 multo
2790 3121 2960 3193 magis
2990 3133 3113 3194 post
3135 3138 3412 3199 acceptam

1830 3205 1987 3262 ﬁdem
2018 3206 2071 3262 id
2100 3206 2430 3263 admissurus
2460 3217 2596 3264 erat.
2628 3209 2848 3268 Graecos
2866 3223 3046 3270 autem
3067 3230 3163 3273 seu
3184 3220 3416 3289 gentiles

1830 3298 1917 3355 hic
1942 3308 2116 3367 vocat,
2141 3316 2244 3357 non
2263 3300 2592 3368 idololatras,
2611 3304 2705 3360 sed
2729 3319 2823 3361 eos
2838 3306 2928 3377 qui
2952 3307 3119 3365 Deum
3142 3309 3414 3380 colebant,

1829 3389 1921 3460 qui
1963 3392 2189 3451 naturali
2232 3392 2333 3464 legi
2372 3395 2651 3463 parebant,
2683 3397 2774 3466 qui
2811 3406 3005 3467 praeter
3041 3399 3291 3459 Judaicas
3319 3403 3416 3461 oh-

1831 3485 2162 3541 servationes
2189 3484 2392 3552 omnia,
2428 3502 2548 3558 quae
2579 3488 2646 3544 ad
2675 3490 2818 3559 piam
2858 3491 3171 3563 religionem
3207 3504 3418 3566 specta-

1832 3585 1975 3645 rent,
2025 3578 2392 3634 observabant
2435 3594 2450 3632 :
2498 3579 2882 3650 quales‘erant
2921 3582 3316 3644 Melchisedech
3363 3597 3421 3645 et

1831 3668 1954 3734 Joh,
1982 3670 2169 3738 quales
2218 3677 2373 3725 erant
2413 3668 2682 3738 Ninivitae,
2728 3672 2905 3744 qualis
2950 3671 3257 3733 Cornelius.
3297 3678 3418 3735 Jam

1835 3762 2011 3833 itaque
2040 3761 2440 3819 distinctionem
2467 3764 2610 3820 inter
2636 3764 3101 3824 circumcisionem
3125 3779 3180 3826 et
3203 3785 3419 3844 prmpu-

1835 3855 1966 3909 tium
2002 3854 2273 3910 suffodere
2301 3855 2508 3924 incipit,
2547 3865 2604 3913 et
2648 3859 2832 3927 procul
2874 3859 3021 3915 illam
3061 3861 3421 3921 diﬂ'erentiam

1835 3946 2175 4018 aggreditur;
2208 3948 2280 4000 ita
2307 3955 2366 4000 ut
2393 3956 2447 4002 et
2471 3948 2589 4003 sine
2620 3947 2725 4003 ulla
2754 3950 3062 4021 suspicione
3089 3951 3141 4007 id
3164 3951 3345 4017 faciat,
3369 3964 3424 4008 et

1836 4054 1902 4092 ex
1931 4038 2037 4093 alia
2080 4038 2402 4093 necessitate
2443 4038 2497 4093 in
2543 4054 2661 4093 eam
2704 4054 2820 4095 rem
2862 4054 2924 4097 se
2959 4042 3234 4111 conjiciat,
3276 4046 3424 4116 quod

1835 4128 2142 4198 apostolicae
2172 4127 2470 4199 prudentia:
2494 4143 2711 4200 semper
2738 4130 3013 4200 proprium
3057 4131 3176 4189 fuit.
3217 4133 3349 4191 Nam
3375 4136 3426 4193 si

1839 4222 1891 4277 id
1919 4222 2105 4292 gratiae
2130 4222 2463 4291 temporibus
2485 4220 2555 4276 ita
2578 4236 2636 4277 se
2657 4221 2912 4279 habuisse
2930 4222 3224 4293 docuisset,
3250 4228 3420 4284 multa

1839 4316 2147 4386 suspicione
2177 4315 2364 4385 plenus
2393 4329 2573 4369 sermo
2618 4314 2831 4370 habitus
2866 4314 3057 4372 fuisset
3089 4333 3103 4370 :
3138 4315 3281 4388 quod
3323 4335 3428 4374 an»

1842 4417 1946 4462 tem
1964 4407 2032 4463 de
2058 4406 2258 4461 malitia
2277 4415 2332 4461 et
2350 4409 2698 4475 perversitate
2718 4405 2965 4476 loquens,
2984 4422 3103 4478 quae
3126 4419 3251 4464 tunc
3273 4425 3431 4465 mun—

1840 4499 1968 4554 dum
1995 4498 2308 4568 occupabat,
2346 4512 2412 4552 ex
2439 4495 2667 4566 quadam
2700 4498 2840 4554 serie
2869 4499 2923 4554 in
2953 4498 3099 4555 hunc
3123 4514 3428 4558 sermonem

1843 4591 2133 4656 incidisset,
2164 4607 2268 4646 non
2296 4596 2598 4657 suspectam
2627 4591 2923 4647 doctrinam
2952 4591 3228 4649 reddebat.

1914 4686 1969 4740 4.
2010 4682 2163 4751 Quod
2192 4693 2371 4737 autem
2397 4682 2526 4737 illud
2553 4683 2604 4736 in
2627 4696 2791 4753 scopo
2812 4682 3005 4739 habeat
3029 4684 3247 4749 Paulus,
3274 4695 3329 4741 et
3353 4687 3444 4742 sic'

1845 4777 1968 4834 ideo
1996 4794 2109 4833 rem
2137 4776 2518 4848 composuerit,
2555 4776 2678 4831 hinc
2708 4776 2883 4846 palam
2916 4786 3018 4832 est.
3059 4776 3171 4832 Nisi
3206 4780 3348 4833 enim
3379 4780 3433 4835 id

1849 4870 2075 4940 probare
2100 4868 2411 4935 studuisset,
2444 4876 2722 4937 postquam
2752 4866 2984 4935 dixerat,
3014 4866 3310 4924 Secundum
3336 4870 3436 4924 du-

1846 4964 2017 5017 ritiam
2044 4972 2183 5016 tuam
2208 4971 2253 5016 et
2281 4960 2599 5030 impaenitens
2623 4974 2711 5013 cor
2751 4957 3061 5014 thesaurisas
3106 4959 3194 5014 tibi
3219 4962 3350 5014 iram
3378 4962 3430 5016 in

1850 5061 1931 5113 die
1970 5058 2081 5121 ire,
2116 5054 2167 5111 id
2211 5055 2341 5109 satis
2379 5051 2583 5115 ruisset,
2615 5059 2669 5106 et
2707 5065 2766 5105 re
2807 5052 3038 5119 perfecta
3078 5050 3431 5109 claudendum

1850 5161 1965 5208 erat
1993 5152 2092 5204 hoc
2118 5154 2511 5219 argumentum.
2538 5143 2736 5199 Verum
2756 5144 2878 5214 quia
2911 5158 3017 5198 non
3048 5144 3123 5199 illi
3155 5145 3206 5199 in
3236 5160 3438 5216 propo-

1853 5245 1957 5297 sito
1979 5249 2092 5296 erat
2120 5239 2187 5294 de
2214 5239 2389 5292 futuro
2423 5234 2624 5306 judicio
2671 5243 2875 5289 tantum
2912 5249 3090 5304 agere,
3120 5235 3214 5290 sed
3253 5246 3438 5292 osten-

1853 5336 1983 5391 dere
1999 5332 2209 5388 volebat
2229 5330 2353 5384 nihil
2377 5328 2493 5398 plus
2514 5326 2712 5382 habere
2728 5324 2990 5391 Iudicum,
3012 5341 3168 5397 quam
3188 5325 3437 5383 Graecum

1857 5422 2188 5496 hujusmodi;
2221 5436 2287 5476 ne
2313 5418 2529 5474 Judaeus
2555 5417 2719 5471 altum
2746 5423 2978 5486 saperet,
3008 5415 3141 5472 ultra
3168 5418 3444 5488 progredi-

1860 5529 1963 5580 tnr,
2002 5526 2055 5571 et
2095 5512 2281 5569 ordine
2322 5510 2506 5565 utitur.
2553 5506 2830 5578 Perpende
2867 5514 3046 5563 autem
3087 5525 3101 5563 :
3140 5508 3437 5563 auditorem

1859 5609 2068 5673 terruit,
2101 5602 2429 5660 tremendam
2468 5600 2614 5655 illam
2649 5598 2791 5655 diem
2830 5600 2981 5669 quasi
3022 5600 3269 5666 intonuit,
3309 5599 3447 5655 dixit

1859 5710 2113 5771 quantum
2144 5706 2288 5755 esset
2316 5694 2514 5751 malum
2542 5693 2594 5749 in
2616 5693 2850 5764 nequitia
2870 5694 3069 5758 vivere,
3092 5694 3324 5750 ostendit
3343 5709 3445 5751 ne-

1860 5794 2056 5848 minem
2096 5805 2160 5847 ex
2202 5786 2497 5860 ignorantia
2546 5800 2789 5856 peccare,
2845 5801 3019 5857 neque
3066 5785 3301 5857 impune,
3350 5784 3447 5841 sed

1862 5884 2067 5943 etiamsi
2101 5898 2239 5940 nunc
2266 5895 2451 5955 pmnas
2486 5894 2594 5938 non
2632 5877 2742 5949 det,
2773 5878 3018 5936 daturum
3057 5881 3276 5938 omnino
3301 5894 3444 5937 esse.

3038 5977 3123 6041 27
