3950 6492
516 451 619 515 ’5³17

519 572 652 626 llinc
679 570 894 626 demum
922 567 1151 640 probare
1185 567 1318 633 vult,
1350 566 1479 637 legis
1507 566 1801 620 doctrinam
1843 578 1951 617 non
1980 575 2098 615 esse

518 677 631 717 rem
666 661 954 717 admodum
991 668 1265 731 urgentem
1297 676 1311 711 :
1343 672 1463 711 nam
1506 657 1559 711 in
1603 656 1853 733 operibus
1891 654 1989 707 sita
2018 661 2101 706 est

517 767 697 821 poena,
727 754 885 809 situm
910 752 1207 822 praemium,
1237 762 1341 803 non
1371 750 1422 803 in
1448 748 1854 803 circumcisione
1879 756 1932 801 et
1960 761 2098 815 pra:-

516 844 685 914 putio.
710 843 995 913 Postquam
1026 842 1183 911 igitur
1207 840 1432 906 dixerat,
1464 838 1706 907 Graecum
1734 839 1951 893 omnino
1982 851 2099 907 pte-

514 950 640 990 nam
670 948 791 989 esse
816 934 1135 999 subiturum,
1166 931 1325 1002 idque
1359 931 1411 985 in
1438 931 1686 987 confesso
1726 931 1841 998 fuit,
1882 940 1936 985 et
1975 928 2099 985 inde

515 1026 760 1097 probavit
781 1026 941 1081 etiam
970 1024 1339 1080 honorandum
1375 1038 1515 1089 esse,
1544 1022 1867 1094 superﬂuam
1905 1020 2099 1077 deinde

513 1118 749 1175 ostendit
790 1118 959 1190 legem
986 1126 1040 1173 et
1072 1116 1533 1173 eireumeisionem
1565 1133 1579 1170 :
1613 1131 1735 1170 nam
1775 1114 1861 1168 hic
1885 1113 2098 1170 Judzeos

514 1210 747 1265 maxime
758 1208 1187 1280 impugnat.Quia
1206 1207 1348 1262 enim
1365 1206 1437 1262 illi
1451 1206 1898 1261 contentiosiores
1914 1212 2094 1269 erant;

512 1301 690 1373 primo
710 1315 823 1371 prae
850 1299 986 1356 fastu
1007 1314 1113 1354 non
1146 1298 1425 1369 dignantes
1452 1311 1512 1352 se
1538 1311 1657 1351 cum
1688 1295 1973 1366 gentilibus
1997 1310 2097 1349 an-

509 1408 831 1461 numerare;
858 1392 1097 1450 secundo
1120 1390 1406 1449 irridentes
1430 1403 1524 1445 eos
1552 1389 1641 1458 qui
1669 1389 1911 1445 dicerent
1937 1386 2093 1443 ﬁdem

509 1503 728 1564 peccata
754 1492 934 1549 omnia
972 1492 1153 1547 delere
1181 1508 1195 1546 :
1228 1490 1350 1547 ideo
1382 1489 1529 1559 prius
1568 1487 1785 1544 Graecos
1814 1482 2093 1548 incusavit,

508 1589 577 1643 de
602 1587 793 1659 quibus
818 1585 1092 1657 agebatur,
1126 1592 1183 1639 ut
1211 1585 1327 1641 sine
1356 1582 1660 1654 suSpicione
1681 1591 1878 1636 etcum
1903 1577 2095 1632 ﬁducia

507 1678 724 1734 Judaeos
764 1677 1085 1733 adoriretur.
1121 1676 1321 1731 Deinde
1347 1690 1470 1730 cum
1503 1674 1570 1729 ad
1601 1671 1844 1743 supplicii
1870 1683 2093 1725 examen

508 1769 675 1836 venit,
723 1769 958 1823 ostendit
990 1767 1233 1823 Judaeum
1271 1782 1377 1822 non
1409 1766 1570 1821 modo
1613 1764 1744 1819 nihil
1787 1760 2027 1817 utilitatis
2063 1776 2093 1815 a

509 1859 628 1929 lege
648 1858 914 1930 accipere,
942 1857 1038 1913 sed
1070 1858 1229 1912 etiam
1251 1856 1526 1928 aggravari
1556 1872 1569 1908 :
1600 1864 1655 1910 et
1682 1854 1782 1909 hoc
1800 1853 1907 1922 jam
1938 1865 2090 1921 supe-

508 1952 620 2006 rius
645 1950 874 2021 probare
895 1946 1115 2020 incepit.
1155 1949 1214 2005 Si
1238 1963 1466 2019 namque
1494 1948 1714 2003 Graccus
1744 1946 1864 2001 ideo
1885 1945 2093 1999 inexcu-

508 2044 692 2099 sabilis
723 2052 835 2111 est,
876 2044 997 2115 quia
1033 2052 1088 2099 et
1126 2053 1315 2097 natura
1365 2051 1419 2097 et
1466 2039 1875 2111 cogitationibus
1919 2038 2091 2107 ipsum

508 2134 917 2199 inducentibus,
960 2134 1158 2189 melior
1191 2149 1295 2187 non
1336 2132 1544 2198 evasit;
1578 2133 1744 2186 multo
1785 2130 1954 2201 magis
1994 2127 2092 2183 Ju-

509 2224 677 2291 ὁπως,
708 2226 799 2297 qui
828 2240 947 2280 cum
980 2224 1066 2280 his
1090 2225 1388 2279 doctrinam
1421 2237 1634 2295 quoque
1662 2238 1692 2277 a
1719 2222 1833 2293 lege
1867 2220 2090 2290 accepit.

507 2315 640 2372 Cum
669 2316 1021 2386 persuasisset
1048 2331 1178 2387 ergo
1207 2315 1301 2381 illi,
1330 2325 1386 2370 ut
1408 2315 1459 2369 in
1481 2314 1706 2368 aliorum
1735 2312 1967 2383 peccatis
1989 2311 2092 2364 hoc

506 2408 840 2463 ratiocinium
862 2406 1191 2473 admitteret,
1218 2407 1307 2463 vel
1334 2406 1554 2461 invitum
1590 2404 1734 2475 cogit
1763 2404 1913 2459 illum
1940 2401 2093 2457 dein-

505 2515 633 2569 ceps
676 2507 738 2554 ut
763 2499 816 2554 in
845 2500 931 2568 iis,
962 2514 1082 2570 qua:
1108 2498 1175 2553 ad
1207 2499 1379 2569 ipsum
1419 2505 1741 2568 spectarent,
1770 2494 1909 2550 idem
1947 2492 2091 2549 face.

505 2600 607 2649 ret.
632 2593 701 2648 Et
726 2600 784 2648 ut
808 2592 1227 2648 faciliussermo
1251 2592 1563 2661 accipiatur,
1592 2590 1659 2644 ad
1702 2590 1911 2644 mitiora
1940 2587 2089 2641 illum

506 2683 654 2739 ducit
685 2683 768 2738 his
811 2683 1025 2739 verbis:
1051 2679 1247 2749 Gloria,
1281 2684 1443 2735 honor
1471 2691 1519 2736 et
1548 2697 1650 2751 pax
1688 2681 1823 2735 omni
1862 2678 2091 2749 aperanti

506 2775 711 2841 bonum,
746 2774 930 2829 Iudaeo
972 2774 1189 2845 primum
1226 2783 1272 2828 et
1316 2772 1513 2828 erco.
1552 2772 1651 2828 llic
1691 2773 1832 2828 enim
1863 2780 2088 2842 quanta-

498 2881 733 2937 cumque
758 2867 877 2937 quis
906 2865 1100 2921 habeat
1126 2866 1286 2931 bona,
1312 2880 1431 2921 cum
1465 2864 1861 2935 perturbatione
1900 2878 2088 2933 magna

504 2959 686 3027 habet,
714 2958 840 3016 licet
864 2959 1014 3015 dives
1043 2960 1133 3025 sit,
1161 2960 1286 3015 licet
1308 2968 1519 3029 potens,
1540 2959 1668 3014 licet
1695 2974 1788 3014 rex
1812 2974 1827 3024 ;
1860 2959 1960 3013 etsi
1982 2972 2085 3013 non

501 3067 625 3108 cum
655 3051 782 3117 alio,
810 3066 991 3107 secum
1022 3051 1213 3107 saltem
1238 3066 1381 3121 saepe
1409 3050 1651 3117 dissidet,
1674 3060 1728 3106 et
1753 3050 1978 3105 multum
2003 3051 2086 3105 vel

502 3144 556 3199 in
574 3143 981 3215 cogitationibus
1012 3143 1172 3199 habet
1210 3143 1407 3198 bellum
1441 3159 1455 3196 :
1490 3141 1597 3197 illic
1633 3149 1809 3196 autem
1846 3138 1975 3195 nihil
2016 3140 2089 3195 si-

502 3235 648 3303 mile,
671 3235 765 3291 sed
795 3235 975 3289 omnia
1000 3234 1285 3305 tranquilla
1320 3243 1374 3289 et
1402 3249 1432 3287 a
1459 3233 1860 3303 perturbatione
1893 3233 2083 3298 libera,

499 3343 621 3383 cum
656 3327 1061 3398 vera‘adjuncta
1095 3341 1247 3397 pace.
1284 3325 1418 3382 Cum
1461 3340 1526 3380 ex
1569 3340 1728 3394 supra
1773 3325 1930 3380 dictis
1958 3340 2086 3394 ergo

500 3419 796 3489 probasset,
836 3420 997 3475 etiam
1041 3434 1135 3474 eos
1168 3419 1259 3490 qui
1297 3419 1466 3489 legem
1495 3433 1603 3473 non
1638 3417 1857 3485 habent,
1896 3418 2084 3473 eadem

499 3514 613 3580 ipsa
642 3512 779 3566 bona
802 3518 1182 3581 asscquuturos
1201 3509 1734 3576 esse,'ratiocinando
1755 3510 1925 3581 pergit
1951 3527 1964 3563 :
1994 3511 2081 3567 11.

501 3601 624 3657 Νοη
654 3603 787 3656 enim
814 3611 886 3657 est
925 3617 1257 3671 personarum
1290 3602 1512 3671 acceptio
1549 3600 1689 3670 apud
1732 3601 1915 3656 Deum.
1951 3603 2081 3657 Cum

499 3697 640 3752 enim
676 3696 805 3752 dicit
832 3705 886 3752 et
911 3695 1151 3751 Judaeum
1193 3703 1249 3752 et
1280 3694 1526 3751 Graecum
1556 3706 1841 3764 peccantes
1884 3696 2080 3765 puniri,

500 3802 606 3841 non
630 3786 798 3841 habet
840 3787 1121 3842 ratiocinio
1160 3800 1324 3857 opus;
1367 3800 1488 3841 cum
1522 3801 1650 3841 vero
1696 3794 1931 3842 statuere
1973 3788 2085 3841 vult

498 3880 751 3935 honorari
778 3880 1045 3943 Grmeum,
1078 3889 1203 3934 tunc
1235 3879 1545 3948 probatione
1574 3893 1707 3948 opus
1736 3877 1918 3934 habet.
1950 3878 2082 3933 Nam

496 3975 690 4027 mirum
713 3982 769 4028 et
794 3973 1109 4043 stupendum
1133 3971 1412 4027 videbatur
1436 3986 1579 4037 esse,
1610 3972 1652 4027 si
1682 3971 1727 4026 is
1755 3971 1842 4041 qui
1872 3986 1969 4026 nec
2003 3972 2082 4027 le-

496 4082 617 4137 gem
645 4081 743 4121 nec
766 4068 1054 4137 prophetas
1082 4066 1341 4131 audierat,
1370 4067 1508 4122 bona
1537 4082 1764 4136 operans
1793 4066 2083 4123 honorare-

499 4168 605 4213 tnr.
633 4157 780 4223 ldeo,
822 4167 878 4212 ut
900 4158 1008 4227 jam
1036 4157 1238 4222 dixi,in
1265 4158 1592 4227 temporibus
1629 4158 1851 4227 gratiam
1874 4152 2081 4229 prmce-

503 4250 753 4305 dentibus
774 4249 983 4304 illorum
1006 4248 1243 4303 auditum
1266 4258 1500 4315 exercet,
1523 4258 1579 4303 ut
1605 4249 1807 4304 facilius
1829 4250 2081 4319 deinceps

498 4357 620 4397 cum
660 4340 784 4406 fide,
829 4340 1040 4395 illorum
1083 4342 1133 4394 in
1165 4340 1249 4394 his
1289 4356 1606 4396 consensum
1653 4342 1949 4397 induceret.
1986 4343 2083 4400 llic

496 4436 641 4491 enim
674 4443 954 4504 suSpectus
981 4433 1199 4488 minime
1226 4444 1326 4499 est,
1357 4442 1541 4504 utpote
1569 4436 1656 4503 qui
1688 4451 1790 4489 non
1820 4437 2079 4491 intentum

497 4541 653 4581 suum
682 4526 889 4595 probet.
918 4525 1047 4580 Cum
1074 4525 1296 4579 dixisset
1319 4538 1465 4593 ergo,
1494 4522 1691 4588 Gloria,
1724 4526 1885 4581 honor
1905 4537 1951 4580 et
1979 4544 2083 4598 pax

498 4620 638 4673 omni
664 4619 894 4689 aperanti
936 4618 1140 4685 bonum,
1172 4616 1356 4671 Juda’o
1388 4618 1605 4686 primum
1636 4628 1682 4672 et
1712 4618 1889 4674 erco
1912 4636 1933 4685 ,°
1959 4636 2083 4691 per.

496 4714 593 4782 git,
628 4710 749 4766 Non
796 4720 869 4766 est
906 4712 1040 4767 enim
1080 4726 1409 4781 personarum
1438 4713 1662 4781 acceptio
1709 4715 1848 4784 apud
1892 4714 2075 4771 Deum.

498 4807 678 4875 Papae,
712 4812 907 4875 quanta
936 4819 1057 4858 cum
1085 4802 1429 4858 exuberantia
1459 4803 1610 4859 vicit!
1652 4806 1884 4859 ostendit
1911 4808 2077 4873 enim,

494 4911 556 4952 re
588 4896 645 4950 in
683 4895 1064 4951 absurditatem
1106 4893 1371 4959 adducta,
1417 4909 1523 4948 non
1571 4895 1862 4950 secundum
1910 4897 2076 4952 Dcnm

494 4990 631 5053 fore,
662 4988 704 5041 si
738 5001 827 5043 res
858 4988 928 5041 ita
967 5002 1073 5041 non
1102 4995 1281 5052 esset;
1321 5002 1441 5040 nam
1470 4987 1520 5041 id
1554 5002 1899 5057 personarum
1928 5004 2080 5043 acce-

496 5082 607 5151 ptio
638 5091 816 5136 esset:
846 5081 985 5151 qnod
1016 5081 1069 5136 in
1098 5081 1268 5136 Deum
1306 5082 1498 5137 cadere
1527 5097 1631 5135 non
1664 5092 1855 5150 potest.
1899 5083 2079 5152 Neque

496 5174 651 5238 dixit,
684 5173 792 5227 Nisi
817 5187 903 5228 res
926 5174 994 5228 ita
1019 5188 1077 5227 se
1107 5173 1322 5241 habeat,
1352 5187 1699 5243 personarum
1728 5184 1977 5243 acceptor
1997 5186 2079 5228 est

496 5267 679 5331 Deus;
712 5266 804 5320 sed
843 5265 1052 5335 dignius
1080 5266 1324 5335 loquens,
1369 5263 1491 5319 Non
1519 5274 1591 5319 est
1630 5282 1958 5333 personarum
1991 5282 2078 5319 ac-

491 5356 654 5427 ceptio
672 5356 810 5426 apud
832 5355 994 5408 Deum
1017 5371 1035 5418 ;
1056 5355 1106 5409 id
1128 5365 1231 5422 est,
1256 5370 1356 5409 non
1379 5370 1722 5424 personarum
1743 5357 2072 5425 qualitatem,

493 5449 589 5505 sed
619 5463 798 5504 rerum
825 5447 1176 5503 dill‘erentiam
1208 5449 1493 5501 examinat.
1525 5448 1661 5502 Hine
1691 5464 1818 5502 vero
1841 5449 2077 5503 declarat

491 5556 599 5595 nou
629 5554 709 5606 re,
738 5538 833 5593 sed
873 5552 1098 5608 persona
1140 5538 1380 5593 Judaeum
1425 5554 1454 5593 a
1494 5538 1681 5593 Graeco
1708 5538 1948 5594 diflerre.
1985 5540 2076 5593 llis

493 5645 829 5700 consequens
857 5639 975 5686 erat
999 5629 1181 5686 dicere
1212 5647 1227 5686 :
1258 5630 1373 5684 Non
1401 5630 1563 5699 enim,
1587 5631 1710 5699 quia
1742 5632 1830 5685 ille
1855 5631 2072 5701 quidem

488 5723 723 5789 Juda‘us,
755 5723 839 5778 hic
866 5724 1083 5777 Graecus
1109 5739 1123 5787 ;
1158 5723 1275 5777 ideo
1304 5724 1388 5777 ille
1412 5723 1623 5791 quidem
1652 5724 1958 5786 honoratur,
1989 5723 2074 5778 hic

490 5832 620 5873 vero
641 5817 959 5871 contumelia
989 5816 1218 5871 afﬁcitur
1250 5834 1262 5870 :
1297 5815 1388 5870 sed
1419 5832 1484 5870 ex
1510 5814 1761 5884 Operibus
1792 5826 2073 5887 utrumque

487 5907 572 5963 fit.
605 5905 798 5964 Verum
835 5923 941 5965 non
971 5910 1042 5965 ita
1070 5908 1238 5977 dixit;
1266 5924 1385 5964 nam
1417 5906 1586 5964 Judaei
1613 5908 1845 5964 animum
1886 5910 2069 5964 conci-

1256 456 1313 513 S.
1352 451 1627 511 JOANNIS
1664 445 2136 508 CIIRYSOSTOMI
2177 445 2487 504 AllClllEP.
2530 446 3058 525 CONSTANTINOP.
3686 454 3777 511 ηε

2207 567 2369 614 lasset
2394 576 2407 623 ;
2432 559 2525 614 sed
2557 558 2682 630 quid
2709 562 2941 631 amplius
2974 563 3195 623 addidit.
3223 564 3432 620 illorum
3462 566 3663 622 fastum
3690 570 3773 625 ὼς

2200 649 2391 718 jiciens
2411 666 2473 704 ac
2494 654 2877 719 comprimens,
2899 663 2953 709 ut
2972 656 3103 710 illud
3118 657 3483 715 admitterent.
3502 660 3645 730 Quid
3665 663 3774 720 illud

2203 740 2321 793 est?
2352 740 2403 793 ld
2434 742 2574 810 quod
2616 743 2878 812 sequitur.
2919 745 3006 799 12.
3049 746 3361 820 Quicumque
3398 752 3554 818 enim,
3597 753 3774 824 inquit,

2202 831 2311 884 sine
2337 832 2445 902 lege
2464 844 2807 903 peccaverunt,
2831 837 2940 890 sine
2956 837 3064 907 lege
3077 840 3305 910 peribunt
3322 857 3343 895 :
3358 852 3406 897 et
3419 845 3723 917 quicumque
3734 849 3775 904 in

2203 921 2310 993 lege
2334 934 2676 992 peccaverunt,
2703 942 2789 997 per
2829 925 2986 998 legem
3019 929 3408 998 judicabantur.
3436 935 3560 1002 Hic,
3596 947 3657 992 ut
3683 940 3775 1008 jam

2200 1012 2337 1079 dixi,
2365 1028 2469 1068 non
2496 1015 2655 1071 modo
2697 1018 3050 1087 mqualitatem
3083 1020 3221 1077 inter
3258 1022 3501 1082 Judaium
3544 1038 3602 1084 et
3649 1028 3779 1086 Gra-

2199 1118 2320 1160 cum
2340 1106 2552 1172 indicat,
2574 1107 2668 1163 sed
2685 1110 2845 1164 etiam
2860 1110 3102 1168 Judaeum
3124 1129 3156 1168 a
3178 1116 3295 1185 lege
3324 1118 3478 1175 valde
3508 1132 3775 1191 gravatum

2199 1213 2318 1254 esse
2356 1199 2687 1257 demonstrat
2720 1221 2734 1259 :
2765 1203 2986 1260 Graecus
3010 1207 3152 1262 enim
3192 1210 3311 1266 sine
3353 1211 3471 1283 lege
3490 1214 3773 1284 iudicatur.

2198 1289 2295 1345 Hic
2313 1298 2511 1357 autem.
2534 1292 2659 1348 Sine
2673 1293 2799 1367 lege,
2821 1311 2927 1351 non
2943 1298 3181 1368 gravius,
3202 1302 3297 1357 sed
3319 1305 3498 1361 minus
3514 1308 3775 1380 quidpiam

2198 1381 2423 1447 indicat,
2457 1383 2508 1438 id
2539 1392 2644 1453 est,
2668 1402 2773 1441 non
2804 1386 2965 1444 habet
2988 1402 3327 1449 accusantem
3352 1410 3412 1452 se
3432 1396 3636 1469 legem.
3659 1401 3773 1459 illud

2198 1474 2363 1542 enim,
2383 1473 2509 1530 Sine
2523 1476 2648 1548 lege,
2668 1477 2720 1533 id
2732 1488 2833 1546 est,
2850 1482 2967 1538 sine
2980 1482 3323 1541 damnatione
3339 1503 3408 1544 ex
3426 1489 3548 1560 lege
3567 1492 3777 1561 facta,et

2197 1580 2265 1622 ex
2288 1568 2617 1625 naturalibus
2636 1571 2807 1626 solum
2826 1575 3123 1631 ratiociniis
3145 1579 3560 1639 condemnatur.
3578 1583 3777 1644 Judmus

2195 1675 2325 1715 vero
2350 1677 2415 1716 ex
2448 1661 2608 1732 lege;
2659 1664 2711 1718 id
2754 1674 2860 1733 est,
2895 1665 3012 1737 lege
3054 1683 3178 1723 cum
3205 1672 3409 1728 ‘natura
3460 1674 3772 1735 incusante:

2195 1763 2394 1822 quanto
2418 1756 2563 1810 enim
2588 1756 2792 1828 majore
2814 1773 2941 1814 cura
2972 1759 3219 1832 dignatus
3245 1774 3348 1833 est,
3376 1775 3528 1824 tanto
3556 1771 3775 1841 majores

2195 1843 2339 1899 dabit
2368 1861 2573 1916 poenas.

2266 1937 2319 1993 5.
2365 1938 2559 1996 Viden’
2582 1953 2783 2012 quanto
2806 1945 3061 2013 majorem
3084 1946 3285 2003 Judzcis
3303 1953 3689 2010 necessitatem
3714 1957 3774 2011 in-

2196 2028 2400 2098 tulerit,
2425 2039 2483 2085 ut
2512 2032 2577 2087 ad
2617 2035 2841 2105 gratiam
2874 2044 3259 2097 accurrereut?
3287 2043 3419 2113 Quia
3464 2048 3614 2102 enim
3643 2048 3775 2107 dice.

2195 2118 2323 2175 bant
2349 2136 2407 2176 se
2436 2137 2541 2178 non
2574 2139 2736 2196 egere
2760 2129 2953 2198 gratia,
2996 2145 3093 2201 per
3120 2132 3290 2205 legem
3313 2137 3487 2192 solam
3520 2139 3773 2207 justifies-

2193 2219 2315 2305 tos;
2359 2215 2592 2270 ostendit
2622 2217 2768 2287 ipsos
2806 2222 2974 2291 magis
3007 2238 3165 2294 quam
3213 2225 3432 2284 Graecos
3472 2230 3563 2287 illa
3606 2249 3774 2305 egere,

2192 2304 2455 2375 siquidem
2484 2309 2652 2379 magis
2683 2312 2933 2380 puniendi
2970 2324 3115 2370 sunt.
3146 2317 3351 2374 Deinde
3389 2320 3539 2377 aliud
3587 2323 3776 2380 inducit

2192 2397 2550 2462 ratiocinium,
2579 2417 2686 2470 quo
2711 2402 2821 2472 jam
2851 2405 2995 2461 dicta
3023 2419 3347 2479 propugnet.
3376 2412 3466 2467 l3.
3496 2414 3627 2469 Non
3655 2418 3777 2470 enim

2191 2488 2448 2545 auditores
2475 2490 2598 2560 legis
2629 2494 2760 2563 justi
2797 2505 2915 2550 sunt
2951 2499 3092 2568 apud
3120 2499 3301 2555 Deum.
3346 2502 3517 2560 Recte
3556 2507 3775 2575 addidit,

2191 2585 2344 2655 Apud
2385 2586 2546 2642 Deum
2578 2604 2598 2643 :
2627 2605 2749 2644 nam
2801 2593 2942 2662 apud
2994 2594 3240 2652 homines
3283 2597 3514 2656 fortasse
3562 2615 3777 2671 possunt

2193 2678 2491 2735 honorandi
2524 2682 2715 2750 videri,
2744 2695 2798 2740 et
2827 2700 2949 2742 sese
2978 2703 3301 2759 magnopere
3326 2692 3619 2761 jactitare;
3646 2698 3774 2767 apud

2191 2771 2357 2827 Deum
2390 2789 2517 2829 vero
2545 2784 2732 2830 contra
2754 2778 2973 2834 omnino
3000 2778 3243 2836 Factores
3264 2784 3389 2855 legis
3412 2794 3616 2840 tantum
3632 2790 3776 2859 justi-

2190 2864 2428 2931 ﬁcantur.
2468 2865 2621 2921 Vides
2648 2882 2768 2921 cum
2793 2879 2989 2939 quanta
3019 2873 3284 2927 rationum
3314 2875 3365 2929 vi
3394 2890 3706 2933 sermonem
3726 2882 3774 2934 in

2188 2959 2514 3013 contrarium
2541 2962 2752 3016 vertat?
2778 2962 2833 3018 Si
2856 2965 2997 3018 enim
3022 2981 3116 3035 per
3136 2966 3328 3037 legem,
3359 2968 3557 3040 inquit,
3580 2974 3775 3027 servati

2188 3061 2366 3119 rogas,
2413 3058 2465 3105 te
2495 3049 2594 3106 hac
2632 3051 2687 3106 in
2734 3069 2794 3109 re
2838 3055 3102 3122 przecedet
3143 3058 3373 3128 gentilis,
3422 3062 3515 3132 qui
3555 3078 3619 3119 ea
3661 3081 3777 3135 qua:

2187 3141 2382 3211 scripta
2426 3152 2551 3198 sunt
2577 3157 2904 3216 exsequutus
2936 3148 3164 3204 videtur.
3197 3151 3267 3206 Et
3302 3153 3393 3222 qui
3438 3154 3555 3210 fieri
3588 3159 3774 3225 potuit,

2187 3235 2417 3306 inquies,
2451 3248 2510 3291 ut
2536 3238 2627 3308 qui
2656 3239 2865 3295 auditor
2894 3257 2998 3296 non
3029 3241 3211 3311 fuerit,
3242 3244 3415 3300 factor
3443 3248 3644 3302 fuerit?
3673 3250 3774 3305 Po-

2186 3335 2308 3393 test,
2334 3329 2523 3400 inquit,
2556 3330 2694 3397 ﬁeri,
2726 3346 2836 3385 non
2861 3332 2964 3388 hoc
2992 3342 3219 3401 tantum,
3244 3336 3340 3392 sed
3370 3348 3426 3392 et
3448 3338 3594 3396 aliud
3623 3341 3775 3410 longe

2187 3421 2381 3490 majus.
2418 3422 2532 3475 Non
2574 3423 2744 3479 solum
2779 3426 2921 3480 enim
2963 3427 3078 3482 sine
3127 3428 3400 3485 auditione
3445 3441 3624 3501 potest
3660 3450 3777 3489 esse

2185 3513 2375 3581 factor,
2408 3514 2502 3570 sed
2528 3517 2686 3571 etiam
2726 3527 2847 3588 post
2882 3519 3209 3577 auditionem
3250 3533 3433 3593 potest
3461 3542 3569 3582 non
3608 3528 3778 3582 factor

2186 3620 2343 3671 esse;
2393 3606 2444 3660 id
2486 3607 2626 3677 quod
2660 3619 2841 3678 postea
2883 3611 3078 3666 clarius
3117 3615 3365 3684 exprimit
3419 3632 3543 3672 cum
3577 3621 3777 3689 majore

2184 3696 2234 3749 vi
2264 3697 2546 3753 verborum
2578 3717 2589 3751 :
2627 3700 2728 3767 Qui
2756 3702 2905 3757 doces
2948 3705 3128 3773 alium,
3177 3707 3393 3777 teipsum
3433 3728 3535 3765 non
3579 3713 3777 3771 doces?

2188 3784 2285 3839 llic
2305 3796 2480 3842 autem
2508 3788 2722 3845 interim
2745 3791 2974 3861 primum
2999 3794 3122 3849 illud
3146 3799 3353 3866 probat.
3379 3800 3469 3856 14.
3494 3800 3620 3855 Cum
3644 3806 3776 3857 enim

2184 3887 2373 3948 gentes,
2398 3880 2587 3950 inquit,
2618 3899 2729 3953 qua:
2765 3884 2924 3955 legem
2961 3903 3058 3941 non
3102 3888 3305 3956 habent,
3338 3895 3642 3948 naturaliter
3665 3913 3775 3966 qua

2186 3971 2309 4042 legis
2338 3982 2453 4026 sunt
2482 3973 2714 4043 faciunt;
2741 3976 2794 4028 hi
2816 3977 2975 4047 legem
2997 3996 3095 4033 non
3118 3981 3372 4050 habentes,
3397 3984 3495 4038 sibi
3513 3987 3641 4056 ipsis
3662 3998 3776 4041 sunt

2185 4063 2287 4117 lex.
2311 4063 2424 4119 Non
2455 4065 2611 4134 ejicio
2642 4066 2834 4137 legem,
2879 4070 3064 4139 inquit,
3105 4073 3199 4126 sed
3243 4074 3365 4129 hinc
3394 4086 3586 4145 gentes
3615 4078 3776 4147 justi-

2185 4155 2310 4211 fico.
2355 4156 2537 4211 Viden’
2578 4160 2848 4226 qttmuodo
2889 4159 3148 4215 Judaismi
3190 4163 3413 4232 gloriam
3456 4166 3769 4229 suﬂodiens,

2184 4246 2386 4300 nullam
2432 4247 2515 4301 sui
2559 4249 2843 4303 accusandi
2896 4265 3080 4305 ansam
3130 4254 3351 4322 praebet,
3399 4258 3552 4326 quasi
3598 4258 3771 4329 legem

2183 4337 2521 4403 dehonestat,
2557 4341 2664 4394 imo
2703 4350 2911 4408 contra,
2955 4344 3108 4413 quasi
3151 4346 3397 4401 exaltans
3436 4356 3493 4402 et
3529 4365 3773 4419 magnam

2183 4429 2476 4485 ostendens
2506 4432 2669 4496 illam,
2700 4433 2778 4487 sic
2801 4442 2968 4488 totum
2999 4435 3228 4503 probat?
3254 4435 3386 4491 Cum
3417 4450 3594 4495 autem
3615 4442 3769 4507 dicit,

2184 4520 2525 4589 Naturaliter,
2559 4524 2852 4579 secundum
2882 4526 3141 4580 naturalia
3174 4527 3454 4585 ratiocinia
3483 4531 3771 4603 intelligit:

2182 4624 2237 4669 et
2260 4614 2493 4668 ostendit
2513 4615 2646 4670 alios
2676 4631 2796 4671 esse
2823 4617 3093 4682 meliores,
3124 4626 3179 4673 et
3205 4619 3350 4690 quod
3382 4624 3558 4691 majus
3581 4634 3687 4687 est,
3708 4640 3774 4679 ea

2183 4706 2249 4761 de
2275 4721 2433 4760 causa
2465 4707 2737 4774 meliores,
2766 4708 2906 4777 quod
2958 4724 3061 4763 non
3103 4712 3411 4780 acceperint
3446 4714 3641 4784 legem,
3671 4732 3773 4771 nec

2183 4800 2414 4855 habeant
2449 4801 2614 4865 illam,
2666 4817 2769 4871 qua
2811 4801 3057 4857 videntur
3100 4802 3272 4861 Judmi
3314 4818 3593 4875 praestare.
3644 4808 3809 4863 Ideo.

2181 4893 2346 4961 enim,
2391 4893 2484 4960 ait,
2526 4894 2799 4950 mirabiles
2842 4905 2988 4961 sunt,
3032 4896 3154 4966 quia
3194 4896 3314 4967 lege
3352 4913 3462 4953 non
3493 4916 3626 4971 opus
3672 4901 3773 4955 ha-

2182 4984 2366 5047 buere,
2400 4994 2453 5039 et
2491 5001 2610 5054 quae
2656 4985 2787 5055 legis
2825 4996 2951 5040 sunt
2994 4987 3173 5041 omnia
3211 4987 3509 5046 exhibuere
3537 5008 3550 5045 :
3578 5007 3773 5062 opera.

2181 5090 2285 5129 non
2320 5076 2520 5141 literas,
2550 5077 2742 5130 animis
2768 5077 2878 5131 suis
2904 5077 3285 5148 insculpentes.
3317 5081 3429 5136 Hoc
3457 5083 3598 5137 enim
3643 5085 3725 5138 ait
3758 5103 3773 5137 :

2182 5166 2268 5221 15.
2305 5166 2406 5233 Qui
2433 5168 2699 5220 ostendunt
2730 5184 2855 5238 opus
2878 5167 3003 5247 legis
3027 5171 3269 5241 scriptum
3293 5172 3346 5225 in
3378 5174 3614 5228 cordibus
3638 5178 3773 5239 suis,

2180 5261 2518 5314 testimonium
2548 5260 2784 5315 reddente
2814 5261 2917 5315 illis
2947 5264 3274 5330 conscientia,
3310 5275 3355 5320 et
3379 5268 3777 5338 cogitationibus

2179 5352 2311 5404 inter
2338 5368 2390 5407 se
2426 5352 2782 5405 accusantibus
2820 5363 2909 5406 aut
2947 5355 3099 5407 etiam
3146 5358 3501 5412 excusantibus
3528 5360 3674 5415 :16.
3726 5366 3779 5415 in

2179 5443 2279 5510 die,
2327 5459 2423 5513 quo
2450 5443 2700 5513 judicabit
2732 5443 2869 5498 Deus
2914 5445 3111 5499 occulta
3153 5447 3438 5511 hominum,
3484 5453 3778 5505 secundum

2180 5536 2493 5606 euangelium
2528 5552 2713 5597 meum,
2760 5552 2847 5605 per
2883 5534 3060 5590 Jesum
3103 5536 3381 5592 Christum.
3412 5539 3600 5595 Viden'
3628 5558 3784 5612 quo-

2178 5630 2337 5683 modo
2359 5638 2707 5698 repraesentet
2738 5631 2882 5685 illum
2914 5632 3053 5688 diem
3082 5646 3134 5688 et
3164 5648 3329 5704 prope
3354 5634 3599 5699 adducat,
3647 5636 3783 5691 illo-

2178 5736 2295 5775 rum
2338 5730 2571 5775 mentem
2619 5723 2926 5792 exagitans,
2972 5732 3026 5778 et
3065 5724 3389 5788 ostendens.
3429 5726 3548 5780 illos
3584 5728 3787 5795 potius

2180 5813 2521 5869 honorandos
2544 5827 2682 5880 esse,
2714 5817 2803 5885 qui
2830 5815 2947 5871 sine
2968 5816 3107 5887 lege,
3133 5832 3253 5887 quae
3274 5816 3405 5887 legis
3430 5823 3607 5881 erant,
3642 5831 3783 5886 per-

2181 5908 2337 5968 ﬁcere
2361 5912 2538 5969 conati
2568 5912 2729 5971 sunt?
2752 5909 2904 5979 Quod
2930 5920 3105 5967 autem
3134 5911 3361 5969 maxie
3387 5908 3786 5971 admirandum
