4064 6296
210 228 307 286 427

208 354 395 408 ἐλαϐεν
430 351 849 425 ὡμολογημένον
882 354 1063 422 τοῦτο,
1093 358 1186 412 καὶ
1214 358 1310 414 ἀπ’
1336 361 1503 416 αὑτοῦ
1535 363 1877 418 κατεσκεύα-

208 460 317 505 σεν,
371 443 455 496 ὅτι
488 443 585 495 καὶ
609 441 995 513 τιμηθήσεται,
1031 446 1284 516 περιττὸν
1312 448 1497 503 λοιπὸν
1520 450 1756 521 ἐδήλωσε
1787 450 1877 506 τὸν

206 532 365 601 νόμον
404 531 500 584 καὶ
528 530 628 601 τὴν
660 534 993 602 περιτομήν
1042 534 1276 603 μάλιστα
1320 537 1429 609 γὰρ
1472 538 1744 602 Ἰουδαίοις
1787 540 1877 592 ἐν-

204 618 376 672 ταῦθα
432 618 687 688 μάχεται.
751 618 969 690 Ἐπειδὴ
1031 619 1139 690 γὰρ
1187 621 1382 676 ἐκεῖνοι
1448 624 1879 697 φιλονεικότερον

204 706 482 768 διέκειντο,
524 705 741 775 πρῶτον
787 705 887 775 μὲν
928 706 1033 760 ὑπὸ
1068 706 1237 776 τύφου
1272 708 1373 762 οὐκ
1421 710 1699 777 ἀξιοῦντες
1737 712 1878 781 μετὰ

203 794 307 847 τῶν
336 792 397 857 ἐξ
425 792 601 847 ἐθνῶν
641 794 1098 865 συναριθμεῖσθαι
1118 811 1132 828 ο
1162 796 1412 871 δεύτερον
1446 800 1875 869 καταγελῶντες,

203 884 249 935 εί
284 883 317 952 ή
346 882 536 945 πίστις
578 880 755 935 πάντα
781 882 1036 951 ἀφανίζει
1064 882 1132 936 τὰ
1167 885 1564 957 ἁμαρτήματα,
1602 887 1691 942 διὰ
1718 888 1879 943 τοῦτο

204 969 464 1039 πρότερον
494 969 849 1040 κατηγόρησε
879 969 989 1024 τῶν
1038 971 1326 1044 Ἑλλήνων,
1370 974 1509 1045 ὑπὲρ
1537 967 1613 1031 ὧν
1639 980 1876 1031 ποιεῖται

202 1058 287 1111 τὸν
325 1056 509 1126 λόγον,
569 1058 653 1112 ἵνα
678 1058 1009 1121 ἀνυπόπτως
1040 1050 1151 1115 ’καὶ
1199 1061 1339 1131 μετά
1396 1063 1711 1135 παρρησίας
1765 1067 1876 1121 τῶν

214 1146 477 1199 Ἰουδαίων
529 1144 856 1218 καθίκηται·
909 1143 1030 1201 εἶτα
1061 1150 1142 1212 είς
1170 1148 1270 1221 τὴν
1300 1150 1430 1222 περὶ
1455 1151 1557 1222 τῆς
1597 1152 1876 1217 κολάσεως

201 1233 440 1301 ἐξέτασιν
474 1234 669 1300 ἐλθὼν,
713 1234 987 1290 δείκνυσιν
1014 1237 1073 1289 ού
1127 1237 1285 1307 μόνον
1317 1238 1467 1292 οὐδὲν
1494 1238 1875 1311 ὠφελούμενον

200 1322 286 1374 τὸν
324 1322 580 1375 Ἰουδαῖον
605 1321 717 1375 ἀπὸ
742 1321 836 1376 τοῦ
864 1322 1051 1394 νόμου,
1078 1325 1215 1379 ἀλλὰ
1244 1326 1339 1379 καὶ
1380 1326 1745 1398 βαρούμενονο
1778 1329 1875 1382 καὶ

126 1479 135 1487 ἦ
201 1409 349 1463 τοῦτο
380 1410 595 1464 ἄνωθεν
622 1409 1050 1476 κατασκευάζει.
1088 1414 1152 1467 Εἰ
1185 1414 1293 1486 γὰρ
1320 1416 1348 1469 6
1374 1414 1574 1487 Ἕλλην
1602 1414 1690 1470 διὰ
1715 1416 1877 1471 τοῦτο

201 1498 630 1569 ἀναπολόγητος,
680 1498 763 1551 ὅτι
806 1502 905 1570 τῆς
953 1500 1183 1565 κτίσεως
1223 1502 1386 1557 αὐτὸν
1429 1503 1730 1574 ἐναγούσης
1778 1504 1873 1559 καὶ

204 1585 303 1639 τῶν
336 1585 644 1656 λογισμῶν,
669 1587 770 1640 οὐκ
799 1587 1016 1656 ἐγένετο
1046 1586 1268 1658 βελτίων
1287 1605 1299 1619 ·
1336 1587 1486 1661 [466]
1525 1589 1703 1660 πολλῷ
1734 1591 1873 1662 μᾶλ-

202 1673 282 1726 λον
314 1674 342 1726 6
384 1674 647 1739 Ἰουδαῖος
681 1675 818 1746 μετὰ
847 1673 1052 1729 τούτων
1084 1677 1177 1729 καὶ
1216 1676 1315 1748 τὴν
1337 1677 1445 1731 ἀπὸ
1475 1678 1569 1732 τοῦ
1604 1679 1769 1750 νόμου
1794 1679 1873 1733 δι-

202 1762 489 1815 δασκαλίαν
528 1762 730 1817 λαϐὼν.
773 1763 974 1827 Πείσας
1012 1763 1190 1818 τοίνυν
1232 1766 1396 1819 αὑτὸν
1447 1767 1687 1832 εὐκόλως
1718 1767 1873 1835 δέξα-

207 1850 318 1903 σθαι
354 1851 444 1904 τὸν
475 1850 742 1922 λογισμὸν
788 1852 979 1906 τοῦτον
1008 1855 1066 1908 ἐν
1102 1856 1215 1918 τοῖς
1247 1856 1449 1927 ἐτέρων
1486 1857 1869 1929 ἁμαρτήμασι,

204 1939 287 1991 καὶ
322 1939 523 1993 ἄκοντα
558 1939 862 2008 ἀναγκάζει
894 1940 1082 1994 λοιπὸν
1107 1943 1164 1994 ἐν
1192 1944 1303 2005 τοῖς
1334 1942 1464 2014 περὶ
1493 1942 1687 1997 ἐαυτοῦ
1710 1943 1870 1997 τοῦτο

205 2028 437 2097 ποιῆσαι.
482 2028 602 2081 Καὶ
640 2027 781 2081 ὥστε
826 2028 1231 2100 εύπαράδεκτον
1269 2030 1525 2100 γενέσθαι
1566 2031 1657 2085 τὸν
1689 2031 1866 2101 λόγον,

203 2117 289 2171 καὶ
317 2117 404 2169 ἐπὶ
441 2116 553 2169 τῶν
582 2117 965 2188 χρηστοτέρων
1014 2117 1176 2171 αὐτὸν
1207 2119 1462 2189 προάγει,
1500 2119 1670 2188 λέγων
1694 2118 1866 2174 οὕτω·

205 2206 348 2270 Δόξα
368 2204 436 2258 δὲ
468 2206 573 2260 καὶ
609 2206 747 2275 τιμὴ
774 2205 871 2260 καί
912 2205 1121 2275 εἰρήνη
1171 2206 1350 2260 παντὶ
1388 2207 1469 2273 τῷ
1505 2206 1871 2277 ἐργαζομένῳ

205 2292 265 2344 τὸ
304 2292 554 2362 ἀγαθὸν,
619 2294 877 2362 Ἰουδαίῳ
909 2311 973 2347 τε
1018 2294 1254 2365 πρῶτον
1282 2294 1383 2349 καὶ
1426 2296 1703 2365 Ἕλληνι.
1748 2297 1868 2349 Ἐν-

206 2380 363 2433 ταῦθα
399 2382 498 2451 μὲν
522 2380 657 2453 γὰρ,
687 2383 790 2436 ὅσα
810 2382 876 2436 ἄν
901 2400 986 2447 τις
1022 2382 1121 2453 ἐχῃ
1144 2383 1305 2448 καλὰ,
1338 2383 1476 2454 μετὰ
1514 2382 1723 2437 πολλῶν
1754 2385 1866 2455 ἔχει

205 2468 465 2538 ταραχῶν,
497 2468 609 2522 κᾶν
638 2468 895 2534 πλούσιος
922 2466 980 2544 ᾗ,
1013 2470 1115 2525 κᾶν
1134 2471 1423 2543 δυνάστης,
1450 2470 1551 2525 κᾶν
1582 2471 1865 2542 βασιλεύς·

208 2554 300 2609 κᾶν
342 2556 414 2625 μὴ
459 2556 604 2627 πρὸς
650 2556 859 2627 ἓτερον,
898 2558 1035 2629 πρὸς
1081 2558 1212 2628 γοῦν
1258 2558 1449 2614 ἐαυτὸν
1495 2559 1868 2627 διαστασιάζει

208 2644 473 2707 πολλάκις,
532 2646 632 2698 καὶ
677 2644 846 2699 πολὺν
893 2647 951 2699 ἐν
991 2648 1105 2710 τοῖς
1133 2647 1411 2718 λογισμοῖς
1446 2647 1559 2719 ἔχει
1594 2649 1864 2721 πόλεμον·

209 2732 313 2784 ἐκεῖ
331 2733 388 2786 66
414 2733 571 2787 οὐδὲν
600 2733 863 2798 τοιοῦτον,
903 2733 1038 2787 ἀλλὰ
1064 2734 1243 2789 πάντα
1264 2735 1471 2807 γαληνὰ
1499 2737 1593 2791 καὶ
1624 2738 1868 2809 ταραχῆς

210 2823 613 2893 ἀπηλλαγμένα,
662 2824 757 2877 καὶ
797 2825 1023 2895 γνησίαν
1053 2824 1243 2895 ἔχοντα
1268 2826 1367 2898 τὴν
1402 2830 1644 2900 εἰρήνην.
1680 2829 1867 2883 Κατα-

212 2911 465 2975 σκευάσας
507 2913 695 2965 τοίνυν
751 2913 816 2966 ἐκ
852 2914 960 2966 τῶν
985 2913 1189 2967 ἄνωθεν
1221 2915 1547 2986 εἰρημένων,
1583 2917 1663 2970 ὅτι
1693 2918 1785 2971 καὶ
1816 2918 1865 2970 οί

214 2997 281 3069 μὴ
311 2999 469 3069 νόμον
494 3000 714 3070 ἔχοντες
744 3000 851 3054 τῶν
880 3000 1057 3053 αὐτῶν
1086 3001 1504 3067 ἀπολαύσονται,
1536 3005 1733 3073 ἐπάγει
1771 3005 1866 3059 καὶ

211 3084 468 3157 λογισμὸν,
511 3086 660 3142 οὕτω
696 3088 905 3157 λέγων·
949 3091 1032 3143 Οὐ
1078 3089 1188 3158 γάρ
1225 3091 1354 3144 ἐστι
1386 3093 1868 3162 προσωποληψία

211 3176 355 3244 παρὰ
382 3176 460 3242 τῷ
495 3175 642 3241 θεῷ.
677 3177 844 3229 Ὅταν
883 3177 980 3248 μὲν
1021 3176 1127 3250 γὰρ
1164 3177 1318 3251 λέγῃ,
1348 3179 1428 3231 ὅτι
1459 3178 1747 3243 κολάζεται
1772 3181 1867 3235 καὶ

209 3262 236 3313 6
270 3265 508 3328 Ἰουδαῖος
538 3265 634 3318 κατ⁹
664 3267 691 3318 ό
722 3265 919 3337 Ἕλλην
963 3267 1388 3337 ἁμαρτάνοντες,
1424 3268 1485 3320 ού
1524 3266 1693 3322 δεῖται
1716 3269 1864 3337 λογι-

214 3352 382 3419 σμῶνο
421 3354 550 3406 ὅταν
601 3353 679 3417 δὲ,
715 3355 795 3408 ὅτι
846 3355 938 3407 καὶ
984 3356 1209 3424 τιμᾶται
1260 3358 1288 3409 6
1335 3356 1555 3428 Ἕλλην,
1601 3359 1866 3429 συστῆσαι

214 3438 471 3509 βούληται,
508 3441 605 3495 καὶ
632 3444 972 3513 κατασκευῆς
1000 3442 1169 3496 δεῖται
1196 3442 1399 3498 λοιπόν.
1422 3445 1531 3497 Καὶ¹
1560 3443 1668 3517 γάρ
1692 3446 1866 3500 ἐδόκει

214 3526 503 3597 θαυμαστὸν
546 3525 687 3583 εἶναι
740 3530 832 3583 καὶ
888 3529 1215 3601 παράδοξον,
1269 3531 1317 3583 εί
1353 3533 1381 3584 6
1413 3531 1486 3603 μὴ
1522 3532 1688 3602 νόμου
1730 3533 1867 3605 μηδὲ

215 3616 488 3689 προφητῶν
516 3617 782 3681 ἀκούσας,
810 3619 1034 3684 τιμᾶται
1059 3617 1127 3671 τὰ
1148 3618 1328 3686 ἀγαθὰ
1356 3619 1740 3691 ἐργαζόμενος.
1768 3620 1866 3687 Διά

212 3700 374 3766 τοῦτο,
403 3704 537 3777 ὅπερ
572 3705 665 3757 καὶ
684 3703 994 3776 ἔμπροσθεν
1028 3699 1200 3767 εἶπον,
1224 3706 1283 3757 ἐν
1308 3707 1421 3769 τοῖς
1452 3707 1558 3778 πρὸ
1578 3708 1679 3778 τῆς
1706 3708 1865 3779 χάρι-

214 3800 293 3847 τος
317 3787 522 3857 χρόνοις
569 3787 836 3857 γυμνάζει
864 3786 1041 3841 αὐτῶν
1068 3786 1167 3851 τὰς
1190 3788 1381 3855 ἀκοάς,
1403 3789 1469 3842 ἵν’
1499 3789 1866 3848 εὐκολώτερον

214 3873 539 3949 ἐπεισαγάγῃ
576 3876 761 3929 λοιπὸν
804 3876 941 3947 μετὰ
984 3876 1082 3947 τῆς
1119 3877 1358 3940 πίστεως
1396 3878 1486 3931 καὶ
1515 3878 1612 3950 τὴν
1643 3880 1702 3932 ἐν
1741 3879 1864 3932 τού-

212 3973 312 4020 τοις
356 3961 775 4027 συγκατάθεσιν.
826 3960 1087 4014 Ἐνταῦθα
1124 3961 1231 4031 γὰρ
1278 3960 1588 4026 ἀνύποπτος
1633 3963 1867 4034 μάλιστα

212 4042 421 4111 γίνεται,
456 4045 554 4099 ἆτε
582 4046 640 4098 ού
670 4045 732 4098 τὸ
754 4042 946 4098 ἐαυτοῦ
974 4042 1419 4107 κατασκευάζων.
1448 4044 1632 4099 Εἰπὼν
1660 4046 1864 4111 τοίνυν,

215 4130 353 4194 Δόξα
378 4134 473 4186 καὶ
502 4133 645 4201 τιμὴ
696 4132 795 4185 καὶ
833 4131 1043 4201 εἰρήνη
1076 4130 1255 4185 παντὶ
1287 4131 1367 4197 τῷ
1397 4131 1766 4204 ἐργαζομένῳ
1796 4135 1865 4189 τὸ

214 4216 439 4285 ἀγαθὸν,
478 4220 751 4283 Ἰουδαίῳ
770 4237 833 4274 τε
850 4219 1108 4288 πρῶτον,
1136 4221 1234 4273 καὶ
1261 4221 1533 4288 Ἕλληνι,
1560 4224 1861 4293 ἐπήγαγεν·

218 4307 289 4358 Οὺ
309 4307 415 4375 γάρ
444 4310 581 4363 ἐστι
603 4309 1086 4377 προσωποληψία
1115 4307 1273 4375 παρὰ
1297 4306 1378 4373 τῷ
1410 4308 1550 4374 Θεῷ.
1581 4311 1777 4376 Βαϐαῖ,
1808 4310 1865 4379 ἐξ

214 4393 333 4465 ὅσης
360 4398 578 4468 ἐνίκησε
599 4398 697 4467 τῆς
726 4396 1042 4469 περιουσίας
1062 4399 1121 4451 εί
1160 4397 1399 4451 δείκνυσι
1427 4399 1535 4469 γὰρ
1558 4400 1639 4462 είς
1666 4398 1867 4453 ἄτοπον

215 4481 297 4535 τὸν
330 4482 480 4552 λόγον
531 4483 857 4553 ἀπαγαγὼν,
890 4485 973 4538 ὅτι
1022 4484 1082 4538 ού
1119 4486 1260 4538 κατά
1309 4486 1442 4539 Θεὸν
1490 4486 1549 4540 τὸ
1599 4486 1674 4558 μὴ
1724 4486 1867 4540 οὕτω

215 4570 474 4634 γενέσθαγ
528 4572 627 4625 καὶ
662 4572 772 4643 γὰρ
818 4571 1279 4643 προσωποληψίας
1321 4573 1382 4627 16
1432 4575 1694 4645 πρᾶγμαο
1747 4574 1777 4626 6
1809 4574 1867 4627 66

216 4653 332 4720 Θεὸς
365 4660 422 4711 ού
460 4659 720 4722 τοιοῦτος.
757 4660 869 4713 Καὶ
914 4659 1015 4713 οὐκ
1062 4654 1234 4728 εἶπεν,
1278 4662 1325 4714 εί
1354 4661 1409 4715 δὲ
1444 4662 1520 4733 μὴ
1568 4662 1727 4715 τοῦτο
1775 4661 1870 4731 γέ-

218 4760 367 4809 νοιτο,
389 4748 857 4818 προσωπολήπτης
887 4749 915 4800 6
933 4747 1086 4814 Θεὸς,
1110 4748 1243 4802 άλλά
1269 4751 1612 4822 σεμνότερονο
1643 4752 1726 4806 Οὐ
1757 4750 1868 4822 γάρ

217 4829 335 4886 ἐστι
384 4836 864 4903 προσωποληψία
925 4834 1083 4903 παρὰ
1134 4835 1215 4901 τῷ
1250 4836 1400 4903 Θεῷο
1448 4839 1747 4907 τουτέστιν,
1805 4840 1866 4893 οὐ

219 4916 505 4983 προσώπων
538 4918 821 4989 ποιότητα,
866 4918 1004 4972 ἀλλὰ
1039 4920 1381 4991 πραγμάτων
1408 4919 1650 4987 ἐξετάζει
1677 4924 1869 4993 διαφο-

222 5002 327 5069 ράν,
383 5004 550 5059 Τοῦτο
599 5006 787 5071 εἰπὼν,
830 5007 1099 5079 ἐδήλωσεν
1137 5009 1238 5061 οὐκ
1270 5010 1327 5061 ἐν
1367 5009 1712 5080 πράγμασιν,
1750 5012 1866 5065 ἀλλ’

222 5087 273 5140 ἐν
306 5093 612 5163 προσώποις
639 5095 796 5165 μόνον
828 5094 1150 5169 διαφέροντα
1178 5097 1268 5150 τὸν
1322 5097 1577 5150 Ἰουδαῖον
1610 5098 1706 5153 τοῦ
1739 5099 1868 5153 Ἐλ-

223 5175 383 5248 ληνος.
428 5182 647 5247 Τούτοις
693 5183 985 5237 ἀκόλουθον
1030 5180 1097 5257 ἦν
1136 5186 1341 5237 εἰπεῖν·
1378 5186 1450 5239 Ού
1497 5184 1628 5257 γὰρ,
1679 5187 1869 5259 ἐπειδὴ

224 5265 248 5317 ὁ
282 5268 369 5334 μὲν
412 5270 680 5336 Ἰουδαῖος,
712 5274 740 5325 6
768 5272 825 5324 66
863 5272 1081 5344 Ἕλλην,
1126 5272 1213 5326 διὰ
1253 5275 1410 5327 τοῦτο
1433 5275 1462 5327 6
1490 5274 1588 5345 μὲν
1619 5277 1866 5344 τιμᾶται,

226 5352 327 5407 ὁδὲ
356 5357 659 5429 ὑϐρίζεται⁸
696 5360 811 5413 ἀλλ’
858 5361 966 5415 ἀπὸ
1003 5361 1110 5414 τῶν
1154 5361 1330 5433 ἔργων
1374 5363 1609 5434 ἑκάτερα
1638 5363 1866 5432 γίνεται.

238 5441 359 5496 Ἀλλ’
394 5448 487 5501 οὐκ
523 5444 676 5501 εἶπεν
713 5447 856 5502 οὕτω
877 5467 889 5479 ·
925 5448 1166 5520 διήγειρε
1216 5450 1321 5521 γάρ
1359 5449 1425 5503 ἂν
1459 5450 1548 5503 τὸν
1576 5449 1745 5520 θυμὸν
1774 5452 1869 5506 106

238 5528 500 5587 Ἰουδαίου·
553 5536 669 5591 ἀλλ’
708 5536 895 5607 ἕτερόν
928 5554 979 5589 τι
1014 5536 1177 5590 πλέον
1219 5537 1402 5609 τίθησι
1431 5538 1729 5593 κατασπῶν
1770 5540 1870 5594 αύ-

228 5616 321 5668 τῶν
344 5626 624 5696 κατωτέρω
644 5624 704 5679 τὸ
720 5626 974 5697 φρόνημα
996 5624 1089 5677 καὶ
1109 5624 1507 5691 καταστέλλων,
1531 5624 1672 5679 ὥστε
1693 5627 1871 5681 ἐκεῖνο

230 5707 616 5777 καταδέξασθαι.
676 5711 743 5767 Τί
798 5712 856 5767 δέ
905 5714 1024 5767 ἐστι
1060 5712 1247 5780 τοῦτο;
1288 5713 1362 5768 T6
1410 5713 1537 5783 ἑξῆς
1590 5714 1866 5787 κείμενον·

304 5898 321 5924 ⁸
342 5906 416 5959 Sic
438 5910 581 5966 Savll.
609 5920 672 5974 οι,
703 5926 815 5966 mss.
845 5917 1001 5978 recte,
1024 5910 1197 5966 ﬂore].
1220 5910 1351 5966 male
1376 5912 1656 5977 παρουσίας.

1399 239 1465 297 IN
1510 242 1732 302 EPIST.
1767 244 1859 301 AD
1892 240 2059 299 BOM.
2110 247 2342 308 HOMIL.
2389 250 2447 308 V.

1960 5814 1964 5819 ι
2034 5789 2064 5831 b
2091 5784 2206 5843 Alii,
2229 5780 2532 5845 ἀπήλαυσαν,
2555 5789 2608 5833 et
2625 5795 2761 5845 mox,
2782 5780 3014 5845 δώσουσι.
3068 5782 3092 5816 ε
3120 5772 3182 5845 ῘΕ

3550 256 3656 319 ιεε

1986 365 2162 423 Ὅσοι
2207 372 2319 440 γὰρ
2362 374 2599 444 ἀνόμως
2617 416 2633 442 ,
2682 377 2869 448 φησὶν,
2931 374 3218 448 ἥμαρτον,
3269 379 3503 451 ἀνόμως
3553 382 3657 438 καί

1982 451 2352 512 ἀπολοῦνται
2372 478 2386 491 ·
2420 461 2518 514 καὶ
2555 461 2689 517 ὅσοι
2727 464 2798 518 ἐν
2821 465 2983 534 νόμῳ
3019 466 3307 537 ἥμαρτον,
3340 468 3439 524 διὰ
3464 469 3656 539 νόμου

1981 542 2393 609 κριθήσονται.
2432 549 2693 604 Ἐνταῦθα
2722 550 2852 623 γάρ,
2874 553 3010 625 ὅπερ
3036 554 3208 626 ἔφθην
3236 554 3429 621 εἰπὼν,
3462 556 3525 610 ού
3554 555 3657 627 μό-

1979 645 2068 682 νον
2106 629 2377 704 ἰσοτιμίαν
2423 635 2692 691 δείκνυσιν
2750 640 3007 695 Ἰουδαίου
3045 644 3140 695 καὶ
3186 640 3469 713 Ἕλληνος,
3517 642 3657 700 ἀλλὰ

1979 718 2073 773 καὶ
2111 719 2243 774 πολὺ
2291 721 2383 777 τὸν
2437 724 2688 780 Ἰουδαῖον
2726 726 3062 799 βαρούμενον
3096 728 3205 783 ἀπὸ
3235 731 3333 801 τῆς
3361 730 3456 785 τοῦ
3484 732 3653 803 νόμου

1976 802 2196 872 δόσεως.
2249 808 2307 863 'U
2339 810 2438 880 μὲν
2490 812 2599 884 γὰρ
2644 814 2845 886 Ἕλλην
2888 815 3105 887 ἀνόμως
3148 817 3430 889 κρίνεται·
3465 818 3527 872 τὸ
3554 802 3649 886 66,

1991 893 2261 963 Ἁνόμως,
2300 897 2537 952 ἐνταῦθα
2580 900 2641 951 οὑ
2679 899 2738 952 τὸ
2779 900 3177 973 χαλεπώτερον,
3230 903 3365 957 ἀλλὰ
3411 903 3471 957 τὸ
3511 905 3649 975 ἠμε-

1979 981 2214 1053 ρὼτερον
2242 982 2421 1053 λέγει·
2452 986 2753 1050 τουτέστιν,
2787 986 2936 1061 [467]
2971 989 3068 1042 ούκ
3095 988 3208 1059 ἔχει
3241 990 3649 1063 κατηγοροῦντα

1974 1066 2066 1123 τὸν
2094 1069 2276 1141 νόμον.
2314 1071 2387 1125 T6
2432 1071 2563 1144 γὰρ,
2612 1072 2905 1144 Ἀνόμως,
2937 1078 3205 1141 τουτέστι,
3239 1078 3408 1153 χωρὶς
3447 1076 3547 1149 τῆς
3586 1076 3648 1146 ἐξ

1975 1156 2184 1211 ἐκείνου
2212 1158 2615 1231 κατακρίσεως,
2649 1161 2836 1231 φησὶν,
2865 1160 2973 1216 ἀπὸ
3001 1163 3109 1217 τῶν
3131 1162 3230 1235 τῆς
3259 1164 3474 1234 φύσεως
3501 1162 3650 1235 λογι-

1976 1243 2130 1314 σμῶν
2179 1245 2599 1311 καταδικάζεται
2645 1248 2845 1318 μόνων.
2903 1246 2963 1303 '0
2990 1247 3047 1303 66
3091 1246 3339 1315 Ἰουδαῖος
3379 1249 3645 1321 ἐννόμως,

1973 1331 2242 1395 τουτέστι,
2276 1333 2413 1402 μετὰ
2441 1333 2544 1404 τῆς
2576 1335 2793 1405 φύσεως
2829 1335 2924 1390 καὶ
2948 1336 3043 1389 τοῦ
3079 1336 3245 1408 νόμου
3274 1336 3646 1409 κατηγοροῦν⁸

1972 1438 2064 1485 τος
2088 1438 2103 1453 ο
2156 1420 2266 1493 ὅσῳ
2304 1422 2414 1494 γάρ
2461 1423 2707 1489 πλείονος
2763 1424 3046 1497 ἀπήλαυσε
3070 1426 3100 1466 δ
3144 1426 3245 1486 τῆς
3294 1423 3643 1497 ἐπιμελείας,

1972 1509 2212 1580 τοσούτῳ
2245 1509 2465 1580 μείζονα
2496 1509 2657 1566 δώσει
2688 1501 2864 1583 δίκην.

2043 1602 2103 1650 ε’.
2134 1596 2297 1668 Ὀρᾷς
2316 1596 2435 1661 πῶς
2460 1597 2682 1667 μείζονα
2708 1602 2824 1663 τοῖς
2851 1599 3127 1666 Ἰουδαίοις
3149 1599 3250 1673 τὴν
3270 1598 3515 1673 ἀνάγκην
3543 1599 3645 1655 ἐπ·-

1975 1682 2106 1757 έστη
2116 1702 2174 1739 σε
2206 1685 2300 1739 τοῦ
2324 1687 2392 1757 τῇ
2421 1686 2606 1758 χάριτι
2637 1687 3009 1759 προσδραμεῖν
3028 1704 3043 1756 ;
3060 1688 3278 1759 Ἐπειδὴ
3302 1687 3410 1761 γὰρ
3436 1686 3643 1759 ἔλεγον,

1972 1772 2052 1827 ὅτι
2074 1773 2135 1827 οὐ
2152 1773 2360 1827 δέονται
2389 1770 2489 1844 τῆς
2511 1776 2731 1845 χάριτος
2749 1814 2764 1839 ,
2781 1774 2870 1828 διὰ
2890 1775 3051 1846 μόνου
3080 1775 3175 1830 τοῦ
3206 1775 3371 1848 νόμου
3397 1775 3642 1831 δικαιού-

1975 1877 2146 1931 μενοι,
2167 1859 2461 1925 δείκνυσιν,
2479 1862 2560 1915 ὅτι
2583 1862 2740 1916 αὐτοὶ
2763 1862 2961 1933 μᾶλλον
2982 1863 3091 1917 τῶν
3115 1863 3384 1935 Ἐλλήνων
3407 1862 3641 1933 δέονται,

1970 1950 2026 2002 εῐ
2057 1966 2122 2018 γε
2158 1950 2356 2020 μᾶλλον
2393 1950 2646 2019 μέλλουσι
2693 1950 3037 2016 κολάζεσθαι.
3069 1946 3205 2005 Εἶτα
3238 1950 3401 2005 πάλιν
3434 1950 3643 2021 ἐπάγει

1952 2036 2227 2107 λογισμὸν
2261 2037 2469 2108 ἕτερον,
2516 2040 2630 2101 τοῖς
2666 2037 2977 2109 εἰρημένοις
3015 2037 3510 2110 ἐπαγωνιζόμενος.
3557 2039 3644 2094 Οὐ

1968 2123 2081 2193 γὰρ
2110 2126 2163 2178 οἱ
2207 2122 2492 2191 ἀκροαταὶ
2546 2122 2654 2177 τοῦ
2700 2128 2889 2194 νόμου
2928 2124 3144 2179 δίκαιοι
3173 2126 3333 2195 παρὰ
3370 2123 3450 2191 τῷ
3497 2124 3639 2191 Θεῷο

1969 2210 2166 2273 Καλῶς
2206 2209 2538 2281 προσέθηκε,
2573 2210 2741 2279 Παρὰ
2777 2208 2858 2275 τῷ
2905 2206 3026 2276 Θεῷ
3046 2226 3059 2239 ·
3090 2214 3244 2282 παρὰ
3268 2207 3378 2281 ιμὲν
3406 2210 3517 2282 γὰρ
3542 2211 3643 2265 ἀν-

1970 2296 2209 2367 θρώποις
2251 2296 2381 2360 ῐσως
2422 2296 2611 2368 σεμνοὶ
2647 2296 2905 2351 δύνανται
2957 2295 3243 2366 φαίνεσθαι
3290 2295 3384 2350 καὶ
3428 2296 3643 2367 μεγάλα

1968 2383 2296 2455 κομπάζειν,
2318 2385 2470 2457 παρά
2495 2383 2552 2437 66
2579 2382 2658 2454 τῷ
2690 2383 2829 2455 Θεῷ,
2864 2383 3171 2438 τούναντίον
3195 2380 3444 2446 ἅπαν,Οι
3463 2397 3642 2453 xam-

1966 2473 2060 2528 ταὶ
2107 2472 2214 2527 τοῦ
2263 2473 2451 2541 νόμου
2487 2470 2857 2526 δικαιοῦνται
2888 2470 3100 2541 μόνον.
3150 2465 3305 2534 Εἶδες
3355 2470 3503 2541 πόσῃ
3567 2472 3638 2542 τῇ

1969 2561 2257 2632 περιουσίᾳ
2284 2559 2549 2632 κέχρηται
2578 2560 2658 2624 είς
2680 2559 2741 2613 τὸ
2774 2558 3013 2613 ἐναντίον
3049 2557 3397 2630 περιτρέπων
3418 2557 3510 2611 τὸν
3549 2556 3641 2612 16-
3692 2580 3699 2586 -

1968 2664 2062 2715 γον
2085 2663 2098 2712 ;
2118 2647 2179 2700 Εἰ
2202 2646 2414 2718 γάρδιά
2432 2644 2524 2699 τὸν
2544 2645 2707 2717 νόμον
2739 2645 2911 2712 ἀξιοῖς
2948 2643 3210 2715 σωθῆναι,
3240 2643 3394 2714 φησὶ,
3425 2641 3643 2713 πρῶτός

1971 2753 2064 2790 σου
2104 2733 2277 2808 ταύτῃ
2311 2734 2340 2787 6
2392 2733 2596 2804 Ἕλλην
2651 2732 2942 2804 στήσεται,
2983 2729 3212 2803 ποιητὴς
3282 2730 3469 2800 φανεὶς
3530 2729 3643 2783 τῶν

1970 2822 2459 2895 ἐγγεγραμμένων.
2521 2820 2635 2875 Καὶ
2684 2820 2801 2881 πῶς
2851 2819 2961 2885 ἐνι,
3001 2818 3188 2889 φησὶν,
3238 2816 3513 2890 ἀκροατὴν
3563 2816 3643 2890 μὴ

1968 2912 2280 2983 γενόμενόν,
2341 2907 2570 2981 ποιητὴν
2623 2907 2908 2978 γενέσθαι;
2963 2907 3106 2972 Ἐνι,
3159 2905 3345 2977 φησιν,
3393 2905 3453 2958 ού
3482 2903 3643 2959 τοῦτο

1972 3000 2155 3071 μόνον,
2186 2998 2323 3052 ἀλλὰ
2358 2998 2453 3051 καὶ¹
2484 2997 2545 3050 τὸ
2578 2995 2768 3051 τούτου
2800 2995 2979 3066 πολλῷ
3012 2994 3195 3050 πλέον.
3230 2992 3304 3046 Οὐ
3337 2992 3446 3065 γὰρ
3480 2991 3644 3065 μόνον

1969 3089 2137 3160 χωρὶς
2159 3087 2476 3159 ἀκροάσεως
2501 3084 2620 3138 ἐστι
2647 3083 2899 3154 γενέσθαι
2933 3082 3184 3153 ποιητὴν,
3210 3080 3347 3135 ἀλλὰ
3374 3079 3470 3134 καὶ
3504 3079 3644 3152 μετά

1968 3178 2284 3248 ἀκροάσεως
2318 3176 2393 3247 μὴ
2437 3171 2576 3228 εἶναι
2619 3172 2809 3227 τοῦτο⁸
2848 3173 2986 3244 ὅπερ
3026 3169 3251 3241 ὕστερον
3306 3167 3644 3241 σαφέστερον

1968 3265 2150 3335 τίθησι
2198 3263 2392 3334 λέγων,
2437 3262 2533 3317 καὶ
2586 3261 2723 3333 μετά
2764 3260 3009 3322 πλείονος
3036 3258 3135 3329 τῆς
3171 3255 3522 3328 περιουσίας·
3574 3256 3642 3310 '0

1969 3348 2273 3404 διδάσκων
2312 3347 2537 3415 ἕτερον,
2588 3343 2851 3399 σεαυτὸν
2892 3343 2964 3397 οὐ
2994 3342 3333 3406 διδάσκεις;
3376 3338 3643 3395 Ἐνταῦθα

1967 3436 2025 3491 66
2049 3437 2184 3499 τέως
2214 3436 2274 3489 τὸ
2308 3435 2573 3507 πρότερον
2622 3431 3045 3495 κατασκευάζει.
3097 3431 3283 3484 Ὅταν
3326 3428 3437 3499 γὰρ
3470 3427 3639 3495 ἔθνη,

1970 3527 2122 3598 φησὶ,
2152 3526 2224 3579 τὰ
2240 3524 2327 3594 μὴ
2352 3525 2541 3594 νόμον
2559 3519 2803 3596 ἔχοντα,
2836 3520 3017 3589 φύσει
3040 3518 3112 3573 τὰ
3132 3515 3241 3572 τοῦ
3264 3515 3453 3586 νόμου
3473 3512 3640 3582 ποιῇ,

1968 3609 2134 3670 οὗτοι
2181 3614 2369 3681 νόμον
2405 3609 2492 3680 μὴ
2544 3608 2811 3678 ἔχοντες,
2854 3605 3091 3672 ἑαυτοῖς
3113 3606 3235 3659 είσι
3282 3604 3487 3674 νόμος.
3528 3603 3644 3657 Οὐκ

1967 3701 2215 3755 ἐκϐάλλω
2236 3699 2326 3752 τὸν
2357 3698 2542 3768 νόμον,
2570 3695 2757 3767 φησὶν,
2788 3693 2925 3747 ἀλλὰ
2953 3693 3049 3746 καὶ
3077 3689 3327 3745 ἐντεῦθεν
3348 3689 3541 3744 δικαιῶ
3571 3689 3644 3745 τά

1968 3784 2120 3854 ἔθνη.
2156 3775 2311 3845 Εἶδες
2343 3780 2456 3843 πῶς
2488 3778 2808 3849 ὑπορύττων
2830 3774 2926 3828 τοῦ
2977 3772 3313 3843 Ἰουδαῖσμοῦ
3342 3771 3440 3843 τὴν
3459 3771 3642 3838 δόξαν,

1966 3872 2220 3943 οὐδεμίαν
2266 3867 2387 3924 καθ’
2434 3864 2629 3921 ἐαυτοῦ
2672 3864 2856 3917 δίδωσι
2900 3860 3071 3932 λαϐὴν
3108 3859 3183 3924 ὠς
3225 3859 3511 3930 ἀτιμάζων
3554 3856 3643 3911 τὸν

1968 3960 2151 4032 νόμον,
2171 3957 2307 4013 ἀλλὰ
2331 3954 2664 4017 τούναντίον,
2695 3950 2770 4015 ὡς
2798 3949 3042 4021 ἐπαίρων
3076 3947 3167 4002 καὶ
3195 3947 3370 4032 μέγαν
3402 3945 3642 4010 δεικνὺς,

1966 4031 2108 4103 οὕτω
2134 4040 2531 4108 κατασκευάζει
2562 4042 2622 4096 τὸ
2654 4042 2796 4107 πᾶν;
2833 4037 3020 4093 Φύσει
3062 4035 3121 4089 δὲ
3154 4034 3283 4089 ὅταν
3317 4031 3484 4096 εἴποι,
3525 4034 3641 4095 τοῖς

1968 4138 2032 4191 ἐκ
2059 4136 2274 4206 φύσεως
2295 4133 2441 4201 λέγει
2462 4130 2759 4200 λογισμοῖς.
2796 4124 2906 4180 Καὶ
2940 4123 3213 4179 δείκνυσιν
3233 4122 3457 4193 ἐτέρους
3482 4119 3645 4184 ὄντας

1968 4223 2146 4278 αὐτῶν
2204 4220 2464 4292 βελτίους,
2523 4218 2617 4271 καὶ
2665 4215 2727 4269 τὸ
2773 4212 2978 4287 μεῖζον,
3028 4210 3118 4266 διὰ
3162 4209 3322 4263 τοῦτο
3374 4207 3642 4292 ρελτίους,

1968 4310 2154 4382 ἐπειδὴ
2292 4308 2453 4379 νόμον
2494 4304 2706 4367 ἔλαϐον,
2744 4301 2879 4373 μηδέ
2912 4296 3097 4371 ἔχουσι
3130 4297 3344 4364 τοῦτον,
3376 4288 3421 4364 ᾧ
3452 4293 3645 4349 δοκοῦ⁶

1970 4417 2053 4454 σιν
2079 4398 2257 4453 αὐτῶν
2289 4396 2630 4449 πλεονεκτεῖν
2658 4393 2708 4445 οἱ
2752 4387 3020 4444 Ἰουδαῖοι.
3054 4385 3155 4439 Διά
3179 4384 3339 4439 τοῦτο
3367 4382 3497 4455 γὰρ,
3533 4398 3641 4452 φη-

1972 4490 2076 4551 σὶν,
2126 4488 2233 4540 εἰσὶ
2275 4483 2599 4555 θαυμαστοὶ,
2628 4482 2709 4535 ὅτι
2739 4480 2905 4551 νόμου
2950 4477 3050 4531 οὐκ
3084 4474 3403 4546 ἐδεήθησαν,
3451 4472 3545 4525 καὶ
3572 4470 3644 4526 τά

1969 4577 2065 4631 τοῦ
2093 4577 2258 4647 νόμου
2299 4576 2475 4629 πάντα
2512 4570 2876 4635 ἐπεδείξαντο,
2913 4568 2984 4621 τὰ
3027 4565 3165 4637 ἔργα
3188 4575 3237 4625 ο,
3260 4563 3321 4616 ού
3366 4562 3435 4615 τὰ
3460 4559 3645 4631 γράμ-

1972 4683 2139 4737 ματα,
2181 4667 2299 4725 ταῖς
2346 4660 2608 4722 διανοίαις
2647 4657 2825 4711 αὐτῶν
2865 4651 3284 4723 ἐγκολάψαντες.
3320 4647 3490 4702 Τοῦτο
3533 4647 3644 4719 γάρ

1971 4770 2152 4826 φησιν·
2182 4754 2409 4816 Οίτινες
2426 4748 2841 4802 ἐνδείκνυνται
2865 4742 2931 4796 τὸ
2954 4740 3132 4809 ἔργον
3163 4737 3270 4792 τοῦ
3293 4737 3478 4826 νόμου
3505 4751 3645 4826 γρα-

1970 4822 2123 4896 πτὸν
2153 4841 2223 4893 ἐν
2250 4838 2380 4905 ταῖς
2410 4835 2681 4904 καρδίαις
2714 4829 2934 4893 αὐτῶν,
2965 4823 3516 4896 συμμαρτυρούσης
3538 4822 3643 4876 αὑ·

1970 4930 2094 4993 τοῖς
2119 4924 2230 4998 τῆς
2256 4923 2689 4992 συνειδήσεως,
2722 4918 2819 4973 καὶ
2838 4915 3067 4987 μεταξὺ
3092 4912 3382 4998 ἀλλήλων
3403 4908 3522 4964 τῶν
3540 4911 3645 4998 λο-

1969 4995 2201 5087 γισμῶν
2235 5010 2746 5083 κατηγορούντων,
2785 5006 2824 5073 ἢ
2867 5004 2965 5058 καὶ
2993 4995 3522 5087 ἀπολογουμένων,
3572 4996 3646 5050 ἐν

1971 5085 2180 5175 ἥμέρᾳ,
2209 5102 2307 5156 ὅτε
2332 5097 2524 5168 κρινεῖ
2547 5100 2579 5152 ό
2605 5093 2749 5160 Θεὸς
2785 5092 2859 5147 τὰ
2884 5088 3125 5175 κρυπτὰ
3144 5086 3263 5141 τῶν
3294 5085 3641 5175 ἀνθρῴπων,

1970 5172 2123 5245 κάτά
2146 5189 2214 5243 τὸ
2241 5185 2613 5256 Εὑαγγέλιόν
2626 5200 2767 5251 μου,
2801 5179 2901 5235 διὰ
2940 5174 3144 5245 Ἰησοῦ
3175 5173 3455 5244 Χριστοῦ.
3481 5172 3645 5244 Ὁρᾷς

1971 5280 2089 5344 πῶς
2132 5276 2292 5332 πάλιν
2339 5273 2653 5344 παρέστησε
2688 5269 2786 5341 τὴν
2818 5267 3035 5339 ἡμέραν
3066 5265 3285 5334 ἐκείνην
3336 5263 3432 5317 καὶ⁵
3475 5261 3644 5330 ἐγγὺς

1971 5370 2166 5440 ήγαγε,
2217 5363 2524 5421 κατασείων
2559 5360 2738 5413 αὐτῶν
2763 5357 2862 5427 τὴν
2889 5351 3271 5440 διάνοιαν,καὶ
3288 5350 3529 5440 δεικνὺς,
3559 5348 3644 5440 ὅτι

1970 5433 2190 5518 τούτους
2233 5454 2315 5507 δεῖ
2346 5450 2611 5522 τιμᾶσθαι
2643 5447 2846 5519 μᾶλλον
2885 5443 3013 5505 τοὺς
3039 5439 3209 5511 χωρὶς
3242 5436 3408 5522 νόμου
3446 5433 3642 5522 τάᾉτοῦ

1971 5544 2136 5614 νόμου
2183 5520 2486 5611 κατορθοῦν
2527 5532 2966 5597 ἐσπουδακόταςς
3031 5529 3097 5614 ‘Q
3129 5526 3202 5614 66
3240 5521 3478 5614 μάλιστα
3496 5520 3643 5614 Μέστι

1972 5608 2254 5699 θαυμάσαι
2302 5608 2403 5695 τῆς
2442 5622 2710 5685 συνέσεως
2750 5620 2849 5692 τῆς
2876 5610 3260 5683 ἀποπολικῆς,
3297 5608 3459 5664 τοῦτο
3490 5608 3644 5679 ἄξιον

3296 5774 3408 5823 sine
3432 5767 3642 5820 atticum

1970 5829 2206 5902 Αῖιὲιὶέΐ
2224 5829 2826 5956 ίᾘὲέἧῖὖῇέέαρὲίιὲρὸῦἀης
2851 5842 3028 5903 αὐτῶν,
3053 5845 3109 5891 ιιι
3131 5829 3319 5890 ὶιὼέιιι
3354 5834 3479 5886 eam
3504 5829 3637 5885 Bibl.

1980 5920 2033 5956 el
2056 5910 2225 5956 Chrys.
2256 5908 2352 5956 τοι.
2378 5921 2503 5956 δρα..
2529 5909 2617 5956 lin.
2670 5904 2716 5956 7.

1980 5920 2033 5964 el
2056 5910 2225 5971 Chrys.
2256 5908 2352 5961 τοι.
2378 5904 2507 5971 εειιῖ,
2529 5904 2617 5959 lih.
2640 5904 2728 5994 17..
