4064 6296
388 289 496 351 ῐῖθ

392 403 544 481 [668]
571 401 747 459 είπεῐν
773 399 890 456 νῦν.
944 395 1076 451 Ἀπὸ
1109 395 1221 467 γὰρ
1251 396 1350 465 τῆς
1381 388 1729 481 κατασκευῆς
1748 383 1957 481 δείξας,⁵
1975 383 2058 481 ὅτι

393 469 600 565 ῖιειςὶον
627 492 657 545 6
684 487 889 557 Ἕλλην
914 484 1009 539 τοῦ
1048 481 1327 545 Ἰουδαίου,
1364 481 1423 533 ἐν
1444 476 1834 565 ,τῇλσυναγωγῇ
1873 471 1970 565 καὶ
1999 469 2059 523 ἐν

389 557 471 651 τῷ
494 557 951 649 συμπεράσματι“
979 570 1090 625 τῶν
1109 566 1383 638 λογισμῶν
1404 564 1465 618 06
1488 562 1702 634 τίθησιν
1734 559 1886 624 06:6,
1914 557 2055 612 ὥστε

395 647 474 738 μὴ
495 647 758 737 τραχῦναι
775 661 868 716 τὸν
907 656 1178 712 Ἰουδαῖον.
1214 654 1338 707 Ἵνα
1361 652 1418 707 δὲ
1445 652 1540 706 1:01
1566 649 1901 738 σαφέστερον
1922 647 2057 717 ὅπερ

393 733 548 807 εἷπον
597 733 833 819 ποιήσω,
880 743 1019 801 αὐτὰ
1055 741 1166 814 ἐρῶ
1206 739 1277 795 τά
1312 742 1532 812 ῥήματα
1581 737 1650 792 τά
1703 733 2058 790 ἀποστολικά.

405 835 627 907 Ἐπειδὴ
664 835 773 907 7&9
823 825 1001 895 εἶπεν,
1043 829 1126 883 Οὐ
1173 828 1287 898 γὰρ
1317 828 1373 881 οἱ
1400 824 1685 896 ἀκροαταί
1711 822 1819 879 τοῦ
1848 822 2059 907 νόμον,

394 924 533 977 ἀλλ’
558 905 870 989 οίποιὴταὶ
889 916 995 972 τοῦ
1019 915 1208 985 νόμου
1229 911 1748 981 δικαιωθήσονται,
1770 905 2063 963 ἀκόλουθον

436 1029 463 1065 ν
491 1007 882 1063 εἰπεῖν-Ὅταν
898 1003 1010 1075 γὰρ
1034 1002 1180 1069 ἔθνη
1199 1000 1272 1054 τὰ
1293 998 1381 1068 μὴ
1406 998 1596 1066 νόμον
1620 996 1858 1065 ἔχοντα,
1883 993 2065 1063 φύσει

396 1098 470 1151 τὰ
489 1095 598 1150 τοῦ
642 1093 834 1164 νόμου
868 1090 1032 1157 ποιῇ,
1074 1088 1280 1141 τούτων
1314 1084 1495 1157 πολλῷ
1532 1083 1774 1153 βελτίους
1808 1080 1918 1134 είσὶ
1953 1078 2064 1134 τῶν

393 1183 503 1238 ἀπὸ
516 1183 679 1254 νόμου
696 1177 1114 1249 διδασκομένων.
1132 1173 1274 1229 Ἀλλ’
1289 1173 1349 1226 06
1368 1172 1516 1241 λέγει
1531 1169 1706 1235 τοῦτο,
1720 1167 1833 1222 ἀλλ’
1851 1168 2064 1221 ἵσταται

399 1271 566 1341 μέχρι
584 1253 690 1322 τοῦ
720 1265 996 1337 ἐγκωμίου
1026 1261 1137 1317 τῶν
1186 1259 1475 1331 Ἑλλήνων,
1505 1259 1600 1311 1:01
1630 1258 1692 1310 06
1721 1255 1950 1341 προάγει
1970 1253 2064 1308 τὸν

391 1340 554 1425 λόγον
604 1353 746 1409 κατά
782 1352 1068 1421 σύγκρισιν
1101 1348 1261 1413 τέως,
1298 1346 1383 1400 ἴνα
1414 1344 1514 1400 κᾶν
1546 1344 1717 1407 οὕτως
1742 1344 1772 1396 6
1812 1340 2065 1403 Ἰουδαῖος

395 1446 613 1517 δέξηται
633 1445 695 1498 τὸ
716 1441 1030 1513 λεγόμενον.
1054 1439 1255 1511 Διόπερ
1277 1437 1377 1508 οὐχ
1395 1434 1569 1497 οὓτως
1602 1428 1777 1497 εἶπεν,
1796 1430 1871 1492 ώς
1887 1425 2063 1496 εἶπον,

397 1516 536 1589 ἀλλά
562 1532 712 1596 πῶς;
744 1530 924 1584 Ὅταν
956 1526 1065 1600 γὰρ
1092 1526 1237 1594 ἔθνη
1264 1524 1336 1579 τὰ
1354 1521 1440 1592 μὴ
1470 1521 1660 1591 νόμον
1687 1517 1925 1588 ἔχοντα,
1954 1516 2066 1586 φύ-

397 1634 496 1673 σει
539 1616 613 1672 τὰ
654 1614 762 1670 τοῦ
797 1614 987 1684 νόμου
1018 1609 1182 1679 ποιῇ,
1235 1604 1400 1665 οὗτοι
1434 1606 1625 1677 νόμον
1658 1602 1745 1674 μὴ
1797 1601 2062 1671 ἔχοντες,

398 1703 634 1771 ἑαυτοῖς
658 1705 778 1757 εισι
822 1702 1034 1771 νόμος·
1080 1700 1296 1763 οἵτινες
1337 1694 1750 1750 ἐνδείκνυνται
1782 1688 1850 1743 τὸ
1888 1689 2068 1759 ἔργον

399 1790 508 1847 τοῦ
536 1790 723 1861 νόμου
746 1786 1011 1860 γραπτὸν
1028 1784 1098 1839 ἐν
1115 1783 1243 1851 ταῖς
1264 1780 1536 1851 καρδίαις
1553 1777 1773 1842 αὐτῶν,
1796 1790 2068 1846 συμμαρ-

400 1878 705 1948 τυρούσης
740 1872 940 1930 αὐτῶν
967 1870 1079 1941 τῆς
1114 1869 1544 1935 συνειδήσεως.
1585 1865 1770 1939 Ἀρκεῖ
1794 1862 1905 1934 7&9
1945 1861 2068 1915 ἀντὶΙ

400 1965 497 2020 τοῦ
526 1964 691 2035 νόμου
735 1962 797 2017 τὸ
829 1959 1068 2023 συνειδὸς
1098 1958 1191 2012 1:01
1221 1955 1499 2026 λογισμός.
1549 1954 1647 2007 Διά
1671 1951 1875 2006 τούτων
1901 1948 2067 2014 ἔδειξε

400 2051 586 2116 πάλιν,
606 2051 690 2105 ὅτι
718 2048 967 2121 αὐτάρκη
992 2045 1084 2100 τδν
1111 2044 1398 2118 ἄνθρωπον
1426 2042 1681 2113 ἐποίησεν
1708 2041 1738 2094 6
1769 2038 1901 2103 Θεὸς
1930 2036 2068 2108 πρὸς

400 2138 503 2210 τὴν
531 2139 630 2209 τῆς
653 2136 854 2207 ἀρετῆς
882 2134 1117 2206 αἵρεσιν,
1146 2133 1242 2186 1:&1
1268 2130 1368 2202 τὴν
1387 2129 1490 2201 τῆς
1514 2128 1713 2192 κακίας
1734 2127 1933 2198 φυγήν.
1956 2124 2068 2178 K01

406 2224 482 2298 μὴ
524 2223 835 2296 θαυμάσῃς,
869 2222 917 2275 εί
951 2222 1046 2275 1:01
1076 2218 1223 2285 ἅπαξ
1254 2218 1349 2273 1:01
1385 2217 1468 2281 61;
1511 2216 1607 2270 1:01
1635 2214 1895 2277 πολλάκις
1937 2212 2068 2265 06:6

403 2310 822 2378 κατασκευάζει.
855 2308 1068 2380 Σφόδρα
1095 2306 1204 2380 7&9
1241 2302 1309 2378 ἦν
1340 2306 1639 2374 ἀναγκαῖον
1677 2300 1826 2373 αὐτῷ
1862 2300 1925 2353 τὸ
1973 2316 2067 2353 κε-

403 2400 631 2471 φάλαιον
672 2398 832 2453 τοῦτο
858 2395 947 2451 6:&
969 2397 1095 2461 τοὺς
1120 2394 1397 2464 λέγοντας·
1428 2393 1494 2446 Τί
1521 2392 1719 2464 δήποτε
1757 2389 1853 2445 νῦν
1879 2391 1908 2443 6
1935 2390 2069 2461 X9:-

404 2489 530 2552 στὸς
557 2485 919 2559 παρεγένετο;
952 2484 1047 2537 καὶ
1076 2482 1180 2536 ποῦ
1212 2482 1306 2536 τὸν
1334 2478 1643 2552 ἔμπροσθεν
1670 2477 1860 2549 χρόνον
1880 2476 1949 2531 τά
1971 2476 2070 2546 τῆς

402 2574 669 2645 τοσαύτης
692 2573 947 2644 προνοίας
973 2568 1202 2644 ἦν;Καὶ
1221 2569 1355 2639 1:96;
1375 2567 1595 2631 τούτους
1611 2562 1704 2620 οῦν
1726 2568 1784 2619 ἐν
1804 2564 2071 2636 παρέργῳ

404 2661 500 2719 νῦν
550 2660 988 2732 ἀπομαχόμενος,
1034 2656 1325 2720 δείκνυσιν,
1372 2656 1453 2709 ὅτι
1496 2654 1591 2706 1:01
1622 2654 1680 2706 ἐν
1711 2654 1824 2715 τοῖς
1867 2650 2071 2705 ἀνωθεν

406 2749 641 2823 χρόνοις,
662 2749 757 2803 1:01
785 2746 892 2818 1:96
915 2746 1013 2816 τῆς
1034 2742 1124 2798 τοῦ
1155 2742 1319 2814 νόμου
1349 2741 1548 2804 δόσεως
1582 2740 1764 2810 πάσης
1788 2737 2071 2809 ἀπήλαυσε

406 2837 665 2909 προνοίας
693 2836 728 2906 ἡ
751 2834 860 2887 τῶν
891 2830 1192 2902 ἀνθρώπων
1221 2827 1401 2900 φύσις.
1428 2827 1535 2881 K01
1565 2827 1674 2897 7&9
1702 2826 1773 2880 T6
1802 2823 2074 2895 γνωστὸν

402 2923 513 2993 τοῦ
548 2923 696 2979 Θεοῦ
726 2919 988 2992 φανερὸν
1027 2915 1106 2989 ἦν
1135 2917 1357 2983 αὐτοῖς,
1390 2915 1484 2969 1:01
1510 2915 1561 2969 τί
1594 2914 1693 2986 μὲν
1718 2914 1903 2979 καλὸν,
1930 2912 1983 2967 τί
2013 2912 2071 2966 δὲ

407 3012 579 3068 κακὸν
596 3011 814 3083 ᾔδεσαν,
842 3009 908 3062 δι’
934 3000 1009 3065 ὧν
1040 3007 1167 3070 τοὺς
1195 3004 1386 3068 ἄλλους
1407 3003 1631 3075 ἔκριναν
1652 3018 1666 3031 ’
1712 3003 1849 3072 ὅπερ
1881 2998 2067 3054 ὀνειδί-

408 3098 517 3173 ζων
557 3101 763 3164 αὐτοῖς,
810 3097 1016 3167 ἔλεγεν,
1054 3096 1136 3149 6::
1194 3096 1297 3149 Ἐν
1339 3085 1385 3160 ᾧ
1426 3093 1648 3161 κρίνεις
1696 3090 1806 3145 τὸν
1843 3090 2070 3160 ἕτερον,

406 3187 671 3247 σεαυτὸν
712 3187 1106 3254 κατακρίνεις.
1168 3182 1289 3236 ’E1:1
1331 3182 1387 3236 65
1439 3179 1549 3235 τῶν
1601 3178 1892 3243 Ἰουδαίων,
1934 3177 2073 3249 μετά

408 3277 516 3331 τῶν
544 3275 664 3347 είρη
674 3274 847 3344 μένων
876 3273 1017 3326 1:016
1039 3271 1200 3342 νόμος
1221 3270 1472 3340 ἔστηκεν,
1488 3267 1610 3339 ούχὶ
1633 3265 1891 3337 λογισμὸς
1915 3265 2073 3336 μόνον

407 3363 529 3418 0665
551 3363 874 3434 συνείδησις.
893 3360 1047 3424 Τίνος
1075 3359 1129 3413 65
1150 3359 1335 3413 ἕνεκεν
1360 3357 1539 3427 τίθησι
1564 3355 1646 3421 τὸ,
1666 3354 2074 3424 Κατηγορούν-

408 3468 528 3506 των
579 3450 619 3521 ἢ
654 3452 755 3505 καί
810 3446 1354 3518 ἀπολογουμένων;
1407 3444 1472 3499 Εί
1517 3443 1626 3517 7&9
1678 3442 1843 3514 νόμον
1889 3441 2074 3513 ἔχουσι

410 3539 655 3613 γραπτὸν
695 3537 791 3592 καὶ
834 3538 897 3590 τὸ
938 3535 1097 3609 ἔργον
1120 3535 1148 3575 δ
1176 3533 1557 3599 ἐνδείκνυνται,
1600 3532 1652 3585 τί
1681 3531 1793 3604 ἔχει
1825 3548 2077 3601 κατηγο-

411 3629 576 3701 ρῆσαι
616 3626 799 3680 λοιπὸν
840 3628 868 3680 ὁ
910 3623 1198 3695 λογισμός’;
1248 3622 1387 3676 Ἀλλ’
1434 3621 1615 3675 ούκέτι
1666 3620 1796 3693 1:591
1852 3620 2075 3675 ἐκείνων

411 3708 548 3780 φησὶ
581 3707 664 3773 τὸ,
694 3705 1214 3775 Κατηγορούντων,
1263 3704 1444 3775 μόνον,
1485 3704 1621 3757 ἀλλὰ
1653 3705 1745 3759 1:01
1794 3705 1921 3774 1:591
1977 3704 2077 3775 τῆς

408 3794 627 3867 φύσεως
654 3792 892 3862 ἀπάσης.
922 3792 1055 3846 Τότε
1086 3791 1195 3862 7&9
1229 3792 1520 3863 ἑστήκασιν
1551 3794 1585 3863 ὴ
1596 3791 1712 3863 μῶν
1741 3792 1834 3845 καὶ
1855 3792 1905 3844 οἱ
1926 3790 2076 3860 λογι-

411 3884 562 3955 09.01,
588 3884 638 3937 οί
670 3882 767 3954 μὲν
796 3879 1249 3953 κατηγοροῦντες,
1275 3880 1323 3933 οἱ
1348 3879 1405 3933 δὲ
1425 3879 1873 3950 ἀπολογούμενοι,
1896 3879 1988 3931 καὶ
2013 3879 2072 3931 06

407 3968 580 4029 δεῖται
623 3970 812 4040 ἐτέρου
857 3968 1164 4040 κατηγόρου
1202 3966 1487 4038 ἄνθρωπος
1519 3966 1606 4020 ἐπ’
1645 3967 1851 4020 ἐκείνου
1885 3965 1978 4020 τοῦ
2007 3965 2077 4019 δι-

409 4051 732 4124 καστηρίου.
762 4046 895 4105 Εἶτα
924 4051 1103 4116 αῦξων
1122 4050 1213 4107 τὸν
1247 4050 1435 4120 φόϐον,
1466 4051 1567 4104 οὐκ
1606 4046 1746 4115 εἰπε,
1779 4052 1860 4104 Τά
1895 4052 2077 4122 ἀμαρ-

408 4140 628 4213 τήματα
687 4137 797 4192 τῶν
846 4137 1168 4210 ἀνθρώπων,
1211 4137 1373 4201 ἀλλά,
1428 4138 1506 4193 Td
1542 4136 1777 4207 κρυπτὰ
1808 4135 1928 4191 τῶν
1971 4139 2076 4192 ἀν-

410 4226 682 4297 θρώπων.
718 4225 940 4297 Ἐπειδὴ
972 4226 1079 4297 γὰρ
1113 4222 1253 4279 εἷπε·
1292 4225 1503 4294 Λογίζῃ
1539 4226 1810 4294 ὀκρίνων
1839 4224 1981 4292 τοὺς
2006 4226 2078 4279 τὰ

409 4314 658 4369 τοιαῦτα
693 4313 1105 4384 πράσσοντας,
1134 4314 1230 4367 καὶ
1278 4311 1463 4365 ποιῶν
1497 4313 1669 4377 αὐτὰ,
1700 4312 1788 4366 ὅτι
1812 4312 2075 4382 ἐκφεύξῃ

409 4397 478 4451 τὸ
498 4397 677 4469 κρῖμα
708 4398 809 4452 τοῦ
839 4398 1018 4461 Θεοῦ;
1049 4398 1134 4450 ἵνα
1160 4396 1234 4467 μὴ
1255 4394 1511 4464 τοιαύτην
1530 4394 1719 4466 ἐκδέξῃ
1738 4396 1937 4466 ψῆφον,
1959 4397 2078 4449 οἵαν

410 4486 506 4540 καὶ
535 4482 696 4549 06:6;
737 4485 946 4556 φέρεις,
978 4482 1090 4537 ἀλλ’
1132 4483 1267 4553 ἴδῃς,
1302 4481 1384 4535 ὅτι
1411 4480 1588 4551 πολλῷ
1630 4482 1733 4552 τῆς
1773 4484 1871 4552 σῆς
1911 4483 2075 4554 ἀκρι-

412 4572 644 4644 ϐεστέρα
670 4571 816 4643 ἡτοῦ
850 4569 1009 4630 Θεοῦ,
1042 4570 1310 4640 ἐπήγαγεο
1351 4572 1428 4624 Td
1449 4568 1683 4637 κρυπτὰ
1706 4568 1823 4623 τῶν
1848 4568 2075 4637 ἀνθρώ-

412 4654 563 4726 πων,
606 4660 701 4714 1:01
731 4658 1041 4731 προσέθηκε
1063 4673 1078 4689 σ
1132 4657 1290 4711 Κατὰ
1318 4656 1385 4711 τὸ
1409 4654 1774 4727 Εὐαγγέλιόν
1801 4674 1938 4726 μου,
1976 4656 2078 4711 διὰ

425 4741 1248 4818 ἸησοῦᾝριστοῦῖΑνθρωποι
1281 4744 1388 4820 7&9
1417 4745 1523 4798 τῶν
1541 4744 1787 4816 φανερῶν
1813 4746 2076 4816 κάθηνται

411 4836 662 4891 δικασταὶ
699 4837 894 4906 μόνων.
928 4836 1124 4891 Καίτοι
1157 4850 1220 4899 γε
1263 4833 1375 4888 ἀνω
1406 4833 1533 4903 1:591
1558 4832 1652 4886 :06
1683 4834 1894 4905 Πατρὸς
1924 4833 2076 4902 ἐλεγε

412 4926 597 5000 μόνου,
632 4926 747 4979 ἀλλ’
779 4924 966 4996 ἐπειδὴ
1006 4924 1192 4978 λοιπὸν
1227 4922 1423 4986 αὐτοὺς
1472 4922 1761 4975 κατελέανε
1793 4920 1873 4992 τῷ
1906 4923 2074 4993 φόϐῳ,

411 5016 657 5083 ἐπήγαγε
706 5013 799 5066 1:01
843 5013 934 5065 τὸν
982 5012 1111 5082 περὶ
1156 5010 1250 5064 τοῦ
1302 5008 1537 5080 Χριστοῦ
1584 5008 1774 5077 λόγον·
1816 5010 1909 5062 1:01
1954 5009 2077 5062 0665

410 5099 599 5155 τοῦτον
622 5098 832 5162 ἁπλῶς,
861 5099 996 5152 ἀλλὰ
1027 5100 1119 5151 1:01
1147 5095 1380 5151 5v:0600
1410 5095 1563 5169 [469]
1588 5096 1683 5149 :06
1702 5097 1913 5166 Πατρὸς
1942 5113 2078 5166 μνη-

414 5186 704 5259 μονεύσας,
729 5185 898 5248 οὕτως
925 5186 1084 5240 αὐτὸν
1114 5187 1445 5257 ἐπεισήγαγε
1464 5201 1479 5217 ο
1527 5183 1623 5237 1:01
1658 5184 1751 5236 :06
1788 5183 2077 5254 κηρύγμα-

411 5291 504 5339 τος
532 5275 588 5328 65
616 5274 676 5328 τὸ
717 5273 931 5343 ἀξίωμα
974 5273 1041 5325 δι’
1069 5274 1248 5326 αὐτῶν
1275 5272 1525 5344 ἐπαίρει·
1561 5270 1717 5323 τοῦτο
1758 5269 1887 5339 γὰρ,
1921 5272 2075 5341 φησὶ,

411 5362 475 5416 τὸ
505 5360 762 5435 κήρυγμα
795 5360 965 5414 ταῦτα
985 5363 1385 5432 προαναφωνεῖ,
1413 5358 1449 5413 ἀ
1476 5355 1825 5428 προλαϐοῦσα
1853 5359 1885 5427 ἡ
1914 5357 2075 5425 φύσις

410 5448 610 5514 ἔδειξεν
629 5459 675 5504 ε.

482 5543 556 5601 ς’.
574 5532 725 5599 Εἶδες
742 5533 858 5598 πῶς
876 5533 1108 5596 συνετῶς
1123 5534 1218 5586 1:01
1236 5531 1313 5599 τῷ
1329 5531 1642 5603 Εὐαγγελίῳ
1659 5535 1753 5587 καὶ
1768 5536 1844 5605 τῷ
1856 5536 2077 5607 Χριστῷ

411 5625 592 5696 φέρων
630 5626 827 5688 αὐτοὺς
860 5623 1157 5696 προσέδησε
1180 5664 1195 5689 ,
1234 5622 1328 5675 καὶ
1363 5622 1660 5688 ἀπέδειξεν,
1697 5625 1778 5677 ὄτι
1810 5627 1869 5678 ού
1916 5628 2077 5699 μέχρι

409 5713 517 5766 τῶν
561 5712 793 5790 ἐνταῦθα
822 5711 893 5765 τὰ
931 5711 1176 5782 ἡμέτερα
1215 5711 1445 5769 ἵσταται.
1485 5712 1621 5765 ἀλλά
1662 5712 1835 5765 ὁδεύει
1887 5732 2080 5786 περαι-

419 5916 443 5946 ⁶
464 5848 654 5946 ᾖυηυε
676 5851 773 5898 τῶν
795 5850 1145 5925 συλλογισμῶν,
1168 5863 1267 5901 non
1284 5851 1430 5901 male.
1496 5853 1525 5895 δ
1546 5851 1667 5915 Alii,
1687 5855 1885 5904 καὶτὸν-
1904 5857 2072 5918 νόμον.

525 5924 572 5946 In
588 5924 687 5946 m0:
751 5912 954 5946 “unum.

464 5912 572 5964 Duo
588 5924 727 5972 mss.,
751 5912 971 5967 ἐδίδαξεν.

1086 277 1156 336 ’8.
1189 274 1471 335 JOANNIS
1505 267 1992 329 ειιιιγευετοιιι
2027 268 2070 321 Α

2171 265 2347 323 ΗΙΕΡ.
2386 264 2931 324 CONSTANTINOP.

2160 382 2335 453 τέρω;
2372 385 2437 438 Ὀ
2473 383 2567 437 1:01
2598 382 2756 437 άνωά
2787 379 3188 435 κατεσκεύασεν
3217 374 3408 436 εἰπὼν,
3438 366 3819 453 Θησαυρίᾷις

2160 452 2396 531 σεαυτῷ
2429 466 2618 535 ὀργὴν
2667 467 2736 518 ὲν
2767 464 2956 533 ἡμέρᾳ
2999 460 3200 529 ὀργῆς,
3235 459 3331 512 1:01
3358 456 3596 509 ἐνταῦθα
3646 452 3817 511 πάλιν,

2161 549 2367 616 Κρινεῖ
2388 552 2422 603 ὁ
2468 548 2613 616 Θεὸς
2642 550 2716 602 τὰ
2752 548 2985 616 κρυπτὰ
3022 544 3140 598 τῶν
3167 541 3507 610 ἀνθρώπων.
3553 537 3819 595 Ἕκαστος

2157 630 2336 685 τοίνυν
2369 633 2449 695 είς
2473 631 2535 684 τὸ
2555 631 2749 685 ἑαυτοῦ
2774 630 3011 692 συνειδὸς
3030 624 3219 682 ἐλθὼν.
3252 625 3347 677 1:01
3375 618 3819 688 ἀναλογιζόμενος

2158 714 2228 768 τά
2248 715 2714 785 πλημμελήματα,
2742 712 3041 768 ἀπαιτείτω
3060 710 3158 774 τὰς
3188 706 3417 770 εὐθύνας
3448 704 3647 759 ἑαυτὸν
3676 703 3820 785 ἀκρι-

2160 796 2288 862 δῶς,
2323 784 2417 850 ἵνα
2446 784 2569 851 τότε
2608 796 2683 868 μὴ
2716 794 3142 866 κατακριθῶμεν
3178 790 3315 862 μετά
3343 789 3445 858 τῆς
3475 784 3818 868 οἰκουμένης.

2158 880 2393 951 Φοϐερὸν
2433 880 2543 952 7&9
2579 866 2755 934 ἐκεῖνο
2784 880 2846 933 τὸ
2884 878 3253 949 δικαστήριον,
3288 871 3515 944 φρικτὸν
3560 868 3628 921 τὸ
3659 866 3821 952 βῆμα,

2160 950 2364 1035 τρόμου
2420 950 2679 1033 γέμουσιν
2706 964 2764 1018 αί
2816 961 3061 1026 εὐθῦναι,
3102 959 3273 1031 πυρὸς
3300 957 3518 1010 ἕλκεται
3547 950 3819 1017 ποταμός*

2173 1046 2463 1117 Ἀδελφὸς
2515 1048 2587 1102 οὐ
2650 1040 3002 1116 λυτροῦτὰι,
3052 1043 3421 1112 λυτρώσεται
3478 1038 3822 1104 ἄνθρωποςῖ

2175 1128 2574 1201 ’Δναμνήσθητι
2610 1129 2720 1201 γὰρ
2765 1129 2876 1184 τῶν
2919 1130 2979 1183 ὲν
3017 1127 3096 1198 τῷ
3143 1122 3460 1194 Εὑαγγελίῳ
3490 1117 3822 1201 λεγομένων,

2161 1214 2271 1267 τῶν
2310 1197 2558 1283 ἀγγέλων
2601 1197 2710 1267 τῶν
2753 1197 3209 1284 περιτρεχόντων,
3259 1206 3354 1261 τοῦ
3408 1202 3700 1274 νυμφῶνος
3728 1197 3821 1251 τοῦ

2162 1299 2606 1371 ἀποκλειομένου,
2639 1300 2750 1355 τῶν
2798 1297 3099 1369 λαμπάδων
3141 1296 3251 1349 τῶν
3306 1291 3382 1364 μὴ
3430 1286 3822 1371 σϐεννυμένων,

2161 1381 2270 1435 τῶν
2295 1368 2578 1454 δυνάμεων
2604 1381 2712 1437 τῶν
2736 1384 2817 1446 είς
2843 1368 2943 1445 τάς
2970 1379 3230 1448 καμίνους
3262 1372 3563 1430 ἑλκουσῶν.
3594 1368 3825 1454 Κάκεῖνο

2164 1463 2397 1534 λόγισαι,
2434 1450 2520 1521 δτι
2552 1467 2607 1521 εί
2634 1479 2780 1531 τινος
2818 1465 2976 1536 ἡμῶν
3022 1464 3251 1535 πρᾶγμα
3277 1455 3519 1528 κρυπτὸν
3552 1453 3637 1536 εἰς
3673 1450 3824 1536 μέσον

2164 1550 2365 1622 ὲνήχθη
2390 1552 2632 1622 τήμερον
2656 1551 2751 1604 51:1
2903 1546 3195 1617 ἐκκλησίας
3232 1542 3418 1615 μόνης,
3457 1536 3579 1599 πῶς
3608 1534 3676 1622 ἂν
3702 1535 3825 1622 61:0:

2164 1617 2364 1688 λέσθαί
2398 1617 2492 1689 1:01
2532 1617 2631 1706 τὴν
2654 1633 2769 1704 ιγῆν
2808 1617 2957 1703 αὑτῷ
2984 1631 3266 1701 διαστῆναι
3305 1625 3507 1706 ηῦξατο
3540 1621 3761 1690 μᾶλλον,
3791 1617 3823 1687 ἦ

2163 1720 2449 1783 τοσούτους
2476 1704 2759 1791 μάρτυρας
2787 1716 2889 1786 τῆς
2918 1716 3114 1778 κακίας
3142 1714 3317 1783 σχείνι
3350 1711 3415 1764 Τί
3441 1704 3534 1762 οὖν
3569 1706 3691 1791 τότε
3721 1720 3826 1754 πει-

2167 1802 2395 1874 σόμεθα,
2438 1788 2569 1856 ὅταν
2610 1788 2705 1856 51:1
2752 1802 2851 1863 τῆς
2895 1797 3223 1868 οἰκουμένης
3273 1796 3354 1858 είς
3408 1792 3576 1864 μέσον
3622 1788 3823 1874 ἅπαντα

2166 1868 2403 1958 φέρηται
2434 1887 2492 1939 ἐν
2515 1882 2741 1954 τοιούτῳ
2768 1882 2981 1955 θεάτρῳ
3014 1877 3249 1951 λαμπρῷ
3274 1876 3370 1931 1:01
3401 1873 3716 1946 περιφανεῖ,
3740 1868 3825 1920 1:01

2164 1968 2273 2024 τῶν
2309 1967 2600 2039 γνωρίμων
2642 1967 2736 2019 1:01
2782 1965 2894 2019 τῶν
2928 1963 3219 2034 ἀγνώστων
3264 1962 3395 2033 ἡμῖν
3435 1960 3823 2039 ἀπανταλκατ-

2166 2035 2534 2115 οπτευόντωνς
2564 2048 2702 2103 Ἀλλ’
2716 2050 2859 2119 οἶμοι
2876 2048 3037 2101 πόθεν
3058 2042 3437 2114 ἀναγκάζομαι
3453 2038 3646 2109 φοϐεῖν
3664 2035 3822 2119 696;;

2168 2136 2276 2191 ἀπὸ
2298 2136 2397 2208 τῆς
2433 2135 2541 2189 τῶν
2562 2118 2868 2205 ἀνθρώπων
2896 2130 3233 2201 ὑπολήψεως,
3261 2127 3379 2180 δέον
3399 2124 3506 2179 άπὸ
3532 2122 3637 2176 τοῦ
3671 2118 3822 2208 φόϐον

2166 2221 2263 2274 τοῦ
2292 2206 2450 2287 Θεοῦ,
2486 2219 2583 2273 1:01
2612 2219 2712 2290 τῆς
2753 2214 2945 2271 ἐαυτοῦ
2993 2211 3389 2281 καταγνώσεως
3419 2208 3584 2263 τοῦτο
3624 2206 3820 2265 ποιείν;

2169 2303 2327 2367 Τίνες
2363 2284 2472 2374 7&9
2503 2284 2757 2374 ἐσόμεθα,
2790 2298 2911 2352 είπέ
2951 2315 3060 2369 μοι,
3092 2295 3234 2357 τότε,
3261 2294 3388 2347 ὅταν
3423 2290 3706 2374 δεθέντες,
3727 2284 3825 2337 τῶν

2169 2370 2396 2441 ὀδόντων
2421 2370 2745 2458 βρυχόντων,
2774 2385 2853 2447 είς
2872 2382 2935 2436 τὸ
2959 2380 3282 2451 ἐξώτετερον
3314 2373 3581 2445 ἀγώμεθα
3612 2370 3821 2433 σκότος;

2172 2476 2374 2547 μᾶλλον
2411 2474 2470 2528 δὲ
2520 2473 2572 2527 τί
2608 2472 2926 2544 ποιήσομεν,
2964 2469 2993 2523 6
3024 2469 3243 2522 πάντων
3270 2464 3386 2517 50:1
3430 2459 3821 2547 φοϐερώτερον,

2168 2542 2298 2615 όταν
2327 2559 2407 2631 τῷ
2436 2558 2555 2630 Θεῷ
2584 2542 3085 2630 προσνκρούσωμεν;
3116 2553 3179 2604 Εί
3208 2549 3317 2619 γάρ
3335 2563 3421 2611 τις
3440 2542 3821 2631 αῐσθησινέχει

2169 2646 2267 2698 1:01
2299 2628 2447 2708 νοῦν,
2473 2628 2574 2715 ήδη
2603 2628 2699 2696 1:01
2722 2641 2818 2713 τὴν
2849 2639 3073 2708 γέενναν
3100 2637 3409 2705 ὑπέμεινεν,
3433 2631 3563 2684 ὃταν
3585 2628 3648 2692 ἐξ

2170 2729 2398 2799 γένηται
2447 2710 2542 2781 τοῦ
2563 2710 2571 2712 ⁷
2596 2724 2733 2799 Θεοῦ
2751 2710 2788 2755 ·’
2974 2720 3161 2799 ἐπειδὴ
3178 2718 3366 2799 -τοῦτο
3393 2717 3494 2799 061:
3519 2714 3708 2799 όδυνᾷ,
3733 2710 3823 2799 νδιὰ

2169 2780 2575 2869 ήηπείλει
2604 2797 2716 2868 1:69
2735 2806 2779 2851 ο.
2805 2796 2916 2849 K01
2943 2793 3052 2864 7&9
3076 2780 3261 2862 ἐχρῆν,
3296 2789 3395 2859 οὐχ
3426 2788 3554 2841 ὅταν
3593 2780 3821 2869 κολαζόν-

2175 2882 2337 2954 μεθα,
2385 2864 2600 2950 ἀλγεῖν,
2641 2864 2755 2935 ἀλλ’
2782 2879 2908 2932 ὅταν
2944 2876 3370 2948 ἀμαρτάνωμεν.
3407 2873 3679 2954 ιἌκουσον
3706 2864 3822 2934 γοῦν

2169 2952 2265 3019 τοῦ
2296 2964 2511 3018 Παύλου
2549 2959 2871 3037 θρηνοῦντος
2900 2962 2994 3015 1:01
3037 2957 3439 3029 ἀποδυρομένου
3466 2954 3612 3024 61:59
3655 2952 3820 3021 ἀμαρ-

2170 3050 2452 3121 τημάτων,
2508 3036 2717 3102 ὧνούκ
2748 3046 2938 3117 ἔμελλε
2985 3043 3175 3098 δώσειν
3224 3043 3398 3113 δίκην.
3428 3041 3511 3093 Οὐ
3555 3036 3672 3107 γάρ
3719 3037 3821 3121 ειμι

2172 3118 2400 3199 ἱκανὸς,
2426 3133 2581 3203 φησι,
2615 3128 2933 3186 καλεῖσθαι
2960 3128 3326 3191 ἀπόστολος,
3359 3123 3447 3176 ὅτι
3477 3121 3697 3185 ἐδίωξα
3719 3118 3819 3203 τὴν

2186 3200 2579 3286 Ἐκκληάιαν.
2619 3216 2885 3268 Ἀκουσον
2931 3212 3063 3282 γοῦν
3116 3210 3211 3264 1:01
3254 3206 3347 3261 :06
3389 3205 3551 3259 A0016
3604 3205 3703 3275 τῆς
3737 3200 3820 3286 μὲν

2175 3282 2445 3367 κολάσεως
2489 3299 2933 3373 ἀπηλλαγμένου,
2980 3295 3168 3365 ἐπειδὴ
3222 3293 3278 3346 δὲ
3321 3294 3536 3361 ἐνόμισε
3593 3289 3672 3359 τῷ
3688 3282 3821 3373 ῌΘεῷ

2175 3370 2698 3460 προσκεκρουκέναι,
2724 3370 2827 3456 τὴν
2856 3382 3123 3456 τιμωρίαν
3154 3377 3272 3433 καθ’
3308 3373 3501 3460 ἑαυτοῦ
3545 3370 3821 3460 καλοῦντος

2175 3453 2270 3527 1:01
2295 3453 2545 3544 λέγοντος
2562 3490 2577 3505 ’
2607 3453 2946 3538 Γενέαθω
2977 3467 3107 3536 χείρ
3138 3481 3253 3519 σου
3285 3462 3355 3516 ἐν
3374 3459 3522 3530 ἐμοὶ,
3547 3458 3732 3544 καίέν
3750 3453 3821 3544 αἱ»

2175 3558 2318 3626 οῖκῳ
2348 3540 2455 3614 ⁴ιίοῦ
2492 3556 2717 3626 πατρός
2751 3572 2892 3625 μου.
2929 3553 3003 3605 Τὸ
3040 3552 3149 3622 7&9
3186 3545 3558 3620 προσκροῦσαι
3591 3543 3671 3615 τῷ
3696 3540 3818 3626 Θεῷ.

2175 3642 2268 3697 τοῦ
2286 3624 2620 3711 κολασθῆναι
2652 3624 3050 3710 χαλεπώτερον.
3080 3633 3192 3687 Νῦν
3219 3632 3276 3686 δὲ
3303 3630 3474 3693 οὓτως
3497 3627 3705 3711 ἀθλίως
3717 3624 3819 3711 6:0-

2176 3726 2429 3796 κείμεθα,
2469 3707 2544 3787 ὡς
2586 3707 2755 3793 εἶ’μὴ
2792 3707 3015 3790 γεέννης
3045 3717 3207 3787 φόϐος
3238 3711 3328 3785 ἦν,
3363 3711 3497 3783 μηδὲ
3527 3711 3593 3796 ἂν
3624 3707 3816 3796 ἑλέσθαι

2175 3793 2383 3882 ταχέως
2417 3808 2639 3880 ποιῆσαί
2666 3825 2718 3860 τι
2751 3805 2932 3858 καλόν.
2973 3802 3169 3872 Διόπερ
3199 3801 3247 3852 εί
3276 3793 3625 3882 καὶ-μηδενὸς
3657 3793 3817 3882 ἕνεκεν

2178 3873 2387 3967 ἑτέρου,
2431 3873 2618 3948 τούτου
2664 3909 2727 3963 γε
2775 3890 2960 3943 ἕνεκεν
3007 3885 3226 3955 γεέννης
3255 3882 3319 3936 ἂν
3366 3873 3817 3967 ἧμενῃάξιοιητὴγ

2177 3960 2401 4049 γέενναν
2450 3979 2650 4050 μᾶλλον
2678 3960 2792 4031 ’τοῦ
2828 3972 3065 4044 Χριστοῦ
3112 3967 3455 4040 φοϐούμενοι.
3513 3964 3653 4050 Ἀλλ’
3682 3960 3814 4050 ούχλό

2181 4041 2462 4135 μακάριος·
2480 4060 2691 4125 Παῦλος
2732 4041 2926 4122 οὕτως,
2960 4055 3075 4109 ἀλλ’
3106 4052 3493 4122 ἀντιστρόφως.
3536 4046 3744 4135 Ἐπειδὴ
3768 4041 3814 4095 δὲ

2176 4130 2348 4222 ἡμεῖς.
2374 4149 2596 4220 ἐτέρως,
2646 4144 2736 4198 διὰ
2773 4142 2930 4198 τοῦτο
2977 4143 3044 4211 τῇ
3096 4137 3285 4209 γεέννῃ
3331 4130 3810 4222 καταδικαζόμεθα⁰

2282 4236 2336 4289 5'.’
2362 4251 2430 4304 75
2454 4217 2543 4287 τὸν
2565 4229 2801 4301 Χριστὸν
2827 4226 3136 4297 ἐφιλοῦμεν,
3168 4222 3317 4297 [470]
3349 4221 3425 4285 ώς
3449 4220 3622 4290 φιλεῖν
3650 4217 3809 4304 ἐχῄν,

2178 4301 2422 4388 ἔγνωμεν
2455 4316 2543 4378 ἂν,
2578 4316 2661 4368 6::
2689 4313 2916 4383 γεέννης
2956 4306 3330 4381 χαλεπώτερον
3359 4306 3420 4359 τὸ
3462 4301 3809 4388 προσκροῦσαι

2176 4382 2255 4471 τῶ
2284 4382 2621 4470 φιλουμένῳ’
2664 4394 2852 4464 ἐπειδὴ
2891 4393 2946 4447 65
2984 4393 3044 4446 06
3093 4390 3373 4461 φιλοῦμεν,
3401 4388 3500 4441 061:
3546 4387 3699 4471 ίσμεν
3730 4382 3811 4451 τῆς

2180 4467 2458 4547 κολάσεως
2491 4467 2693 4551 ταύτης
2733 4477 2796 4533 τὸ
2844 4477 3088 4549 μέγεθος.
3126 4476 3237 4529 K01
3280 4472 3435 4527 :06:6
3465 4473 3633 4533 50::v,
3666 4469 3693 4522 6
3722 4467 3810 4551 μάτ

2177 4568 2335 4622 λιστα
2362 4565 2627 4636 ὀδύρομαι
2649 4547 2771 4615 καὶ
2814 4547 3017 4632 θρηνῶ.
3070 4558 3262 4611 Καίτοι
3291 4556 3340 4608 τί
3368 4555 3467 4608 οὐκ
3516 4547 3809 4636 ἐποίησενιό

2178 4654 2329 4717 Θεὸς,
2358 4629 2500 4705 ὥστε
2528 4629 2861 4719 ’φιληθῆναι
2889 4629 3018 4711 παρ’
3060 4640 3245 4711 ἡμῶν;
3276 4638 3328 4691 τί
3356 4637 3413 4690 65
3442 4637 3543 4690 οὐκ
3560 4629 3810 4719 ἐμηχανή-

2182 4711 2349 4801 σατος
2405 4735 2459 4788 τί
2489 4732 2547 4787 65
2561 4711 2918 4801 ⁷παρέλιπενς
2967 4722 3298 4801 Ὑϐρίσαμεν
3327 4718 3487 4774 αὐτὸν
3523 4711 3809 4801 9136564176:-

2179 4794 2409 4889 κηκότα,
2442 4813 2580 4870 ἀλλὰ
2605 4794 2701 4864 1:01
2737 4794 3191 4879 ειῖιεργεττίλσιίντα⁸
3218 4801 3387 4889 μυρία
3427 4801 3523 4854 1:01
3548 4798 3809 4889 ἀπόρρητα

2179 4879 2381 4972 ἀγαθά,
2398 4879 2849 4967 ἀπεστράφημεν
2876 4888 3145 4946 καλοῦντα
3178 4888 3280 4972 1:01
3307 4884 3642 4972 πανταχόθεν
3676 4879 3807 4949 ἐφελ-

2180 4967 2430 5055 κόμενον,
2481 4981 2574 5033 καὶ
2611 4977 2733 5031 0665
2777 4974 2949 5034 οὕτως
2992 4972 3148 5055 ἡμᾶςΔ
3174 4968 3451 5028 ἐκόλασεν,
3498 4967 3634 5021 ἀλλὰ

2179 5044 2617 5137 έδραμενγαύτὸς,
2657 5059 2753 5113 1:01
2797 5056 3029 5124 κατέσχε
3052 5052 3369 5137 φεύγοντας,
3396 5051 3487 5104 1:01
3512 5044 3809 5137 &1:5::va§:::-

2182 5128 2326 5220 9500
2362 5147 2460 5200 1:01
2518 5144 2657 5216 1:96;
2696 5142 2788 5195 τὸν
2825 5138 3066 5193 διάϐολον
3099 5135 3561 5207 ἁπεπηδήσαμεν·
3597 5134 3686 5186 καὶ
3709 5128 3805 5183 οὐδὲ

2177 5216 2351 5296 οὕτως
2390 5229 2621 5298 ἀπέστη,
2682 5226 2798 5280 ἀλλ’
2837 5222 3050 5293 έπεμψε
3106 5220 3329 5292 μυρίους
3387 5216 3805 5298 παρακαλοῦντας

2181 5316 2363 5382 πάλιν,
2406 5297 2710 5386 προφήτας,
2738 5309 3026 5379 ἀγγέλους,
3070 5304 3441 5376 πατριάρχαςο
3489 5301 3729 5386 ἡμεῖςᾼᾷ
3754 5297 3801 5349 06

2182 5401 2340 5473 μόνον
2376 5383 2477 5452 οὐκ
2508 5383 2807 5465 ἐδεξάμεθα
2841 5391 2939 5462 τὴν
2974 5386 3454 5473 πρεσϐείαν,ῇάλῇ
3485 5385 3579 5437 και
3610 5383 3804 5453 ὑϐρίσα-

2181 5467 2281 5553 μεν
2309 5482 2435 5543 τοὺς
2455 5478 2729 5539 ἐλθόντας.
2763 5476 2823 5528 '0
2849 5474 2905 5527 65
2932 5472 3052 5525 ούδέ
3087 5471 3178 5523 51:1
3217 5469 3426 5553 τούτοις
3455 5470 3602 5539 ἡμᾶς
3622 5467 3803 5519 διέπτυ·

2180 5551 2291 5629 σεν,
2316 5564 2427 5619 ἁλλ’
2460 5561 2649 5633 ὥσπερ
2681 5560 2731 5612 οἱ
2765 5554 2983 5628 σφοδροὶ
3015 5554 3123 5607 τῶν
3152 5551 3397 5622 ἐραστῶν
3422 5551 3532 5603 τῶν
3559 5564 3803 5633 καταφρος

2178 5649 2474 5721 νουμένων,
2521 5644 2739 5716 περιῄει
2774 5645 2938 5696 πᾶσιν
2983 5638 3348 5709 ἐντυγχάνων,
3380 5634 3458 5708 τῷ
3490 5633 3711 5707 ούρανῷ.
3750 5629 3799 5695 τῇ

2177 5712 2374 5804 γῇξτῷ
2422 5712 2685 5799 Ἱερεμίᾳ,
2719 5725 2798 5797 τῷ
2834 5723 3065 5794 Μιχαίᾳ,
3091 5722 3191 5791 οὐχ
3219 5720 3305 5773 ἴνα
3334 5718 3569 5793 βαρήσῃ,
3602 5716 3705 5771 ἀλλ’
3732 5712 3800 5766 ἶνα

2242 5921 2269 5962 d
2301 5920 2379 5969 Al.
2404 5916 2645 5979 ἀνωτέρω.
2678 5907 2725 5939 ’⁸
2750 5915 2850 5969 Alli
2872 5913 3124 5973 ἠπείληται
3162 5911 3275 5975 πῦρ.
