3950 6458
250 364 336 425 429

239 494 309 544 est
332 484 377 537 in
395 478 678 550 apostolica
707 477 792 531 illa
825 476 1124 547 prudentia,
1158 475 1210 531 id
1240 489 1382 531 nunc
1419 473 1609 529 merito
1638 470 1784 527 dica-

240 592 324 631 tur.
381 572 509 625 Cum
567 569 710 625 enim
771 571 1083 640 probatione
1145 569 1304 623 allata
1359 566 1782 622 demonstrasset

234 670 458 738 majorem
484 678 604 719 esse
629 662 872 718 Graecum
899 662 1105 728 ludam,
1140 667 1194 716 tn
1224 659 1541 716 collectione
1567 668 1620 712 et
1645 672 1779 712 con—

231 757 440 817 clusione
465 754 730 809 rationum
765 755 864 808 hoc
890 768 996 808 non
1029 752 1195 822 ponit,
1223 761 1280 805 ut
1310 766 1375 806 ne
1398 749 1638 806 Judaeum
1683 763 1765 802 ex-

227 853 430 918 asperet.
459 843 723 900 Utautem’
747 844 820 908 id,
846 843 984 914 quod
1014 843 1144 907 dixi,
1171 842 1366 896 clarius
1394 840 1634 903 reddam,
1659 839 1771 908 ipsa

227 940 362 996 verba
389 936 610 991 referam
635 936 948 1006 apostolica.
969 935 1101 1003 Quia
1123 934 1264 989 enim
1292 933 1423 986 dixit
1450 948 1465 986 :
1493 929 1613 983 Non
1638 930 1771 983 enim

222 1031 454 1086 auditores
479 1028 621 1098 legis,
653 1027 742 1083 sed
767 1027 984 1097 factores
1010 1026 1134 1096 legis
1151 1023 1608 1095 justiﬁcabuntur;
1634 1036 1766 1077 con-

221 1135 423 1193 sequens
445 1130 561 1176 erat
591 1129 651 1174 ut
686 1119 909 1185 diceret,
939 1117 1062 1173 Cum
1093 1118 1224 1170 enim
1248 1125 1438 1186 gentes,
1469 1130 1582 1184 qua:
1607 1113 1766 1183 legem

217 1230 304 1268 non
337 1210 533 1277 habent,
583 1209 882 1264 naturaliter
921 1224 1034 1277 qua:
1073 1207 1196 1278 legis
1237 1217 1352 1261 sunt
1387 1206 1599 1278 faciunt,
1641 1204 1766 1257 hinc

216 1303 436 1360 meliores
481 1310 605 1354 sunt
633 1302 739 1356 illis
763 1301 866 1372 qui
898 1315 930 1354 a
967 1301 1083 1370 lege
1117 1298 1395 1354 docentur.
1434 1297 1628 1352 Verum
1656 1312 1763 1351 non

214 1397 301 1451 hoc
319 1394 456 1457 dicit,
476 1392 570 1447 sed
596 1394 647 1448 in
673 1394 948 1464 gentilium
974 1392 1132 1448 laude
1156 1392 1417 1458 consistit,
1437 1405 1614 1460 neque
1629 1389 1766 1444 inte-

211 1490 296 1543 rim
323 1501 619 1542 sermonem
647 1501 742 1555 per
764 1486 1218 1556 comparationem
1246 1482 1605 1554 prosequitur,
1630 1490 1688 1536 ut
1708 1489 1764 1537 et

208 1581 275 1635 sic
297 1579 503 1634 indecus
542 1579 684 1649 quod
724 1579 920 1633 dicitur
955 1578 1219 1633 admittat.
1263 1577 1385 1632 Ideo
1425 1592 1531 1632 non
1572 1576 1649 1631 sic
1678 1576 1763 1630 lo-

206 1681 379 1739 quutus
406 1679 510 1738 est,
543 1681 598 1724 ut
626 1669 734 1725 dixi
761 1687 776 1734 ;
808 1669 903 1726 sed
932 1670 1244 1740 quomodo?
1271 1666 1395 1723 Cum
1425 1669 1556 1722 enim
1591 1677 1761 1739 gentes

205 1779 304 1831 qua
327 1763 482 1834 legem
521 1779 623 1816 non
664 1763 868 1828 habent,
911 1764 1208 1817 naturaliter
1241 1779 1300 1816 ea
1338 1777 1452 1832 qua:
1489 1761 1611 1832 legis
1644 1771 1760 1816 sunt

205 1858 412 1927 faciunt;
438 1855 521 1908 hae
546 1855 704 1926 legem
745 1871 846 1908 non
880 1855 1136 1921 habentes,
1183 1854 1277 1908 sibi
1311 1855 1434 1924 ipsis
1475 1863 1594 1908 sunt
1629 1853 1712 1907 lea:
1740 1869 1759 1908 :

202 1949 275 2017 qui
299 1947 561 2000 ostendunt
589 1963 716 2015 opus
741 1947 864 2017 legis
892 1947 1140 2016 scriptum
1169 1947 1222 2000 in
1244 1947 1482 2002 cordibus
1511 1949 1637 2015 suis,
1678 1957 1756 2002 te-

199 2040 466 2095 stimonium
494 2040 735 2092 reddente
761 2040 865 2093 illis
891 2039 1215 2094 conscientia.
1251 2038 1457 2094 Sufﬁcit
1487 2040 1629 2095 enim
1658 2055 1756 2110 pro

199 2134 301 2202 lege
343 2131 666 2187 conscientia
702 2139 757 2185 et
803 2131 1076 2201 cogitatio.
1111 2131 1202 2186 liis
1239 2133 1471 2187 ostendit
1519 2148 1752 2199 rursum,

197 2224 346 2278 Deum
373 2222 568 2278 fecisse
597 2224 866 2278 hominem
896 2223 962 2278 ad
990 2225 1240 2279 virtutem
1269 2223 1566 2291 eligendam
1598 2233 1652 2280 et
1673 2225 1753 2279 vi-

197 2315 310 2368 tium
337 2312 642 2383 fugiendum
681 2313 781 2368 sibi
817 2312 1194 2370 sufﬁcientem.
1232 2315 1299 2370 Et
1335 2329 1400 2370 ne
1444 2315 1677 2379 mireris,
1708 2316 1754 2370 si

193 2414 271 2458 aut
297 2405 373 2459 bis
400 2412 493 2458 aut
525 2414 604 2458 ter
627 2415 718 2459 aut
742 2405 940 2474 pluries
969 2406 1018 2460 id
1044 2407 1234 2476 probet
1259 2423 1275 2460 :
1305 2406 1590 2461 admodum
1611 2407 1752 2461 enim

194 2495 279 2563 ipsi
303 2497 397 2549 hoc
421 2505 583 2566 caput
610 2497 970 2552 necessarium
1002 2508 1114 2552 erat
1145 2509 1363 2567 propter
1383 2514 1476 2554 eos
1501 2499 1592 2569 qui
1617 2497 1754 2554 dice-

191 2585 300 2639 bant
326 2606 338 2638 :
369 2585 474 2640 Cur
495 2602 638 2641 nunc
666 2586 914 2642 Christus
939 2587 1150 2642 advenit
1170 2589 1194 2640 ?
1218 2597 1273 2643 et
1309 2589 1522 2644 ubinam
1561 2589 1754 2658 priscis

190 2677 501 2745 temporibus
528 2686 667 2732 tanta
692 2679 779 2732 illa
810 2679 1139 2748 providentia
1170 2679 1323 2734 erat?
1344 2679 1616 2735 Adversus
1653 2678 1753 2735 hos

187 2782 313 2822 nunc
347 2783 468 2822 cum
517 2770 740 2838 carptim
785 2779 1090 2840 pugnasset,
1134 2770 1368 2824 ostendit
1407 2772 1566 2825 etiam
1612 2770 1752 2839 quod

187 2860 359 2927 priscis
388 2862 744 2930 temporibus,
790 2871 843 2916 et
872 2873 1154 2932 antequam
1194 2863 1278 2918 lex
1305 2863 1546 2929 daretur,
1582 2863 1753 2918 homi-

185 2969 297 3006 num
337 2965 532 3010 natura
581 2956 886 3010 omnimoda
924 2957 1257 3026 providentia
1293 2957 1574 3029 gaudebat.
1617 2957 1750 3014 Nam

189 3045 325 3111 Quod
351 3057 533 3100 notum
573 3057 646 3103 est
687 3047 804 3115 Dei,
844 3049 1163 3118 manifestum
1192 3057 1300 3102 erat
1332 3050 1386 3103 in
1428 3049 1568 3116 illis;
1609 3049 1750 3104 scie-

181 3137 396 3208 bantque
423 3139 555 3210 quid
581 3139 804 3202 bonum,
834 3139 957 3210 quid
988 3141 1183 3194 malum
1211 3148 1374 3207 esset,
1406 3155 1501 3210 per
1534 3155 1652 3209 quae
1685 3139 1752 3195 de

181 3231 285 3286 aliis
306 3233 641 3302 judicabant.
671 3233 726 3288 Id
758 3235 863 3288 illis
892 3235 1230 3305 exprobrans
1258 3234 1465 3291 dicebat
1496 3252 1508 3289 :
1544 3234 1609 3288 In
1652 3251 1751 3304 quo

173 3323 362 3395 iudicas
382 3324 567 3391 alium,
599 3325 811 3395 teipsum
832 3326 1138 3380 condemnas
1159 3325 1375 3397 (Matth.
1399 3327 1450 3381 7.
1468 3325 1549 3396 Ξ).
1573 3326 1754 3394 Quan-

180 3425 277 3467 tum
309 3415 371 3468 ad
399 3415 641 3481 Iudaeos,
672 3432 795 3471 cum
837 3417 922 3483 iis,
954 3433 1072 3488 quae
1113 3433 1272 3487 supra
1301 3418 1439 3472 dicta
1480 3429 1624 3486 sunt,
1664 3419 1752 3475 lex

178 3507 368 3574 aderat,
410 3524 514 3564 nec
550 3509 722 3563 solum
769 3510 1105 3565 ratiocinatio
1147 3512 1228 3565 vel
1266 3512 1618 3568 conscientia.
1646 3513 1752 3568 Cur

178 3609 340 3652 autem
371 3600 473 3654 hoc
503 3601 677 3666 allen,
711 3601 1070 3657 Accusantibus
1090 3604 1168 3657 vel
1192 3603 1341 3658 etiam
1362 3606 1709 3660 excusantibus
1726 3605 1752 3659 Ρ

177 3688 229 3742 Si
253 3690 390 3745 enim
436 3691 611 3761 legem
653 3692 853 3748 habent
895 3694 1170 3764 scriptam,
1212 3705 1267 3749 et
1305 3711 1438 3765 opus
1474 3696 1747 3761 exhibent,

176 3781 288 3846 quid
309 3790 393 3836 est
418 3781 568 3852 quod
586 3797 840 3838 accusare
863 3785 1032 3853 possit
1057 3785 1434 3840 ratiocinium?
1462 3789 1529 3840 At
1555 3803 1660 3842 non
1684 3787 1752 3842 de

177 3872 270 3925 illis
299 3883 507 3928 tantum
541 3874 736 3929 dicitur
765 3875 916 3942 illud,
949 3876 1331 3942 Accusantibus,
1364 3878 1458 3933 sed
1488 3879 1647 3932 etiam
1685 3879 1752 3934 de

174 3971 272 4017 tota
301 3975 516 4020 natura.
550 3965 699 4021 Tunc
725 3967 865 4021 enim
893 3967 1084 4022 adsunt
1124 3969 1399 4023 ratiocinia
1424 3985 1437 4033 ;
1468 3969 1568 4023 alia
1595 3984 1751 4025 accu-

173 4065 303 4121 sant,
333 4057 438 4112 alia
485 4059 833 4114 detendunt:
879 4069 1039 4129 atque
1093 4060 1146 4115 in
1203 4061 1294 4116 illo
1333 4062 1583 4117 tribunali
1643 4077 1749 4118 non

173 4148 323 4205 habet
362 4166 507 4221 opus
538 4151 700 4206 homo
739 4152 848 4207 alio
891 4164 1224 4209 accusatore.
1263 4154 1464 4210 Deinde
1503 4155 1748 4211 timorem

175 4254 383 4310 augens,
431 4257 544 4298 non
575 4244 727 4308 dixit,
773 4244 994 4300 Peccata
1035 4245 1332 4312 hominum,
1379 4246 1494 4313 sed,
1541 4245 1751 4301 Occulta

173 4336 443 4389 hominum.
486 4337 776 4405 Postquam
809 4338 949 4391 enim
986 4337 1118 4392 dixit
1149 4356 1161 4392 :
1195 4337 1473 4393 Existimas
1495 4339 1580 4409 qui
1606 4339 1752 4410 judi-

171 4440 249 4478 cas
277 4442 358 4479 eos
387 4427 479 4496 qui
513 4427 639 4480 talia
663 4428 876 4498 faciunt,
906 4437 950 4482 et
972 4429 1098 4496 facis
1126 4444 1206 4495 ea,
1227 4429 1365 4498 quod
1391 4428 1596 4498 effugies
1608 4429 1753 4499 judi-

167 4516 292 4568 cium
337 4513 483 4569 Dei?
519 4529 577 4570 ut
617 4533 685 4572 ne
728 4519 887 4573 talem
931 4519 1162 4588 accipias
1205 4519 1489 4585 calculum,
1539 4522 1749 4590 qualem

170 4606 277 4674 ipse
307 4607 440 4672 fers,
496 4610 595 4664 sed
645 4611 928 4681 intelligas,
977 4615 1293 4667 sententiam
1341 4613 1432 4668 Dei
1463 4622 1549 4668 tua
1594 4614 1751 4686 longe

169 4699 494 4755 exactiorem
527 4716 670 4767 esse,
702 4702 994 4771 suhjunxit,
1021 4703 1233 4757 Occulta
1253 4704 1553 4772 hominum;
1580 4714 1633 4759 et
1659 4705 1754 4760 ad-

163 4788 304 4856 jecit,
338 4791 646 4845 Secundum
676 4793 985 4863 evangelium
1035 4809 1220 4857 meum,
1260 4810 1350 4862 per
1383 4793 1561 4848 Iesum
1598 4794 1751 4850 Chri—

163 4889 309 4935 stum.
362 4882 633 4937 llomines
682 4883 823 4936 enim
871 4898 1050 4938 rerum
1107 4884 1502 4939 manifesmrum
1550 4895 1751 4940 tantum

163 4970 362 5038 iudices
394 4973 616 5028 sedent.
661 4975 823 5043 Atqui
853 4989 1010 5045 supra
1042 4973 1112 5030 de
1136 4974 1295 5030 Patre
1327 4986 1528 5030 tantum
1566 4977 1752 5046 loque-

163 5061 312 5118 batur
345 5081 360 5118 :
389 5079 521 5120 cum
548 5075 723 5121 autem
753 5066 877 5121 illos
901 5068 1092 5122 timore
1118 5066 1485 5130 emollivisset,
1514 5068 1581 5123 de
1599 5067 1756 5124 Chri-

163 5164 242 5208 sto
272 5171 593 5212 sermonem
641 5158 880 5224 induxit;
915 5174 1090 5228 neque
1123 5160 1266 5214 hunc
1294 5161 1625 5229 simpliciter,
1658 5162 1752 5217 sed

164 5247 316 5303 etiam
348 5248 440 5304 hic
466 5265 596 5304 eum
627 5250 838 5306 Patrem
881 5262 1251 5317 memorasset,
1291 5254 1368 5307 sic
1405 5253 1553 5308 illum
1601 5254 1752 5308 induo

165 5339 276 5394 xit:
303 5351 360 5396 et
404 5341 816 5410 praedicationis
853 5343 1164 5411 dignitatem
1213 5360 1309 5413 per
1353 5344 1471 5399 illos
1513 5345 1753 5399 attollit:

168 5426 283 5485 Haec
311 5434 490 5492 enim,
541 5431 730 5501 inquit,
765 5432 1074 5502 przedicatio
1118 5433 1232 5488 haec
1257 5437 1599 5504 praenuntiat,
1636 5451 1757 5506 qua:

165 5530 514 5576 antevertens
545 5531 731 5575 natura
763 5522 1023 5577 exhibuit.

231 5613 283 5668 6.
305 5613 589 5668 Iudicium
617 5616 843 5685 futurum
869 5631 1019 5684 quam
1047 5616 1379 5670 tremendum.
1411 5615 1638 5684 Oﬁ'ensio
1663 5617 1758 5671 Dei

165 5705 364 5774 gravior
386 5723 555 5777 quam
581 5707 721 5761 ultio.
745 5737 819 5748 —
842 5707 1092 5763 Vidistin’
1115 5724 1271 5778 quam
1297 5710 1591 5778 prudenter
1614 5711 1759 5780 ipsos

169 5803 221 5850 et
253 5797 552 5871 cvangelio
580 5807 631 5854 et
665 5796 880 5856 Christo
918 5799 1218 5857 admovens
1251 5799 1567 5872 alligaverit,
1595 5811 1648 5856 et
1673 5816 1762 5857 os-

1303 363 1370 419 lN
1411 360 1623 418 EPIST.
1666 358 1757 414 AD
1793 357 1956 416 ROM.
1999 362 2231 422 HOMIL.
2274 367 2336 424 V.

1889 473 2116 530 tenderit
2157 489 2335 532 nostra
2365 493 2469 534 non
2515 495 2636 538 esse
2679 485 3024 553 praesentium
3070 488 3325 548 limitibus
3352 494 3459 549 cir-

1878 567 2250 637 cumscripta,
2283 570 2378 625 sed
2430 572 2563 628 ultra
2612 576 2946 644 procedere?
2989 578 3043 634 ld
3099 583 3242 652 quod
3293 586 3460 642 etiam

1877 667 2038 723 supra
2070 658 2311 727 probavit
2335 702 2351 728 ,
2400 662 2585 721 dicens
2605 705 2620 730 ,
2648 666 2985 726 Thesaurisas
3013 671 3101 726 tibi
3130 674 3260 728 iram
3288 676 3340 730 in
3369 678 3453 732 die

1876 745 1985 812 ire,
2014 759 2069 805 et
2095 751 2180 804 hic
2210 767 2440 820 rursum,
2470 755 2734 814 Judicabit
2775 759 2913 817 Deus
2942 764 3138 818 occulta
3167 766 3448 824 hominum.

1877 835 2246 912 Unusquisque
2288 846 2450 915 igitur
2476 849 2529 903 in
2574 864 2726 904 suam
2772 855 3152 910 conscientiam
3181 857 3443 925 veniens,

1875 937 1930 983 et
1957 941 2176 998 peccata
2225 938 2526 1008 recogitans
2550 983 2566 1008 ,
2593 944 2854 999 rationem
2897 957 3144 1002 accurate
3169 947 3238 1002 ab
3266 963 3327 1004 sc
3355 964 3445 1003 re-

1873 1031 2052 1092 petat,
2085 1040 2153 1080 ne
2197 1035 2320 1084 tunc
2347 1045 2468 1086 cum
2511 1035 2709 1091 mundo
2736 1037 3073 1094 damnemur.
3106 1041 3445 1096 Horrendum

1870 1115 2068 1185 quippe
2095 1125 2176 1172 est
2197 1117 2454 1190 judicium
2485 1125 2634 1191 illud,
2666 1131 3000 1185 tremendum
3032 1131 3302 1199 tribunal,
3335 1142 3444 1188 ter-

1869 1206 2007 1261 roris
2035 1208 2209 1278 plenae
2237 1213 2470 1268 rationes
2500 1217 2785 1272 reddendae
2805 1261 2820 1286 ,
2853 1220 3043 1277 ﬂuvius
3073 1224 3211 1294 ignis
3237 1234 3440 1278 manat.

1867 1295 2057 1353 Frater
2083 1317 2181 1355 non
2209 1303 2441 1369 redimit,
2473 1307 2682 1361 redimet
2711 1309 2858 1363 homo
2886 1312 3054 1382 (Psal.
3085 1314 3174 1370 48.
3206 1315 3305 1385 8)?
3330 1316 3441 1370 Re-

1866 1389 2090 1445 cordare
2117 1406 2301 1447 eorum
2346 1411 2466 1465 quae
2494 1397 2545 1450 in
2578 1401 2855 1469 evangelio
2904 1403 3185 1470 dicuntur,
3218 1409 3444 1477 angelo-

1864 1495 1983 1535 rum
2029 1483 2586 1554 circumcursantium,
2634 1490 2802 1546 clausi
2851 1493 3104 1562 thalami,
3133 1495 3436 1565 lampadum

1865 1587 1970 1627 non
2002 1577 2383 1632 exstincturum
2408 1619 2423 1644 ,
2473 1589 2796 1649 potestatum
2827 1581 2880 1635 in
2917 1584 3166 1640 l‘ornaces
3205 1586 3434 1642 trahen-

1862 1668 2014 1722 tium.
2047 1671 2115 1725 Et
2143 1672 2272 1727 illud
2313 1683 2485 1728 tecum
2529 1685 2714 1744 reputa
2740 1717 2755 1742 ,
2784 1677 2831 1731 si
2855 1686 3097 1734 nostrum
3127 1679 3431 1748 cuiuspiam

1861 1760 2134 1816 occultum
2164 1761 2368 1818 {acinus
2393 1763 2608 1835 aliquod
2654 1767 2706 1820 in
2736 1767 2968 1822 medium
3017 1767 3178 1823 hodie
3205 1768 3431 1824 atl‘erre-

1860 1859 1947 1906 tur
1993 1854 2046 1907 in
2090 1855 2314 1912 ecclesia
2363 1865 2607 1925 tantum,
2657 1874 2834 1914 annon
2879 1859 3062 1915 mallet
3112 1860 3334 1916 interire
3376 1871 3434 1917 et

1859 1953 2056 2000 terram
2107 1947 2208 2002 sibi
2255 1947 2538 2004 dehiscere
2589 1951 2800 2020 potius,
2851 1967 3010 2022 quam
3051 1961 3128 2007 tot
3181 1953 3436 2022 nequitia:

1859 2048 2026 2094 testes
2055 2039 2288 2096 habere?
2312 2042 2448 2110 Quid
2475 2056 2604 2113 ergo
2633 2052 2762 2098 tunc
2789 2045 3071 2114 patiemur,
3094 2058 3219 2099 cum
3249 2059 3438 2100 coram

1856 2130 1987 2186 orbe
2012 2139 2125 2186 toto
2164 2133 2343 2188 omnia
2372 2133 2664 2190 afferentur
2704 2134 2759 2190 in
2797 2145 2949 2191 tanto
2969 2176 2985 2202 ,
3015 2144 3123 2190 tam
3152 2135 3446 2207 splendido»

1858 2221 2067 2278 theatro
2087 2265 2100 2288 ,
2131 2235 2185 2279 et
2224 2227 2365 2280 notis
2393 2234 2448 2281 et
2488 2227 2683 2297 ignotis
2707 2229 2885 2283 omnia
2931 2229 3386 2301 conspicientibus
3406 2230 3434 2284 τ

1854 2313 1926 2369 At
1951 2330 2031 2369 va:
2060 2315 2191 2370 mihi
2216 2357 2231 2382 ,
2281 2317 2547 2374 undenam
2593 2320 2844 2376 territare
2870 2334 2966 2376 vos
2987 2321 3190 2391 cogor?
3221 2322 3303 2376 Ab
3327 2321 3429 2377 ho—

1854 2405 2053 2460 minum
2103 2407 2534 2474 existimatione,
2582 2425 2703 2465 cum
2747 2426 2777 2465 a
2823 2411 3014 2466 timore
3060 2411 3152 2467 Dei
3201 2421 3424 2481 oporte-

1853 2504 1968 2562 ret,
1999 2506 2053 2553 et
2074 2498 2142 2553 ab
2168 2497 2287 2568 ejus
2325 2498 2810 2558 condemnatione?
2829 2501 3057 2568 Quinam
3079 2541 3094 2567 ,
3125 2515 3311 2572 quaeso
3340 2509 3434 2561 te.

1853 2587 2054 2642 erimus
2077 2629 2093 2656 ,
2123 2603 2245 2644 cum
2295 2591 2488 2656 vincti,
2520 2591 2768 2647 dentibus
2811 2591 3101 2647 stridentes
3125 2633 3140 2658 ,
3174 2592 3228 2645 in
3275 2601 3426 2646 exte-

1853 2681 2024 2736 riores
2052 2682 2302 2738 tenebras
2323 2681 2618 2738 ducemur't
2661 2684 2768 2739 imo
2799 2682 2926 2754 quid
2953 2681 3210 2739 faciemus
3234 2723 3250 2746 ,
3281 2680 3426 2752 quod

1853 2773 2090 2827 omnium
2120 2773 2570 2829 terribilissimom
2599 2785 2682 2830 est
2704 2816 2720 2840 ,
2751 2790 2876 2831 cum
2906 2776 3016 2830 Deo
3041 2771 3428 2830 occurremus?

1852 2865 1910 2920 Si
1935 2864 2054 2936 quis
2081 2865 2225 2920 enim
2255 2880 2472 2923 sensum
2511 2876 2567 2922 et
2608 2876 2843 2922 mentem
2889 2866 3114 2931 habeat,
3142 2872 3288 2920 certe
3313 2863 3429 2934 jam

1851 2958 2148 3030 gehennam
2169 2959 2500 3022 sustinuerit,
2531 2973 2652 3013 cum
2674 2972 2705 3012 a
2731 2957 2867 3013 facie
2891 2957 2985 3013 Dei
3013 2958 3267 3027 expulsus
3285 2958 3424 3012 erit:

1851 3053 1973 3124 quia
1999 3068 2128 3108 vero
2154 3052 2205 3107 id
2235 3051 2311 3107 illi
2356 3066 2517 3123 grave
2547 3066 2653 3106 non
2680 3059 2762 3107 est
2783 3092 2800 3118 ,
2833 3050 2957 3106 ideo
2983 3050 3160 3121 ignem
3190 3049 3422 3104 commi-

1852 3154 2008 3202 natus
2053 3155 2155 3200 est.
2205 3145 2414 3200 Etenim
2463 3152 2769 3213 oporteret,
2816 3157 2924 3197 non
2968 3156 3090 3197 cum
3139 3140 3423 3211 punimur,

1851 3234 1948 3291 sed
1976 3249 2097 3290 cum
2141 3248 2422 3304 peccamus
2439 3275 2456 3302 ,
2484 3234 2688 3289 dolere.
2735 3231 2874 3287 Audi
2919 3245 3048 3302 ergo
3074 3231 3296 3286 Paulum
3321 3228 3424 3284 do-

1851 3327 2048 3384 lentem
2079 3337 2133 3382 et
2174 3327 2393 3383 flentem
2436 3326 2503 3382 de
2542 3325 2809 3396 peccatis,
2851 3338 2959 3393 pro.
2991 3322 3184 3392 quibus
3237 3335 3424 3391 pennas

1851 3418 2072 3474 daturus
2099 3431 2208 3473 non
2236 3426 2371 3474 erat.
2403 3416 2528 3471 Non
2572 3415 2707 3470 enim
2743 3430 2857 3468 sum
2883 3413 3087 3484 dignus,
3119 3411 3310 3481 inquit,
3336 3425 3434 3464 νο·-

1847 3511 1954 3564 cari
1973 3511 2256 3578 apostolus,
2277 3511 2397 3578 quia
2410 3517 2734 3579 persequutus
2750 3522 2861 3560 sum
2876 3503 3162 3559 Ecclesiam
3185 3505 3236 3574 (ι
3248 3542 3262 3556 .
3291 3502 3418 3558 Car.

1852 3601 1941 3660 15.
1971 3602 2004 3657 9
2025 3601 2217 3672 ).Audi
2249 3603 2409 3657 etiam
2435 3610 2492 3657 et
2522 3599 2797 3666 Davidem,
2843 3613 2873 3653 a
2903 3595 3164 3668 supplicio
3201 3596 3427 3666 quidem

1851 3703 2154 3763 exemptum
2179 3734 2197 3760 ,
2227 3693 2321 3748 sed
2366 3693 2492 3763 quia
2518 3707 2580 3748 se
2619 3691 2839 3763 putabat
2878 3691 3048 3747 Deum
3091 3689 3380 3746 offendisse
3401 3729 3420 3756 ,

1853 3785 2108 3840 ultionem
2138 3785 2192 3838 in
2238 3798 2298 3840 se
2341 3792 2652 3839 evocantem
2694 3793 2750 3839 et
2791 3782 3100 3838 dicentem:
3132 3782 3214 3838 Sit
3244 3798 3438 3839 manus

1850 3885 1936 3930 tua
1963 3893 2116 3947 super
2139 3891 2218 3930 me
2255 3887 2300 3928 et
2326 3874 2532 3930 domum
2575 3876 2734 3947 patris
2760 3874 2855 3928 mei
2879 3874 2973 3944 (2.
3015 3872 3146 3945 Reg.
3173 3874 3265 3928 24.
3295 3874 3362 3930 17
3379 3874 3422 3942 ).

1849 3968 2075 4024 Gravius
2104 3968 2300 4037 quippe
2328 3975 2412 4022 eSt
2452 3967 2724 4023 oﬂ'endere
2775 3967 2940 4021 Deum
2961 4005 2977 4033 ,
3009 3980 3168 4036 quam
3221 3965 3430 4034 puniri.

1849 4058 1999 4114 Nunc
2023 4069 2202 4114 autem
2249 4067 2359 4114 tam
2399 4059 2597 4115 misere
2639 4056 2814 4114 allecti
2842 4071 3059 4125 sumus,
3087 4064 3150 4111 ut
3188 4056 3290 4111 nisi
3327 4070 3424 4127 ge-

1851 4149 2043 4205 hennae
2073 4150 2234 4206 timor
2259 4150 2437 4214 adsit,
2468 4149 2597 4219 quid
2625 4148 2751 4204 boni
2781 4147 2961 4203 facere
2998 4148 3090 4202 vix
3136 4147 3418 4218 eligamus.

1851 4242 2187 4312 Quapropter
2211 4283 2226 4306 ,
2257 4240 2359 4297 etsi
2396 4256 2502 4297 non
2532 4241 2638 4294 alia
2674 4239 2744 4296 de
2785 4254 2980 4304 causa,
3011 4237 3135 4295 ideo
3174 4240 3421 4309 gehenna

1851 4333 1997 4404 digni
2047 4331 2344 4396 fuerimus,
2373 4331 2516 4404 quod
2562 4331 2708 4386 illam
2749 4330 2921 4401 magis
2946 4344 3106 4400 quam
3149 4329 3425 4385 Christum

1851 4426 2152 4481 timeamus.
2187 4425 2385 4479 Verum
2428 4438 2538 4478 non
2565 4423 2637 4477 ita
2666 4423 2854 4478 beatus
2879 4422 3078 4477 Paulus
3104 4463 3119 4488 ,
3148 4420 3244 4476 sed
3287 4435 3420 4475 con.-

1853 4518 2018 4571 trario
2042 4515 2223 4570 modo.
2249 4515 2388 4580 Quia
2408 4528 2540 4569 vero
2563 4528 2662 4568 nos
2684 4514 2841 4568 aliter
2861 4511 3037 4568 allecti
3063 4527 3271 4576 sumus,
3300 4512 3430 4567 ideo

1851 4609 1918 4663 ad
1946 4607 2246 4678 gehennam
2288 4607 2623 4661 damnamur.
2651 4606 2723 4660 At
2756 4604 2804 4660 si
2831 4603 3102 4659 Christum
3130 4611 3190 4658 ut
3215 4618 3310 4672 par
3337 4611 3426 4658 est

1852 4712 2187 4763 amaremus,
2232 4697 2492 4752 sciremus
2531 4696 2715 4762 utique
2759 4693 3004 4763 gebenna
3044 4694 3259 4762 gravius
3304 4706 3426 4746 esse

1853 4798 2086 4844 amatum
2112 4787 2418 4843 offendere:
2445 4787 2568 4858 quia
2595 4800 2724 4839 vero
2748 4798 2856 4840 non
2881 4798 3147 4847 astismos,
3176 4781 3431 4852 supplicii

1857 4881 1988 4936 tanti
2017 4880 2436 4951 magnitudinem
2471 4893 2576 4932 non
2608 4877 2875 4932 novimus.
2907 4875 2976 4929 Et
3000 4874 3103 4928 hac
3127 4873 3195 4928 de
3224 4889 3286 4928 re
3315 4889 3423 4926 ma-

1855 4976 1999 5029 xime
2026 4973 2188 5028 doleo
2215 4979 2270 5026 et
2300 4972 2475 5039 lugeo.
2523 4969 2684 5038 Atqui
2712 4966 2838 5037 quid
2866 4981 2972 5021 non
3017 4965 3143 5021 fecit
3169 4967 3344 5032 Deus,
3370 4975 3433 5021 ut

1855 5063 2168 5133 diligeretur
2187 5077 2216 5115 a
2240 5061 2392 5116 nobis
2407 5062 2438 5115 ?'
2457 5059 2581 5130 quid
2610 5075 2714 5113 non
2740 5057 2958 5112 molitus
2983 5057 3102 5113 est?
3128 5057 3255 5126 quid
3287 5072 3426 5126 prte-

1859 5155 2128 5211 termisit?
2156 5155 2332 5225 Ipsum
2371 5153 2504 5208 nihil
2534 5167 2633 5207 nos
2662 5151 2946 5206 ltedentem
2987 5149 3314 5204 contumelia
3343 5147 3428 5204 af-

1859 5249 2114 5315 fecimus,
2159 5250 2266 5303 imo
2310 5247 2454 5302 mille
2483 5243 2756 5301 beneﬁciis
2793 5243 2863 5298 ab
2906 5241 3000 5296 illo
3026 5241 3297 5311 acceptis,
3328 5253 3435 5295 vo-

1857 5355 2067 5400 cantem
2097 5353 2151 5399 et
2185 5342 2417 5411 undique
2463 5337 2819 5393 attraltentem
2848 5334 3080 5391 aversati
3124 5347 3352 5400 sumus;
3377 5342 3436 5389 et

1859 5455 2033 5509 neque
2062 5438 2140 5492 sic
2167 5436 2256 5490 ille
2286 5449 2383 5489 nos
2411 5434 2559 5487 ultus
2587 5441 2700 5497 est,
2730 5445 2910 5483 verum
2940 5428 3180 5482 accurrit.
3202 5427 3340 5496 ipse,
3368 5439 3432 5480 ac

1861 5532 2126 5603 fugientes
2154 5526 2417 5590 detinuit;
2449 5535 2506 5579 at
2531 5539 2630 5578 nos
2660 5522 2996 5578 excussimus
3021 5561 3038 5585 ,
3069 5528 3126 5573 et
3150 5517 3216 5572 ad
3246 5515 3434 5570 diabo-

1863 5626 1969 5679 lum
2017 5619 2440 5690 transfugimus:
2489 5631 2662 5686 neque
2699 5615 2777 5669 sic
2827 5622 3002 5668 tamen
3049 5611 3140 5667 ille
3188 5607 3428 5674 destitit,

1862 5709 1956 5764 sed
1985 5709 2265 5763 sexcentos
2296 5703 2457 5769 misit,
2485 5703 2579 5773 qui
2605 5714 2704 5755 nos
2731 5698 3074 5764 advocarent,
3103 5692 3395 5765 prophetas
3407 5729 3435 5757 ..

1865 5798 2084 5871 angelos
2101 5839 2118 5865 ,
2152 5793 2528 5868 patriarchas;
2557 5805 2658 5848 nos
2679 5797 2863 5848 autem
2888 5803 2993 5845 non
3016 5787 3178 5845 modo
3204 5784 3450 5860 legatio»
