3950 6500
525 452 616 511 tat
1244 444 1304 502 s.
1340 440 1617 500 JOANNlS
1639 434 2109 496 CHRYSOSTOMI
2147 433 2462 491 ARCHIEP.
2504 433 3033 495 CONSTANTINOP.
3693 452 3778 507 ἀεὶ

525 585 655 626 nem
685 568 829 624 illam
857 580 962 622 non
989 561 1323 625 admisimus,
1347 559 1442 615 sed
1470 559 1752 613 venientes
1781 552 2103 609 contumelia

525 660 827 715 effecimus.
901 657 1086 726 Neque
1147 663 1324 708 tamen
1389 650 1480 719 ille
1533 662 1631 703 nos
1701 646 1941 716 respuit;
2010 642 2105 698 sed

526 753 700 808 instar
746 748 1336 808 vehementissimorum
1391 750 1723 807 amatorum,
1783 740 1874 810 qui
1926 737 2106 807 despi-

526 842 763 908 ciuntur,
791 841 1057 897 circuiens
1081 836 1223 907 apud
1249 847 1437 892 omnes
1479 830 1929 903 conquerebatur,
1962 825 2105 897 apud

525 934 737 999 caelum,
770 943 988 997 terram,
1019 928 1306 986 Jeremiatn
1331 967 1346 991 ,
1378 925 1650 981 Michaeatn
1678 941 1693 990 ;
1726 937 1832 978 non
1865 930 1922 976 ut
1950 919 2104 975 oneri

531 1033 714 1090 esset,
743 1023 839 1079 sed
869 1032 928 1077 ut
955 1035 1076 1076 sese
1105 1027 1361 1090 purgaret
1389 1036 1400 1070 :
1433 1031 1495 1071 ac
1540 1031 1661 1072 cum
1691 1013 1964 1083 prophetis
1993 1012 2107 1080 ipse

534 1115 658 1171 illos
675 1113 875 1177 adibat,
897 1112 987 1182 qui
1014 1111 1114 1167 sibi
1139 1109 1578 1173 adversabantur,
1601 1108 1837 1160 rationes
1866 1102 1958 1157 red
1983 1105 2014 1154 lt
2033 1115 2096 1155 re

525 1214 773 1276 paratus,
805 1213 861 1260 et
900 1218 1091 1274 rogans
1119 1210 1176 1256 ut
1218 1215 1400 1256 secum
1445 1199 1678 1253 rationes
1721 1195 2022 1258 inirentur,
2051 1199 2106 1246 et

525 1298 721 1354 surdos
758 1297 828 1351 ad
873 1296 1196 1365 colloquium
1241 1293 1502 1347 alliciens.
1533 1288 1734 1359 Popule
1761 1289 1865 1355 mi,
1896 1286 2102 1355 inquit,

523 1390 647 1460 quid
673 1389 772 1460 feci
798 1389 930 1443 tibi?
955 1397 1042 1441 aut
1066 1387 1119 1440 in
1149 1402 1245 1456 quo
1275 1383 1563 1438 contristavi
1592 1382 1674 1436 te?
1697 1380 1944 1450 responde
1972 1377 2098 1430 mihi

524 1480 714 1549 (Mich.
741 1481 794 1537 6.
819 1481 898 1551 5).
932 1480 1062 1536 Post
1104 1479 1217 1534 haec
1243 1478 1421 1531 omnia
1450 1474 1737 1546 prephetas
1762 1473 2057 1528 occidimus
2077 1510 2092 1535 ,

524 1572 917 1642 lapidavimus,
966 1573 1244 1627 innumera
1299 1570 1404 1624 alia
1464 1567 1889 1640 perpetravimus
1945 1563 2102 1618 mala.

523 1662 662 1731 Quid
689 1677 817 1733 ergo
846 1662 1035 1718 horum
1066 1677 1225 1721 causa
1257 1660 1423 1716 fecit?
1448 1660 1564 1716 Non
1598 1660 1736 1714 ultra
1769 1657 2059 1728 prophetas
2085 1697 2102 1723 ,

523 1769 633 1811 non
661 1755 904 1826 angelos,
932 1770 1038 1810 non
1073 1754 1421 1825 patriarchas,
1453 1754 1548 1809 sed
1578 1753 1750 1823 ipsum
1784 1751 1976 1805 Filium
2002 1750 2105 1804 mi-

523 1848 615 1904 sit.
644 1847 878 1904 Veniens
929 1847 1094 1902 Filius
1142 1847 1349 1902 occisus
1393 1857 1517 1901 est:
1565 1861 1738 1916 neque
1789 1853 1968 1898 tamen
2017 1843 2107 1898 ille

525 1955 762 1996 amorem
795 1940 1083 2007 exstinxit,
1111 1939 1204 1995 sed
1234 1939 1402 2009 magis
1430 1938 1704 2004 accendit,
1735 1947 1789 1992 et
1817 1946 1936 2007 post
1963 1936 2106 1990 occi-

525 2047 646 2088 sum
676 2032 867 2088 Filium
897 2032 1162 2088 hortando
1191 2040 1524 2102 perseverat,
1558 2038 1830 2099 precatur,
1866 2027 2106 2096 nihilque

525 2139 639 2178 non
683 2125 826 2193 agit,
859 2133 916 2178 ut
959 2123 1026 2177 ad
1067 2123 1217 2177 illum
1271 2130 1670 2176 convertamur.
1723 2118 1931 2173 Clamat
1976 2130 2104 2171 vero

526 2214 747 2279 Paulus,
772 2215 957 2270 dicens
983 2232 996 2268 :
1025 2213 1132 2268 Pro
1157 2213 1354 2268 Christo
1380 2212 1628 2283 legatione
1658 2211 1936 2281 fungimur,
1968 2218 2100 2262 tam-

529 2321 684 2374 quam
711 2304 819 2359 Deo
847 2321 936 2376 per
963 2321 1055 2359 nos
1080 2304 1373 2360 exhortante
1395 2323 1413 2357 :
1444 2301 1841 2368 recqnciliamini
1870 2299 1978 2354 Deo
2009 2300 2029 2370 (
2044 2300 2099 2355 2.

523 2392 639 2452 Cor.
657 2395 726 2451 5.
753 2395 877 2465 20).

596 2489 651 2542 7.
682 2490 752 2542 At
779 2487 910 2542 nihil
957 2488 1147 2542 horum
1180 2502 1278 2542 nos
1307 2487 1692 2544 reconciliavit.
1727 2485 1825 2540 Ille
1853 2498 1981 2541 vero
2008 2500 2103 2541 ne-

521 2592 630 2649 que
647 2578 726 2633 sic
751 2591 848 2633 nos
875 2577 1194 2649 dereliquit,
1221 2579 1316 2634 sed
1362 2579 1532 2649 pergit
1572 2592 1787 2647 semper
1817 2585 1871 2633 et
1895 2578 2101 2647 gehen-

522 2684 647 2724 nam
673 2668 1023 2737 comminari,
1056 2682 1109 2724 et
1133 2685 1356 2740 regnum
1387 2670 1660 2740 polliceri,
1693 2678 1750 2724 ut
1775 2684 1874 2724 nos
1902 2670 1987 2724 vel
2019 2670 2100 2726 sic

521 2759 797 2816 attrahat:
826 2776 925 2816 nos
953 2771 1129 2816 autem
1160 2763 1314 2832 quasi
1359 2763 1557 2831 stupidi
1593 2763 1769 2818 adhuc
1795 2777 2098 2818 manemus.

521 2849 669 2918 Quid
699 2849 801 2908 hac
844 2851 1054 2908 feritate
1095 2852 1373 2909 deterius?
1415 2853 1470 2909 Si
1501 2855 1646 2910 enim
1679 2854 1838 2911 homo
1867 2856 1990 2910 talia
2018 2853 2100 2910 fe-

520 2942 706 3010 cisset,
733 2958 910 2999 annon
934 2943 987 2999 in
1014 2944 1322 3000 servitutem
1346 2945 1462 3016 ejus
1483 2960 1628 3016 saepe
1656 2947 1796 3002 versi
1820 2947 2101 3003 essemus?

519 3037 689 3094 Deum
728 3046 905 3092 autem
938 3036 992 3093 id
1041 3037 1323 3095 facientem
1353 3039 1700 3094 aversa‘mur?
1726 3039 1770 3094 Ο
1800 3039 2098 3110 ignaviaml

523 3145 559 3185 ο
583 3129 852 3200 ingratum
893 3131 1164 3186 animum!
1193 3132 1284 3202 qui
1311 3147 1527 3202 semper
1552 3133 1605 3188 in
1634 3134 1868 3203 peccatis
1894 3142 1950 3189 et
1978 3148 2101 3190 sce-

517 3221 723 3277 lerihus
772 3224 1000 3278 vivimus
1025 3241 1039 3289 ;
1073 3224 1120 3279 si
1149 3240 1281 3281 vero
1327 3225 1649 3296 quandoque
1678 3226 1945 3281 tantillum
1975 3226 2100 3284 boni

516 3314 812 3380 faciamus,
868 3315 1040 3372 instar
1093 3316 1430 3388 ingratorum
1483 3334 1801 3388 servorum,
1849 3330 2100 3378 accurate

515 3407 646 3463 illud
675 3409 1048 3464 examinamus
1074 3419 1129 3465 et
1158 3420 1530 3482 computamus
1557 3428 1654 3483 pro
1680 3413 1929 3470 mercede
1953 3415 2098 3470 acci-

514 3499 748 3568 pienda,
799 3501 843 3554 si
894 3509 1072 3557 tamen
1118 3500 1173 3556 id
1231 3503 1536 3558 mercedem
1587 3513 1880 3560 mereatur.
1935 3506 2099 3576 Atqui

514 3589 689 3660 major
712 3599 795 3645 est
814 3606 1042 3660 merces,
1064 3606 1188 3648 cum
1209 3607 1314 3648 non
1345 3594 1611 3650 mercedis
1636 3609 1794 3650 causa
1817 3595 1919 3651 hoc
1945 3595 2095 3652 facis.

513 3677 648 3736 Nam
676 3679 766 3735 illa
816 3680 1000 3738 dicere
1027 3691 1082 3738 et
1129 3693 1378 3739 accurate
1405 3693 1746 3755 computare,
1779 3686 2097 3742 mercenarii

513 3773 692 3842 potius
725 3782 819 3828 est
839 3815 854 3840 ,
887 3789 1046 3844 quam
1073 3775 1214 3846 grati
1256 3774 1463 3832 famuli.
1493 3776 1718 3848 Oportet
1743 3779 1886 3834 enim
1917 3779 2096 3834 omnia

512 3871 735 3933 propter
763 3863 1036 3921 Christum
1081 3866 1295 3935 facere,
1327 3884 1436 3924 non
1481 3879 1702 3941 propter
1745 3872 2092 3927 mercedem:

512 3954 636 4010 ideo
677 3955 820 4012 enim
867 3958 1170 4029 gehennam
1219 3964 1575 4018 comminatus
1615 3971 1734 4029 est,
1769 3974 1825 4020 et
1871 3981 2093 4036 regnum

511 4046 786 4116 promisit,
815 4057 874 4102 ut
899 4062 930 4102 a
957 4049 1112 4106 nobis
1134 4061 1425 4108 amaretur.
1449 4054 1706 4109 Amemus
1733 4055 1911 4124 itaque
1941 4057 2090 4112 illum

513 4143 574 4190 ut
599 4151 782 4193 amare
827 4149 1042 4209 oportet
1067 4157 1084 4196 :
1139 4142 1242 4198 hoc
1271 4159 1461 4215 magna
1492 4160 1700 4202 merces
1725 4157 1844 4214 est,
1877 4147 1978 4203 hoc
2004 4164 2093 4204 re-

511 4242 676 4296 gnum
700 4238 755 4285 et
777 4231 1042 4301 voluptas,
1070 4233 1171 4290 hoc
1193 4235 1400 4292 delicia:
1421 4246 1475 4293 et
1497 4238 1666 4308 gloria
1689 4248 1743 4295 et
1769 4240 1962 4308 honor,
1991 4241 2093 4297 hoc

515 4317 604 4372 lux
629 4359 643 4384 ,
674 4319 777 4375 hoc
819 4322 1081 4378 immensa
1125 4325 1398 4383 beatitudo
1423 4369 1439 4392 ,
1483 4345 1640 4399 quam
1671 4345 1770 4386 nec
1795 4333 1969 4387 oratio
1994 4333 2094 4388 de-

513 4408 724 4464 clarare
743 4451 758 4476 ,
787 4425 886 4466 nec
929 4427 1083 4468 mens
1109 4429 1302 4485 capere
1332 4419 1518 4487 possit.
1548 4420 1746 4476 Verum
1778 4423 1960 4478 nescio
1983 4438 2092 4494 quo

513 4509 672 4570 pacto
713 4501 765 4554 in
821 4500 1126 4572 huiusmodi
1176 4519 1482 4563 sermonem
1529 4510 1790 4567 deductus
1833 4513 1972 4579 sim,
2003 4515 2094 4583 qui

508 4591 724 4662 jubeam
774 4591 1056 4661 homines,
1109 4611 1210 4651 nec
1263 4599 1657 4668 principatum,
1713 4617 1813 4659 nec
1866 4604 2091 4674 gloriam

513 4692 832 4754 praesentem
876 4685 1278 4757 despicientes,
1327 4707 1550 4761 regnum
1603 4709 1844 4764 praesens
1872 4706 2094 4767 propter

509 4774 786 4830 Christum
811 4776 1127 4847 despicere;
1158 4780 1370 4836 etiamsi
1417 4783 1491 4837 illi
1539 4785 1716 4855 magni
1744 4794 1798 4841 et
1841 4787 2092 4857 generosi

512 4865 617 4920 viri
643 4865 710 4920 ad
736 4865 873 4924 hanc
900 4873 1102 4925 amoris
1128 4887 1433 4928 mensuram
1465 4877 1800 4946 pertigerint.
1832 4879 1969 4934 Audi
1997 4880 2092 4950 igi-

508 4965 598 5013 tur
647 4961 917 5030 quomodo
966 4963 1158 5019 Petrus
1205 4978 1305 5034 pro
1353 4964 1444 5019 illo
1488 4967 1700 5035 ardeat,
1752 4969 2008 5040 illumque
2037 4979 2092 5026 et

507 5051 700 5106 anima:
727 5062 782 5108 et
809 5057 933 5110 vitae
978 5069 1087 5110 suze
1127 5065 1185 5111 et
1237 5057 1485 5113 omnibus
1535 5059 1808 5129 praeferat.
1854 5063 1923 5117 Et
1967 5077 2090 5128 cum

509 5140 659 5196 illum
702 5145 1052 5214 abnegasset,
1087 5164 1196 5203 non
1231 5160 1450 5219 propter
1475 5153 1797 5221 supplicium
1831 5154 2086 5224 lugebat,

508 5230 606 5285 sed
644 5233 767 5301 quia
811 5234 1065 5292 dilectum
1093 5248 1379 5309 negaverat
1412 5259 1426 5295 :
1473 5243 1616 5311 quod
1644 5245 1790 5299 omni
1818 5246 2083 5316 supplicio

517 5363 2242 5394 *ΜΨ-σι..-

2214 551 2459 606 acerbius
2488 553 2587 620 ipsi
2618 562 2751 608 erat.
2788 553 3020 626 Haecque
3045 558 3224 630 omnia
3254 570 3376 616 ante
3405 561 3642 632 Spiritus
3671 582 3780 635 gra-

2217 642 2344 697 tiam
2387 643 2667 699 exhibuit:
2722 659 2972 716 saepeque
3005 649 3274 717 instabat,
3306 653 3524 716 dicens,
3564 655 3678 721 Quo
3704 675 3780 711 ra-

2212 733 2290 787 dis
2308 734 2336 787 Ρ
2360 742 2415 788 et
2441 744 2599 789 antea
2620 775 2634 801 ,
2670 735 2748 788 Ad
2773 754 2916 806 quem
2965 741 3145 794 ibimus
3165 743 3190 794 ?
3219 759 3281 798 ac
3327 762 3514 802 rursus
3535 790 3549 813 ,
3601 748 3783 817 Sequar

2213 832 2260 876 te
2279 840 2590 893 quocumque
2624 827 2742 881 ieris
2769 827 2962 900 (Joan.
2992 832 3080 887 15.
3110 833 3198 887 56.
3229 846 3274 888 et
3309 838 3359 891 6.
3388 839 3487 902 69;
3520 839 3712 895 Matth.
3738 843 3780 898 8.

2212 915 2337 986 i9).
2369 915 2557 972 Omnia
2587 920 2729 974 enim
2779 921 2893 990 ipse
2936 924 3043 979 illis
3090 935 3242 989 erat,
3276 944 3338 983 ac
3387 947 3562 1000 neque
3609 935 3785 988 caelum

2213 1022 2386 1076 neque
2411 1023 2633 1079 regnum
2655 1012 2907 1067 caelorum
2933 1014 3128 1072 dilecto
3159 1018 3532 1087 praeferebant.
3556 1024 3637 1078 Tu
3661 1029 3785 1082 enim

2214 1098 2342 1153 mihi
2373 1099 2460 1154 illa
2488 1103 2664 1156 omnia
2693 1120 2782 1168 es,
2815 1107 3005 1176 inquit.
3034 1108 3100 1162 Et
3123 1110 3248 1179 quid
3273 1112 3506 1176 miraris,
3538 1118 3582 1168 si
3612 1116 3788 1173 Petrus

2213 1191 2284 1244 ita
2327 1191 2546 1248 affectus
2593 1196 2746 1249 erat?
2790 1196 2920 1252 Nam
2968 1200 3092 1254 audi
3143 1202 3268 1270 quid
3320 1205 3582 1273 propheta
3621 1207 3786 1264 dicat:

2215 1281 2352 1347 Quid
2377 1285 2508 1337 enim
2551 1287 2676 1340 milii
2702 1298 2775 1341 est
2815 1290 2868 1342 in
2896 1292 3058 1346 caelo?
3082 1302 3129 1345 et
3159 1310 3189 1346 a
3229 1305 3274 1348 te
3312 1297 3435 1365 quid
3483 1300 3627 1353 volui
3654 1318 3790 1371 super

2215 1386 2398 1430 terram
2429 1377 2612 1448 (Psal.
2647 1380 2734 1434 79..
2763 1380 2833 1436 25
2853 1380 2990 1452 )?ld
3020 1393 3136 1450 est,
3170 1401 3274 1441 non
3307 1403 3493 1445 eorum
3527 1410 3649 1461 qua:
3680 1411 3788 1449 sur-

2212 1479 2364 1534 sum,
2400 1483 2499 1523 nec
2536 1484 2654 1539 qua:
2693 1472 2941 1526 deorsum
2983 1485 3106 1529 sunt
3148 1478 3292 1532 aliud
3332 1481 3454 1535 volo
3501 1494 3698 1552 praeter
3723 1497 3786 1542 te.

2216 1559 2326 1614 Hoc
2351 1575 2503 1616 amor
2530 1571 2633 1627 est,
2665 1562 2763 1618 hoc
2787 1564 3000 1619 dilectio
3024 1582 3042 1618 :
3071 1569 3112 1621 si
3142 1568 3210 1621 ita
3239 1585 3504 1639 amemus,
3535 1591 3638 1630 nec
3666 1593 3787 1647 prae«

2213 1653 2423 1719 sentia,
2468 1669 2566 1709 nec
2611 1655 2787 1712 futura
2836 1659 3122 1729 quidquam
3168 1677 3288 1718 esse
3336 1681 3447 1734 prae
3477 1684 3666 1726 amore
3710 1674 3787 1727 illo

2213 1745 2549 1814 putabimus,
2595 1756 2650 1802 et
2696 1748 2820 1804 hinc
2868 1766 3090 1822 regnum
3133 1770 3559 1827 consequemur,
3596 1763 3646 1816 in
3685 1764 3786 1834 ejus

2211 1849 2396 1890 amore
2425 1836 2682 1893 laetantes.
2716 1841 2784 1894 Et
2808 1842 3077 1910 quomodo
3098 1885 3113 1909 ,
3147 1845 3355 1915 inquies
3377 1891 3390 1913 ,
3427 1850 3531 1906 hoc
3559 1854 3700 1906 erit?
3738 1856 3786 1910 Si

2211 1928 2506 1996 cogitemus
2553 1931 2822 1999 quomodo
2876 1933 3026 1988 illum
3077 1940 3398 1993 contumelia
3455 1942 3786 2002 affecerimus

2210 2025 2335 2086 post
2361 2018 2640 2074 innumera
2664 2023 2854 2077 collata
2887 2023 3046 2088 bona.
3080 2027 3195 2096 ipse
3223 2044 3350 2084 vero
3377 2031 3648 2089 hortando
3674 2052 3783 2106 per-

2211 2111 2579 2166 severaverit:
2612 2114 2821 2182 quoties
2851 2114 2999 2170 illum
3050 2127 3430 2186 praetereamus
3453 2163 3470 2184 ,
3505 2125 3623 2194 ipse
3674 2145 3786 2182 vero

2211 2213 2311 2254 nos
2342 2216 2446 2256 non
2479 2203 2736 2274 negligat,
2767 2205 2858 2260 sed
2887 2219 3128 2263 accurrat
3154 2220 3209 2265 et
3231 2211 3429 2267 alliciat
3460 2226 3626 2285 atque
3648 2219 3713 2272 ad
3736 2235 3786 2275 se

2211 2293 2404 2347 trahat.
2433 2294 2489 2349 Si
2531 2297 2673 2350 enim
2705 2299 2818 2353 haec
2847 2309 2900 2355 et
2937 2301 3128 2357 similia
3169 2306 3620 2375 cogitaverimus,
3659 2313 3786 2369 hunc

2210 2385 2537 2442 succendere
2563 2402 2799 2444 amorem
2829 2393 3145 2460 poterimus.
3174 2396 3304 2450 Nam
3337 2399 3380 2452 si
3407 2403 3499 2470 qui
3536 2404 3611 2455 ita
3655 2417 3785 2460 amat

2210 2484 2354 2530 esset
2379 2477 2540 2532 homo
2564 2479 2704 2542 vilis,
2729 2482 2815 2550 qtti
2843 2497 2970 2536 vero
3001 2485 3069 2538 ita
3100 2498 3308 2542 amatur
3333 2505 3425 2544 rex
3454 2504 3638 2556 esset;
3666 2513 3787 2549 nou-

2209 2581 2276 2621 ne
2302 2567 2389 2623 hic
2410 2570 2612 2624 amoris
2633 2573 3050 2641 magnitudinem
3081 2584 3462 2636 revereretur?
3494 2585 3654 2642 Certe
3685 2606 3782 2642 ma-

2210 2661 2372 2716 xime.
2403 2662 2535 2718 Cum
2580 2681 2707 2720 vero
2751 2676 2935 2723 contra
2959 2712 2973 2738 ,
3022 2671 3300 2729 inefl‘abilis
3331 2677 3416 2729 illa
3451 2681 3785 2748 pulchritudo

2208 2763 2263 2809 et
2288 2755 2459 2824 gloria
2486 2764 2540 2811 et
2563 2757 2760 2814 divitiae
2797 2760 2912 2831 ejus
2938 2801 2953 2828 ,
2983 2764 3072 2832 qui
3117 2781 3214 2819 nos
3243 2778 3428 2836 amat,
3464 2773 3603 2827 tales
3649 2776 3748 2829 sint
3769 2819 3782 2839 ,

2207 2861 2307 2901 nos
2333 2863 2460 2903 vero
2487 2849 2776 2905 admodum
2825 2854 2988 2922 viles,
3019 2858 3284 2925 quomodo
3330 2876 3438 2916 non
3490 2866 3642 2920 mille
3673 2884 3785 2938 sup—

2207 2939 2380 3009 pliciis
2408 2941 2550 3012 digni
2582 2943 2856 3011 fuerimus,
2885 2947 2957 3001 ita
2983 2949 3114 3005 viles
3140 2963 3195 3006 et
3221 2953 3438 3022 abjecti,
3468 2959 3564 3026 qui
3593 2975 3624 3013 a
3653 2970 3785 3016 tanto

2207 3037 2262 3084 et
2303 3038 2409 3084 tam
2437 3031 2751 3088 admirando
2796 3051 2954 3106 supra
2998 3040 3214 3095 modum
3255 3059 3536 3112 amamur,
3572 3059 3627 3104 et
3658 3052 3786 3107 illius

2207 3134 2447 3176 amorem
2471 3123 2548 3178 sic
2574 3125 2955 3194 repudiamus?
2986 3129 3077 3186 llle
3115 3132 3263 3188 nullo
3289 3146 3608 3194 nostrorum
3639 3152 3782 3212 eget,

2209 3228 2312 3269 nec
2338 3222 2516 3270 tamen
2547 3231 2646 3272 nos
2676 3233 2858 3274 amare
2884 3220 3081 3276 desinit
3106 3239 3121 3288 ;
3149 3239 3246 3280 nos
3274 3227 3389 3298 ejus
3422 3229 3586 3286 bonis
3612 3235 3786 3288 admo-

2206 3306 2333 3362 dum
2363 3323 2580 3379 egemus
2601 3351 2615 3375 ,
2642 3326 2707 3366 ac
2733 3328 2906 3382 neque
2933 3315 3010 3370 sic
3036 3317 3152 3385 ejus
3177 3333 3418 3376 amorem
3451 3326 3745 3382 retinemus
3767 3371 3782 3391 ,

2207 3399 2302 3454 sed
2333 3400 2543 3458 divitias
2572 3403 2646 3456 illi
2695 3405 3029 3473 praeferimus
3053 3451 3067 3473 ,
3096 3420 3150 3464 et
3176 3410 3454 3469 hominum
3484 3421 3746 3474 amicitias
3767 3463 3782 3485 ,

2206 3493 2448 3562 corporis
2499 3495 2781 3564 requiem,
2833 3501 3160 3568 potentiam,
3208 3504 3475 3574 gloriam;
3523 3510 3652 3564 dum
3699 3513 3787 3568 ille

2205 3583 2336 3639 nihil
2364 3586 2518 3642 nobis
2562 3589 2880 3659 anteponit?
2908 3591 3082 3648 Unum
3113 3595 3311 3665 quippe
3337 3597 3538 3655 Filium
3571 3601 3785 3668 habuit,

2204 3674 2533 3745 unigenitum
2574 3687 2629 3732 et
2655 3680 2940 3747 genuinum
2963 3723 2979 3749 ,
3012 3698 3186 3752 neque
3217 3685 3292 3740 illi
3324 3692 3575 3758 pepercit
3604 3693 3654 3746 in
3685 3709 3781 3746 no-

2205 3764 2298 3818 stri
2328 3765 2551 3835 gratiam
2580 3784 2594 3827 ;
2629 3784 2725 3823 nos
2763 3778 2941 3825 autem
2989 3774 3152 3828 multa
3186 3775 3260 3830 illi
3293 3778 3650 3847 praeferimus.
3678 3786 3785 3838 An-

2204 3869 2309 3910 non
2357 3872 2486 3927 ergo
2527 3858 2827 3929 gehennam
2871 3872 2927 3918 et
2972 3867 3290 3936 supplicium
3340 3887 3653 3937 tueremur,
3685 3877 3787 3929 etsi

2203 3945 2332 4002 illud
2358 3947 2540 4018 duplo,
2574 3951 2754 4020 triplo,
2785 3953 2892 4008 imo
2918 3959 3218 4014 sexcenties
3240 3961 3415 4031 majus
3441 3966 3624 4019 esset?
3646 3966 3782 4032 Quid

2202 4042 2346 4093 enim
2402 4040 2581 4097 dicere
2639 4048 2938 4112 possimus,
2990 4050 3202 4118 quando
3263 4063 3469 4109 satana:
3527 4071 3786 4126 prmeepta

2201 4129 2400 4186 Christi
2461 4133 2667 4204 legibus
2723 4139 3090 4208 praeferimus,
3131 4153 3187 4198 et
3239 4146 3396 4200 saluti
3442 4161 3639 4205 nostra:
3679 4167 3786 4205 non

2202 4236 2482 4291 parcamus
2506 4266 2521 4291 ,
2570 4226 2698 4281 dum
2745 4231 2996 4300 nequitia:
3041 4248 3203 4304 opera
3234 4237 3282 4292 ei
3305 4277 3321 4304 ,
3354 4239 3447 4308 qui
3480 4243 3656 4295 omnia
3688 4259 3786 4311 pro

2202 4313 2355 4368 nobis
2382 4329 2570 4384 passus
2599 4326 2703 4383 est,
2735 4321 3110 4390 prteferimus?
3142 4325 3205 4380 Et
3233 4341 3336 4395 qua
3367 4331 3528 4383 venia
3560 4331 3672 4386 lucc
3704 4334 3784 4385 di-

2200 4418 2302 4474 gna
2349 4405 2579 4462 fuerint?
2633 4425 2734 4478 qua
2781 4411 3133 4470 defensione?
3171 4417 3350 4472 Nulla.
3379 4419 3596 4477 Stemus
3625 4425 3790 4493 igitur

2200 4493 2475 4566 deinceps,
2509 4514 2613 4553 non
2647 4517 2741 4569 per
2763 4506 3055 4574 praecipitia
3077 4508 3215 4574 acti;
3249 4511 3343 4565 sed
3373 4515 3784 4585 resipiscamus,

2201 4595 2255 4639 et
2280 4585 2396 4641 haec
2422 4590 2602 4644 omnia
2636 4592 2912 4649 nobiscum
2939 4609 3249 4667 reputantes
3272 4642 3288 4668 ,
3315 4602 3544 4673 gloriam
3577 4609 3790 4662 refcra-

2199 4691 2319 4732 mus
2347 4678 2395 4734 ei
2424 4693 2520 4748 per
2548 4696 2744 4750 opera;
2779 4686 2959 4741 verbis
2984 4689 3127 4743 enini
3157 4700 3360 4748 tantum
3395 4712 3503 4751 non
3534 4699 3732 4753 sufﬁcit
3756 4716 3774 4753 :

2200 4775 2258 4820 ut
2281 4777 2335 4822 et
2359 4769 2530 4838 gloria
2556 4772 2624 4826 ab
2649 4773 2740 4828 illo
2766 4787 3018 4834 manante
3066 4780 3303 4839 fruamur
3325 4827 3340 4850 ,
3372 4802 3534 4856 quam
3579 4790 3792 4845 utinam

2200 4874 2298 4913 nos
2349 4876 2772 4934 consequamur,
2805 4871 2973 4938 gratia
3001 4883 3057 4927 et
3083 4875 3412 4948 benignitate
3444 4884 3646 4938 Domini
3686 4901 3794 4940 no-

2198 4951 2292 5004 stri
2335 4951 2462 5007 Jesu
2503 4954 2735 5026 Christi,
2765 4961 2976 5029 quicum
3027 4965 3169 5021 Patri
3221 4979 3275 5024 et
3323 4971 3547 5042 Spiritui
3589 4990 3795 5033 sancto

2196 5045 2400 5115 gloria,
2452 5047 2773 5120 imperium,
2824 5054 3027 5125 honor,
3078 5076 3218 5118 nunc
3263 5073 3319 5120 et
3367 5082 3608 5139 semper,
3644 5083 3704 5128 et
3738 5075 3793 5128 in

2197 5141 2394 5194 saecula
2422 5142 2759 5199 saeculorum.
2792 5147 2987 5204 Amen.

2735 5388 3803 5422 —__________§_

1874 5451 2214 5517 HOMILIA
2259 5458 2345 5520 Vl

506 5589 632 5653 CAP.
667 5587 720 5643 2.
749 5588 915 5642 v.17.
948 5587 1081 5642 Ecce
1112 5598 1166 5643 tu
1190 5589 1402 5647 Judteus
1441 5595 1814 5664 cognominaris
1839 5637 1852 5658 .
1905 5605 1952 5649 et
1999 5614 2082 5652 re-

573 5682 784 5750 quiescis
808 5682 860 5732 in
891 5681 998 5750 lege
1019 5721 1034 5747 ,
1063 5690 1110 5734 et
1133 5681 1366 5751 gloriaris
1395 5683 1449 5737 in
1476 5683 1579 5738 Deo
1601 5726 1616 5752 ,
1645 5688 1734 5741 18.
1766 5695 1812 5742 et
1837 5687 1968 5743 nosti
1990 5704 2077 5743 vo-

574 5771 836 5835 luntatem,
868 5780 915 5832 et
942 5771 1124 5841 probas
1151 5773 1315 5836 utilia,
1346 5774 1604 5829 institutus
1629 5793 1692 5831 ex
1715 5778 1843 5849 lege.

2193 5600 2260 5654 ad
2289 5602 2515 5656 salutem
2534 5644 2547 5668 ,
2581 5604 2870 5661 dummodo
2901 5610 3070 5681 legem
3101 5629 3301 5684 servet,
3331 5631 3385 5674 et
3413 5623 3806 5686 admirandam

2191 5691 2338 5746 illam
2367 5698 2821 5764 comparationem
2850 5702 3045 5758 fecerat
3077 5723 3089 5758 :
3119 5725 3237 5777 qua:
3273 5713 3600 5770 honorabilia
3642 5731 3803 5792 apud

2187 5782 2404 5840 Judzeos
2428 5798 2583 5842 erant
2607 5791 2773 5858 ponit,
2798 5809 2861 5846 ex
2888 5795 3080 5864 quibus
3106 5800 3363 5858 adversus
3389 5806 3601 5864 Cnecos
3657 5782 3804 5871 e-ﬂ’e-

574 5861 626 5923 1.
658 5859 943 5938 Postquam
971 5861 1176 5927 dixerat
1203 5863 1333 5928 nihil
1358 5863 1546 5922 deesse
1566 5865 1752 5924 Graeco
1773 5883 1866 5924 seu
1896 5871 2077 5940 gentili
2187 5875 2458 5933 rebantur.
2493 5878 2556 5934 Et
2581 5881 2752 5949 primo
2781 5859 2952 5954 ipsum
3007 5903 3200 5947 nomen
3229 5933 3245 5958 ,
3299 5859 3807 5967 quo—tl—
