3950 6432
114 315 196 375 ‘53
1147 297 1211 354 IN
1252 297 1468 355 EPIST.
1508 299 1600 355 AD
1639 299 1803 358 R01].
1844 301 2075 361 HOMIL.
2117 304 2206 365 Vl.

108 416 368 483 Inamabile
390 424 525 478 erat,
555 422 611 468 ut
634 423 717 468 est
744 427 886 468 nunc
916 411 1360 468 Christianismns
1390 428 1404 465 :
1437 411 1506 466 ab
1534 426 1631 483 ap-

108 515 342 590 pellatione
364 506 505 565 enim
533 506 698 562 multa
726 504 1024 561 dillerentia
1056 516 1183 561 tunc
1205 515 1321 562 erat
1352 524 1365 561 :
1396 521 1562 577 quare
1577 515 1633 562 et

106 610 205 665 hinc
226 601 431 660 orditur.
462 597 530 652 Et
555 596 677 652 vide
720 596 990 667 quomodo
1033 595 1165 651 illud
1213 596 1470 651 decutiat.
1517 595 1632 651 Non

106 702 217 758 enim
238 692 356 750 dixit
372 733 389 758 ,
416 689 496 746 Tu
520 689 737 745 Judaeus
758 704 848 756 es,
876 689 970 743 scd
991 731 1004 751 ,
1045 686 1432 760 Cognominaris
1451 698 1497 744 et
1523 689 1636 761 glo-

105 790 223 848 riaris
253 787 298 840 in
336 781 441 836 Dea
466 822 482 847 ,
532 781 584 835 id
613 792 734 848 est,
762 780 913 851 quasi
936 779 1164 835 dilectus
1191 780 1258 834 ab
1282 780 1409 847 illo,
1439 790 1494 834 et
1522 796 1633 850 prae

104 886 195 941 aliis
218 876 506 936 hominibus
534 874 849 930 honoratus.
882 874 979 929 Hic
1019 883 1200 928 antem
1247 873 1377 927 mihi
1423 872 1634 928 videtur

104 978 271 1033 illorum
294 966 645 1039 arrogantiam
676 977 731 1021 et
759 981 947 1019 vanam
976 965 1201 1035 gloriam
1229 964 1627 1035 perstringere;

101 1066 210 1140 quod
236 1064 363 1120 dono
391 1061 487 1116 illo
512 1076 619 1116 non
645 1059 711 1115 ad
742 1060 966 1114 Salutem
996 1074 1171 1126 suam,
1205 1059 1298 1113 sed
1339 1068 1394 1113 ut
1417 1060 1469 1113 in
1499 1058 1634 1113 alios

102 1162 346 1227 insnrgant,
370 1163 533 1223 atque
563 1152 682 1207 illos
711 1151 1030 1223 despiciant,
1064 1152 1217 1207 abusi
1246 1152 1375 1205 sint.
1409 1150 1474 1203 Et
1502 1151 1633 1205 nosti

100 1252 347 1305 raluntatem
369 1288 387 1312 ,
415 1255 464 1300 et
495 1246 679 1315 probas
717 1244 885 1298 utilia.
920 1245 1078 1314 Atqui
1106 1244 1208 1300 hoc
1228 1245 1345 1299 sine
1369 1259 1532 1313 opere
1549 1254 1633 1299 est

99 1346 272 1406 vitium;
296 1347 526 1394 attamen
546 1339 894 1410 praerogativa
917 1337 1198 1393 videbatur
1216 1354 1338 1393 esse
1368 1356 1383 1392 :
1404 1338 1630 1407 ideoque

98 1443 297 1491 accurate
322 1430 447 1484 illud
477 1430 714 1499 apponit.
749 1429 865 1484 Non
894 1431 1038 1485 enim
1070 1430 1227 1495 dixit,
1258 1428 1450 1494 Facis;
1499 1428 1591 1483 sed
1612 1469 1628 1495 ,

99 1526 217 1582 ll'osti
236 1534 277 1578 et
301 1523 503 1594 probas,
539 1538 643 1578 non
671 1521 978 1592 aggrederis
1005 1536 1104 1576 nec
1130 1520 1262 1591 agis.
1298 1521 1388 1577 19.
1408 1520 1634 1589 Conﬁdis

95 1632 130 1674 te
146 1634 231 1673 esse
256 1618 424 1670 ducem
450 1631 725 1670 cwcorum.
756 1614 985 1669 Rursum
1016 1614 1104 1670 hic
1150 1630 1256 1669 non
1306 1614 1437 1669 dicit
1482 1614 1631 1668 illum

96 1710 245 1763 ducem
271 1722 383 1761 csse
409 1721 672 1761 cmcorutn
697 1721 711 1770 ;
744 1706 839 1761 sed
865 1748 880 1772 ,
913 1706 1162 1775 Conﬁdis,
1196 1706 1388 1776 inquit,
1419 1714 1470 1760 te
1498 1720 1632 1760 ven-

92 1796 423 1854 ditaszmnlta
452 1797 596 1852 enim
622 1809 739 1852 erat
783 1796 1091 1853 Judmorum
1136 1799 1460 1870 arrogantia.
1506 1797 1632 1855 Ideo

95 1890 242 1944 eadem
268 1888 369 1942 fere
392 1888 556 1943 verba
588 1896 839 1957 usurpat,
868 1903 989 1958 qua:
1016 1887 1093 1942 illi
1134 1902 1258 1943 sese
1295 1887 1628 1958 jactitantes.

99 1982 198 2037 l’ide
221 1996 437 2051 namque
458 1979 585 2052 quid
616 1981 669 2035 in
698 1980 991 2051 Evangelio
1037 1980 1219 2036 dicant
1247 1997 1262 2035 :
1290 1977 1359 2034 In
1412 1980 1634 2050 peccatis

94 2086 209 2129 natus
230 2091 275 2129 es
298 2084 429 2128 totus
451 2115 469 2140 ,
500 2082 548 2127 et
569 2082 623 2127 tu
647 2073 797 2128 doces
824 2090 914 2128 nos
945 2074 1139 2146 (Joan.
1173 2074 1227 2130 9.
1256 2074 1326 2129 54
1348 2074 1409 2145 )?
1453 2083 1508 2130 et
1549 2075 1632 2129 al-

94 2178 177 2222 tum
198 2165 463 2235 sapiebant
485 2164 743 2220 adversus
765 2180 974 2220 omnes.
1018 2165 1074 2220 ω
1118 2166 1259 2236 quod
1312 2165 1508 2221 Paulus
1546 2180 1632 2220 ar-

91 2259 258 2329 guendo
280 2259 659 2327 perseveravit,
690 2257 787 2313 hos
812 2258 1087 2325 attollens,
1120 2258 1238 2314 illos
1272 2258 1554 2328 dejiciens,
1575 2266 1634 2314 ut

91 2351 224 2421 magis
247 2349 359 2403 illos
385 2349 772 2421 perstringeret
794 2389 808 2414 ,
840 2358 893 2405 ct
923 2350 1223 2420 graviorem
1254 2350 1518 2421 proferret
1541 2367 1633 2406 ae-

90 2440 391 2497 cusationem.
420 2440 549 2496 Ideo
573 2442 912 2513 progreditur
937 2443 1039 2499 hoc
1067 2458 1272 2514 augens
1298 2453 1352 2500 et
1389 2444 1625 2515 ampliti-

90 2550 189 2589 eans
214 2534 412 2590 diverse
446 2535 737 2591 narrando.
772 2533 1000 2604 Conﬁdis
1038 2535 1175 2590 enim
1212 2544 1260 2590 te
1302 2552 1409 2590 esse
1446 2536 1628 2589 ducem

87 2644 309 2690 cerarum,
343 2627 515 2681 lunten
544 2644 737 2694 eorum,
767 2628 855 2698 qui
880 2628 933 2682 in
965 2628 1180 2683 tenebris
1209 2638 1360 2697 sunt,
1391 2629 1482 2686 20.
1516 2646 1630 2685 eru-

88 2722 260 2776 ditorem
278 2721 617 2793 insipientium
638 2764 652 2786 ,
686 2723 982 2792 magistrum
1010 2722 1285 2794 infantium
1311 2764 1327 2789 ,
1358 2723 1621 2778 habentem

86 2820 264 2884 formam
287 2816 510 2869 scientia:
537 2825 583 2869 et
610 2816 832 2869 veritatis
856 2815 909 2868 in
933 2815 1062 2886 lege.
1090 2815 1206 2870 Non
1234 2815 1368 2870 dixit
1394 2816 1586 2873 iterum
1611 2858 1627 2882 ,

86 2904 128 2958 ιιι
148 2906 447 2961 conscientia
479 2914 537 2961 et
574 2907 625 2960 in
655 2906 908 2976 operibus
931 2948 946 2972 ,
982 2907 1035 2960 in
1064 2917 1212 2963 recte
1254 2907 1441 2973 lactis;
1489 2908 1584 2963 sed
1609 2948 1625 2975 ,

84 2996 133 3049 In
156 2999 265 3067 lege.
297 2997 359 3051 Et
387 2997 474 3052 his
500 2996 679 3062 dictis,
706 2997 849 3067 quod
879 2998 1021 3053 circa
1046 2998 1275 3069 gentiles
1322 2999 1448 3054 fecit
1470 3040 1487 3066 ,
1541 2999 1629 3055 hic

86 3087 197 3139 facit.
225 3086 363 3143 Sicut
386 3088 533 3141 enirn
566 3087 675 3143 illic
704 3089 779 3142 ait
810 3106 823 3143 :
853 3087 921 3142 In
944 3105 1043 3159 quo
1073 3089 1204 3143 enim
1217 3091 1429 3160 judicas
1448 3091 1629 3161 alium,

83 3180 259 3246 teipsum
280 3181 587 3234 condemnas
608 3193 629 3245 ,'
654 3181 731 3235 sic
757 3190 811 3235 et
853 3179 954 3236 hoc
994 3182 1111 3237 loco
1157 3181 1289 3237 dicit
1324 3198 1343 3236 :
1375 3182 1473 3247 Qui
1511 3200 1632 3254 ergo

84 3270 203 3323 doces
227 3272 396 3338 alium,
427 3273 647 3343 teipsum
673 3291 774 3327 non
805 3274 995 3329 doces?
1024 3275 1220 3329 Verum
1252 3275 1358 3331 illic
1386 3277 1626 3348 rigidins,

82 3360 151 3414 hic
173 3362 338 3416 mitius
360 3377 671 3418 sermonem
705 3372 983 3436 temperat.
1016 3364 1134 3420 Non
1165 3367 1306 3422 enim
1334 3367 1463 3423 dicit
1489 3386 1504 3422 :
1535 3371 1625 3423 At-

82 3453 151 3521 qni
176 3455 283 3510 ideo
308 3456 504 3526 majori
530 3472 589 3512 es
620 3459 885 3529 supplicio
915 3460 1128 3530 dignus,
1147 3461 1268 3530 quia
1286 3477 1405 3515 cum
1437 3470 1512 3516 tot
1538 3463 1629 3516 tibi

78 3552 165 3606 sint
187 3555 510 3621 concredita,
544 3554 690 3609 nullo
719 3571 904 3611 eorum
935 3563 993 3610 ut
1020 3571 1113 3639 par
1159 3565 1243 3611 est
1281 3566 1449 3615 uteris
1474 3600 1489 3623 ,
1535 3558 1629 3612 sed

80 3658 156 3711 per
181 3646 645 3717 interrogationem
673 3648 804 3718 agit,
832 3648 1090 3717 pudorem
1121 3649 1388 3704 incutiens
1420 3650 1498 3704 sic
1521 3688 1540 3717 ,
1577 3660 1630 3705 et

76 3733 233 3792 dicens
260 3754 278 3793 :
306 3736 408 3806 Qui
434 3754 558 3809 ergo
600 3738 751 3793 doces
788 3740 945 3794 alium
970 3780 986 3804 ,
1030 3741 1244 3810 teipsum
1289 3758 1391 3795 non
1439 3741 1584 3797 doces
1605 3742 1632 3797 2’

78 3826 318 3897 Perpende
345 3841 532 3887 autem
559 3832 689 3887 mihi
732 3833 894 3888 etiam
931 3834 1147 3890 aliunde
1188 3834 1339 3890 Pauli
1392 3835 1630 3905 pruden-

78 3919 179 3974 tiam
208 3938 337 3978 :eas
362 3926 513 3979 enim
539 3924 846 3982 Judatorum
876 3924 1258 3998 pratrog'ativas
1286 3929 1473 3998 ponit,
1510 3945 1629 4000 quae

76 4027 241 4071 nnnex
268 4032 455 4073 eorum
488 4018 702 4085 studio,
731 4019 827 4075 sed
855 4035 921 4075 ex
964 4035 1200 4091 superno
1248 4021 1392 4076 dono
1438 4032 1624 4087 erant,

74 4109 374 4182 ostenditque
401 4127 515 4169 non
541 4110 705 4168 modo
731 4112 1031 4183 superfluas
1075 4128 1229 4178 esse,
1281 4115 1411 4186 ipsis
1457 4116 1626 4184 negli-

75 4202 287 4265 gentibus
305 4244 321 4270 ,
353 4203 450 4258 sed
479 4205 644 4260 etiam
668 4204 916 4278 supplicii
945 4204 1366 4261 additamentum
1410 4204 1625 4262 aﬂ'erre.

72 4291 165 4349 Non
191 4296 325 4353 enim
354 4297 561 4353 bonum
588 4312 722 4367 opus
746 4311 932 4354 eorum
962 4306 1046 4353 est
1064 4339 1079 4365 ,
1125 4298 1268 4368 quod
1316 4297 1486 4354 Judaei
1536 4315 1617 4354 vo-

72 4398 265 4454 centur,
296 4404 475 4459 neque
523 4388 666 4460 quod
706 4388 876 4460 legem
916 4390 1255 4459 acceperint,
1304 4405 1478 4459 neque
1522 4390 1626 4445 alia

70 4492 164 4544 qua:
185 4480 506 4547 numeravit,
532 4479 628 4536 sed
656 4495 725 4536 ex
747 4494 978 4551 superna
1004 4480 1172 4552 gratia
1193 4489 1365 4535 erant.
1386 4481 1462 4536 Ac
1483 4481 1629 4551 prin-

69 4571 182 4639 cipio
204 4573 414 4642 quidem
443 4572 610 4640 dixit,
638 4571 773 4641 nihil
795 4572 988 4644 juvare
1015 4571 1063 4626 si
1093 4572 1178 4627 lex
1210 4571 1484 4637 audiatur,
1524 4571 1626 4626 nisi

68 4677 175 4730 opus
198 4662 421 4719 addatur
451 4680 468 4718 :
502 4662 627 4718 Non
646 4668 780 4719 enim
809 4665 1066 4718 auditores
1094 4663 1239 4736 legis,
1268 4664 1469 4734 inquit,
1492 4665 1624 4736 justi

68 4766 156 4806 non
174 4756 303 4825 apud
329 4755 502 4810 Deum
530 4772 551 4812 :
582 4771 725 4812 nunc
752 4767 931 4811 autem
957 4755 1129 4812 multo
1155 4756 1325 4827 magis
1346 4756 1580 4812 ostendit
1605 4797 1621 4823 ,

63 4858 149 4899 non
176 4848 327 4903 modo
357 4849 730 4915 auditionem,
772 4849 867 4906 sed
918 4850 1080 4904 etiam
1128 4849 1271 4921 quod
1317 4851 1404 4905 illa
1450 4851 1623 4921 majus

64 4950 155 5003 est,
182 4940 505 5009 doctrinam,
551 4958 657 4999 non
700 4957 862 5015 posse
905 4943 1121 4998 docenti
1173 4943 1529 5014 patrocinari,
1577 4945 1623 4999 si

62 5048 146 5086 non
174 5034 328 5091 faciat
356 5038 449 5091 illa
478 5053 603 5109 qua:
629 5038 823 5104 docet;
852 5052 951 5092 nec
978 5036 1139 5092 modo
1169 5052 1276 5091 non
1322 5037 1625 5107 patrocina-

61 5122 209 5194 bitur,
235 5127 327 5183 sed
359 5129 528 5184 etiam
555 5128 815 5199 majorem
844 5129 1080 5185 attrahet
1120 5129 1399 5185 ultionem.
1448 5130 1618 5185 Recte

60 5227 210 5273 autem
239 5221 343 5275 illis
390 5221 724 5278 dictionibus
769 5237 896 5277 usus
939 5232 1066 5278 est:
1102 5238 1209 5277 non
1255 5224 1397 5277 cnim
1443 5222 1616 5289 dixit,

58 5310 291 5380 Accepisti
323 5315 527 5384 legem,
557 5314 673 5378 sed,
705 5313 995 5385 Requiescis
1020 5314 1074 5368 in
1104 5313 1234 5385 lege.
1264 5313 1450 5384 Neque
1472 5315 1617 5369 enim

60 5398 287 5459 laboravit
311 5405 539 5460 Iudaeus
566 5406 949 5463 circumeundo
973 5449 989 5473 ,
1023 5417 1082 5462 ut
1110 5417 1377 5478 quaereret
1400 5422 1461 5463 ea
1500 5424 1619 5478 quae

56 5495 228 5562 agenda
247 5509 435 5563 erant;
467 5497 567 5553 sed
596 5496 753 5553 facile
777 5497 962 5553 habuit
991 5498 1160 5568 legem
1179 5538 1196 5564 ,
1228 5515 1347 5569 qua:
1373 5514 1509 5553 vram
1532 5516 1619 5554 os-

58 5587 264 5644 tenderet
293 5590 359 5645 ad
411 5590 689 5645 virtutem.
740 5590 963 5645 Etiamsi
1004 5591 1146 5645 enim
1186 5602 1374 5661 gentes
1412 5601 1617 5646 naturae

54 5679 359 5736 ratiocinium
392 5682 666 5749 habeant,
697 5682 837 5737 unde
866 5682 985 5737 illos
1012 5692 1285 5754 superant,
1320 5692 1505 5754 utpote
1525 5684 1615 5754 qui

56 5772 153 5831 Sine
179 5776 447 5833 auditione
473 5777 657 5834 omnia
684 5775 879 5833 faciant
905 5794 921 5845 ;
952 5786 1183 5834 attamen
1218 5777 1327 5834 illic
1352 5776 1522 5849 major
1549 5776 1615 5833 la-

3214 312 3323 370 ω

1738 415 1915 479 cilitas
1941 429 2077 474 erat.
2112 418 2264 489 Quod
2300 419 2345 475 si
2383 421 2566 496 dicas,
2598 422 2717 481 Non
2769 424 2945 483 solum
2984 426 3145 484 audio
3167 470 3184 495 ,
3222 431 3318 486 sed

1739 508 1899 563 etiam
1924 510 2292 578 doceo;i|lud
2339 530 2552 585 quoque
2597 514 3020 575 additamentum
3069 523 3318 594 supplicii

1739 608 1841 653 est.
1874 599 2008 666 Quia
2034 617 2165 673 ergo
2196 602 2294 658 hac
2323 604 2373 658 in
2400 621 2458 661 re
2485 606 2651 663 altum
2676 607 2953 677 sapiebant
2977 653 2991 675 ,
3041 611 3165 667 hinc
3205 628 3321 667 ma-

1740 689 1884 745 xime
1916 691 2037 746 illos
2064 691 2321 749 ridiculos
2345 697 2601 752 ostendit.
2635 697 2769 753 Cum
2795 715 2925 757 vero
2953 701 3098 767 dicit,
3126 701 3321 759 Ducem

1738 799 2021 851 eiecerunt,
2055 787 2358 841 ernditorem
2388 789 2769 860 insipientium,
2810 794 3109 864 magistrum
3151 796 3322 868 infan-

1739 873 1905 939 tium,
1955 875 2164 930 illorum
2220 878 2410 933 fastum
2462 882 2759 951 exprimit:
2793 899 3116 956 magnopere
3173 886 3317 940 enim

1740 966 2027 1039 proselytis
2053 967 2431 1036 abntebantur,
2454 970 2625 1027 ethoc
2652 972 2769 1028 illos
2795 974 3011 1029 nomine
3036 975 3316 1031 vocabant.

1810 1059 1864 1111 Ξ.
1897 1058 2020 1113 Ideo
2046 1059 2243 1115 Paulus
2267 1062 2411 1117 varie
2438 1062 2556 1117 illas
2581 1079 2699 1134 qua:
2726 1065 3040 1121 videbantur
3062 1081 3183 1123 esse
3206 1067 3322 1122 laue

1740 1150 1838 1207 des
1862 1168 2047 1208 eorum
2074 1154 2272 1218 refert,
2304 1157 2484 1212 sciens
2533 1158 2651 1211 illas
2697 1158 2914 1229 majoris
2966 1162 3321 1218 accusationis

1737 1258 1860 1298 esse
1886 1259 2122 1300 causam.
2155 1245 2437 1303 Habentem
2468 1251 2688 1321 formam
2710 1252 2933 1307 scientia:
2958 1262 3005 1307 et
3029 1256 3249 1309 veritatis
3266 1256 3321 1311 in

1739 1335 1867 1405 lege.
1900 1338 1978 1390 Ac
2004 1337 2047 1391 si
2072 1339 2191 1407 quis
2223 1340 2425 1409 regiam
2466 1340 2753 1413 imaginem
2806 1343 3041 1413 habens,
3088 1348 3218 1401 nihil
3267 1348 3320 1403 in

1736 1425 1828 1479 illa
1859 1427 2130 1499 depingit;
2161 1430 2194 1484 ii
2225 1446 2353 1485 vero
2382 1432 2573 1501 quibus
2600 1435 2686 1488 illa
2719 1436 3024 1492 concredita
3056 1455 3159 1493 non
3200 1451 3278 1495 est
3302 1482 3319 1506 ,

1736 1517 1853 1571 sine
1882 1530 2165 1591 ιιι-θεοίγρο
2214 1532 2459 1578 accurate
2500 1524 2641 1578 illam
2687 1526 2986 1582 imitantur.
3032 1529 3319 1600 Postquam

1735 1612 2002 1665 enarravit
2034 1614 2411 1683 prmrogativas
2438 1655 2453 1679 ,
2486 1631 2619 1686 quas
2645 1632 2674 1671 a
2705 1617 2819 1671 Deo
2849 1618 3152 1683 habebant,
3204 1621 3321 1676 illo-

1736 1715 1853 1754 l‘tlltt
1889 1702 2014 1755 vitia
2047 1713 2290 1760 rect'nset
2314 1746 2329 1768 ,
2358 1705 2545 1761 eadem
2576 1707 2691 1777 ipsa
2723 1708 2773 1761 in
2806 1709 3038 1764 medium
3067 1710 3319 1778 all‘erens,

1736 1792 1803 1848 de
1823 1794 2016 1863 quibus
2033 1795 2306 1864 prophetae
2326 1798 2649 1853 accusabant
2670 1818 2684 1855 :
2712 1801 2812 1869 Qui
2835 1818 2953 1873 ergo
2970 1804 3118 1857 doces
3137 1804 3318 1873 alium,

1737 1885 1950 1953 teipsum
1978 1904 2078 1941 non
2108 1887 2296 1954 doces;
2320 1892 2406 1959 qui
2432 1891 2681 1961 praedicas
2706 1909 2807 1946 non
2830 1893 3111 1965 furandum
3129 1935 3144 1959 ,
3173 1899 3319 1968 fura-

1734 1975 1842 2042 ris;
1868 1975 1958 2030 2‘2.
2008 1978 2094 2048 qui
2141 1977 2267 2033 dicis
2306 1996 2409 2033 non
2454 1981 2845 2050 mwchandum,
2892 1985 3198 2050 maecbaris;
3234 1987 3322 2057 qui

1734 2066 2041 2122 abominaris
2062 2068 2222 2133 idola,
2245 2071 2569 2143 sacrilegium
2589 2072 2759 2142 facis?
2781 2072 2993 2130 Etenim
3015 2076 3170 2132 valde
3194 2092 3321 2147 pro-

1735 2159 1962 2215 hibitum
1989 2171 2138 2227 erat,
2166 2178 2237 2218 ne
2278 2164 2399 2241 qui}
2439 2179 2526 2219 res
2570 2164 2832 2221 idolorum
2871 2167 3202 2240 contingeret
3251 2170 3322 2225 ob

1732 2253 2273 2311 exsecrationemmt
2313 2266 2504 2311 amatae
2549 2259 2789 2327 pecunia:
2818 2261 3077 2331 tyrannis,
3124 2261 3315 2331 inquit,

1733 2344 1871 2401 hanc
1881 2362 2091 2418 quoque
2110 2348 2425 2404 conculcare
2450 2350 2618 2421 legem
2640 2351 2790 2407 vobis
2812 2353 3096 2422 persuasit.
3117 2353 3319 2411 Deinde

1734 2438 1878 2509 quod
1906 2439 2121 2508 gravius
2142 2448 2295 2508 erat,
2328 2440 2543 2496 demum
2576 2442 2786 2508 intulit,
2814 2444 2998 2499 dicens
3031 2462 3045 2499 :
3074 2445 3167 2499 23.
3217 2445 3321 2510 Qui

1732 2531 1786 2584 in
1813 2531 1922 2602 lege
1944 2532 2201 2603 gloriaris,
2230 2549 2319 2601 per
2346 2534 2810 2605 prwvaricationem
2839 2536 2961 2608 legis
2985 2535 3152 2591 Deum
3179 2538 3319 2593 inho-

1734 2625 1932 2679 norus?
1970 2625 2085 2680 Duo
2116 2626 2339 2681 crimina
2366 2628 2583 2698 posuit,
2617 2628 2725 2684 imo
2763 2631 2939 2699 potius
2989 2631 3121 2698 tria,
3172 2630 3315 2702 quod

1730 2714 2121 2783 dehonestent,
2176 2718 2317 2788 quod
2363 2732 2460 2789 per
2503 2734 2606 2786 ea,
2654 2720 2809 2789 queis
2855 2720 3101 2776 honorati
3151 2732 3317 2789 sunt,

1730 2808 1875 2881 quod
1902 2824 1962 2865 se
2008 2810 2362 2891 honorantem
2405 2810 2730 2868 inltonorent
2757 2829 2771 2865 :
2803 2812 2946 2882 quod
2992 2822 3111 2867 erat
3154 2814 3320 2869 animi

1729 2914 1941 2956 summe
1968 2900 2176 2970 ingrati.
2214 2900 2419 2958 Deinde
2449 2918 2517 2958 ne
2543 2902 2817 2958 videretur
2843 2920 2908 2959 ex
2938 2918 2997 2960 se
3025 2919 3316 2974 accusare,

1730 2994 2045 3063 prophetam
2073 3002 2442 3050 accusatorem
2461 2995 2695 3063 inducit;
2724 3012 2865 3052 nunc
2887 2998 3100 3068 quidem
3136 3000 3318 3069 paucis

1730 3096 1786 3141 et
1807 3087 2133 3153 summatim,
2164 3086 2357 3142 deinde
2386 3104 2515 3144 vero
2542 3103 2638 3158 per
2666 3101 2845 3160 partes
2876 3107 2889 3143 :
2920 3106 3060 3146 nunc
3086 3089 3273 3146 Isaiam
3300 3132 3316 3158 ,

1729 3189 1917 3249 postea
1943 3179 2219 3248 Davidem,
2241 3180 2455 3252 quando
2477 3182 2661 3252 plures
2688 3182 2871 3237 retulit
2898 3183 3315 3239 confutationes.

1730 3267 1887 3334 Quod
1910 3273 2052 3329 enim
2082 3290 2187 3328 non
2210 3291 2310 3344 ego
2330 3275 2484 3330 vobis
2505 3275 2838 3346 exprobrans
2869 3275 2985 3331 haec
3006 3276 3271 3348 proferam
3298 3318 3315 3343 ,

1728 3362 1937 3435 inquit,
1979 3367 2100 3422 andi
2153 3367 2281 3438 quid
2323 3368 2464 3422 dicat
2492 3368 2654 3424 Isaias
2684 3387 2698 3427 :
2725 3369 2817 3425 24.
2848 3368 3050 3425 Nomen
3076 3368 3172 3423 Dei
3198 3386 3319 3440 pro-

1732 3469 1841 3529 pter
1864 3476 1951 3514 vos
1988 3459 2369 3530 blasphematur
2394 3462 2447 3516 in
2472 3463 2702 3534 gentibus
2729 3462 2749 3537 (
2774 3463 2897 3519 lsat'.
2927 3463 3015 3519 52.
3044 3463 3078 3519 5
3100 3464 3137 3535 ).
3178 3446 3341 3520 Ecce.

1731 3552 1891 3606 aliam
1919 3553 2186 3623 duplicem
2214 3556 2636 3612 accusationem.
2662 3553 2777 3611 Non
2810 3557 2983 3613 solum
3005 3557 3149 3612 enim
3191 3557 3315 3626 ipsi,

1731 3645 1933 3715 inquit,
1966 3647 2292 3703 contumelia
2319 3647 2590 3715 afﬁciunt,
2619 3648 2714 3705 sed
2739 3660 2795 3706 et
2816 3650 2950 3707 alios
2976 3647 3043 3705 ad
3068 3649 3119 3704 id
3143 3664 3312 3719 appa-

1732 3748 1869 3794 rant.
1899 3739 2030 3808 Qum
2061 3740 2217 3812 igitur
2245 3741 2503 3798 doctrina:
2525 3744 2758 3810 utilitas,
2793 3743 3009 3814 quando
3036 3760 3137 3799 vos
3169 3744 3315 3813 ipsos

1729 3847 1838 3887 non
1867 3832 2111 3889 docetis?
2150 3832 2347 3889 Verum
2375 3834 2478 3890 hoc
2505 3844 2708 3889 tantum
2733 3836 2979 3905 superius
3018 3835 3186 3900 dixit,
3230 3833 3318 3889 hic

1728 3940 1859 3981 vero
1885 3927 1936 3980 in
1965 3927 2290 3981 contrarium
2322 3927 2501 3982 vertit.
2532 3926 2647 3981 Non
2675 3927 2846 3982 solum
2887 3926 3029 3980 enim
3074 3942 3179 3980 non
3219 3942 3317 3981 vos

1729 4018 1904 4089 ipsos,
1938 4018 2030 4073 sed
2062 4034 2159 4074 nec
2204 4018 2343 4075 alios
2386 4018 2591 4075 docetis
2629 4036 2692 4075 ea
2737 4035 2855 4090 qua:
2890 4019 3094 4090 agenda
3142 4028 3266 4072 sunt
3297 4037 3311 4074 :

1729 4121 1783 4168 et
1806 4112 1951 4184 quod
1977 4112 2133 4183 longe
2155 4112 2367 4183 gravius
2396 4120 2514 4177 est,
2552 4126 2658 4166 non
2690 4111 2861 4166 solum
2891 4127 2985 4176 ea,
3018 4126 3137 4179 qum
3180 4109 3313 4180 legis

1728 4215 1877 4273 sunt,
1901 4221 2005 4260 non
2026 4205 2266 4270 docetis;
2291 4204 2385 4259 sed
2406 4204 2670 4259 contraria
2694 4203 2920 4271 docetis,
2944 4202 3317 4274 blasplicmare

1727 4294 1893 4351 Deum
1915 4337 1931 4362 ,
1961 4295 2103 4368 quod
2134 4296 2235 4367 legi
2262 4295 2588 4351 contrarium
2620 4304 2721 4352 est.

1812 4386 1939 4442 Vera
1966 4388 2298 4454 circumcisio,
2331 4403 2465 4458 quae.
2488 4417 2563 4429 —
2584 4389 2656 4443 At
2678 4387 3037 4457 circumcisio,
3073 4389 3307 4459 inquies,

1728 4494 1919 4550 magna
1950 4494 2038 4535 res
2063 4488 2166 4535 est.
2215 4478 2272 4535 ld
2315 4478 2520 4546 fateor;
2570 4478 2665 4534 sed
2712 4490 2871 4547 tunc,
2912 4494 3034 4535 cum
3081 4480 3314 4541 circum-

1727 4570 1862 4629 cisio
1892 4571 2036 4626 intus
2063 4569 2313 4627 habetur.
2345 4569 2413 4626 Et
2441 4570 2563 4627 vide
2592 4571 2929 4642 prudentiam
2950 4610 2967 4637 ,
3012 4586 3172 4642 quam
3217 4587 3317 4641 op-

1726 4675 1955 4735 portnne
1977 4664 2095 4734 ejus
2125 4663 2454 4719 mentionem
2493 4663 2753 4719 intulerit.
2793 4663 2908 4718 Non
2946 4663 3088 4719 enim
3128 4662 3310 4717 statim

1726 4759 1794 4815 ab
1822 4758 1909 4813 illa
1931 4772 2089 4814 orsus
2107 4766 2229 4825 est,
2256 4758 2509 4828 quoniam
2534 4771 2726 4829 magna
2749 4765 2865 4813 erat
2888 4755 2957 4812 de
2978 4755 3068 4811 illa
3089 4755 3307 4826 opinio;

1726 4852 1820 4908 sed
1850 4861 2132 4923 postquam
2156 4852 2395 4907 ostendit
2425 4851 2544 4907 illos
2572 4864 2602 4903 a
2648 4848 2841 4919 majori
2886 4846 3210 4913 offendisse,
3253 4855 3311 4904 et

1724 4944 2074 5015 blasphemiae
2102 4944 2155 4999 in
2180 4944 2346 5000 Deum
2367 4957 2583 4997 causam
2604 4956 2725 4998 esse
2748 4956 2764 4994 :
2789 4948 2915 4996 tunc
2947 4938 3165 4994 demum
3204 4953 3307 4994 au-

1723 5037 1952 5093 ditorem
1980 5036 2181 5092 habens
2203 5035 2314 5106 jam
2345 5034 2465 5088 illos
2490 5032 2832 5088 damnantem
2853 5073 2869 5100 ,
2897 5039 2951 5086 et
2977 5030 3081 5084 illis
3121 5044 3153 5083 a
3197 5028 3310 5101 pri—

1724 5139 1869 5185 tnatu
1891 5129 2122 5185 exclusis
2141 5169 2158 5196 ,
2187 5127 2256 5183 de
2284 5124 2691 5182 circumcisione
2715 5124 2856 5195 agit,
2886 5121 3168 5177 conlidens
3209 5136 3309 5177 nec

1722 5223 1925 5278 minem
1951 5220 2063 5277 fore
2087 5220 2179 5288 qui
2206 5219 2281 5274 illi
2309 5216 2659 5287 suffragetur;
2690 5224 2745 5270 et
2787 5216 2863 5270 ait
2891 5229 2906 5267 :
2933 5213 3024 5269 25.
3076 5212 3339 5281 Circum-h

1722 5317 1847 5372 cisio
1874 5314 2075 5384 quidem
2101 5313 2340 5384 prodest,
2376 5312 2420 5365 si
2449 5308 2605 5381 legem
2631 5309 2876 5364 observes.
2911 5305 3070 5378 Atqui
3100 5315 3308 5377 poterat

1721 5409 1878 5464 aliter
1904 5408 2051 5462 illam
2082 5406 2279 5474 ejicere
2300 5445 2314 5468 ,
2344 5403 2633 5473 dicereque
2664 5419 2678 5455 :
2707 5400 2846 5468 Quid
2876 5399 3019 5455 enim
3066 5407 3148 5453 est
3193 5398 3305 5453 eir-

1720 5499 2019 5557 eumcisio?
2050 5512 2176 5553 num
2206 5511 2341 5566 Opus
2369 5494 2566 5549 bonum
2597 5502 2680 5547 est
2705 5491 2853 5562 ejus,
2882 5490 2972 5563 qui
3016 5489 3160 5545 illam
3210 5486 3306 5543 ha-

1720 5588 1934 5646 buerit?
1962 5604 2088 5644 num
2115 5586 2241 5641 boni
2269 5584 2529 5656 propositi
2577 5579 2996 5653 argumentum?
3040 5576 3200 5648 Atqui
3247 5577 3302 5633 in

1720 5692 1879 5739 aetate
1906 5680 1964 5736 fit
1993 5681 2279 5736 immatura
2311 5694 2328 5734 :
2357 5685 2413 5732 et
2437 5676 2529 5747 qui
2560 5675 2614 5730 in
2643 5674 2860 5731 deserto
2900 5679 3085 5737 erant,
3130 5668 3304 5724 multo

1721 5787 1961 5849 tempore
1987 5778 2302 5830 manserunt
2324 5767 2684 5830 incircumcisi
2715 5782 2731 5822 :
2754 5776 2912 5839 atque
2929 5761 3145 5821 aliunde
3164 5759 3300 5823 mut»
