3950 6446
582 457 759 525 tisque
781 466 847 508 ex
874 450 1009 507 locis
1035 447 1219 505 videre
1246 456 1331 504 est
1354 491 1369 516 ,
1397 447 1542 502 illam
1571 461 1675 501 non
1704 444 1870 501 fuisse
1897 443 2052 498 valde
2080 458 2167 499 nec

581 544 891 602 ccssariarn.
922 544 1170 599 Attamen
1199 555 1304 595 non
1330 538 1449 594 ideo
1477 538 1621 592 illam
1646 537 1852 607 rejicit,
1882 535 1975 592 sed
2026 533 2166 590 unde

582 639 817 695 maxime
845 636 1159 707 oportebat,
1193 633 1259 689 ab
1286 630 1613 687 Abrahamo.
1643 630 1774 685 Nam
1824 629 1948 685 hinc
1993 628 2164 683 victo-

580 730 658 785 ria
685 729 949 786 celebrior
971 736 1085 793 est,
1113 726 1161 782 si
1188 725 1310 780 inde
1334 724 1674 794 despicabilis
1700 722 1976 787 videatur,
2025 721 2165 778 unde

580 822 713 892 ipsis
760 819 1079 877 venerabilis
1118 827 1251 873 erat.
1298 817 1631 887 Quamquam
1678 815 1859 871 dicere
1919 822 2160 884 poterat,

580 912 870 984 prophetas
895 911 1108 967 Judaaos
1139 924 1329 965 vocare
1356 908 1793 973 incircumcisos;
1826 923 2011 962 verum
2054 922 2161 961 non

578 1016 663 1063 est
694 1006 795 1061 hoc
823 1004 1244 1060 circumcisionis
1269 1003 1491 1067 vitium,
1525 1002 1618 1057 sed
1668 1018 1851 1057 eorttm
1872 1042 1888 1068 ,
1938 1002 2026 1071 qui
2072 1000 2161 1056 illa

581 1096 721 1151 male
752 1095 1054 1151 utebantur.
1085 1095 1139 1149 Id
1169 1094 1311 1164 quod
1341 1095 1596 1164 qnmritur
1623 1103 1736 1158 est,
1770 1103 1826 1147 ut
1853 1092 2165 1147 ostendatur

578 1186 724 1241 illam
751 1185 806 1241 in
836 1186 1035 1258 optima
1068 1185 1172 1239 vita
1205 1185 1331 1239 nihil
1364 1184 1569 1238 roboris
1589 1182 1784 1238 habere
1816 1164 1956 1237 z'ltoc
1983 1193 2162 1237 autem

578 1277 673 1331 ille
695 1276 946 1347 deinceps
980 1277 1192 1347 probat.
1218 1276 1285 1330 Et
1314 1275 1401 1330 hic
1431 1276 1640 1346 quidem
1672 1274 2026 1344 patriarcham
2055 1291 2160 1329 non

578 1368 951 1433 addueit,sed
1003 1369 1103 1421 alia
1153 1383 1221 1422 ex
1274 1378 1424 1437 parte
1477 1366 1624 1435 prius
1668 1366 1810 1419 illam
1864 1365 2158 1434 dejiciens,

578 1472 762 1531 postea
795 1459 946 1515 illum
975 1460 1258 1523 observat,
1288 1474 1408 1514 cum
1437 1458 1503 1512 de
1531 1457 1634 1513 [ide
1660 1458 1823 1512 verba
1870 1458 1995 1510 facit
2024 1498 2038 1521 ,
2085 1457 2163 1512 sic

579 1551 808 1608 dicens:
845 1551 1110 1618 Quomodo
1138 1552 1291 1621 igitur
1320 1553 1570 1621 imputata
1611 1559 1683 1603 est
1732 1551 1858 1619 ﬁdes
1903 1550 2163 1604 Abrahae?

581 1660 696 1698 cum
725 1653 851 1698 esset
875 1644 927 1697 in
951 1644 1325 1698 circumcisione
1350 1686 1364 1710 ,
1396 1660 1461 1697 an
1490 1659 1607 1695 cum
1650 1652 1778 1697 esset
1818 1643 1871 1695 in
1915 1642 2163 1711 prwputio

580 1734 769 1807 (Rom.
802 1736 855 1791 4.
890 1735 956 1791 10
981 1736 1045 1805 )‘t
1078 1736 1254 1790 Donec
1281 1735 1425 1789 enim
1457 1735 1572 1789 haec
1601 1734 1860 1788 adversus
1906 1734 2160 1803 gentilem

578 1839 634 1885 et
667 1830 1034 1898 praeputiatum
1064 1828 1338 1895 decertat,
1379 1827 1511 1881 nihil
1540 1826 1731 1881 horum
1779 1825 1893 1880 vult
1938 1826 2118 1881 dicere
2140 1866 2157 1892 ,

578 1938 648 1977 ne
675 1921 825 1975 valde
850 1935 1111 1975 onerosus
1139 1919 1209 1974 sit
1242 1938 1254 1973 :
1286 1934 1408 1975 cum
1458 1927 1636 1973 autem
1684 1917 2019 1972 circumcisio
2061 1917 2159 1971 ad-

578 2030 766 2071 versus
794 2013 953 2069 ﬁdem
990 2022 1219 2083 pugnat,
1254 2024 1378 2068 tunc
1405 2023 1591 2069 contra
1643 2012 1786 2065 illam
1837 2010 2154 2080 accingitur.

578 2106 793 2161 Interim
839 2106 1098 2161 adversus
1129 2105 1444 2176 praeputium
1475 2119 1649 2174 pugna
1677 2114 1758 2158 est
1787 2120 1799 2155 :
1832 2112 2158 2173 quapropter

579 2200 761 2254 mitius
786 2198 1045 2270 loquitur,
1075 2207 1131 2253 et
1167 2198 1243 2252 ait
1277 2216 1289 2249 :
1321 2197 1648 2251 Circumcisio
1686 2197 1887 2266 quidem
1916 2197 2152 2267 prodest,

574 2292 619 2346 si
643 2292 802 2361 legem
831 2292 1103 2353 observes;
1127 2292 1173 2345 si
1199 2300 1367 2344 autem
1397 2291 1755 2359 prtL’varicator
1785 2289 1908 2358 legis
1954 2289 2111 2360 fueris
2134 2330 2152 2354 ,

571 2383 885 2437 circumcisio
912 2392 998 2435 tua
1032 2383 1084 2435 in
1114 2382 1415 2451 prazputium
1444 2398 1583 2434 versa
1607 2391 1697 2435 est.
1729 2380 1868 2435 Duas
1897 2380 2039 2434 enim
2069 2379 2154 2436 hic

569 2476 642 2528 ait
675 2475 1112 2530 circumcisiones
1135 2484 1189 2530 et
1214 2474 1321 2529 duo
1349 2475 1635 2546 praeputia,
1665 2486 1723 2529 ut
1747 2483 1801 2531 et
1825 2479 1956 2529 duas
1987 2472 2150 2544 leges.

573 2566 668 2621 Est
695 2567 835 2621 enim
868 2567 951 2622 lex
980 2567 1270 2633 naturalis,
1304 2576 1359 2621 et
1384 2567 1470 2622 lex
1497 2567 1692 2636 scripta
1718 2583 1732 2633 ;
1761 2567 1855 2623 sed
1883 2575 1966 2622 est
1989 2567 2150 2622 etiam

567 2659 742 2714 media
775 2661 914 2715 inter
940 2659 1073 2715 duas
1095 2702 1110 2726 ,
1138 2660 1223 2717 lex
1255 2674 1350 2729 per
1376 2675 1558 2728 Opera.
1602 2658 1671 2712 Et
1718 2657 1836 2714 vide
1883 2658 2150 2729 quomodo

570 2751 667 2806 has
724 2760 836 2806 tres
884 2751 1026 2821 leges
1071 2751 1317 2806 ostendat
1348 2792 1363 2815 ,
1409 2762 1461 2805 et
1511 2752 1563 2805 in
1610 2750 1840 2805 medium
1897 2749 2146 2804 adducat.

568 2844 698 2901 Cum
725 2846 856 2898 enim
877 2855 1067 2917 gentes,
1094 2861 1206 2914 qua:
1226 2845 1383 2917 legem
1405 2862 1504 2899 non
1525 2844 1726 2910 habent,
1745 2844 1931 2915 inquit.
1953 2844 2144 2913 Quam,

566 2952 785 3008 quaeso,
815 2937 1024 3009 legem?
1052 2936 1335 3009 Scriptam.
1372 2936 1694 2992 Naturaliter
1728 2954 1787 2993 ea
1810 2981 1826 3007 ,
1866 2954 1979 3009 qua:
2022 2938 2147 3008 legis

563 3041 682 3086 sunt
723 3032 936 3104 faciunt.
980 3029 1182 3099 Cujus?
1209 3030 1337 3101 Ejus
1363 3073 1378 3097 ,
1407 3048 1526 3102 quae
1553 3047 1647 3101 per
1672 3046 1855 3100 opera.
1889 3018 1959 3084 Ili
1989 3032 2147 3101 legem

562 3144 665 3181 non
700 3125 954 3181 habentes.
987 3125 1197 3194 Quam?
1226 3125 1511 3195 Scriptam.
1548 3125 1659 3180 Sibi
1702 3125 1826 3197 ipsis
1871 3134 1989 3178 sunt
2038 3126 2142 3180 lex.

563 3216 889 3287 Quomodo?
918 3218 1156 3275 Naturali
1184 3218 1413 3288 Iegeusi.
1438 3217 1536 3284 Qui
1562 3218 1830 3285 ostendunt
1851 3232 1977 3287 opus
1997 3216 2142 3287 legis.

566 3310 765 3380 Cujus?
796 3310 924 3380 Ejus
948 3352 963 3375 ,
996 3326 1116 3381 qua:
1148 3325 1244 3379 per
1268 3324 1428 3378 opera
1457 3318 1558 3364 est.
1591 3307 1703 3363 Lex
1737 3307 1906 3362 literis
1949 3307 2144 3376 scripta

563 3404 807 3458 exterior
832 3411 915 3459 est
938 3418 955 3469 ;
984 3403 1099 3457 haec
1124 3411 1300 3457 autem
1335 3402 1556 3457 interior
1579 3442 1593 3465 ,
1633 3417 1753 3470 qum
1782 3417 1875 3470 per
1898 3410 2142 3456 naturam

564 3505 684 3561 est;
707 3496 810 3550 alia
837 3510 967 3551 vero
994 3496 1046 3549 in
1076 3495 1284 3550 actibus
1312 3512 1325 3548 :
1360 3504 1414 3549 et
1435 3494 1580 3548 illam
1612 3494 1826 3564 quidem
1856 3494 2023 3548 litera:
2058 3494 2142 3548 di—

564 3595 743 3652 ctant,
774 3587 931 3641 aliam
963 3597 1173 3652 natura,
1206 3586 1414 3641 tertiam
1442 3594 1609 3641 actus.
1648 3586 1758 3640 llac
1786 3594 1962 3641 autem
1988 3587 2143 3641 tertia

560 3687 645 3734 est
672 3693 807 3750 opus
826 3719 843 3745 ,
873 3688 1088 3750 propter
1114 3694 1273 3748 quam
1300 3680 1417 3733 alia;
1443 3680 1561 3733 dua:
1580 3720 1594 3743 ,
1629 3680 1886 3732 naturalis
1915 3690 1968 3734 et
2020 3679 2143 3734 lite-

564 3774 713 3828 ralis.
748 3773 897 3840 Quod
929 3774 972 3829 si
1012 3774 1127 3829 hare
1173 3790 1280 3830 non
1322 3774 1491 3842 adsit,
1532 3774 1743 3829 illarum
1792 3775 1971 3830 nullus
2016 3790 2145 3831 usus

565 3875 684 3931 est,
717 3864 812 3920 sed
843 3874 1221 3920 nocumentutn
1252 3867 1563 3921 maximum.
1608 3865 1675 3921 Et
1723 3866 1825 3922 hoc
1867 3868 2141 3935 ostendit,

559 3959 629 4015 de
648 3959 874 4014 naturali
890 3958 1105 4031 quidem
1130 3959 1313 4014 dicens
1344 3976 1360 4016 :
1388 3956 1455 4013 In
1474 3974 1573 4030 quo
1592 3961 1725 4013 enim
1732 3960 1940 4029 judices
1961 3960 2141 4028 alium,

562 4050 781 4119 teipsum
800 4050 1146 4115 condemnas;
1171 4048 1239 4104 de
1261 4049 1458 4120 scripta
1485 4064 1635 4116 vero,
1658 4049 1757 4117 Qui
1776 4052 2024 4121 rradicas
2041 4068 2142 4105 non

562 4140 880 4211 furandum,
929 4138 1141 4212 furoris.
1188 4141 1278 4196 Sic
1324 4149 1377 4196 et
1423 4141 1679 4211 praeputia
1717 4140 1826 4196 duo
1855 4160 1868 4197 :
1902 4143 2144 4197 naturale

564 4249 730 4289 unum
756 4275 772 4301 ,
814 4233 1041 4290 alterum
1093 4248 1157 4288 ex
1213 4247 1378 4303 opere
1410 4250 1425 4288 :
1456 4241 1510 4288 et
1549 4232 1884 4288 circumcisio
1937 4248 2041 4289 una
2088 4234 2142 4288 in

565 4339 762 4389 carne,
790 4325 956 4379 altera
987 4338 1017 4377 a
1047 4323 1336 4378 voluntate.
1364 4323 1606 4393 Exempli
1632 4336 1791 4379 causa
1816 4365 1831 4390 ,
1862 4323 2145 4380 circumci-

562 4432 659 4473 sus
681 4418 800 4489 quis
821 4425 905 4473 est
918 4427 1106 4473 octavo
1129 4417 1216 4472 die
1240 4432 1255 4483 ;
1280 4417 1394 4472 haec
1418 4425 1500 4473 est
1522 4419 1750 4474 carnalis
1765 4418 2101 4476 circumcisio
2125 4437 2140 4476 :

560 4520 895 4581 exsequutus
923 4522 1008 4566 est
1036 4511 1156 4582 quis
1181 4509 1369 4582 legalis
1392 4511 1604 4577 omnia;
1634 4511 1747 4567 hace
1784 4521 1867 4569 est
1889 4513 2146 4585 spiritua-

562 4606 631 4663 lis
654 4604 1015 4671 circumcisio,
1043 4619 1202 4676 quam
1228 4604 1459 4660 maxime
1484 4605 1675 4676 qumrit
1702 4604 1897 4662 Paulus
1915 4644 1931 4672 .
1955 4605 2063 4661 imo
2089 4615 2144 4663 et

558 4696 673 4769 ipsa
702 4697 809 4753 lex.

628 4789 684 4845 5.
714 4787 850 4844 Vide
876 4788 1063 4860 igitur,
1092 4797 1154 4846 ut
1181 4789 1345 4845 verbo
1375 4788 1519 4845 illam
1556 4787 1878 4856 concedens,
1909 4804 1969 4845 re
1997 4788 2142 4846 illam

564 4881 859 4937 sustulerit.
890 4880 1007 4937 Non
1028 4881 1172 4937 enim
1189 4882 1342 4947 dixit,
1365 4880 1642 4952 Superllua
1669 4891 1751 4937 est
1780 4881 2137 4950 circumcisio,

562 4971 787 5039 inutilis,
813 4971 1169 5041 infructuosa;
1197 4972 1290 5029 sed
1327 4972 1454 5044 quid
1475 4973 1499 5027 ?
1520 4972 1847 5029 Circumcisio
1886 4974 2019 5027 enim
2039 4974 2142 5028 uti-

562 5063 627 5117 lis
650 5073 744 5131 est,
765 5066 808 5118 si
833 5064 993 5136 legem
1012 5081 1196 5120 serves.
1226 5064 1459 5120 Admisit
1502 5065 1716 5121 interim
1757 5066 1902 5121 illam
1925 5066 2134 5135 dicens,

564 5154 846 5222 conﬁteor,
876 5165 932 5211 et
970 5172 1076 5212 non
1115 5157 1425 5214 contradico
1467 5156 1663 5213 bonam
1703 5173 1823 5213 esse
1858 5157 2140 5213 circumci-

558 5248 801 5314 sionem;
831 5248 925 5303 sed
970 5250 1220 5319 quando?
1266 5251 1400 5306 Cum
1431 5251 1562 5323 legis
1588 5250 2014 5307 observationem
2038 5250 2137 5305 ba-

556 5336 666 5393 bet.
700 5338 762 5394 Si
778 5354 893 5393 vero
934 5341 1288 5408 praevaricator
1314 5343 1438 5413 legis
1468 5343 1646 5414 fueris,
1695 5343 2007 5397 circumcisio
2051 5352 2138 5397 tua

552 5432 860 5505 prteputium
880 5435 1020 5505 facta
1046 5444 1139 5489 est.
1172 5433 1285 5488 Non
1308 5435 1462 5501 dixit,
1488 5436 1600 5490 Non
1644 5437 1779 5491 ultra
1808 5435 2042 5505 prodest,
2068 5450 2136 5491 ne

561 5522 799 5578 videatut
855 5522 1000 5577 illaut
1042 5526 1361 5580 contumelia
1403 5524 1648 5592 afﬁcere;
1693 5526 1787 5581 sed
1811 5526 1898 5579 ubi
1935 5525 2021 5580 illa
2042 5524 2135 5581 Ju-

555 5615 732 5671 daaum
764 5615 1091 5684 denudavit,
1123 5628 1250 5674 tunc
1292 5619 1506 5674 demum
1539 5621 1679 5674 illam
1714 5622 1922 5690 impetit
1951 5620 2133 5692 :quod

553 5719 661 5760 non
685 5706 793 5776 jam
817 5716 901 5763 est
921 5709 1344 5767 circumcisionis
1370 5711 1714 5779 contumelia,
1748 5711 1840 5767 sed
1872 5713 2007 5782 ejus,
2040 5711 2129 5782 qui

550 5794 622 5853 ob
648 5795 909 5868 ignaviam
947 5799 1088 5858 illam
1128 5800 1327 5864 amisit.
1372 5801 1524 5859 Sicut
1572 5802 1730 5875 igitur
1771 5803 1915 5859 viros
1971 5805 2022 5858 in
2047 5804 2125 5859 di-

1330 333 1386 389 s.
1427 328 1703 388 JOANNIS
1740 301 2207 384 cnnvsosrout
2248 314 2568 387 sucinae.
2606 331 3143 393 cousraurmor.
3750 347 3828 401 i3,

2266 444 2560 511 gnitatibus
2594 448 2916 505 constitutos
2941 494 2955 517 ,
2987 451 3185 508 deinde
3235 452 3290 507 in
3317 456 3528 526 magnis
3566 457 3828 516 sceleribus

2268 534 2656 606 deprehensos,
2685 541 2898 610 judices
2942 544 3090 614 prius
3122 546 3306 601 ablato
3330 547 3657 619 dignitatum
3689 550 3826 605 hono-

2266 643 2351 691 re,
2387 638 2512 684 tunc
2537 634 2801 702 supplicio
2826 635 3042 691 tradunt
3071 656 3084 691 :
3117 638 3195 692 sic
3217 646 3271 692 et
3291 638 3491 695 Paulus
3538 640 3686 697 fecit.
3718 643 3824 699 Cum

2266 722 2409 775 enim
2439 721 2692 791 dixisset,
2720 724 2782 780 Si
2804 734 2971 781 autem
3001 731 3365 797 prwvaricator
3394 732 3522 801 legis
3548 734 3724 802 fueris,
3748 740 3821 790 ad-

2265 812 2420 880 didit,
2476 814 2808 874 Circumcisio
2855 829 2944 874 tua
2992 824 3303 893 prwputium
3329 828 3465 894 facta
3492 839 3613 892 est;
3642 839 3694 883 et
3733 847 3827 887 cum

2266 904 2700 963 incircumcisum
2725 912 3072 979 ostendisset,
3101 915 3250 969 illum
3280 917 3397 972 sine
3426 930 3576 973 metu
3610 921 3825 977 danunt.

2264 995 2354 1051 26.
2386 995 2512 1054 Cum
2537 994 2692 1071 igitur
2723 1005 3030 1074 praeputium
3071 1007 3467 1076 justifieationes
3499 1010 3629 1081 legis
3658 1028 3830 1077 servat,

2265 1105 2433 1144 nonne
2479 1094 2793 1161 praeputium
2817 1096 2927 1165 ejus
2949 1096 3001 1151 in
3026 1099 3459 1154 circumcisionem
3500 1110 3832 1161 convertatur?

2268 1178 2400 1234 Vide
2426 1182 2552 1251 quid
2583 1183 2893 1240 faciatznon
2911 1187 3060 1255 dicit,
3093 1189 3236 1258 quod
3267 1194 3592 1262 praeputium
3623 1197 3830 1249 circnm-

2264 1272 2524 1328 cisionem
2553 1275 2763 1341 vincat;
2796 1277 2898 1332 hoc
2922 1280 3065 1334 enim
3090 1281 3243 1335 valde
3273 1283 3563 1337 molestum
3599 1287 3829 1340 auditori.

2265 1365 2364 1419 bus
2388 1375 2565 1431 esset;
2612 1368 2705 1422 sed
2737 1368 2876 1437 quod
2907 1373 3226 1441 prazputium
3271 1374 3622 1433 circumcisio
3660 1378 3830 1433 factum

2263 1460 2351 1514 sit.
2372 1461 2448 1513 Ac
2473 1460 2666 1516 deinde
2691 1463 2901 1532 quaerit,
2922 1464 3047 1534 quid
3080 1466 3151 1519 sit
3179 1466 3545 1535 circumcisio,
3567 1471 3693 1538 quid
3720 1488 3832 1541 prae-

2265 1552 2471 1620 putium
2496 1568 2511 1618 ;
2536 1560 2591 1607 et
2628 1552 2758 1608 dicit
2788 1570 2817 1609 c
2843 1557 3250 1611 tcumcisioncm
3279 1574 3400 1614 esse
3447 1576 3591 1630 opus
3624 1564 3828 1625 bonum.

2264 1654 2319 1698 et
2354 1648 2671 1715 praeputium
2709 1665 2821 1703 rem
2852 1651 3080 1705 malam:
3113 1662 3312 1708 etcum
3344 1655 3494 1725 prius
3531 1658 3584 1711 in
3626 1660 3827 1713 circum-

2262 1738 2517 1794 cisionem
2557 1750 2816 1797 mutasset
2854 1746 3227 1813 praeputiatum
3271 1748 3429 1803 bonis
3471 1753 3730 1821 operibus
3760 1757 3827 1807 in-

2261 1839 2543 1899 structum,
2568 1841 2623 1887 et
2644 1833 3018 1890 circumcisum
3050 1849 3301 1909 corrupte
3324 1843 3601 1897 viventem
3634 1846 3683 1898 in
3707 1863 3825 1916 prat-

2265 1925 2471 1991 putiunt
2519 1925 2971 1995 impulisset:sic
3025 1930 3304 1986 victoriam
3365 1934 3455 1988 dat
3511 1941 3828 2006 pra-putiato.

2259 2013 2368 2069 Nec
2414 2015 2542 2070 dicit
2591 2026 2765 2073 tamen
2797 2058 2811 2082 ,
2844 2017 3205 2089 Przeputiato;
3263 2025 3357 2079 sed
3408 2026 3474 2081 ad
3523 2030 3694 2097 ipsam
3737 2047 3829 2085 rem

2262 2108 2473 2167 transit,
2510 2108 2589 2162 sic
2635 2109 2859 2164 dicens:
2893 2108 3083 2165 Nonne
3131 2117 3443 2185 pra‘putium
3494 2128 3652 2171 tuum
3679 2121 3727 2173 in
3745 2124 3830 2174 cir-

2257 2200 2611 2254 cumcisionem
2660 2204 3022 2257 convertetur?
3093 2203 3208 2259 Non
3253 2206 3403 2271 dicit,
3470 2208 3828 2279 imputabitur,

2259 2292 2375 2357 scd,
2422 2290 2770 2361 Convertetur,
2811 2295 2952 2365 quod
3006 2300 3267 2360 majorem
3315 2301 3625 2369 emphasim
3661 2304 3829 2359 habet:

2257 2383 2394 2440 sicut
2424 2400 2523 2440 nec
2554 2387 2802 2456 superius
2832 2388 2986 2455 dixit,
3018 2390 3369 2445 Circumcisio
3404 2401 3493 2451 tua
3523 2398 3831 2465 pneputiutn

2256 2486 2559 2545 reputatur,
2584 2477 2676 2532 scd
2710 2476 2873 2532 Facta
2900 2491 2992 2534 est.
3022 2481 3113 2535 27.
3148 2481 3215 2535 Et
3232 2485 3491 2555 judicabit
3520 2488 3663 2550 quod
3685 2499 3754 2541 est
3772 2506 3823 2541 ex

2254 2577 2435 2622 natura
2463 2568 2785 2638 pra’putium.
2820 2570 3004 2626 Viden‘
3043 2573 3189 2628 illum
3226 2575 3333 2629 duo
3368 2593 3535 2631 nosse
3563 2581 3827 2648 μητρυιὴ,

2253 2658 2399 2713 aliud
2427 2676 2491 2714 ex
2526 2670 2710 2714 natura
2730 2704 2745 2729 ,
2775 2662 2915 2717 aliud
2947 2680 3012 2718 ex
3054 2666 3362 2721 voluntate?
3390 2668 3490 2721 Hic
3520 2685 3653 2722 vero
3693 2670 3824 2730 illud.

2253 2754 2392 2821 quod
2423 2769 2486 2806 ex
2532 2764 2719 2808 natura
2755 2764 2857 2821 est,
2888 2755 3035 2822 dicit,
3086 2774 3259 2828 neque
3292 2759 3377 2813 hic
3422 2761 3656 2830 gradum
3678 2762 3823 2826 sistit,

2251 2845 2344 2900 sed
2370 2847 2519 2901 addit
2551 2869 2563 2903 :
2594 2847 2776 2918 Legem
2826 2865 3202 2914 consummatis,
3236 2862 3283 2906 te
3305 2854 3391 2919 qui
3434 2871 3526 2923 per
3570 2855 3767 2907 [iterant
3790 2868 3829 2909 et

2250 2939 2678 2994 circumcisionem
2710 2950 3051 3014 transgressor
3089 2962 3140 2998 es
3166 2945 3335 3016 legis?
3383 2946 3519 3000 Vide
3552 2949 3826 3002 subtilissi-

2252 3045 2391 3085 matn
2418 3032 2535 3102 ejus
2566 3033 2925 3102 prudentiam.
2966 3035 3081 3089 Non
3130 3036 3278 3101 dicit,
3335 3039 3660 3108 przeputium
3700 3041 3825 3110 quod

2249 3136 2313 3174 ex
2360 3132 2549 3176 natura
2598 3130 2704 3189 est,
2761 3124 3226 3180 circumcisionem
3273 3127 3641 3197 judicaturum
3684 3146 3826 3195 esse;

2247 3229 2434 3269 verum
2460 3214 2545 3268 υΙιὶ
2592 3216 2813 3271 victoria
2858 3225 2997 3284 erat,
3042 3233 3108 3272 co
3136 3220 3454 3288 praeputium
3502 3222 3825 3283 introducit;

2248 3306 2338 3361 ubi
2365 3321 2493 3362 vero
2530 3307 2786 3373 vincitur,
2820 3324 2926 3364 non
2962 3311 3099 3365 ultra
3139 3310 3615 3370 circumcisionem
3642 3316 3825 3370 victam

2252 3412 2373 3452 csse
2398 3398 2554 3464 dicit,
2577 3398 2671 3453 scd
2704 3400 3078 3455 circumcisum
3114 3401 3379 3469 Judaeum,
3415 3420 3620 3460 cavens
3648 3423 3713 3460 ne
3741 3425 3824 3460 att-

2248 3488 2479 3549 ditorcm
2510 3490 2784 3558 percellat.
2812 3490 2923 3546 Nec
2949 3491 3083 3546 dixit
3113 3511 3126 3547 :
3156 3493 3232 3548 Te
3258 3495 3349 3564 qui
3383 3496 3555 3566 legem
3592 3498 3753 3551 habes
3777 3509 3823 3552 et

2249 3580 2741 3646 circumcisionem,
2790 3582 2884 3637 sed
2928 3583 3102 3638 adhuc
3142 3585 3324 3639 mitius
3354 3603 3369 3641 :
3400 3585 3475 3639 Te.
3496 3589 3583 3656 qui
3606 3607 3695 3658 per
3719 3589 3820 3641 lite-

2248 3688 2361 3725 ram
2385 3684 2428 3725 et
2453 3674 2889 3727 circumcisionem
2940 3686 3280 3746 transgressor
3322 3694 3375 3731 es
3406 3680 3533 3749 legis
3567 3698 3583 3743 ;
3610 3684 3709 3734 hoc
3729 3690 3819 3743 est,

2247 3773 2304 3818 et
2341 3764 2807 3819 circumcisionem
2856 3766 3133 3821 ulciscitur
3178 3767 3282 3822 tale
3309 3770 3671 3841 pra‘putittm;
3713 3787 3823 3824 nam

2249 3856 2337 3911 illa
2364 3856 2490 3910 laesa
2517 3865 2601 3911 est
2630 3873 2643 3910 :
2675 3867 2730 3911 et
2757 3857 3050 3913 auxiliatur
3076 3858 3207 3929 legi;
3256 3860 3658 3915 incommodum
3690 3862 3820 3915 enim

2250 3962 2403 4018 passa
2432 3956 2557 4016 est;
2599 3948 3052 4021 splendidumque
3084 3951 3243 4022 erigit
3286 3960 3571 4022 trepa-um.
3599 3952 3821 4007 Victoria

2246 4043 2391 4097 enim
2422 4050 2546 4097 tunc
2575 4040 2853 4112 splendida
2878 4052 2980 4108 est,
3008 4058 3131 4098 cum
3167 4058 3274 4098 non
3298 4058 3328 4097 a
3362 4044 3553 4100 Jttdazo
3591 4045 3819 4107 Judmus,

2248 4134 2344 4191 sed
2366 4149 2397 4189 a
2428 4135 2750 4205 prazputiato
2795 4134 3062 4202 vincitur;
3107 4144 3166 4190 ut
3192 4150 3315 4191 cum
3335 4137 3412 4192 ait
3444 4155 3458 4192 :
3494 4135 3604 4192 Viri
3629 4138 3822 4193 Ninivi-

2250 4235 2315 4280 ιω
2362 4236 2609 4298 surgent,
2664 4236 2714 4281 et
2764 4226 3173 4282 condemnabunt
3231 4230 3608 4298 generationem
3679 4232 3801 4283 Itane

2252 4317 2465 4387 (Matth.
2518 4317 2606 4373 12.
2629 4318 2743 4389 41).
2770 4317 2954 4390 Itaque
2998 4333 3105 4374 non
3126 4319 3301 4390 legem
3337 4320 3820 4385 inhonorat;ilt:m

2247 4408 2392 4464 enim
2439 4422 2765 4479 magnOpere
2806 4419 3095 4465 veneratur
3148 4428 3164 4466 :
3208 4410 3305 4466 sed
3326 4426 3474 4479 eum,
3520 4413 3613 4483 qui
3660 4414 3820 4483 legem

2246 4503 2572 4558 contumelia
2601 4501 2789 4558 allicit.
2816 4501 3021 4559 Deinde
3065 4512 3348 4575 postquam
3382 4505 3499 4561 base
3536 4506 3684 4561 clare
3704 4523 3821 4576 pw—

2248 4594 2414 4661 bavit,
2439 4594 2668 4651 ﬁdenter
2694 4594 2880 4651 deﬁnit
2926 4595 3054 4666 quid
3080 4596 3151 4650 sit
3177 4594 3439 4663 ludens;
3489 4597 3823 4666 ostenditque

2246 4704 2352 4746 non
2376 4705 2435 4745 se
2454 4688 2699 4745 Judaeum
2722 4704 2820 4745 nec
2836 4689 3321 4758 circumcisionem,
3342 4690 3443 4746 sed
3462 4706 3568 4746 non
3583 4691 3821 4746 Judaeum

2246 4792 2301 4837 et
2327 4781 2757 4837 incircumcisum
2792 4781 3004 4851 ejicere.
3045 4781 3125 4836 Ac
3166 4781 3375 4837 videtur
3417 4782 3637 4853 quidem
3683 4784 3821 4837 illam

2245 4876 2554 4943 defendere,
2573 4874 2668 4932 sed
2688 4874 2806 4946 ejus
2832 4874 3279 4931 existimationem
3306 4874 3486 4939 solvit,
3514 4890 3546 4929 δ
3568 4875 3646 4929 rei
3665 4890 3825 4928 even-

2245 4977 2301 5023 tu
2326 4968 2588 5023 calculum
2610 4966 2810 5023 ferens.
2831 4966 3078 5024 Ostendit
3105 4966 3247 5023 enim
3287 4980 3395 5021 non
3422 4965 3586 5022 modo
3625 4966 3821 5021 nullum

2245 5072 2366 5116 esse
2405 5059 2696 5114 discrimen
2737 5058 2878 5113 inter
2916 5057 3159 5113 Judaeum
3187 5066 3242 5113 et
3289 5057 3666 5128 pmputiatum
3694 5055 3824 5121 ;sed

2243 5151 2403 5207 etiam
2430 5150 2761 5221 superiorem
2778 5164 2901 5206 esse
2927 5150 3296 5219 prtepuliatum
3319 5190 3335 5216 ,
3368 5149 3414 5203 si
3438 5149 3541 5203 sibi
3562 5146 3823 5207 attendat,

2242 5244 2597 5314 eumdemque
2623 5258 2747 5298 vere
2762 5258 2881 5299 esse
2897 5242 3173 5297 Judaeum:
3198 5241 3318 5295 ideo
3339 5241 3413 5295 ait
3429 5240 3533 5295 :28
3563 5238 3825 5293 None-i-

2240 5340 2325 5407 qui
2351 5339 2401 5392 in
2430 5337 2694 5406 manifesto
2714 5378 2728 5403 ,
2755 5336 2970 5391 Juda’us
2995 5345 3089 5401 est,
3112 5351 3201 5390 nec
3211 5350 3325 5405 qua:
3349 5335 3623 5404 manifesto
3644 5335 3697 5385 in
3716 5349 3828 5384 cer-

2242 5449 2325 5498 ne,
2355 5442 2426 5486 est
2452 5430 2785 5484 circumcisio.
2816 5429 2913 5484 Hic
2932 5429 3047 5483 illos
3078 5426 3407 5498 perstringit,
3437 5434 3623 5493 utpote
3644 5425 3732 5495 qui
3758 5423 3825 5476 ad

2239 5525 2647 5581 ostentationem
2664 5523 2840 5577 omnia
2863 5519 3327 5578 facerent.29.Sed
3344 5518 3430 5587 qui
3442 5520 3496 5571 in
3510 5517 3826 5575 abscondito.

2236 5615 2452 5672 Iudaeus
2476 5625 2585 5680 est;
2615 5625 2661 5669 et
2688 5614 3004 5669 circumcisio
3031 5613 3194 5667 cordis
3227 5612 3280 5665 in
3310 5611 3512 5680 spiritu,
3539 5626 3643 5662 non
3658 5609 3824 5660 litera.

2308 5712 2362 5765 4.
2398 5711 2490 5766 llis
2512 5709 2749 5766 excludit
2778 5706 3074 5778 c0rporalia
3103 5706 3301 5760 omnia.
3332 5704 3466 5759 Nam
3489 5700 3829 5756 circumcisio

2181 5795 2185 5798 ’
2241 5820 2292 5860 tn
2319 5802 2604 5859 manifesto
2626 5811 2765 5870 erat,
2796 5816 3005 5857 necnon
3029 5798 3246 5855 sabbata
3268 5839 3284 5866 ,
3306 5795 3591 5858 sacriﬁcia,
3626 5806 3827 5864 purga-
