4064 6296
206 233 323 291 ιτς

205 348 506 419 φρόνητον,
538 344 660 400 605v
687 345 870 407 αὐτοῖς
900 344 1178 417 αἰδέσιμος
1213 340 1299 417 ἧν.
1331 344 1524 400 Καίτοι
1567 359 1629 410 γε
1667 339 1795 410 ἡδύ-

204 450 347 487 varo
370 432 574 499 λέγειν.
613 431 695 483 6::
726 431 820 484 καὶ
850 431 901 482 οί
936 431 1212 500 προφῆται
1250 429 1658 500 ἀπεριτμήτους
1703 441 1797 476 κα-

201 516 399 569 λοῦσιν
455 514 757 576 Ἰουδαίους·
791 513 905 567 ἀλλ’
948 512 1101 565 οΰπω
1148 512 1322 580 τοῦτο⁶
1348 512 1447 583 τῆς
1488 507 1795 581 περιτομῆς

200 599 364 652 ἐστιν
391 597 700 666 ἐλάττωμα,
725 596 861 649 ἀλλά
899 594 1008 648 τῶν
1049 596 1235 659 κακῶς
1261 596 1431 666 αὐτὴν
1476 592 1790 665 μετιόντων.

203 681 285 735 T6
312 682 370 734 δὲ
397 679 751 751 ζητούμενον,
784 679 953 745 δεῖξαι
978 680 1059 733 ὅτι
1086 681 1181 733 καὶ
1207 681 1265 732 ὲν
1290 681 1497 749 ἀρίστῳ
1525 677 1624 747 βίῳ
1647 675 1795 729 οὐδε-

206 766 349 836 μίαν
384 766 540 834 ἰσχὺν
569 764 701 833 ἔχει·
732 762 895 816 τοῦτο
925 763 989 834 δή
1019 765 1415 828 κατασκευάζει
1447 762 1650 816 λοιπόν.
1683 758 1793 813 Καὶ

200 849 450 905 ἐνταῦθα
481 849 579 917 μὲν
610 847 668 900 ού
700 847 934 917 παράγει
964 847 1054 899 τὸν
1089 847 1464 916 πατριάρχην,
1499 845 1632 898 ἀλλὰ
1660 843 1793 913 πρό-

90 920 93 931 λ
198 949 369 1002 τερον
394 932 659 999 ἑτέρωθεν
675 929 844 1000 αὐτὴν
873 928 1323 998 προκαταϐαλὼν,
1348 928 1570 999 ὓστερον
1584 928 1791 979 ἐκεῖνον

196 1018 385 1086 τηρεῖ,
420 1014 548 1067 ὅταν
579 1012 671 1066 τὸν
712 1014 843 1083 περὶ
872 1014 970 1083 τῆς
997 1013 1233 1075 πίστεως
1256 1025 1280 1052 ε
1313 1011 1585 1081 εἰσαγάγῃ
1609 1009 1789 1077 λόγον,

194 1098 351 1152 οὕτω
379 1096 534 1170 [475]
557 1097 731 1165 λέγων
752 1114 766 1129 ·
800 1096 930 1163 Πῶς
960 1092 1072 1151 οὖν
1095 1096 1380 1165 ἐλογίσθη
1407 1095 1445 1160 ἡ
1477 1095 1682 1159 πίστις
1710 1091 1790 1157 τῷ

212 1181 508 1250 Ἂϐραάμ;
546 1180 615 1233 ἐν
656 1178 943 1249 περιτομῇ
991 1179 1137 1245 ὄντι,
1194 1177 1232 1247 ἢ
1272 1178 1343 1230 ἐν
1389 1176 1792 1246 άκροϐι·στί‹,ι;

196 1265 357 1329 Ἕως
410 1265 511 1335 μὲν
553 1264 663 1334 γάρ
703 1264 770 1317 ἂν
804 1265 942 1334 πρὸς
986 1263 1079 1317 τὸν
1124 1262 1337 1316 ὲθνικὸν
1382 1260 1520 1332 αῦτη
1565 1261 1660 1313 καὶ
1699 1259 1791 1313 τὸν

191 1347 549 1419 ἀκρὸϐυστον
591 1346 926 1417 ἀγωνίζηται
948 1387 962 1411 ,
998 1346 1150 1399 οὐδὲν
1182 1345 1431 1415 βούλεται
1467 1343 1673 1397 τούτων
1714 1345 1791 1395 5E-

194 1434 351 1498 πεῖν,
384 1432 474 1485 ἵνα
515 1431 590 1502 μὴ
622 1430 829 1499 σφόδρα
862 1430 1122 1500 φορτικὸς
1257 1428 1385 1481 ὅταν
1414 1428 1471 1481 δὲ
1511 1426 1647 1496 πρὸς
1690 1425 1789 1496 τὴν

194 1514 390 1567 πίστιν
425 1513 803 1583 άπομάχηται,
837 1513 959 1564 τότε
991 1512 1252 1583 μειζόνως
1282 1511 1418 1581 πρὸς
1455 1510 1623 1579 αὐτὴν
1650 1509 1787 1561 ἀπο-

191 1598 414 1652 δύεται.
450 1597 603 1659 Τέως
638 1597 823 1667 μέντοι
852 1596 988 1666 πρὸς
1017 1596 1116 1665 τὴν
1143 1594 1510 1666 ἀκροϐυστίαν
1538 1595 1570 1664 ή
1615 1593 1784 1664 μάχη·

189 1683 279 1735 διὸ
307 1684 405 1736 καὶ
431 1680 741 1750 ὑφειμένως
772 1680 1005 1751 προάγει
1033 1679 1122 1732 τὸν
1151 1678 1327 1747 λόγον,
1363 1678 1455 1732 καί
1488 1693 1641 1748 φησι·
1675 1680 1787 1729 Πε-

184 1763 413 1835 ριτομὴ
431 1764 549 1833 μὲν
571 1762 680 1833 γὰρ
708 1763 946 1832 ὠφελεῖ,
981 1763 1089 1816 ἐὰν
1118 1765 1403 1830 πράσσῃς
1440 1761 1549 1814 τὸν
1577 1761 1784 1830 νόμον·

186 1850 309 1903 ἐὰν
354 1848 426 1901 δὲ
472 1846 819 1916 παραϐάτης
868 1848 1056 1915 νόμου
1102 1841 1204 1917 ᾖς,
1248 1847 1285 1914 ἠ
1344 1844 1626 1914 περιτομή
1669 1860 1787 1899 σου

187 1932 572 2001 ἀκροϐυστία
606 1928 835 2001 γέγονε,
874 1930 978 1982 Δύο
1004 1928 1114 2000 γὰρ
1147 1928 1380 1982 ἐνταῦθα
1420 1929 1787 2000 ἀκροϐυστίας

189 2019 296 2072 καὶ
330 2016 428 2069 δύο
461 2018 767 2089 περιτομάς
809 2034 1005 2087 φησιν,
1055 2016 1242 2088 ὥσπερ
1286 2019 1381 2070 καὶ
1425 2017 1519 2070 δύο
1564 2017 1783 2087 νόμους.

191 2104 364 2156 Ἐστι
409 2101 520 2173 γάρ
567 2102 730 2171 νόμος
771 2102 799 2154 6
843 2101 1096 2170 φυσικὸς,
1142 2102 1237 2154 καὶ
1275 2101 1420 2154 ἔστιν
1448 2103 1476 2154 6
1518 2101 1782 2171 γραπτός·

186 2187 337 2241 ἀλλὰ
368 2188 463 2241 καὶ
488 2188 648 2256 μέσος
679 2184 884 2240 τούτων
916 2187 945 2239 ὁ
973 2184 1061 2238 διὰ
1092 2185 1197 2238 τῶν
1227 2183 1426 2255 ἔργων.
1454 2186 1564 2238 Καὶ
1594 2184 1789 2238 σκόπει

188 2269 321 2333 πῶς
354 2270 483 2333 τοὺς
512 2272 663 2339 τρεῖς
688 2269 907 2332 τούτους
932 2267 1192 2330 δείκνυσι,
1225 2269 1318 2320 καὶ
1342 2270 1422 2330 εἰς
1452 2267 1616 2338 μέσον
1638 2268 1781 2334 ἀγει.

187 2355 392 2409 Ὅταν
417 2352 529 2424 γὰρ
551 2354 696 2420 ἔθνη
724 2353 797 2405 τὰ
820 2352 907 2421 μὴ
946 2352 1136 2422 νόμον
1168 2351 1388 2419 ἔχοντα
1407 2391 1424 2416 ,
1447 2351 1601 2422 φησί.
1628 2354 1785 2405 Ποῖον

184 2438 259 2509 δὴ
294 2439 483 2508 νόμον,
515 2437 637 2489 εἰπέ
667 2453 759 2506 μοι
782 2452 797 2500 ;
823 2436 928 2488 Τὸν
954 2436 1225 2506 γραπτόν.
1251 2437 1437 2489 Φύσει
1458 2436 1529 2489 τὰ
1553 2434 1660 2489 τοῦ
1687 2436 1786 2487 νό-

178 2538 315 2590 μου
348 2518 517 2587 ποιῇ.
545 2519 744 2585 Ποίου;
775 2518 883 2571 Τοῦ
912 2518 999 2571 6:6
1025 2518 1133 2572 τῶν
1164 2519 1361 2589 ἔργων.
1394 2513 1570 2576 Οὗτοι
1597 2520 1788 2587 νόμον

178 2604 279 2675 μὴ
306 2605 579 2673 ἔχοντες.
612 2604 770 2656 Ποῖον
793 2620 807 2669 ;
833 2602 936 2655 Τὸν
959 2602 1224 2673 γραπτόν.
1261 2602 1532 2668 Ἐαυτοῖς
1554 2604 1673 2655 εἱσι
1693 2602 1786 2655 νόο

176 2703 331 2759 μσς.
366 2688 524 2753 Πῶ;;
557 2686 648 2757 Τῷ
683 2686 897 2757 φυσικῷ
932 2688 1282 2759 κεχρημένοι.
1322 2688 1554 2752 Οἷτινες
1591 2685 1784 2739 ἐνδεί-

181 2789 454 2829 κνυνται
488 2771 556 2827 τὸ
588 2771 769 2842 ἔργον
801 2772 905 2826 τοῦ
937 2772 1147 2840 νόμου.
1180 2770 1380 2835 Ποίου;
1410 2770 1516 2823 Τοῦ
1548 2771 1637 2824 διὰ
1674 2770 1784 2823 τῶν

182 2854 476 2928 ⁸πράξεων.
534 2856 771 2919 Ἐκεῖνος
819 2856 916 2925 μὲν
948 2854 1057 2925 γάρ
1094 2852 1199 2919 ἔξω
1245 2858 1422 2907 κεῖται
1466 2854 1495 2906 6
1538 2853 1627 2906 6:6
1674 2852 1783 2906 τῶν

183 2939 570 3011 γραμμάτων,
606 2933 761 3002 οὗτος
783 2938 838 2989 δὲ
866 2938 1014 2990 ἔνδον
1036 2939 1064 2991 6
1090 2938 1178 2991 διά
1205 2938 1304 3006 τῆς
1334 2936 1570 3005 φύσεως,
1595 2938 1623 2988 6
1647 2936 1703 2987 δὲ
1724 2936 1785 2988 ὲν

180 3027 319 3087 ταῖς
340 3022 575 3094 πράξεσι
597 3038 613 3055 ·
642 3024 735 3076 καὶ
766 3022 856 3075 τὸν
888 3022 987 3092 μὲν
1011 3022 1079 3075 :6
1102 3021 1409 3093 γράμματα
1431 3019 1780 3089 ὑπαγορεύει,

179 3108 289 3162 τὸν
313 3107 375 3161 δὲ
400 3109 433 3177 ή
465 3106 648 3175 φύσις,
676 3105 767 3158 τὸν
791 3105 846 3158 δὲ
874 3106 931 3157 αἰ
956 3106 1203 3175 πράξεις.
1234 3103 1435 3156 Τούτου
1466 3103 1529 3174 δὴ
1558 3103 1651 3156 τοῦ
1674 3102 1784 3173 τρί-

178 3210 289 3245 του
308 3191 491 3261 χρεία,
525 3190 592 3243 δι’
621 3190 679 3243 δν
712 3190 807 3245 καὶ
832 3191 1031 3243 ἐκεῖνοι
1057 3192 1106 3243 οἰ
1135 3189 1246 3253 δύο,
1271 3189 1299 3241 6
1327 3206 1384 3241 :5
1410 3188 1517 3242 61:6
1548 3188 1647 3258 τῆς
1681 3187 1783 3257 φύ-

183 3292 361 3338 σεως,
391 3275 420 3328 ὅ
439 3291 496 3327 τε
518 3274 628 3327 61:6
654 3273 762 3326 τῶν
798 3274 1143 3344 γραμμάτων
1164 3289 1177 3303 ·
1200 3272 1301 3325 κᾶν
1322 3266 1474 3334 οὗτος
1500 3272 1574 3341 μὴ
1605 3275 1777 3342 παρῇ,

178 3358 349 3414 οὐδὲν
369 3357 561 3426 ὄφελος
581 3356 831 3421 ἐκείνων,
858 3356 995 3410 ἀλλά
1018 3356 1111 3409 καὶ
1138 3355 1335 3426 βλάϐος
1362 3357 1637 3426 μέγιστον.
1672 3356 1781 3409 Καὶ

178 3441 359 3495 τοῦτο
393 3441 668 3495 δείκνυσιν
711 3441 803 3494 ἐπὶ
831 3439 925 3493 τοῦ
963 3437 1191 3510 φυσικοῦ
1232 3440 1329 3509 μὲν
1360 3438 1555 3506 λέγων·
1606 3439 1701 3491 Ἐν
1731 3431 1780 3505 ᾧ

181 3527 307 3597 γὰρ
330 3526 554 3595 κρίνεις
585 3526 693 3579 τὸν
713 3524 939 3593 ἕτερον,
968 3524 1232 3580 σεαυτὸν
1259 3524 1660 3591 κατακρίνεις·
1686 3525 1779 3577 ἐπὶ

180 3610 253 3664 δὲ
288 3610 388 3663 τοῦ
426 3606 673 3682 γραπτοῦ
698 3624 714 3640 ·
766 3609 826 3662 '0
849 3608 1177 3676 κηρύσσων
1200 3606 1286 3676 μὴ
1316 3606 1619 3671 κλέπτειν,
1645 3606 1781 3661 κλέ-

181 3710 388 3763 πτεις
412 3691 566 3747 Οῦτω
595 3692 692 3745 καὶ
720 3691 1077 3763 ἀκροϐυστίαι
1098 3690 1212 3753 δύο,
1247 3690 1346 3760 μία
1377 3690 1476 3760 μὲν
1494 3692 1528 3760 ή
1553 3690 1775 3761 φυσικὴ,

180 3779 427 3848 δευτέρα
456 3776 512 3830 δὲ
540 3776 573 3846 ἡ
601 3775 708 3829 61:6
743 3775 1017 3847 πράξεως·
1050 3776 1145 3828 καὶ
1173 3774 1445 3845 περιτομὴ
1482 3773 1580 3845 μία
1617 3774 1716 3845 μὲν
1741 3777 1776 3845 ή

180 3864 252 3915 ὲν
286 3863 357 3932 τῇ
408 3859 594 3930 σαρκὶ,
639 3858 867 3929 δευτέρα
902 3857 1017 3929 δὲή
1064 3857 1175 3910 61:6
1213 3856 1610 3928 προαιρέσεως.
1652 3853 1777 3912 Οίόν

180 3962 245 3998 τι
268 3943 451 4012 ’λέγον
482 3941 837 4013 Περιετμήθη
865 3958 948 4005 τις
977 3940 1341 4011 ὀκταήμερος·
1370 3939 1509 4013 αὕτη
1535 3942 1777 4014 σαρκικὴ

183 4026 495 4098 περιτομή.
511 4024 759 4095 Ἐπραξέ
783 4041 867 4087 τις
894 4025 964 4078 :6
994 4024 1202 4093 νόμιμα
1227 4023 1463 4077 ἅπαντα·
1495 4023 1635 4093 αῦτη
1660 4024 1777 4079 δια-

182 4112 344 4173 νοίας
370 4106 665 4179 περιτομὴ,
697 4108 764 4179 ἢν
801 4107 1039 4178 μάλιστα
1065 4107 1094 4159 6
1116 4106 1327 4172 Παῦλος
1367 4107 1542 4179 ζητεῖ,
1576 4108 1777 4179 μᾶλλον

181 4193 247 4251 δὲ
274 4193 371 4246 καὶ
392 4192 421 4244 6
445 4192 632 4261 νόμος.
1002 4248 1007 4253 ,

262 4281 337 4344 τ’.
380 4274 524 4345 Ὅρα
557 4273 738 4328 τοίνυν
768 4271 886 4336 πῶς
921 4273 1283 4345 συγχωρήσας
1310 4272 1479 4345 αὐτὴν
1508 4271 1586 4344 τῷ
1609 4274 1772 4347 λόγῳ,

182 4357 411 4417 καθεῖλε
440 4356 519 4427 τῷ
546 4356 851 4428 πράγματι.
883 4355 957 4410 Οὐ
987 4358 1097 4427 γὰρ
1131 4352 1273 4421 εἰπε,
1308 4356 1568 4427 Περιττὸν
1596 4360 1629 4429 ή
1677 4374 1776 4412 πε-

185 4441 414 4515 ριτομὴ,
441 4442 700 4513 ἀνόνητον
747 4442 782 4511 ή
816 4441 1109 4513 περιτομὴ,
1147 4440 1448 4511 ἄχρηστον·
1504 4439 1640 4495 ἀλλά
1686 4441 1775 4510 τί;

182 4525 483 4595 Περιτομὴ
516 4524 636 4596 μὲν
672 4526 783 4595 γὰρ
814 4524 1049 4594 ὠφελεῖ,
1090 4523 1196 4577 ἐὰν
1246 4524 1435 4593 νόμον
1465 4524 1771 4593 πράσσῃς.

182 4610 534 4674 Κατεδέξατο
553 4608 724 4679 αὐτὴν
748 4607 885 4672 τέως
912 4607 1107 4677 λέγων·
1124 4606 1525 4677 Ὁμολογεῖ),καί
1556 4610 1657 4663 οὑκ
1684 4612 1775 4662 ἀν-

182 4694 408 4762 τιλέγω,
434 4694 515 4747 ὅτι
541 4693 681 4763 καλὴ
708 4695 743 4763 ή
782 4691 1083 4762 περιτομή·
1116 4690 1253 4744 ἀλλά
1277 4691 1407 4744 πότε
1434 4708 1449 4757 ;
1484 4691 1652 4744 Ὅταν
1678 4693 1773 4746 καὶ

179 4783 289 4849 τὴν
316 4777 411 4830 τοῦ
437 4776 602 4847 νόμου
632 4774 876 4845 φυλακὴν
902 4774 1022 4847 ἔχῃ.
1060 4775 1194 4827 Ἐὰν
1211 4773 1280 4827 δὲ
1311 4774 1653 4842 παραϐάτης
1673 4775 1774 4829 νό-

175 4880 307 4933 μου
352 4855 449 4933 ᾖς,
489 4861 528 4929 ἠ
580 4857 864 4927 περιτομή
915 4872 1032 4911 σου
1081 4857 1447 4925 ἀκροϐυστία
1504 4858 1769 4927 γέγονεν.

182 4947 305 5000 Ούκ
330 4941 502 4999 εἶπεν·
540 4942 739 4996 Ούκέτι
758 4941 975 5010 ὠφελεῖ·
1012 4940 1101 4995 ἵνα
1139 4941 1214 5012 μὴ
1246 4940 1371 5011 δόξῃ
1397 4941 1566 5011 αὐτὴν
1617 4942 1771 5012 ὑϐρί-

182 5033 305 5095 ζειν
324 5044 339 5059 ·
379 5026 517 5081 άλλά
545 5024 840 5097 γυμνώσας
869 5024 1039 5096 αὐτῆς
1057 5024 1148 5078 τὸν
1172 5025 1444 5087 Ἰουδαῖον,
1464 5025 1587 5078 τότε
1610 5027 1771 5081 αὑτὸν

185 5112 375 5182 βάλλει
394 5111 603 5164 λοιπόν.
643 5110 821 5181 Ὅπερ
840 5107 1037 5162 οὐκέτι
1054 5108 1153 5179 τῆς
1184 5108 1485 5179 περιτομῆς
1503 5104 1572 5180 ἦν
1590 5110 1766 5181 ὕϐρις,

180 5195 324 5251 ἀλλά
340 5194 435 5249 τοῦ
455 5194 545 5247 διά
567 5192 666 5262 τῆς
695 5192 965 5264 ῥᾳθυμίας
984 5191 1154 5262 αὐτὴν
1170 5192 1767 5264 ἀπολέσαντος.Ὥσπερ

181 5277 279 5334 οὖν
305 5281 434 5343 τοὺς
485 5280 544 5331 έν
569 5277 875 5348 ἀξιώμασιν
908 5276 1088 5341 ὄντας,
1114 5273 1233 5330 εἶτα
1262 5277 1649 5345 ἁλισκομένους
1678 5280 1769 5332 ἐπὶ

186 5370 469 5439 μεγίστοις
517 5365 874 5435 ἐγκλήμασιν,
907 5366 956 5417 οί
984 5364 1292 5429 δικάζοντες
1322 5365 1643 5434 ἀφελόμενοι
1668 5366 1769 5436 τῆς

180 5456 291 5507 τῶν
322 5450 652 5517 ἀξιωμάτων
702 5449 889 5519 τιμῆς,
924 5449 1045 5502 τότε
1097 5450 1446 5513 κολάζουσιν·
1494 5451 1633 5504 οὕτω
1675 5454 1769 5505 καὶ

182 5535 395 5597 Πιῦλος
428 5533 706 5601 ἐποίησεν.
741 5531 924 5585 Εἰπὼν
961 5534 1089 5604 γὰρ,
1133 5534 1267 5587 Ἐὰν
1308 5534 1376 5586 δὲ
1424 5534 1768 5603 παραϐάτης

181 5620 370 5692 νόμου
396 5614 491 5688 ᾗς,
526 5618 822 5689 ἐπήγαγεν·
857 5616 925 5670 ’11
943 5616 1225 5685 περιτομή
1254 5632 1372 5671 σου
1404 5618 1768 5686 ἀκροϐυστιά

182 5705 391 5773 γέγονε
409 5720 423 5733 ·
462 5702 555 5754 καί.
576 5700 751 5765 δείξας
772 5699 875 5752 ἀπε
885 5700 1166 5770 ρίτμητον,
1207 5701 1558 5767 καταδικάζει
1581 5702 1766 5756 λοιπὸν

180 5788 374 5851 ἀδεῶς.
410 5784 590 5838 Ὅταν
635 5779 748 5837 οὖν
784 5785 818 5851 ἡ
849 5783 1219 5851 ἀκροϐυστιά
1276 5785 1354 5843 τὰ
1405 5786 1763 5858 δικαιώματα

241 5903 268 5939 ⁸
288 5901 410 5959 Alii.
438 5900 516 5949 τὸν
544 5906 626 5959 τῆς
648 5898 871 5959 πίστεως,

1325 228 1389 285 ΙΝ
1432 228 1653 290 EPIS’I,
1694 221 1787 279 Ᾰυ
1818 232 1980 283 hUM.
2010 231 2242 286 HOMIL.
2288 232 2375 290 Vl.

1902 340 2006 396 τοῦ
2022 346 2207 413 νόμου
2221 348 2516 419 φυλάττῃ,
2529 352 2667 421 οὐχί
2685 352 2833 426 [476]
2848 356 2885 424 ἠ
2900 355 3264 424 ἀκροϐυστία
3283 361 3470 417 αὐτοῦ

1898 427 1986 513 εἰς
2013 435 2338 513 περιτομὴν
2365 438 2862 503 περιτραπήσεται
2896 440 2960 500 b;
3010 442 3150 513 ’Ὀρα
3191 444 3244 497 τί
3288 450 3464 499 ποιεῖ·

1902 509 1988 599 ΟΞ)⁵
2016 509 2192 599 λέγει,
2246 514 2387 599 ὃτιγή
2438 517 2771 599 ἀκροϐυστία
2817 524 2916 593 τὴν
2972 509 3272 597 περιτομὴν
3306 531 3465 599 νικᾷ·

1897 590 2056 645 τοῦτο
2094 594 2201 666 γὰρ
2230 598 2434 669 σφόδρα
2480 596 2548 669 ἦν
2583 604 2818 672 ἐπαχθὲς
2855 590 2967 668 τοῖς
2996 590 3117 661 τάτε
3145 590 3466 667 ἀκούουσιν·

1897 675 2035 767 ἀλλ’Δ
2056 680 2136 731 6::
2262 683 2595 754 ἀκροϐυστία
2625 689 2894 760 περιτομὴ
2923 690 3132 758 γέγονε.
3178 695 3287 748 Kal
3316 695 3471 767 ζητεῖ

1895 757 2078 813 λοιπὸν
2114 762 2166 814 τί
2197 764 2312 817 ἐστι
2336 769 2627 839 περιτομὴ,
2654 757 2745 823 καὶ
2771 773 2822 824 τί
2850 757 3182 843 ἀκροϐυστία
3202 792 3214 804 ·
3263 757 3472 832 καῖ’λέ-

1894 859 2000 930 γει,
2031 846 2111 899 6::
2150 852 2421 922 περιτομὴ
2452 853 2651 923 πρᾶξίς
2694 857 2841 908 ἐστιν
2880 858 3078 928 ἀγαθὴ,
3115 861 3267 930 καὶὴ
3304 862 3472 929 61:90-

1894 924 2089 1015 ϐυστία
2127 931 2323 1001 πρᾶξις
2373 937 2618 1005 πονηρά·
2678 924 3069 1011 καὶπρότερον
3125 924 3470 1015 μεταστήσας

1893 1012 1973 1073 εἰς
1995 1011 2094 1097 τήν
2125 1032 2187 1067 πε
2197 1017 2420 1089 ριτομὴν
2441 1018 2532 1071 τὸν
2562 1020 2897 1089 ἀκρόϐυστον
2918 1024 3008 1075 τὸν
3030 1025 3255 1094 πράξεις
3278 1011 3472 1097 ἔχοντα.

1895 1095 2157 1179 χρηστὰς,
2187 1100 2279 1151 καὶ
2310 1100 2401 1152 τὸν
2439 1103 2810 1173 ἐμπερίτομον
2857 1104 2950 1158 τὸν
2994 1106 3053 1157 ὲν
3095 1095 3471 1179 διεφθαρμένῳ

2031 1179 2111 1241 εἰς
2138 1179 2236 1251 τήν
2265 1182 2632 1252 ἀκροϐυστίαν
2657 1186 2958 1256 ὲξωθήσας,
2993 1189 3135 1241 οὕτω
3176 1174 3469 1262 τὴντνίκην

1891 1260 2074 1345 δίδωσι
2096 1264 2172 1334 τῷ
2196 1266 2536 1339 ἀκροϐύστῳ.
2578 1272 2686 1323 Kal
2717 1271 2777 1323 ού
2800 1270 2968 1339 λέγει,
3001 1273 3090 1342 Τῷ
3118 1260 3466 1345 ἀκροϐύστορ.

1891 1343 2004 1395 ἀλλ’
2030 1346 2122 1398 ἐπὶ
2148 1348 2208 1399 τὸ
2242 1351 2474 1420 πρᾶγμα
2510 1352 2754 1421 μέτεισιν
2787 1354 2930 1407 οὓτω
2968 1353 3144 1423 λέγων
3162 1371 3175 1383 ·
3201 1343 3208 1344 ί
3233 1357 3378 1425 Οὐχὶ
3417 1343 3467 1424 -ἠ

1891 1427 2257 1494 ἀκροϐυστία
2281 1446 2398 1487 σου
2424 1436 2511 1496 εἰς
2558 1436 2885 1504 περιτομὴν
2917 1438 3429 1505 μετατραπήσεται
3448 1456 3469 1502 ,-

1893 1510 2001 1562 Kal
2042 1512 2140 1564 οὐκ
2183 1509 2323 1577 εἶπε,
2375 1517 2798 1586 Λογισθήσεται,
2851 1518 3005 1583 ἀλλὰ,
3075 1520 3465 1587 Τραπήσεται,

1891 1590 2027 1673 ὅπερ
2062 1594 2541 1669 ἐμφαντικώτερον
2572 1596 2674 1668 ἦν·
2717 1600 2906 1673 ὥσπερ
2951 1603 3043 1654 καὶ
3072 1602 3325 1673 ἀνωτέρω
3370 1602 3471 1656 οὐκ

1891 1668 2061 1738 εἶπεν,
2097 1676 2159 1728 'H
2186 1668 2457 1751 περιτομή
2500 1699 2590 1735 σου
2623 1668 2959 1753 ἀκροϐυστία
2983 1668 3279 1748 λογίζεται,
3310 1684 3468 1749 ἀλλὰ,

1889 1755 2132 1823 Γέγονε.
2194 1762 2303 1814 Καὶ
2345 1764 2537 1831 κρινεῖ
2585 1767 2623 1834 ἡ
2672 1768 2739 1820 ἐκ
2794 1769 3033 1837 φύσεως
3078 1770 3465 1836 ἀκροϐυστία.

1902 1838 2083 1913 Ὁρᾷς,
2098 1842 2180 1895 6::
2200 1844 2292 1899 δύο
2307 1842 2447 1899 οἶδεν
2466 1848 2854 1918 ἀκροϐυστίας,
2873 1852 2972 1922 τὴν
3008 1852 3107 1922 μὲν
3135 1854 3204 1905 ἐκ
3232 1852 3465 1920 φύσεως,

1888 1923 1986 1993 τὴν
1997 1924 2053 1976 δὲ
2067 1926 2129 1976 ὲκ
2151 1931 2545 1999 προαιρέσεως;
2565 1932 2829 1986 Ἐνταῦθα
2848 1935 3029 2003 μέντοι
3042 1936 3142 2005 τὴν
3162 1937 3227 1987 ὲκ
3253 1935 3467 2005 φύσεως

1889 2005 2055 2073 λέγει.
2074 2009 2300 2082 ἀλλὀὐχ
2322 2013 2532 2067 ἵσταται
2558 2016 2717 2086 μέχρι
2745 2017 3322 2088 τούτου,ἀλλ’ὲπάγει·
3357 2022 3469 2074 Τὸν

1887 2095 2078 2159 νόμον
2104 2093 2370 2149 τελοῦσά
2422 2113 2493 2150 σε
2514 2099 2648 2158 ὲτὸν
2675 2100 2771 2155 διὰ
2812 2102 3150 2172 γράμματος
3184 2104 3283 2157 καὶ
3306 2119 3467 2173 περι-

1888 2174 2073 2243 τομῆς
2095 2176 2444 2247 παραϐάτην
2469 2183 2655 2251 νόμου
2669 2199 2689 2247 ;
2711 2184 2852 2253 Ὀρκ
2882 2186 2975 2257 τὴν
3004 2187 3342 2257 λεπτοτάτην
3367 2189 3464 2240 αύ-

1887 2257 1983 2310 τοῦ
2014 2259 2248 2314 σύνεσιν.
2281 2262 2396 2315 Οὐκ
2424 2258 2601 2328 εἶπεν,
2633 2266 2768 2339 ὅτιή
2806 2270 2868 2319 ἐκ
2898 2269 3108 2337 φύσεως
3131 2270 3467 2339 ἀκροϐυστία

1887 2341 1984 2427 τὴν
2006 2344 2305 2427 περιτομὴν
2339 2351 2532 2417 κρινεῖ,
2564 2349 2719 2415 ἀλλὰ,
2745 2338 2871 2407 ἔνθα
2903 2355 3001 2420 μὲν
3030 2355 3060 2423 ἡ
3087 2338 3217 2424 νίκη
3245 2373 3333 2425 ην,
3366 2357 3465 2427 τὴν

1887 2425 2254 2495 ἀκροϐυστίαν
2287 2432 2527 2501 εἰσάγει·
2561 2433 2691 2487 ἔνθα
2718 2435 2774 2488 δὲ
2814 2438 2846 2504 ή
2867 2431 3006 2508 ἧττα
3037 2433 3124 2506 ἦν,
3156 2440 3338 2490 οὐκέτι
3367 2425 3467 2509 τήν

1888 2513 2191 2582 περιτομὴν
2239 2514 2510 2569 δείκνυσιν
2560 2520 2900 2589 ἡττωμένην,
2954 2521 3088 2573 ἁ).λά
3147 2522 3238 2574 τὸν
3293 2523 3465 2592 αὐτὴν

1888 2591 2077 2663 ἔχοντα
2110 2596 2374 2663 Ἰουδαῖον,
2407 2601 2721 2671 φειδόμενος
2756 2604 2844 2658 διά
2878 2596 2993 2656 τῶν
3018 2606 3278 2676 ῥημάτων
3322 2591 3465 2677 πλῆ-

1889 2676 1974 2742 ξαι
1993 2680 2083 2733 τὸν
2112 2681 2410 2754 ἀκροατήν.
2440 2686 2547 2738 Kal
2577 2687 2676 2739 οὐκ
2702 2682 2843 2752 εἷπε,
2879 2689 2944 2741 Σὲ
2975 2690 3065 2741 τὸν
3091 2690 3252 2759 νόμον
3274 2676 3467 2761 ἔχοντα

1886 2764 1981 2816 καὶ
2027 2765 2346 2838 περιτομὴν,
2390 2768 2504 2821 ἀλλ’
2561 2768 2642 2821 ἔτι
2686 2769 3060 2841 ἡμερώτερον,
3098 2774 3177 2825 Σὲ
3227 2773 3333 2827 τὸν
3368 2773 3467 2828 διὰ

1886 2846 2223 2917 γράμματος
2300 2851 2399 2904 καί
2462 2853 2786 2927 περιτομῆς
2838 2855 3187 2923 παραϐάτην
3235 2860 3423 2927 νόμου
3449 2876 3462 2889 ·

1883 2933 2149 3015 τουτέστι,
2206 2934 2301 2986 καὶ
2328 2934 2528 3004 ἀμύνει
2578 2940 2643 3008 τῇ
2677 2943 2945 3010 περιτομῇ
2977 2942 3009 3011 ἡ
3043 2940 3266 3012 τοιαύτη
3297 2946 3467 3015 ἀκρο-

1886 3012 2101 3081 ϐυστία,
2130 3018 2387 3091 ἠδίκηται
2412 3022 2552 3093 γάρ·
2580 3024 2676 3075 καί
2712 3021 2898 3094 βοηθεῖ
2925 3024 3003 3095 τῷ
3036 3026 3206 3096 νόμῳ,
3231 3012 3465 3099 ἐπηρέα-

1887 3117 2008 3185 σται
2042 3103 2181 3173 γάρ·
2221 3104 2316 3156 καὶ
2360 3107 2660 3175 περιφανὲς
2701 3107 2884 3176 ἵστησι
2911 3110 3195 3179 τρόπαιον.
3239 3111 3303 3164 Ἢ
3355 3112 3463 3185 γάρ

1884 3182 2008 3252 νίκη
2043 3184 2163 3237 τότε
2215 3186 2339 3240 ’ἐστὶ
2390 3187 2640 3260 λαμπρὰ,
2675 3190 2804 3243 ὅταν
2850 3190 2925 3262 μὴ
2954 3193 3105 3262 παρὰ
3136 3192 3391 3248 Ἰουδαίου
3433 3182 3466 3249 6

1896 3267 2164 3332 Ἰουδαῖος,
2190 3269 2327 3323 ἀλλά
2358 3271 2510 3342 παρὰ
2552 3272 2893 3343 ἀκροϐύστου
2945 3275 3224 3346 κρίνηται·
3274 3276 3463 3350 ὥσπερ

1882 3348 2009 3403 ὅταν
2050 3350 2182 3423 λέγῃ
2208 3367 2221 3382 ·
2267 3353 2517 3421 ’Ἄνδρες
2557 3356 2858 3411 Νινευῗται
2889 3357 3333 3427 ἐγερθήσονται,
3361 3348 3463 3415 και

1883 3437 2310 3504 κατακρινοῦσι
2348 3437 2463 3508 τὴν
2506 3441 2720 3509 γενεὰν
2751 3442 2996 3509 ταύτην.
3033 3443 3241 3496 Οὐκοῦν
3271 3445 3331 3497 οὐ
3370 3446 3463 3499 τὸν

1882 3517 2044 3587 νόμον
2086 3519 2373 3591 ἀτιμάζει·
2422 3524 2627 3595 σφόδρα
2672 3524 2781 3596 γὰρ
2834 3526 2993 3579 αὑτὸν
3028 3526 3290 3581 αἰδεῖται·
3325 3529 3462 3583 ἀλλά

1881 3599 1971 3651 τον
1999 3601 2080 3664 εἰς
2111 3601 2201 3655 τὸν
2233 3604 2397 3675 νόμον
2436 3605 2747 3677 ὑϐρίζοντα.
2802 3604 2937 3661 Εἶτα
2969 3610 3058 3663 ὅτε
3088 3611 3460 3666 κατεσκεύασε

1880 3682 2053 3738 ταῦτα
2082 3686 2292 3754 σαφῶς,
2324 3688 2545 3760 θαρρῶν
2577 3690 2764 3743 λοιπὸν
2801 3692 3038 3761 ὁρίζεται
3067 3693 3120 3744 τί
3150 3695 3281 3747 ποτέ
3310 3698 3460 3749 ἐστιν

1880 3768 1909 3820 ὁ
1933 3768 2203 3837 Ἰουδαῖος,
2223 3772 2317 3825 καὶ
2340 3772 2633 3838 δείκνυσιν,
2667 3775 2748 3826 ὃτι
2770 3774 2889 3845 ούχί
2918 3776 3009 3829 τὸν
3043 3775 3291 3830 Ἰουδαῖον
3336 3781 3456 3833 οὐδὲ

1881 3849 1977 3921 τὴν
2003 3854 2327 3924 περιτομὴν,
2356 3854 2493 3908 ἀλλὰ
2531 3856 2624 3909 τὸν
2660 3856 2782 3926 ούχί
2811 3857 3059 3910 Ἰουδαῖον
3090 3861 3180 3911 καὶ
3205 3860 3296 3914 τὸν
3328 3862 3457 3914 61:5-

1884 3936 2146 4007 ρίτμητον
2181 3937 2455 3992 ἐκϐάλλει.
2514 3938 2625 3993 Kal
2652 3938 2800 3992 δοκεί
2848 3940 2945 4011 μὲν
3006 3941 3235 4013 ἀμύνειν
3292 3945 3453 4016 αὐτῇ,

1880 4018 2140 4073 καταλύει
2178 4021 2235 4074 δὲ
2280 4021 2447 4092 αὑτῆς
2489 4021 2588 4094 τὴν
2616 4021 2902 4094 ὑπόληψιν,
2937 4024 3045 4078 61:6
3074 4024 3167 4078 τοῦ
3219 4028 3455 4099 συμϐαί-

1879 4120 2060 4168 νοντος
2078 4100 2213 4173 ἔχων
2240 4104 2339 4169 τὰς
2359 4104 2593 4176 ψήφους.
2623 4105 2872 4161 Δείκνυσι
2895 4107 3002 4178 γὰρ
3028 4109 3089 4162 οὐ
3116 4108 3276 4180 μόνον
3303 4112 3453 4165 οὐδὲν

1882 4187 2049 4256 μέσον
2083 4186 2336 4241 Ἰουδαίου
2364 4189 2459 4241 καὶ
2489 4187 2851 4259 ἀκροϐύστου,
2883 4190 3021 4244 ἀλλὰ
3046 4192 3141 4245 καὶ
3181 4193 3454 4261 ἀνώτερον

1876 4270 2009 4324 ὄντα
2028 4269 2118 4324 τὸν
2146 4270 2499 4343 ἀκρόϐυστον,
2534 4271 2629 4324 ἐὰν
2661 4272 2838 4344 ὲαυτῷ
2884 4275 3148 4347 προσέχῃ,
3200 4278 3295 4331 καὶ
3324 4279 3451 4333 τοῦ-

1876 4370 1966 4406 τον
1992 4353 2119 4406 ὄντα
2149 4352 2391 4424 ἀκριϐῶς
2408 4354 2499 4408 τδν
2528 4356 2779 4409 Ἰουδαῖον
2799 4373 2812 4387 ·
2843 4357 2923 4410 διό
2949 4375 3114 4429 φησι·
3167 4362 3250 4416 Οὐ
3280 4362 3389 4432 γὰρ
3417 4366 3451 4418 ὁ

1875 4436 1944 4490 ἐν
1981 4435 2060 4501 τῷ
2079 4434 2313 4506 φανερῷ
2328 4437 2603 4504 Ἰουδαῖός
2627 4437 2815 4505 ἐστιν,
2855 4441 2996 4494 οὐδὲ
3020 4442 3058 4511 ὴ
3084 4441 3155 4496 ἐν
3179 4442 3259 4508 τῷ
3273 4461 3451 4513 φανε-

1868 4516 1976 4587 ρῷ,
2001 4518 2071 4571 ἐν
2096 4519 2297 4586 σαρκὶ,
2322 4518 2629 4589 περιτομή.
2665 4520 2930 4576 Ἐνταῦθα
2960 4524 3159 4587 αὐτοὺς
3194 4523 3448 4596 πλήττει,

1874 4601 1951 4665 ὡς
1987 4601 2122 4673 πρὸς
2160 4601 2415 4669 ἐπίδειξιν
2456 4602 2671 4657 ἅπαντα
2706 4605 3063 4677 πράττοντας,
3107 4607 3269 4660 Ἀλλ’
3315 4610 3348 4660 ὀ
3379 4607 3450 4661 ἐν

1873 4681 1955 4748 τῷ
1993 4683 2232 4751 κρυπτῷ
2264 4684 2561 4752 Ἰουδαῖος,
2592 4687 2691 4741 καί
2738 4688 3024 4757 περιτομὴ
3086 4688 3335 4756 καρδίας
3378 4690 3450 4744 ἐν

1874 4768 2184 4837 πνεύματι,
2213 4770 2285 4822 οὐ
2315 4768 2626 4839 γράμματι.

1941 4853 2002 4906 6'.
2046 4852 2215 4906 Τοῦτο
2241 4852 2299 4906 δὲ
2331 4854 2522 4921 εἰπὼν,
2555 4853 2773 4919 ἐξέϐαλε
2794 4853 2861 4907 τὰ
2886 4855 3172 4925 σωματικὰ
3207 4854 3443 4912 ἅπαντα.

1877 4937 1987 4989 Kal
2006 4936 2113 5007 γὰρ
2129 4939 2161 5008 ή
2179 4954 2244 4989 πε
2253 4936 2448 5009 ριτομὴ
2470 4939 2527 4991 ὲν
2542 4938 2618 5007 τῷ
2637 4936 2875 5007 φανερῷ,
2897 4939 2988 4990 καί
3004 4937 3071 4991 τὰ
3088 4936 3334 4993 σάϐϐατα
3351 4941 3445 4994 καὶ

1874 5021 1929 5073 αἱ
1960 5019 2137 5073 θυσίαι
2161 5022 2255 5074 καὶ
2299 5022 2348 5073 οἰ
2386 5020 2748 5091 καθαρισμοί·
2779 5019 2929 5093 [477]
2962 5021 3103 5093 61:59
3132 5021 3345 5076 ἅπαντα
3374 5023 3442 5076 δι’

1874 5103 1989 5166 ἑνὸς
2013 5103 2232 5175 ᾐνίξατο
2259 5105 2500 5174 ῥήματος
2528 5101 2714 5164 εἰπὼν,
2755 5105 2837 5158 Οὐ
2865 5105 2973 5173 γὰρ
2997 5105 3066 5157 ἐν
3091 5104 3170 5172 τῷ
3207 5107 3444 5177 φανερῷ

1886 5186 2159 5254 Ἰουδαῖός
2202 5186 2390 5241 ἐστιν.
2428 5187 2565 5241 Ἀλλ’
2595 5187 2781 5257 ἐπειδὴ
2815 5188 2913 5259 τῆς
2944 5194 3245 5262 περιτομῆς
3277 5192 3442 5256 πολὺς

1870 5266 1937 5345 ἦν
1964 5274 1990 5325 6
2020 5271 2173 5339 λόγος
2194 5311 2208 5335 ,
2236 5273 2368 5325 ὅπου
2397 5289 2459 5339 γε
2490 5274 2585 5325 καὶ
2625 5274 2686 5325 :6
2717 5271 2990 5327 Σάϐϐατον
3020 5274 3155 5345 αὐτῇ
3185 5274 3443 5346 παρεχώ-

1873 5373 1976 5426 ρει,
2022 5355 2245 5418 εἰκότως
2291 5355 2359 5407 τά
2418 5356 2638 5410 πλείονα
2693 5356 2826 5426 πρὸς
2876 5357 3044 5426 αὐτὴν
3073 5358 3437 5415 ἀποτείνεται.

1871 5437 2055 5490 Εἰπὼν
2080 5437 2159 5502 δὲ,
2192 5439 2288 5491 Ἐν
2321 5439 2629 5507 πνεύματι,
2664 5440 3006 5509 προοδοποιεῖ
3027 5439 3211 5493 λοιπὸν
3243 5444 3312 5511 τῇ
3340 5442 3440 5512 τῆς

1883 5521 2205 5589 Ἐκκλησίας
2256 5521 2517 5591 πολιτείᾳ,
2570 5523 2661 5574 καὶ
2698 5522 2794 5593 τὴν
2830 5524 3010 5576 πίστιν
3060 5524 3302 5590 εἰσάγει·
3344 5523 3439 5576 καὶ

1870 5605 1977 5673 γὰρ
2009 5603 2147 5676 αῦτη
2183 5607 2239 5657 ἐν
2276 5605 2470 5675 καρδίᾳ
2518 5606 2610 5658 καὶ
2646 5606 2916 5674 πνεύματι
2954 5604 3046 5659 τὸν
3085 5604 3304 5658 ἔπαινον
3332 5605 3439 5658 ἀπὸ

1869 5687 1963 5741 τοῦ
1988 5687 2122 5741 Θεοῦ
2148 5687 2280 5758 ἔχει.
2316 5690 2424 5741 Kal
2454 5687 2542 5741 6:6
2566 5690 2617 5741 τί
2647 5689 2722 5760 μὴ
2747 5689 2965 5755 ἔδειξεν,
2991 5689 3072 5743 6::
3104 5690 3132 5743 6
3159 5687 3439 5759 κατορθῶν

1931 5835 1964 5903 δ’
1991 5835 2150 5903 Unus,
2182 5837 2616 5903 :Lsiarp_a1:r",qs:a:,
2637 5842 2697 5903 ‘PL
2734 5834 2951 5903 sip‘infra
2995 5836 3195 5901 legitur.
3225 5835 3278 5887 In
3308 5836 3430 5887 edit.

1880 5896 2206 5960 Epistolarum
2244 5896 2383 5947 Pam:
2404 5898 2615 5947 habetur
2637 5898 2991 5958 λογισθήσεται.
