4064 6296
596 238 705 296 457

597 354 799 425 Ἕλλην
826 352 1085 407 Ἰουδαίου
1144 353 1540 424 κατορθοῦντος
1573 356 1674 409 οὐκ
1723 357 1872 410 ἐστιν
1906 356 2148 410 ἐλάττων
2168 397 2184 419 ,

597 439 714 494 ἀλλ’
751 439 833 492 ὅτι
886 436 1167 509 κατορθῶν
1212 437 1413 508 Ἕλλην
1448 439 1698 492 Ἰουδαίου
1753 440 2185 510 παραϐαίνοντος

597 523 863 595 κρείττων
888 521 1069 585 ἐστίν;
1112 522 1207 573 ’Ὶν’
1246 522 1616 592 ἀναμφίϐολον
1644 527 1844 595 ποιήσῃ
1874 524 1972 595 τὴν
2001 525 2177 594 νίκην.

597 607 802 661 Τούτου
828 607 937 678 γάρ
967 605 1412 677 ὁμολογηθέντος,
1445 607 1502 673 ἐξ
1549 608 1853 679 ἀνάγκηςή
1903 608 2179 679 περιτομὴ

596 691 700 762 τῆς
729 690 929 761 σαρκδς
960 688 1307 752 ἐκϐάλλεται,
1336 691 1431 744 καὶ
1453 690 1748 754 δείκνυται,
1780 692 1862 745 ὅτι
1906 689 2180 761 πανταχοῦ

598 775 716 846 βίον
763 772 935 843 χρεία.
991 772 1161 826 Ὅταν
1190 772 1299 843 γὰρ
1347 774 1375 825 6
1410 773 1508 843 μὲν
1546 775 1746 844 Ἕλλην
1774 776 1942 846 χωρὶς
1976 775 2181 829 τούτων

599 856 861 926 σώζηται,
918 857 948 909 6
1003 854 1061 907 δὲ
1103 854 1359 919 Ἰουδαῖος
1402 856 1541 927 μετά
1595 857 1801 911 τούτων
1861 858 2178 928 κολάζηται,

596 942 826 1011 ἕστηκεν
877 938 1063 1009 ἀργῶν
1094 942 1123 993 6
1160 940 1516 1011 Ἰουδαϊσμός.
1552 940 1794 1006 Ἕλληνα
1820 942 1877 995 δὲ
1914 941 2075 995 πάλιν
2116 943 2177 994 ού

594 1025 689 1079 τὸν
739 1022 1155 1095 είδωλολάτρην,
1198 1023 1336 1077 ἀλλά
1382 1024 1477 1077 τὸν
1536 1024 1767 1095 θεοσεϐῆ
1827 1026 1922 1078 καὶ
1988 1026 2181 1095 ἐνάρε-

594 1126 687 1164 τον
712 1110 806 1162 καὶ
840 1106 950 1161 τῶν
1008 1107 1251 1178 νομικῶν
1287 1110 1728 1181 παρατηρήσεων
1759 1109 2180 1179 ἀπηλλαγμένον

596 1193 755 1264 φησί.
788 1194 849 1248 Τί
872 1187 987 1247 οὖν
1014 1192 1082 1247 τὸ
1118 1192 1419 1261 περισσὸν
1448 1192 1555 1246 τοῦ
1585 1193 1911 1256 Ἰουδαίου;
1958 1192 2177 1264 Ἐπειδὴ

596 1278 775 1332 πάντα
827 1275 1071 1341 ἐξέϐαλε,
1102 1276 1201 1346 τὴν
1234 1276 1521 1347 ἀκρόασιν,
1562 1276 1661 1346 τὴν
1712 1275 2083 1343 διδασκαλίαν,
2117 1276 2180 1329 τὸ

594 1365 766 1434 ὄνομα
793 1361 888 1415 τοῦ
917 1359 1197 1423 Ἰουδαίου,
1226 1360 1326 1431 τὴν
1356 1360 1681 1431 περιτομὴν,
1710 1361 1780 1413 τά
1807 1360 1942 1414 ἀλλα
1974 1362 2175 1428 πάντα,

595 1449 685 1503 διὰ
710 1447 803 1501 τοῦ
838 1446 1038 1513 λέγειν,
1062 1446 1143 1497 ὅτι
1186 1445 1248 1498 '0
1270 1445 1341 1497 ἐν
1371 1444 1451 1510 τῷ
1480 1443 1715 1513 φανερῷ
1750 1444 2038 1511 Ἰουδαῖος
2066 1447 2179 1499 οὐκ

596 1533 788 1594 ἐστιν,
819 1530 959 1583 ἀλλ’
983 1531 1015 1582 ό
1045 1529 1114 1581 ἐν
1143 1525 1224 1593 τῷ
1270 1526 1532 1595 κρυπτῷ,
1564 1530 1665 1599 ὁρᾷ
1696 1527 1882 1581 λοιπὸν
1906 1529 2182 1583 ἀντίθεσιν

597 1614 1011 1668 ἀνακύπτουσαν
1034 1628 1047 1642 ο
1088 1612 1181 1665 καὶ
1208 1611 1343 1683 πρὸς
1371 1612 1540 1682 αὐτὴν
1564 1611 1799 1665 ἵσταται.
1830 1610 1923 1675 Τίς
1953 1611 2009 1664 δέ
2032 1613 2181 1665 ἐστιν

598 1701 632 1770 ή
667 1697 974 1762 ἀντίθεσις;
1022 1696 1083 1748 Et
1129 1695 1316 1765 μηδὲν,
1351 1695 1537 1765 φησὶν,
1562 1694 1767 1763 ὠφελεῖ
1798 1695 1991 1758 ταῦτα,
2036 1696 2183 1761 τίνος

598 1784 783 1837 ἕνεκεν
828 1780 925 1835 καὶ
984 1778 1186 1849 ἐκλήθη
1234 1778 1295 1832 τὸ
1342 1778 1515 1843 ἔθνος,
1551 1781 1646 1833 καὶ
1680 1779 1951 1850 περιτομὴ
1985 1779 2178 1851 ὲδόθης

598 1869 664 1922 Τί
696 1864 789 1921 οῦν
818 1866 982 1929 ποιεῖ,
1020 1864 1114 1917 καὶ
1153 1862 1271 1925 πῶς
1300 1863 1470 1931 αὐτὴν
1498 1862 1650 1929 λύει;
1685 1862 1765 1915 Δι’
1794 1856 1870 1916 ὢν
1895 1862 2053 1916 ἔλυσε
2086 1864 2183 1917 καὶ

598 1954 667 2007 τά
695 1949 975 2021 ἀνωτέρω.
1014 1948 1225 2017 Ὠσπερ
1253 1947 1362 2019 γὰρ
1388 1949 1503 2000 ἐκεῖ
1533 1948 1595 2001 ού
1627 1946 1698 2000 τὰ
1725 1945 1977 2017 ἐγκώμια
2004 1946 2183 2000 αὐτῶν

598 2034 774 2099 εἶπεν,
808 2034 944 2088 ἀλλά
970 2032 1063 2086 τοῦ
1092 2031 1226 2084 Θεοῦ
1260 2032 1361 2094 τὰς
1400 2030 1742 2102 εὐεργεσίας,
1794 2030 1856 2083 ού
1902 2031 1972 2083 τά
2002 2031 2184 2087 αὐτῶν

600 2117 1031 2190 κατορθώματα⁹
1086 2114 1150 2167 τὸ
1201 2114 1310 2185 γὰρ
1360 2114 1614 2167 Ἰουδαῖον
1661 2114 2048 2185 ὀνομάζεσθαι,
2087 2114 2183 2168 καὶ

598 2203 889 2275 γινώσκειν
912 2201 972 2253 τὸ
994 2198 1228 2271 θέλημα,
1264 2199 1358 2252 καὶ
1382 2196 1697 2269 δοκιμάζειν
1731 2198 1801 2253 τά
1834 2198 2180 2269 διαφέροντα,

598 2289 699 2343 οὐκ
722 2285 901 2341 αὐτῶν
924 2280 992 2355 ἦν
1027 2282 1382 2354 κατόρθωμα,
1423 2281 1561 2334 ἀλλά
1592 2280 1694 2351 τῆς
1730 2281 1827 2334 τοῦ
1859 2280 1994 2335 Θεοῦ
2027 2282 2186 2353 χάρι-

596 2391 717 2439 τος·
752 2373 891 2443 ὅπερ
922 2370 1017 2423 καὶ
1042 2367 1317 2431 ὀνειδίζων
1350 2367 1535 2429 αὐτοῖς
1558 2367 1587 2419 6
1617 2367 1908 2437 προφήτης
1956 2365 2142 2435 ελεγεν
2166 2380 2183 2397 ο

601 2461 725 2514 Οὐκ
774 2455 1067 2521 ἐποίησεν
1099 2452 1252 2505 οὓτω
1295 2451 1475 2503 παντί
1501 2450 1682 2515 ἔθνει,
1704 2452 1802 2503 καὶ
1829 2451 1901 2505 τὰ
1934 2451 2188 2519 κρίματα

597 2540 786 2597 αὑτοῦ
811 2541 922 2593 οὐκ
951 2534 1263 2601 ἐδήλωσεν
1291 2533 1497 2599 αὐτοῖς
1519 2549 1534 2564 ’
1561 2533 1655 2587 καὶ
1678 2536 1705 2586 6
1732 2532 1973 2602 Μωῦσῆς
1999 2534 2184 2597 πάλιν,

610 2622 1000 2695 Ἐρωτήσατε,
1045 2620 1095 2671 εί
1127 2617 1335 2686 γέγονε
1365 2617 1516 2669 κατὰ
1547 2616 1614 2668 τὸ
1644 2614 1807 2684 ρἦα
1846 2616 2042 2681 τοῦτο,
2078 2634 2185 2687 φη..

598 2709 709 2772 σὶν,
756 2709 809 2760 εί
845 2703 1118 2772 ἤκουσεν
1175 2700 1351 2765 ἔθνος
1390 2698 1600 2768 φωνὴν
1654 2699 1802 2752 Θεοῦ
1855 2697 2070 2765 ζῶντος
2118 2699 2187 2753 ἐκ

593 2791 791 2863 μέσου
819 2786 926 2841 τοῦ
950 2784 1163 2854 πυρὸς,
1187 2783 1286 2838 καί
1312 2779 1487 2849 ἔζησε
1506 2799 1521 2813 ο
1561 2780 1719 2835 τοῦτο
1745 2781 1810 2852 δὴ
1838 2782 1931 2835 καὶ
1951 2781 2187 2835 ἐνταῦθα

600 2876 767 2932 ποιεί.
802 2873 1013 2940 Ὠσπερ
1041 2868 1175 2939 γὰρ,
1225 2868 1314 2921 ὅτε
1345 2867 1497 2936 ἔλεγε
1550 2868 1678 2938 περὶ
1718 2866 1819 2937 τῆς
1862 2868 2183 2939 περιτομῆς,

599 2962 706 3014 οὐκ
752 2952 930 3017 εἷπεν,
960 2954 1044 3007 ὅτι
1093 2952 1160 3005 Ἦ
1184 2951 1241 3004 δὲ
1276 2950 1548 3021 περιτομή
1581 2950 1735 3003 οὐδὲν
1762 2949 1964 3020 ὠφελεῖ
2018 2950 2189 3022 χωρὶς

600 3043 741 3108 βίου,
774 3038 937 3104 ἀλλά,
966 3035 1244 3106 Περιτομὴ
1273 3034 1474 3105 ὠφελεῖ
1506 3033 1645 3105 μετὰ
1673 3033 1809 3104 βίου,
1833 3033 1895 3086 τὸ
1921 3034 2055 3087 αὐτὸ
2089 3034 2189 3103 μὲν

598 3124 799 3196 δηλῶν,
826 3117 1175 3193 ἡμερώτερον
1200 3118 1257 3172 δέ
1276 3134 1290 3150 ο
1347 3118 1441 3171 καὶ
1471 3116 1655 3179 πάλιν,
1724 3116 1867 3170 Ἐὰν
1894 3115 1962 3169 δὲ
2001 3132 2190 3186 παρα-

600 3212 785 3277 σὰτης
802 3208 994 3276 νόμου
1012 3198 1109 3275 ᾗς,
1136 3203 1237 3255 οὐκ
1263 3197 1437 3265 εἶπεν,
1463 3201 1629 3254 Οὐδὲν
1652 3200 1837 3272 ὠφελῇ
1866 3202 1929 3253 σὺ
1952 3202 1980 3253 6
2011 3202 2188 3271 ἐμπε-

602 3294 844 3367 ρίτομος,
862 3288 1002 3355 ἀλλ’,
1020 3288 1083 3342 Ἠ
1105 3285 1388 3355 περιτομή
1416 3302 1533 3349 σου
1557 3283 1925 3352 ἀκροϐυστία
1956 3282 2186 3352 γέγονε·

599 3375 696 3430 καὶ
723 3373 841 3446 μετ’
872 3370 1129 3426 ἐκεῖνοδέ
1170 3370 1353 3432 πάλιν,
1409 3368 1631 3437 Κρινεῖ,
1691 3368 1879 3436 φησὶν,
1932 3368 1970 3435 ἠ
2021 3368 2192 3437 ἀκρο-

601 3458 819 3514 θυστία
845 3454 980 3525 οὐχί
1026 3452 1141 3522 τὴν
1175 3450 1525 3521 περιτομὴν,
1560 3451 1723 3505 ἀλλὰ
1761 3450 1838 3504 σὲ
1870 3450 1979 3503 τὸν
2003 3466 2191 3519 παρα-

600 3541 789 3609 ϐάτην
816 3539 1025 3607 νόμου,
1076 3535 1187 3589 τῶν
1216 3536 1317 3608 μὲν
1350 3535 1598 3605 νομίμων
1631 3534 1964 3604 φειδόμενος,
1982 3536 2109 3599 τοὺς
2133 3535 2191 3589 δὲ

599 3623 921 3696 ἀνθρώπους
952 3619 1161 3692 βάλλων
1183 3634 1197 3649 ·
1237 3617 1381 3672 οῦτω
1410 3618 1506 3674 καὶ
1545 3618 1781 3671 ἐνταῦθα
1811 3620 1975 3671 ποιεῖ.
2016 3619 2189 3672 Ἀντι-

600 3708 716 3772 θεὶς
742 3706 852 3778 γὰρ
876 3703 1054 3775 ἐαυτῷ
1090 3701 1272 3767 τοῦτο,
1306 3701 1402 3756 καὶ
1435 3700 1627 3766 είπὼν,
1666 3703 1726 3755 Τί
1754 3696 1956 3756 οὖντὸ
1992 3718 2195 3772 περισ-

599 3791 719 3846 σὸν
752 3788 861 3844 τοῦ
888 3786 1186 3845 Ἰουδαίου
1210 3802 1230 3852 ;
1262 3785 1363 3839 οὐκ
1400 3782 1574 3851 εἶπεν,
1595 3786 1676 3839 ὅτι
1701 3784 1888 3851 υὺδέν,
1911 3784 2050 3839 ἀλλά
2070 3803 2193 3839 συν-

602 3876 808 3947 έδραμε
840 3874 920 3945 τῷ
947 3874 1115 3943 λόγῳ,
1156 3872 1253 3925 καὶ
1289 3870 1375 3924 διά
1401 3869 1512 3923 τῶν
1546 3869 1671 3939 ἑξῆς
1717 3870 1881 3924 πάλιν
1928 3870 2062 3923 αὐτὸ
2102 3872 2193 3924 ἀν-

600 3960 734 4024 εῖλε,
788 3959 885 4013 καὶ
933 3955 1101 4021 ἔδειξε
1146 3955 1242 4009 καὶ
1272 3953 1666 4023 κολαζομένους
1700 3955 1811 4007 ἀπὸ
1857 3953 2063 4023 ταύτης
2091 3954 2192 4024 τῆς

600 4041 913 4115 προεδρίας.
956 4040 1067 4093 Kal
1089 4038 1236 4103 πῶςς
1275 4037 1417 4105 Ἐγὼ
1450 4035 1614 4105 λέγω,
1646 4034 1745 4107 τὴν
1787 4036 2061 4089 ἀντίθεσιν
2110 4039 2192 4101 είς

602 4125 768 4198 μέσον
799 4122 1043 4191 ἀγαγών.
1081 4120 1149 4175 Τί
1174 4116 1290 4175 οὖν
1313 4120 1381 4172 τὸ
1421 4120 1716 4185 περισσὸν
1738 4120 1845 4173 τοῦ
1872 4120 2188 4187 Ἰουδαίου,

601 4208 787 4279 φησὶν,
834 4205 874 4275 ἢ
928 4206 1019 4271 τίς
1072 4204 1111 4271 ἡ
1146 4199 1404 4271 ὠφέλεια
1449 4200 1561 4269 τῆς
1605 4201 1969 4273 περιτομῆς;
2027 4204 2191 4259 Πολὺ

602 4302 756 4357 κατὰ
786 4300 983 4355 πάντα
1014 4300 1255 4370 τρόπον.
1290 4297 1531 4365 Πρῶτον
1563 4299 1698 4367 μὲν,
1728 4298 1815 4352 ὅτι
1840 4300 2193 4369 ἐπιστεύοη-

602 4402 726 4442 σαν
745 4386 819 4440 τὰ
834 4385 1009 4456 λόγια
1026 4383 1134 4437 τοῦ
1156 4382 1325 4437 Θεοῦ.
1350 4377 1522 4445 Εἶδες,
1542 4381 1678 4451 ὅπερ
1701 4382 1869 4454 ἔφθην
1890 4382 2080 4448 εἰπὼν,
2101 4385 2193 4438 οὺ-

601 4468 775 4540 δαμοῦ
793 4469 861 4523 τά
878 4466 1270 4539 κοτορθώματα
1288 4464 1487 4530 αὐτῶν,
1505 4463 1642 4517 ἀλλά
1661 4468 1753 4517 τοῦ
1771 4465 1905 4519 Θεοῦ
1920 4466 2019 4530 τὰς
2039 4467 2193 4538 εύερ-

606 4554 797 4624 γεσίας
819 4548 1258 4625 ἀπαριθμοῦντας
1291 4548 1358 4600 Τί
1383 4546 1440 4601 δέ
1467 4548 1636 4611 ἐστιν,
1671 4549 2154 4616 Ἐπιστεύθησαν
2171 4566 2190 4615 ;

604 4639 729 4693 Ὀτι
773 4636 926 4691 αὐτοὶ
967 4631 1414 4705 ἐνεχειρίσθησαν
1455 4630 1548 4685 τὸν
1586 4631 1770 4703 νόμον,
1811 4633 1891 4687 ὅτι
1932 4633 2189 4688 τοσούτου

604 4719 761 4795 [nsi
799 4720 987 4787 ἀξίους
1013 4716 1151 4772 εἶναι
1186 4715 1454 4786 ἐνόμιζεν,
1482 4715 1558 4779 ὡς
1588 4717 1874 4771 πιστεῦσαι
1908 4718 2191 4788 χρησμοὺς

602 4807 785 4870 αὐτοῖς
807 4803 1013 4861 ἀνωθεν
1036 4800 1476 4871 κατενεχθέντας.
1511 4800 1620 4853 Kal
1645 4796 1764 4853 οῖδα
1792 4801 1908 4871 μὲν,
1940 4802 2022 4854 ὅτι
2045 4801 2191 4865 τινές

601 4888 1205 4956 τδ,⁹Επιστεύθησαν,
1228 4886 1327 4938 οὐκ
1352 4883 1445 4936 ἐπὶ
1476 4882 1586 4935 τῶν
1621 4882 1892 4935 Ἰουδαίων
1914 4883 2188 4952 λέγουσιν,

601 4973 719 5032 ἀλλ’
742 4975 834 5027 ἐπὶ
856 4971 962 5027 τῶν
980 4968 1503 5040 λογίων,τουτέστιν,
1526 4966 1609 5018 ὅτι
1636 4964 1929 5037 ἐπιστεύθη
1950 4968 1978 5019 6
2001 4967 2185 5037 νόμος·

601 5056 742 5117 ἀλλά
786 5057 847 5111 τδ
888 5056 1016 5127 ἐξῆς
1056 5055 1157 5109 οὐκ
1202 5051 1398 5123 ἀφίησι
1418 5048 1575 5104 τοῦτο
1599 5047 1933 5119 νομίζεσθαι.
1967 5052 2191 5123 Πρῶτον

607 5140 709 5213 μὶν
745 5138 855 5209 γάρ
886 5134 1207 5208 κατηγορῶν
1233 5134 1414 5188 αὐτῶν
1453 5132 1627 5186 ταῦτα
1658 5131 1827 5201 λέγει,
1859 5132 1951 5187 καὶ
1978 5134 2189 5200 δεικνὺς

605 5220 809 5292 πολλῆς
835 5221 936 5293 μὲν
960 5218 1169 5273 ἀνωθεν
1191 5216 1606 5281 ἀπολαύσαντας
1629 5217 1967 5286 εὐεργεσίας,
1991 5218 2191 5291 πολλὴν

604 5304 663 5361 δέ
690 5302 1129 5374 ἐπιδειξαμένους
1156 5300 1567 5371 ἀγνωμοσύνην.
1610 5300 1843 5353 Ἔπειτα
1872 5300 1928 5353 δὲ
1978 5303 2073 5355 καὶ
2122 5302 2191 5355 τὰ

606 5388 735 5459 ἑξῆς
754 5385 910 5441 τοῦτο
931 5383 1111 5455 δηλοῖο
1150 5385 1394 5455 ἐπήγαγε
1425 5384 1565 5454 γάρ·
1609 5383 1671 5436 Τί
1700 5382 1830 5452 γὰρ,
1855 5385 1907 5437 ει
1931 5384 2191 5453 malum-

605 5474 732 5528 σάν
756 5485 952 5537 τινες;
994 5470 1057 5524 Εἰ
1092 5468 1149 5523 δὲ
1174 5468 1504 5539 ἠπίστησαν,
1536 5466 1675 5530 πῶς,
1703 5467 1851 5531 τινές
1896 5484 2080 5536 φασιν,
2109 5470 2189 5526 ὅτι

605 5553 1005 5624 ἐπιστεύθησαν
1034 5551 1104 5606 τά
1134 5551 1328 5621 λόγια;
1386 5549 1452 5602 Τί
1486 5544 1579 5604 οῦν
1604 5568 1805 5622 φησιν;
1837 5552 1961 5605 Ὀτι
1995 5553 2023 5607 6
2059 5553 2191 5619 Θεὸς

608 5640 793 5703 αὐτοῖς
815 5635 989 5691 ταῦτα
1019 5635 1364 5694 ἐπίστευσεν.
1407 5633 1507 5703 οὺχ
1548 5633 1631 5685 ὅτι
1677 5636 1832 5689 αὐτοὶ
1864 5638 1977 5700 τοῖς
2006 5636 2188 5708 λόγοις

607 5720 965 5777 ἐπίστευσανο
1007 5718 1130 5771 ἐπεὶ
1158 5716 1275 5778 πῶς
1302 5716 1412 5785 ἔχει
1436 5715 1594 5784 λόγον
1630 5716 1690 5770 τὸ
1724 5718 1883 5787 ἐξῆς;
1930 5721 2025 5773 καὶ¹
2082 5723 2191 5792 γάρ

615 5804 886 5874 ἐπήγαγε·
915 5804 977 5857 Τί
995 5801 1131 5870 τὰρ,
1157 5801 1211 5852 εί
1246 5797 1597 5866 ἠπίστησάν
1624 5817 1813 5868 τινες;
1864 5804 1975 5857 Καὶ
2002 5806 2063 5858 τὸ
2095 5824 2191 5874 με-

612 5886 681 5949 τά
710 5884 869 5940 τοῦτο
906 5884 965 5940 δέ
1011 5882 1073 5937 τὸ
1125 5880 1259 5937 αύτό
1304 5881 1476 5952 δηλοῖ·
1526 5882 1836 5956 προσέθηκε
1883 5885 1991 5958 γάρ
2028 5889 2189 5943 πάλιν

1334 235 1397 292 S.
1433 236 1724 293 JOANNIS
1759 237 2256 295 CHRYSOSTOMI
2298 239 2620 297 ARCIIIEP.
2661 242 3226 301 CONSTANTINOP.

2293 357 2467 427 λέγων
2487 378 2501 389 ·
2540 362 2636 430 Μὴ
2672 363 2782 432 γὰρ
2817 365 2856 431 ἡ
2886 364 3135 418 ἀπιστία
3164 364 3362 419 αὐτῶν
3382 363 3500 430 τὴν
3521 364 3730 417 πίστιν⁹
3765 368 3871 421 τοῦ

2293 444 2443 498 Θεοῦ
2494 446 2900 516 καταργήσει-ις
2954 448 3052 516 Μὴ
3106 449 3358 518 γένοιτο.
3394 448 3567 501 Τοῦτο
3594 450 3793 513 τοίνυν,
3845 452 3873 505 6

2289 525 2703 600 ἐπιστεύθησαν,
2750 530 2845 584 τοῦ
2902 531 3037 585 Θεοῦ
3087 533 3186 601 τὴν
3233 531 3445 604 δωρεάν
3488 532 3870 604 ἀνακηρύττει.

2288 611 2362 665 Σὺ
2413 612 2471 665 δέ
2525 630 2615 682 μοι
2665 615 2862 669 σκόπει
2910 616 3008 669 καὶ
3065 615 3300 670 ἐνταῦθα
3354 616 3593 670 σύνεσιν.
3630 615 3741 687 Τήν
3766 618 3872 687 γὰρ

2288 696 2623 765 κατηγορίαν
2672 697 2853 752 αὐτῶν
2885 698 2947 753 οὑ
2992 702 3122 770 παρ’
3172 699 3364 754 ἐαυτοῦ
3422 701 3585 754 πάλιν
3646 702 3869 768 είσάγει.

2287 777 2401 831 ἀλλ’
2438 779 2515 843 ὼς
2564 781 2623 847 ἐξ
2670 781 2998 847 ἀντιθέσεως
3021 798 3035 811 '
3072 784 3272 837 ὡσανεὶ
3309 782 3517 853 ἔλεγεν·
3572 782 3714 835 Ἀλλ’
3745 785 3873 845 ἴσως

2287 862 2433 933 ἐρεῖς
2455 879 2470 893 ·
2508 865 2620 918 Kal
2658 865 2710 918 τί
2737 865 2798 919 τὸ
2826 865 3016 935 ὄφελος
3048 867 3147 937 τῆς
3175 868 3479 938 περιτομῆς
3527 866 3767 935 ταύτηςς
3815 867 3873 919 ού

2286 944 2395 1016 γάρ
2420 946 2722 1017 ἐχρήσαντο
2748 950 2885 1019 αὐτῇ
2920 950 2999 1009 είς
3022 949 3141 1001 δέον
3161 967 3174 979 ·
3209 950 3616 1021 ἐπιστεύθησαν
3646 950 3760 1017 γάρ
3788 948 3874 1001 τὸν

2285 1028 2472 1098 νόμον,
2527 1030 2621 1084 καὶ
2666 1030 2997 1103 ἠπίστησαν.
3065 1034 3175 1086 Kal
3212 1034 3347 1095 τέως
3379 1033 3441 1086 ού
3500 1032 3729 1104 σφοδρός
3764 1034 3876 1084 ἐστι

2286 1114 2608 1185 κατήγορος.
2657 1115 2773 1169 ἀλλ’
2800 1116 2874 1180 ὼς
2900 1116 2992 1169 τὸν
3042 1117 3174 1170 Θεὸν
3203 1118 3565 1171 ἀπαλλάττων
3595 1117 3878 1187 ἐγκλημὼ

2284 1212 2415 1258 των,
2476 1196 2619 1250 οὕτω
2670 1200 2988 1271 περιτρέπει
3039 1201 3118 1262 είς
3166 1200 3361 1264 αὐτοὺς
3390 1202 3492 1271 τὴν
3548 1202 3879 1270 κατηγορίαν

2286 1277 2526 1333 ἀπασαν.
2587 1279 2653 1332 Τί
2698 1281 2809 1353 γάρ
2859 1281 3133 1349 ἐγκαλεῖς,
3186 1285 3374 1353 φησὶν,
3413 1285 3496 1337 ὅτι
3532 1284 3876 1353 ἠπίστησανς

2286 1363 2382 1415 καὶ
2433 1362 2487 1414 τί
2521 1361 2677 1416 τοῦτο
2703 1364 2841 1435 πρὸς
2873 1364 2964 1417 τὸν
2992 1364 3160 1429 Θεόν;
3199 1366 3272 1437 μὴ
3303 1367 3411 1437 γὰρ
3438 1366 3535 1436 τὴν
3562 1365 3878 1436 εὐεργεσίαν

2287 1445 2452 1499 αὑτοῦ
2474 1445 2769 1515 ἀνατρέπει
2794 1448 2900 1500 τῶν
2927 1448 3398 1518 εύεργετηθέντων
3419 1452 3452 1519 ὴ
3479 1449 3877 1520 ἀγνωμοσύνης

2286 1530 2319 1600 ἢ
2353 1531 2452 1600 τὴν
2483 1530 2648 1602 τιμὴν
2676 1534 2824 1584 ποιεῖ
2858 1530 2933 1603 μὴ
2986 1530 3128 1585 εἶναι
3179 1535 3375 1603 τιμήν;
3425 1534 3596 1587 Τοῦτο
3623 1536 3734 1603 γάρ
3768 1537 3878 1587 ἐστι

2291 1612 2373 1676 τὸ,
2431 1612 2528 1681 Μὴ
2565 1615 2602 1681 ἡ
2652 1614 2907 1668 ἀπιστία
2952 1614 3153 1669 αὐτῶν
3183 1615 3301 1683 τὴν
3328 1616 3538 1670 πίστιν
3569 1618 3681 1671 τοῦ
3735 1618 3879 1671 Θεοῦ

2287 1696 2648 1777 καταργήσει
2669 1712 2687 1759 ;
2708 1698 2803 1765 Μὴ
2832 1696 3086 1767 γένοιτο.
3121 1699 3209 1762 Ὠς
3230 1699 3299 1753 ἂν
3322 1702 3371 1752 εί
3397 1699 3552 1768 ἐλεγέ
3579 1718 3663 1764 τις
3680 1715 3700 1731 ⁸
3742 1700 3882 1763 Ἐγὼ

2286 1778 2379 1831 τὸν
2407 1781 2555 1833 δεῖνα
2603 1780 2876 1851 ἐτίμησα·
2912 1782 2960 1834 εί
2990 1782 3047 1835 δὲ
3089 1783 3165 1854 μὴ
3219 1785 3542 1855 προσήκατο
3569 1785 3672 1856 τὴν
3720 1786 3882 1855 τιμὴν

2287 1864 2518 1927 ἐκεῖνος,
2573 1863 2735 1917 τοῦτο
2791 1866 2915 1935 ἐμοὶ
2963 1867 3300 1938 κατηγορίαν
3346 1868 3407 1921 ού
3446 1869 3622 1939 φέρει,
3650 1869 3772 1922 οῦδὲ
3794 1870 3885 1921 λυ-

2291 1946 2544 2017 μαίνεταί
2596 1965 2697 2019 μου
2733 1949 2831 2019 τὴν
2856 1948 3274 2020 φιλανθρωπίαν
3295 1964 3346 2016 α,
3389 1951 3502 2004 ἀλλ’
3528 1952 3744 2005 ἐκείνου
3777 1953 3883 2005 δεί-

2289 2047 2445 2084 κνυσι
2476 2030 2574 2102 τὴν
2601 2032 2976 2101 ἀναισθησίαν.
3014 2033 3072 2085 ὐ
3101 2034 3155 2086 δὲ
3203 2034 3413 2099 Παῦλος
3446 2036 3509 2088 ού
3537 2036 3701 2088 τοῦτο
3727 2036 3881 2105 μόνον

2288 2114 2460 2182 λέγει,
2502 2115 2639 2169 ἀλλά
2687 2116 2783 2169 καὶ
2824 2116 2885 2168 τὸ
2931 2116 3114 2188 πολλῷ
3164 2118 3359 2172 πλέον’
3409 2120 3491 2172 ὅτι
3523 2120 3587 2173 ού
3618 2120 3779 2189 μόνον
3823 2120 3877 2172 σύ

2290 2199 2679 2269 προστρίϐεται
2706 2198 2957 2269 ἔγκλημα
2998 2200 3077 2271 τῷ
3120 2200 3241 2273 Θεῷ
3274 2204 3307 2273 ή
3353 2202 3589 2256 ἀπιστία
3638 2203 3877 2263 ἐκείνων.

2289 2281 2428 2334 ἀλλά
2450 2284 2544 2335 καὶ
2574 2283 2797 2351 μείζονα
2820 2283 3096 2336 δείκνυσιν
3130 2284 3295 2338 αὑτοῦ
3326 2286 3426 2357 τῆν
3458 2285 3627 2355 τιμὴν
3657 2288 3750 2339 καὶ
3784 2287 3879 2355 τὴν

2292 2364 2727 2435 φιλανθρωπίαν,
2759 2367 2889 2419 ὅταν
2915 2366 3013 2419 καὶ
3040 2367 3132 2421 τὸν
3173 2367 3441 2438 μέλλοντα
3490 2368 3655 2421 αὑτὸν
3685 2369 3879 2439 ἀτιμά-

2292 2448 2408 2514 ζειν
2443 2451 2703 2519 φαίνηται
2726 2450 2925 2520 τιμῶν.

2373 2538 2435 2586 ε’.
2474 2528 2628 2595 Εἶδες
2667 2532 2782 2596 πῶς
2808 2534 3006 2597 αὐτοὺς
3037 2533 3290 2605 ἐποίησεν
3326 2534 3664 2598 ὑπευθύνους
3689 2534 3878 2604 ἐγκλη-

2304 2618 2513 2686 μάτων,
2536 2617 2630 2687 ἀφ’
2654 2610 2729 2671 ὧν
2753 2617 3219 2682 ὲκαλλωπίξοντο;
3250 2619 3408 2689 είπερ
3426 2622 3454 2671 6
3477 2619 3577 2689 μὲν
3599 2619 3731 2683 Θεὸς
3762 2636 3877 2672 τοσο

2293 2700 2431 2771 αύτῃ
2484 2701 2615 2773 περὶ
2658 2701 2855 2765 αὐτοὺς
2906 2702 3179 2773 ἐχρήσατο
3206 2704 3271 2773 τῇ
3321 2704 3477 2773 τιμῇ.
3523 2702 3602 2766 ὡς
3638 2703 3775 2773 μηδὲ
3822 2702 3875 2754 τὸ

2295 2782 2486 2855 μέλλον
2514 2783 2763 2854 προορῶν
2791 2784 3127 2855 ἀποσχέσθαι
3153 2784 3252 2855 τῆς
3279 2785 3409 2856 περὶ
3436 2785 3635 2849 αὐτοὺς
3652 2785 3873 2847 εὐνοίαςο

2293 2867 2448 2921 αὐτοὶ
2481 2866 2538 2919 δὲ
2573 2867 2667 2919 τὸν
2690 2869 3023 2939 τιμήσαντα,
3049 2868 3116 2921 δι’
3140 2861 3215 2922 ὧν
3242 2869 3603 2939 ἐτιμήθησαν,
3632 2868 3871 2939 ὕϐρισαν.

2293 2946 2427 3004 Είτα
2463 2950 2649 3022 ἐπειδὴ
2687 2947 2831 3017 εἷπε,
2872 2953 2934 3005 Τί
2986 2952 3120 3022 γὰρ.
3183 2953 3233 3005 εὶ
3284 2951 3644 3020 ἠπίστησάν
3693 2969 3872 3018 urec;

2294 3034 2576 3105 φαίνονται
2640 3034 2699 3088 δὲ
2756 3035 2960 3098 πάντες
3005 3034 3408 3106 ἡπιστηκότες·
3461 3035 3549 3087 ἵνα
3606 3035 3682 3107 μὴ
3724 3036 3873 3089 πάλιν

2293 3119 2436 3173 κατὰ
2464 3118 2563 3190 τὴν
2596 3117 2835 3189 ίστορίαν
2862 3118 3057 3187 λέγων,
3088 3117 3216 3191 δόξῃ
3250 3117 3477 3189 σφοδρὸς
3516 3119 3699 3171 αὐτῶν
3744 3115 3874 3173 εἶναι

2295 3204 2599 3273 κατήγορος
2649 3201 2725 3265 ὼς
2759 3201 2974 3272 ἐχθρὸς,
3006 3202 3066 3254 ἐν
3086 3201 3237 3267 τάξει
3265 3201 3530 3272 λογισμοῦ
3566 3204 3663 3255 καὶ
3701 3204 3873 3257 συλλο-

2294 3285 2493 3356 γισμοῦ
2520 3284 2705 3354 τίθησι
2725 3284 2785 3339 τὸ
2806 3285 2899 3337 ἐπὶ
2919 3286 3019 3355 τῆς
3039 3284 3296 3354 ἀληθείας
3320 3301 3519 3356 γεγενη
3529 3287 3715 3356 μένον,
3741 3287 3875 3340 οὕτω

2295 3367 2500 3436 λέγων’
2548 3367 2828 3422 Γενέσθω
2863 3367 2933 3421 δὲ
2970 3371 3003 3422 δ
3038 3366 3182 3434 Θεὸς
3234 3367 3488 3435 ἀληθὴς,
3528 3367 3651 3435 πᾶς
3687 3369 3757 3422 δὲ
3779 3370 3875 3423 ἀν.

2296 3455 2525 3521 θρωπος
2562 3451 2857 3519 ψεύστης.
2896 3453 2962 3504 Ὃ
2994 3450 3052 3506 δὲ
3096 3450 3265 3520 λέγει,
3300 3451 3543 3504 τοιοῦτόν
3567 3454 3719 3506 ἔστιν
3743 3471 3757 3483 ·
3805 3454 3877 3507 υύ

2296 3534 2459 3603 λέγω,
2511 3535 2696 3604 φησιν,
2731 3535 2815 3587 ὃτι
2852 3535 2998 3597 τινὲς
3046 3534 3377 3605 ἠπίστησαν,
3432 3534 3547 3588 ἀλλ’
3587 3538 3638 3588 εί
3681 3536 3877 3605 βούλει,

2296 3617 2432 3671 τίθει
2462 3617 2670 3680 πάντας
2720 3618 3120 3688 ήπιστηκέναι·
3156 3617 3216 3671 τὸ
3267 3617 3463 3688 ἀληθὲς
3516 3620 3876 3690 γεγενημένον

2296 3701 2435 3753 κατά
2476 3699 2784 3771 συνδρομὴν
2816 3700 3133 3770 συγχωρῶν,
3160 3701 3248 3753 ἴνα
3276 3700 3590 3773 ἀνεπαχθὴς
3620 3698 3761 3755 εἶναι
3796 3704 3875 3757 δό-

2297 3784 2363 3857 ξῃ
2385 3785 2480 3837 καὶ
2508 3784 2843 3847 ἀνύποπτος.
2875 3785 2983 3836 Καὶ
3022 3784 3131 3854 γάρ
3153 3782 3299 3839 οὕτω
3328 3785 3527 3855 μᾶλλον
3552 3786 3877 3855 δικαιοῦται,

2297 3866 2485 3938 φησὶν,
2508 3869 2537 3921 6
2573 3867 2726 3930 Θεός.
2763 3866 2830 3921 Τί
2859 3867 3000 3927 ἐστι.
3034 3866 3183 3940 [479]
3214 3868 3560 3935 Δικαιοῦται;
3598 3868 3663 3922 El
3704 3872 3879 3941 κρίσις

2298 3954 2510 4020 γένοιτο
2538 3950 2635 4004 καὶ
2660 3950 2910 4015 ἐξέτασις
2936 3949 3044 4002 τῶν
3068 3950 3439 4021 ὑπηργμένων
3461 3952 3574 4014 τοῖς
3608 3952 3877 4017 Ἰουδαίοις

2298 4033 2430 4104 παρ’
2458 4033 2647 4098 αὐτοῦ,
2694 4034 2791 4089 καὶ
2846 4033 2956 4087 τῶν
2986 4034 3116 4106 παρ’
3149 4035 3330 4088 αὐτῶν
3356 4037 3434 4098 είς
3466 4036 3631 4088 αὑτὸν
3658 4054 3877 4109 γεγενη⁶

2300 4117 2502 4188 μένων,
2531 4117 2602 4171 τὰ
2651 4118 2945 4189 νικητήρια
2986 4117 3140 4171 ἐσται
3196 4119 3348 4187 παρά
3401 4117 3480 4190 τῷ
3512 4120 3652 4189 Θεῷ,
3691 4122 3789 4174 καὶ
3814 4122 3878 4174 τὰ

2297 4200 2643 4272 δικαιώματα
2671 4200 2834 4255 αὐτοῦ
2884 4202 3082 4257 πάντα.
3123 4203 3235 4256 Kal
3280 4202 3458 4270 δείξας
3489 4204 3651 4256 τοῦτο
3703 4204 3877 4273 σαφῶς

2297 4288 2362 4340 lx
2385 4287 2493 4340 τῶν
2516 4286 2829 4359 ἔμπροσθεν
2847 4287 3176 4359 εἰρημένων,
3203 4286 3327 4339 τότε
3356 4288 3450 4340 καὶ
3478 4288 3569 4340 τὸν
3595 4290 3877 4358 προφήτην

2298 4372 2564 4441 είσήγαγε
2584 4370 2799 4433 τούτοις
2825 4369 3199 4441 ψηφιζόμενον
3227 4372 3323 4423 καὶ
3369 4371 3595 4439 λέγοντα
3620 4388 3634 4403 ’
3686 4372 3878 4436 Ὅπως

2298 4453 2377 4508 ἂν
2405 4452 2725 4521 δικαιωθῇς
2747 4453 2817 4506 ἐν
2843 4452 2965 4519 τοῖς
2993 4455 3198 4525 λόγοις
3221 4470 3360 4517 σου,
3402 4453 3501 4508 καὶ
3528 4454 3789 4522 νικήσῃς
3812 4455 3879 4506 ἐν

2296 4536 2379 4602 τῷ
2420 4536 2733 4604 κρίνεσθαί
2781 4551 2877 4591 σε.
2930 4536 3101 4599 Αὐτὸς
3157 4536 3256 4607 μὲν
3285 4536 3394 4605 γάρ
3422 4538 3489 4590 τὰ
3526 4536 3660 4605 παρ’
3689 4534 3877 4589 ἑαυτοῦ

2298 4622 2477 4676 πάντα
2500 4620 2776 4691 ἐποίησεν,
2808 4621 3004 4673 ἐκεῖνοι
3035 4620 3094 4674 δὲ
3126 4620 3248 4675 ούδέ
3287 4618 3461 4683 οὕτως
3486 4620 3735 4689 ἐγένοντο
3765 4620 3878 4689 βελο

2297 4705 2465 4768 τίους.
2520 4699 2657 4757 Εἶτα
2706 4704 2771 4757 ἐκ
2799 4703 2988 4757 τούτου
3026 4703 3190 4757 πάλιν
3228 4704 3499 4758 ἀντίθεσιν
3525 4702 3724 4774 ἑτέραν
3752 4704 3877 4757 ἀνα-

2298 4788 2614 4843 κύπτουσαν
2648 4789 2728 4851 είς
2759 4787 2923 4858 μέσον
2945 4788 3089 4856 ἄγει,
3120 4788 3216 4842 καί
3244 4804 3408 4858 φησιν
3429 4802 3444 4817 ·
3487 4788 3556 4840 El
3590 4785 3661 4839 δὲ
3692 4786 3731 4853 ἠ
3761 4786 3876 4840 d61-

2298 4873 2399 4927 κία
2436 4870 2604 4942 ἡμῶν
2637 4871 2786 4925 Θεοῦ
2816 4870 3212 4941 δικαιοσύνην
3245 4876 3597 4937 συνίστησι,
3637 4871 3697 4924 τί
3718 4869 3877 4938 ἐροῦ-

2293 4971 2443 5027 per;
2486 4955 2574 5025 μὴ
2608 4955 2816 5023 ἄδικος
2863 4957 2897 5010 ὁ
2949 4955 3093 5023 Θεὸς
3123 4960 3155 5011 ό
3192 4955 3487 5025 ἐπιφέρων
3510 4954 3630 5022 τὴν
3660 4957 3877 5024 ὀργὴν;

2298 5041 2449 5094 κατὰ
2482 5040 2800 5108 ἄνθρωπον
2830 5039 3005 5110 λέγω.
3048 5041 3145 5109 Μὴ
3196 5041 3449 5111 γένοιτο.
3484 5040 3723 5095 Ἀτοπον
3756 5040 3871 5092 ἀτόο

2298 5140 2386 5197 πῳ
2419 5124 2537 5177 λύει
2564 5124 2771 5179 λοιπόν.
2790 5125 3007 5193 Ἐπειδὴ
3040 5125 3097 5178 δὲ
3127 5124 3285 5177 τοῦτο
3310 5124 3538 5192 ἀσαφὲς,
3590 5125 3875 5191 ἀναγκαῖον

2298 5209 2430 5263 αὐτὸ
2482 5209 2816 5280 σαφέστερον
2859 5209 3055 5263 είπείν.
3108 5209 3172 5262 Τί
3223 5204 3317 5262 οὖν
3374 5210 3543 5271 ἐστιν,
3594 5208 3627 5261 ὅ
3683 5223 3873 5278 φησιν;

2311 5293 2571 5363 Ἐτίμησε
2621 5294 2747 5355 τοὺς
2798 5292 3087 5356 Ἰουδαίους
3144 5294 3174 5345 6
3227 5291 3380 5356 Θεὸς,
3440 5291 3672 5362 ὕϐρισαν
3724 5292 3875 5345 αὐτὸν

2298 5378 2519 5431 ἐκείνοι.
2553 5374 2724 5429 Τοῦτο
2748 5376 2912 5430 αὑτὸν
2937 5378 3080 5430 ποιεί
3105 5376 3344 5445 νικῆσαι,
3374 5376 3468 5429 καὶ
3486 5375 3693 5447 πολλὴν
3720 5373 3873 5429 αὑτοῦ

2295 5460 2542 5515 δείκνυσι
2587 5460 2685 5532 τὴν
2712 5458 3147 5532 φιλανθρωπίαν,
3174 5460 3257 5513 ὅτι
3306 5459 3400 5513 καὶ
3424 5460 3703 5522 τοιούτους
3727 5459 3874 5520 ὂντας

2298 5543 2579 5615 ἐτίμησεν.
2637 5541 2851 5596 Οὐκοῦν
2908 5542 3120 5614 ἐπειδὴ,
3175 5544 3257 5596 ὅτι
3318 5542 3645 5614 ὑϐρίσαμεν,
3694 5540 3870 5610 φησὶν,

2297 5630 2460 5698 ἡμεῖς
2518 5627 2615 5682 καὶ
2670 5625 3034 5699 ἠδικήσαμεν,
3089 5626 3176 5680 διά
3220 5625 3383 5679 τοῦτο
3413 5626 3443 5677 6
3484 5624 3617 5688 Θεὸς
3663 5626 3869 5694 ἐνίκησε

2298 5712 2393 5766 καὶ
2418 5713 2450 5779 ή
2480 5708 2792 5780 δικαιοσύνη
2817 5710 2982 5764 αὑτοῦ
3007 5710 3235 5782 λαμπρά
3286 5710 3483 5779 ἐφάνη,
3530 5708 3673 5772 τίνος
3698 5708 3867 5760 ἕνεκεν

2298 5795 2621 5865 κολάζομαι,
2650 5796 2808 5864 φησὶ,
2837 5794 3009 5858 αἴτιος
3037 5794 3186 5865 αύτῷ
3214 5793 3308 5847 τοῦ
3340 5793 3561 5863 νικῆσαι
3591 5790 3865 5861 γενόμενος

2377 5922 2401 5948 ⁸
2431 5919 2532 5977 AL,
2558 5924 2612 5975 τῆ
2642 5919 2984 5977 φιλανθρωπία.
