3950 6432
98 407 212 463 ιη

96 526 286 579 tiones
310 538 327 588 ;
359 537 479 592 quas
503 520 681 577 omnia
704 537 809 576 uno
835 521 998 577 verbo
1020 521 1369 577 subindieavit
1388 541 1402 576 :
1423 522 1543 577 Non
1564 524 1698 577 enim

1221 405 1283 460 lN
1322 404 1537 461 Ei’lST.
1579 407 1669 461 AD
1708 405 1873 463 ROM.
1915 408 2147 468 HOMIL.
2191 413 2277 469 Vl.

3285 424 3390 485 438

1811 525 1929 579 ﬁcia
1967 529 2272 598 accepisse,
2322 530 2417 586 sed
2470 530 2733 603 ingratum
2778 532 2935 590 valde
2971 536 3204 595 animum
3236 542 3389 597 exhi-

90 616 183 686 qui
212 615 270 668 in
293 614 586 685 manifesto,
607 612 825 668 Judteus
851 622 943 667 est.
966 612 1160 668 Verum
1187 614 1312 684 quia
1337 614 1702 669 circutncisio-
1805 616 2010 672 buisse.
2043 620 2245 676 Deinde
2272 624 2548 694 sequentia
2571 640 2784 697 quoque
2811 628 2938 683 illud
2968 629 3236 700 indicant;
3260 650 3383 691 nam

90 705 181 760 nis
231 720 432 776 magna
451 706 587 759 ratio
633 714 769 770 erat,
817 704 1249 775 quandoquidem
1290 705 1391 776 ipsi
1418 706 1697 762 sabbatum

1807 709 2102 783 subjungit,
2126 714 2179 767 5.
2216 713 2355 780 Quid
2379 717 2512 771 enim
2536 758 2552 782 ,
2580 722 2624 772 si
2648 720 2856 789 quidam
2886 737 2988 775 non
3009 724 3331 781 crediderunt
3360 730 3386 767 ιν

85 796 353 862 cedebat,
374 797 495 867 jure
525 796 762 864 pluribus
788 796 933 852 circa
954 797 1098 851 illam
1116 798 1441 853 extenditur.
1464 798 1597 855 Cum
1616 800 1698 855 di-
1799 800 1853 858 Si
1883 818 1991 858 non
2020 804 2383 875 crediderunt,
2407 824 2514 878 quo
2546 820 2722 880 pacto,
2766 812 2953 868 dicunt
2994 814 3229 884 quidam,
3254 816 3382 885 ipsis

84 891 160 943 cit
182 888 488 955 autem,ln
505 889 711 957 spiritu,
730 888 866 942 viam
886 889 1417 959 prwparatdeineeps
1433 890 1498 946 ad
1515 891 1698 947 Eccle-
1797 897 2107 952 concredita
2146 910 2273 953 sunt
2298 901 2550 971 eloquia?
2585 903 2721 971 Quid
2752 920 2881 975 ergo
2918 906 3031 961 ait?
3058 907 3209 975 Quod
3242 909 3382 963 Deus

83 981 185 1036 sia:
206 981 542 1048 institutum,
562 990 615 1036 et
632 981 788 1037 ﬁdem
811 980 1043 1035 inducit:
1063 981 1262 1037 ctenim
1281 981 1368 1037 illa
1386 982 1439 1037 in
1460 982 1625 1038 corde
1641 991 1695 1038 et

81 1076 292 1145 spiritu
318 1074 532 1130 laudem
560 1089 589 1128 a
621 1074 733 1129 Deo
763 1073 944 1129 habet.
972 1074 1037 1127 Et
1061 1088 1158 1128 cur
1188 1088 1296 1128 non
1323 1074 1555 1129 ostendit
1592 1074 1691 1130 be-

83 1184 152 1223 ne
184 1179 448 1239 agentem
487 1168 742 1239 gentilem
795 1167 933 1222 bene
981 1177 1171 1237 agente
1196 1167 1382 1224 Judaao
1414 1185 1522 1224 non
1569 1183 1692 1224 esse

81 1263 447 1329 inferiorem;
472 1261 565 1317 sed
591 1262 727 1317 bene
746 1269 992 1331 agentem
1022 1261 1275 1331 gentilem
1297 1270 1689 1330 transgressore

76 1352 282 1409 Iudaeo
307 1370 433 1410 esse
475 1351 794 1409 meliorem?
818 1350 888 1408 Ut
924 1352 1274 1407 indubitatam
1329 1352 1576 1408 redderet
1601 1353 1686 1408 vi-

73 1448 346 1501 ctoriam.
376 1446 485 1501 Hoc
513 1446 654 1501 enim
681 1460 801 1499 eum
828 1444 878 1498 in
905 1443 1149 1499 confesso
1179 1452 1265 1500 est
1289 1484 1305 1509 ,
1348 1444 1686 1500 circumcisio

72 1540 273 1592 carnis
320 1538 630 1593 necessario
672 1535 1009 1599 excluditur,
1053 1542 1110 1592 et
1151 1535 1452 1591 ostenditur
1491 1536 1685 1605 ubique

74 1646 207 1686 esse
237 1633 385 1686 bona
414 1631 521 1684 vita
544 1644 698 1700 opus.
727 1626 858 1683 Cum
887 1627 1031 1683 enim
1057 1628 1272 1698 gentilis
1317 1628 1433 1683 sine
1466 1627 1548 1681 his
1573 1628 1682 1683 sal-

68 1737 174 1775 vus
226 1722 303 1776 sit
332 1763 351 1786 ,
381 1731 437 1776 et
459 1720 676 1777 Judzeus
701 1735 823 1776 cum
855 1719 938 1774 his
966 1720 1236 1789 puniatur,
1285 1726 1458 1773 cessat
1496 1718 1682 1774 Judai-

65 1829 255 1869 smus.
290 1813 560 1870 Gentilem
584 1827 715 1868 vero
740 1811 870 1866 dicit
898 1825 1002 1864 non
1030 1810 1387 1875 idolaatram,
1420 1810 1512 1865 sed
1537 1810 1678 1878 pium

66 1916 122 1959 et
152 1906 376 1961 virtute
424 1905 705 1975 praeditum
726 1944 741 1969 ,
770 1918 800 1957 a
831 1902 1092 1974 legalibus
1119 1902 1588 1957 observationibus
1615 1902 1679 1957 li-

64 1999 296 2054 berum.
332 1995 485 2067 (Cap.
511 1992 587 2063 5.)
622 1998 673 2050 1.
726 1994 864 2062 Quid
913 2010 1031 2067 ergo
1076 1994 1296 2065 amplius
1318 1992 1508 2049 Judteo
1557 1995 1677 2050 est?

70 2091 220 2156 Quia
246 2089 436 2143 omnia
467 2087 713 2153 exclusit,
757 2086 1067 2154 conciones,
1119 2086 1443 2152 doctrinam,
1470 2102 1668 2144 nomen

59 2181 275 2244 Judaei,
310 2179 779 2235 circumcisionem
801 2186 856 2233 et
882 2186 1076 2233 caetera
1117 2179 1320 2244 omnia,
1366 2194 1487 2234 cum
1515 2179 1672 2249 dixit,

63 2273 170 2338 Qui
203 2273 263 2326 in
298 2271 593 2340 manifesto,
637 2270 855 2325 Judwus
876 2286 976 2324 non
1003 2279 1098 2336 est,
1127 2270 1217 2325 sed
1252 2271 1339 2340 qui
1381 2272 1434 2325 in
1462 2273 1674 2327 abscon-

57 2365 169 2416 dito
192 2379 220 2427 ;
268 2362 426 2419 videt
475 2362 729 2432 deinceps
773 2361 1128 2430 objectionem
1172 2373 1587 2432 exsurgentem,
1616 2374 1673 2422 et

54 2455 338 2510 adversus
357 2454 503 2509 illam
531 2461 655 2508 stat.
676 2454 929 2521 Quaanam
957 2453 1042 2507 illa
1066 2454 1338 2522 objectio?
1364 2453 1420 2510 Si
1451 2456 1564 2510 haec
1590 2457 1672 2512 ni—

54 2548 130 2603 hil
154 2549 393 2618 juvant,
420 2562 518 2602 cur
540 2556 727 2601 vocata
747 2561 880 2618 gens
904 2546 1022 2612 fuit,
1043 2562 1141 2601 cur
1167 2548 1670 2604 circutncisiodata?

50 2640 199 2707 Quid
231 2654 376 2710 ergo
410 2637 538 2693 facit
555 2638 580 2692 ἲ
600 2646 650 2693 et
669 2637 937 2708 quomodo
954 2637 1102 2692 illam
1120 2637 1316 2693 solvit?
1337 2638 1402 2695 Ut
1428 2639 1671 2709 superio‘

48 2750 109 2788 ra
136 2734 351 2788 solvit.
379 2732 527 2788 Sicut
545 2731 688 2787 enim
705 2729 813 2785 illic
833 2745 938 2784 non
967 2729 1176 2785 ilhrum
1201 2730 1384 2785 laudes
1412 2731 1666 2801 praedica-

45 2826 150 2890 vit,
180 2824 288 2879 sed
317 2823 417 2878 Dei
441 2821 718 2886 beneﬁcia,
753 2836 859 2876 non
900 2821 1113 2875 illorum
1159 2828 1305 2876 recte
1338 2819 1472 2876 facta
1497 2838 1513 2888 ;
1542 2838 1664 2878 nam

44 2916 203 2985 quod
226 2915 416 2970 Judaei
441 2922 780 2980 vocarentur,
803 2912 946 2984 quod
965 2913 1291 2969 voluntatem
1312 2914 1403 2968 Dei
1420 2924 1661 2984 nossent,

40 3008 197 3080 quod
224 3007 799 3072 examinarentutilia,
830 3021 934 3060 non
960 3005 1193 3073 illorum,
1231 3005 1326 3062 sed
1366 3008 1456 3062 Dei
1476 3009 1664 3078 gratia:

40 3116 188 3170 opus
216 3108 385 3155 erat:
429 3098 572 3169 quod
604 3099 709 3154 illis
746 3098 1080 3168 exprobrans
1111 3098 1367 3167 propheta
1405 3099 1660 3159 dicebat:

42 3194 177 3249 Non
202 3194 337 3265 fecit
376 3192 543 3245 taliter
563 3191 699 3245 omni
715 3191 926 3255 nationi,
949 3199 994 3244 et
1022 3190 1214 3257 iudicia
1241 3207 1336 3245 sua
1374 3208 1473 3245 non
1501 3193 1665 3247 mani-

40 3286 261 3356 festavit
278 3285 357 3339 eis
380 3282 679 3355 (Psat.ll7.
705 3281 763 3352 9)
779 3298 796 3346 ;
812 3290 868 3337 et
887 3281 1096 3352 Moyses
1112 3297 1339 3346 rursum,
1370 3280 1396 3334 1
1402 3291 1662 3354 nterroga-

36 3389 110 3444 te,
145 3378 362 3447 inquit,
394 3375 436 3429 si
464 3376 561 3446 fuit
582 3374 858 3429 secundum
872 3372 1075 3427 verbum
1103 3373 1217 3439 hoc,
1247 3374 1292 3428 si
1310 3376 1501 3428 audivit
1538 3393 1661 3446 gens

34 3488 223 3525 vocem
250 3469 355 3523 Dei
377 3468 583 3523 viventis
605 3484 668 3521 ea:
690 3467 855 3521 medio
871 3466 1022 3535 ignis,
1045 3474 1094 3521 et
1113 3466 1236 3520 uixit
1262 3465 1440 3537 (Deut.
1469 3469 1522 3522 5.
1540 3467 1653 3538 26):

32 3562 148 3617 hoc
167 3564 362 3632 ipsum
387 3560 472 3614 hic
492 3575 704 3630 quoque
725 3558 867 3612 facit.
881 3557 1029 3613 Sicut
1052 3558 1193 3613 enim
1208 3573 1329 3612 cum
1355 3558 1421 3613 de
1438 3558 1659 3615 circum-

29 3657 263 3711 cisione
288 3652 625 3722 loqueretur,
671 3665 775 3705 non
796 3649 952 3715 dixit,
987 3649 1111 3703 llaae
1158 3649 1497 3704 circumcisio
1536 3650 1656 3706 sine

31 3749 189 3803 bona
214 3747 331 3801 vita
353 3744 488 3799 nihil
508 3742 744 3813 prodest;
765 3740 881 3807 sed,
899 3739 1240 3796 Circumcisio
1255 3756 1376 3795 cum
1394 3739 1531 3795 bona
1550 3741 1653 3796 vita

28 3839 300 3910 prodest,
325 3835 561 3906 idipsum
580 3832 907 3904 signiﬁcans,
920 3831 1014 3887 sed
1033 3831 1246 3897 mitius;
1274 3846 1337 3886 ac
1352 3831 1656 3899 rursum,Si

25 3942 219 3984 autem
249 3926 618 3998 prataticator
642 3924 767 3995 legis
790 3925 968 3994 fueris,
989 3937 1094 3977 non
1120 3922 1344 3987 addidit,
1362 3921 1503 3977 Nihil
1529 3939 1654 3993 pro-

28 4025 157 4080 ﬁcis
185 4034 274 4086 tu,
292 4021 393 4092 qui
412 4019 760 4075 circumcisus
769 4034 850 4083 es;
870 4016 965 4073 sed
994 4016 1317 4071 Circumcisio
1336 4028 1426 4070 tua
1449 4033 1653 4088 pra’ptt-

22 4118 173 4169 tium
210 4113 360 4182 facta
390 4120 499 4176 est;
529 4119 584 4165 et
610 4118 729 4179 post
764 4108 889 4162 illud
918 4123 1128 4174 rursus,
1150 4106 1432 4175 Judicabit,
1458 4108 1650 4179 inquit,

24 4207 377 4277 prwputium
401 4218 499 4255 non
522 4200 971 4263 circumcisionem,
1016 4198 1106 4252 sed
1129 4207 1176 4253 te
1220 4201 1652 4268 prmuaricatorem

26 4300 197 4371 legis,
233 4294 505 4366 legalibus
549 4307 796 4363 parcens,
840 4299 896 4345 et
924 4291 1169 4345 homines
1213 4290 1413 4346 feriens
1444 4309 1459 4348 :
1495 4292 1565 4347 ita
1595 4300 1651 4347 et

21 4394 126 4448 hic
160 4391 330 4445 facit.
359 4386 492 4442 Cum
544 4386 688 4439 enim
720 4384 822 4438 hoc
847 4382 1134 4451 objecisset
1158 4381 1258 4436 sibi
1286 4424 1301 4448 ,
1332 4391 1386 4438 et
1407 4382 1645 4445 dixisset,

21 4484 182 4551 Quid
216 4479 458 4547 amplius
487 4476 632 4530 habet
660 4474 919 4529 Juda’us?
963 4488 1071 4528 non
1099 4473 1251 4537 dixit,
1277 4472 1443 4538 Nihil,
1473 4472 1566 4527 sed
1598 4472 1649 4527 id

12 4587 314 4632 sermone
344 4570 539 4631 innuit.
569 4578 623 4623 et
652 4582 749 4636 per
769 4564 1048 4637 sequentia
1078 4564 1182 4619 hoc
1212 4565 1383 4634 ipsum
1408 4564 1645 4631 sustulit,

12 4664 408 4733 ostenditque
434 4662 557 4716 illos
595 4659 665 4715 ob
694 4657 995 4727 huiusmodi
1022 4657 1430 4728 praerogativam
1466 4657 1649 4727 plexos

9 4759 231 4811 fuisse.
267 4754 341 4809 Et
366 4749 682 4821 quomodo?
727 4749 839 4821 Ego
859 4749 1071 4814 dicam,
1112 4749 1223 4817 ipsa
1262 4747 1569 4817 objectione
1593 4747 1646 4801 in

6 4851 289 4907 medium
350 4844 603 4900 adducta.
661 4842 797 4909 Quid
856 4841 991 4897 enim
1049 4840 1270 4912 amplius
1312 4839 1496 4893 Judteo
1551 4848 1645 4907 est,

0 4956 112 5000 aut
145 4957 283 5014 qua
311 4940 517 4993 utilitas
560 4934 1002 4992 circumcisionis?
1044 4933 1101 4989 ‘2.
1144 4932 1368 4987 Multum
1412 4949 1503 5001 per
1530 4948 1644 4986 ont-

3 5060 146 5097 nem
174 5038 437 5095 modum.
467 5033 647 5088 Primo
672 5032 793 5102 quia
818 5029 1109 5085 concredita
1145 5034 1263 5083 sunt
1289 5027 1394 5081 illis
1444 5025 1644 5097 eloquia

0 5132 149 5187 Dei.
183 5125 421 5189 Yiden’,
452 5124 637 5194 utjam
660 5124 792 5188 dixi,
822 5122 969 5176 illum
999 5135 1258 5190 nusquam
1287 5133 1472 5173 eorum
1501 5126 1647 5172 recte

0 5230 169 5281 facta
194 5265 215 5287 ,
253 5218 362 5275 sed
410 5217 506 5271 Dei
551 5215 810 5272 beneﬁcia
847 5212 1210 5270 enumerare?
1238 5210 1374 5280 Quid
1406 5209 1505 5265 sibi
1536 5210 1648 5264 vult

0 5318 185 5381 illud,
222 5310 546 5369 Connedita
569 5319 685 5364 sunt
710 5308 736 5361 ?
762 5308 895 5375 Quia
927 5307 1032 5361 illis
1058 5305 1247 5360 tradita
1271 5312 1353 5359 est
1370 5303 1477 5366 lex,
1499 5303 1642 5373 quod

0 5409 164 5464 tanti
191 5406 332 5461 illos
362 5402 554 5457 fecerit
574 5401 736 5466 Deus,
789 5409 847 5454 ut
875 5413 1106 5469 superna
1139 5398 1244 5452 illis
1273 5398 1489 5452 oracula
1516 5412 1647 5451 con-

0 5500 326 5557 crederet.
371 5494 441 5548 Et
485 5493 601 5547 scio
645 5490 928 5562 quosdam,
983 5489 1129 5553 illud,
1180 5488 1480 5543 Concredita
1505 5496 1644 5551 sunt,

0 5612 134 5653 non
168 5593 253 5647 de
283 5588 497 5645 Judreis
521 5629 539 5654 ,
567 5586 660 5641 sed
693 5586 758 5640 de
783 5584 1015 5655 eloquiis
1061 5582 1259 5638 dictum
1288 5592 1512 5653 putare;
1545 5581 1646 5635 hoc

0 5700 132 5754 est,
170 5686 316 5756 quia
340 5681 635 5736 commissa
684 5687 767 5733 est
802 5678 887 5733 lex
921 5696 935 5730 :
968 5678 1062 5731 sed
1090 5673 1229 5745 quod
1273 5674 1511 5744 sequitur
1540 5689 1644 5727 non

0 5779 338 5854 permittit,
376 5783 438 5828 ut
467 5774 544 5827 sic
594 5772 936 5841 intelligatur.
970 5770 1150 5823 Primo
1181 5767 1344 5831 enim,
1386 5781 1645 5821 accusans

0 5879 151 5932 illos
179 5875 303 5929 hoc
329 5869 491 5934 dicit,
524 5875 579 5922 et
606 5864 896 5923 ostendens
937 5863 1058 5918 illos
1086 5860 1250 5917 multa
1281 5876 1310 5916 a
1347 5860 1455 5916 Deo
1484 5859 1644 5916 bene~

1797 986 1928 1056 ipsis
1950 988 2037 1044 illa
2068 990 2407 1047 crediderit:
2441 1009 2546 1048 non
2592 995 2733 1065 quod
2775 996 2878 1066 ipsi
2920 998 3101 1053 verbis
3140 1001 3383 1057 credide-

1793 1078 1940 1132 rint:
1988 1096 2110 1135 nam
2185 1082 2455 1152 quomodo
2520 1093 2688 1141 staret
2756 1086 2810 1141 id
2885 1090 3025 1158 quod
3097 1092 3381 1161 sequitur?

1795 1168 1966 1235 Quid,
2023 1171 2067 1225 si
2115 1171 2324 1242 quidam
2367 1190 2469 1229 non
2511 1174 2873 1232 crediderunt?
2932 1179 3046 1235 Hoc
3093 1185 3257 1236 etiam
3308 1197 3373 1236 ex

1790 1261 2142 1329 sequentibus
2202 1264 2546 1331 declaratur;
2602 1266 2787 1336 adjicit
2835 1269 2979 1322 enim
3042 1287 3057 1327 :
3109 1271 3375 1344 Numquid

1789 1352 2121 1406 incredulitas
2170 1370 2346 1408 eorum
2373 1357 2501 1409 iram
2550 1356 2643 1411 Dei
2698 1360 2999 1413 evacuabit?
3052 1362 3212 1416 Absit.
3261 1364 3375 1419 Hoc

1788 1441 1950 1512 igitur
2006 1443 2202 1513 ipsum,
2253 1444 2396 1515 quod
2446 1446 2553 1502 illis
2591 1449 2958 1504 concreditum
3014 1460 3133 1519 est,
3174 1454 3372 1509 Christi

1786 1535 1985 1590 donum
2035 1538 2309 1607 praedicat.
2365 1537 2447 1593 Tu
2508 1556 2639 1595 vero
2690 1541 2817 1595 mihi
2880 1542 3040 1598 etiam
3087 1543 3175 1599 hic
3225 1545 3370 1601 Pauli

1787 1627 2124 1696 prudentiam
2176 1629 2466 1698 perpende.
2520 1632 2932 1687 Accusationem
2959 1634 3101 1688 enim
3160 1633 3369 1691 illorum

1783 1733 1995 1774 rursum
2040 1734 2145 1774 non
2174 1735 2201 1773 a
2233 1721 2413 1789 seipso
2471 1721 2713 1790 inducit,
2758 1723 2852 1777 sed
2901 1728 3053 1794 quasi
3104 1740 3169 1781 ex
3216 1727 3370 1797 obje-

1780 1812 1998 1873 Ctione;
2052 1827 2117 1867 ac
2178 1814 2221 1865 si
2267 1813 2476 1869 diceret
2528 1832 2543 1870 :
2593 1814 2664 1868 At
2715 1815 2943 1871 fortasse
2986 1816 3134 1872 dices
3190 1834 3205 1871 :
3267 1820 3367 1881 Ec-

1781 1917 1883 1973 qua
1914 1901 2115 1957 utilitas
2157 1903 2583 1959 circumcisionis
2625 1904 3027 1976 hujus?neque
3072 1908 3214 1963 enim
3257 1910 3366 1975 illa,

1781 2004 1837 2051 ut
1860 2011 1956 2066 par
1981 2006 2117 2063 erat,
2151 1996 2231 2052 usi
2261 2006 2420 2053 sunt:
2451 1998 2761 2053 concredita
2787 1999 2895 2054 illis
2922 2000 3009 2055 lex
3034 2011 3138 2069 est,
3180 2012 3235 2058 et
3260 2018 3365 2058 non

1778 2088 2145 2144 crediderunt.
2198 2091 2374 2159 Atque
2430 2090 2646 2146 interim
2690 2106 2795 2146 non
2823 2092 3114 2148 vehemens
3140 2109 3360 2150 accusa-

1780 2188 1864 2234 tor
1888 2188 1990 2243 est,
2022 2179 2117 2234 sed
2160 2180 2309 2251 quasi
2368 2180 2534 2236 Deum
2565 2196 2597 2235 a
2625 2182 2999 2238 criminatione
3048 2183 3358 2249 vindicans,

1776 2280 1942 2326 totam
1972 2270 2118 2325 illam
2150 2270 2205 2325 in
2246 2272 2390 2341 ipsos
2412 2273 2694 2327 convertit.
2730 2272 2841 2328 Cur
2885 2288 3125 2338 accusas,
3168 2276 3356 2345 inquit,

1773 2362 1917 2433 quod
1942 2377 2046 2417 non
2068 2362 2436 2418 crediderint?
2480 2374 2535 2419 et
2573 2364 2697 2433 quid
2746 2363 2846 2419 hoc
2875 2365 2939 2420 ad
2972 2365 3181 2420 Deum?
3231 2382 3354 2420 num

1772 2455 1889 2525 ejus
1936 2454 2343 2511 beneﬁcentiam
2395 2456 2655 2511 subvertit
2700 2457 2913 2511 illorutn
2963 2458 3051 2529 qui
3095 2459 3353 2513 beneﬁcia

1771 2558 2094 2620 acceperunt
2124 2549 2359 2620 ingratus
2386 2550 2644 2607 animus?
2674 2560 2765 2604 aut
2794 2549 2939 2615 facit,
2964 2558 3022 2603 ut
3051 2549 3221 2605 honor
3246 2567 3350 2605 non

1771 2640 1840 2695 sit
1859 2636 2154 2694 honor?ld
2195 2639 2339 2693 enim
2388 2640 2586 2694 indicat
2616 2640 2742 2695 illttd
2771 2655 2786 2694 :
2821 2638 3085 2711 Numquid
3118 2641 3357 2695 incredu-

1770 2731 1885 2784 litas
1914 2746 2087 2784 eorum
2115 2729 2267 2797 ﬁdem
2301 2729 2393 2783 Dei
2411 2731 2717 2785 evacuabit?
2745 2729 2909 2786 Absit.
2941 2732 3018 2785 Ac
3045 2732 3088 2786 si
3121 2731 3240 2801 quis
3265 2731 3351 2786 di-

1768 2828 1917 2875 ceret
1937 2838 1951 2876 :
1972 2820 2085 2891 Ego
2112 2820 2257 2874 illum
2287 2821 2445 2875 talem
2495 2819 2701 2874 honore
2744 2820 2929 2886 aﬂ'eci;
2959 2820 3004 2875 si
3034 2835 3162 2876 vero
3180 2821 3344 2876 hono~

1769 2926 1882 2966 rem
1913 2910 2002 2965 ille
2030 2927 2136 2965 non
2173 2909 2408 2976 admisit,
2464 2910 2588 2965 hinc
2632 2911 2967 2966 accusandus
3024 2927 3132 2967 non
3184 2928 3302 2968 sum
3335 2931 3351 2978 ;

1769 3019 1946 3075 neque
1976 3004 2027 3058 id
2058 3003 2447 3074 benignitatem
2498 3019 2671 3059 meam
2712 3003 2879 3069 laedit,
2926 3004 3022 3060 sed
3065 3004 3208 3060 illius
3236 3017 3354 3062 stu-

1767 3097 2044 3167 piditatem
2071 3096 2265 3166 arguit.
2320 3097 2516 3151 Paulus
2540 3111 2670 3151 vero
2710 3111 2817 3151 non
2846 3095 2948 3152 hoc
2980 3097 3154 3152 solum
3194 3098 3347 3165 dicit,

1766 3191 1860 3247 sed
1893 3191 2053 3259 longe
2077 3190 2328 3259 amplius,
2381 3189 2524 3260 quod
2578 3205 2684 3245 non
2732 3189 2892 3245 modo
2916 3190 3341 3246 criminationem

1768 3282 1878 3336 Deo
1926 3296 2033 3335 non
2062 3279 2255 3335 inferat
2288 3279 2637 3336 incredulitas
2662 3295 2849 3335 eorum
2871 3321 2886 3345 ,
2943 3279 3038 3336 sed
3087 3282 3342 3351 majorem

1764 3372 2012 3429 ostendat
2031 3372 2147 3441 ejus
2172 3370 2430 3427 honorem
2454 3381 2509 3427 et
2532 3371 2935 3441 benignitatem,
2964 3387 3086 3427 cum
3105 3388 3226 3430 eum
3257 3372 3348 3444 qui

1763 3480 1824 3522 se
1854 3464 2271 3520 inhonoraturus
2287 3474 2366 3520 est
2402 3464 2608 3519 honore
2635 3465 2820 3521 afﬁcit.

1832 3559 1885 3613 5.
1942 3558 2187 3612 Vidistiu’
2232 3555 2501 3627 quomodo
2549 3556 2668 3612 illos
2719 3557 3032 3613 criminibus
3077 3558 3342 3614 obnoxios

1759 3649 2000 3707 elleeerit
2044 3664 2111 3704 ex
2157 3649 2222 3702 iis
2247 3689 2262 3714 ,
2290 3648 2359 3705 de
2396 3648 2588 3718 quibus
2628 3648 3038 3718 gloriabantur?
3080 3650 3341 3719 siquidem

1764 3741 1903 3796 Deus
1942 3749 2147 3795 tantum
2194 3740 2302 3794 illis
2340 3739 2521 3793 intulit
2560 3738 2855 3802 honorem,
2910 3748 2967 3793 ut
3017 3739 3114 3795 etsi
3170 3738 3345 3795 futura

1759 3830 2065 3902 praevidens
2090 3871 2105 3895 ,
2156 3844 2187 3883 a
2234 3829 2605 3884 benevolentia
2637 3843 2732 3883 sua
2766 3844 2869 3883 non
2897 3827 3222 3884 desisteret:
3267 3831 3344 3886 illi

1758 3936 1888 3976 vero
1914 3936 1972 3976 se
2004 3921 2207 3975 bonore
2233 3918 2578 3986 alﬁcientem,
2611 3934 2705 3988 per
2735 3918 2910 3989 ipsum
2942 3919 3146 3974 illatum
3174 3919 3344 3977 hono-

1758 4028 1871 4069 rem
1900 4012 2221 4069 contumelia
2250 4010 2563 4066 affecerunt.
2614 4009 2816 4066 Deinde
2842 4010 2963 4080 quia
2991 4008 3160 4075 dixit,
3206 4013 3342 4077 Quid

1757 4122 1895 4175 ergo,
1926 4105 1970 4159 si
1997 4104 2204 4175 quidam
2234 4120 2334 4156 non
2360 4102 2681 4155 crediderunt
2701 4101 2728 4154 7
2755 4108 2808 4156 et
2852 4114 3039 4156 omnes
3077 4117 3180 4155 non
3218 4116 3342 4157 cre-

1757 4198 1955 4253 didisse
1986 4196 2263 4259 videntur;
2312 4210 2379 4248 ne
2422 4194 2713 4249 secundum
2754 4192 3033 4247 historiam
3080 4193 3338 4263 loquens,

1756 4290 2047 4344 vehemens
2086 4288 2297 4341 illorum
2329 4295 2606 4340 accusator
2642 4294 2890 4355 tanquam
2934 4283 3178 4339 inimicus
3216 4299 3338 4340 esse

1754 4381 2015 4444 videatur,
2048 4378 2205 4435 modo
2233 4376 2495 4432 ratiocinii
2523 4384 2576 4430 et
2602 4375 2893 4447 syllogismi
2920 4375 3067 4445 ponit
3092 4374 3141 4430 id
3194 4374 3334 4444 quod

1757 4473 1810 4528 in
1838 4471 1912 4526 rei
1944 4471 2170 4525 veritate
2197 4468 2391 4522 factum
2421 4474 2532 4533 est,
2566 4465 2650 4520 his
2678 4465 2856 4520 verbis
2882 4484 2895 4520 :
2940 4466 2994 4519 4.
3042 4463 3124 4520 Sit
3166 4479 3335 4518 autem

1756 4564 1890 4617 Deus
1916 4578 2099 4626 verax,
2135 4563 2298 4613 omnis
2331 4568 2501 4612 autent
2531 4558 2680 4612 homo
2715 4558 2951 4611 mendax.
2983 4555 3037 4610 Id
3068 4564 3188 4611 est:
3220 4555 3336 4611 Non

1754 4657 1895 4721 dico,
1926 4653 2066 4725 quod
2097 4652 2316 4724 quidam
2350 4667 2454 4706 non
2483 4650 2831 4713 crediderint,
2864 4648 2957 4704 sed
2986 4649 3029 4703 si
3061 4650 3162 4714 vis,
3196 4663 3337 4718 pone

1753 4762 1942 4804 omnes
1970 4747 2133 4801 fuisse
2158 4742 2642 4811 incredulos,quod
2669 4742 2755 4795 vix
2784 4740 2979 4795 factum
3012 4738 3187 4793 fuerat
3207 4753 3337 4794 con-

1752 4840 1971 4907 cedens,
1994 4847 2052 4892 ut
2072 4852 2170 4892 nec
2197 4836 2453 4891 molestus
2479 4848 2579 4890 nec
2598 4840 2875 4902 suspectus
2900 4845 3018 4884 esse
3042 4830 3331 4886 videretur.

1753 4930 1885 4986 Nam
1916 4931 2013 4993 sic,
2045 4927 2235 4997 inquit,
2268 4926 2437 4997 magis
2462 4924 2787 4995 justiﬂcatur
2816 4921 2976 4977 Deus.
3022 4920 3158 4989 Quid
3204 4928 3289 4974 est
3315 4962 3331 4987 ,

1752 5020 2114 5077 Justiﬁcatur?
2136 5019 2193 5074 Si
2218 5018 2474 5089 judicium
2504 5024 2765 5070 statuatur
2791 5020 2844 5067 et
2871 5026 3096 5066 examen
3122 5026 3330 5078 eorum,

1752 5132 1872 5187 quae
1902 5117 2017 5186 ipse
2056 5113 2256 5169 Judteis
2296 5109 2520 5166 contulit
2561 5118 2616 5163 et
2643 5123 2761 5177 qum.
2802 5105 2972 5161 .ludtri
3001 5105 3100 5176 ipsi
3131 5106 3333 5160 retule-

1754 5217 1896 5273 runt,
1927 5207 2145 5262 victoria
2176 5218 2336 5276 penes
2366 5204 2532 5257 Deum
2561 5200 2692 5267 erit,
2724 5207 2778 5255 et
2807 5199 2858 5253 in
2887 5198 3134 5254 omnibus
3154 5198 3332 5266 justus

1754 5302 1844 5356 ille
1882 5296 2181 5371 apparebit.
2224 5301 2301 5349 Ae
2340 5310 2459 5349 cum
2492 5293 2543 5347 id
2572 5293 2715 5347 clare
2755 5289 3078 5347 ostendisset
3116 5306 3181 5344 ex
3224 5291 3289 5344 iis
3315 5330 3331 5354 ,

1753 5408 1872 5464 qua:
1901 5391 2047 5461 prius
2075 5389 2214 5442 dicta
2244 5394 2387 5450 sunt,
2415 5394 2537 5439 tunc
2567 5383 2877 5454 prophetam
2904 5381 3080 5435 attulit
3111 5380 3195 5435 his
3219 5380 3331 5434 suf-

1752 5488 2050 5556 fragantem
2080 5491 2133 5537 et
2162 5481 2425 5535 dicenth
2452 5497 2464 5533 :
2516 5476 2583 5532 Ut
2616 5475 2911 5548 justiﬁceris
2939 5475 2991 5529 in
3020 5472 3331 5529 sermonibus

1754 5580 1875 5643 tuis,
1904 5587 1951 5630 et
1977 5577 2145 5629 vincas
2174 5588 2286 5625 cum
2304 5569 2554 5641 judicaris
2585 5566 2771 5638 (Psal.
2800 5567 2887 5623 50.
2920 5566 2953 5621 5
2971 5565 3010 5637 ).
3045 5565 3161 5636 Ipse
3186 5565 3328 5619 enim

1755 5670 1930 5727 omnia
1961 5682 2055 5723 sua
2084 5665 2242 5721 fecit:
2273 5664 2345 5719 illi
2372 5678 2498 5717 vero
2526 5677 2696 5733 neque
2720 5661 2797 5716 sic
2818 5660 3068 5715 meliores
3088 5672 3327 5712 evasere.

1755 5760 1959 5819 Deinde
1998 5756 2351 5826 objectionem
2381 5755 2539 5809 aliam
2567 5754 2693 5809 hinc
2717 5758 3089 5821 exsurgentem
3128 5748 3179 5802 in
3212 5762 3327 5801 mc—

1755 5855 1900 5911 dium
1930 5850 2180 5917 adducit,
2227 5858 2280 5906 et
2327 5848 2440 5903 ait:
2487 5846 2542 5903 ὅ.
2577 5845 2639 5901 Si
2665 5854 2830 5898 autem
2866 5841 3104 5911 iniquitas
3145 5848 3319 5892 nostra
