3950 6460
642 361 742 417 859

635 473 879 536 iustitiam
913 468 1003 521 Dci
1032 467 1368 529 commendat,
1395 464 1518 535 quid
1544 463 1810 517 dicemus?
1838 459 2083 530 numquid
2111 458 2215 512 ini-

636 581 764 630 quus
778 571 847 616 est
868 559 1005 615 Deus
1025 560 1107 630 qui
1131 560 1282 631 infert
1301 556 1457 610 iram?
1477 555 1774 625 (secundum
1791 552 2039 606 hominem
2060 549 2222 622 dico.)

651 656 812 709 Absit.
856 651 1154 706 Absurdum
1188 665 1281 719 per
1306 648 1591 703 absurdum
1620 646 1836 700 demum
1867 643 2042 698 solvit.
2088 642 2223 709 Quia

641 760 771 799 vero
798 743 899 797 hoc
923 744 1207 797 obscurum
1238 747 1337 804 est,
1361 753 1579 793 necesse
1603 746 1687 793 est
1712 738 1908 791 clarius
1933 746 2218 804 exponere.

640 836 751 890 Hoc
782 844 864 889 est
889 842 1064 887 autem
1095 830 1147 885 id
1164 831 1304 901 quod
1323 830 1485 885 dicit:
1510 828 1722 883 Judzeos
1742 830 1880 884 Deus
1905 825 2221 881 honoravit:

638 925 789 980 illum
821 924 919 995 ipsi
951 922 1274 979 contumelia
1302 921 1617 977 affecerunt.
1669 919 1780 974 lloc
1823 919 1899 972 illi
1943 916 2222 971 victoriam

638 1024 821 1090 parat,
868 1026 921 1072 et
971 1030 1218 1084 magnam
1261 1013 1378 1083 ejus
1427 1012 1809 1082 benignitatem
1853 1009 2221 1074 demonstrat,

640 1110 781 1180 quod
824 1108 959 1163 tales
988 1122 1109 1161 cum
1142 1113 1324 1161 essent
1370 1104 1733 1158 honoraverit.
1780 1101 1943 1172 Igitur
1979 1099 2223 1170 quando-

638 1198 855 1268 quidem
887 1198 957 1252 ait
984 1238 999 1263 ,
1029 1199 1151 1267 quia
1179 1212 1277 1249 nos
1310 1194 1657 1250 contumelias
1684 1201 1738 1248 et
1767 1192 1986 1262 injurias
2012 1190 2109 1261 ipsi
2138 1191 2225 1245 iu-

637 1292 892 1358 tnlimus,
928 1291 1048 1345 ideo
1080 1288 1221 1343 Deus
1257 1289 1416 1353 vicit,
1459 1295 1513 1342 et
1547 1286 1750 1357 justitia
1792 1285 1909 1355 ejus
1948 1283 2223 1353 splendida

638 1384 735 1438 fuit
767 1400 781 1438 :
823 1399 954 1449 cur,
984 1383 1191 1453 inquit,
1226 1383 1438 1451 punior,
1469 1382 1559 1452 qui
1592 1396 1686 1450 per
1715 1379 2091 1435 contumeliam
2124 1378 2225 1449 ipsi

638 1477 875 1531 victoria:
901 1491 1059 1531 causa
1092 1476 1207 1530 fui?
1234 1474 1511 1543 Quomodo
1540 1474 1698 1545 igitur
1726 1472 1884 1529 solvit
1901 1471 2082 1549 illud?
2108 1472 2225 1527 Alia

640 1583 851 1622 rursum
877 1610 893 1635 ,
940 1579 997 1623 ut
1034 1566 1177 1631 dixi,
1223 1565 1571 1621 absurditate.
1610 1566 1665 1622 Si
1695 1566 1837 1621 enim
1876 1574 1929 1620 tu
1956 1607 1971 1634 ,
2018 1564 2222 1635 inquit,

640 1658 878 1714 victoria:
899 1674 1058 1713 causa
1085 1657 1253 1722 fuisti,
1282 1669 1337 1714 et
1363 1667 1545 1729 postea
1571 1658 1795 1727 puniris,
1820 1658 2072 1727 injustum
2095 1656 2224 1712 illud

641 1760 761 1806 est:
791 1752 836 1806 si
864 1760 1040 1806 autem
1069 1751 1157 1806 ille
1185 1766 1291 1805 non
1323 1751 1548 1821 injustus
1577 1760 1679 1817 est,
1708 1761 1761 1806 et
1792 1760 1966 1805 tamen
1999 1750 2222 1821 puniris,

635 1841 749 1912 jam
792 1859 895 1897 non
937 1843 1011 1897 illi
1053 1843 1290 1898 victoria:
1316 1857 1474 1897 causa
1505 1842 1671 1898 fuisti.
1704 1842 1771 1897 Et
1814 1842 1933 1898 vide
1977 1843 2225 1913 pietatem

639 1937 1010 2004 apostolicam.
1062 1935 1196 1991 Cum
1244 1936 1386 1991 enim
1427 1936 1678 2004 dixisset,
1726 1935 1869 1991 Num
1907 1936 2111 2007 iniquus
2152 1944 2225 1990 est

643 2026 779 2081 Dcus
806 2028 893 2097 qui
918 2027 1070 2096 infert
1096 2027 1224 2080 iram
1244 2027 1270 2081 ?
1296 2027 1512 2095 adjecit,
1543 2026 1837 2082 Secundum
1866 2027 2119 2081 hominem
2144 2027 2223 2081 lo-

638 2138 784 2191 quor.
809 2124 883 2176 Ac
908 2121 952 2175 si
983 2121 1120 2191 quis,
1144 2121 1236 2183 ait,
1263 2121 1556 2177 secundum
1580 2122 1866 2175 humanum
1887 2119 2224 2175 ratiocinium

640 2214 930 2268 dissereret
960 2231 972 2267 :
1000 2213 1200 2283 justum
1222 2214 1418 2285 quippe
1440 2213 1532 2269 Dei
1547 2213 1803 2284 judicium
1824 2227 1908 2279 ea,
1926 2228 2044 2284 quae
2074 2212 2226 2268 nobis

633 2305 775 2372 jnsta
804 2320 924 2359 esse
954 2305 1198 2359 videntur
1218 2346 1232 2370 ,
1265 2305 1422 2376 longe
1451 2315 1699 2375 superat,
1728 2314 1782 2360 et
1808 2304 1941 2359 alias
1967 2303 2223 2375 quasdam

637 2412 966 2466 arcanas-que
986 2398 1219 2453 rationes
1238 2397 1413 2452 habet.
1431 2397 1634 2452 Deinde
1649 2398 1769 2468 quia
1791 2396 1917 2451 illud
1935 2396 2222 2452 obscurum

636 2501 774 2555 erat,
805 2490 1041 2545 secundo
1070 2490 1298 2561 idipsum
1325 2491 1453 2546 dicit
1479 2510 1492 2546 :
1523 2491 1575 2545 7.
1604 2490 1665 2546 Si
1693 2490 1824 2545 enim
1845 2491 2028 2546 veritas
2055 2488 2148 2543 Dei
2170 2490 2224 2543 in

637 2598 746 2635 meo
778 2582 1037 2636 mendacio
1065 2583 1338 2637 abundavit
1366 2584 1419 2637 in
1448 2583 1665 2652 gloriam
1692 2583 1873 2652 ipsius,
1903 2582 2028 2654 quid
2055 2582 2225 2636 adhuc

643 2682 692 2726 et
722 2688 813 2743 ego
845 2682 1101 2743 tamquam
1131 2684 1366 2744 peccator
1385 2673 1638 2745 judicor?
1676 2671 1729 2729 Si
1762 2674 1902 2728 enim
1932 2673 2070 2728 Deus
2095 2714 2110 2740 ,
2137 2673 2222 2726 iu-

637 2765 773 2834 quit,
806 2763 1087 2833 benignus,
1111 2764 1288 2833 justus
1314 2775 1368 2820 et
1398 2767 1569 2820 bonus
1597 2764 1743 2819 visus
1763 2774 1843 2819 est
1872 2764 1941 2819 ob
1966 2763 2219 2833 idipsum,

639 2853 780 2922 quod
816 2864 868 2907 tu
902 2869 1006 2908 non
1035 2856 1437 2925 obtemperasti,
1469 2870 1574 2909 non
1606 2854 1765 2909 modo
1790 2854 1955 2910 debes
1985 2869 2089 2908 non
2120 2869 2222 2923 pu-

641 2946 778 3009 niri,
824 2946 917 3001 sed
949 2947 1107 3003 etiam
1138 2948 1385 3003 mercede
1412 2947 1621 3002 donari.
1663 2947 1719 3005 Si
1763 2956 1941 3003 autem
1982 2947 2083 3003 hoc
2110 2948 2219 3015 sit,

638 3037 765 3092 illud
788 3038 1077 3093 absurdum
1106 3050 1380 3109 sequetur,
1409 3040 1549 3109 quod
1571 3056 1601 3093 a
1622 3039 1804 3094 multis
1824 3039 2218 3106 circumfertur;

639 3144 703 3184 ex
737 3130 889 3183 malis
920 3145 1110 3199 nempe
1138 3130 1275 3185 bona
1308 3129 1421 3185 fieri
1445 3172 1460 3197 ,
1493 3139 1547 3185 et
1585 3130 1723 3184 mala
1749 3144 1939 3186 causas
1968 3144 2087 3185 esse
2126 3130 2224 3185 bo-

637 3237 846 3276 norum.
883 3222 957 3277 Ex
989 3222 1197 3277 duobus
1226 3233 1403 3278 autem
1436 3223 1663 3279 alterum
1692 3224 1997 3278 necessario
2027 3237 2221 3278 conse-

635 3327 828 3385 quetur
848 3358 863 3381 ,
901 3328 991 3370 aut
1020 3332 1141 3370 eum
1168 3357 1185 3383 ,
1216 3318 1259 3371 si
1292 3318 1475 3387 punit,
1506 3317 1758 3386 injustam
1786 3317 1987 3381 videri;
2020 3317 2063 3372 si
2093 3332 2223 3371 vero

637 3423 742 3461 non
788 3407 977 3475 punit,
1027 3422 1092 3461 ex
1124 3406 1279 3461 malis
1319 3408 1517 3462 nostris
1560 3407 1836 3463 victoriam
1878 3408 2219 3475 obtinuisse:

635 3498 777 3567 quod
806 3507 1087 3567 utrumque
1114 3513 1271 3567 supra
1301 3498 1516 3552 modum
1543 3498 1833 3553 absurdum
1858 3509 1961 3554 est.
1998 3498 2049 3553 Id
2078 3498 2221 3568 (μιωὰ

637 3603 687 3646 ει
733 3593 845 3661 ipse
878 3590 1157 3646 declarans
1182 3632 1195 3653 ,
1228 3590 1538 3661 hujusmodi
1570 3589 1880 3662 dogmatum
1913 3599 2090 3661 patres
2135 3591 2219 3644 in-

637 3685 789 3738 duxit
831 3684 1047 3740 Gnccos
1072 3726 1087 3748 ,
1130 3687 1257 3739 satis
1288 3700 1407 3739 esse
1433 3694 1625 3755 putans
1653 3684 1719 3739 ad
1745 3685 2008 3740 dictorum
2034 3683 2221 3739 confu-

639 3777 891 3847 tationem
918 3792 1263 3846 personarum
1290 3777 1403 3831 lucc
1421 3775 1708 3831 dicentium
1726 3777 2055 3846 qualitatem.
2073 3775 2222 3830 Tunc

637 3869 779 3922 enim
814 3868 889 3921 illi
919 3869 1073 3923 nobis
1104 3867 1390 3923 illudentes
1417 3866 1669 3923 dicebant
1694 3887 1707 3924 :
1738 3869 2019 3924 Faciamus
2045 3869 2215 3933 mala,

638 3973 695 4015 ut
736 3962 954 4016 veniant
983 3961 1144 4016 bona.
1181 3961 1412 4033 Ideoque
1440 3962 1585 4017 clare
1617 3962 1742 4017 illud
1775 3962 1987 4031 posuit,
2034 3962 2103 4014 ita
2135 3960 2220 4013 di-

636 4068 802 4107 cens:
835 4053 887 4107 8.
920 4049 986 4105 Et
1026 4070 1129 4106 non
1153 4095 1167 4120 ,
1211 4054 1337 4106 sicut
1379 4053 1808 4123 blasphemamur,
1839 4062 1885 4107 ct
1923 4054 2051 4106 sicut
2080 4055 2222 4106 aiunt

637 4146 842 4215 quidam
888 4162 978 4198 nos
1018 4145 1183 4199 dicere
1201 4186 1216 4209 ,
1249 4144 1523 4199 Faciamus
1550 4147 1687 4199 mala
1706 4187 1721 4211 ,
1752 4157 1805 4199 ut
1830 4147 2029 4200 veniant
2057 4146 2224 4200 bona:

636 4254 847 4307 quorum
878 4236 1135 4290 danmatio
1157 4237 1300 4307 justa
1329 4250 1423 4293 est.
1448 4240 1577 4306 Quia
1601 4240 1740 4293 enim
1763 4239 1972 4294 diccbat
1994 4240 2218 4294 Paulus:

644 4330 743 4385 Ubi
772 4331 1040 4383 abundavit
1067 4341 1321 4399 peccatum
1344 4373 1357 4397 ,
1389 4332 1810 4402 superabundavit
1831 4334 1994 4403 gratia
2030 4334 2220 4407 (Rom.

642 4423 695 4476 5.
721 4408 813 4483 20)
839 4464 853 4485 ,
882 4422 1222 4475 traducentes
1252 4422 1398 4475 illum
1427 4464 1440 4488 ,
1475 4431 1528 4476 ct
1556 4422 1620 4476 ad
1651 4423 1811 4477 alium
1840 4438 2053 4478 sensum
2083 4425 2221 4479 dicta

640 4513 1041 4580 delorqueutes,
1076 4512 1342 4577 dicebant,
1376 4522 1623 4582 oportere
1650 4513 1900 4568 malitiam
1931 4516 2142 4578 sectari,
2168 4525 2224 4569 ut

641 4605 882 4659 fruamur
908 4604 1082 4658 bonis.
1115 4604 1309 4658 Paulus
1336 4620 1463 4659 vero
1489 4621 1590 4658 non
1623 4605 1692 4658 ita
1716 4606 2065 4675 loquebatur:
2098 4606 2222 4660 illud

640 4707 822 4751 autem
852 4697 1127 4763 corrigens
1157 4695 1367 4750 dicebat
1396 4712 1409 4748 :
1446 4696 1581 4760 Quid
1615 4714 1731 4766 ergo
1751 4696 1777 4750 ?
1804 4699 2224 4766 perseverabimus

637 4788 689 4843 in
720 4798 944 4859 peccato,
977 4798 1030 4842 ut
1058 4789 1224 4859 gratia
1248 4788 1466 4842 abundet
1492 4791 1517 4843 ?
1548 4790 1686 4843 Absit
1730 4790 1748 4862 (
1773 4788 1924 4844 Rom.
1956 4790 2008 4846 6.
2043 4794 2096 4846 1.
2125 4791 2160 4845 2
2180 4794 2222 4863 ).

639 4881 772 4935 Nam
805 4880 873 4935 de
906 4882 1190 4950 prmteritis
1223 4881 1553 4951 temporibus
1581 4881 1687 4936 dixi
1708 4923 1724 4948 ,
1754 4898 1856 4937 non
1886 4892 1943 4938 ut
1971 4884 2086 4939 lucc
2113 4900 2226 4940 me-

640 4973 873 5028 ditemur
894 4984 948 5028 et
973 4990 1338 5029 exerceamus.
1360 4974 1441 5029 Ab
1469 4976 1567 5028 bac
1590 4976 1747 5045 igitur
1772 4991 2023 5031 amovens
2053 4978 2225 5047 suspi-

640 5068 815 5132 cione,
851 5067 983 5121 dixit
1014 5067 1140 5121 illud
1174 5068 1504 5137 impossibile
1532 5084 1672 5123 esse.
1707 5068 1809 5136 Qui
1839 5070 1993 5134 enim,
2023 5069 2222 5140 inquit,

644 5158 827 5211 mortui
855 5175 1029 5212 sumus
1063 5170 1268 5229 peccato
1292 5203 1305 5226 ,
1333 5161 1584 5230 quomodo
1606 5160 1773 5214 adhuc
1810 5162 1861 5214 in
1888 5178 1943 5215 eo
1969 5163 2228 5216 vivemus?

716 5247 768 5302 6.
813 5247 866 5301 In
913 5249 1138 5318 gentiles
1183 5266 1309 5321 ergo
1359 5250 1514 5306 facile
1552 5252 1795 5305 invectus
1841 5260 1960 5316 est;
2010 5252 2225 5307 illorum

643 5339 838 5409 quippe
860 5343 964 5394 vita
987 5342 1267 5397 admodum
1296 5355 1542 5414 corrupta
1566 5354 1713 5399 erat:
1744 5345 2050 5401 Judaeorum
2076 5362 2223 5412 vero,

644 5429 743 5484 etsi
772 5430 875 5483 vita
908 5431 1143 5501 neglecta
1160 5435 1458 5501 videretur,
1479 5436 1651 5490 atillis
1679 5437 1908 5506 tegmina
1936 5447 2090 5491 erant
2115 5453 2226 5491 ma-

644 5536 745 5590 gna
769 5563 782 5585 ,
818 5521 900 5575 lex
927 5532 981 5576 et
1009 5523 1342 5579 circumcisio
1364 5568 1378 5591 ,
1412 5535 1467 5582 et
1493 5528 1634 5597 quod
1666 5528 1803 5582 Deus
1830 5544 1949 5583 cum
1977 5529 2079 5583 illis
2108 5545 2226 5584 ver-

645 5622 792 5666 satus
821 5621 876 5667 et
905 5614 1237 5683 colloquutus
1267 5627 1443 5685 esset,
1492 5619 1738 5690 quodque
1768 5620 2005 5675 omnium
2044 5630 2227 5677 essent

645 5705 910 5761 doctores.
956 5705 1078 5761 Ideo
1104 5707 1208 5766 illis
1261 5708 1374 5764 haec
1400 5710 1695 5765 velamenta
1724 5711 1980 5778 abstulit,
2026 5720 2080 5768 et
2111 5713 2228 5769 iiiOS

648 5798 818 5869 magis
844 5813 907 5855 ea
934 5803 1001 5856 de
1036 5813 1194 5857 causa
1220 5802 1377 5872 plecti
1412 5801 1812 5873 demonstravit,
1843 5818 1947 5877 qua
1978 5805 2031 5860 in
2059 5819 2116 5861 re
2141 5805 2231 5862 hic

1375 353 1431 412 S.
1470 350 1747 410 JOANNIS
1784 340 2249 403 CllllYSOSTOMl
2288 341 2597 398 ARCHIEP.
2640 344 3169 405 CONSTANTINOP.
3793 340 3868 397 UO

2331 472 2633 513 sermonem
2665 460 2945 514 conclusit.
2978 460 3107 515 Nam
3136 462 3180 515 si
3212 459 3406 516 talibus
3448 442 3691 530 patratis,
3714 457 3863 528 inquit.

2329 563 2436 602 non
2481 551 2808 619 puniuntur,
2841 568 3062 607 necesse
3102 564 3182 608 est
3207 595 3221 620 ,
3269 564 3327 607 ut
3368 552 3737 624 blaSphemuns
3769 553 3860 607 illud

2327 639 2526 694 dictum
2549 642 2745 696 circum
2754 642 2953 696 feratur
2973 660 2987 697 :
3007 641 3280 698 Faciamus
3296 645 3452 707 mala,
3466 655 3524 697 ut
3543 644 3736 698 veniam
3751 644 3861 697 bona.

2304 729 2381 785 Si
2410 741 2586 785 autem
2618 734 2741 787 illud
2769 733 2989 804 impium
3020 743 3136 799 est,
3165 744 3219 790 ct
3244 736 3287 790 si
3314 737 3401 805 qui
3430 734 3561 789 illud
3588 734 3759 790 dicmt
3780 747 3863 803 pth-

2329 812 2425 876 nas
2465 821 2670 878 dabunt
2697 825 2715 893 (
2740 824 2791 879 id
2819 826 2962 881 enim
2990 827 3285 882 declaravit
3323 826 3408 882 his
3437 827 3620 881 verbis
3639 868 3656 892 ,
3689 827 3867 892 Qum

2328 910 2589 968 damnatio
2634 916 2781 987 justo
2836 915 2992 990 est);
3043 919 3216 986 palam
3259 927 3341 974 est
3377 920 3497 975 illos
3541 918 3737 989 puniri.
3771 919 3869 973 Nam

2328 1004 2374 1059 si
2405 1006 2494 1075 qui
2522 1005 2626 1061 hoc
2667 1007 2854 1063 dicunt
2900 1008 3165 1080 supplicio
3188 1011 3333 1082 digni
3360 1020 3522 1079 sunt,
3555 1012 3724 1067 multo
3746 1014 3873 1080 magis

2327 1099 2417 1168 qui
2465 1098 2705 1157 faciunt:
2747 1102 2791 1157 si
2830 1114 3008 1158 autem
3052 1104 3317 1177 Supplicia
3342 1105 3486 1178 digni
3514 1148 3531 1173 ,
3563 1108 3746 1177 utique
3767 1112 3875 1178 quod

2328 1190 2690 1257 peccaverint.
2749 1191 2938 1264 Neque
2975 1198 3118 1251 enim
3160 1197 3321 1253 homo
3366 1208 3449 1253 est
3487 1199 3583 1269 qui
3627 1200 3800 1268 mult.
3837 1212 3878 1255 ut

2329 1279 2450 1347 quis
2478 1280 2547 1337 de
2572 1282 2765 1338 calculi
2795 1286 3023 1342 veritate
3049 1285 3290 1354 dubitet;
3316 1288 3409 1343 sed
3432 1289 3598 1354 Deus,
3628 1290 3718 1359 qui
3740 1293 3879 1345 omnis

2307 1394 2311 1398 η
2326 1370 2472 1441 juste
2498 1374 2642 1430 facit.
2667 1375 2723 1431 Si
2754 1392 2887 1433 vero
2909 1377 3054 1449 juste
3082 1379 3393 1450 puniuntur,
3426 1381 3631 1451 injuste
3657 1382 3731 1437 illi
3755 1398 3879 1454 supra

2330 1475 2629 1520 memorata
2677 1467 2964 1538 dicebant,
2993 1485 3094 1527 nos
3125 1471 3469 1528 traducentes
3497 1491 3512 1528 :
3546 1476 3729 1529 omnis
3767 1479 3877 1531 enim

2332 1554 2474 1610 Deus
2522 1556 2756 1614 faciebat
2799 1569 2855 1616 et
2892 1560 3046 1630 facit,
3080 1572 3139 1618 ut
3166 1564 3288 1619 vita:
3329 1564 3638 1620 institutum
3682 1579 3879 1623 nostrum

2331 1646 2601 1704 elucescat
2640 1659 2695 1706 et
2737 1653 2970 1725 undique
3007 1666 3212 1711 rectum
3253 1658 3344 1712 sit.
3393 1658 3469 1713 Ne
3519 1660 3703 1731 itaque
3745 1662 3884 1733 ignavi

2330 1738 2533 1807 simus;
2567 1742 2637 1797 ita
2665 1744 2808 1799 enim
2838 1747 3070 1816 gentiles
3096 1750 3394 1819 poterimus
3428 1751 3499 1807 ab
3528 1767 3717 1809 errore
3739 1771 3886 1810 remo-

2329 1844 2479 1886 vere.
2519 1831 2652 1888 Nam
2679 1835 2724 1890 si
2751 1838 2931 1894 verbis
2959 1839 3419 1911 pbi1050pbemur,
3451 1852 3511 1898 et
3534 1846 3780 1914 operibus
3803 1858 3885 1901 tur.

2332 1922 2470 1991 piter
2492 1938 2713 1995 agamus
2732 1970 2745 1989 .
2773 1930 2967 1999 quibus
2993 1934 3162 1989 oculis
3192 1934 3339 2005 ipsos
3374 1938 3770 2007 reSpiciemus?
3804 1957 3889 2011 qlo

2329 2028 2425 2069 ore
2453 2016 2520 2071 de
2545 2017 2884 2089 dogmatibus
2910 2024 3333 2095 disputabimus?
3357 2029 3513 2085 Dicet
3534 2032 3681 2086 enim
3702 2033 3890 2103 singulis

2330 2116 2571 2163 nostrum
2598 2128 2611 2163 :
2645 2113 2744 2179 Qui
2774 2129 2842 2169 ne
2868 2116 3147 2172 minimum
3172 2119 3389 2189 quidem
3420 2136 3561 2192 opus
3600 2123 3790 2179 bonum
3829 2125 3889 2180 fe-

2328 2198 2470 2262 cisti,
2499 2204 2769 2271 quomodo
2798 2206 2962 2263 audes
2985 2208 3055 2264 de
3081 2210 3267 2280 majori
3291 2212 3543 2267 erudire?
3567 2215 3664 2284 qui
3688 2217 3891 2270 nondum

2329 2289 2561 2346 didicisti
2593 2297 2871 2351 avaritiam
2900 2313 3021 2355 esse
3049 2301 3268 2370 malum,
3298 2304 3571 2373 quomodo
3599 2306 3671 2361 de
3697 2308 3893 2363 celesti-

2331 2382 2428 2439 bus
2454 2384 2890 2457 pbiIOSOpharis?
2916 2394 2983 2445 At
3002 2394 3199 2448 malum
3227 2411 3347 2450 esse
3376 2399 3517 2451 nosti
3538 2399 3564 2452 ἲ
3585 2398 3727 2469 Ergo
3752 2402 3895 2469 unius

2329 2474 2532 2529 crimen
2564 2485 2666 2542 est,
2699 2480 2819 2547 quia
2849 2496 3048 2550 gnarus
3079 2498 3290 2552 peccas.
3321 2485 3528 2556 Ecquid
3559 2490 3807 2559 gentilem
3828 2493 3893 2543 di-

2328 2566 2437 2621 co?
2479 2566 2664 2638 Neque
2703 2571 2845 2625 enim
2879 2573 3025 2644 leges
3071 2586 3266 2631 nostrae
3304 2579 3488 2633 sinunt
3532 2595 3635 2635 nos
3680 2581 3775 2636 frui
3816 2583 3892 2637 hac

2328 2655 2540 2712 dicendi
2572 2660 2821 2718 libertate
2845 2704 2860 2728 ,
2903 2666 3116 2733 quando
3146 2670 3250 2722 vita
3281 2680 3462 2725 nostra
3503 2682 3760 2745 corrupta
3787 2684 3891 2729 est:

2326 2747 2458 2803 Nam
2485 2751 2561 2806 ait
2587 2769 2602 2807 :
2628 2751 2895 2810 Peccatori
2923 2752 3093 2813 dictem
3122 2761 3252 2815 dixit
3284 2761 3420 2818 Deus
3442 2779 3463 2818 :
3492 2765 3667 2833 Quare
3691 2778 3743 2820 tu
3768 2785 3894 2821 caer-

2326 2855 2413 2893 ras
2435 2842 2667 2912 justitias
2692 2862 2829 2900 meas
2856 2847 3041 2918 (Psal.
3059 2851 3147 2906 49.
3179 2851 3314 2922 16)?
3350 2854 3523 2910 Judaei
3552 2858 3767 2913 abducti
3792 2872 3896 2916 sust

2326 2934 2615 3003 aliquando
2632 2940 2849 3009 captivi,
2869 2950 2922 2997 ct
2941 2944 3256 3000 instantibus
3275 2948 3699 3021 rogantibusque
3719 2952 3894 3019 Pcrsis,

2329 3034 2386 3080 ut
2413 3027 2504 3083 illa
2543 3029 2721 3086 divina
2763 3035 2968 3089 cantica
3000 3050 3289 3107 canerent,
3317 3041 3611 3099 dicebant:
3656 3045 3896 3111 Quomodo

2325 3121 2643 3178 cantabimus
2667 3127 2917 3181 canticum
2937 3127 3143 3184 Domini
3168 3132 3222 3186 in
3245 3143 3379 3187 terra
3403 3136 3570 3189 aliena
3594 3136 3769 3210 (Psal.
3796 3140 3895 3193 135.

2324 3209 2420 3279 ω
2445 3211 2601 3278 Quod
2631 3216 2676 3270 si
2718 3218 2769 3271 in
2799 3218 3149 3275 barbarorum
3181 3234 3322 3278 terra
3350 3241 3457 3280 non
3489 3209 3687 3283 licebat
3710 3231 3895 3300 eloquia

2326 3303 2537 3361 Domini
2561 3322 2779 3378 canere,
2799 3322 3000 3382 quanto
3021 3316 3195 3371 minus
3222 3317 3417 3374 licebat
3437 3321 3637 3377 anima-
3657 3323 3897 3377 barbara?

2325 3398 2554 3456 barbara
2575 3403 2718 3457 enim
2744 3414 2829 3459 est
2853 3406 3236 3464 immisericors
3265 3412 3463 3464 anima.
3490 3411 3545 3468 Si
3573 3416 3720 3468 enim
3751 3415 3898 3482 capti-

2325 3508 2421 3547 vos
2451 3501 2506 3549 et
2534 3510 2718 3551 servos
2746 3496 3018 3553 hominum
3051 3501 3104 3554 in
3131 3502 3303 3557 aliena
3334 3513 3476 3558 terra
3511 3506 3592 3559 lex
3625 3507 3679 3560 in
3706 3507 3899 3561 silenis:

2326 3586 2516 3641 sedere
2539 3587 2727 3656 jussit;
2752 3591 2918 3644 multo
2942 3594 3109 3663 magis
3130 3608 3317 3650 servos
3342 3596 3566 3664 peccati,
3587 3608 3643 3651 et
3668 3599 3719 3652 in
3745 3600 3901 3652 alieno

2325 3677 2449 3730 vita:
2489 3677 2728 3733 instituto
2769 3690 3045 3737 versantes
3066 3726 3081 3750 ,
3109 3698 3171 3739 os
3199 3686 3451 3742 claudere
3482 3703 3578 3757 par
3607 3700 3713 3743 est.
3759 3691 3899 3755 Atqui

2327 3778 2379 3824 et
2410 3784 2605 3839 organa
2640 3779 2765 3826 tunc
2793 3773 2867 3826 illi
2895 3772 3196 3832 habebant:
3225 3793 3345 3832 nam
3376 3777 3443 3832 In
3472 3780 3713 3835 salicibus
3738 3782 3792 3834 in
3814 3800 3902 3834 in»

2328 3861 2413 3917 dio
2436 3864 2563 3931 eius,
2585 3864 2775 3935 inquit,
2807 3868 3166 3937 suspendimus
3192 3886 3382 3941 organa
3403 3883 3575 3926 nostra
3594 3872 3771 3941 (Ρωι.
3794 3875 3901 3928 Ιόἑ.

2327 3954 2420 4027 Ξ);
2454 3957 2547 4011 sed
2579 3973 2752 4027 neque
2780 3960 2850 4014 ita
2885 3960 3099 4016 licebat.
3127 3962 3292 4033 igitur
3321 3980 3499 4034 neque
3527 3968 3707 4031 nobis,
3738 3969 3833 4021 etsi
3861 3980 3905 4021 et

2310 4061 2389 4103 ὀε
2436 4048 2728 4106 habeamus
2765 4061 2820 4107 et
2859 4053 3091 4123 linguam
3117 4096 3133 4122 ,
3163 4072 3283 4126 qua:
3324 4067 3449 4113 sunt
3495 4074 3696 4129 organa
3728 4063 3869 4114 verbi
3891 4104 3905 4121 .

2329 4141 2454 4197 licet
2496 4158 2619 4197 eum
2653 4143 2842 4199 fiducia
2874 4146 3052 4216 loqui,
3086 4149 3337 4218 quamdiu
3370 4164 3593 4221 peccato
3614 4197 3633 4220 ,
3667 4155 3907 4210 barbaro-

2327 4250 2445 4291 rum
2475 4238 2711 4291 omnium
2743 4240 2974 4305 szcviori,
3008 4243 3288 4298 servimus.

2400 4329 2599 4383 Avarus
2629 4339 2701 4383 est
2731 4331 3200 4389 idololatra.—Dic
3229 4338 3370 4390 enim
3403 4336 3554 4403 mihi,
3581 4337 3708 4408 quid
3733 4339 3909 4409 gentili

2329 4417 2476 4474 dices
2501 4462 2515 4486 ,
2543 4420 2672 4475 dum
2703 4424 2905 4492 rapinte
2943 4423 3153 4480 deditus
3193 4441 3251 4481 es
3279 4436 3335 4482 et
3362 4429 3645 4483 avaritiae?
3674 4430 3911 4497 Abscede

2329 4512 2395 4565 ab
2417 4510 2737 4580 idololatria,
2767 4515 2933 4570 Deum
2965 4532 3215 4587 agnosce,
3244 4535 3312 4574 ne
3341 4531 3625 4590 argentum
3651 4532 3702 4577 et
3728 4539 3911 4577 om

2329 4606 2574 4675 quaaras?
2604 4608 2796 4661 Annon
2824 4607 2914 4663 ille
2945 4609 3145 4665 ridebit
3166 4611 3413 4683 dicetque
3442 4631 3457 4666 :
3502 4613 3630 4667 Haec
3654 4613 3749 4668 tibi
3777 4616 3915 4683 prius

2329 4696 2534 4752 dicito?
2578 4714 2752 4766 neque
2783 4701 2926 4755 enim
2957 4716 3054 4771 par
3076 4717 3167 4759 res
3194 4714 3273 4758 est
3302 4706 3554 4774 gentilem
3581 4723 3704 4762 esse
3748 4709 3915 4762 idolo-

2330 4787 2539 4853 latram,
2568 4798 2622 4843 et
2644 4788 3007 4846 Christianum
3033 4790 3172 4848 idem
3192 4793 3372 4873 ipsum
3404 4797 3582 4850 scelus
3612 4797 3912 4852 admith

2310 4878 2610 4945 Quomodo
2663 4882 2806 4935 enim
2857 4883 3152 4951 poterimus
3194 4885 3329 4939 alios
3372 4887 3439 4941 ab
3482 4888 3791 4944 idololatria
3837 4890 3917 4943 illa

2331 4969 2620 5035 abducere,
2648 4971 2775 5026 dum
2803 4988 2901 5028 nos
2928 4974 2996 5029 ab
3025 4974 3111 5028 illa
3141 4990 3246 5030 non
3274 4977 3543 5034 resilimus
3564 4980 3590 5032 ?
3634 4996 3735 5034 nos
3778 4984 3917 5039 enim

2320 5063 2487 5119 'nobis
2526 5065 2931 5134 propinquiores
2968 5081 3126 5136 quam
3167 5068 3409 5138 proximo
3436 5086 3643 5126 sumus.
3688 5072 3751 5127 Si
3798 5089 3921 5141 ergo

2331 5157 2487 5211 nobis
2515 5159 2643 5228 ipsis
2667 5173 2770 5212 non
2796 5159 3231 5228 persuadeamus,
3258 5162 3529 5231 quomodo
3551 5164 3676 5218 aliis
3701 5180 3925 5235 persna-

2331 5249 2611 5306 debimus?
2628 5250 2684 5305 Si
2704 5251 2845 5306 enim
2874 5251 2940 5317 is,
2959 5253 3047 5322 qui
3069 5252 3248 5307 domui
3274 5269 3386 5309 sua:
3411 5270 3516 5309 non
3534 5256 3680 5311 bene
3698 5266 3921 5326 [ss-aest.

2331 5357 2505 5412 neque
2530 5342 2785 5398 Ecclesia:
2805 5358 2987 5398 curam
3013 5343 3257 5409 habebit;
3279 5346 3548 5414 quomodo
3574 5349 3686 5408 ille.
3709 5349 3809 5416 qui
3833 5362 3931 5401 nec.

2332 5436 2525 5491 anima:
2560 5450 2670 5491 sua:
2692 5445 2889 5508 prazest
2909 5480 2924 5505 ,
2949 5437 3084 5493 alios
3108 5439 3396 5495 emendare
3424 5440 3666 5510 poterit?
3689 5439 3775 5493 Ne
3804 5440 3931 5491 mihi

2333 5528 2553 5595 dixeris,
2586 5537 2636 5583 te
2666 5545 2771 5583 non
2800 5544 3021 5583 aureum
3051 5528 3253 5589 idolum
3271 5530 3493 5585 adorare
3512 5549 3525 5583 :
3545 5530 3644 5585 sed
3668 5530 3783 5585 hoc
3804 5530 3931 5584 mihi

2336 5621 2559 5690 probato
2579 5662 2595 5687 ,
2642 5630 2695 5676 te
2726 5636 2830 5676 non
2861 5621 2949 5675 illa
2977 5621 3184 5689 facere,
3212 5637 3333 5693 quae
3358 5637 3541 5677 aurum
3567 5621 3755 5691 jubet.
3808 5622 3932 5677 Nam

2333 5711 2528 5767 diversi
2565 5722 2691 5767 sunt
2744 5712 3058 5768 idololatria:
3104 5713 3249 5770 modi
3275 5730 3293 5769 :
3319 5725 3373 5770 et
3401 5715 3535 5770 alios
3576 5714 3819 5787 quidam
3852 5731 3932 5783 μοι

2339 5814 2412 5861 tat
2439 5820 2743 5863 mamonam
2796 5820 2917 5864 esse
2959 5806 3233 5863 dominum
3260 5848 3277 5879 ,
3329 5810 3467 5866 alius
3516 5819 3783 5867 ventrem
3830 5820 3932 5863 σει
