3950 6454
151 376 225 439 ιιι

149 500 291 556 «om,
308 484 425 542 alius
446 477 608 534 aliam
634 471 982 545 cupiditatem
1006 465 1400 538 gravissimam.
1427 459 1535 556 sed
1555 473 1659 515 non

151 551 343 644 immitis
364 570 482 644 ipsis
510 568 696 633 boves,
724 574 778 620 ut
802 558 1068 634 gentiles?
1098 557 1319 620 Verum,
1340 551 1483 624 quod
1502 551 1664 644 longe

147 640 336 732 deterius
360 640 464 726 est,
501 669 647 714 luam
673 663 875 711 mactas
900 649 1155 706 animam.
1197 644 1305 702 Sed
1348 658 1456 699 non
1494 640 1665 697 ﬂectis

146 780 310 844 εεηυιι,
343 771 430 814 nec
461 750 689 809 adoras?
727 748 925 805 Verum
954 757 1079 798 cum
1106 738 1293 808 majori
1320 733 1664 837 obsequentia

146 824 452 916 ginniaiacis,
481 860 603 915 qua:
628 847 818 897 venter
843 846 898 897 et
923 847 1113 890 aurum
1137 839 1192 886 et
1218 824 1665 916 concupiscentiae

146 914 339 1009 ivnonis
378 914 653 1008 imperant.
702 930 916 987 Etenim
945 925 1120 984 Graeci
1153 922 1287 977 .ideo
1323 914 1667 976 abominandi

143 1012 268 1106 sunt,
302 1036 413 1108 quia
454 1029 619 1085 animi
663 1026 881 1082 morbos
919 1022 1053 1076 deos
1094 1018 1355 1078 iecerunt,
1398 1009 1666 1108 Eupidita-

256 1098 495 1183 'Veiierern
521 1161 537 1187 ,
570 1120 704 1173 iram
739 1114 959 1171 Martem
985 1152 1000 1176 ,
1045 1108 1354 1164 ebrietatem
1398 1098 1666 1191 Bacchum

140 1189 432 1293 appellantes.
478 1207 633 1278 Quod
674 1206 721 1262 si
751 1214 804 1258 tu
842 1217 951 1293 non
978 1198 1121 1255 idola
1377 1199 1433 1293 ut
1462 1189 1533 1291 illi
1554 1228 1569 1253 ,
1614 1195 1670 1242 at

265 1305 420 1364 studio
440 1300 611 1357 multo
638 1296 824 1352 iisdem
855 1292 986 1361 ipsis
1014 1300 1066 1346 te
1090 1285 1312 1356 subjicis
1336 1280 1501 1337 animi
1524 1293 1669 1334 mor-

139 1408 218 1471 bis,
245 1398 456 1457 membra
477 1391 675 1449 Christi
702 1387 942 1444 membra
968 1379 1265 1438 meretricis
1295 1374 1590 1440 laciens,ct
1608 1369 1667 1471 in

140 1469 243 1553 alias
279 1503 323 1547 te
359 1491 675 1555 immergens
702 1479 1033 1548 iniquitates.
1064 1473 1189 1527 ideo
1213 1480 1395 1540 quaeso
1422 1474 1481 1519 ut
1507 1469 1671 1555 tantae

139 1552 430 1644 absurditatis
473 1552 753 1631 excessum
799 1568 1096 1637 cogitantes
1121 1604 1136 1628 ,
1195 1559 1455 1630 fugiamus
1496 1552 1670 1607 idolo-

138 1636 340 1734 lawtriam;
380 1673 447 1725 ita
468 1670 612 1724 enim
638 1664 836 1721 Paulus
854 1636 1011 1717 vocat
1032 1655 1309 1713 avaritiam
1351 1647 1485 1719 (Col.
1509 1646 1564 1702 ὅ.
1591 1644 1667 1714 5).
1714 1636 1721 1643 ’

1195 346 1261 403 ΙΝ
1302 344 1516 409 EPIST.
1558 343 1655 398 AD
1689 339 1856 397 ROM.
1898 338 2129 421 HOMIL.
2171 336 2281 393 VII.

3251 335 3352 394 ΗΞ

1772 454 2042 526 Fugienda
2069 463 2246 509 autem
2274 460 2356 509 est
2386 468 2490 508 non
2520 452 2678 507 modo
2706 467 2768 508 ea
2794 453 3014 508 avaritia
3036 495 3050 519 ,
3074 426 3203 523 qm;
3216 455 3356 509 circa

1774 547 2028 616 pecunias
2056 555 2322 612 versatur,
2354 545 2448 601 sed
2470 546 2632 601 etiam
2661 560 2745 611 ea,
2763 561 2883 616 qua:
2910 546 2961 600 in
2978 546 3356 615 concupiscen-

1772 640 1843 693 tia
1872 638 2033 705 mala,
2064 624 2181 713 qua:
2208 638 2261 693 in
2287 638 2546 705 vestibus,
2574 654 2694 709 qua:
2718 638 2771 692 in
2801 652 3006 698 mensa.
3029 653 3148 707 quae
3171 638 3220 690 iu
3243 639 3363 691 aliis

1772 729 2043 791 omnibus.
2074 728 2209 784 Nam
2237 728 2407 783 multo
2433 731 2709 800 graviores
2734 722 2979 785 dabimus
3009 742 3196 799 poenas
3227 741 3359 790 nos.

1771 821 1816 875 si
1846 836 1950 876 non
1979 836 2261 891 pareamus
2285 822 2483 877 Christi
2512 823 2739 894 legibus.
2770 822 2959 879 Seruus
2978 822 3145 886 enim,
3167 821 3359 892 inquit.

1770 915 1857 984 qui
1886 914 1981 987 scit
2017 914 2322 969 voluntatem
2348 917 2543 971 domini
2566 918 2645 972 sui
2664 957 2681 986 ,
2710 926 2757 971 et
2786 934 2890 972 non
2921 917 3074 988 facit,
3105 916 3364 986 vapulabit

1770 1005 1945 1058 multis
1977 1003 2133 1073 (Luc.
2168 1004 2255 1060 l2.
2288 1007 2415 1076 47).
2450 1006 2518 1062 Ut
2547 1022 2678 1077 ergo
2714 1023 2923 1078 poenam
2953 1007 3095 1063 illam
3139 1006 3364 1075 eliugia-

1772 1110 1913 1161 mus,
1941 1105 1994 1151 et
2020 1097 2139 1152 aliis
2169 1107 2223 1152 et
2247 1099 2400 1153 nobis
2429 1100 2589 1155 utiles
2613 1101 2802 1167 simus,
2832 1101 3123 1172 nequitiam
3150 1115 3364 1155 omnem

1772 1189 1841 1244 ab
1880 1190 2056 1245 anima
2092 1191 2393 1260 ejicientes,
2437 1193 2688 1248 virtutem
2730 1193 3048 1265 deligamus.
3100 1193 3177 1247 lta
3220 1194 3365 1249 enim

1774 1292 1830 1337 et
1869 1282 2044 1338 futura
2084 1299 2481 1356 consequemur
2522 1286 2662 1341 bona
2686 1328 2702 1353 ,
2747 1302 2865 1355 quze
2919 1288 3121 1341 utinam
3175 1300 3368 1341 omnes

1774 1373 2156 1444 adipiscamur,
2178 1379 2350 1449 gratia
2372 1388 2427 1434 et
2452 1379 2781 1450 benignitate
2808 1379 3017 1434 Domini
3045 1378 3214 1433 nostri
3242 1377 3368 1432 .lesu

1773 1463 2010 1533 Christi,
2042 1470 2258 1538 quicum
2292 1471 2435 1525 Patri
2469 1480 2524 1525 ct
2569 1472 2792 1542 Spiritui
2819 1477 3005 1527 Sancto
3030 1471 3234 1542 gloria.
3273 1470 3370 1523 lio-

1778 1570 1894 1621 nor,
1928 1557 2233 1627 imperium,
2265 1578 2408 1618 nunc
2432 1574 2486 1618 et
2514 1578 2746 1635 semper,
2772 1572 2828 1620 et
2853 1563 2906 1617 in
2933 1562 3127 1618 saecula
3149 1561 3370 1616 sacculo-

1780 1662 1919 1704 rum.
1950 1651 2144 1708 Amen.

139 1765 3369 1892 "Mﬂ—WWM

136 1985 233 2039 Cir.
269 1983 313 2035 5.
352 1995 399 2034 v.
438 1976 493 2033 9.
554 1974 689 2041 Quid
739 1971 893 2043 ergo?
944 1964 1278 2039 prwcellimus
1328 1957 1456 2013 nos?
1503 1952 1665 2008 Nullo

189 2074 342 2138 modo;
366 2071 528 2125 causis
550 2069 682 2122 enim
706 2075 824 2120 ante
851 2062 1022 2117 allatis
1044 2057 1365 2130 probavimus
1389 2050 1599 2105 Judteos
1618 2055 1667 2101 et

187 2168 365 2239 gentiles
392 2180 563 2219 omnes
593 2161 683 2215 sub
710 2167 913 2230 peccato
942 2169 1077 2217 esse;
1126 2150 1216 2206 10.
1252 2148 1381 2204 sicut
1421 2144 1667 2239 scriptum

186 2232 272 2314 ea:
302 2256 411 2311 Non
440 2265 515 2309 est
534 2255 728 2324 justus,
756 2266 913 2319 neque
934 2261 1062 2300 unus
1085 2260 1104 2297 :
1131 2243 1218 2297 11.
1248 2255 1349 2294 non
1376 2245 1450 2291 est
1475 2234 1560 2303 qui
1586 2232 1669 2285 in-

188 2351 367 2421 telligat,
388 2356 472 2399 aut
496 2345 713 2415 requirat
739 2340 918 2395 Deum.
948 2337 1036 2393 12.
1063 2334 1250 2389 Omnes
1269 2329 1665 2421 declinauerunt,

186 2418 315 2496 simul
340 2439 544 2492 inutiles
586 2435 704 2506 facti
748 2441 899 2494 sunt;
939 2444 1041 2483 non
1071 2436 1144 2480 est
1171 2424 1257 2493 qui
1283 2422 1437 2493 faciat
1468 2418 1671 2477 bonum,

188 2549 270 2586 non
308 2539 372 2584 est
408 2544 569 2598 usque
595 2528 662 2578 ad
688 2540 890 2577 unumu
913 2520 997 2576 l3.
1045 2516 1349 2588 Sepulcrum
1389 2519 1566 2582 patens
1602 2513 1676 2560 est

183 2635 334 2695 guttur
361 2636 536 2675 eorum
560 2633 578 2671 :
600 2616 785 2687 linguis
812 2613 920 2667 suis
942 2610 1117 2665 dolose
1158 2612 1369 2677 egerunt
1387 2619 1405 2656 :
1423 2614 1677 2695 uenenum

186 2690 390 2784 aspidum
404 2709 495 2765 sub
514 2708 660 2763 labiis
679 2720 852 2761 eorum
872 2720 890 2757 :
911 2702 996 2757 14.
1019 2715 1236 2772 quorum
1255 2713 1310 2751 os
1327 2690 1680 2749 maledictione

185 2818 221 2861 et
255 2803 582 2858 amaritudine
621 2803 827 2871 plenum
852 2805 925 2851 est
948 2811 966 2850 :
992 2794 1084 2850 15.
1114 2792 1306 2847 veloces
1330 2786 1480 2858 pedes
1506 2798 1679 2838 eorum

186 2898 241 2949 ad
265 2872 617 2963 e/fundendum
643 2904 940 2961 sanguinem
963 2902 982 2941 :
1006 2884 1094 2940 16.
1123 2882 1359 2938 contritio
1387 2887 1436 2934 et
1462 2874 1682 2948 infelici-

186 3000 251 3042 tas
270 2991 316 3041 in
336 2989 423 3041 viis
447 3001 659 3048 eorum;
690 2984 777 3037 l7.
800 2990 846 3035 et
871 2981 1004 3033 viam
1029 2977 1169 3048 pacis
1195 2990 1297 3029 non
1318 2974 1680 3043 cognouerunt;

187 3082 260 3135 18.
297 3097 390 3133 non
420 3088 495 3133 est
528 3076 680 3131 timor
710 3074 799 3129 Dei
829 3081 948 3127 ante
971 3071 1144 3125 oculos
1168 3082 1361 3123 eorum.

188 3176 228 3227 t.
267 3172 546 3227 Accusavit
584 3168 834 3240 gentiles,
891 3163 1161 3220 accusavit
1201 3159 1447 3222 Judaaos;
1493 3168 1686 3211 conse-

131 3278 271 3332 quens
292 3272 401 3318 erat
430 3272 490 3317 ut
544 3260 800 3327 deinceps
830 3258 1146 3326 loqueretur
1181 3251 1250 3306 de
1286 3248 1514 3320 iustitia,
1559 3258 1681 3315 quae

130 3362 195 3408 est
216 3369 301 3423 per
341 3352 530 3408 fidem.
561 3350 618 3406 Si
645 3350 788 3405 enim
824 3348 909 3403 lex
938 3343 1196 3401 naturalis
1224 3340 1357 3397 nihil
1391 3338 1548 3409 juvit,
1584 3349 1687 3391 nec

130 3444 233 3511 quid
259 3443 481 3514 amplius
518 3441 644 3497 fecit
674 3439 760 3495 lex
790 3439 1023 3507 scripta;
1071 3433 1164 3491 sed
1196 3440 1423 3502 utraque
1461 3430 1546 3494 iis,
1592 3427 1685 3498 qui

131 3535 217 3589 illis
242 3550 336 3589 non
365 3544 423 3589 ut
455 3548 557 3603 par
583 3540 699 3587 erat
728 3531 808 3585 usi
852 3538 1001 3593 sunt,
1045 3525 1198 3582 oneri
1238 3523 1357 3589 fuit,
1399 3531 1455 3577 et
1496 3520 1686 3590 majori

130 3625 289 3695 dignos
328 3624 600 3695 supplicio
651 3622 774 3677 illos
820 3619 1089 3675 ostendit:
1119 3603 1423 3672 necessaria
1464 3614 1684 3668 demum

131 3726 199 3771 est
221 3716 355 3773 salus
380 3717 494 3783 illa,
528 3730 649 3785 qua:
674 3730 771 3784 per
796 3713 1021 3784 gratiam
1053 3709 1278 3781 paritur.
1315 3706 1408 3761 Dic
1436 3706 1597 3776 igitur
1625 3703 1689 3757 il~

129 3807 233 3870 lam,
261 3806 438 3874 Paule,
472 3816 533 3862 et
559 3806 852 3861 ostendito.
879 3803 985 3860 Sed
1013 3801 1249 3857 nondum
1270 3798 1451 3865 audet,
1476 3797 1690 3853 Iudaeo-

131 3915 226 3953 rum
250 3900 601 3969 petulantiam
628 3906 929 3967 suspectam
960 3894 1198 3958 habens;
1226 3905 1414 3947 verum
1456 3890 1524 3944 ad
1568 3888 1690 3942 illos

127 3990 427 4044 accusandos
474 4003 668 4044 rursus
719 3999 1024 4042 sermonem
1072 3981 1337 4039 convertit
1375 3997 1389 4034 :
1438 3987 1493 4035 et
1520 3978 1693 4048 primo

133 4080 359 4137 Daridem
385 4082 505 4137 haec
536 4080 721 4136 multis
768 4080 1036 4134 dicentem
1064 4086 1433 4131 accusatorem
1464 4070 1687 4135 inducit,

128 4188 227 4241 qua:
251 4175 422 4229 omnia
450 4174 644 4245 paucis
672 4173 843 4242 tetigit
867 4171 1051 4233 lsaias.
1069 4167 1302 4223 validum
1325 4166 1457 4237 ipsis
1483 4163 1691 4219 frenum

131 4278 385 4334 apparans,
418 4276 482 4321 ut
512 4281 582 4321 ne
613 4265 875 4332 resiliant,
907 4277 1098 4319 nevea
1124 4260 1464 4318 sermonibus
1491 4258 1561 4313 de
1588 4257 1695 4313 lidc

128 4359 315 4426 quidam
362 4360 645 4414 auditores
691 4356 996 4421 abscedant,
1027 4355 1137 4425 jam
1166 4352 1314 4425 prius
1341 4368 1371 4407 a
1403 4349 1696 4422 prapheta-

130 4464 231 4502 rum
270 4450 707 4505 accusationibus
737 4447 1037 4519 praepediti.
1082 4445 1296 4501 Etenim
1344 4445 1443 4499 tria
1485 4457 1697 4498 summe

127 4541 281 4608 gravia
321 4544 474 4612 ponit
504 4542 790 4612 propheta,
824 4540 965 4610 quod
996 4554 1185 4594 omnes
1230 4538 1367 4593 mala
1418 4545 1696 4607 perpetra-

130 4640 230 4684 rent
267 4632 474 4700 dicens,
528 4642 583 4688 et
626 4632 768 4704 quod
816 4648 922 4686 non
966 4631 1327 4686 admiscerent
1352 4630 1490 4685 bona
1517 4628 1693 4695 malis,

124 4721 203 4775 sed
231 4724 527 4793 nequitiam
557 4724 730 4778 solum
758 4730 1093 4790 exercerent,
1123 4720 1371 4791 quodque
1397 4721 1540 4775 illam
1570 4735 1694 4777 cum

127 4813 289 4878 grandi
316 4826 540 4869 conatu.
590 4814 791 4870 Deinde
819 4829 887 4869 ne
909 4814 1185 4869 dicerent:
1214 4812 1350 4881 Quid
1380 4827 1512 4882 ergo
1537 4813 1583 4866 si
1610 4812 1699 4866 ad-

127 4920 290 4961 versus
317 4908 456 4963 alios
489 4907 608 4962 haec
650 4907 788 4962 dicta
835 4907 993 4962 sunt?
1022 4906 1331 4975 subjunxit:
1364 4903 1453 4959 19.
1488 4904 1693 4960 Scimus

124 5006 274 5049 autem
294 5000 432 5067 quod
456 5015 791 5069 quwcumque
807 4999 889 5052 lea:
913 4984 1155 5063 loquitur,
1185 4998 1249 5051 iis
1275 4997 1361 5067 qui
1380 4997 1434 5049 in
1455 4998 1564 5065 lege
1580 5005 1699 5049 sunt

122 5089 247 5144 dicit.
279 5089 488 5146 Idcirco
518 5100 638 5160 post
661 5091 870 5153 Isaiam,
901 5092 1015 5161 qui,
1042 5101 1101 5146 ut
1126 5091 1178 5145 in
1207 5090 1457 5145 confesso
1480 5100 1617 5153 erat,
1643 5088 1700 5142 il-

126 5181 195 5233 los
214 5182 565 5251 respiciebat,
599 5181 860 5236 Davidem
896 5182 1122 5246 induxit,
1162 5190 1218 5236 ut
1246 5181 1554 5236 ostenderet
1582 5181 1699 5236 hare

119 5286 312 5342 quoque
354 5274 467 5328 illis
517 5275 728 5327 annecti
775 5273 989 5328 debere.
1033 5273 1162 5342 Quae
1207 5274 1349 5328 enim
1382 5266 1699 5338 necessitas,

123 5364 294 5431 inquit.
324 5367 467 5420 alios
491 5367 740 5420 incusare
757 5382 876 5421 cum
902 5366 1237 5434 prophetam,
1261 5366 1348 5434 qui
1372 5366 1435 5418 ad
1468 5374 1697 5418 vestram

124 5455 553 5511 emendationem
575 5457 770 5511 missus
795 5457 943 5510 erat?
971 5472 1140 5526 neque
1164 5457 1305 5511 enim
1331 5456 1416 5510 lex
1439 5456 1556 5510 aliis
1576 5456 1698 5510 data

123 5545 299 5611 fuerat,
353 5564 525 5617 quam
581 5549 751 5602 vobis.
806 5548 913 5603 Cur
940 5560 1115 5603 autem
1150 5564 1254 5603 non
1286 5548 1440 5613 dixit,
1485 5547 1700 5603 Scimus

121 5638 247 5704 quod
270 5655 637 5710 qurecumque
659 5641 918 5710 prephcta
946 5642 1095 5707 dicit,
1118 5643 1235 5709 sed,
1256 5643 1597 5710 Quacumque
1621 5643 1703 5697 lem

120 5728 367 5797 loquitur?
390 5733 533 5798 Quia
575 5732 734 5787 Vetus
764 5748 923 5805 omne
961 5733 1363 5789 Testamentum
1398 5734 1567 5805 legem
1602 5746 1700 5787 vo-

121 5832 232 5875 tare
259 5822 396 5879 solet
429 5821 653 5877 Paulus.
683 5804 956 5877 Namalilii
979 5825 1105 5879 dicit
1128 5845 1140 5879 :
1161 5825 1341 5898 Legem
1365 5804 1467 5880 non
1488 5826 1696 5896 auditis,

417 5926 698 5987 ΡΔΤιιοι..
741 5926 859 5987 Gn.
912 5923 1038 5987 LX.

1772 1958 1893 2025 quia
1932 1958 2189 2015 Abraham
2234 1963 2361 2018 duos
2390 1965 2524 2033 ﬁlios
2562 1966 2735 2021 habuit
2779 1966 2922 2037 (Gal.
2956 1967 3011 2022 4.
3038 1966 3129 2021 21.
3161 1964 3287 2033 22)?
3319 1971 3374 2020 et

1776 2046 1862 2103 hic
1888 2065 2103 2121 quoque
2131 2054 2376 2111 Psalmos
2416 2057 2589 2127 legem
2631 2060 2861 2122 vocavit,
2901 2058 3122 2114 dicens:
3149 2058 3372 2122 Scimus,

1772 2143 1908 2211 quod
1946 2159 2272 2215 quacumque
2315 2147 2398 2202 lea:
2429 2149 2571 2213 dicit,
2618 2151 2682 2204 iis
2722 2153 2810 2219 qui
2852 2151 2906 2204 in
2950 2150 3058 2221 lege
3085 2160 3201 2204 sunt
3229 2150 3374 2203 dicit.

1784 2232 1989 2289 Deinde
2019 2236 2258 2293 ostendit
2300 2253 2406 2294 non
2457 2240 2744 2296 accusandi
2787 2250 2993 2296 tantum
3047 2256 3207 2295 causa
3255 2241 3375 2295 lucc

1780 2324 1908 2391 dici,
1941 2326 2034 2380 sed
2061 2327 2221 2381 etiam
2255 2337 2313 2383 ut
2339 2330 2464 2387 ﬁdei
2496 2332 2581 2387 lex
2609 2333 2750 2387 viam
2773 2342 3007 2402 pararet.
3039 2333 3245 2388 Tantus
3270 2331 3376 2387 γε.

1782 2416 1911 2470 teris
1956 2431 2080 2472 cum
2125 2418 2277 2475 Novo
2319 2422 2666 2478 Testamento
2711 2438 3011 2480 consensus
3057 2435 3201 2490 erat;
3235 2421 3375 2493 quod

1781 2507 2149 2564 accusationes
2168 2519 2224 2566 et
2242 2511 2647 2581 redargutiones
2669 2514 2791 2569 ideo
2811 2513 2951 2569 haud
2979 2514 3142 2569 dubie
3163 2514 3375 2578 ﬁerent,

1784 2607 1841 2651 ut
1868 2598 2010 2667 apud
2037 2600 2319 2657 auditores
2348 2603 2626 2673 splendida
2659 2605 2724 2660 ad
2758 2605 2916 2662 iidem
2944 2607 3105 2677 janua
3142 2607 3377 2676 aperire-

1784 2699 1888 2743 tur.
1911 2690 2046 2756 Quia
2086 2693 2228 2747 enim
2276 2694 2381 2750 hoc
2409 2696 2643 2751 maxime
2691 2695 2908 2752 Judteos
2954 2695 3204 2766 perdidit,
3236 2696 3375 2765 quod

1784 2782 1950 2835 altum
1993 2782 2062 2838 de
2105 2799 2165 2839 se
2211 2796 2485 2855 saperent,
2519 2788 2664 2857 quod
2698 2789 2879 2857 utique
2923 2802 3244 2858 progressus
3289 2787 3378 2840 ille

1784 2870 1936 2937 dixit,
1970 2873 2111 2943 quod
2155 2889 2368 2945 nempe,
2396 2876 2698 2948 Ignorantes
2731 2878 2827 2935 Dei
2847 2880 3121 2950 justitiam,
3163 2888 3207 2932 et
3234 2895 3378 2933 suam

1788 2972 2007 3018 statuere
2022 2965 2280 3035 justitiam
2304 2978 2604 3037 quwrentcs,
2631 2971 2845 3039 justitiaz
2871 2969 2971 3025 Dei
2998 2987 3051 3025 se
3070 2987 3171 3025 non
3191 2970 3380 3027 submi-

1787 3068 1958 3113 serunt
2005 3060 2180 3131 (Rom.
2227 3063 2317 3119 1ο.
2367 3065 2461 3134 5):
2502 3066 2649 3135 ipsos
2678 3074 3023 3123 antevertens
3054 3066 3138 3121 lex
3166 3074 3221 3121 et
3248 3080 3377 3135 pro—

1789 3150 1971 3218 pheta,
2005 3152 2240 3222 ipsorum
2282 3155 2479 3212 fastum
2505 3156 2775 3228 depressit
2810 3167 2972 3228 atque
3000 3166 3288 3222 tumorem,
3322 3168 3381 3212 ut

1788 3258 1883 3298 sua
1910 3245 2208 3316 cogitantes
2237 3260 2476 3318 peccata,
2507 3258 2562 3306 et
2585 3254 2944 3322 arrogantiam
2973 3266 3188 3307 omnem
3215 3251 3381 3322 depo-

1791 3342 2001 3401 nentes,
2032 3351 2197 3408 seque
2226 3340 2472 3397 videntes
2497 3341 2566 3397 de
2594 3344 2851 3398 extremis
2893 3343 3206 3414 periclitari,
3255 3359 3379 3401 eum

1790 3427 1969 3482 studio
1996 3430 2167 3486 multo
2197 3431 2264 3487 ad
2292 3432 2440 3488 illum
2471 3445 2841 3502 accurrerent,
2871 3436 2964 3507 qui
2990 3436 3094 3501 sibi
3125 3449 3379 3507 peccato-

1792 3534 1910 3573 rum
1940 3522 2314 3579 remissionem
2345 3525 2628 3594 prmberet,
2660 3536 2715 3581 et
2742 3527 2967 3598 gratiam
2989 3542 3086 3598 per
3106 3528 3266 3584 ﬁdem
3287 3545 3382 3584 ac-

1792 3610 2052 3679 ciperent.
2080 3612 2197 3668 Hoc
2222 3614 2399 3684 ipsum
2423 3615 2621 3671 Paulus
2644 3617 2732 3672 hic
2756 3618 3124 3685 suliiudicans,
3147 3618 3378 3676 dicebat:

1795 3701 2000 3757 Scimus
2025 3705 2161 3773 quod
2197 3722 2526 3778 quiscumque
2553 3709 2636 3762 lea:
2660 3709 2802 3776 dicit,
2835 3710 2899 3763 iis
2927 3710 3014 3779 qui
3042 3711 3095 3764 in
3135 3711 3242 3782 lege
3266 3720 3382 3766 sunt

1794 3794 1918 3847 dicit
1935 3810 1954 3848 :
1981 3804 2035 3849 ut
2060 3812 2209 3851 onme
2228 3812 2286 3853 os
2306 3798 2620 3865 obstruatur,
2649 3810 2699 3854 et
2727 3810 2858 3855 totus
2883 3802 3105 3856 mundus
3130 3802 3237 3856 Deo
3261 3803 3384 3859 sub-

1794 3886 1931 3942 ditus
1977 3889 2062 3943 sit.
2114 3887 2211 3945 llic
2253 3891 2397 3945 enim
2438 3892 2674 3947 ostendit
2712 3906 2808 3948 eos
2854 3893 3118 3948 bonorum
3157 3909 3382 3963 operum

1797 3979 1989 4038 liducia
2022 3982 2327 4050 destitutos,
2381 3984 2666 4054 verbisque
2726 3994 2929 4041 tantum
2975 3996 3286 4058 arrogantes
3331 3996 3386 4043 et

1798 4072 2138 4142 impudentes
2168 4088 2309 4130 esse.
2337 4075 2545 4131 Idcirco
2571 4078 2790 4147 proprie
2833 4077 3124 4134 dictionem
3155 4095 3381 4150 usurpa-

1798 4164 1894 4229 vit,
1926 4165 2006 4219 sic
2034 4166 2283 4235 loquens,
2318 4166 2385 4221 Ut
2413 4183 2563 4222 omne
2587 4185 2645 4222 os
2669 4168 2984 4236 obstruatur,
3014 4170 3383 4241 impudentem

1800 4257 2011 4312 illorum
2038 4265 2092 4312 et
2119 4257 2377 4312 efl‘renem
2397 4258 2712 4328 jactantiam
2742 4259 3040 4327 declarans,
3072 4271 3130 4317 et
3150 4262 3382 4333 linguam
3460 4241 3467 4247 ’

1799 4358 2047 4405 accurate
2092 4349 2417 4405 refrenatam
2458 4351 2763 4422 signiﬁcans
2795 4367 2809 4404 :
2849 4352 2937 4406 illa
2975 4367 3204 4423 namque
3234 4355 3387 4423 quasi
3461 4410 3465 4414 .

1800 4452 2012 4497 torrens
2040 4441 2305 4496 violentus
2329 4442 2627 4505 ferebatur;
2650 4443 2743 4499 sed
2772 4443 3065 4499 refrenavit
3086 4444 3231 4500 illam
3262 4460 3386 4515 pro-

1800 4535 1981 4607 pheta.
2009 4535 2145 4591 Cum
2171 4550 2303 4590 vero
2330 4535 2461 4589 dicit
2486 4530 2699 4601 Paulus,
2737 4535 2804 4592 Ut
2833 4554 2980 4591 omne
2998 4554 3055 4591 0s
3073 4537 3384 4604 obstruetur;

1802 4644 1907 4685 non
1934 4630 2038 4684 hoc
2063 4631 2157 4695 ait,
2193 4629 2337 4700 quod
2383 4630 2504 4685 ideo
2544 4632 2903 4701 peccaverint,
2950 4640 3007 4685 ut
3044 4647 3105 4686 os
3145 4632 3382 4701 ipsorum

1801 4722 2207 4786 obstrueretur;
2252 4722 2348 4777 sed
2382 4721 2504 4777 ideo
2531 4721 2963 4789 confutabantnr,
2987 4730 3045 4776 ut
3074 4737 3142 4777 ne
3172 4723 3386 4793 ignora-

1800 4827 1922 4871 rent
1950 4831 2009 4871 se
2040 4818 2363 4886 peccavisse.
2394 4816 2455 4870 Et
2476 4825 2608 4870 totus
2624 4815 2842 4869 mundus
2873 4814 2979 4869 Deo
3004 4814 3249 4869 obnoxius
3270 4816 3383 4883 ﬁat.

1803 4911 1917 4965 Non
1950 4911 2105 4975 dixit,
2138 4909 2387 4975 Judasus;
2416 4907 2531 4970 sed,
2565 4907 2701 4962 Tota
2731 4915 2940 4961 natura.
2971 4905 3104 4960 Illud
3129 4921 3383 4975 namque,

1808 5005 1875 5060 Ut
1899 5021 1954 5058 os
1980 5020 2127 5058 omne
2151 5002 2460 5068 obstrualur,
2488 5000 2609 5055 illos
2637 4998 2962 5062 subindicat,
2994 4998 3119 5052 licet
3145 5013 3385 5055 nauma-

1805 5096 2018 5160 nileste,
2044 5111 2111 5151 ne
2136 5095 2378 5165 asperior
2400 5107 2580 5148 sermo
2595 5101 2773 5146 esset:
2804 5090 2906 5146 hoc
2930 5100 3133 5157 autem,
3160 5090 3229 5145 Ut
3255 5100 3388 5145 totus

1804 5190 2025 5243 mundus
2050 5188 2295 5242 obnoxius
2325 5188 2414 5255 ﬁat
2443 5185 2574 5247 Deo,
2608 5185 2765 5238 simul
2794 5193 2851 5238 et
2887 5184 2956 5238 de
3000 5183 3200 5239 Iudaeis
3238 5195 3291 5241 et
3319 5185 3388 5239 de

1805 5278 2096 5344 gentilibus
2121 5278 2319 5333 dictum
2363 5284 2466 5331 est.
2510 5274 2623 5328 Non
2659 5289 2843 5342 parum
2871 5283 3052 5330 autem
3083 5273 3294 5329 confert
3320 5278 3387 5330 ad

1808 5373 2019 5426 illorum
2064 5370 2422 5439 arrOgantiam
2452 5366 2934 5435 comprimendam,
2966 5380 3089 5421 cum
3129 5365 3263 5420 nihil
3302 5365 3388 5421 hic

1809 5465 1922 5533 plus
1956 5462 2183 5516 habeant
2216 5476 2374 5529 quam
2401 5458 2653 5529 gentiles,
2681 5458 2776 5513 sed
2807 5458 2969 5513 simul
2998 5457 3275 5512 tradantur
3303 5471 3392 5510 se-

1808 5553 2040 5608 cundum
2086 5551 2274 5604 salutis
2303 5550 2546 5605 verbum.
2582 5549 2715 5603 Nam
2747 5548 3015 5604 obnoxius
3054 5549 3275 5618 proprie
3301 5545 3387 5601 di-

1807 5653 1957 5697 catur
1983 5643 2047 5707 is,
2072 5642 2161 5711 qui
2185 5655 2290 5694 non
2313 5641 2414 5695 sibi
2429 5640 2562 5695 satis
2581 5654 2701 5695 esse
2724 5640 2890 5710 possit
2905 5638 2974 5693 ad
2994 5638 3386 5701 defensionem.

1807 5732 1902 5786 sed
1929 5731 2148 5785 alterius
2174 5731 2410 5801 indigeat
2428 5746 2564 5802 ope:
2588 5730 2761 5802 qualia
2792 5740 2945 5786 erant
2974 5739 3156 5787 nostra
3180 5743 3389 5796 ouilia,

1807 5835 1931 5878 cum
1954 5835 2041 5892 ea,
2063 5836 2183 5893 quia
2207 5823 2274 5878 ad
2303 5823 2527 5879 salutem
2557 5820 2859 5887 tenderent,
2882 5821 3272 5877 amisissemus.
3288 5820 3385 5878 20.

2935 5912 3021 5976 28
