  <div class='ocr_page' id='page_1' title='image "/cluster/home/n/w/nwhite01/storage/ocr_20150623/60/hvd.32044019207810/445.png"; bbox 0 0 3950 6466; ppageno 0'>
   <div class='ocr_carea' id='block_1_1' title="bbox 557 356 763 425">
    <p class='ocr_par' dir='ltr' id='par_1_1' title="bbox 557 356 763 425">
     <span class='ocr_line' id='line_1_1' title="bbox 557 356 763 425; baseline -0.019 0"><span class='ocrx_word' id='word_1_1' title='bbox 557 356 665 413; x_wconf 63' lang='grc'>443</span> <span class='ocrx_word' id='word_1_2' title='bbox 740 406 763 425; x_wconf 61' lang='grc' dir='ltr'><strong>ι,</strong></span> 
     </span>
    </p>
   </div>
   <div class='ocr_carea' id='block_1_2' title="bbox 562 466 2140 544">
    <p class='ocr_par' dir='ltr' id='par_1_2' title="bbox 562 466 2140 544">
     <span class='ocr_line' id='line_1_2' title="bbox 562 466 2140 544; baseline -0.001 -23"><span class='ocrx_word' id='word_1_3' title='bbox 562 466 666 524; x_wconf 79' lang='lat' dir='ltr'><strong>Per</strong></span> <span class='ocrx_word' id='word_1_4' title='bbox 696 470 853 539; x_wconf 86' lang='lat' dir='ltr'><strong>legem</strong></span> <span class='ocrx_word' id='word_1_5' title='bbox 882 470 1011 524; x_wconf 85' lang='lat' dir='ltr'><strong>enim</strong></span> <span class='ocrx_word' id='word_1_6' title='bbox 1060 473 1277 544; x_wconf 74' lang='lat' dir='ltr'><strong>cognitio</strong></span> <span class='ocrx_word' id='word_1_7' title='bbox 1305 474 1515 543; x_wconf 76' lang='lat' dir='ltr'><strong>peccati.</strong></span> <span class='ocrx_word' id='word_1_8' title='bbox 1547 472 1751 526; x_wconf 80' lang='lat' dir='ltr'><strong>Rursus</strong></span> <span class='ocrx_word' id='word_1_9' title='bbox 1776 470 1827 525; x_wconf 92' lang='lat' dir='ltr'><strong>in</strong></span> <span class='ocrx_word' id='word_1_10' title='bbox 1856 470 2025 538; x_wconf 87' lang='lat' dir='ltr'><strong>legem</strong></span> <span class='ocrx_word' id='word_1_11' title='bbox 2059 467 2140 520; x_wconf 86' lang='lat' dir='ltr'><strong>in-</strong></span> 
     </span>
    </p>
   </div>
   <div class='ocr_carea' id='block_1_3' title="bbox 561 559 2142 631">
    <p class='ocr_par' dir='ltr' id='par_1_3' title="bbox 561 559 2142 631">
     <span class='ocr_line' id='line_1_3' title="bbox 561 559 2142 631; baseline -0.001 -19"><span class='ocrx_word' id='word_1_12' title='bbox 561 560 694 626; x_wconf 91' lang='lat' dir='ltr'><strong>silit,</strong></span> <span class='ocrx_word' id='word_1_13' title='bbox 727 559 1006 614; x_wconf 86' lang='lat' dir='ltr'><strong>remissius</strong></span> <span class='ocrx_word' id='word_1_14' title='bbox 1035 569 1242 624; x_wconf 88' lang='lat' dir='ltr'><strong>tamen;</strong></span> <span class='ocrx_word' id='word_1_15' title='bbox 1275 577 1450 631; x_wconf 92' lang='lat' dir='ltr'><strong>neque</strong></span> <span class='ocrx_word' id='word_1_16' title='bbox 1487 563 1631 615; x_wconf 86' lang='lat' dir='ltr'><strong>enim</strong></span> <span class='ocrx_word' id='word_1_17' title='bbox 1662 559 1715 614; x_wconf 87' lang='lat' dir='ltr'><strong>id</strong></span> <span class='ocrx_word' id='word_1_18' title='bbox 1757 559 1902 630; x_wconf 92' lang='lat' dir='ltr'><strong>quod</strong></span> <span class='ocrx_word' id='word_1_19' title='bbox 1945 559 2142 614; x_wconf 87' lang='lat' dir='ltr'><strong>dicitur</strong></span> 
     </span>
    </p>
   </div>
   <div class='ocr_carea' id='block_1_4' title="bbox 564 649 2138 721">
    <p class='ocr_par' dir='ltr' id='par_1_4' title="bbox 564 649 2138 721">
     <span class='ocr_line' id='line_1_4' title="bbox 564 649 2138 721; baseline 0.002 -19"><span class='ocrx_word' id='word_1_20' title='bbox 564 649 741 720; x_wconf 79' lang='lat' dir='ltr'><strong>legem</strong></span> <span class='ocrx_word' id='word_1_21' title='bbox 789 651 1033 718; x_wconf 77' lang='lat' dir='ltr'><strong>incusat,</strong></span> <span class='ocrx_word' id='word_1_22' title='bbox 1083 652 1176 707; x_wconf 90' lang='lat' dir='ltr'><strong>sed</strong></span> <span class='ocrx_word' id='word_1_23' title='bbox 1207 652 1513 707; x_wconf 84' lang='lat' dir='ltr'><strong>Judaeorum</strong></span> <span class='ocrx_word' id='word_1_24' title='bbox 1563 652 1828 721; x_wconf 87' lang='lat' dir='ltr'><strong>ignaviam</strong></span> <span class='ocrx_word' id='word_1_25' title='bbox 1861 660 2138 706; x_wconf 86' lang='lat' dir='ltr'><strong>:attamen</strong></span> 
     </span>
    </p>
   </div>
   <div class='ocr_carea' id='block_1_5' title="bbox 565 743 2144 814">
    <p class='ocr_par' dir='ltr' id='par_1_5' title="bbox 565 743 2144 814">
     <span class='ocr_line' id='line_1_5' title="bbox 565 743 2144 814; baseline 0.001 -19"><span class='ocrx_word' id='word_1_26' title='bbox 565 743 653 798; x_wconf 90' lang='lat' dir='ltr'><strong>hic</strong></span> <span class='ocrx_word' id='word_1_27' title='bbox 701 744 998 809; x_wconf 77' lang='lat' dir='ltr'><strong>contendit,</strong></span> <span class='ocrx_word' id='word_1_28' title='bbox 1050 746 1172 813; x_wconf 83' lang='lat' dir='ltr'><strong>quia</strong></span> <span class='ocrx_word' id='word_1_29' title='bbox 1201 743 1399 798; x_wconf 85' lang='lat' dir='ltr'><strong>deiide</strong></span> <span class='ocrx_word' id='word_1_30' title='bbox 1449 744 1767 814; x_wconf 89' lang='lat' dir='ltr'><strong>loquuturus</strong></span> <span class='ocrx_word' id='word_1_31' title='bbox 1788 751 1890 809; x_wconf 91' lang='lat' dir='ltr'><strong>est,</strong></span> <span class='ocrx_word' id='word_1_32' title='bbox 1921 744 2144 797; x_wconf 90' lang='lat' dir='ltr'><strong>demon-</strong></span> 
     </span>
    </p>
   </div>
   <div class='ocr_carea' id='block_1_6' title="bbox 557 834 2141 904">
    <p class='ocr_par' dir='ltr' id='par_1_6' title="bbox 557 834 2141 904">
     <span class='ocr_line' id='line_1_6' title="bbox 557 834 2141 904; baseline 0.001 -18"><span class='ocrx_word' id='word_1_33' title='bbox 557 844 733 889; x_wconf 87' lang='lat' dir='ltr'><strong>strare</strong></span> <span class='ocrx_word' id='word_1_34' title='bbox 765 835 935 904; x_wconf 80' lang='lat' dir='ltr'><strong>legem</strong></span> <span class='ocrx_word' id='word_1_35' title='bbox 968 834 1123 888; x_wconf 80' lang='lat' dir='ltr'><strong>valde</strong></span> <span class='ocrx_word' id='word_1_36' title='bbox 1153 835 1472 888; x_wconf 83' lang='lat' dir='ltr'><strong>infirmatam</strong></span> <span class='ocrx_word' id='word_1_37' title='bbox 1506 850 1647 889; x_wconf 88' lang='lat' dir='ltr'><strong>esse.</strong></span> <span class='ocrx_word' id='word_1_38' title='bbox 1688 834 1819 888; x_wconf 88' lang='lat' dir='ltr'><strong>Nam</strong></span> <span class='ocrx_word' id='word_1_39' title='bbox 1847 836 1891 888; x_wconf 91' lang='lat' dir='ltr'><strong>si</strong></span> <span class='ocrx_word' id='word_1_40' title='bbox 1923 834 1987 888; x_wconf 90' lang='lat' dir='ltr'><strong>de</strong></span> <span class='ocrx_word' id='word_1_41' title='bbox 2026 836 2141 904; x_wconf 88' lang='lat' dir='ltr'><strong>lege</strong></span> 
     </span>
    </p>
   </div>
   <div class='ocr_carea' id='block_1_7' title="bbox 559 923 2139 996">
    <p class='ocr_par' dir='ltr' id='par_1_7' title="bbox 559 923 2139 996">
     <span class='ocr_line' id='line_1_7' title="bbox 559 923 2139 996; baseline 0.002 -19"><span class='ocrx_word' id='word_1_42' title='bbox 559 923 830 991; x_wconf 85' lang='lat' dir='ltr'><strong>gloriaris,</strong></span> <span class='ocrx_word' id='word_1_43' title='bbox 862 925 1055 995; x_wconf 88' lang='lat' dir='ltr'><strong>inquit,</strong></span> <span class='ocrx_word' id='word_1_44' title='bbox 1103 926 1216 993; x_wconf 87' lang='lat' dir='ltr'><strong>ipsa</strong></span> <span class='ocrx_word' id='word_1_45' title='bbox 1260 934 1312 980; x_wconf 91' lang='lat' dir='ltr'><strong>te</strong></span> <span class='ocrx_word' id='word_1_46' title='bbox 1356 926 1525 996; x_wconf 88' lang='lat' dir='ltr'><strong>magis</strong></span> <span class='ocrx_word' id='word_1_47' title='bbox 1555 926 1759 996; x_wconf 91' lang='lat' dir='ltr'><strong>pudore</strong></span> <span class='ocrx_word' id='word_1_48' title='bbox 1801 925 2139 981; x_wconf 79' lang='lat' dir='ltr'><strong>afficitzluec</strong></span> 
     </span>
    </p>
   </div>
   <div class='ocr_carea' id='block_1_8' title="bbox 557 1017 2135 1089">
    <p class='ocr_par' dir='ltr' id='par_1_8' title="bbox 557 1017 2135 1089">
     <span class='ocr_line' id='line_1_8' title="bbox 557 1017 2135 1089; baseline 0 -16"><span class='ocrx_word' id='word_1_49' title='bbox 557 1026 774 1087; x_wconf 85' lang='lat' dir='ltr'><strong>peccata</strong></span> <span class='ocrx_word' id='word_1_50' title='bbox 807 1028 891 1073; x_wconf 92' lang='lat' dir='ltr'><strong>tua</strong></span> <span class='ocrx_word' id='word_1_51' title='bbox 922 1017 1169 1073; x_wconf 85' lang='lat' dir='ltr'><strong>traducit.</strong></span> <span class='ocrx_word' id='word_1_52' title='bbox 1199 1019 1397 1074; x_wconf 81' lang='lat' dir='ltr'><strong>Verum</strong></span> <span class='ocrx_word' id='word_1_53' title='bbox 1428 1034 1533 1075; x_wconf 87' lang='lat' dir='ltr'><strong>non</strong></span> <span class='ocrx_word' id='word_1_54' title='bbox 1565 1020 1638 1074; x_wconf 89' lang='lat' dir='ltr'><strong>ita</strong></span> <span class='ocrx_word' id='word_1_55' title='bbox 1667 1035 1854 1089; x_wconf 84' lang='lat' dir='ltr'><strong>aspere</strong></span> <span class='ocrx_word' id='word_1_56' title='bbox 1880 1019 2135 1089; x_wconf 81' lang='lat' dir='ltr'><strong>loquitur,</strong></span> 
     </span>
    </p>
   </div>
   <div class='ocr_carea' id='block_1_9' title="bbox 554 1110 2133 1183">
    <p class='ocr_par' dir='ltr' id='par_1_9' title="bbox 554 1110 2133 1183">
     <span class='ocr_line' id='line_1_9' title="bbox 554 1110 2133 1183; baseline -0.001 -19"><span class='ocrx_word' id='word_1_57' title='bbox 554 1110 650 1164; x_wconf 88' lang='lat' dir='ltr'><strong>sed</strong></span> <span class='ocrx_word' id='word_1_58' title='bbox 683 1111 908 1167; x_wconf 88' lang='lat' dir='ltr'><strong>remisse</strong></span> <span class='ocrx_word' id='word_1_59' title='bbox 936 1126 1142 1178; x_wconf 90' lang='lat' dir='ltr'><strong>rursus,</strong></span> <span class='ocrx_word' id='word_1_60' title='bbox 1181 1110 1281 1165; x_wconf 89' lang='lat' dir='ltr'><strong>Per</strong></span> <span class='ocrx_word' id='word_1_61' title='bbox 1306 1112 1461 1183; x_wconf 81' lang='lat' dir='ltr'><strong>legem</strong></span> <span class='ocrx_word' id='word_1_62' title='bbox 1491 1113 1621 1167; x_wconf 85' lang='lat' dir='ltr'><strong>enim</strong></span> <span class='ocrx_word' id='word_1_63' title='bbox 1664 1113 1881 1182; x_wconf 83' lang='lat' dir='ltr'><strong>cognitio</strong></span> <span class='ocrx_word' id='word_1_64' title='bbox 1925 1113 2133 1180; x_wconf 83' lang='lat' dir='ltr'><strong>peccati.</strong></span> 
     </span>
    </p>
   </div>
   <div class='ocr_carea' id='block_1_10' title="bbox 553 1202 2133 1274">
    <p class='ocr_par' dir='ltr' id='par_1_10' title="bbox 553 1202 2133 1274">
     <span class='ocr_line' id='line_1_10' title="bbox 553 1202 2133 1274; baseline 0.001 -18"><span class='ocrx_word' id='word_1_65' title='bbox 553 1202 720 1273; x_wconf 85' lang='lat' dir='ltr'><strong>Igitur</strong></span> <span class='ocrx_word' id='word_1_66' title='bbox 745 1214 799 1257; x_wconf 89' lang='lat' dir='ltr'><strong>et</strong></span> <span class='ocrx_word' id='word_1_67' title='bbox 824 1204 1146 1273; x_wconf 86' lang='lat' dir='ltr'><strong>supplicium</strong></span> <span class='ocrx_word' id='word_1_68' title='bbox 1172 1204 1364 1274; x_wconf 88' lang='lat' dir='ltr'><strong>majus,</strong></span> <span class='ocrx_word' id='word_1_69' title='bbox 1388 1205 1481 1259; x_wconf 91' lang='lat' dir='ltr'><strong>sed</strong></span> <span class='ocrx_word' id='word_1_70' title='bbox 1505 1220 1532 1257; x_wconf 88' lang='lat' dir='ltr'><strong>a</strong></span> <span class='ocrx_word' id='word_1_71' title='bbox 1558 1203 1755 1259; x_wconf 68' lang='lat' dir='ltr'><strong>Judwis</strong></span> <span class='ocrx_word' id='word_1_72' title='bbox 1776 1202 2133 1258; x_wconf 92' lang='lat' dir='ltr'><strong>subeundum.</strong></span> 
     </span>
    </p>
   </div>
   <div class='ocr_carea' id='block_1_11' title="bbox 551 1291 2138 1368">
    <p class='ocr_par' dir='ltr' id='par_1_11' title="bbox 551 1291 2138 1368">
     <span class='ocr_line' id='line_1_11' title="bbox 551 1291 2138 1368; baseline 0 -18"><span class='ocrx_word' id='word_1_73' title='bbox 551 1291 698 1350; x_wconf 83' lang='lat' dir='ltr'><strong>Nam</strong></span> <span class='ocrx_word' id='word_1_74' title='bbox 718 1296 800 1351; x_wconf 83' lang='lat' dir='ltr'><strong>lex</strong></span> <span class='ocrx_word' id='word_1_75' title='bbox 825 1297 1039 1367; x_wconf 84' lang='lat' dir='ltr'><strong>quidem</strong></span> <span class='ocrx_word' id='word_1_76' title='bbox 1069 1296 1118 1352; x_wconf 91' lang='lat' dir='ltr'><strong>id</strong></span> <span class='ocrx_word' id='word_1_77' title='bbox 1149 1298 1347 1363; x_wconf 74' lang='lat' dir='ltr'><strong>effecit,</strong></span> <span class='ocrx_word' id='word_1_78' title='bbox 1391 1307 1444 1350; x_wconf 93' lang='lat' dir='ltr'><strong>ut</strong></span> <span class='ocrx_word' id='word_1_79' title='bbox 1475 1306 1755 1368; x_wconf 89' lang='lat' dir='ltr'><strong>peccatum</strong></span> <span class='ocrx_word' id='word_1_80' title='bbox 1797 1296 1887 1349; x_wconf 91' lang='lat' dir='ltr'><strong>tibi</strong></span> <span class='ocrx_word' id='word_1_81' title='bbox 1922 1296 2138 1365; x_wconf 86' lang='lat' dir='ltr'><strong>pateﬁe-</strong></span> 
     </span>
    </p>
   </div>
   <div class='ocr_carea' id='block_1_12' title="bbox 552 1388 2134 1467">
    <p class='ocr_par' dir='ltr' id='par_1_12' title="bbox 552 1388 2134 1467">
     <span class='ocr_line' id='line_1_12' title="bbox 552 1388 2134 1467; baseline 0.001 -26"><span class='ocrx_word' id='word_1_82' title='bbox 552 1397 663 1455; x_wconf 90' lang='lat' dir='ltr'><strong>ret;</strong></span> <span class='ocrx_word' id='word_1_83' title='bbox 697 1398 842 1443; x_wconf 92' lang='lat' dir='ltr'><strong>tuum</strong></span> <span class='ocrx_word' id='word_1_84' title='bbox 874 1399 988 1444; x_wconf 90' lang='lat' dir='ltr'><strong>erat</strong></span> <span class='ocrx_word' id='word_1_85' title='bbox 1020 1388 1292 1467; x_wconf 54' lang='lat' dir='ltr'><strong>effugere:</strong></span> <span class='ocrx_word' id='word_1_86' title='bbox 1325 1405 1447 1443; x_wconf 90' lang='lat' dir='ltr'><strong>eum</strong></span> <span class='ocrx_word' id='word_1_87' title='bbox 1476 1404 1605 1443; x_wconf 86' lang='lat' dir='ltr'><strong>vero</strong></span> <span class='ocrx_word' id='word_1_88' title='bbox 1636 1404 1741 1443; x_wconf 91' lang='lat' dir='ltr'><strong>non</strong></span> <span class='ocrx_word' id='word_1_89' title='bbox 1772 1388 1992 1458; x_wconf 87' lang='lat' dir='ltr'><strong>fugeris,</strong></span> <span class='ocrx_word' id='word_1_90' title='bbox 2025 1404 2134 1443; x_wconf 86' lang='lat' dir='ltr'><strong>ma-</strong></span> 
     </span>
    </p>
   </div>
   <div class='ocr_carea' id='block_1_13' title="bbox 549 1480 2133 1551">
    <p class='ocr_par' dir='ltr' id='par_1_13' title="bbox 549 1480 2133 1551">
     <span class='ocr_line' id='line_1_13' title="bbox 549 1480 2133 1551; baseline 0.001 -20"><span class='ocrx_word' id='word_1_91' title='bbox 549 1480 636 1550; x_wconf 87' lang='lat' dir='ltr'><strong>jns</strong></span> <span class='ocrx_word' id='word_1_92' title='bbox 667 1481 758 1534; x_wconf 91' lang='lat' dir='ltr'><strong>tibi</strong></span> <span class='ocrx_word' id='word_1_93' title='bbox 788 1480 1054 1535; x_wconf 86' lang='lat' dir='ltr'><strong>attraxisti</strong></span> <span class='ocrx_word' id='word_1_94' title='bbox 1082 1480 1426 1551; x_wconf 87' lang='lat' dir='ltr'><strong>supplicium,</strong></span> <span class='ocrx_word' id='word_1_95' title='bbox 1459 1480 1701 1551; x_wconf 79' lang='lat' dir='ltr'><strong>legisque</strong></span> <span class='ocrx_word' id='word_1_96' title='bbox 1722 1494 1856 1549; x_wconf 92' lang='lat' dir='ltr'><strong>opus</strong></span> <span class='ocrx_word' id='word_1_97' title='bbox 1880 1480 2133 1534; x_wconf 86' lang='lat' dir='ltr'><strong>viaticum</strong></span> 
     </span>
    </p>
   </div>
   <div class='ocr_carea' id='block_1_14' title="bbox 552 1570 1476 1643">
    <p class='ocr_par' dir='ltr' id='par_1_14' title="bbox 552 1570 1476 1643">
     <span class='ocr_line' id='line_1_14' title="bbox 552 1570 1476 1643; baseline 0.002 -19"><span class='ocrx_word' id='word_1_98' title='bbox 552 1572 647 1626; x_wconf 88' lang='lat' dir='ltr'><strong>tibi</strong></span> <span class='ocrx_word' id='word_1_99' title='bbox 677 1570 775 1626; x_wconf 89' lang='lat' dir='ltr'><strong>fuit</strong></span> <span class='ocrx_word' id='word_1_100' title='bbox 805 1572 871 1627; x_wconf 89' lang='lat' dir='ltr'><strong>ad</strong></span> <span class='ocrx_word' id='word_1_101' title='bbox 903 1572 1160 1643; x_wconf 84' lang='lat' dir='ltr'><strong>majorem</strong></span> <span class='ocrx_word' id='word_1_102' title='bbox 1194 1571 1476 1627; x_wconf 88' lang='lat' dir='ltr'><strong>ultionem.</strong></span> 
     </span>
    </p>
   </div>
   <div class='ocr_carea' id='block_1_15' title="bbox 619 1663 2133 1735">
    <p class='ocr_par' dir='ltr' id='par_1_15' title="bbox 619 1663 2133 1735">
     <span class='ocr_line' id='line_1_15' title="bbox 619 1663 2133 1735; baseline -0.003 -17"><span class='ocrx_word' id='word_1_103' title='bbox 619 1665 673 1718; x_wconf 73' lang='lat'><strong>2.</strong></span> <span class='ocrx_word' id='word_1_104' title='bbox 714 1664 1001 1734; x_wconf 75' lang='lat' dir='ltr'><strong>Postquam</strong></span> <span class='ocrx_word' id='word_1_105' title='bbox 1047 1664 1206 1735; x_wconf 80' lang='lat' dir='ltr'><strong>igitur</strong></span> <span class='ocrx_word' id='word_1_106' title='bbox 1239 1665 1484 1719; x_wconf 91' lang='lat' dir='ltr'><strong>timorem</strong></span> <span class='ocrx_word' id='word_1_107' title='bbox 1526 1663 1692 1726; x_wconf 83' lang='lat' dir='ltr'><strong>auxit,</strong></span> <span class='ocrx_word' id='word_1_108' title='bbox 1742 1671 1867 1717; x_wconf 92' lang='lat' dir='ltr'><strong>tunc</strong></span> <span class='ocrx_word' id='word_1_109' title='bbox 1898 1676 1982 1727; x_wconf 91' lang='lat' dir='ltr'><strong>ea,</strong></span> <span class='ocrx_word' id='word_1_110' title='bbox 2014 1675 2133 1729; x_wconf 68' lang='lat' dir='ltr'><strong>qua:</strong></span> 
     </span>
    </p>
   </div>
   <div class='ocr_carea' id='block_1_16' title="bbox 548 1754 2135 1827">
    <p class='ocr_par' dir='ltr' id='par_1_16' title="bbox 548 1754 2135 1827">
     <span class='ocr_line' id='line_1_16' title="bbox 548 1754 2135 1827; baseline -0.002 -17"><span class='ocrx_word' id='word_1_111' title='bbox 548 1757 615 1812; x_wconf 85' lang='lat' dir='ltr'><strong>ad</strong></span> <span class='ocrx_word' id='word_1_112' title='bbox 646 1759 869 1827; x_wconf 82' lang='lat' dir='ltr'><strong>gratiam</strong></span> <span class='ocrx_word' id='word_1_113' title='bbox 889 1765 1149 1827; x_wconf 87' lang='lat' dir='ltr'><strong>spectant,</strong></span> <span class='ocrx_word' id='word_1_114' title='bbox 1179 1756 1401 1821; x_wconf 85' lang='lat' dir='ltr'><strong>inducit,</strong></span> <span class='ocrx_word' id='word_1_115' title='bbox 1428 1756 1653 1810; x_wconf 83' lang='lat' dir='ltr'><strong>multum</strong></span> <span class='ocrx_word' id='word_1_116' title='bbox 1671 1755 1920 1824; x_wconf 84' lang='lat' dir='ltr'><strong>ingerens</strong></span> <span class='ocrx_word' id='word_1_117' title='bbox 1946 1754 2135 1807; x_wconf 89' lang='lat' dir='ltr'><strong>remis-</strong></span> 
     </span>
    </p>
   </div>
   <div class='ocr_carea' id='block_1_17' title="bbox 547 1844 2133 1918">
    <p class='ocr_par' dir='ltr' id='par_1_17' title="bbox 547 1844 2133 1918">
     <span class='ocr_line' id='line_1_17' title="bbox 547 1844 2133 1918; baseline -0.005 -12"><span class='ocrx_word' id='word_1_118' title='bbox 547 1851 717 1906; x_wconf 89' lang='lat' dir='ltr'><strong>sionis</strong></span> <span class='ocrx_word' id='word_1_119' title='bbox 749 1861 1085 1918; x_wconf 82' lang='lat' dir='ltr'><strong>peccatorum</strong></span> <span class='ocrx_word' id='word_1_120' title='bbox 1116 1848 1471 1913; x_wconf 88' lang='lat' dir='ltr'><strong>desiderium;</strong></span> <span class='ocrx_word' id='word_1_121' title='bbox 1519 1857 1677 1918; x_wconf 88' lang='lat' dir='ltr'><strong>atque</strong></span> <span class='ocrx_word' id='word_1_122' title='bbox 1714 1848 1820 1902; x_wconf 88' lang='lat' dir='ltr'><strong>ait:</strong></span> <span class='ocrx_word' id='word_1_123' title='bbox 1850 1845 1943 1902; x_wconf 73' lang='lat' dir='ltr'><strong>2i.</strong></span> <span class='ocrx_word' id='word_1_124' title='bbox 1979 1844 2133 1898; x_wconf 87' lang='lat' dir='ltr'><strong>Nunc</strong></span> 
     </span>
    </p>
   </div>
   <div class='ocr_carea' id='block_1_18' title="bbox 544 1938 2129 2015">
    <p class='ocr_par' dir='ltr' id='par_1_18' title="bbox 544 1938 2129 2015">
     <span class='ocr_line' id='line_1_18' title="bbox 544 1938 2129 2015; baseline -0.001 -17"><span class='ocrx_word' id='word_1_125' title='bbox 544 1953 715 1998; x_wconf 85' lang='lat' dir='ltr'><strong>autem</strong></span> <span class='ocrx_word' id='word_1_126' title='bbox 754 1945 863 1999; x_wconf 84' lang='lat' dir='ltr'><strong>sine</strong></span> <span class='ocrx_word' id='word_1_127' title='bbox 908 1945 1015 2015; x_wconf 85' lang='lat' dir='ltr'><strong>lege</strong></span> <span class='ocrx_word' id='word_1_128' title='bbox 1048 1944 1252 2013; x_wconf 86' lang='lat' dir='ltr'><strong>justitia</strong></span> <span class='ocrx_word' id='word_1_129' title='bbox 1280 1942 1377 1997; x_wconf 91' lang='lat' dir='ltr'><strong>Dei</strong></span> <span class='ocrx_word' id='word_1_130' title='bbox 1404 1942 1725 2011; x_wconf 83' lang='lat' dir='ltr'><strong>manifestata</strong></span> <span class='ocrx_word' id='word_1_131' title='bbox 1764 1948 1857 1994; x_wconf 90' lang='lat' dir='ltr'><strong>est.</strong></span> <span class='ocrx_word' id='word_1_132' title='bbox 1886 1938 2129 2008; x_wconf 78' lang='lat' dir='ltr'><strong>Magnam</strong></span> 
     </span>
    </p>
   </div>
   <div class='ocr_carea' id='block_1_19' title="bbox 549 2031 2126 2107">
    <p class='ocr_par' dir='ltr' id='par_1_19' title="bbox 549 2031 2126 2107">
     <span class='ocr_line' id='line_1_19' title="bbox 549 2031 2126 2107; baseline -0.003 -19"><span class='ocrx_word' id='word_1_133' title='bbox 549 2038 634 2092; x_wconf 91' lang='lat' dir='ltr'><strong>hic</strong></span> <span class='ocrx_word' id='word_1_134' title='bbox 666 2053 775 2091; x_wconf 90' lang='lat' dir='ltr'><strong>rem</strong></span> <span class='ocrx_word' id='word_1_135' title='bbox 806 2036 1025 2107; x_wconf 83' lang='lat' dir='ltr'><strong>profert,</strong></span> <span class='ocrx_word' id='word_1_136' title='bbox 1059 2036 1327 2105; x_wconf 88' lang='lat' dir='ltr'><strong>multaque</strong></span> <span class='ocrx_word' id='word_1_137' title='bbox 1344 2035 1655 2104; x_wconf 88' lang='lat' dir='ltr'><strong>probatione</strong></span> <span class='ocrx_word' id='word_1_138' title='bbox 1675 2048 1809 2103; x_wconf 91' lang='lat' dir='ltr'><strong>opus</strong></span> <span class='ocrx_word' id='word_1_139' title='bbox 1823 2031 2126 2086; x_wconf 87' lang='lat' dir='ltr'><strong>habentem.</strong></span> 
     </span>
    </p>
   </div>
   <div class='ocr_carea' id='block_1_20' title="bbox 545 2124 2128 2198">
    <p class='ocr_par' dir='ltr' id='par_1_20' title="bbox 545 2124 2128 2198">
     <span class='ocr_line' id='line_1_20' title="bbox 545 2124 2128 2198; baseline -0.004 -15"><span class='ocrx_word' id='word_1_140' title='bbox 545 2128 599 2183; x_wconf 90' lang='lat' dir='ltr'><strong>Si</strong></span> <span class='ocrx_word' id='word_1_141' title='bbox 629 2128 768 2182; x_wconf 90' lang='lat' dir='ltr'><strong>enim</strong></span> <span class='ocrx_word' id='word_1_142' title='bbox 797 2130 852 2194; x_wconf 93' lang='lat' dir='ltr'><strong>ii,</strong></span> <span class='ocrx_word' id='word_1_143' title='bbox 883 2129 971 2198; x_wconf 86' lang='lat' dir='ltr'><strong>qui</strong></span> <span class='ocrx_word' id='word_1_144' title='bbox 1005 2129 1055 2183; x_wconf 92' lang='lat' dir='ltr'><strong>in</strong></span> <span class='ocrx_word' id='word_1_145' title='bbox 1086 2128 1202 2198; x_wconf 88' lang='lat' dir='ltr'><strong>lege</strong></span> <span class='ocrx_word' id='word_1_146' title='bbox 1226 2128 1492 2193; x_wconf 85' lang='lat' dir='ltr'><strong>vixerunt,</strong></span> <span class='ocrx_word' id='word_1_147' title='bbox 1512 2142 1615 2180; x_wconf 90' lang='lat' dir='ltr'><strong>non</strong></span> <span class='ocrx_word' id='word_1_148' title='bbox 1637 2125 1794 2180; x_wconf 90' lang='lat' dir='ltr'><strong>modo</strong></span> <span class='ocrx_word' id='word_1_149' title='bbox 1810 2124 2128 2194; x_wconf 87' lang='lat' dir='ltr'><strong>supplicium</strong></span> 
     </span>
    </p>
   </div>
   <div class='ocr_carea' id='block_1_21' title="bbox 546 2217 2130 2291">
    <p class='ocr_par' dir='ltr' id='par_1_21' title="bbox 546 2217 2130 2291">
     <span class='ocr_line' id='line_1_21' title="bbox 546 2217 2130 2291; baseline 0 -18"><span class='ocrx_word' id='word_1_150' title='bbox 546 2236 652 2274; x_wconf 85' lang='lat' dir='ltr'><strong>non</strong></span> <span class='ocrx_word' id='word_1_151' title='bbox 684 2220 1006 2291; x_wconf 77' lang='lat' dir='ltr'><strong>effugerunt,</strong></span> <span class='ocrx_word' id='word_1_152' title='bbox 1037 2220 1130 2277; x_wconf 92' lang='lat' dir='ltr'><strong>sed</strong></span> <span class='ocrx_word' id='word_1_153' title='bbox 1160 2231 1213 2275; x_wconf 90' lang='lat' dir='ltr'><strong>et</strong></span> <span class='ocrx_word' id='word_1_154' title='bbox 1238 2220 1471 2291; x_wconf 80' lang='lat' dir='ltr'><strong>graviori</strong></span> <span class='ocrx_word' id='word_1_155' title='bbox 1515 2219 1665 2291; x_wconf 87' lang='lat' dir='ltr'><strong>plexi</strong></span> <span class='ocrx_word' id='word_1_156' title='bbox 1693 2226 1835 2281; x_wconf 87' lang='lat' dir='ltr'><strong>sunt,</strong></span> <span class='ocrx_word' id='word_1_157' title='bbox 1859 2217 2130 2287; x_wconf 87' lang='lat' dir='ltr'><strong>quomodo</strong></span> 
     </span>
    </p>
   </div>
   <div class='ocr_carea' id='block_1_22' title="bbox 545 2310 2127 2385">
    <p class='ocr_par' dir='ltr' id='par_1_22' title="bbox 545 2310 2127 2385">
     <span class='ocr_line' id='line_1_22' title="bbox 545 2310 2127 2385; baseline -0.001 -19"><span class='ocrx_word' id='word_1_158' title='bbox 545 2325 721 2384; x_wconf 86' lang='lat' dir='ltr'><strong>potest</strong></span> <span class='ocrx_word' id='word_1_159' title='bbox 764 2316 879 2370; x_wconf 89' lang='lat' dir='ltr'><strong>sine</strong></span> <span class='ocrx_word' id='word_1_160' title='bbox 931 2315 1047 2385; x_wconf 88' lang='lat' dir='ltr'><strong>lege</strong></span> <span class='ocrx_word' id='word_1_161' title='bbox 1094 2330 1199 2368; x_wconf 91' lang='lat' dir='ltr'><strong>non</strong></span> <span class='ocrx_word' id='word_1_162' title='bbox 1247 2314 1408 2369; x_wconf 91' lang='lat' dir='ltr'><strong>modo</strong></span> <span class='ocrx_word' id='word_1_163' title='bbox 1457 2313 1777 2383; x_wconf 89' lang='lat' dir='ltr'><strong>supplicium</strong></span> <span class='ocrx_word' id='word_1_164' title='bbox 1821 2310 2127 2379; x_wconf 73' lang='lat' dir='ltr'><strong>eliugi,sed</strong></span> 
     </span>
    </p>
   </div>
   <div class='ocr_carea' id='block_1_23' title="bbox 545 2402 2127 2475">
    <p class='ocr_par' dir='ltr' id='par_1_23' title="bbox 545 2402 2127 2475">
     <span class='ocr_line' id='line_1_23' title="bbox 545 2402 2127 2475; baseline -0.003 -15"><span class='ocrx_word' id='word_1_165' title='bbox 545 2405 707 2460; x_wconf 88' lang='lat' dir='ltr'><strong>etiam</strong></span> <span class='ocrx_word' id='word_1_166' title='bbox 734 2405 937 2474; x_wconf 88' lang='lat' dir='ltr'><strong>justitia</strong></span> <span class='ocrx_word' id='word_1_167' title='bbox 970 2406 1209 2475; x_wconf 85' lang='lat' dir='ltr'><strong>acquiri?</strong></span> <span class='ocrx_word' id='word_1_168' title='bbox 1238 2406 1350 2459; x_wconf 92' lang='lat' dir='ltr'><strong>Duo</strong></span> <span class='ocrx_word' id='word_1_169' title='bbox 1379 2405 1466 2460; x_wconf 89' lang='lat' dir='ltr'><strong>hic</strong></span> <span class='ocrx_word' id='word_1_170' title='bbox 1495 2418 1701 2459; x_wconf 91' lang='lat' dir='ltr'><strong>summa</strong></span> <span class='ocrx_word' id='word_1_171' title='bbox 1736 2403 1932 2471; x_wconf 84' lang='lat' dir='ltr'><strong>posuit,</strong></span> <span class='ocrx_word' id='word_1_172' title='bbox 1963 2412 2019 2457; x_wconf 90' lang='lat' dir='ltr'><strong>et</strong></span> <span class='ocrx_word' id='word_1_173' title='bbox 2038 2402 2127 2472; x_wconf 93' lang='lat' dir='ltr'><strong>ju-</strong></span> 
     </span>
    </p>
   </div>
   <div class='ocr_carea' id='block_1_24' title="bbox 542 2495 2131 2569">
    <p class='ocr_par' dir='ltr' id='par_1_24' title="bbox 542 2495 2131 2569">
     <span class='ocr_line' id='line_1_24' title="bbox 542 2495 2131 2569; baseline -0.002 -16"><span class='ocrx_word' id='word_1_174' title='bbox 542 2497 785 2564; x_wconf 79' lang='lat' dir='ltr'><strong>stillcari,</strong></span> <span class='ocrx_word' id='word_1_175' title='bbox 818 2506 871 2552; x_wconf 94' lang='lat' dir='ltr'><strong>et</strong></span> <span class='ocrx_word' id='word_1_176' title='bbox 898 2498 1015 2553; x_wconf 90' lang='lat' dir='ltr'><strong>sine</strong></span> <span class='ocrx_word' id='word_1_177' title='bbox 1037 2498 1153 2569; x_wconf 88' lang='lat' dir='ltr'><strong>lege</strong></span> <span class='ocrx_word' id='word_1_178' title='bbox 1183 2498 1298 2553; x_wconf 80' lang='lat' dir='ltr'><strong>haec</strong></span> <span class='ocrx_word' id='word_1_179' title='bbox 1319 2498 1457 2553; x_wconf 88' lang='lat' dir='ltr'><strong>bona</strong></span> <span class='ocrx_word' id='word_1_180' title='bbox 1475 2496 1707 2565; x_wconf 89' lang='lat' dir='ltr'><strong>assequi.</strong></span> <span class='ocrx_word' id='word_1_181' title='bbox 1728 2495 1852 2552; x_wconf 92' lang='lat' dir='ltr'><strong>ldeo</strong></span> <span class='ocrx_word' id='word_1_182' title='bbox 1877 2510 1981 2549; x_wconf 90' lang='lat' dir='ltr'><strong>non</strong></span> <span class='ocrx_word' id='word_1_183' title='bbox 1999 2496 2131 2550; x_wconf 89' lang='lat' dir='ltr'><strong>sim-</strong></span> 
     </span>
    </p>
   </div>
   <div class='ocr_carea' id='block_1_25' title="bbox 545 2585 2129 2657">
    <p class='ocr_par' dir='ltr' id='par_1_25' title="bbox 545 2585 2129 2657">
     <span class='ocr_line' id='line_1_25' title="bbox 545 2585 2129 2657; baseline -0.002 -13"><span class='ocrx_word' id='word_1_184' title='bbox 545 2591 774 2657; x_wconf 85' lang='lat' dir='ltr'><strong>pliciter,</strong></span> <span class='ocrx_word' id='word_1_185' title='bbox 799 2590 1033 2657; x_wconf 81' lang='lat' dir='ltr'><strong>Justitia,</strong></span> <span class='ocrx_word' id='word_1_186' title='bbox 1069 2591 1202 2645; x_wconf 87' lang='lat' dir='ltr'><strong>dixit</strong></span> <span class='ocrx_word' id='word_1_187' title='bbox 1226 2607 1239 2643; x_wconf 91' lang='lat'><strong>:</strong></span> <span class='ocrx_word' id='word_1_188' title='bbox 1270 2590 1385 2656; x_wconf 90' lang='lat' dir='ltr'><strong>sed,</strong></span> <span class='ocrx_word' id='word_1_189' title='bbox 1417 2587 1630 2643; x_wconf 70' lang='lat' dir='ltr'><strong>Iustitia</strong></span> <span class='ocrx_word' id='word_1_190' title='bbox 1657 2585 1790 2653; x_wconf 88' lang='lat' dir='ltr'><strong>Dei;</strong></span> <span class='ocrx_word' id='word_1_191' title='bbox 1816 2603 1845 2641; x_wconf 89' lang='lat' dir='ltr'><strong>a</strong></span> <span class='ocrx_word' id='word_1_192' title='bbox 1873 2586 2129 2656; x_wconf 88' lang='lat' dir='ltr'><strong>dignitate</strong></span> 
     </span>
    </p>
   </div>
   <div class='ocr_carea' id='block_1_26' title="bbox 545 2679 2124 2752">
    <p class='ocr_par' dir='ltr' id='par_1_26' title="bbox 545 2679 2124 2752">
     <span class='ocr_line' id='line_1_26' title="bbox 545 2679 2124 2752; baseline -0.004 -15"><span class='ocrx_word' id='word_1_193' title='bbox 545 2697 790 2752; x_wconf 65' lang='lat' dir='ltr'><strong>personae</strong></span> <span class='ocrx_word' id='word_1_194' title='bbox 819 2682 992 2751; x_wconf 88' lang='lat' dir='ltr'><strong>majus</strong></span> <span class='ocrx_word' id='word_1_195' title='bbox 1020 2682 1310 2737; x_wconf 89' lang='lat' dir='ltr'><strong>ostendens</strong></span> <span class='ocrx_word' id='word_1_196' title='bbox 1352 2681 1573 2748; x_wconf 89' lang='lat' dir='ltr'><strong>donum,</strong></span> <span class='ocrx_word' id='word_1_197' title='bbox 1619 2688 1675 2736; x_wconf 89' lang='lat' dir='ltr'><strong>et</strong></span> <span class='ocrx_word' id='word_1_198' title='bbox 1719 2679 2124 2748; x_wconf 87' lang='lat' dir='ltr'><strong>promissionem</strong></span> 
     </span>
    </p>
   </div>
   <div class='ocr_carea' id='block_1_27' title="bbox 545 2769 2129 2844">
    <p class='ocr_par' dir='ltr' id='par_1_27' title="bbox 545 2769 2129 2844">
     <span class='ocr_line' id='line_1_27' title="bbox 545 2769 2129 2844; baseline -0.005 -14"><span class='ocrx_word' id='word_1_199' title='bbox 545 2776 755 2844; x_wconf 87' lang='lat' dir='ltr'><strong>impleri</strong></span> <span class='ocrx_word' id='word_1_200' title='bbox 784 2789 941 2844; x_wconf 89' lang='lat' dir='ltr'><strong>posse</strong></span> <span class='ocrx_word' id='word_1_201' title='bbox 968 2774 1343 2828; x_wconf 90' lang='lat' dir='ltr'><strong>demonstrans</strong></span> <span class='ocrx_word' id='word_1_202' title='bbox 1365 2790 1378 2828; x_wconf 94' lang='lat'><strong>:</strong></span> <span class='ocrx_word' id='word_1_203' title='bbox 1400 2772 1575 2827; x_wconf 88' lang='lat' dir='ltr'><strong>omnia</strong></span> <span class='ocrx_word' id='word_1_204' title='bbox 1605 2771 1803 2840; x_wconf 88' lang='lat' dir='ltr'><strong>quippe</strong></span> <span class='ocrx_word' id='word_1_205' title='bbox 1830 2769 1931 2839; x_wconf 90' lang='lat' dir='ltr'><strong>ipsi</strong></span> <span class='ocrx_word' id='word_1_206' title='bbox 1959 2769 2129 2838; x_wconf 90' lang='lat' dir='ltr'><strong>possi-</strong></span> 
     </span>
    </p>
   </div>
   <div class='ocr_carea' id='block_1_28' title="bbox 548 2862 2123 2937">
    <p class='ocr_par' dir='ltr' id='par_1_28' title="bbox 548 2862 2123 2937">
     <span class='ocr_line' id='line_1_28' title="bbox 548 2862 2123 2937; baseline -0.004 -15"><span class='ocrx_word' id='word_1_207' title='bbox 548 2869 669 2922; x_wconf 89' lang='lat' dir='ltr'><strong>bilia</strong></span> <span class='ocrx_word' id='word_1_208' title='bbox 700 2877 843 2922; x_wconf 90' lang='lat' dir='ltr'><strong>sunt.</strong></span> <span class='ocrx_word' id='word_1_209' title='bbox 872 2866 1056 2937; x_wconf 90' lang='lat' dir='ltr'><strong>Neque</strong></span> <span class='ocrx_word' id='word_1_210' title='bbox 1078 2865 1231 2933; x_wconf 84' lang='lat' dir='ltr'><strong>dixit,</strong></span> <span class='ocrx_word' id='word_1_211' title='bbox 1255 2866 1379 2919; x_wconf 88' lang='lat' dir='ltr'><strong>Data</strong></span> <span class='ocrx_word' id='word_1_212' title='bbox 1410 2874 1519 2931; x_wconf 92' lang='lat' dir='ltr'><strong>est;</strong></span> <span class='ocrx_word' id='word_1_213' title='bbox 1544 2863 1659 2930; x_wconf 92' lang='lat' dir='ltr'><strong>sed,</strong></span> <span class='ocrx_word' id='word_1_214' title='bbox 1686 2862 2123 2932; x_wconf 74' lang='lat' dir='ltr'><strong>Manifestataest,</strong></span> 
     </span>
    </p>
   </div>
   <div class='ocr_carea' id='block_1_29' title="bbox 547 2953 2124 3024">
    <p class='ocr_par' dir='ltr' id='par_1_29' title="bbox 547 2953 2124 3024">
     <span class='ocr_line' id='line_1_29' title="bbox 547 2953 2124 3024; baseline -0.004 -12"><span class='ocrx_word' id='word_1_215' title='bbox 547 2959 908 3013; x_wconf 89' lang='lat' dir='ltr'><strong>innovationis</strong></span> <span class='ocrx_word' id='word_1_216' title='bbox 951 2958 1343 3013; x_wconf 89' lang='lat' dir='ltr'><strong>accusationem</strong></span> <span class='ocrx_word' id='word_1_217' title='bbox 1375 2969 1627 3011; x_wconf 90' lang='lat' dir='ltr'><strong>resecans</strong></span> <span class='ocrx_word' id='word_1_218' title='bbox 1648 2972 1662 3009; x_wconf 86' lang='lat'><strong>:</strong></span> <span class='ocrx_word' id='word_1_219' title='bbox 1686 2969 1810 3009; x_wconf 89' lang='lat' dir='ltr'><strong>nam</strong></span> <span class='ocrx_word' id='word_1_220' title='bbox 1839 2953 1980 3024; x_wconf 93' lang='lat' dir='ltr'><strong>quod</strong></span> <span class='ocrx_word' id='word_1_221' title='bbox 2006 2969 2124 3006; x_wconf 87' lang='lat' dir='ltr'><strong>ma-</strong></span> 
     </span>
    </p>
   </div>
   <div class='ocr_carea' id='block_1_30' title="bbox 546 3045 2124 3127">
    <p class='ocr_par' dir='ltr' id='par_1_30' title="bbox 546 3045 2124 3127">
     <span class='ocr_line' id='line_1_30' title="bbox 546 3045 2124 3127; baseline -0.003 -23"><span class='ocrx_word' id='word_1_222' title='bbox 546 3051 851 3107; x_wconf 85' lang='lat' dir='ltr'><strong>nifestatum</strong></span> <span class='ocrx_word' id='word_1_223' title='bbox 882 3058 983 3115; x_wconf 90' lang='lat' dir='ltr'><strong>est,</strong></span> <span class='ocrx_word' id='word_1_224' title='bbox 1010 3059 1066 3105; x_wconf 91' lang='lat' dir='ltr'><strong>et</strong></span> <span class='ocrx_word' id='word_1_225' title='bbox 1092 3056 1246 3127; x_wconf 60' lang='lat' dir='ltr'><strong>getae</strong></span> <span class='ocrx_word' id='word_1_226' title='bbox 1265 3057 1319 3105; x_wconf 91' lang='lat' dir='ltr'><strong>et</strong></span> <span class='ocrx_word' id='word_1_227' title='bbox 1346 3048 1719 3103; x_wconf 89' lang='lat' dir='ltr'><strong>absconditum</strong></span> <span class='ocrx_word' id='word_1_228' title='bbox 1756 3046 1917 3102; x_wconf 74' lang='lat' dir='ltr'><strong>fuisse</strong></span> <span class='ocrx_word' id='word_1_229' title='bbox 1943 3045 2124 3101; x_wconf 86' lang='lat' dir='ltr'><strong>decla-</strong></span> 
     </span>
    </p>
   </div>
   <div class='ocr_carea' id='block_1_31' title="bbox 543 3130 2126 3215">
    <p class='ocr_par' dir='ltr' id='par_1_31' title="bbox 543 3130 2126 3215">
     <span class='ocr_line' id='line_1_31' title="bbox 543 3130 2126 3215; baseline -0.004 -16"><span class='ocrx_word' id='word_1_230' title='bbox 543 3153 716 3199; x_wconf 87' lang='lat' dir='ltr'><strong>ratur.</strong></span> <span class='ocrx_word' id='word_1_231' title='bbox 756 3144 938 3215; x_wconf 84' lang='lat' dir='ltr'><strong>Neque</strong></span> <span class='ocrx_word' id='word_1_232' title='bbox 964 3143 1065 3200; x_wconf 91' lang='lat' dir='ltr'><strong>hoc</strong></span> <span class='ocrx_word' id='word_1_233' title='bbox 1089 3130 1285 3210; x_wconf 84' lang='lat' dir='ltr'><strong>solum,</strong></span> <span class='ocrx_word' id='word_1_234' title='bbox 1318 3141 1412 3198; x_wconf 88' lang='lat' dir='ltr'><strong>sed</strong></span> <span class='ocrx_word' id='word_1_235' title='bbox 1452 3143 1613 3197; x_wconf 89' lang='lat' dir='ltr'><strong>etiam</strong></span> <span class='ocrx_word' id='word_1_236' title='bbox 1642 3140 1917 3210; x_wconf 84' lang='lat' dir='ltr'><strong>sequentia</strong></span> <span class='ocrx_word' id='word_1_237' title='bbox 1945 3148 2126 3194; x_wconf 78' lang='lat' dir='ltr'><strong>osteu-&#39;</strong></span> 
     </span>
    </p>
   </div>
   <div class='ocr_carea' id='block_1_32' title="bbox 540 3229 2125 3299">
    <p class='ocr_par' dir='ltr' id='par_1_32' title="bbox 540 3229 2125 3299">
     <span class='ocr_line' id='line_1_32' title="bbox 540 3229 2125 3299; baseline -0.004 -9"><span class='ocrx_word' id='word_1_238' title='bbox 540 3236 675 3291; x_wconf 91' lang='lat' dir='ltr'><strong>dunt</strong></span> <span class='ocrx_word' id='word_1_239' title='bbox 701 3235 802 3290; x_wconf 91' lang='lat' dir='ltr'><strong>hoc</strong></span> <span class='ocrx_word' id='word_1_240' title='bbox 828 3251 1022 3291; x_wconf 80' lang='lat' dir='ltr'><strong>novum</strong></span> <span class='ocrx_word' id='word_1_241' title='bbox 1051 3250 1157 3289; x_wconf 91' lang='lat' dir='ltr'><strong>non</strong></span> <span class='ocrx_word' id='word_1_242' title='bbox 1185 3249 1325 3290; x_wconf 86' lang='lat' dir='ltr'><strong>esse.</strong></span> <span class='ocrx_word' id='word_1_243' title='bbox 1355 3233 1488 3289; x_wconf 90' lang='lat' dir='ltr'><strong>Cum</strong></span> <span class='ocrx_word' id='word_1_244' title='bbox 1520 3234 1662 3288; x_wconf 88' lang='lat' dir='ltr'><strong>enim</strong></span> <span class='ocrx_word' id='word_1_245' title='bbox 1680 3232 1924 3299; x_wconf 77' lang='lat' dir='ltr'><strong>dixisset,</strong></span> <span class='ocrx_word' id='word_1_246' title='bbox 1952 3229 2125 3284; x_wconf 76' lang='lat' dir='ltr'><strong>Muni-</strong></span> 
     </span>
    </p>
   </div>
   <div class='ocr_carea' id='block_1_33' title="bbox 539 3322 2119 3398">
    <p class='ocr_par' dir='ltr' id='par_1_33' title="bbox 539 3322 2119 3398">
     <span class='ocr_line' id='line_1_33' title="bbox 539 3322 2119 3398; baseline -0.005 -15"><span class='ocrx_word' id='word_1_247' title='bbox 539 3329 724 3396; x_wconf 79' lang='lat' dir='ltr'><strong>[estata</strong></span> <span class='ocrx_word' id='word_1_248' title='bbox 765 3338 858 3395; x_wconf 86' lang='lat' dir='ltr'><strong>est,</strong></span> <span class='ocrx_word' id='word_1_249' title='bbox 889 3328 1181 3398; x_wconf 76' lang='lat' dir='ltr'><strong>subjuuxit,</strong></span> <span class='ocrx_word' id='word_1_250' title='bbox 1217 3327 1507 3394; x_wconf 85' lang='lat' dir='ltr'><strong>Testiﬁcata</strong></span> <span class='ocrx_word' id='word_1_251' title='bbox 1545 3342 1578 3379; x_wconf 87' lang='lat' dir='ltr'><strong>a</strong></span> <span class='ocrx_word' id='word_1_252' title='bbox 1617 3326 1727 3395; x_wconf 84' lang='lat' dir='ltr'><strong>lege</strong></span> <span class='ocrx_word' id='word_1_253' title='bbox 1753 3333 1801 3378; x_wconf 87' lang='lat' dir='ltr'><strong>et</strong></span> <span class='ocrx_word' id='word_1_254' title='bbox 1841 3322 2119 3394; x_wconf 86' lang='lat' dir='ltr'><strong>praphetis.</strong></span> 
     </span>
    </p>
   </div>
   <div class='ocr_carea' id='block_1_34' title="bbox 539 3412 2119 3488">
    <p class='ocr_par' dir='ltr' id='par_1_34' title="bbox 539 3412 2119 3488">
     <span class='ocr_line' id='line_1_34' title="bbox 539 3412 2119 3488; baseline -0.004 -15"><span class='ocrx_word' id='word_1_255' title='bbox 539 3418 772 3482; x_wconf 85' lang='lat' dir='ltr'><strong>Etenim,</strong></span> <span class='ocrx_word' id='word_1_256' title='bbox 805 3433 873 3472; x_wconf 89' lang='lat' dir='ltr'><strong>ne</strong></span> <span class='ocrx_word' id='word_1_257' title='bbox 901 3418 1025 3488; x_wconf 87' lang='lat' dir='ltr'><strong>quia</strong></span> <span class='ocrx_word' id='word_1_258' title='bbox 1054 3432 1197 3472; x_wconf 91' lang='lat' dir='ltr'><strong>nunc</strong></span> <span class='ocrx_word' id='word_1_259' title='bbox 1242 3416 1364 3471; x_wconf 89' lang='lat' dir='ltr'><strong>data</strong></span> <span class='ocrx_word' id='word_1_260' title='bbox 1406 3426 1508 3481; x_wconf 90' lang='lat' dir='ltr'><strong>est,</strong></span> <span class='ocrx_word' id='word_1_261' title='bbox 1553 3414 1743 3484; x_wconf 88' lang='lat' dir='ltr'><strong>inquit,</strong></span> <span class='ocrx_word' id='word_1_262' title='bbox 1783 3428 1921 3468; x_wconf 88' lang='lat' dir='ltr'><strong>neve</strong></span> <span class='ocrx_word' id='word_1_263' title='bbox 1965 3412 2119 3481; x_wconf 89' lang='lat' dir='ltr'><strong>quasi</strong></span> 
     </span>
    </p>
   </div>
   <div class='ocr_carea' id='block_1_35' title="bbox 538 3506 2120 3581">
    <p class='ocr_par' dir='ltr' id='par_1_35' title="bbox 538 3506 2120 3581">
     <span class='ocr_line' id='line_1_35' title="bbox 538 3506 2120 3581; baseline -0.004 -16"><span class='ocrx_word' id='word_1_264' title='bbox 538 3526 627 3566; x_wconf 89' lang='lat' dir='ltr'><strong>res</strong></span> <span class='ocrx_word' id='word_1_265' title='bbox 653 3526 788 3566; x_wconf 77' lang='lat' dir='ltr'><strong>nova</strong></span> <span class='ocrx_word' id='word_1_266' title='bbox 812 3521 864 3565; x_wconf 90' lang='lat' dir='ltr'><strong>et</strong></span> <span class='ocrx_word' id='word_1_267' title='bbox 896 3510 1175 3581; x_wconf 88' lang='lat' dir='ltr'><strong>peregrina</strong></span> <span class='ocrx_word' id='word_1_268' title='bbox 1205 3510 1293 3572; x_wconf 90' lang='lat' dir='ltr'><strong>sit,</strong></span> <span class='ocrx_word' id='word_1_269' title='bbox 1317 3508 1575 3571; x_wconf 86' lang='lat' dir='ltr'><strong>turberis;</strong></span> <span class='ocrx_word' id='word_1_270' title='bbox 1600 3506 1712 3576; x_wconf 86' lang='lat' dir='ltr'><strong>jam</strong></span> <span class='ocrx_word' id='word_1_271' title='bbox 1738 3506 1864 3561; x_wconf 90' lang='lat' dir='ltr'><strong>olim</strong></span> <span class='ocrx_word' id='word_1_272' title='bbox 1886 3506 2030 3561; x_wconf 91' lang='lat' dir='ltr'><strong>enim</strong></span> <span class='ocrx_word' id='word_1_273' title='bbox 2052 3506 2120 3559; x_wconf 91' lang='lat' dir='ltr'><strong>il-</strong></span> 
     </span>
    </p>
   </div>
   <div class='ocr_carea' id='block_1_36' title="bbox 537 3595 2117 3671">
    <p class='ocr_par' dir='ltr' id='par_1_36' title="bbox 537 3595 2117 3671">
     <span class='ocr_line' id='line_1_36' title="bbox 537 3595 2117 3671; baseline -0.004 -14"><span class='ocrx_word' id='word_1_274' title='bbox 537 3605 642 3657; x_wconf 87' lang='lat' dir='ltr'><strong>lam</strong></span> <span class='ocrx_word' id='word_1_275' title='bbox 669 3614 721 3659; x_wconf 91' lang='lat' dir='ltr'><strong>et</strong></span> <span class='ocrx_word' id='word_1_276' title='bbox 751 3603 834 3658; x_wconf 85' lang='lat' dir='ltr'><strong>lex</strong></span> <span class='ocrx_word' id='word_1_277' title='bbox 865 3611 919 3657; x_wconf 89' lang='lat' dir='ltr'><strong>et</strong></span> <span class='ocrx_word' id='word_1_278' title='bbox 942 3602 1218 3671; x_wconf 66' lang='lat' dir='ltr'><strong>prophetae</strong></span> <span class='ocrx_word' id='word_1_279' title='bbox 1247 3600 1630 3671; x_wconf 76' lang='lat' dir='ltr'><strong>prtedixerunt.</strong></span> <span class='ocrx_word' id='word_1_280' title='bbox 1662 3598 1728 3653; x_wconf 88' lang='lat' dir='ltr'><strong>Et</strong></span> <span class='ocrx_word' id='word_1_281' title='bbox 1770 3598 1871 3652; x_wconf 88' lang='lat' dir='ltr'><strong>alia</strong></span> <span class='ocrx_word' id='word_1_282' title='bbox 1901 3595 2117 3666; x_wconf 89' lang='lat' dir='ltr'><strong>quidem</strong></span> 
     </span>
    </p>
   </div>
   <div class='ocr_carea' id='block_1_37' title="bbox 527 3688 2115 3765">
    <p class='ocr_par' dir='ltr' id='par_1_37' title="bbox 527 3688 2115 3765">
     <span class='ocr_line' id='line_1_37' title="bbox 527 3688 2115 3765; baseline -0.004 -17"><span class='ocrx_word' id='word_1_283' title='bbox 527 3695 643 3765; x_wconf 86' lang='lat' dir='ltr'><strong>jam</strong></span> <span class='ocrx_word' id='word_1_284' title='bbox 668 3694 914 3763; x_wconf 76' lang='lat' dir='ltr'><strong>probavit</strong></span> <span class='ocrx_word' id='word_1_285' title='bbox 934 3693 1035 3748; x_wconf 91' lang='lat' dir='ltr'><strong>hoc</strong></span> <span class='ocrx_word' id='word_1_286' title='bbox 1056 3702 1392 3763; x_wconf 86' lang='lat' dir='ltr'><strong>argumento,</strong></span> <span class='ocrx_word' id='word_1_287' title='bbox 1431 3690 1533 3744; x_wconf 89' lang='lat' dir='ltr'><strong>alia</strong></span> <span class='ocrx_word' id='word_1_288' title='bbox 1566 3688 1884 3759; x_wconf 87' lang='lat' dir='ltr'><strong>probaturus</strong></span> <span class='ocrx_word' id='word_1_289' title='bbox 1912 3696 2029 3753; x_wconf 90' lang='lat' dir='ltr'><strong>est;</strong></span> <span class='ocrx_word' id='word_1_290' title='bbox 2059 3688 2115 3743; x_wconf 90' lang='lat' dir='ltr'><strong>in</strong></span> 
     </span>
    </p>
   </div>
   <div class='ocr_carea' id='block_1_38' title="bbox 534 3779 2119 3857">
    <p class='ocr_par' dir='ltr' id='par_1_38' title="bbox 534 3779 2119 3857">
     <span class='ocr_line' id='line_1_38' title="bbox 534 3779 2119 3857; baseline -0.006 -15"><span class='ocrx_word' id='word_1_291' title='bbox 534 3787 898 3857; x_wconf 82' lang='lat' dir='ltr'><strong>superioribus</strong></span> <span class='ocrx_word' id='word_1_292' title='bbox 928 3786 1176 3842; x_wconf 81' lang='lat' dir='ltr'><strong>Habacue</strong></span> <span class='ocrx_word' id='word_1_293' title='bbox 1205 3786 1474 3840; x_wconf 89' lang='lat' dir='ltr'><strong>adducens</strong></span> <span class='ocrx_word' id='word_1_294' title='bbox 1502 3782 1805 3839; x_wconf 86' lang='lat' dir='ltr'><strong>dicentem:</strong></span> <span class='ocrx_word' id='word_1_295' title='bbox 1836 3779 2019 3835; x_wconf 84' lang='lat' dir='ltr'><strong>Justus</strong></span> <span class='ocrx_word' id='word_1_296' title='bbox 2055 3795 2119 3833; x_wconf 79' lang='lat' dir='ltr'><strong>ea:</strong></span> 
     </span>
    </p>
   </div>
   <div class='ocr_carea' id='block_1_39' title="bbox 531 3871 2114 3950">
    <p class='ocr_par' dir='ltr' id='par_1_39' title="bbox 531 3871 2114 3950">
     <span class='ocr_line' id='line_1_39' title="bbox 531 3871 2114 3950; baseline -0.005 -18"><span class='ocrx_word' id='word_1_297' title='bbox 531 3881 637 3947; x_wconf 85' lang='lat' dir='ltr'><strong>ﬁde</strong></span> <span class='ocrx_word' id='word_1_298' title='bbox 660 3880 776 3933; x_wconf 81' lang='lat' dir='ltr'><strong>uiuit</strong></span> <span class='ocrx_word' id='word_1_299' title='bbox 820 3878 999 3950; x_wconf 83' lang='lat' dir='ltr'><strong>(Rom.</strong></span> <span class='ocrx_word' id='word_1_300' title='bbox 1032 3881 1080 3931; x_wconf 83' lang='lat' dir='ltr'><strong>l.</strong></span> <span class='ocrx_word' id='word_1_301' title='bbox 1114 3879 1235 3948; x_wconf 81' lang='lat' dir='ltr'><strong>l7);</strong></span> <span class='ocrx_word' id='word_1_302' title='bbox 1266 3878 1317 3931; x_wconf 93' lang='lat' dir='ltr'><strong>in</strong></span> <span class='ocrx_word' id='word_1_303' title='bbox 1348 3875 1694 3946; x_wconf 87' lang='lat' dir='ltr'><strong>sequentibus</strong></span> <span class='ocrx_word' id='word_1_304' title='bbox 1718 3888 1846 3927; x_wconf 90' lang='lat' dir='ltr'><strong>vero</strong></span> <span class='ocrx_word' id='word_1_305' title='bbox 1866 3871 2114 3927; x_wconf 85' lang='lat' dir='ltr'><strong>Abraha-</strong></span> 
     </span>
    </p>
   </div>
   <div class='ocr_carea' id='block_1_40' title="bbox 532 3963 2113 4035">
    <p class='ocr_par' dir='ltr' id='par_1_40' title="bbox 532 3963 2113 4035">
     <span class='ocr_line' id='line_1_40' title="bbox 532 3963 2113 4035; baseline -0.005 -9"><span class='ocrx_word' id='word_1_306' title='bbox 532 3987 677 4026; x_wconf 88' lang='lat' dir='ltr'><strong>mum</strong></span> <span class='ocrx_word' id='word_1_307' title='bbox 708 3982 760 4025; x_wconf 91' lang='lat' dir='ltr'><strong>et</strong></span> <span class='ocrx_word' id='word_1_308' title='bbox 791 3970 1063 4032; x_wconf 85' lang='lat' dir='ltr'><strong>Davidem.</strong></span> <span class='ocrx_word' id='word_1_309' title='bbox 1102 3970 1170 4025; x_wconf 88' lang='lat' dir='ltr'><strong>de</strong></span> <span class='ocrx_word' id='word_1_310' title='bbox 1199 3968 1388 4025; x_wconf 88' lang='lat' dir='ltr'><strong>iisdem</strong></span> <span class='ocrx_word' id='word_1_311' title='bbox 1414 3982 1513 4021; x_wconf 90' lang='lat' dir='ltr'><strong>nos</strong></span> <span class='ocrx_word' id='word_1_312' title='bbox 1548 3966 1896 4035; x_wconf 88' lang='lat' dir='ltr'><strong>alloquentes.</strong></span> <span class='ocrx_word' id='word_1_313' title='bbox 1928 3963 2113 4033; x_wconf 81' lang='lat' dir='ltr'><strong>Magna</strong></span> 
     </span>
    </p>
   </div>
   <div class='ocr_carea' id='block_1_41' title="bbox 530 4057 2109 4133">
    <p class='ocr_par' dir='ltr' id='par_1_41' title="bbox 530 4057 2109 4133">
     <span class='ocr_line' id='line_1_41' title="bbox 530 4057 2109 4133; baseline -0.006 -14"><span class='ocrx_word' id='word_1_314' title='bbox 530 4064 673 4119; x_wconf 90' lang='lat' dir='ltr'><strong>enim</strong></span> <span class='ocrx_word' id='word_1_315' title='bbox 700 4062 839 4133; x_wconf 88' lang='lat' dir='ltr'><strong>apud</strong></span> <span class='ocrx_word' id='word_1_316' title='bbox 872 4063 990 4118; x_wconf 90' lang='lat' dir='ltr'><strong>illos</strong></span> <span class='ocrx_word' id='word_1_317' title='bbox 1017 4062 1203 4117; x_wconf 86' lang='lat' dir='ltr'><strong>harum</strong></span> <span class='ocrx_word' id='word_1_318' title='bbox 1239 4074 1584 4130; x_wconf 90' lang='lat' dir='ltr'><strong>personarum</strong></span> <span class='ocrx_word' id='word_1_319' title='bbox 1623 4068 1740 4113; x_wconf 89' lang='lat' dir='ltr'><strong>erat</strong></span> <span class='ocrx_word' id='word_1_320' title='bbox 1780 4057 2109 4113; x_wconf 87' lang='lat' dir='ltr'><strong>auctoritas:</strong></span> 
     </span>
    </p>
   </div>
   <div class='ocr_carea' id='block_1_42' title="bbox 530 4149 2111 4223">
    <p class='ocr_par' dir='ltr' id='par_1_42' title="bbox 530 4149 2111 4223">
     <span class='ocr_line' id='line_1_42' title="bbox 530 4149 2111 4223; baseline -0.004 -16"><span class='ocrx_word' id='word_1_321' title='bbox 530 4154 620 4208; x_wconf 90' lang='lat' dir='ltr'><strong>ille</strong></span> <span class='ocrx_word' id='word_1_322' title='bbox 640 4169 871 4223; x_wconf 87' lang='lat' dir='ltr'><strong>namque</strong></span> <span class='ocrx_word' id='word_1_323' title='bbox 896 4162 1014 4208; x_wconf 88' lang='lat' dir='ltr'><strong>erat</strong></span> <span class='ocrx_word' id='word_1_324' title='bbox 1042 4152 1342 4222; x_wconf 89' lang='lat' dir='ltr'><strong>patriarcha</strong></span> <span class='ocrx_word' id='word_1_325' title='bbox 1366 4160 1421 4206; x_wconf 88' lang='lat' dir='ltr'><strong>et</strong></span> <span class='ocrx_word' id='word_1_326' title='bbox 1450 4149 1728 4220; x_wconf 87' lang='lat' dir='ltr'><strong>propheta,</strong></span> <span class='ocrx_word' id='word_1_327' title='bbox 1756 4149 1843 4204; x_wconf 91' lang='lat' dir='ltr'><strong>hic</strong></span> <span class='ocrx_word' id='word_1_328' title='bbox 1863 4163 1990 4203; x_wconf 90' lang='lat' dir='ltr'><strong>vero</strong></span> <span class='ocrx_word' id='word_1_329' title='bbox 2017 4163 2111 4202; x_wconf 85' lang='lat' dir='ltr'><strong>rex</strong></span> 
     </span>
    </p>
   </div>
   <div class='ocr_carea' id='block_1_43' title="bbox 529 4242 2110 4315">
    <p class='ocr_par' dir='ltr' id='par_1_43' title="bbox 529 4242 2110 4315">
     <span class='ocr_line' id='line_1_43' title="bbox 529 4242 2110 4315; baseline -0.003 -15"><span class='ocrx_word' id='word_1_330' title='bbox 529 4254 585 4300; x_wconf 90' lang='lat' dir='ltr'><strong>et</strong></span> <span class='ocrx_word' id='word_1_331' title='bbox 612 4247 905 4314; x_wconf 88' lang='lat' dir='ltr'><strong>propheta:</strong></span> <span class='ocrx_word' id='word_1_332' title='bbox 932 4259 996 4299; x_wconf 89' lang='lat' dir='ltr'><strong>ac</strong></span> <span class='ocrx_word' id='word_1_333' title='bbox 1045 4245 1426 4315; x_wconf 90' lang='lat' dir='ltr'><strong>promissiones</strong></span> <span class='ocrx_word' id='word_1_334' title='bbox 1455 4258 1667 4313; x_wconf 88' lang='lat' dir='ltr'><strong>quoque</strong></span> <span class='ocrx_word' id='word_1_335' title='bbox 1710 4242 1794 4296; x_wconf 92' lang='lat' dir='ltr'><strong>his</strong></span> <span class='ocrx_word' id='word_1_336' title='bbox 1842 4242 1910 4296; x_wconf 91' lang='lat' dir='ltr'><strong>de</strong></span> <span class='ocrx_word' id='word_1_337' title='bbox 1950 4243 2110 4297; x_wconf 89' lang='lat' dir='ltr'><strong>rebus</strong></span> 
     </span>
    </p>
   </div>
   <div class='ocr_carea' id='block_1_44' title="bbox 528 4332 2110 4405">
    <p class='ocr_par' dir='ltr' id='par_1_44' title="bbox 528 4332 2110 4405">
     <span class='ocr_line' id='line_1_44' title="bbox 528 4332 2110 4405; baseline -0.001 -15"><span class='ocrx_word' id='word_1_338' title='bbox 528 4337 761 4400; x_wconf 69' lang='lat' dir='ltr'><strong>emissae,</strong></span> <span class='ocrx_word' id='word_1_339' title='bbox 780 4335 845 4388; x_wconf 91' lang='lat' dir='ltr'><strong>ad</strong></span> <span class='ocrx_word' id='word_1_340' title='bbox 864 4345 1148 4405; x_wconf 92' lang='lat' dir='ltr'><strong>utrumque</strong></span> <span class='ocrx_word' id='word_1_341' title='bbox 1173 4334 1324 4389; x_wconf 70' lang='lat' dir='ltr'><strong>facta:</strong></span> <span class='ocrx_word' id='word_1_342' title='bbox 1342 4334 1567 4389; x_wconf 88' lang='lat' dir='ltr'><strong>fuerant.</strong></span> <span class='ocrx_word' id='word_1_343' title='bbox 1587 4332 1817 4403; x_wconf 87' lang='lat' dir='ltr'><strong>Ideoque</strong></span> <span class='ocrx_word' id='word_1_344' title='bbox 1832 4332 2110 4388; x_wconf 73' lang='lat' dir='ltr'><strong>Matthzeus</strong></span> 
     </span>
    </p>
   </div>
   <div class='ocr_carea' id='block_1_45' title="bbox 527 4424 2111 4495">
    <p class='ocr_par' dir='ltr' id='par_1_45' title="bbox 527 4424 2111 4495">
     <span class='ocr_line' id='line_1_45' title="bbox 527 4424 2111 4495; baseline -0.003 -14"><span class='ocrx_word' id='word_1_345' title='bbox 527 4425 877 4495; x_wconf 87' lang='lat' dir='ltr'><strong>Evangelium</strong></span> <span class='ocrx_word' id='word_1_346' title='bbox 907 4424 1145 4491; x_wconf 90' lang='lat' dir='ltr'><strong>ordiens,</strong></span> <span class='ocrx_word' id='word_1_347' title='bbox 1173 4426 1450 4479; x_wconf 90' lang='lat' dir='ltr'><strong>amborum</strong></span> <span class='ocrx_word' id='word_1_348' title='bbox 1478 4425 1651 4493; x_wconf 91' lang='lat' dir='ltr'><strong>primo</strong></span> <span class='ocrx_word' id='word_1_349' title='bbox 1676 4424 2002 4479; x_wconf 88' lang='lat' dir='ltr'><strong>mentionem</strong></span> <span class='ocrx_word' id='word_1_350' title='bbox 2035 4427 2111 4477; x_wconf 83' lang='lat' dir='ltr'><strong>fa-</strong></span> 
     </span>
    </p>
   </div>
   <div class='ocr_carea' id='block_1_46' title="bbox 525 4515 2105 4590">
    <p class='ocr_par' dir='ltr' id='par_1_46' title="bbox 525 4515 2105 4590">
     <span class='ocr_line' id='line_1_46' title="bbox 525 4515 2105 4590; baseline -0.003 -16"><span class='ocrx_word' id='word_1_351' title='bbox 525 4520 619 4584; x_wconf 91' lang='lat' dir='ltr'><strong>cit,</strong></span> <span class='ocrx_word' id='word_1_352' title='bbox 669 4534 732 4572; x_wconf 90' lang='lat' dir='ltr'><strong>ac</strong></span> <span class='ocrx_word' id='word_1_353' title='bbox 761 4518 952 4573; x_wconf 90' lang='lat' dir='ltr'><strong>deinde</strong></span> <span class='ocrx_word' id='word_1_354' title='bbox 986 4518 1177 4572; x_wconf 90' lang='lat' dir='ltr'><strong>seriem</strong></span> <span class='ocrx_word' id='word_1_355' title='bbox 1220 4532 1282 4572; x_wconf 89' lang='lat' dir='ltr'><strong>ac</strong></span> <span class='ocrx_word' id='word_1_356' title='bbox 1321 4518 1691 4590; x_wconf 85' lang='lat' dir='ltr'><strong>progenitores</strong></span> <span class='ocrx_word' id='word_1_357' title='bbox 1718 4515 1954 4572; x_wconf 90' lang='lat' dir='ltr'><strong>adducit.</strong></span> <span class='ocrx_word' id='word_1_358' title='bbox 1974 4515 2105 4572; x_wconf 89' lang='lat' dir='ltr'><strong>Cum</strong></span> 
     </span>
    </p>
   </div>
   <div class='ocr_carea' id='block_1_47' title="bbox 524 4605 2103 4679">
    <p class='ocr_par' dir='ltr' id='par_1_47' title="bbox 524 4605 2103 4679">
     <span class='ocr_line' id='line_1_47' title="bbox 524 4605 2103 4679; baseline -0.004 -15"><span class='ocrx_word' id='word_1_359' title='bbox 524 4609 746 4665; x_wconf 79' lang='lat' dir='ltr'><strong>dixisset</strong></span> <span class='ocrx_word' id='word_1_360' title='bbox 774 4611 939 4673; x_wconf 87' lang='lat' dir='ltr'><strong>enim,</strong></span> <span class='ocrx_word' id='word_1_361' title='bbox 967 4606 1118 4663; x_wconf 83' lang='lat' dir='ltr'><strong>Liber</strong></span> <span class='ocrx_word' id='word_1_362' title='bbox 1159 4609 1494 4679; x_wconf 78' lang='lat' dir='ltr'><strong>generationis</strong></span> <span class='ocrx_word' id='word_1_363' title='bbox 1517 4606 1641 4662; x_wconf 85' lang='lat' dir='ltr'><strong>Jesu</strong></span> <span class='ocrx_word' id='word_1_364' title='bbox 1677 4607 1865 4661; x_wconf 80' lang='lat' dir='ltr'><strong>(.‘hristi</strong></span> <span class='ocrx_word' id='word_1_365' title='bbox 1891 4605 2103 4679; x_wconf 81' lang='lat' dir='ltr'><strong>(Matth.</strong></span> 
     </span>
    </p>
   </div>
   <div class='ocr_carea' id='block_1_48' title="bbox 522 4698 2106 4772">
    <p class='ocr_par' dir='ltr' id='par_1_48' title="bbox 522 4698 2106 4772">
     <span class='ocr_line' id='line_1_48' title="bbox 522 4698 2106 4772; baseline -0.001 -16"><span class='ocrx_word' id='word_1_366' title='bbox 522 4704 575 4756; x_wconf 78' lang='lat' dir='ltr'><strong>l.</strong></span> <span class='ocrx_word' id='word_1_367' title='bbox 612 4701 702 4772; x_wconf 78' lang='lat' dir='ltr'><strong>l);</strong></span> <span class='ocrx_word' id='word_1_368' title='bbox 733 4717 837 4756; x_wconf 91' lang='lat' dir='ltr'><strong>non</strong></span> <span class='ocrx_word' id='word_1_369' title='bbox 865 4702 1270 4772; x_wconf 87' lang='lat' dir='ltr'><strong>exSpectavitut</strong></span> <span class='ocrx_word' id='word_1_370' title='bbox 1288 4708 1408 4770; x_wconf 91' lang='lat' dir='ltr'><strong>post</strong></span> <span class='ocrx_word' id='word_1_371' title='bbox 1426 4698 1694 4754; x_wconf 88' lang='lat' dir='ltr'><strong>Abraham</strong></span> <span class='ocrx_word' id='word_1_372' title='bbox 1713 4698 1939 4765; x_wconf 89' lang='lat' dir='ltr'><strong>diceret,</strong></span> <span class='ocrx_word' id='word_1_373' title='bbox 1959 4698 2106 4755; x_wconf 91' lang='lat' dir='ltr'><strong>Isaac</strong></span> 
     </span>
    </p>
   </div>
   <div class='ocr_carea' id='block_1_49' title="bbox 518 4790 2100 4859">
    <p class='ocr_par' dir='ltr' id='par_1_49' title="bbox 518 4790 2100 4859">
     <span class='ocr_line' id='line_1_49' title="bbox 518 4790 2100 4859; baseline -0.001 -10"><span class='ocrx_word' id='word_1_374' title='bbox 518 4804 572 4849; x_wconf 91' lang='lat' dir='ltr'><strong>et</strong></span> <span class='ocrx_word' id='word_1_375' title='bbox 602 4793 797 4859; x_wconf 83' lang='lat' dir='ltr'><strong>Jacob;</strong></span> <span class='ocrx_word' id='word_1_376' title='bbox 831 4793 927 4848; x_wconf 93' lang='lat' dir='ltr'><strong>sed</strong></span> <span class='ocrx_word' id='word_1_377' title='bbox 965 4808 1084 4848; x_wconf 91' lang='lat' dir='ltr'><strong>cum</strong></span> <span class='ocrx_word' id='word_1_378' title='bbox 1116 4791 1422 4847; x_wconf 80' lang='lat' dir='ltr'><strong>Abrahamo</strong></span> <span class='ocrx_word' id='word_1_379' title='bbox 1452 4790 1704 4846; x_wconf 87' lang='lat' dir='ltr'><strong>Davidem</strong></span> <span class='ocrx_word' id='word_1_380' title='bbox 1750 4793 2100 4847; x_wconf 89' lang='lat' dir='ltr'><strong>memoravit:</strong></span> 
     </span>
    </p>
   </div>
   <div class='ocr_carea' id='block_1_50' title="bbox 516 4882 2104 4957">
    <p class='ocr_par' dir='ltr' id='par_1_50' title="bbox 516 4882 2104 4957">
     <span class='ocr_line' id='line_1_50' title="bbox 516 4882 2104 4957; baseline 0.001 -18"><span class='ocrx_word' id='word_1_381' title='bbox 516 4886 768 4957; x_wconf 89' lang='lat' dir='ltr'><strong>quodque</strong></span> <span class='ocrx_word' id='word_1_382' title='bbox 797 4885 1040 4940; x_wconf 88' lang='lat' dir='ltr'><strong>mirabile</strong></span> <span class='ocrx_word' id='word_1_383' title='bbox 1066 4895 1167 4949; x_wconf 89' lang='lat' dir='ltr'><strong>est,</strong></span> <span class='ocrx_word' id='word_1_384' title='bbox 1200 4895 1323 4942; x_wconf 84' lang='lat' dir='ltr'><strong>ante</strong></span> <span class='ocrx_word' id='word_1_385' title='bbox 1353 4882 1711 4938; x_wconf 84' lang='lat' dir='ltr'><strong>Abrahamum</strong></span> <span class='ocrx_word' id='word_1_386' title='bbox 1737 4882 1985 4940; x_wconf 88' lang='lat' dir='ltr'><strong>Davidem</strong></span> <span class='ocrx_word' id='word_1_387' title='bbox 2007 4901 2104 4954; x_wconf 91' lang='lat' dir='ltr'><strong>po-</strong></span> 
     </span>
    </p>
   </div>
   <div class='ocr_carea' id='block_1_51' title="bbox 518 4976 2099 5046">
    <p class='ocr_par' dir='ltr' id='par_1_51' title="bbox 518 4976 2099 5046">
     <span class='ocr_line' id='line_1_51' title="bbox 518 4976 2099 5046; baseline -0.001 -13"><span class='ocrx_word' id='word_1_388' title='bbox 518 4980 646 5046; x_wconf 82' lang='lat' dir='ltr'><strong>suit,</strong></span> <span class='ocrx_word' id='word_1_389' title='bbox 680 4980 753 5033; x_wconf 85' lang='lat' dir='ltr'><strong>ita</strong></span> <span class='ocrx_word' id='word_1_390' title='bbox 781 4979 967 5034; x_wconf 88' lang='lat' dir='ltr'><strong>dicens</strong></span> <span class='ocrx_word' id='word_1_391' title='bbox 1000 4995 1014 5031; x_wconf 89' lang='lat'><strong>:</strong></span> <span class='ocrx_word' id='word_1_392' title='bbox 1060 4976 1186 5032; x_wconf 83' lang='lat' dir='ltr'><strong>Filii</strong></span> <span class='ocrx_word' id='word_1_393' title='bbox 1216 4976 1406 5040; x_wconf 86' lang='lat' dir='ltr'><strong>David,</strong></span> <span class='ocrx_word' id='word_1_394' title='bbox 1440 4977 1536 5045; x_wconf 83' lang='lat' dir='ltr'><strong>ﬁlii</strong></span> <span class='ocrx_word' id='word_1_395' title='bbox 1554 4976 1845 5041; x_wconf 82' lang='lat' dir='ltr'><strong>Abraham;</strong></span> <span class='ocrx_word' id='word_1_396' title='bbox 1883 4988 1936 5032; x_wconf 90' lang='lat' dir='ltr'><strong>et</strong></span> <span class='ocrx_word' id='word_1_397' title='bbox 1976 4988 2099 5032; x_wconf 87' lang='lat' dir='ltr'><strong>tunc</strong></span> 
     </span>
    </p>
   </div>
   <div class='ocr_carea' id='block_1_52' title="bbox 517 5070 2095 5141">
    <p class='ocr_par' dir='ltr' id='par_1_52' title="bbox 517 5070 2095 5141">
     <span class='ocr_line' id='line_1_52' title="bbox 517 5070 2095 5141; baseline 0.003 -17"><span class='ocrx_word' id='word_1_398' title='bbox 517 5072 680 5140; x_wconf 69' lang='lat' dir='ltr'><strong>erepit</strong></span> <span class='ocrx_word' id='word_1_399' title='bbox 723 5087 1041 5127; x_wconf 87' lang='lat' dir='ltr'><strong>enumerare</strong></span> <span class='ocrx_word' id='word_1_400' title='bbox 1069 5071 1236 5137; x_wconf 88' lang='lat' dir='ltr'><strong>lsaac,</strong></span> <span class='ocrx_word' id='word_1_401' title='bbox 1270 5070 1464 5141; x_wconf 10' lang='lat' dir='ltr'><strong>rlacob,</strong></span> <span class='ocrx_word' id='word_1_402' title='bbox 1493 5079 1547 5124; x_wconf 92' lang='lat' dir='ltr'><strong>et</strong></span> <span class='ocrx_word' id='word_1_403' title='bbox 1572 5080 1860 5140; x_wconf 88' lang='lat' dir='ltr'><strong>sequentes</strong></span> <span class='ocrx_word' id='word_1_404' title='bbox 1886 5086 2095 5128; x_wconf 83' lang='lat' dir='ltr'><strong>omnes.</strong></span> 
     </span>
    </p>
   </div>
   <div class='ocr_carea' id='block_1_53' title="bbox 516 5161 2098 5233">
    <p class='ocr_par' dir='ltr' id='par_1_53' title="bbox 516 5161 2098 5233">
     <span class='ocr_line' id='line_1_53' title="bbox 516 5161 2098 5233; baseline 0.001 -18"><span class='ocrx_word' id='word_1_405' title='bbox 516 5163 1154 5233; x_wconf 84' lang='lat' dir='ltr'><strong>QuapropterApostolus</strong></span> <span class='ocrx_word' id='word_1_406' title='bbox 1193 5163 1281 5218; x_wconf 89' lang='lat' dir='ltr'><strong>hic</strong></span> <span class='ocrx_word' id='word_1_407' title='bbox 1323 5162 1444 5217; x_wconf 87' lang='lat' dir='ltr'><strong>illos</strong></span> <span class='ocrx_word' id='word_1_408' title='bbox 1489 5161 1800 5233; x_wconf 89' lang='lat' dir='ltr'><strong>frequenter</strong></span> <span class='ocrx_word' id='word_1_409' title='bbox 1827 5171 2004 5217; x_wconf 86' lang='lat' dir='ltr'><strong>versat</strong></span> <span class='ocrx_word' id='word_1_410' title='bbox 2044 5172 2098 5218; x_wconf 90' lang='lat' dir='ltr'><strong>et</strong></span> 
     </span>
    </p>
   </div>
   <div class='ocr_carea' id='block_1_54' title="bbox 514 5253 2096 5324">
    <p class='ocr_par' dir='ltr' id='par_1_54' title="bbox 514 5253 2096 5324">
     <span class='ocr_line' id='line_1_54' title="bbox 514 5253 2096 5324; baseline -0.001 -15"><span class='ocrx_word' id='word_1_411' title='bbox 514 5255 678 5310; x_wconf 87' lang='lat' dir='ltr'><strong>dicit:</strong></span> <span class='ocrx_word' id='word_1_412' title='bbox 708 5255 921 5309; x_wconf 71' lang='lat' dir='ltr'><strong>Iustitia</strong></span> <span class='ocrx_word' id='word_1_413' title='bbox 950 5265 1119 5310; x_wconf 89' lang='lat' dir='ltr'><strong>autem</strong></span> <span class='ocrx_word' id='word_1_414' title='bbox 1148 5255 1245 5310; x_wconf 87' lang='lat' dir='ltr'><strong>Dei</strong></span> <span class='ocrx_word' id='word_1_415' title='bbox 1269 5255 1605 5309; x_wconf 88' lang='lat' dir='ltr'><strong>testimonium</strong></span> <span class='ocrx_word' id='word_1_416' title='bbox 1626 5254 1813 5308; x_wconf 81' lang='lat' dir='ltr'><strong>habens</strong></span> <span class='ocrx_word' id='word_1_417' title='bbox 1840 5271 1873 5307; x_wconf 89' lang='lat' dir='ltr'><strong>a</strong></span> <span class='ocrx_word' id='word_1_418' title='bbox 1915 5253 2022 5324; x_wconf 86' lang='lat' dir='ltr'><strong>lege</strong></span> <span class='ocrx_word' id='word_1_419' title='bbox 2049 5263 2096 5307; x_wconf 91' lang='lat' dir='ltr'><strong>et</strong></span> 
     </span>
    </p>
   </div>
   <div class='ocr_carea' id='block_1_55' title="bbox 514 5340 2096 5417">
    <p class='ocr_par' dir='ltr' id='par_1_55' title="bbox 514 5340 2096 5417">
     <span class='ocr_line' id='line_1_55' title="bbox 514 5340 2096 5417; baseline -0.001 -19"><span class='ocrx_word' id='word_1_420' title='bbox 514 5348 792 5417; x_wconf 80' lang='lat' dir='ltr'><strong>prophetis.</strong></span> <span class='ocrx_word' id='word_1_421' title='bbox 821 5347 899 5402; x_wconf 87' lang='lat' dir='ltr'><strong>Ne</strong></span> <span class='ocrx_word' id='word_1_422' title='bbox 924 5349 1044 5417; x_wconf 91' lang='lat' dir='ltr'><strong>quis</strong></span> <span class='ocrx_word' id='word_1_423' title='bbox 1070 5363 1197 5403; x_wconf 90' lang='lat' dir='ltr'><strong>vero</strong></span> <span class='ocrx_word' id='word_1_424' title='bbox 1219 5348 1454 5403; x_wconf 88' lang='lat' dir='ltr'><strong>diceret:</strong></span> <span class='ocrx_word' id='word_1_425' title='bbox 1481 5346 1548 5402; x_wconf 91' lang='lat' dir='ltr'><strong>Et</strong></span> <span class='ocrx_word' id='word_1_426' title='bbox 1568 5347 1657 5415; x_wconf 88' lang='lat' dir='ltr'><strong>qui</strong></span> <span class='ocrx_word' id='word_1_427' title='bbox 1679 5345 1789 5400; x_wconf 83' lang='lat' dir='ltr'><strong>fieri</strong></span> <span class='ocrx_word' id='word_1_428' title='bbox 1815 5340 2021 5414; x_wconf 83' lang='lat' dir='ltr'><strong>potest,</strong></span> <span class='ocrx_word' id='word_1_429' title='bbox 2037 5353 2096 5398; x_wconf 91' lang='lat' dir='ltr'><strong>ut</strong></span> 
     </span>
    </p>
   </div>
   <div class='ocr_carea' id='block_1_56' title="bbox 513 5438 2091 5509">
    <p class='ocr_par' dir='ltr' id='par_1_56' title="bbox 513 5438 2091 5509">
     <span class='ocr_line' id='line_1_56' title="bbox 513 5438 2091 5509; baseline -0.001 -16"><span class='ocrx_word' id='word_1_430' title='bbox 513 5454 634 5493; x_wconf 92' lang='lat' dir='ltr'><strong>eum</strong></span> <span class='ocrx_word' id='word_1_431' title='bbox 665 5438 797 5492; x_wconf 91' lang='lat' dir='ltr'><strong>nihil</strong></span> <span class='ocrx_word' id='word_1_432' title='bbox 819 5440 884 5492; x_wconf 89' lang='lat' dir='ltr'><strong>ad</strong></span> <span class='ocrx_word' id='word_1_433' title='bbox 916 5454 1027 5493; x_wconf 86' lang='lat' dir='ltr'><strong>rem</strong></span> <span class='ocrx_word' id='word_1_434' title='bbox 1062 5440 1386 5509; x_wconf 89' lang='lat' dir='ltr'><strong>propositam</strong></span> <span class='ocrx_word' id='word_1_435' title='bbox 1429 5438 1835 5502; x_wconf 90' lang='lat' dir='ltr'><strong>contulerimus,</strong></span> <span class='ocrx_word' id='word_1_436' title='bbox 1865 5439 2091 5493; x_wconf 88' lang='lat' dir='ltr'><strong>salutem</strong></span> 
     </span>
    </p>
   </div>
   <div class='ocr_carea' id='block_1_57' title="bbox 511 5532 2090 5604">
    <p class='ocr_par' dir='ltr' id='par_1_57' title="bbox 511 5532 2090 5604">
     <span class='ocr_line' id='line_1_57' title="bbox 511 5532 2090 5604; baseline -0.002 -16"><span class='ocrx_word' id='word_1_437' title='bbox 511 5534 946 5604; x_wconf 87' lang='lat' dir='ltr'><strong>consequamur?</strong></span> <span class='ocrx_word' id='word_1_438' title='bbox 969 5532 1225 5595; x_wconf 88' lang='lat' dir='ltr'><strong>ostendit,</strong></span> <span class='ocrx_word' id='word_1_439' title='bbox 1255 5547 1353 5586; x_wconf 90' lang='lat' dir='ltr'><strong>nos</strong></span> <span class='ocrx_word' id='word_1_440' title='bbox 1382 5547 1489 5586; x_wconf 93' lang='lat' dir='ltr'><strong>non</strong></span> <span class='ocrx_word' id='word_1_441' title='bbox 1520 5547 1707 5601; x_wconf 90' lang='lat' dir='ltr'><strong>parum</strong></span> <span class='ocrx_word' id='word_1_442' title='bbox 1728 5532 1795 5586; x_wconf 90' lang='lat' dir='ltr'><strong>ad</strong></span> <span class='ocrx_word' id='word_1_443' title='bbox 1826 5548 1943 5586; x_wconf 89' lang='lat' dir='ltr'><strong>eam</strong></span> <span class='ocrx_word' id='word_1_444' title='bbox 1977 5546 2090 5585; x_wconf 82' lang='lat' dir='ltr'><strong>rem</strong></span> 
     </span>
    </p>
   </div>
   <div class='ocr_carea' id='block_1_58' title="bbox 511 5622 2086 5695">
    <p class='ocr_par' dir='ltr' id='par_1_58' title="bbox 511 5622 2086 5695">
     <span class='ocr_line' id='line_1_58' title="bbox 511 5622 2086 5695; baseline -0.001 -15"><span class='ocrx_word' id='word_1_445' title='bbox 511 5625 781 5693; x_wconf 87' lang='lat' dir='ltr'><strong>conferre,</strong></span> <span class='ocrx_word' id='word_1_446' title='bbox 831 5626 989 5680; x_wconf 85' lang='lat' dir='ltr'><strong>ﬁdem</strong></span> <span class='ocrx_word' id='word_1_447' title='bbox 1035 5624 1310 5679; x_wconf 88' lang='lat' dir='ltr'><strong>nimirum.</strong></span> <span class='ocrx_word' id='word_1_448' title='bbox 1366 5622 1497 5680; x_wconf 89' lang='lat' dir='ltr'><strong>Cum</strong></span> <span class='ocrx_word' id='word_1_449' title='bbox 1538 5625 1764 5680; x_wconf 83' lang='lat' dir='ltr'><strong>dixisset</strong></span> <span class='ocrx_word' id='word_1_450' title='bbox 1804 5641 1966 5695; x_wconf 84' lang='lat' dir='ltr'><strong>ergo:</strong></span> <span class='ocrx_word' id='word_1_451' title='bbox 1996 5625 2086 5679; x_wconf 66' lang='lat'><strong>‘22.</strong></span> 
     </span>
    </p>
   </div>
   <div class='ocr_carea' id='block_1_59' title="bbox 508 5715 2091 5785">
    <p class='ocr_par' dir='ltr' id='par_1_59' title="bbox 508 5715 2091 5785">
     <span class='ocr_line' id='line_1_59' title="bbox 508 5715 2091 5785; baseline -0.001 -14"><span class='ocrx_word' id='word_1_452' title='bbox 508 5715 722 5771; x_wconf 72' lang='lat' dir='ltr'><strong>Iustitia</strong></span> <span class='ocrx_word' id='word_1_453' title='bbox 764 5717 880 5780; x_wconf 86' lang='lat' dir='ltr'><strong>Dei,</strong></span> <span class='ocrx_word' id='word_1_454' title='bbox 930 5716 1155 5780; x_wconf 81' lang='lat' dir='ltr'><strong>addidit,</strong></span> <span class='ocrx_word' id='word_1_455' title='bbox 1188 5716 1292 5770; x_wconf 87' lang='lat' dir='ltr'><strong>Per</strong></span> <span class='ocrx_word' id='word_1_456' title='bbox 1326 5716 1499 5785; x_wconf 88' lang='lat' dir='ltr'><strong>ﬁdem,</strong></span> <span class='ocrx_word' id='word_1_457' title='bbox 1541 5717 1597 5769; x_wconf 87' lang='lat' dir='ltr'><strong>in</strong></span> <span class='ocrx_word' id='word_1_458' title='bbox 1642 5733 1811 5770; x_wconf 86' lang='lat' dir='ltr'><strong>omnes</strong></span> <span class='ocrx_word' id='word_1_459' title='bbox 1851 5726 1898 5771; x_wconf 90' lang='lat' dir='ltr'><strong>et</strong></span> <span class='ocrx_word' id='word_1_460' title='bbox 1939 5734 2091 5784; x_wconf 85' lang='lat' dir='ltr'><strong>super</strong></span> 
     </span>
    </p>
   </div>
   <div class='ocr_carea' id='block_1_60' title="bbox 509 5806 2082 5880">
    <p class='ocr_par' dir='ltr' id='par_1_60' title="bbox 509 5806 2082 5880">
     <span class='ocr_line' id='line_1_60' title="bbox 509 5806 2082 5880; baseline -0.001 -16"><span class='ocrx_word' id='word_1_461' title='bbox 509 5825 681 5864; x_wconf 81' lang='lat' dir='ltr'><strong>omnes</strong></span> <span class='ocrx_word' id='word_1_462' title='bbox 700 5810 786 5880; x_wconf 88' lang='lat' dir='ltr'><strong>qui</strong></span> <span class='ocrx_word' id='word_1_463' title='bbox 810 5810 1039 5864; x_wconf 85' lang='lat' dir='ltr'><strong>credunt.</strong></span> <span class='ocrx_word' id='word_1_464' title='bbox 1075 5808 1279 5864; x_wconf 79' lang='lat' dir='ltr'><strong>Rursus</strong></span> <span class='ocrx_word' id='word_1_465' title='bbox 1305 5807 1391 5864; x_wconf 89' lang='lat' dir='ltr'><strong>hic</strong></span> <span class='ocrx_word' id='word_1_466' title='bbox 1418 5808 1660 5864; x_wconf 88' lang='lat' dir='ltr'><strong>turbatur</strong></span> <span class='ocrx_word' id='word_1_467' title='bbox 1684 5806 1923 5877; x_wconf 72' lang='lat' dir='ltr'><strong>Judmus,</strong></span> <span class='ocrx_word' id='word_1_468' title='bbox 1950 5807 2082 5863; x_wconf 90' lang='lat' dir='ltr'><strong>nihil</strong></span> 
     </span>
    </p>
   </div>
   <div class='ocr_carea' id='block_1_61' title="bbox 1300 350 3803 427">
    <p class='ocr_par' dir='ltr' id='par_1_61' title="bbox 1300 350 3803 427">
     <span class='ocr_line' id='line_1_61' title="bbox 1300 350 3803 427; baseline 0.004 -11"><span class='ocrx_word' id='word_1_469' title='bbox 1300 358 1357 416; x_wconf 88' lang='lat' dir='ltr'><strong>S.</strong></span> <span class='ocrx_word' id='word_1_470' title='bbox 1396 354 1675 416; x_wconf 75' lang='lat' dir='ltr'><strong>JOANNIS</strong></span> <span class='ocrx_word' id='word_1_471' title='bbox 1707 351 2181 412; x_wconf 70' lang='lat' dir='ltr'><strong>CHRYSOSTOMI</strong></span> <span class='ocrx_word' id='word_1_472' title='bbox 2222 350 2535 413; x_wconf 79' lang='lat' dir='ltr'><strong>ARCHIEP.</strong></span> <span class='ocrx_word' id='word_1_473' title='bbox 2577 356 3111 420; x_wconf 75' lang='lat' dir='ltr'><strong>CONSTANTINOP.</strong></span> <span class='ocrx_word' id='word_1_474' title='bbox 3720 368 3803 427; x_wconf 69' lang='grc' dir='ltr'>ω</span> 
     </span>
    </p>
   </div>
   <div class='ocr_carea' id='block_1_62' title="bbox 2252 472 3808 546">
    <p class='ocr_par' dir='ltr' id='par_1_62' title="bbox 2252 472 3808 546">
     <span class='ocr_line' id='line_1_62' title="bbox 2252 472 3808 546; baseline 0.01 -24"><span class='ocrx_word' id='word_1_475' title='bbox 2252 472 2615 540; x_wconf 69' lang='lat' dir='ltr'><strong>praerogativa:</strong></span> <span class='ocrx_word' id='word_1_476' title='bbox 2644 488 2756 543; x_wconf 70' lang='lat' dir='ltr'><strong>pra:</strong></span> <span class='ocrx_word' id='word_1_477' title='bbox 2783 478 2997 532; x_wconf 71' lang='lat' dir='ltr'><strong>caeteris</strong></span> <span class='ocrx_word' id='word_1_478' title='bbox 3036 476 3261 546; x_wconf 82' lang='lat' dir='ltr'><strong>habens,</strong></span> <span class='ocrx_word' id='word_1_479' title='bbox 3291 487 3348 535; x_wconf 90' lang='lat' dir='ltr'><strong>et</strong></span> <span class='ocrx_word' id='word_1_480' title='bbox 3374 495 3498 535; x_wconf 88' lang='lat' dir='ltr'><strong>cum</strong></span> <span class='ocrx_word' id='word_1_481' title='bbox 3547 480 3681 537; x_wconf 82' lang='lat' dir='ltr'><strong>orbe</strong></span> <span class='ocrx_word' id='word_1_482' title='bbox 3714 492 3808 538; x_wconf 85' lang='lat' dir='ltr'><strong>toto</strong></span> 
     </span>
    </p>
   </div>
   <div class='ocr_carea' id='block_1_63' title="bbox 2248 564 3807 639">
    <p class='ocr_par' dir='ltr' id='par_1_63' title="bbox 2248 564 3807 639">
     <span class='ocr_line' id='line_1_63' title="bbox 2248 564 3807 639; baseline 0.011 -28"><span class='ocrx_word' id='word_1_483' title='bbox 2248 571 2657 616; x_wconf 89' lang='lat' dir='ltr'><strong>annumeratus.</strong></span> <span class='ocrx_word' id='word_1_484' title='bbox 2687 564 2754 620; x_wconf 90' lang='lat' dir='ltr'><strong>Ut</strong></span> <span class='ocrx_word' id='word_1_485' title='bbox 2777 566 2940 636; x_wconf 87' lang='lat' dir='ltr'><strong>igitur</strong></span> <span class='ocrx_word' id='word_1_486' title='bbox 2966 583 3034 622; x_wconf 89' lang='lat' dir='ltr'><strong>ne</strong></span> <span class='ocrx_word' id='word_1_487' title='bbox 3054 566 3159 623; x_wconf 91' lang='lat' dir='ltr'><strong>hoc</strong></span> <span class='ocrx_word' id='word_1_488' title='bbox 3188 571 3441 639; x_wconf 88' lang='lat' dir='ltr'><strong>patiatur.</strong></span> <span class='ocrx_word' id='word_1_489' title='bbox 3465 570 3616 625; x_wconf 89' lang='lat' dir='ltr'><strong>illum</strong></span> <span class='ocrx_word' id='word_1_490' title='bbox 3638 573 3807 629; x_wconf 78' lang='lat' dir='ltr'><strong>timore</strong></span> 
     </span>
    </p>
   </div>
   <div class='ocr_carea' id='block_1_64' title="bbox 2247 656 3806 732">
    <p class='ocr_par' dir='ltr' id='par_1_64' title="bbox 2247 656 3806 732">
     <span class='ocr_line' id='line_1_64' title="bbox 2247 656 3806 732; baseline 0.009 -28"><span class='ocrx_word' id='word_1_491' title='bbox 2247 666 2433 706; x_wconf 91' lang='lat' dir='ltr'><strong>rursus</strong></span> <span class='ocrx_word' id='word_1_492' title='bbox 2459 656 2725 723; x_wconf 90' lang='lat' dir='ltr'><strong>reprimit,</strong></span> <span class='ocrx_word' id='word_1_493' title='bbox 2757 659 2995 714; x_wconf 87' lang='lat' dir='ltr'><strong>addens:</strong></span> <span class='ocrx_word' id='word_1_494' title='bbox 3027 660 3205 732; x_wconf 72' lang='lat' dir='ltr'><strong>Neque</strong></span> <span class='ocrx_word' id='word_1_495' title='bbox 3232 665 3367 716; x_wconf 85' lang='lat' dir='ltr'><strong>enim</strong></span> <span class='ocrx_word' id='word_1_496' title='bbox 3408 673 3483 717; x_wconf 85' lang='lat' dir='ltr'><strong>est</strong></span> <span class='ocrx_word' id='word_1_497' title='bbox 3524 663 3806 718; x_wconf 77' lang='lat' dir='ltr'><strong>distinctio:</strong></span> 
     </span>
    </p>
   </div>
   <div class='ocr_carea' id='block_1_65' title="bbox 2244 742 3809 818">
    <p class='ocr_par' dir='ltr' id='par_1_65' title="bbox 2244 742 3809 818">
     <span class='ocr_line' id='line_1_65' title="bbox 2244 742 3809 818; baseline 0.012 -23"><span class='ocrx_word' id='word_1_498' title='bbox 2244 742 2336 795; x_wconf 72' lang='grc'><strong>23.</strong></span> <span class='ocrx_word' id='word_1_499' title='bbox 2366 760 2537 800; x_wconf 88' lang='lat' dir='ltr'><strong>omnes</strong></span> <span class='ocrx_word' id='word_1_500' title='bbox 2580 749 2712 802; x_wconf 87' lang='lat' dir='ltr'><strong>enim</strong></span> <span class='ocrx_word' id='word_1_501' title='bbox 2755 761 3105 818; x_wconf 81' lang='lat' dir='ltr'><strong>peccaverunt.</strong></span> <span class='ocrx_word' id='word_1_502' title='bbox 3149 753 3227 808; x_wconf 86' lang='lat' dir='ltr'><strong>Ne</strong></span> <span class='ocrx_word' id='word_1_503' title='bbox 3271 755 3401 810; x_wconf 79' lang='lat' dir='ltr'><strong>mihi</strong></span> <span class='ocrx_word' id='word_1_504' title='bbox 3454 756 3660 810; x_wconf 89' lang='lat' dir='ltr'><strong>dixeris</strong></span> <span class='ocrx_word' id='word_1_505' title='bbox 3691 772 3705 809; x_wconf 92' lang='lat'><strong>:</strong></span> <span class='ocrx_word' id='word_1_506' title='bbox 3732 757 3809 812; x_wconf 84' lang='lat' dir='ltr'><strong>Ille</strong></span> 
     </span>
    </p>
   </div>
   <div class='ocr_carea' id='block_1_66' title="bbox 2246 834 3811 919">
    <p class='ocr_par' dir='ltr' id='par_1_66' title="bbox 2246 834 3811 919">
     <span class='ocr_line' id='line_1_66' title="bbox 2246 834 3811 919; baseline 0.008 -30"><span class='ocrx_word' id='word_1_507' title='bbox 2246 834 2464 891; x_wconf 68' lang='lat' dir='ltr'><strong>Grazcus</strong></span> <span class='ocrx_word' id='word_1_508' title='bbox 2507 848 2610 903; x_wconf 87' lang='lat' dir='ltr'><strong>est,</strong></span> <span class='ocrx_word' id='word_1_509' title='bbox 2656 840 2744 896; x_wconf 87' lang='lat' dir='ltr'><strong>ille</strong></span> <span class='ocrx_word' id='word_1_510' title='bbox 2772 841 2994 914; x_wconf 83' lang='lat' dir='ltr'><strong>Scytha.</strong></span> <span class='ocrx_word' id='word_1_511' title='bbox 3038 845 3131 900; x_wconf 90' lang='lat' dir='ltr'><strong>ille</strong></span> <span class='ocrx_word' id='word_1_512' title='bbox 3172 846 3385 901; x_wconf 83' lang='lat' dir='ltr'><strong>Thrax:</strong></span> <span class='ocrx_word' id='word_1_513' title='bbox 3415 863 3610 904; x_wconf 89' lang='lat' dir='ltr'><strong>omnes</strong></span> <span class='ocrx_word' id='word_1_514' title='bbox 3636 852 3811 919; x_wconf 79' lang='lat' dir='ltr'><strong>quippe</strong></span> 
     </span>
    </p>
   </div>
   <div class='ocr_carea' id='block_1_67' title="bbox 2243 924 3811 1009">
    <p class='ocr_par' dir='ltr' id='par_1_67' title="bbox 2243 924 3811 1009">
     <span class='ocr_line' id='line_1_67' title="bbox 2243 924 3811 1009; baseline 0.011 -31"><span class='ocrx_word' id='word_1_515' title='bbox 2243 924 2431 980; x_wconf 90' lang='lat' dir='ltr'><strong>eadem</strong></span> <span class='ocrx_word' id='word_1_516' title='bbox 2460 928 2768 985; x_wconf 89' lang='lat' dir='ltr'><strong>conditione</strong></span> <span class='ocrx_word' id='word_1_517' title='bbox 2793 944 2938 988; x_wconf 90' lang='lat' dir='ltr'><strong>sunt.</strong></span> <span class='ocrx_word' id='word_1_518' title='bbox 2969 935 3193 991; x_wconf 84' lang='lat' dir='ltr'><strong>Etiamsi</strong></span> <span class='ocrx_word' id='word_1_519' title='bbox 3227 940 3373 992; x_wconf 89' lang='lat' dir='ltr'><strong>enim</strong></span> <span class='ocrx_word' id='word_1_520' title='bbox 3401 940 3576 1009; x_wconf 78' lang='lat' dir='ltr'><strong>legem</strong></span> <span class='ocrx_word' id='word_1_521' title='bbox 3603 954 3811 1009; x_wconf 80' lang='lat' dir='ltr'><strong>accepe-</strong></span> 
     </span>
    </p>
   </div>
   <div class='ocr_carea' id='block_1_68' title="bbox 2244 1017 3813 1102">
    <p class='ocr_par' dir='ltr' id='par_1_68' title="bbox 2244 1017 3813 1102">
     <span class='ocr_line' id='line_1_68' title="bbox 2244 1017 3813 1102; baseline 0.012 -32"><span class='ocrx_word' id='word_1_522' title='bbox 2244 1017 2338 1083; x_wconf 89' lang='lat' dir='ltr'><strong>ris,</strong></span> <span class='ocrx_word' id='word_1_523' title='bbox 2372 1035 2535 1075; x_wconf 92' lang='lat' dir='ltr'><strong>unum</strong></span> <span class='ocrx_word' id='word_1_524' title='bbox 2567 1031 2770 1079; x_wconf 89' lang='lat' dir='ltr'><strong>tantum</strong></span> <span class='ocrx_word' id='word_1_525' title='bbox 2798 1042 2828 1080; x_wconf 90' lang='lat' dir='ltr'><strong>a</strong></span> <span class='ocrx_word' id='word_1_526' title='bbox 2871 1028 2990 1098; x_wconf 88' lang='lat' dir='ltr'><strong>lege</strong></span> <span class='ocrx_word' id='word_1_527' title='bbox 3018 1032 3293 1099; x_wconf 87' lang='lat' dir='ltr'><strong>accepisti,</strong></span> <span class='ocrx_word' id='word_1_528' title='bbox 3338 1042 3393 1085; x_wconf 88' lang='lat' dir='ltr'><strong>ut</strong></span> <span class='ocrx_word' id='word_1_529' title='bbox 3425 1041 3706 1102; x_wconf 88' lang='lat' dir='ltr'><strong>peccatum</strong></span> <span class='ocrx_word' id='word_1_530' title='bbox 3737 1050 3813 1089; x_wconf 84' lang='lat' dir='ltr'><strong>co-</strong></span> 
     </span>
    </p>
   </div>
   <div class='ocr_carea' id='block_1_69' title="bbox 2241 1119 3810 1191">
    <p class='ocr_par' dir='ltr' id='par_1_69' title="bbox 2241 1119 3810 1191">
     <span class='ocr_line' id='line_1_69' title="bbox 2241 1119 3810 1191; baseline 0.01 -28"><span class='ocrx_word' id='word_1_531' title='bbox 2241 1124 2555 1179; x_wconf 81' lang='lat' dir='ltr'><strong>gnosceres,</strong></span> <span class='ocrx_word' id='word_1_532' title='bbox 2587 1131 2692 1169; x_wconf 88' lang='lat' dir='ltr'><strong>non</strong></span> <span class='ocrx_word' id='word_1_533' title='bbox 2725 1126 2781 1171; x_wconf 89' lang='lat' dir='ltr'><strong>ut</strong></span> <span class='ocrx_word' id='word_1_534' title='bbox 2812 1119 2940 1174; x_wconf 91' lang='lat' dir='ltr'><strong>illud</strong></span> <span class='ocrx_word' id='word_1_535' title='bbox 2974 1121 3203 1191; x_wconf 79' lang='lat' dir='ltr'><strong>fugeres.</strong></span> <span class='ocrx_word' id='word_1_536' title='bbox 3230 1125 3427 1179; x_wconf 88' lang='lat' dir='ltr'><strong>Deinde</strong></span> <span class='ocrx_word' id='word_1_537' title='bbox 3452 1140 3521 1180; x_wconf 86' lang='lat' dir='ltr'><strong>ne</strong></span> <span class='ocrx_word' id='word_1_538' title='bbox 3545 1127 3810 1181; x_wconf 87' lang='lat' dir='ltr'><strong>dicerent:</strong></span> 
     </span>
    </p>
   </div>
   <div class='ocr_carea' id='block_1_70' title="bbox 2240 1198 3810 1285">
    <p class='ocr_par' dir='ltr' id='par_1_70' title="bbox 2240 1198 3810 1285">
     <span class='ocr_line' id='line_1_70' title="bbox 2240 1198 3810 1285; baseline 0.013 -32"><span class='ocrx_word' id='word_1_539' title='bbox 2240 1198 2294 1254; x_wconf 91' lang='lat' dir='ltr'><strong>Si</strong></span> <span class='ocrx_word' id='word_1_540' title='bbox 2326 1204 2685 1270; x_wconf 91' lang='lat' dir='ltr'><strong>peccavimus,</strong></span> <span class='ocrx_word' id='word_1_541' title='bbox 2718 1218 2771 1261; x_wconf 89' lang='lat' dir='ltr'><strong>at</strong></span> <span class='ocrx_word' id='word_1_542' title='bbox 2802 1224 2907 1263; x_wconf 90' lang='lat' dir='ltr'><strong>non</strong></span> <span class='ocrx_word' id='word_1_543' title='bbox 2941 1213 3163 1279; x_wconf 89' lang='lat' dir='ltr'><strong>perinde</strong></span> <span class='ocrx_word' id='word_1_544' title='bbox 3182 1224 3345 1284; x_wconf 90' lang='lat' dir='ltr'><strong>atque</strong></span> <span class='ocrx_word' id='word_1_545' title='bbox 3372 1216 3471 1282; x_wconf 90' lang='lat' dir='ltr'><strong>illi,</strong></span> <span class='ocrx_word' id='word_1_546' title='bbox 3504 1217 3810 1285; x_wconf 85' lang='lat' dir='ltr'><strong>subjunxit:</strong></span> 
     </span>
    </p>
   </div>
   <div class='ocr_carea' id='block_1_71' title="bbox 2240 1288 3809 1374">
    <p class='ocr_par' dir='ltr' id='par_1_71' title="bbox 2240 1288 3809 1374">
     <span class='ocr_line' id='line_1_71' title="bbox 2240 1288 3809 1374; baseline 0.013 -32"><span class='ocrx_word' id='word_1_547' title='bbox 2240 1288 2310 1343; x_wconf 84' lang='lat' dir='ltr'><strong>Et</strong></span> <span class='ocrx_word' id='word_1_548' title='bbox 2330 1292 2669 1349; x_wconf 84' lang='lat' dir='ltr'><strong>destituuntur</strong></span> <span class='ocrx_word' id='word_1_549' title='bbox 2707 1314 2740 1349; x_wconf 89' lang='lat' dir='ltr'><strong>a</strong></span> <span class='ocrx_word' id='word_1_550' title='bbox 2777 1298 2941 1368; x_wconf 83' lang='lat' dir='ltr'><strong>gloria</strong></span> <span class='ocrx_word' id='word_1_551' title='bbox 2970 1301 3082 1356; x_wconf 84' lang='lat' dir='ltr'><strong>Dei.</strong></span> <span class='ocrx_word' id='word_1_552' title='bbox 3128 1304 3309 1374; x_wconf 85' lang='lat' dir='ltr'><strong>Itaque</strong></span> <span class='ocrx_word' id='word_1_553' title='bbox 3337 1307 3553 1361; x_wconf 85' lang='lat' dir='ltr'><strong>etiamsi</strong></span> <span class='ocrx_word' id='word_1_554' title='bbox 3576 1323 3684 1361; x_wconf 90' lang='lat' dir='ltr'><strong>non</strong></span> <span class='ocrx_word' id='word_1_555' title='bbox 3713 1318 3809 1363; x_wconf 78' lang='lat' dir='ltr'><strong>tau-</strong></span> 
     </span>
    </p>
   </div>
   <div class='ocr_carea' id='block_1_72' title="bbox 2242 1389 3808 1470">
    <p class='ocr_par' dir='ltr' id='par_1_72' title="bbox 2242 1389 3808 1470">
     <span class='ocr_line' id='line_1_72' title="bbox 2242 1389 3808 1470; baseline 0.013 -35"><span class='ocrx_word' id='word_1_556' title='bbox 2242 1391 2373 1450; x_wconf 90' lang='lat' dir='ltr'><strong>tum,</strong></span> <span class='ocrx_word' id='word_1_557' title='bbox 2402 1396 2657 1454; x_wconf 91' lang='lat' dir='ltr'><strong>quantum</strong></span> <span class='ocrx_word' id='word_1_558' title='bbox 2688 1389 2800 1453; x_wconf 87' lang='lat' dir='ltr'><strong>alii,</strong></span> <span class='ocrx_word' id='word_1_559' title='bbox 2834 1395 3169 1460; x_wconf 87' lang='lat' dir='ltr'><strong>peccaveris;</strong></span> <span class='ocrx_word' id='word_1_560' title='bbox 3199 1406 3433 1451; x_wconf 86' lang='lat' dir='ltr'><strong>attamen</strong></span> <span class='ocrx_word' id='word_1_561' title='bbox 3460 1399 3688 1467; x_wconf 85' lang='lat' dir='ltr'><strong>perinde</strong></span> <span class='ocrx_word' id='word_1_562' title='bbox 3705 1400 3808 1470; x_wconf 51' lang='lat' dir='ltr'><strong>gl».</strong></span> 
     </span>
    </p>
   </div>
   <div class='ocr_carea' id='block_1_73' title="bbox 2238 1477 3809 1561">
    <p class='ocr_par' dir='ltr' id='par_1_73' title="bbox 2238 1477 3809 1561">
     <span class='ocr_line' id='line_1_73' title="bbox 2238 1477 3809 1561; baseline 0.012 -34"><span class='ocrx_word' id='word_1_563' title='bbox 2238 1477 2313 1528; x_wconf 89' lang='lat' dir='ltr'><strong>ria</strong></span> <span class='ocrx_word' id='word_1_564' title='bbox 2344 1477 2601 1544; x_wconf 81' lang='lat' dir='ltr'><strong>privaris;</strong></span> <span class='ocrx_word' id='word_1_565' title='bbox 2627 1496 2685 1534; x_wconf 93' lang='lat' dir='ltr'><strong>es</strong></span> <span class='ocrx_word' id='word_1_566' title='bbox 2715 1483 2912 1552; x_wconf 85' lang='lat' dir='ltr'><strong>quippe</strong></span> <span class='ocrx_word' id='word_1_567' title='bbox 2941 1500 3005 1539; x_wconf 86' lang='lat' dir='ltr'><strong>ex</strong></span> <span class='ocrx_word' id='word_1_568' title='bbox 3035 1485 3419 1543; x_wconf 81' lang='lat' dir='ltr'><strong>oﬂ&#39;endentium</strong></span> <span class='ocrx_word' id='word_1_569' title='bbox 3448 1506 3709 1554; x_wconf 86' lang='lat' dir='ltr'><strong>numero;</strong></span> <span class='ocrx_word' id='word_1_570' title='bbox 3730 1494 3809 1561; x_wconf 88' lang='lat' dir='ltr'><strong>qui</strong></span> 
     </span>
    </p>
   </div>
   <div class='ocr_carea' id='block_1_74' title="bbox 2237 1568 3807 1651">
    <p class='ocr_par' dir='ltr' id='par_1_74' title="bbox 2237 1568 3807 1651">
     <span class='ocr_line' id='line_1_74' title="bbox 2237 1568 3807 1651; baseline 0.013 -35"><span class='ocrx_word' id='word_1_571' title='bbox 2237 1576 2413 1620; x_wconf 89' lang='lat' dir='ltr'><strong>autem</strong></span> <span class='ocrx_word' id='word_1_572' title='bbox 2438 1568 2677 1634; x_wconf 77' lang='lat' dir='ltr'><strong>offendit,</strong></span> <span class='ocrx_word' id='word_1_573' title='bbox 2711 1588 2816 1626; x_wconf 91' lang='lat' dir='ltr'><strong>non</strong></span> <span class='ocrx_word' id='word_1_574' title='bbox 2860 1575 2999 1629; x_wconf 90' lang='lat' dir='ltr'><strong>inter</strong></span> <span class='ocrx_word' id='word_1_575' title='bbox 3026 1576 3374 1646; x_wconf 84' lang='lat' dir='ltr'><strong>gloriﬁcatos,</strong></span> <span class='ocrx_word' id='word_1_576' title='bbox 3420 1580 3518 1635; x_wconf 89' lang='lat' dir='ltr'><strong>sed</strong></span> <span class='ocrx_word' id='word_1_577' title='bbox 3549 1583 3690 1635; x_wconf 85' lang='lat' dir='ltr'><strong>inter</strong></span> <span class='ocrx_word' id='word_1_578' title='bbox 3719 1600 3807 1651; x_wconf 79' lang='lat' dir='ltr'><strong>pn-</strong></span> 
     </span>
    </p>
   </div>
   <div class='ocr_carea' id='block_1_75' title="bbox 2235 1657 3813 1736">
    <p class='ocr_par' dir='ltr' id='par_1_75' title="bbox 2235 1657 3813 1736">
     <span class='ocr_line' id='line_1_75' title="bbox 2235 1657 3813 1736; baseline 0.011 -26"><span class='ocrx_word' id='word_1_579' title='bbox 2235 1657 2367 1712; x_wconf 90' lang='lat' dir='ltr'><strong>dore</strong></span> <span class='ocrx_word' id='word_1_580' title='bbox 2397 1659 2627 1717; x_wconf 79' lang='lat' dir='ltr'><strong>sull‘uSos</strong></span> <span class='ocrx_word' id='word_1_581' title='bbox 2658 1667 2962 1721; x_wconf 89' lang='lat' dir='ltr'><strong>censendus</strong></span> <span class='ocrx_word' id='word_1_582' title='bbox 2991 1679 3090 1722; x_wconf 91' lang='lat' dir='ltr'><strong>est.</strong></span> <span class='ocrx_word' id='word_1_583' title='bbox 3130 1669 3321 1724; x_wconf 83' lang='lat' dir='ltr'><strong>Verum</strong></span> <span class='ocrx_word' id='word_1_584' title='bbox 3350 1687 3421 1726; x_wconf 85' lang='lat' dir='ltr'><strong>ne</strong></span> <span class='ocrx_word' id='word_1_585' title='bbox 3447 1674 3671 1736; x_wconf 84' lang='lat' dir='ltr'><strong>timeas;</strong></span> <span class='ocrx_word' id='word_1_586' title='bbox 3702 1676 3813 1730; x_wconf 83' lang='lat' dir='ltr'><strong>ideo</strong></span> 
     </span>
    </p>
   </div>
   <div class='ocr_carea' id='block_1_76' title="bbox 2235 1750 3807 1833">
    <p class='ocr_par' dir='ltr' id='par_1_76' title="bbox 2235 1750 3807 1833">
     <span class='ocr_line' id='line_1_76' title="bbox 2235 1750 3807 1833; baseline 0.012 -32"><span class='ocrx_word' id='word_1_587' title='bbox 2235 1750 2376 1802; x_wconf 91' lang='lat' dir='ltr'><strong>enim</strong></span> <span class='ocrx_word' id='word_1_588' title='bbox 2400 1750 2515 1807; x_wconf 67' lang='lat' dir='ltr'><strong>ha&#39;c</strong></span> <span class='ocrx_word' id='word_1_589' title='bbox 2528 1752 2658 1821; x_wconf 88' lang='lat' dir='ltr'><strong>dixi,</strong></span> <span class='ocrx_word' id='word_1_590' title='bbox 2681 1770 2785 1810; x_wconf 92' lang='lat' dir='ltr'><strong>non</strong></span> <span class='ocrx_word' id='word_1_591' title='bbox 2810 1767 2865 1811; x_wconf 93' lang='lat' dir='ltr'><strong>ut</strong></span> <span class='ocrx_word' id='word_1_592' title='bbox 2887 1766 2939 1811; x_wconf 90' lang='lat' dir='ltr'><strong>te</strong></span> <span class='ocrx_word' id='word_1_593' title='bbox 2958 1759 3009 1812; x_wconf 91' lang='lat' dir='ltr'><strong>in</strong></span> <span class='ocrx_word' id='word_1_594' title='bbox 3028 1760 3453 1829; x_wconf 77' lang='lat' dir='ltr'><strong>deSperationem</strong></span> <span class='ocrx_word' id='word_1_595' title='bbox 3471 1764 3807 1833; x_wconf 84' lang='lat' dir='ltr'><strong>eonjicerem,</strong></span> 
     </span>
    </p>
   </div>
   <div class='ocr_carea' id='block_1_77' title="bbox 2234 1844 3808 1926">
    <p class='ocr_par' dir='ltr' id='par_1_77' title="bbox 2234 1844 3808 1926">
     <span class='ocr_line' id='line_1_77' title="bbox 2234 1844 3808 1926; baseline 0.012 -30"><span class='ocrx_word' id='word_1_596' title='bbox 2234 1844 2330 1897; x_wconf 90' lang='lat' dir='ltr'><strong>sed</strong></span> <span class='ocrx_word' id='word_1_597' title='bbox 2352 1854 2411 1898; x_wconf 93' lang='lat' dir='ltr'><strong>ut</strong></span> <span class='ocrx_word' id='word_1_598' title='bbox 2450 1846 2543 1901; x_wconf 92' lang='lat' dir='ltr'><strong>tibi</strong></span> <span class='ocrx_word' id='word_1_599' title='bbox 2571 1848 2779 1903; x_wconf 87' lang='lat' dir='ltr'><strong>Domini</strong></span> <span class='ocrx_word' id='word_1_600' title='bbox 2828 1851 3206 1922; x_wconf 84' lang='lat' dir='ltr'><strong>benignitatem</strong></span> <span class='ocrx_word' id='word_1_601' title='bbox 3237 1856 3610 1912; x_wconf 90' lang='lat' dir='ltr'><strong>ostenderem.</strong></span> <span class='ocrx_word' id='word_1_602' title='bbox 3648 1858 3808 1926; x_wconf 84' lang='lat' dir='ltr'><strong>Quare</strong></span> 
     </span>
    </p>
   </div>
   <div class='ocr_carea' id='block_1_78' title="bbox 2233 1936 3809 2020">
    <p class='ocr_par' dir='ltr' id='par_1_78' title="bbox 2233 1936 3809 2020">
     <span class='ocr_line' id='line_1_78' title="bbox 2233 1936 3809 2020; baseline 0.01 -30"><span class='ocrx_word' id='word_1_603' title='bbox 2233 1936 2503 1993; x_wconf 87' lang='lat' dir='ltr'><strong>subdidit:</strong></span> <span class='ocrx_word' id='word_1_604' title='bbox 2535 1939 2627 1996; x_wconf 70' lang='grc'><strong>24.</strong></span> <span class='ocrx_word' id='word_1_605' title='bbox 2669 1940 2952 2012; x_wconf 83' lang='lat' dir='ltr'><strong>Justiﬁcati</strong></span> <span class='ocrx_word' id='word_1_606' title='bbox 2994 1946 3151 2016; x_wconf 85' lang='lat' dir='ltr'><strong>gratis</strong></span> <span class='ocrx_word' id='word_1_607' title='bbox 3194 1964 3283 2015; x_wconf 85' lang='lat' dir='ltr'><strong>per</strong></span> <span class='ocrx_word' id='word_1_608' title='bbox 3311 1950 3420 2017; x_wconf 82' lang='lat' dir='ltr'><strong>ejus</strong></span> <span class='ocrx_word' id='word_1_609' title='bbox 3458 1951 3699 2020; x_wconf 81' lang='lat' dir='ltr'><strong>gratiam,</strong></span> <span class='ocrx_word' id='word_1_610' title='bbox 3730 1970 3809 2019; x_wconf 75' lang='lat' dir='ltr'><strong>per</strong></span> 
     </span>
    </p>
   </div>
   <div class='ocr_carea' id='block_1_79' title="bbox 2234 2032 3809 2114">
    <p class='ocr_par' dir='ltr' id='par_1_79' title="bbox 2234 2032 3809 2114">
     <span class='ocr_line' id='line_1_79' title="bbox 2234 2032 3809 2114; baseline 0.01 -30"><span class='ocrx_word' id='word_1_611' title='bbox 2234 2032 2649 2102; x_wconf 88' lang='lat' dir='ltr'><strong>redemptionem,</strong></span> <span class='ocrx_word' id='word_1_612' title='bbox 2676 2052 2789 2106; x_wconf 69' lang='lat' dir='ltr'><strong>qua</strong></span> <span class='ocrx_word' id='word_1_613' title='bbox 2816 2048 2889 2091; x_wconf 88' lang='lat' dir='ltr'><strong>est</strong></span> <span class='ocrx_word' id='word_1_614' title='bbox 2915 2039 2967 2093; x_wconf 89' lang='lat' dir='ltr'><strong>in</strong></span> <span class='ocrx_word' id='word_1_615' title='bbox 2994 2038 3192 2095; x_wconf 83' lang='lat' dir='ltr'><strong>Christo</strong></span> <span class='ocrx_word' id='word_1_616' title='bbox 3211 2041 3356 2107; x_wconf 83' lang='lat' dir='ltr'><strong>.lesu,</strong></span> <span class='ocrx_word' id='word_1_617' title='bbox 3388 2043 3481 2098; x_wconf 76' lang='lat'><strong>25.</strong></span> <span class='ocrx_word' id='word_1_618' title='bbox 3521 2061 3670 2112; x_wconf 72' lang='lat' dir='ltr'><strong>quem</strong></span> <span class='ocrx_word' id='word_1_619' title='bbox 3702 2064 3809 2114; x_wconf 85' lang='lat' dir='ltr'><strong>pro-</strong></span> 
     </span>
    </p>
   </div>
   <div class='ocr_carea' id='block_1_80' title="bbox 2233 2124 3805 2208">
    <p class='ocr_par' dir='ltr' id='par_1_80' title="bbox 2233 2124 3805 2208">
     <span class='ocr_line' id='line_1_80' title="bbox 2233 2124 3805 2208; baseline 0.01 -32"><span class='ocrx_word' id='word_1_620' title='bbox 2233 2125 2401 2192; x_wconf 88' lang='lat' dir='ltr'><strong>posuit</strong></span> <span class='ocrx_word' id='word_1_621' title='bbox 2428 2124 2568 2182; x_wconf 86' lang='lat' dir='ltr'><strong>Deus</strong></span> <span class='ocrx_word' id='word_1_622' title='bbox 2607 2130 3013 2199; x_wconf 81' lang='lat' dir='ltr'><strong>prepitiationem</strong></span> <span class='ocrx_word' id='word_1_623' title='bbox 3052 2150 3140 2203; x_wconf 86' lang='lat' dir='ltr'><strong>per</strong></span> <span class='ocrx_word' id='word_1_624' title='bbox 3164 2135 3314 2202; x_wconf 84' lang='lat' dir='ltr'><strong>ﬁdem</strong></span> <span class='ocrx_word' id='word_1_625' title='bbox 3336 2136 3387 2189; x_wconf 87' lang='lat' dir='ltr'><strong>in</strong></span> <span class='ocrx_word' id='word_1_626' title='bbox 3413 2140 3670 2207; x_wconf 84' lang='lat' dir='ltr'><strong>sanguine</strong></span> <span class='ocrx_word' id='word_1_627' title='bbox 3690 2141 3805 2208; x_wconf 76' lang='lat' dir='ltr'><strong>ejus,</strong></span> 
     </span>
    </p>
   </div>
   <div class='ocr_carea' id='block_1_81' title="bbox 2230 2213 3808 2295">
    <p class='ocr_par' dir='ltr' id='par_1_81' title="bbox 2230 2213 3808 2295">
     <span class='ocr_line' id='line_1_81' title="bbox 2230 2213 3808 2295; baseline 0.01 -29"><span class='ocrx_word' id='word_1_628' title='bbox 2230 2213 2283 2267; x_wconf 89' lang='lat' dir='ltr'><strong>in</strong></span> <span class='ocrx_word' id='word_1_629' title='bbox 2314 2216 2652 2271; x_wconf 85' lang='lat' dir='ltr'><strong>ostensionem</strong></span> <span class='ocrx_word' id='word_1_630' title='bbox 2670 2220 2890 2289; x_wconf 76' lang='lat' dir='ltr'><strong>justitiaz</strong></span> <span class='ocrx_word' id='word_1_631' title='bbox 2917 2222 3097 2291; x_wconf 86' lang='lat' dir='ltr'><strong>ipsius.</strong></span> <span class='ocrx_word' id='word_1_632' title='bbox 3137 2224 3267 2279; x_wconf 85' lang='lat' dir='ltr'><strong>Vide</strong></span> <span class='ocrx_word' id='word_1_633' title='bbox 3314 2236 3444 2295; x_wconf 88' lang='lat' dir='ltr'><strong>quot</strong></span> <span class='ocrx_word' id='word_1_634' title='bbox 3473 2228 3808 2295; x_wconf 74' lang='lat' dir='ltr'><strong>probationes</strong></span> 
     </span>
    </p>
   </div>
   <div class='ocr_carea' id='block_1_82' title="bbox 2231 2302 3811 2389">
    <p class='ocr_par' dir='ltr' id='par_1_82' title="bbox 2231 2302 3811 2389">
     <span class='ocr_line' id='line_1_82' title="bbox 2231 2302 3811 2389; baseline 0.011 -33"><span class='ocrx_word' id='word_1_635' title='bbox 2231 2302 2418 2359; x_wconf 68' lang='lat' dir='ltr'><strong>all‘erat</strong></span> <span class='ocrx_word' id='word_1_636' title='bbox 2450 2307 2613 2371; x_wconf 89' lang='lat' dir='ltr'><strong>illius,</strong></span> <span class='ocrx_word' id='word_1_637' title='bbox 2646 2312 2787 2380; x_wconf 89' lang='lat' dir='ltr'><strong>quod</strong></span> <span class='ocrx_word' id='word_1_638' title='bbox 2817 2311 3019 2368; x_wconf 87' lang='lat' dir='ltr'><strong>dictum</strong></span> <span class='ocrx_word' id='word_1_639' title='bbox 3045 2324 3145 2370; x_wconf 91' lang='lat' dir='ltr'><strong>est.</strong></span> <span class='ocrx_word' id='word_1_640' title='bbox 3166 2316 3345 2370; x_wconf 88' lang='lat' dir='ltr'><strong>Primo</strong></span> <span class='ocrx_word' id='word_1_641' title='bbox 3366 2332 3396 2369; x_wconf 89' lang='lat' dir='ltr'><strong>a</strong></span> <span class='ocrx_word' id='word_1_642' title='bbox 3416 2319 3683 2388; x_wconf 83' lang='lat' dir='ltr'><strong>dignitate</strong></span> <span class='ocrx_word' id='word_1_643' title='bbox 3702 2337 3811 2389; x_wconf 86' lang='lat' dir='ltr'><strong>per-</strong></span> 
     </span>
    </p>
   </div>
   <div class='ocr_carea' id='block_1_83' title="bbox 2230 2402 3810 2476">
    <p class='ocr_par' dir='ltr' id='par_1_83' title="bbox 2230 2402 3810 2476">
     <span class='ocr_line' id='line_1_83' title="bbox 2230 2402 3810 2476; baseline 0.011 -28"><span class='ocrx_word' id='word_1_644' title='bbox 2230 2409 2541 2454; x_wconf 64' lang='lat' dir='ltr'><strong>sonaeznon</strong></span> <span class='ocrx_word' id='word_1_645' title='bbox 2568 2402 2709 2457; x_wconf 88' lang='lat' dir='ltr'><strong>enim</strong></span> <span class='ocrx_word' id='word_1_646' title='bbox 2739 2403 2899 2459; x_wconf 91' lang='lat' dir='ltr'><strong>homo</strong></span> <span class='ocrx_word' id='word_1_647' title='bbox 2936 2414 3021 2459; x_wconf 90' lang='lat' dir='ltr'><strong>est</strong></span> <span class='ocrx_word' id='word_1_648' title='bbox 3062 2406 3127 2471; x_wconf 91' lang='lat' dir='ltr'><strong>is,</strong></span> <span class='ocrx_word' id='word_1_649' title='bbox 3155 2408 3243 2476; x_wconf 91' lang='lat' dir='ltr'><strong>qui</strong></span> <span class='ocrx_word' id='word_1_650' title='bbox 3284 2406 3400 2464; x_wconf 69' lang='lat' dir='ltr'><strong>inec</strong></span> <span class='ocrx_word' id='word_1_651' title='bbox 3427 2409 3580 2473; x_wconf 85' lang='lat' dir='ltr'><strong>facit.</strong></span> <span class='ocrx_word' id='word_1_652' title='bbox 3614 2422 3669 2465; x_wconf 92' lang='lat' dir='ltr'><strong>ut</strong></span> <span class='ocrx_word' id='word_1_653' title='bbox 3691 2414 3810 2466; x_wconf 65' lang='lat' dir='ltr'><strong>deti.</strong></span> 
     </span>
    </p>
   </div>
   <div class='ocr_carea' id='block_1_84' title="bbox 2230 2487 3809 2574">
    <p class='ocr_par' dir='ltr' id='par_1_84' title="bbox 2230 2487 3809 2574">
     <span class='ocr_line' id='line_1_84' title="bbox 2230 2487 3809 2574; baseline 0.012 -36"><span class='ocrx_word' id='word_1_654' title='bbox 2230 2487 2367 2551; x_wconf 86' lang='lat' dir='ltr'><strong>ciat;</strong></span> <span class='ocrx_word' id='word_1_655' title='bbox 2395 2489 2490 2543; x_wconf 91' lang='lat' dir='ltr'><strong>sed</strong></span> <span class='ocrx_word' id='word_1_656' title='bbox 2526 2489 2667 2547; x_wconf 91' lang='lat' dir='ltr'><strong>Deus</strong></span> <span class='ocrx_word' id='word_1_657' title='bbox 2693 2494 2785 2563; x_wconf 92' lang='lat' dir='ltr'><strong>qui</strong></span> <span class='ocrx_word' id='word_1_658' title='bbox 2816 2497 2994 2551; x_wconf 88' lang='lat' dir='ltr'><strong>omnia</strong></span> <span class='ocrx_word' id='word_1_659' title='bbox 3030 2507 3237 2566; x_wconf 89' lang='lat' dir='ltr'><strong>potest:</strong></span> <span class='ocrx_word' id='word_1_660' title='bbox 3265 2498 3357 2553; x_wconf 88' lang='lat' dir='ltr'><strong>Dei</strong></span> <span class='ocrx_word' id='word_1_661' title='bbox 3385 2511 3460 2555; x_wconf 88' lang='lat' dir='ltr'><strong>est</strong></span> <span class='ocrx_word' id='word_1_662' title='bbox 3488 2503 3638 2557; x_wconf 89' lang='lat' dir='ltr'><strong>enim</strong></span> <span class='ocrx_word' id='word_1_663' title='bbox 3661 2506 3809 2574; x_wconf 77' lang='lat' dir='ltr'><strong>justi-</strong></span> 
     </span>
    </p>
   </div>
   <div class='ocr_carea' id='block_1_85' title="bbox 2230 2578 3807 2660">
    <p class='ocr_par' dir='ltr' id='par_1_85' title="bbox 2230 2578 3807 2660">
     <span class='ocr_line' id='line_1_85' title="bbox 2230 2578 3807 2660; baseline 0.013 -31"><span class='ocrx_word' id='word_1_664' title='bbox 2230 2578 2321 2644; x_wconf 87' lang='lat' dir='ltr'><strong>tia,</strong></span> <span class='ocrx_word' id='word_1_665' title='bbox 2368 2579 2561 2649; x_wconf 87' lang='lat' dir='ltr'><strong>inquit.</strong></span> <span class='ocrx_word' id='word_1_666' title='bbox 2589 2581 2839 2639; x_wconf 90' lang='lat' dir='ltr'><strong>Secundo</strong></span> <span class='ocrx_word' id='word_1_667' title='bbox 2866 2602 2895 2639; x_wconf 90' lang='lat' dir='ltr'><strong>a</strong></span> <span class='ocrx_word' id='word_1_668' title='bbox 2928 2587 3045 2658; x_wconf 90' lang='lat' dir='ltr'><strong>lege</strong></span> <span class='ocrx_word' id='word_1_669' title='bbox 3086 2598 3141 2643; x_wconf 91' lang='lat' dir='ltr'><strong>et</strong></span> <span class='ocrx_word' id='word_1_670' title='bbox 3185 2589 3485 2660; x_wconf 86' lang='lat' dir='ltr'><strong>prophetis,</strong></span> <span class='ocrx_word' id='word_1_671' title='bbox 3534 2610 3606 2648; x_wconf 89' lang='lat' dir='ltr'><strong>ne</strong></span> <span class='ocrx_word' id='word_1_672' title='bbox 3653 2596 3807 2657; x_wconf 86' lang='lat' dir='ltr'><strong>enim.</strong></span> 
     </span>
    </p>
   </div>
   <div class='ocr_carea' id='block_1_86' title="bbox 2228 2673 3809 2757">
    <p class='ocr_par' dir='ltr' id='par_1_86' title="bbox 2228 2673 3809 2757">
     <span class='ocr_line' id='line_1_86' title="bbox 2228 2673 3809 2757; baseline 0.01 -32"><span class='ocrx_word' id='word_1_673' title='bbox 2228 2673 2370 2740; x_wconf 90' lang='lat' dir='ltr'><strong>quod</strong></span> <span class='ocrx_word' id='word_1_674' title='bbox 2400 2674 2597 2745; x_wconf 84' lang='lat' dir='ltr'><strong>Absque</strong></span> <span class='ocrx_word' id='word_1_675' title='bbox 2634 2677 2741 2748; x_wconf 88' lang='lat' dir='ltr'><strong>lege</strong></span> <span class='ocrx_word' id='word_1_676' title='bbox 2766 2679 3022 2741; x_wconf 89' lang='lat' dir='ltr'><strong>audieris.</strong></span> <span class='ocrx_word' id='word_1_677' title='bbox 3056 2682 3278 2737; x_wconf 87' lang='lat' dir='ltr'><strong>timeas:</strong></span> <span class='ocrx_word' id='word_1_678' title='bbox 3307 2699 3432 2739; x_wconf 89' lang='lat' dir='ltr'><strong>nam</strong></span> <span class='ocrx_word' id='word_1_679' title='bbox 3462 2686 3570 2754; x_wconf 92' lang='lat' dir='ltr'><strong>ipsi</strong></span> <span class='ocrx_word' id='word_1_680' title='bbox 3617 2687 3717 2757; x_wconf 81' lang='lat' dir='ltr'><strong>legi</strong></span> <span class='ocrx_word' id='word_1_681' title='bbox 3748 2690 3809 2742; x_wconf 81' lang='lat' dir='ltr'><strong>ita</strong></span> 
     </span>
    </p>
   </div>
   <div class='ocr_carea' id='block_1_87' title="bbox 2227 2762 3811 2834">
    <p class='ocr_par' dir='ltr' id='par_1_87' title="bbox 2227 2762 3811 2834">
     <span class='ocr_line' id='line_1_87' title="bbox 2227 2762 3811 2834; baseline 0.011 -17"><span class='ocrx_word' id='word_1_682' title='bbox 2227 2762 2460 2819; x_wconf 88' lang='lat' dir='ltr'><strong>videtur.</strong></span> <span class='ocrx_word' id='word_1_683' title='bbox 2487 2766 2688 2831; x_wconf 89' lang='lat' dir='ltr'><strong>Tertio,</strong></span> <span class='ocrx_word' id='word_1_684' title='bbox 2721 2785 2752 2824; x_wconf 86' lang='lat' dir='ltr'><strong>a</strong></span> <span class='ocrx_word' id='word_1_685' title='bbox 2782 2770 3057 2828; x_wconf 81' lang='lat' dir='ltr'><strong>sacriﬁciis</strong></span> <span class='ocrx_word' id='word_1_686' title='bbox 3075 2772 3284 2829; x_wconf 84' lang='lat' dir='ltr'><strong>Veteris</strong></span> <span class='ocrx_word' id='word_1_687' title='bbox 3304 2775 3645 2833; x_wconf 65' lang='lat' dir='ltr'><strong>Testamenti</strong></span> <span class='ocrx_word' id='word_1_688' title='bbox 3667 2798 3681 2831; x_wconf 92' lang='lat'><strong>:</strong></span> <span class='ocrx_word' id='word_1_689' title='bbox 3704 2780 3811 2834; x_wconf 86' lang='lat' dir='ltr'><strong>ideo</strong></span> 
     </span>
    </p>
   </div>
   <div class='ocr_carea' id='block_1_88' title="bbox 2229 2861 3808 2939">
    <p class='ocr_par' dir='ltr' id='par_1_88' title="bbox 2229 2861 3808 2939">
     <span class='ocr_line' id='line_1_88' title="bbox 2229 2861 3808 2939; baseline 0.009 -30"><span class='ocrx_word' id='word_1_690' title='bbox 2229 2872 2458 2927; x_wconf 89' lang='lat' dir='ltr'><strong>namque</strong></span> <span class='ocrx_word' id='word_1_691' title='bbox 2484 2861 2562 2915; x_wconf 92' lang='lat' dir='ltr'><strong>sic</strong></span> <span class='ocrx_word' id='word_1_692' title='bbox 2584 2861 2738 2927; x_wconf 84' lang='lat' dir='ltr'><strong>dixit,</strong></span> <span class='ocrx_word' id='word_1_693' title='bbox 2771 2864 2837 2917; x_wconf 86' lang='lat' dir='ltr'><strong>In</strong></span> <span class='ocrx_word' id='word_1_694' title='bbox 2863 2867 3111 2936; x_wconf 85' lang='lat' dir='ltr'><strong>sanguine</strong></span> <span class='ocrx_word' id='word_1_695' title='bbox 3139 2868 3269 2937; x_wconf 82' lang='lat' dir='ltr'><strong>ejus,</strong></span> <span class='ocrx_word' id='word_1_696' title='bbox 3303 2868 3357 2939; x_wconf 90' lang='lat' dir='ltr'><strong>in</strong></span> <span class='ocrx_word' id='word_1_697' title='bbox 3385 2880 3633 2926; x_wconf 88' lang='lat' dir='ltr'><strong>mentem</strong></span> <span class='ocrx_word' id='word_1_698' title='bbox 3662 2889 3808 2927; x_wconf 80' lang='lat' dir='ltr'><strong>revo-</strong></span> 
     </span>
    </p>
   </div>
   <div class='ocr_carea' id='block_1_89' title="bbox 2226 2951 3807 3017">
    <p class='ocr_par' dir='ltr' id='par_1_89' title="bbox 2226 2951 3807 3017">
     <span class='ocr_line' id='line_1_89' title="bbox 2226 2951 3807 3017; baseline 0.006 -12"><span class='ocrx_word' id='word_1_699' title='bbox 2226 2964 2355 3005; x_wconf 84' lang='lat' dir='ltr'><strong>cans</strong></span> <span class='ocrx_word' id='word_1_700' title='bbox 2386 2951 2493 3007; x_wconf 90' lang='lat' dir='ltr'><strong>illis</strong></span> <span class='ocrx_word' id='word_1_701' title='bbox 2521 2968 2651 3007; x_wconf 87' lang='lat' dir='ltr'><strong>oves</strong></span> <span class='ocrx_word' id='word_1_702' title='bbox 2696 2955 2812 3009; x_wconf 88' lang='lat' dir='ltr'><strong>illas</strong></span> <span class='ocrx_word' id='word_1_703' title='bbox 2842 2965 2897 3010; x_wconf 88' lang='lat' dir='ltr'><strong>et</strong></span> <span class='ocrx_word' id='word_1_704' title='bbox 2925 2957 3140 3012; x_wconf 88' lang='lat' dir='ltr'><strong>vitulos.</strong></span> <span class='ocrx_word' id='word_1_705' title='bbox 3190 2957 3304 3013; x_wconf 89' lang='lat' dir='ltr'><strong>Etsi</strong></span> <span class='ocrx_word' id='word_1_706' title='bbox 3346 2962 3495 3015; x_wconf 89' lang='lat' dir='ltr'><strong>enim</strong></span> <span class='ocrx_word' id='word_1_707' title='bbox 3537 2962 3807 3017; x_wconf 88' lang='lat' dir='ltr'><strong>brutorum</strong></span> 
     </span>
    </p>
   </div>
   <div class='ocr_carea' id='block_1_90' title="bbox 2224 3041 3808 3124">
    <p class='ocr_par' dir='ltr' id='par_1_90' title="bbox 2224 3041 3808 3124">
     <span class='ocr_line' id='line_1_90' title="bbox 2224 3041 3808 3124; baseline 0.008 -29"><span class='ocrx_word' id='word_1_708' title='bbox 2224 3041 2421 3108; x_wconf 65' lang='lat' dir='ltr'><strong>exedes,</strong></span> <span class='ocrx_word' id='word_1_709' title='bbox 2469 3043 2659 3113; x_wconf 87' lang='lat' dir='ltr'><strong>inquit,</strong></span> <span class='ocrx_word' id='word_1_710' title='bbox 2711 3057 2925 3115; x_wconf 88' lang='lat' dir='ltr'><strong>peccata</strong></span> <span class='ocrx_word' id='word_1_711' title='bbox 2972 3047 3271 3115; x_wconf 89' lang='lat' dir='ltr'><strong>solvebant,</strong></span> <span class='ocrx_word' id='word_1_712' title='bbox 3319 3051 3495 3106; x_wconf 90' lang='lat' dir='ltr'><strong>multo</strong></span> <span class='ocrx_word' id='word_1_713' title='bbox 3530 3056 3706 3124; x_wconf 90' lang='lat' dir='ltr'><strong>magis</strong></span> <span class='ocrx_word' id='word_1_714' title='bbox 3733 3055 3808 3108; x_wconf 89' lang='lat' dir='ltr'><strong>bie</strong></span> 
     </span>
    </p>
   </div>
   <div class='ocr_carea' id='block_1_91' title="bbox 2224 3137 3807 3213">
    <p class='ocr_par' dir='ltr' id='par_1_91' title="bbox 2224 3137 3807 3213">
     <span class='ocr_line' id='line_1_91' title="bbox 2224 3137 3807 3213; baseline 0.008 -24"><span class='ocrx_word' id='word_1_715' title='bbox 2224 3138 2462 3206; x_wconf 87' lang='lat' dir='ltr'><strong>sanguis.</strong></span> <span class='ocrx_word' id='word_1_716' title='bbox 2494 3137 2604 3194; x_wconf 89' lang='lat' dir='ltr'><strong>Nec</strong></span> <span class='ocrx_word' id='word_1_717' title='bbox 2628 3141 2944 3210; x_wconf 88' lang='lat' dir='ltr'><strong>simpliciter</strong></span> <span class='ocrx_word' id='word_1_718' title='bbox 2971 3143 3122 3207; x_wconf 90' lang='lat' dir='ltr'><strong>dixit,</strong></span> <span class='ocrx_word' id='word_1_719' title='bbox 3149 3145 3573 3213; x_wconf 63' lang='lat' dir='ltr'><strong>Libentionem,</strong></span> <span class='ocrx_word' id='word_1_720' title='bbox 3599 3149 3697 3203; x_wconf 88' lang='lat' dir='ltr'><strong>sed</strong></span> <span class='ocrx_word' id='word_1_721' title='bbox 3722 3148 3807 3201; x_wconf 80' lang='lat' dir='ltr'><strong>Re-</strong></span> 
     </span>
    </p>
   </div>
   <div class='ocr_carea' id='block_1_92' title="bbox 2224 3227 3804 3309">
    <p class='ocr_par' dir='ltr' id='par_1_92' title="bbox 2224 3227 3804 3309">
     <span class='ocr_line' id='line_1_92' title="bbox 2224 3227 3804 3309; baseline 0.007 -28"><span class='ocrx_word' id='word_1_722' title='bbox 2224 3227 2595 3297; x_wconf 86' lang='lat' dir='ltr'><strong>demptionem;</strong></span> <span class='ocrx_word' id='word_1_723' title='bbox 2626 3239 2683 3285; x_wconf 91' lang='lat' dir='ltr'><strong>ut</strong></span> <span class='ocrx_word' id='word_1_724' title='bbox 2709 3247 2815 3286; x_wconf 92' lang='lat' dir='ltr'><strong>non</strong></span> <span class='ocrx_word' id='word_1_725' title='bbox 2861 3234 2998 3289; x_wconf 90' lang='lat' dir='ltr'><strong>ultra</strong></span> <span class='ocrx_word' id='word_1_726' title='bbox 3030 3235 3313 3291; x_wconf 86' lang='lat' dir='ltr'><strong>redeamus</strong></span> <span class='ocrx_word' id='word_1_727' title='bbox 3350 3238 3405 3292; x_wconf 90' lang='lat' dir='ltr'><strong>in</strong></span> <span class='ocrx_word' id='word_1_728' title='bbox 3448 3239 3605 3293; x_wconf 86' lang='lat' dir='ltr'><strong>illam</strong></span> <span class='ocrx_word' id='word_1_729' title='bbox 3651 3241 3804 3309; x_wconf 75' lang='lat' dir='ltr'><strong>ipsam</strong></span> 
     </span>
    </p>
   </div>
   <div class='ocr_carea' id='block_1_93' title="bbox 2222 3322 3804 3398">
    <p class='ocr_par' dir='ltr' id='par_1_93' title="bbox 2222 3322 3804 3398">
     <span class='ocr_line' id='line_1_93' title="bbox 2222 3322 3804 3398; baseline 0.009 -23"><span class='ocrx_word' id='word_1_730' title='bbox 2222 3322 2535 3377; x_wconf 82' lang='lat' dir='ltr'><strong>servitutem</strong></span> <span class='ocrx_word' id='word_1_731' title='bbox 2560 3340 2574 3376; x_wconf 91' lang='lat'><strong>:</strong></span> <span class='ocrx_word' id='word_1_732' title='bbox 2600 3334 2654 3378; x_wconf 90' lang='lat' dir='ltr'><strong>et</strong></span> <span class='ocrx_word' id='word_1_733' title='bbox 2681 3324 2804 3379; x_wconf 91' lang='lat' dir='ltr'><strong>ideo</strong></span> <span class='ocrx_word' id='word_1_734' title='bbox 2835 3336 2989 3381; x_wconf 79' lang='lat' dir='ltr'><strong>vocat</strong></span> <span class='ocrx_word' id='word_1_735' title='bbox 3015 3330 3441 3398; x_wconf 84' lang='lat' dir='ltr'><strong>propitiationem,</strong></span> <span class='ocrx_word' id='word_1_736' title='bbox 3496 3336 3804 3397; x_wconf 76' lang='lat' dir='ltr'><strong>ostendens,</strong></span> 
     </span>
    </p>
   </div>
   <div class='ocr_carea' id='block_1_94' title="bbox 2221 3413 3803 3491">
    <p class='ocr_par' dir='ltr' id='par_1_94' title="bbox 2221 3413 3803 3491">
     <span class='ocr_line' id='line_1_94' title="bbox 2221 3413 3803 3491; baseline 0.009 -26"><span class='ocrx_word' id='word_1_737' title='bbox 2221 3413 2265 3466; x_wconf 89' lang='lat' dir='ltr'><strong>si</strong></span> <span class='ocrx_word' id='word_1_738' title='bbox 2298 3422 2452 3482; x_wconf 92' lang='lat' dir='ltr'><strong>typus</strong></span> <span class='ocrx_word' id='word_1_739' title='bbox 2482 3422 2679 3469; x_wconf 88' lang='lat' dir='ltr'><strong>tantam</strong></span> <span class='ocrx_word' id='word_1_740' title='bbox 2710 3416 2815 3470; x_wconf 87' lang='lat' dir='ltr'><strong>vim</strong></span> <span class='ocrx_word' id='word_1_741' title='bbox 2838 3416 3104 3485; x_wconf 87' lang='lat' dir='ltr'><strong>habuerit,</strong></span> <span class='ocrx_word' id='word_1_742' title='bbox 3128 3421 3297 3475; x_wconf 92' lang='lat' dir='ltr'><strong>multo</strong></span> <span class='ocrx_word' id='word_1_743' title='bbox 3322 3424 3494 3491; x_wconf 90' lang='lat' dir='ltr'><strong>magis</strong></span> <span class='ocrx_word' id='word_1_744' title='bbox 3522 3426 3803 3479; x_wconf 76' lang='lat' dir='ltr'><strong>veritatem</strong></span> 
     </span>
    </p>
   </div>
   <div class='ocr_carea' id='block_1_95' title="bbox 2221 3503 3805 3573">
    <p class='ocr_par' dir='ltr' id='par_1_95' title="bbox 2221 3503 3805 3573">
     <span class='ocr_line' id='line_1_95' title="bbox 2221 3503 3805 3573; baseline 0.007 -15"><span class='ocrx_word' id='word_1_745' title='bbox 2221 3503 2273 3559; x_wconf 89' lang='lat' dir='ltr'><strong>id</strong></span> <span class='ocrx_word' id='word_1_746' title='bbox 2302 3506 2659 3573; x_wconf 64' lang='lat' dir='ltr'><strong>praestituram</strong></span> <span class='ocrx_word' id='word_1_747' title='bbox 2688 3522 2829 3563; x_wconf 87' lang='lat' dir='ltr'><strong>esse.</strong></span> <span class='ocrx_word' id='word_1_748' title='bbox 2860 3510 2938 3564; x_wconf 84' lang='lat' dir='ltr'><strong>Ae</strong></span> <span class='ocrx_word' id='word_1_749' title='bbox 2969 3526 3153 3565; x_wconf 91' lang='lat' dir='ltr'><strong>rursus</strong></span> <span class='ocrx_word' id='word_1_750' title='bbox 3176 3512 3469 3567; x_wconf 88' lang='lat' dir='ltr'><strong>ostendens</strong></span> <span class='ocrx_word' id='word_1_751' title='bbox 3502 3515 3556 3568; x_wconf 90' lang='lat' dir='ltr'><strong>id</strong></span> <span class='ocrx_word' id='word_1_752' title='bbox 3587 3532 3695 3568; x_wconf 90' lang='lat' dir='ltr'><strong>non</strong></span> <span class='ocrx_word' id='word_1_753' title='bbox 3718 3532 3805 3569; x_wconf 89' lang='lat' dir='ltr'><strong>no-</strong></span> 
     </span>
    </p>
   </div>
   <div class='ocr_carea' id='block_1_96' title="bbox 2218 3602 3801 3677">
    <p class='ocr_par' dir='ltr' id='par_1_96' title="bbox 2218 3602 3801 3677">
     <span class='ocr_line' id='line_1_96' title="bbox 2218 3602 3801 3677; baseline 0.007 -25"><span class='ocrx_word' id='word_1_754' title='bbox 2218 3614 2344 3653; x_wconf 88' lang='lat' dir='ltr'><strong>vum</strong></span> <span class='ocrx_word' id='word_1_755' title='bbox 2378 3615 2476 3653; x_wconf 85' lang='lat' dir='ltr'><strong>nec</strong></span> <span class='ocrx_word' id='word_1_756' title='bbox 2508 3616 2698 3656; x_wconf 89' lang='lat' dir='ltr'><strong>recens</strong></span> <span class='ocrx_word' id='word_1_757' title='bbox 2735 3616 2878 3669; x_wconf 90' lang='lat' dir='ltr'><strong>esse,</strong></span> <span class='ocrx_word' id='word_1_758' title='bbox 2927 3604 3021 3669; x_wconf 86' lang='lat' dir='ltr'><strong>ait,</strong></span> <span class='ocrx_word' id='word_1_759' title='bbox 3069 3602 3368 3674; x_wconf 83' lang='lat' dir='ltr'><strong>Proposuit.</strong></span> <span class='ocrx_word' id='word_1_760' title='bbox 3422 3607 3492 3660; x_wconf 89' lang='lat' dir='ltr'><strong>Et</strong></span> <span class='ocrx_word' id='word_1_761' title='bbox 3526 3618 3801 3677; x_wconf 81' lang='lat' dir='ltr'><strong>postquam</strong></span> 
     </span>
    </p>
   </div>
   <div class='ocr_carea' id='block_1_97' title="bbox 2218 3690 3798 3768">
    <p class='ocr_par' dir='ltr' id='par_1_97' title="bbox 2218 3690 3798 3768">
     <span class='ocr_line' id='line_1_97' title="bbox 2218 3690 3798 3768; baseline 0.004 -24"><span class='ocrx_word' id='word_1_762' title='bbox 2218 3690 2372 3752; x_wconf 87' lang='lat' dir='ltr'><strong>dixit.</strong></span> <span class='ocrx_word' id='word_1_763' title='bbox 2412 3691 2691 3762; x_wconf 90' lang='lat' dir='ltr'><strong>Proposuit</strong></span> <span class='ocrx_word' id='word_1_764' title='bbox 2724 3693 2883 3755; x_wconf 85' lang='lat' dir='ltr'><strong>Deus,</strong></span> <span class='ocrx_word' id='word_1_765' title='bbox 2928 3704 2983 3749; x_wconf 89' lang='lat' dir='ltr'><strong>et</strong></span> <span class='ocrx_word' id='word_1_766' title='bbox 3020 3697 3255 3751; x_wconf 87' lang='lat' dir='ltr'><strong>ostendit</strong></span> <span class='ocrx_word' id='word_1_767' title='bbox 3285 3696 3460 3752; x_wconf 88' lang='lat' dir='ltr'><strong>Patris</strong></span> <span class='ocrx_word' id='word_1_768' title='bbox 3499 3714 3624 3753; x_wconf 85' lang='lat' dir='ltr'><strong>esse</strong></span> <span class='ocrx_word' id='word_1_769' title='bbox 3653 3715 3798 3768; x_wconf 81' lang='lat' dir='ltr'><strong>opus,</strong></span> 
     </span>
    </p>
   </div>
   <div class='ocr_carea' id='block_1_98' title="bbox 2218 3781 3797 3859">
    <p class='ocr_par' dir='ltr' id='par_1_98' title="bbox 2218 3781 3797 3859">
     <span class='ocr_line' id='line_1_98' title="bbox 2218 3781 3797 3859; baseline 0.003 -24"><span class='ocrx_word' id='word_1_770' title='bbox 2218 3781 2357 3837; x_wconf 91' lang='lat' dir='ltr'><strong>idem</strong></span> <span class='ocrx_word' id='word_1_771' title='bbox 2389 3782 2560 3853; x_wconf 89' lang='lat' dir='ltr'><strong>ipsum</strong></span> <span class='ocrx_word' id='word_1_772' title='bbox 2590 3784 2829 3840; x_wconf 85' lang='lat' dir='ltr'><strong>declarat</strong></span> <span class='ocrx_word' id='word_1_773' title='bbox 2852 3800 2972 3841; x_wconf 88' lang='lat' dir='ltr'><strong>esse</strong></span> <span class='ocrx_word' id='word_1_774' title='bbox 2998 3784 3154 3842; x_wconf 88' lang='lat' dir='ltr'><strong>Filii:</strong></span> <span class='ocrx_word' id='word_1_775' title='bbox 3178 3802 3298 3841; x_wconf 89' lang='lat' dir='ltr'><strong>nam</strong></span> <span class='ocrx_word' id='word_1_776' title='bbox 3318 3788 3481 3842; x_wconf 84' lang='lat' dir='ltr'><strong>Pater</strong></span> <span class='ocrx_word' id='word_1_777' title='bbox 3506 3791 3797 3859; x_wconf 80' lang='lat' dir='ltr'><strong>proposuit,</strong></span> 
     </span>
    </p>
   </div>
   <div class='ocr_carea' id='block_1_99' title="bbox 2216 3875 3796 3950">
    <p class='ocr_par' dir='ltr' id='par_1_99' title="bbox 2216 3875 3796 3950">
     <span class='ocr_line' id='line_1_99' title="bbox 2216 3875 3796 3950; baseline 0.003 -19"><span class='ocrx_word' id='word_1_778' title='bbox 2216 3875 2462 3932; x_wconf 89' lang='lat' dir='ltr'><strong>Christus</strong></span> <span class='ocrx_word' id='word_1_779' title='bbox 2488 3893 2616 3932; x_wconf 90' lang='lat' dir='ltr'><strong>vero</strong></span> <span class='ocrx_word' id='word_1_780' title='bbox 2644 3878 2694 3932; x_wconf 92' lang='lat' dir='ltr'><strong>in</strong></span> <span class='ocrx_word' id='word_1_781' title='bbox 2725 3880 2984 3948; x_wconf 85' lang='lat' dir='ltr'><strong>sanguine</strong></span> <span class='ocrx_word' id='word_1_782' title='bbox 3012 3894 3109 3934; x_wconf 88' lang='lat' dir='ltr'><strong>suo</strong></span> <span class='ocrx_word' id='word_1_783' title='bbox 3136 3889 3304 3934; x_wconf 89' lang='lat' dir='ltr'><strong>totum</strong></span> <span class='ocrx_word' id='word_1_784' title='bbox 3336 3881 3590 3950; x_wconf 80' lang='lat' dir='ltr'><strong>perfecit.</strong></span> <span class='ocrx_word' id='word_1_785' title='bbox 3614 3883 3701 3939; x_wconf 71' lang='lat'><strong>26.</strong></span> <span class='ocrx_word' id='word_1_786' title='bbox 3732 3883 3796 3936; x_wconf 73' lang='lat' dir='ltr'><strong>In</strong></span> 
     </span>
    </p>
   </div>
   <div class='ocr_carea' id='block_1_100' title="bbox 2215 3969 3798 4042">
    <p class='ocr_par' dir='ltr' id='par_1_100' title="bbox 2215 3969 3798 4042">
     <span class='ocr_line' id='line_1_100' title="bbox 2215 3969 3798 4042; baseline 0.001 -20"><span class='ocrx_word' id='word_1_787' title='bbox 2215 3970 2546 4023; x_wconf 87' lang='lat' dir='ltr'><strong>ostensionem</strong></span> <span class='ocrx_word' id='word_1_788' title='bbox 2564 3970 2781 4040; x_wconf 80' lang='lat' dir='ltr'><strong>justitite</strong></span> <span class='ocrx_word' id='word_1_789' title='bbox 2804 3987 2929 4025; x_wconf 62' lang='lat' dir='ltr'><strong>suae.</strong></span> <span class='ocrx_word' id='word_1_790' title='bbox 2969 3969 3105 4038; x_wconf 89' lang='lat' dir='ltr'><strong>Quid</strong></span> <span class='ocrx_word' id='word_1_791' title='bbox 3147 3980 3250 4036; x_wconf 88' lang='lat' dir='ltr'><strong>est,</strong></span> <span class='ocrx_word' id='word_1_792' title='bbox 3281 3974 3524 4027; x_wconf 87' lang='lat' dir='ltr'><strong>ostensio</strong></span> <span class='ocrx_word' id='word_1_793' title='bbox 3544 3975 3798 4042; x_wconf 63' lang='lat' dir='ltr'><strong>justitir?</strong></span> 
     </span>
    </p>
   </div>
   <div class='ocr_carea' id='block_1_101' title="bbox 2216 4061 3797 4134">
    <p class='ocr_par' dir='ltr' id='par_1_101' title="bbox 2216 4061 3797 4134">
     <span class='ocr_line' id='line_1_101' title="bbox 2216 4061 3797 4134; baseline 0.003 -16"><span class='ocrx_word' id='word_1_794' title='bbox 2216 4061 2286 4118; x_wconf 90' lang='lat' dir='ltr'><strong>Ut</strong></span> <span class='ocrx_word' id='word_1_795' title='bbox 2306 4062 2609 4117; x_wconf 88' lang='lat' dir='ltr'><strong>divitiarum</strong></span> <span class='ocrx_word' id='word_1_796' title='bbox 2638 4064 2896 4127; x_wconf 91' lang='lat' dir='ltr'><strong>ostensio,</strong></span> <span class='ocrx_word' id='word_1_797' title='bbox 2919 4072 3179 4133; x_wconf 88' lang='lat' dir='ltr'><strong>quatenus</strong></span> <span class='ocrx_word' id='word_1_798' title='bbox 3206 4078 3311 4118; x_wconf 88' lang='lat' dir='ltr'><strong>non</strong></span> <span class='ocrx_word' id='word_1_799' title='bbox 3342 4065 3459 4134; x_wconf 86' lang='lat' dir='ltr'><strong>ipse</strong></span> <span class='ocrx_word' id='word_1_800' title='bbox 3487 4066 3637 4120; x_wconf 89' lang='lat' dir='ltr'><strong>solus</strong></span> <span class='ocrx_word' id='word_1_801' title='bbox 3651 4066 3797 4122; x_wconf 83' lang='lat' dir='ltr'><strong>dives</strong></span> 
     </span>
    </p>
   </div>
   <div class='ocr_carea' id='block_1_102' title="bbox 2213 4153 3794 4226">
    <p class='ocr_par' dir='ltr' id='par_1_102' title="bbox 2213 4153 3794 4226">
     <span class='ocr_line' id='line_1_102' title="bbox 2213 4153 3794 4226; baseline 0.003 -20"><span class='ocrx_word' id='word_1_802' title='bbox 2213 4153 2304 4218; x_wconf 90' lang='lat' dir='ltr'><strong>sit,</strong></span> <span class='ocrx_word' id='word_1_803' title='bbox 2331 4153 2427 4209; x_wconf 86' lang='lat' dir='ltr'><strong>sed</strong></span> <span class='ocrx_word' id='word_1_804' title='bbox 2452 4154 2587 4209; x_wconf 90' lang='lat' dir='ltr'><strong>alios</strong></span> <span class='ocrx_word' id='word_1_805' title='bbox 2609 4169 2824 4224; x_wconf 88' lang='lat' dir='ltr'><strong>quoque</strong></span> <span class='ocrx_word' id='word_1_806' title='bbox 2854 4153 3047 4209; x_wconf 87' lang='lat' dir='ltr'><strong>divites</strong></span> <span class='ocrx_word' id='word_1_807' title='bbox 3076 4154 3297 4217; x_wconf 88' lang='lat' dir='ltr'><strong>reddat;</strong></span> <span class='ocrx_word' id='word_1_808' title='bbox 3326 4165 3384 4210; x_wconf 89' lang='lat' dir='ltr'><strong>et</strong></span> <span class='ocrx_word' id='word_1_809' title='bbox 3411 4157 3540 4210; x_wconf 68' lang='lat' dir='ltr'><strong>vitm</strong></span> <span class='ocrx_word' id='word_1_810' title='bbox 3576 4159 3794 4226; x_wconf 82' lang='lat' dir='ltr'><strong>pariter,</strong></span> 
     </span>
    </p>
   </div>
   <div class='ocr_carea' id='block_1_103' title="bbox 2212 4245 3797 4315">
    <p class='ocr_par' dir='ltr' id='par_1_103' title="bbox 2212 4245 3797 4315">
     <span class='ocr_line' id='line_1_103' title="bbox 2212 4245 3797 4315; baseline 0.003 -16"><span class='ocrx_word' id='word_1_811' title='bbox 2212 4245 2356 4315; x_wconf 94' lang='lat' dir='ltr'><strong>quod</strong></span> <span class='ocrx_word' id='word_1_812' title='bbox 2383 4261 2492 4301; x_wconf 92' lang='lat' dir='ltr'><strong>non</strong></span> <span class='ocrx_word' id='word_1_813' title='bbox 2522 4247 2639 4315; x_wconf 89' lang='lat' dir='ltr'><strong>ipse</strong></span> <span class='ocrx_word' id='word_1_814' title='bbox 2666 4248 2815 4301; x_wconf 91' lang='lat' dir='ltr'><strong>solus</strong></span> <span class='ocrx_word' id='word_1_815' title='bbox 2840 4248 3001 4313; x_wconf 88' lang='lat' dir='ltr'><strong>vivat,</strong></span> <span class='ocrx_word' id='word_1_816' title='bbox 3025 4246 3120 4302; x_wconf 88' lang='lat' dir='ltr'><strong>sed</strong></span> <span class='ocrx_word' id='word_1_817' title='bbox 3156 4249 3317 4302; x_wconf 90' lang='lat' dir='ltr'><strong>etiam</strong></span> <span class='ocrx_word' id='word_1_818' title='bbox 3348 4260 3599 4303; x_wconf 86' lang='lat' dir='ltr'><strong>mortuos</strong></span> <span class='ocrx_word' id='word_1_819' title='bbox 3628 4249 3797 4303; x_wconf 76' lang='lat' dir='ltr'><strong>viviﬁ-</strong></span> 
     </span>
    </p>
   </div>
   <div class='ocr_carea' id='block_1_104' title="bbox 2210 4340 3794 4411">
    <p class='ocr_par' dir='ltr' id='par_1_104' title="bbox 2210 4340 3794 4411">
     <span class='ocr_line' id='line_1_104' title="bbox 2210 4340 3794 4411; baseline 0.001 -18"><span class='ocrx_word' id='word_1_820' title='bbox 2210 4347 2325 4405; x_wconf 90' lang='lat' dir='ltr'><strong>eet;</strong></span> <span class='ocrx_word' id='word_1_821' title='bbox 2352 4347 2406 4393; x_wconf 89' lang='lat' dir='ltr'><strong>et</strong></span> <span class='ocrx_word' id='word_1_822' title='bbox 2426 4340 2726 4409; x_wconf 90' lang='lat' dir='ltr'><strong>potestatis,</strong></span> <span class='ocrx_word' id='word_1_823' title='bbox 2750 4340 2889 4409; x_wconf 91' lang='lat' dir='ltr'><strong>quod</strong></span> <span class='ocrx_word' id='word_1_824' title='bbox 2916 4356 3019 4395; x_wconf 89' lang='lat' dir='ltr'><strong>non</strong></span> <span class='ocrx_word' id='word_1_825' title='bbox 3046 4341 3158 4410; x_wconf 89' lang='lat' dir='ltr'><strong>ipse</strong></span> <span class='ocrx_word' id='word_1_826' title='bbox 3177 4341 3348 4395; x_wconf 88' lang='lat' dir='ltr'><strong>solum</strong></span> <span class='ocrx_word' id='word_1_827' title='bbox 3378 4352 3569 4411; x_wconf 89' lang='lat' dir='ltr'><strong>potens</strong></span> <span class='ocrx_word' id='word_1_828' title='bbox 3590 4344 3675 4403; x_wconf 87' lang='lat' dir='ltr'><strong>sit,</strong></span> <span class='ocrx_word' id='word_1_829' title='bbox 3694 4343 3794 4395; x_wconf 72' lang='lat' dir='ltr'><strong>sed</strong></span> 
     </span>
    </p>
   </div>
   <div class='ocr_carea' id='block_1_105' title="bbox 2209 4431 3793 4502">
    <p class='ocr_par' dir='ltr' id='par_1_105' title="bbox 2209 4431 3793 4502">
     <span class='ocr_line' id='line_1_105' title="bbox 2209 4431 3793 4502; baseline 0 -17"><span class='ocrx_word' id='word_1_830' title='bbox 2209 4431 2369 4485; x_wconf 90' lang='lat' dir='ltr'><strong>etiam</strong></span> <span class='ocrx_word' id='word_1_831' title='bbox 2414 4432 2657 4486; x_wconf 85' lang='lat' dir='ltr'><strong>infirmos</strong></span> <span class='ocrx_word' id='word_1_832' title='bbox 2701 4433 3043 4487; x_wconf 90' lang='lat' dir='ltr'><strong>corroboret:</strong></span> <span class='ocrx_word' id='word_1_833' title='bbox 3071 4432 3149 4487; x_wconf 91' lang='lat' dir='ltr'><strong>sic</strong></span> <span class='ocrx_word' id='word_1_834' title='bbox 3189 4441 3245 4487; x_wconf 88' lang='lat' dir='ltr'><strong>et</strong></span> <span class='ocrx_word' id='word_1_835' title='bbox 3288 4434 3532 4487; x_wconf 88' lang='lat' dir='ltr'><strong>ostensio</strong></span> <span class='ocrx_word' id='word_1_836' title='bbox 3574 4435 3793 4502; x_wconf 70' lang='lat' dir='ltr'><strong>justitia:</strong></span> 
     </span>
    </p>
   </div>
   <div class='ocr_carea' id='block_1_106' title="bbox 2208 4522 3793 4593">
    <p class='ocr_par' dir='ltr' id='par_1_106' title="bbox 2208 4522 3793 4593">
     <span class='ocr_line' id='line_1_106' title="bbox 2208 4522 3793 4593; baseline 0 -15"><span class='ocrx_word' id='word_1_837' title='bbox 2208 4532 2314 4589; x_wconf 88' lang='lat' dir='ltr'><strong>est,</strong></span> <span class='ocrx_word' id='word_1_838' title='bbox 2342 4522 2485 4592; x_wconf 89' lang='lat' dir='ltr'><strong>quod</strong></span> <span class='ocrx_word' id='word_1_839' title='bbox 2514 4538 2618 4577; x_wconf 93' lang='lat' dir='ltr'><strong>non</strong></span> <span class='ocrx_word' id='word_1_840' title='bbox 2646 4524 2793 4578; x_wconf 89' lang='lat' dir='ltr'><strong>solus</strong></span> <span class='ocrx_word' id='word_1_841' title='bbox 2819 4524 2932 4593; x_wconf 89' lang='lat' dir='ltr'><strong>ipse</strong></span> <span class='ocrx_word' id='word_1_842' title='bbox 2959 4524 3030 4577; x_wconf 87' lang='lat' dir='ltr'><strong>sit</strong></span> <span class='ocrx_word' id='word_1_843' title='bbox 3050 4524 3247 4592; x_wconf 90' lang='lat' dir='ltr'><strong>justus,</strong></span> <span class='ocrx_word' id='word_1_844' title='bbox 3277 4524 3372 4578; x_wconf 90' lang='lat' dir='ltr'><strong>sed</strong></span> <span class='ocrx_word' id='word_1_845' title='bbox 3396 4526 3561 4579; x_wconf 84' lang='lat' dir='ltr'><strong>etiam</strong></span> <span class='ocrx_word' id='word_1_846' title='bbox 3590 4527 3719 4578; x_wconf 85' lang='lat' dir='ltr'><strong>alios</strong></span> <span class='ocrx_word' id='word_1_847' title='bbox 3740 4528 3793 4578; x_wconf 80' lang='lat' dir='ltr'><strong>in</strong></span> 
     </span>
    </p>
   </div>
   <div class='ocr_carea' id='block_1_107' title="bbox 2209 4613 3794 4685">
    <p class='ocr_par' dir='ltr' id='par_1_107' title="bbox 2209 4613 3794 4685">
     <span class='ocr_line' id='line_1_107' title="bbox 2209 4613 3794 4685; baseline 0.001 -17"><span class='ocrx_word' id='word_1_848' title='bbox 2209 4615 2438 4683; x_wconf 89' lang='lat' dir='ltr'><strong>peccatis</strong></span> <span class='ocrx_word' id='word_1_849' title='bbox 2465 4623 2768 4683; x_wconf 88' lang='lat' dir='ltr'><strong>corruptos,</strong></span> <span class='ocrx_word' id='word_1_850' title='bbox 2797 4615 2973 4668; x_wconf 89' lang='lat' dir='ltr'><strong>statim</strong></span> <span class='ocrx_word' id='word_1_851' title='bbox 2999 4614 3175 4683; x_wconf 91' lang='lat' dir='ltr'><strong>justos</strong></span> <span class='ocrx_word' id='word_1_852' title='bbox 3206 4613 3386 4668; x_wconf 90' lang='lat' dir='ltr'><strong>faciat.</strong></span> <span class='ocrx_word' id='word_1_853' title='bbox 3415 4614 3533 4669; x_wconf 80' lang='lat' dir='ltr'><strong>Hoc</strong></span> <span class='ocrx_word' id='word_1_854' title='bbox 3562 4617 3716 4685; x_wconf 81' lang='lat' dir='ltr'><strong>igitur</strong></span> <span class='ocrx_word' id='word_1_855' title='bbox 3738 4631 3794 4670; x_wconf 80' lang='lat' dir='ltr'><strong>et</strong></span> 
     </span>
    </p>
   </div>
   <div class='ocr_carea' id='block_1_108' title="bbox 2207 4704 3793 4776">
    <p class='ocr_par' dir='ltr' id='par_1_108' title="bbox 2207 4704 3793 4776">
     <span class='ocr_line' id='line_1_108' title="bbox 2207 4704 3793 4776; baseline -0.001 -17"><span class='ocrx_word' id='word_1_856' title='bbox 2207 4707 2323 4776; x_wconf 83' lang='lat' dir='ltr'><strong>ipse</strong></span> <span class='ocrx_word' id='word_1_857' title='bbox 2351 4706 2731 4774; x_wconf 84' lang='lat' dir='ltr'><strong>interpretans,</strong></span> <span class='ocrx_word' id='word_1_858' title='bbox 2764 4705 3039 4774; x_wconf 82' lang='lat' dir='ltr'><strong>subjunxit</strong></span> <span class='ocrx_word' id='word_1_859' title='bbox 3066 4720 3186 4774; x_wconf 80' lang='lat' dir='ltr'><strong>quae</strong></span> <span class='ocrx_word' id='word_1_860' title='bbox 3222 4704 3293 4758; x_wconf 88' lang='lat' dir='ltr'><strong>sit</strong></span> <span class='ocrx_word' id='word_1_861' title='bbox 3328 4707 3604 4760; x_wconf 84' lang='lat' dir='ltr'><strong>ostensio:</strong></span> <span class='ocrx_word' id='word_1_862' title='bbox 3633 4704 3695 4761; x_wconf 85' lang='lat' dir='ltr'><strong>Ut</strong></span> <span class='ocrx_word' id='word_1_863' title='bbox 3723 4708 3793 4758; x_wconf 82' lang='lat' dir='ltr'><strong>sit</strong></span> 
     </span>
    </p>
   </div>
   <div class='ocr_carea' id='block_1_109' title="bbox 2204 4797 3656 4867">
    <p class='ocr_par' dir='ltr' id='par_1_109' title="bbox 2204 4797 3656 4867">
     <span class='ocr_line' id='line_1_109' title="bbox 2204 4797 3656 4867; baseline 0.001 -17"><span class='ocrx_word' id='word_1_864' title='bbox 2204 4798 2315 4867; x_wconf 88' lang='lat' dir='ltr'><strong>ipse</strong></span> <span class='ocrx_word' id='word_1_865' title='bbox 2334 4799 2524 4867; x_wconf 85' lang='lat' dir='ltr'><strong>justus,</strong></span> <span class='ocrx_word' id='word_1_866' title='bbox 2548 4807 2596 4851; x_wconf 88' lang='lat' dir='ltr'><strong>et</strong></span> <span class='ocrx_word' id='word_1_867' title='bbox 2616 4797 2909 4867; x_wconf 83' lang='lat' dir='ltr'><strong>justiﬁcans</strong></span> <span class='ocrx_word' id='word_1_868' title='bbox 2934 4812 3069 4861; x_wconf 89' lang='lat' dir='ltr'><strong>eum,</strong></span> <span class='ocrx_word' id='word_1_869' title='bbox 3095 4798 3177 4864; x_wconf 85' lang='lat' dir='ltr'><strong>qui</strong></span> <span class='ocrx_word' id='word_1_870' title='bbox 3200 4806 3269 4850; x_wconf 88' lang='lat' dir='ltr'><strong>est</strong></span> <span class='ocrx_word' id='word_1_871' title='bbox 3295 4813 3357 4849; x_wconf 75' lang='lat' dir='ltr'><strong>ex</strong></span> <span class='ocrx_word' id='word_1_872' title='bbox 3379 4798 3487 4865; x_wconf 86' lang='lat' dir='ltr'><strong>ﬁde</strong></span> <span class='ocrx_word' id='word_1_873' title='bbox 3511 4797 3656 4852; x_wconf 73' lang='lat' dir='ltr'><strong>Jesu.</strong></span> 
     </span>
    </p>
   </div>
   <div class='ocr_carea' id='block_1_110' title="bbox 2274 4887 3793 4956">
    <p class='ocr_par' dir='ltr' id='par_1_110' title="bbox 2274 4887 3793 4956">
     <span class='ocr_line' id='line_1_110' title="bbox 2274 4887 3793 4956; baseline 0.001 -13"><span class='ocrx_word' id='word_1_874' title='bbox 2274 4890 2327 4944; x_wconf 80' lang='grc'><strong>5.</strong></span> <span class='ocrx_word' id='word_1_875' title='bbox 2357 4887 2434 4942; x_wconf 90' lang='lat' dir='ltr'><strong>Ne</strong></span> <span class='ocrx_word' id='word_1_876' title='bbox 2463 4887 2640 4956; x_wconf 89' lang='lat' dir='ltr'><strong>itaque</strong></span> <span class='ocrx_word' id='word_1_877' title='bbox 2681 4887 2891 4941; x_wconf 89' lang='lat' dir='ltr'><strong>dubites</strong></span> <span class='ocrx_word' id='word_1_878' title='bbox 2922 4905 2935 4940; x_wconf 89' lang='lat'><strong>:</strong></span> <span class='ocrx_word' id='word_1_879' title='bbox 2969 4902 3074 4940; x_wconf 89' lang='lat' dir='ltr'><strong>non</strong></span> <span class='ocrx_word' id='word_1_880' title='bbox 3118 4887 3259 4941; x_wconf 90' lang='lat' dir='ltr'><strong>enim</strong></span> <span class='ocrx_word' id='word_1_881' title='bbox 3286 4902 3350 4941; x_wconf 86' lang='lat' dir='ltr'><strong>ex</strong></span> <span class='ocrx_word' id='word_1_882' title='bbox 3381 4890 3659 4956; x_wconf 86' lang='lat' dir='ltr'><strong>operibus,</strong></span> <span class='ocrx_word' id='word_1_883' title='bbox 3688 4892 3793 4944; x_wconf 83' lang='lat' dir='ltr'><strong>sed</strong></span> 
     </span>
    </p>
   </div>
   <div class='ocr_carea' id='block_1_111' title="bbox 2202 4976 3797 5049">
    <p class='ocr_par' dir='ltr' id='par_1_111' title="bbox 2202 4976 3797 5049">
     <span class='ocr_line' id='line_1_111' title="bbox 2202 4976 3797 5049; baseline -0.003 -13"><span class='ocrx_word' id='word_1_884' title='bbox 2202 4996 2268 5036; x_wconf 89' lang='lat' dir='ltr'><strong>ex</strong></span> <span class='ocrx_word' id='word_1_885' title='bbox 2298 4979 2421 5035; x_wconf 87' lang='lat' dir='ltr'><strong>lide.</strong></span> <span class='ocrx_word' id='word_1_886' title='bbox 2457 4980 2638 5049; x_wconf 90' lang='lat' dir='ltr'><strong>Neque</strong></span> <span class='ocrx_word' id='word_1_887' title='bbox 2665 4994 2695 5033; x_wconf 91' lang='lat' dir='ltr'><strong>a</strong></span> <span class='ocrx_word' id='word_1_888' title='bbox 2724 4979 2815 5033; x_wconf 87' lang='lat' dir='ltr'><strong>Dei</strong></span> <span class='ocrx_word' id='word_1_889' title='bbox 2838 4978 3040 5047; x_wconf 88' lang='lat' dir='ltr'><strong>justitia</strong></span> <span class='ocrx_word' id='word_1_890' title='bbox 3068 4976 3237 5047; x_wconf 88' lang='lat' dir='ltr'><strong>fugias</strong></span> <span class='ocrx_word' id='word_1_891' title='bbox 3279 4996 3292 5031; x_wconf 93' lang='lat'><strong>:</strong></span> <span class='ocrx_word' id='word_1_892' title='bbox 3323 4978 3523 5046; x_wconf 89' lang='lat' dir='ltr'><strong>duplex</strong></span> <span class='ocrx_word' id='word_1_893' title='bbox 3553 4981 3696 5034; x_wconf 87' lang='lat' dir='ltr'><strong>enim</strong></span> <span class='ocrx_word' id='word_1_894' title='bbox 3724 4984 3797 5035; x_wconf 78' lang='lat' dir='ltr'><strong>it-</strong></span> 
     </span>
    </p>
   </div>
   <div class='ocr_carea' id='block_1_112' title="bbox 2200 5068 3797 5138">
    <p class='ocr_par' dir='ltr' id='par_1_112' title="bbox 2200 5068 3797 5138">
     <span class='ocr_line' id='line_1_112' title="bbox 2200 5068 3797 5138; baseline 0 -13"><span class='ocrx_word' id='word_1_895' title='bbox 2200 5070 2302 5126; x_wconf 89' lang='lat' dir='ltr'><strong>lius</strong></span> <span class='ocrx_word' id='word_1_896' title='bbox 2326 5071 2522 5125; x_wconf 89' lang='lat' dir='ltr'><strong>bonum</strong></span> <span class='ocrx_word' id='word_1_897' title='bbox 2544 5079 2647 5135; x_wconf 89' lang='lat' dir='ltr'><strong>est,</strong></span> <span class='ocrx_word' id='word_1_898' title='bbox 2676 5068 2818 5138; x_wconf 90' lang='lat' dir='ltr'><strong>quod</strong></span> <span class='ocrx_word' id='word_1_899' title='bbox 2850 5068 3095 5123; x_wconf 84' lang='lat' dir='ltr'><strong>videlicet</strong></span> <span class='ocrx_word' id='word_1_900' title='bbox 3117 5078 3170 5121; x_wconf 92' lang='lat' dir='ltr'><strong>et</strong></span> <span class='ocrx_word' id='word_1_901' title='bbox 3199 5070 3317 5123; x_wconf 85' lang='lat' dir='ltr'><strong>leve</strong></span> <span class='ocrx_word' id='word_1_902' title='bbox 3347 5069 3438 5134; x_wconf 88' lang='lat' dir='ltr'><strong>sit,</strong></span> <span class='ocrx_word' id='word_1_903' title='bbox 3461 5079 3518 5124; x_wconf 91' lang='lat' dir='ltr'><strong>et</strong></span> <span class='ocrx_word' id='word_1_904' title='bbox 3537 5072 3797 5125; x_wconf 80' lang='lat' dir='ltr'><strong>omnibus</strong></span> 
     </span>
    </p>
   </div>
   <div class='ocr_carea' id='block_1_113' title="bbox 2201 5160 3795 5232">
    <p class='ocr_par' dir='ltr' id='par_1_113' title="bbox 2201 5160 3795 5232">
     <span class='ocr_line' id='line_1_113' title="bbox 2201 5160 3795 5232; baseline -0.003 -15"><span class='ocrx_word' id='word_1_905' title='bbox 2201 5163 2550 5232; x_wconf 89' lang='lat' dir='ltr'><strong>propositum.</strong></span> <span class='ocrx_word' id='word_1_906' title='bbox 2590 5161 2667 5217; x_wconf 90' lang='lat' dir='ltr'><strong>Ne</strong></span> <span class='ocrx_word' id='word_1_907' title='bbox 2709 5170 2762 5215; x_wconf 87' lang='lat' dir='ltr'><strong>te</strong></span> <span class='ocrx_word' id='word_1_908' title='bbox 2808 5160 3024 5229; x_wconf 90' lang='lat' dir='ltr'><strong>pudeat,</strong></span> <span class='ocrx_word' id='word_1_909' title='bbox 3074 5174 3172 5214; x_wconf 90' lang='lat' dir='ltr'><strong>nec</strong></span> <span class='ocrx_word' id='word_1_910' title='bbox 3214 5161 3509 5215; x_wconf 87' lang='lat' dir='ltr'><strong>erubescas</strong></span> <span class='ocrx_word' id='word_1_911' title='bbox 3541 5178 3555 5213; x_wconf 87' lang='lat'><strong>:</strong></span> <span class='ocrx_word' id='word_1_912' title='bbox 3586 5178 3705 5215; x_wconf 83' lang='lat' dir='ltr'><strong>nam</strong></span> <span class='ocrx_word' id='word_1_913' title='bbox 3744 5163 3795 5214; x_wconf 81' lang='lat' dir='ltr'><strong>si</strong></span> 
     </span>
    </p>
   </div>
   <div class='ocr_carea' id='block_1_114' title="bbox 2199 5251 3794 5323">
    <p class='ocr_par' dir='ltr' id='par_1_114' title="bbox 2199 5251 3794 5323">
     <span class='ocr_line' id='line_1_114' title="bbox 2199 5251 3794 5323; baseline 0 -16"><span class='ocrx_word' id='word_1_914' title='bbox 2199 5254 2313 5323; x_wconf 88' lang='lat' dir='ltr'><strong>ipse</strong></span> <span class='ocrx_word' id='word_1_915' title='bbox 2340 5254 2444 5308; x_wconf 84' lang='lat' dir='ltr'><strong>hoc</strong></span> <span class='ocrx_word' id='word_1_916' title='bbox 2478 5253 2655 5308; x_wconf 85' lang='lat' dir='ltr'><strong>facere</strong></span> <span class='ocrx_word' id='word_1_917' title='bbox 2683 5251 2997 5313; x_wconf 91' lang='lat' dir='ltr'><strong>ostenditur,</strong></span> <span class='ocrx_word' id='word_1_918' title='bbox 3041 5261 3093 5304; x_wconf 90' lang='lat' dir='ltr'><strong>et</strong></span> <span class='ocrx_word' id='word_1_919' title='bbox 3129 5260 3186 5304; x_wconf 93' lang='lat' dir='ltr'><strong>ut</strong></span> <span class='ocrx_word' id='word_1_920' title='bbox 3213 5251 3285 5303; x_wconf 88' lang='lat' dir='ltr'><strong>ita</strong></span> <span class='ocrx_word' id='word_1_921' title='bbox 3308 5252 3511 5312; x_wconf 86' lang='lat' dir='ltr'><strong>dicam,</strong></span> <span class='ocrx_word' id='word_1_922' title='bbox 3552 5264 3794 5307; x_wconf 77' lang='lat' dir='ltr'><strong>ostentat</strong></span> 
     </span>
    </p>
   </div>
   <div class='ocr_carea' id='block_1_115' title="bbox 2198 5342 3793 5413">
    <p class='ocr_par' dir='ltr' id='par_1_115' title="bbox 2198 5342 3793 5413">
     <span class='ocr_line' id='line_1_115' title="bbox 2198 5342 3793 5413; baseline -0.003 -14"><span class='ocrx_word' id='word_1_923' title='bbox 2198 5358 2277 5409; x_wconf 91' lang='lat' dir='ltr'><strong>se,</strong></span> <span class='ocrx_word' id='word_1_924' title='bbox 2306 5354 2360 5399; x_wconf 90' lang='lat' dir='ltr'><strong>et</strong></span> <span class='ocrx_word' id='word_1_925' title='bbox 2389 5345 2487 5398; x_wconf 91' lang='lat' dir='ltr'><strong>sibi</strong></span> <span class='ocrx_word' id='word_1_926' title='bbox 2516 5344 2830 5413; x_wconf 87' lang='lat' dir='ltr'><strong>gratulatur,</strong></span> <span class='ocrx_word' id='word_1_927' title='bbox 2861 5342 3130 5412; x_wconf 89' lang='lat' dir='ltr'><strong>quomodo</strong></span> <span class='ocrx_word' id='word_1_928' title='bbox 3159 5353 3211 5395; x_wconf 91' lang='lat' dir='ltr'><strong>tu</strong></span> <span class='ocrx_word' id='word_1_929' title='bbox 3235 5342 3514 5398; x_wconf 84' lang='lat' dir='ltr'><strong>erubescis</strong></span> <span class='ocrx_word' id='word_1_930' title='bbox 3538 5355 3595 5399; x_wconf 87' lang='lat' dir='ltr'><strong>et</strong></span> <span class='ocrx_word' id='word_1_931' title='bbox 3617 5354 3668 5399; x_wconf 90' lang='lat' dir='ltr'><strong>te</strong></span> <span class='ocrx_word' id='word_1_932' title='bbox 3692 5362 3793 5395; x_wconf 63' lang='lat' dir='ltr'><strong>oc-</strong></span> 
     </span>
    </p>
   </div>
   <div class='ocr_carea' id='block_1_116' title="bbox 2195 5435 3795 5505">
    <p class='ocr_par' dir='ltr' id='par_1_116' title="bbox 2195 5435 3795 5505">
     <span class='ocr_line' id='line_1_116' title="bbox 2195 5435 3795 5505; baseline -0.001 -13"><span class='ocrx_word' id='word_1_933' title='bbox 2195 5436 2386 5500; x_wconf 85' lang='lat' dir='ltr'><strong>eultas,</strong></span> <span class='ocrx_word' id='word_1_934' title='bbox 2430 5436 2482 5489; x_wconf 89' lang='lat' dir='ltr'><strong>in</strong></span> <span class='ocrx_word' id='word_1_935' title='bbox 2527 5451 2629 5505; x_wconf 88' lang='lat' dir='ltr'><strong>qua</strong></span> <span class='ocrx_word' id='word_1_936' title='bbox 2678 5451 2737 5490; x_wconf 88' lang='lat' dir='ltr'><strong>re</strong></span> <span class='ocrx_word' id='word_1_937' title='bbox 2783 5435 3042 5489; x_wconf 91' lang='lat' dir='ltr'><strong>Dominus</strong></span> <span class='ocrx_word' id='word_1_938' title='bbox 3088 5446 3206 5488; x_wconf 91' lang='lat' dir='ltr'><strong>tuus</strong></span> <span class='ocrx_word' id='word_1_939' title='bbox 3251 5435 3795 5504; x_wconf 71' lang='lat' dir='ltr'><strong>glorificaturHlum</strong></span> 
     </span>
    </p>
   </div>
   <div class='ocr_carea' id='block_1_117' title="bbox 2195 5526 3790 5600">
    <p class='ocr_par' dir='ltr' id='par_1_117' title="bbox 2195 5526 3790 5600">
     <span class='ocr_line' id='line_1_117' title="bbox 2195 5526 3790 5600; baseline -0.002 -16"><span class='ocrx_word' id='word_1_940' title='bbox 2195 5546 2322 5600; x_wconf 88' lang='lat' dir='ltr'><strong>ergo</strong></span> <span class='ocrx_word' id='word_1_941' title='bbox 2353 5529 2612 5584; x_wconf 80' lang='lat' dir='ltr'><strong>erexisset</strong></span> <span class='ocrx_word' id='word_1_942' title='bbox 2637 5528 2931 5582; x_wconf 88' lang='lat' dir='ltr'><strong>auditorem</strong></span> <span class='ocrx_word' id='word_1_943' title='bbox 2955 5526 3184 5581; x_wconf 84' lang='lat' dir='ltr'><strong>dicendo</strong></span> <span class='ocrx_word' id='word_1_944' title='bbox 3207 5542 3289 5590; x_wconf 88' lang='lat' dir='ltr'><strong>ea,</strong></span> <span class='ocrx_word' id='word_1_945' title='bbox 3312 5543 3435 5597; x_wconf 76' lang='lat' dir='ltr'><strong>qua:</strong></span> <span class='ocrx_word' id='word_1_946' title='bbox 3464 5528 3603 5582; x_wconf 84' lang='lat' dir='ltr'><strong>facta</strong></span> <span class='ocrx_word' id='word_1_947' title='bbox 3628 5540 3790 5593; x_wconf 77' lang='lat' dir='ltr'><strong>sunt,</strong></span> 
     </span>
    </p>
   </div>
   <div class='ocr_carea' id='block_1_118' title="bbox 2194 5620 3801 5690">
    <p class='ocr_par' dir='ltr' id='par_1_118' title="bbox 2194 5620 3801 5690">
     <span class='ocr_line' id='line_1_118' title="bbox 2194 5620 3801 5690; baseline -0.001 -13"><span class='ocrx_word' id='word_1_948' title='bbox 2194 5638 2313 5677; x_wconf 88' lang='lat' dir='ltr'><strong>esse</strong></span> <span class='ocrx_word' id='word_1_949' title='bbox 2333 5622 2694 5677; x_wconf 82' lang='lat' dir='ltr'><strong>ostensionem</strong></span> <span class='ocrx_word' id='word_1_950' title='bbox 2719 5621 2939 5689; x_wconf 68' lang='lat' dir='ltr'><strong>justitia:</strong></span> <span class='ocrx_word' id='word_1_951' title='bbox 2977 5620 3091 5683; x_wconf 88' lang='lat' dir='ltr'><strong>Dei,</strong></span> <span class='ocrx_word' id='word_1_952' title='bbox 3122 5634 3331 5673; x_wconf 86' lang='lat' dir='ltr'><strong>rursum</strong></span> <span class='ocrx_word' id='word_1_953' title='bbox 3366 5634 3585 5690; x_wconf 84' lang='lat' dir='ltr'><strong>segnem</strong></span> <span class='ocrx_word' id='word_1_954' title='bbox 3610 5630 3661 5673; x_wconf 88' lang='lat' dir='ltr'><strong>et</strong></span> <span class='ocrx_word' id='word_1_955' title='bbox 3694 5638 3801 5675; x_wconf 74' lang='lat' dir='ltr'><strong>re—</strong></span> 
     </span>
    </p>
   </div>
   <div class='ocr_carea' id='block_1_119' title="bbox 2190 5710 3792 5780">
    <p class='ocr_par' dir='ltr' id='par_1_119' title="bbox 2190 5710 3792 5780">
     <span class='ocr_line' id='line_1_119' title="bbox 2190 5710 3792 5780; baseline -0.003 -14"><span class='ocrx_word' id='word_1_956' title='bbox 2190 5722 2466 5767; x_wconf 84' lang='lat' dir='ltr'><strong>cusantem</strong></span> <span class='ocrx_word' id='word_1_957' title='bbox 2492 5712 2680 5766; x_wconf 84' lang='lat' dir='ltr'><strong>timore</strong></span> <span class='ocrx_word' id='word_1_958' title='bbox 2701 5712 2766 5766; x_wconf 89' lang='lat' dir='ltr'><strong>ad</strong></span> <span class='ocrx_word' id='word_1_959' title='bbox 2791 5710 3149 5766; x_wconf 83' lang='lat' dir='ltr'><strong>accedendum</strong></span> <span class='ocrx_word' id='word_1_960' title='bbox 3177 5711 3424 5780; x_wconf 89' lang='lat' dir='ltr'><strong>impellit,</strong></span> <span class='ocrx_word' id='word_1_961' title='bbox 3457 5710 3542 5765; x_wconf 88' lang='lat' dir='ltr'><strong>his</strong></span> <span class='ocrx_word' id='word_1_962' title='bbox 3563 5711 3792 5764; x_wconf 80' lang='lat' dir='ltr'><strong>verbis:</strong></span> 
     </span>
    </p>
   </div>
   <div class='ocr_carea' id='block_1_120' title="bbox 2190 5804 3800 5876">
    <p class='ocr_par' dir='ltr' id='par_1_120' title="bbox 2190 5804 3800 5876">
     <span class='ocr_line' id='line_1_120' title="bbox 2190 5804 3800 5876; baseline -0.001 -16"><span class='ocrx_word' id='word_1_963' title='bbox 2190 5804 2409 5876; x_wconf 84' lang='lat' dir='ltr'><strong>Propter</strong></span> <span class='ocrx_word' id='word_1_964' title='bbox 2436 5806 2776 5861; x_wconf 87' lang='lat' dir='ltr'><strong>remissionem</strong></span> <span class='ocrx_word' id='word_1_965' title='bbox 2801 5805 3190 5876; x_wconf 68' lang='lat' dir='ltr'><strong>praecedentium</strong></span> <span class='ocrx_word' id='word_1_966' title='bbox 3213 5814 3561 5874; x_wconf 83' lang='lat' dir='ltr'><strong>peccatorum.</strong></span> <span class='ocrx_word' id='word_1_967' title='bbox 3596 5804 3800 5859; x_wconf 59' lang='lat' dir='ltr'><strong>\‘ideu‘</strong></span> 
     </span>
    </p>
   </div>
  </div>
