4064 6296
236 375 348 434 443

232 491 409 558 δεῖξαι
435 490 601 544 αὑτὸν
635 492 839 564 σφόδρα
869 493 1231 566 ἡσθενηκότα.
1278 498 1340 551 Εἰ
1375 500 1482 570 γὰρ
1507 500 1694 569 αὐχεῖς
1723 495 1815 548 ἐπὶ

234 576 316 645 τῷ
341 577 514 647 νόμῳ,
543 577 728 647 φησὶν,
767 577 928 642 αὐτός
961 596 1021 632 σε
1060 580 1260 648 μᾶλλον
1293 582 1678 653 καταισχύνει·
1725 573 1817 632 οὖ-

235 659 328 722 τός
363 675 458 712 σου
506 659 604 722 τάς
645 660 916 730 ἁμαρτίας
960 662 1316 732 ὲκπομπεύει.
1353 666 1490 719 Ἀλλ’
1525 666 1626 718 οὐκ
1653 658 1810 716 εἶπεν

233 742 380 796 οὕτω
407 743 678 814 τραχέως,
707 743 824 795 ἀλλ’
853 744 1162 814 ὑφειμένως
1200 747 1382 801 πάλιν·
1431 750 1535 802 Διὰ
1571 748 1680 818 γὰρ
1711 747 1813 800 νό-

227 845 352 897 μου
383 826 712 894 ἐπίγνωσις
762 827 1073 896 ἁμαρτίας.
1130 831 1339 885 Ούκοῦν
1387 834 1481 886 καὶ
1525 832 1813 904 ήκόλασις

233 909 466 978 μείζων,
496 909 632 962 άλλά
656 910 807 978 παρὰ
832 911 942 964 τῶν
977 912 1266 980 Ἰουδαίων.
1304 915 1360 968 Ὀ
1393 917 1488 986 μὲν
1514 917 1623 986 γὰρ
1649 916 1810 984 νόμος

229 993 367 1061 ἦνυε
393 992 454 1045 :6
479 993 718 1064 φανεράν
741 1011 821 1046 σοι
846 994 1070 1064 ποιῆσαι
1095 995 1192 1066 τὴν
1223 998 1516 1068 ἁμαρτίαν,
1548 998 1639 1050 σὺν
1659 997 1714 1050 δὲ
1744 992 1812 1067 ἦν

227 1075 425 1128 λοιπὸν
446 1075 506 1128 :6
527 1079 738 1144 φυγεῖν·
769 1079 843 1148 μὴ
865 1076 1052 1145 φυγὼν
1071 1078 1267 1143 τοίνυν,
1300 1079 1498 1150 μᾶλλον
1519 1079 1813 1133 ἐπεσπάσω

229 1156 390 1230 [484]
415 1159 514 1229 τὴν
540 1159 779 1225 κόλασιν,
823 1161 918 1214 καὶ
943 1161 1002 1215 τὸ
1027 1160 1122 1215 τοῦ
1159 1163 1326 1232 νόμου
1354 1163 1686 1235 κατόρθωμα
1717 1163 1811 1233 γέ-

227 1243 364 1309 γονέ
406 1259 487 1294 σοι
519 1240 768 1312 μείζονος
792 1243 1002 1312 ἐφόδιον
1030 1245 1319 1315 τιμωρίας.

311 1325 378 1394 β’.
408 1327 535 1378 Ὅτε
554 1326 734 1380 τοίνυν
744 1327 836 1380 τὸν
854 1327 1017 1396 φόϐον
1031 1327 1254 1399 ηὔξησε,
1273 1330 1392 1382 τότε
1412 1317 1598 1384 λοιπὸν
1618 1330 1812 1398 ἐπάγει

227 1406 308 1462 τὰ
331 1407 434 1477 τῆς
458 1408 698 1478 χάριτος,
741 1409 800 1462 ὲν
831 1409 996 1482 πολλῇ
1032 1416 1379 1484 καταστήσας
1412 1414 1680 1485 ἐπιθυμία
1714 1413 1813 1483 τῆς

228 1491 347 1544 τῶν
372 1490 654 1562 ἁμαρτιῶν
677 1492 944 1559 ἀφέσεως,
968 1493 1061 1546 καί
1092 1510 1242 1564 φησι·
1274 1494 1406 1549 Νῦν
1424 1495 1492 1548 δὲ
1515 1496 1695 1566 χωρὶς
1721 1498 1816 1549 νό-

221 1591 352 1642 μου
381 1573 735 1642 δικαιοσύνη
759 1576 905 1629 Θεοῦ
931 1577 1360 1646 πεφανέρωται.
1393 1579 1551 1649 Μέγα
1577 1579 1814 1633 ἐνταῦθα

228 1655 564 1724 ἐφθέγξατο,
595 1657 688 1710 καὶ
717 1657 918 1728 πολλῆς
949 1659 1204 1730 δεόμενον
1225 1663 1324 1732 τῆς
1353 1666 1720 1734 κατασκευῆς.
1750 1664 1812 1716 Εἰ

227 1741 343 1809 γὰρ
375 1743 425 1793 οἰ
456 1742 512 1792 ὲν
535 1742 684 1812 νόμῳ
711 1743 912 1806 ζῶντες
939 1744 999 1796 οὐ
1033 1743 1192 1814 μόνον
1219 1745 1317 1799 οὐκ
1345 1745 1542 1815 ἔφυγον
1571 1747 1812 1814 κόλασιν,

227 1823 374 1877 ἀλλὰ
408 1824 501 1877 καὶ
531 1825 691 1878 πλέον
718 1824 1116 1896 ἐϐαρύνθησαν,
1158 1827 1276 1891 πῶς
1305 1828 1420 1882 ἐστι
1449 1832 1617 1902 χωρὶς
1647 1832 1812 1901 νόμου

230 1908 314 1979 μὴ
353 1908 514 1978 μόνον
543 1909 811 1979 τιμωρίαν
842 1912 1057 1978 φυγεῖν,
1098 1909 1234 1964 ἀλλὰ
1278 1911 1374 1965 καὶ
1416 1911 1810 1984 δικαιωθῆναις

227 1991 340 2043 Δύο
369 1991 479 2062 γὰρ
521 1991 667 2062 άκρα
699 1991 931 2045 ἐνταῦθα
961 1992 1194 2059 τέθεικε,
1239 1995 1333 2048 καὶ
1358 1995 1418 2048 :6
1449 1995 1810 2062 δικαιοῦσθαι,

227 2075 331 2126 καὶ
368 2075 432 2128 :6
462 2075 634 2146 χωρὶς
663 2075 830 2144 νόμου
861 2074 1067 2128 τούτων
1096 2077 1385 2146 τυγχάνειν
1421 2077 1532 2130 τῶν
1568 2079 1810 2147 ἀγαθῶν.

226 2159 336 2212 Διά
373 2159 532 2211 τοῦτο
573 2159 670 2228 οὐχ
725 2157 912 2220 ἁπλῶς
961 2154 1105 2220 εἶπε,
1133 2159 1482 2230 Δικαιοσύνη,
1524 2161 1681 2225 ἀλλὰ,
1726 2165 1815 2214 Δι-

226 2243 539 2308 amomi”;
572 2240 741 2302 Θεοῦ,
782 2241 891 2294 ἀπὸ
921 2242 1020 2312 τῆς
1051 2241 1209 2306 ἀξίας
1249 2244 1345 2296 τοῦ
1397 2245 1692 2314 προσώπου
1722 2246 1816 2298 καὶ

230 2323 463 2394 μείζονα
487 2323 664 2388 δείξας
699 2324 796 2394 τὴν
821 2325 1030 2395 δωρεὰν
1063 2326 1160 2380 καὶ
1190 2326 1419 2399 δυνατὴν
1445 2329 1545 2400 τὴν
1585 2328 1816 2398 ὑπόσχε-

229 2423 353 2460 σιν·
376 2408 553 2459 πάντα
581 2406 690 2476 γὰρ
715 2407 862 2478 αὐτῷ
883 2407 1105 2464 δυνατά.
1134 2411 1246 2464 Kal
1271 2412 1371 2464 οὐκ
1393 2409 1565 2478 εἶπεν,
1603 2413 1812 2483 Ἐδόθη,

226 2491 400 2552 ἀλλὰ,
431 2491 866 2560 Πεφανέρωται,
902 2491 962 2545 :6
993 2493 1094 2563 τῆς
1125 2495 1476 2566 καινοτομίας
1517 2497 1816 2568 ύποτεμνό-

229 2593 401 2647 μενος
430 2574 701 2645 ἔγκλημα·
741 2575 802 2627 τὸ
844 2574 953 2647 γάρ
984 2571 1554 2650 πεφανερωμένονξώς
1585 2580 1815 2635 παλαιὸν

222 2659 329 2713 xal
359 2658 740 2729 κρυπτόμενον
766 2658 1115 2732 φανεροῦται.
1165 2661 1276 2716 Καὶ
1319 2663 1380 2716 οὐ
1423 2663 1583 2719 τοῦτο
1632 2664 1812 2735 μόνον,

223 2743 371 2796 ἀλλὰ
411 2742 508 2795 καὶ
531 2741 600 2795 τὰ
626 2741 752 2813 ἑξῆς
797 2742 1067 2797 δείκνυσιν
1095 2745 1156 2798 οὐ
1190 2747 1503 2818 πρόσφατον
1531 2748 1590 2802 ὃν
1621 2748 1812 2803 τοῦτο·

221 2825 409 2879 εἰπὼν
461 2826 602 2896 γὰρ,
654 2825 1098 2895 Πεφανέρωται,
1159 2831 1428 2899 ἐπήγαγε,
1473 2835 1817 2901 Μαρτυρου⁴

217 2909 386 2981 μένη
421 2911 537 2962 ὑπὸ
567 2910 671 2963 τοῦ
698 2910 886 2980 νόμου
914 2911 1011 2963 καὶ
1036 2911 1156 2965 τῶν
1181 2915 1520 2982 προφητῶν.
1563 2917 1654 2988 Μὴ
1683 2917 1812 2987 γὰρ,

225 2995 427 3063 ἐπειδὴ
457 2992 554 3047 νῦν
589 2993 770 3064 ἐδόθη,
830 2993 1158 3066 θορυϐηθῇς,
1201 2998 1355 3066 φησὶ,
1405 2999 1539 3069 μηδὲ
1570 2998 1645 3062 ὡς
1681 3000 1816 3070 πρὸς

224 3078 425 3132 καινὸν
469 3078 564 3130 καὶ
613 3077 765 3142 ξένον
803 3080 1035 3148 πρᾶγμα
1067 3091 1094 3119 ε
1136 3080 1433 3152 ταραχθῇς·
1474 3082 1678 3136 ἀνωθεν
1707 3084 1816 3154 γὰρ

225 3161 369 3214 αὐτὸ
401 3161 498 3213 καὶ
523 3161 551 3213 6
575 3162 737 3230 νόμος
766 3162 859 3214 καὶ
885 3163 935 3215 οἰ
971 3161 1248 3232 προφῆται
1274 3165 1584 3234 προέλεγον.
1615 3168 1723 3219 Kal
1750 3169 1818 3222 τὰ

228 3244 335 3314 μὲν
359 3243 528 3308 ἔδειξε
562 3243 649 3297 διὰ
680 3243 776 3313 τῆς
809 3245 1150 3316 κατασκευῆς
1175 3245 1400 3318 ταύτης,
1425 3248 1495 3301 τὰ
1521 3247 1578 3301 δὲ
1611 3249 1814 3319 μέλλει,

225 3334 292 3383 ἐν
341 3329 444 3399 μὲν
489 3331 602 3392 τοῖς
653 3327 962 3398 ἔμπροσθεν
1000 3327 1338 3399 παραγαγὼν
1373 3331 1466 3384 τὸν
1505 3331 1819 3402 Ἀϐϐακοὺμ

224 3414 488 3482 λέγοντα·
526 3412 589 3465 '0
617 3411 847 3479 δίκαιος
870 3413 938 3467 ἐκ
964 3412 1226 3478 πίστεως
1257 3412 1515 3481 ζήσεται·
1544 3415 1602 3468 ὲν
1630 3415 1686 3469 δὲ
1705 3419 1819 3479 τοῖς

229 3497 381 3568 μετὰ
411 3495 583 3550 ταῦτα
609 3497 700 3548 :6v
734 3495 1004 3569 Ἀϐραὰμ,
1025 3496 1117 3548 τὸν
1141 3497 1324 3563 Δαυῒδ,
1356 3497 1453 3552 καὶ
1474 3499 1672 3563 αὐτοὺς
1690 3499 1818 3572 περὶ

228 3580 448 3633 τούτων
498 3579 915 3649 διαλεγομένους
970 3581 1122 3650 ἡμῖν.
1171 3579 1285 3634 Kal
1327 3581 1436 3654 γάρ
1492 3582 1660 3647 πολὺς
1710 3583 1819 3638 τῶν

226 3663 551 3736 προσώπων
577 3663 781 3716 τούτων
807 3664 833 3717 6
859 3662 1016 3731 λόγος
1041 3660 1108 3736 ἦν
1132 3665 1262 3736 παρ’
1285 3666 1486 3732 αὐτοῖς·
1527 3666 1556 3719 6
1591 3668 1688 3737 μὲν
1711 3667 1818 3740 γὰρ

224 3747 303 3821 ἦν
342 3747 691 3818 πατριάρχης
716 3745 808 3800 καὶ
828 3749 1135 3820 προφήτης,
1163 3749 1191 3801 6
1218 3749 1274 3802 δὲ
1304 3748 1556 3819 βασιλεὺς
1576 3751 1672 3804 καὶ
1694 3768 1821 3822 προ-

228 3836 439 3906 φήτης·
477 3833 569 3885 καὶ
599 3833 656 3886 al
705 3831 1026 3901 ἐπαγγελίαι
1072 3832 1129 3887 δὲ
1175 3833 1230 3886 αἱ
1276 3833 1405 3904 περὶ
1438 3833 1642 3888 τούτων
1682 3835 1820 3905 πρὸς

225 3917 588 3989 ἀμφοτέρους
637 3914 858 3978 τούτους
906 3911 1048 3987 ἦσαν
1098 3915 1483 3986 γεγενημέναι.
1534 3917 1626 3970 Διὸ
1671 3919 1764 3971 καὶ
1791 3921 1820 3971 6

225 4000 518 4063 Ματθαῖος
572 4000 874 4070 ἀρχόμενος
923 3999 1018 4053 τοῦ
1087 3999 1447 4068 Εὑαγγελίου,
1494 4001 1820 4072 ἀμφοτέρων

227 4084 446 4140 τούτων
480 4085 751 4154 μέμνηται
786 4082 1022 4153 πρῶτον.
1055 4083 1149 4137 καὶ
1177 4083 1299 4136 τότε
1332 4083 1452 4136 κατ’
1496 4083 1819 4138 ἀκολουθίαν

227 4169 481 4239 παράγει
512 4177 638 4229 τους
683 4167 1000 4236 προγόνους.
1031 4165 1211 4220 Εἰπὼν
1248 4166 1378 4238 γάρ,
1407 4169 1623 4233 Βίϐλος
1662 4167 1822 4238 γενέσ

225 4269 396 4315 σεως
419 4250 613 4316 Ἰησοῦ
647 4250 924 4319 Χριστοῦ,
977 4249 1078 4304 οὐκ
1129 4249 1412 4318 ἀνέμεινεν
1464 4249 1632 4314 εἰπὼν
1682 4253 1821 4321 μετά

225 4337 328 4392 τὸν
373 4335 646 4405 Ἀϐραὰμ,
677 4336 772 4387 καὶ
811 4335 905 4386 :6v
943 4333 1126 4386 Ἰσαὰκ
1155 4333 1252 4387 καὶ
1295 4332 1386 4387 τὸν
1429 4332 1646 4396 Ἰακὼϐ,
1683 4336 1819 4390 ἀλλά

233 4419 383 4492 μετά
428 4419 522 4472 τοῦ
560 4417 811 4490 Ἀϐραάμ
855 4417 948 4471 τοῦ
992 4416 1155 4471 Δαύῒδ
1197 4417 1594 4488 ἐμνημόνευσε·
1629 4421 1721 4473 καὶ
1758 4421 1820 4474 τὸ

227 4505 301 4575 δὴ
342 4502 677 4572 θαυμαστὸν,
721 4502 803 4554 ὅτι
837 4502 930 4554 καὶ
972 4501 1080 4572 πρό
1120 4498 1214 4553 τοῦ
1253 4499 1505 4572 Ἀϐραὰμ
1536 4500 1627 4554 τὸν
1656 4501 1820 4556 Δαυῒδ

228 4587 510 4652 τέθεικεν,
543 4586 685 4639 οὕτω
714 4586 909 4654 λέγων·
959 4583 1096 4638 Υιοῦ
1126 4582 1330 4648 Δαυῒδ,
1372 4584 1508 4639 υἱοῦ
1536 4584 1783 4654 Ἀϐραάμ
1802 4605 1815 4619 ·

230 4672 338 4727 καὶ
361 4667 499 4724 τότε
519 4669 722 4741 ἦρξατο
755 4667 1077 4735 καταλέγειν
1116 4665 1208 4719 :6v
1241 4666 1423 4719 Ἰσαὰκ
1465 4668 1559 4721 καὶ
1590 4667 1683 4722 :6v
1719 4669 1818 4722 ‘la-

230 4756 356 4813 κὼὸ
385 4755 481 4808 καὶ
509 4755 636 4815 τοὺς
661 4753 785 4822 ἑξῆς
807 4752 1073 4815 ἅπαντας.
1098 4749 1190 4804 Διὸ
1206 4752 1298 4804 καὶ
1326 4753 1355 4805 6
1394 4751 1714 4817 Ἀπόστολος
1735 4755 1820 4806 ὲν-

228 4838 418 4896 ταῦθα
469 4838 665 4899 αὐτοὺς
711 4834 1066 4904 περιστρέφει
1107 4833 1366 4904 συνεχῶς,
1410 4833 1504 4886 καί
1539 4851 1692 4906 φησι·
1728 4840 1819 4890 Δι-

227 4923 537 4988 καιοσύνη
567 4920 635 4974 δὲ
668 4919 818 4974 Θεοῦ
841 4919 1303 4989 μαρτυρουμένη
1334 4917 1454 4972 ὑπὸ
1483 4919 1591 4974 τοῦ
1628 4921 1818 4991 νόμου

227 5008 336 5066 καὶ
371 5007 492 5062 τῶν
512 5003 854 5076 προφητῶν.
890 5005 1006 5057 ἰνα
1050 5002 1108 5056 δὲ
1155 5004 1229 5074 μή
1258 5019 1341 5065 τις
1369 5003 1518 5075 είπῃ,
1554 5005 1664 5059 Kal
1699 5006 1817 5070 πῶς

225 5091 395 5148 αὐτοὶ
431 5090 597 5162 μηδὲν
624 5087 1004 5149 συντελοῦντες
1039 5087 1118 5151 εἰς
1143 5087 1204 5140 :6
1235 5087 1615 5158 προκείμενον,
1644 5089 1815 5156 σωζό-

231 5175 418 5249 μεθας
457 5171 697 5226 δείκνυσι
731 5171 825 5224 καὶ
860 5171 1006 5239 ἡμᾶς
1038 5169 1391 5240 εἰσφέροντας
1423 5171 1485 5223 ού
1519 5172 1712 5242 μικρὸν
1738 5172 1820 5236 είς

225 5259 419 5320 τοῦτο,
467 5256 569 5327 τὴν
627 5255 808 5308 πίστιν
850 5253 1013 5321 λέγω.
1057 5252 1242 5307 Εἰπὼν
1269 5251 1420 5322 γοῦν,
1455 5255 1816 5324 Δικαιοσύνη

231 5342 413 5408 Θεοῦ,
445 5344 717 5411 ἐπήγαγε,
754 5340 857 5392 Διὰ
889 5337 1001 5406 τῆς
1031 5339 1308 5405 πίστεως,
1338 5339 1423 5404 είς
1452 5336 1683 5404 πάντας
1718 5341 1817 5395 καὶ

225 5428 332 5482 ἐπὶ
371 5427 606 5491 πάντας
628 5425 770 5490 τοὺς
799 5424 1218 5486 πιστεύοντας.
1262 5420 1430 5476 Πάλιν
1459 5421 1692 5476 ἐνταῦθα
1727 5425 1816 5476 θο-

228 5511 484 5586 ρυϐεῖται
523 5512 552 5562 6
579 5508 852 5569 Ἰουδαῖος,
884 5506 1034 5560 οὐδὲν
1072 5505 1347 5576 ἐξαίρετον
1385 5507 1535 5580 παρά
1559 5507 1685 5570 τοὺς
1712 5507 1818 5560 λοι-

230 5595 378 5656 ποὺς
407 5593 567 5661 ἔχων,
605 5589 744 5662 μετά
770 5591 870 5658 τῆς
894 5589 1219 5659 οἰκουμένης
1248 5588 1651 5660 ἀριθμούμενος
1675 5591 1818 5644 ἀπά.

229 5697 358 5752 σης.
387 5679 483 5734 Ἱν⁹
516 5673 608 5732 οὖν
639 5675 713 5747 μὴ
753 5674 913 5730 τοῦτο
938 5675 1106 5750 πάθῃ,
1143 5673 1417 5729 συστέλλει
1461 5676 1621 5731 πάλιν
1656 5677 1818 5730 αὐτὸν

298 5905 328 5968 Ψ
357 5902 510 5968 Edili,
546 5903 610 5958 ὡς
631 5901 920 5968 πρόσκαιρον
943 5901 1026 5950 καὶ
1053 5899 1179 5955 ξένον
1225 5903 1429 5962 πρᾶγμα.
1445 5896 1564 5968 Duo_
1587 5911 1724 5968 ms?”
1755 5902 1818 5954 ὡς

228 5967 356 6028 πρὸς
377 5964 542 6012 καινὸν
566 5965 648 6011 καὶ
672 5961 801 6020 ξένον
823 5961 1036 6026 πρᾶγμα,
1063 5975 1210 6025 quam
1231 5961 1399 6014 veram
1417 5972 1528 6012 esse
1552 5961 1818 6012 lectionem

230 6039 388 6078 nemo
415 6024 630 6078 dubitet.

1402 381 1470 438 IN
1510 379 1732 438 EPIST.
1771 374 1862 432 AD
1893 377 2060 436 “OM.
2101 381 2332 438 l-IOMIL.
2372 381 2488 436 VII.

3386 380 3491 435 41:4

1926 494 2078 568 1485]
2109 499 2189 571 τῷ
2237 498 2407 569 φόϐῳ,
2454 495 2695 565 ἐπάγων·
2741 495 2826 548 οὐ
2866 494 2978 563 γάρ
3007 493 3135 547 ἐστι
3163 492 3452 564 διαστολή
3475 513 3490 526 ·

1920 579 2146 647 πάντες
2182 584 2293 651 γὰρ
2351 583 2639 651 ἥμαρτον.
2689 578 2782 648 Μὴ
2827 577 2934 647 γάρ
2995 594 3085 648 μοι
3112 579 3292 647 εἴπῃς,
3321 577 3403 631 ὅτι
3435 579 3494 631 Ὀ

1918 661 2067 716 δεῖνα
2097 666 2127 717 6
2147 665 2372 735 Ἕλλην,
2398 667 2427 718 6
2456 664 2605 718 δεῖνα
2640 665 2669 716 6
2703 662 2936 733 Σκύθης,
2975 663 3005 716 6
3031 663 3178 715 δεῖνα
3209 661 3408 733 ὀβρᾴξ
3435 659 3492 701 δ’

1920 743 1978 797 ὲν
2003 745 2110 816 γάρ
2143 750 2258 810 τοῖς
2288 747 2472 810 αὐτοῖς
2520 748 2778 809 ἅπαντες.
2808 747 2871 800 Εἰ
2904 745 3012 815 γάρ
3051 744 3144 798 xal
3172 745 3333 814 νόμον
3372 744 3496 797 έλα-

1920 825 2032 890 ϐες,
2078 829 2136 882 ἓν
2169 830 2335 899 μόνον
2367 829 2571 900 ἔμαθες
2602 829 2709 882 ἀπὸ
2739 828 2833 881 τοῦ
2862 829 3047 897 νόμου,
3077 827 3138 880 :6
3165 827 3361 881 εἰδέναι
3396 828 3495 897 τὴν

1922 909 2218 981 ἁμαρτίαν,
2247 913 2305 965 ού
2341 911 2401 965 :6
2435 910 2658 981 φεύγειν
2689 912 2880 980 αὑτήν.
2914 907 3072 974 Εἶτα,
3107 912 3192 963 ἵνα
3224 910 3298 981 μὴ
3331 911 3496 978 λέγω·

1922 1009 2027 1058 σιν,
2057 995 2138 1048 ὅτι
2169 997 2232 1049 Εἰ
2255 996 2349 1050 καὶ
2379 997 2720 1066 ἡμάρτομεν,
2758 995 2872 1048 ἀλλ’
2911 995 3010 1066 οὐχ
3040 994 3211 1058 οῦτως
3254 993 3329 1057 ὼς
3358 996 3494 1047 ἐκεῖ-

1920 1093 2020 1141 νοι,
2071 1079 2338 1150 ἐπήγαγε·
2390 1080 2498 1132 Καὶ
2553 1078 2947 1146 ὑστεροῦνται
2995 1075 3103 1144 τῆς
3153 1077 3339 1144 δόξης
3385 1075 3494 1132 τοῦ

1922 1160 2091 1214 Θεοῦ.
2119 1161 2269 1214 Ὥστ⁹
2301 1165 2350 1216 εἰ
2381 1161 2475 1215 καὶ
2503 1161 2578 1232 μὴ
2603 1161 2672 1214 τὰ
2697 1161 2836 1214 αὐτὰ
2861 1163 2974 1222 τοῖς
3010 1160 3190 1222 ἄλλοις
3221 1160 3492 1232 ἥμαρτες,

1919 1243 2056 1296 ἀλλὰ
2094 1244 2195 1314 τῆς
2225 1245 2383 1316 δόξης
2418 1245 2619 1316 ὁμοίως
2651 1245 2952 1315 άποστερῇ·
2982 1242 3090 1296 τῶν
3116 1242 3224 1313 γάρ
3261 1260 3494 1312 προσκε-

1921 1328 2231 1395 κρουκότων
2260 1325 2327 1381 εἷ·
2375 1330 2403 1381 6
2450 1329 2505 1382 δὲ
2544 1326 3004 1399 προσκεκρουκὼς
3028 1327 3088 1378 οὐ
3123 1326 3232 1379 τῶν
3278 1325 3497 1392 δοξαζο-

1923 1411 2121 1479 μένων,
2148 1410 2286 1465 ἀλλά
2329 1412 2437 1465 τῶν
2485 1411 2985 1482 κατῃσχυμμένων.
3022 1408 3184 1462 Ἀλλὰ
3224 1409 3299 1480 μὴ
3333 1409 3498 1479 φοϐη-

1922 1494 2038 1564 θῇς
2063 1494 2152 1548 διὰ
2183 1496 2290 1565 γὰρ
2326 1495 2484 1548 τοῦτο
2512 1494 2682 1548 ταῦτα
2723 1489 2897 1556 εἷπον,
2930 1494 3029 1564 οὐχ
3062 1494 3147 1546 ἵνα
3174 1510 3232 1545 σε
3261 1493 3345 1556 εἰς
3369 1492 3498 1545 ἀπό-

1920 1594 2120 1646 γνωσιν
2167 1578 2409 1648 ἐμϐάλω,
2457 1577 2573 1630 ἀλλ’
2619 1578 2706 1630 ’ίνα
2758 1575 2917 1640 δείξω
2969 1576 3060 1628 τοῦ
3096 1574 3368 1628 Δεσπότου
3397 1573 3497 1645 τὴν

1922 1660 2350 1732 φιλανθρωπίαν.
2389 1661 2479 1714 Διὸ
2511 1663 2602 1715 καὶ
2633 1662 2881 1730 ἐπήγαγε
2903 1675 2914 1688 ·
2947 1660 3356 1728 Δικαιούμενοι
3383 1657 3493 1711 δω-

1913 1742 2063 1811 ρεὰν
2108 1743 2183 1811 τῇ
2228 1745 2415 1798 αὑτοῦ
2468 1745 2678 1813 χάριτι,
2737 1743 2834 1798 διὰ
2870 1743 2981 1810 τῆς
3023 1741 3499 1811 ἀπολυτρώσεως

1921 1823 2030 1892 τῆς
2059 1826 2127 1877 ἐν
2159 1826 2388 1895 Χριστῷ
2426 1827 2652 1893 Ἰησοῦ,
2689 1827 2760 1880 ὃν
2794 1827 3077 1894 προέθετο
3111 1829 3143 1880 ό
3184 1827 3328 1891 Θεὸς
3367 1828 3498 1878 1.1a-

1922 1906 2176 1976 στήριον
2206 1909 2303 1963 διὰ
2330 1908 2442 1977 τῆς
2463 1911 2721 1976 πίστεως
2747 1910 2816 1963 ἐν
2845 1908 2923 1975 τῷ
2953 1909 3139 1963 αὑτοῦ
3167 1909 3389 1977 αἵματι,
3411 1909 3500 1973 εἰς

1921 1993 2184 2057 ἔνδειξιν
2214 1994 2321 2063 τῆς
2347 1994 2736 2063 δικαιοσύνης
2773 1995 2978 2049 αὐτοῦ.
3011 1994 3153 2064 Ὅρα
3195 1993 3284 2047 διὰ
3315 1994 3500 2046 πόσων

1922 2081 2323 2144 κατασκευάζει
2365 2080 2426 2134 :6
2469 2081 2775 2151 εἰρημένον.
2825 2081 3050 2152 Πρῶτον
3081 2080 3188 2132 ἀπὸ
3215 2079 3316 2150 τῆς
3343 2079 3500 2144 ἀξίας

1920 2161 2016 2215 τοῦ
2044 2162 2361 2233 προσώπου·
2395 2163 2455 2216 οὐ
2482 2165 2592 2232 γὰρ
2614 2163 2898 2234 ἄνθρωπός
2915 2164 3106 2216 ἐστινὸ
3132 2163 3497 2233 ἐργαζόμενος

1922 2244 2118 2308 ταῦτα,
2149 2245 2238 2299 ἵνα
2267 2247 2524 2317 ἀτονήσῃ,
2551 2246 2666 2300 ἀλλ’
2694 2249 2722 2299 6
2753 2246 2885 2309 Θεὸς
2913 2247 2941 2299 6
2965 2247 3142 2299 πάντα
3168 2245 3496 2315 δυνάμενος-⁸

1925 2329 2074 2383 Θεοῦ
2105 2329 2214 2401 γάρ
2246 2329 2418 2383 ἐστιν
2447 2331 2484 2398 ὴ
2513 2329 2892 2398 δικαιοσύνη,
2924 2331 3075 2400 φησί.
3104 2329 3366 2400 Δεύτερον
3393 2327 3502 2381 ἀπὸ

1921 2411 2017 2465 τοῦ
2041 2412 2206 2483 νόμου
2239 2413 2334 2466 καὶ
2365 2411 2474 2466 τῶν
2508 2413 2823 2485 προφητῶν·
2859 2413 2933 2484 μὴ
2981 2413 3112 2482 γάρ,
3147 2411 3335 2481 ἐπειδὴ
3381 2412 3501 2463 Χω-

1915 2496 2017 2565 ρίς
2038 2497 2224 2566 νόμου
2254 2497 2512 2567 ἡκουσας,
2559 2496 2822 2567 φοϐηθῇς·
2858 2498 2952 2550 καὶ
2991 2496 3101 2567 γὰρ
3128 2494 3276 2566 αύτῷ
3303 2494 3381 2565 τῷ
3421 2494 3503 2546 νό-

1926 2597 2012 2650 μῳ
2037 2579 2194 2634 τοῦτο
2224 2580 2392 2634 δοκεῖ.
2443 2579 2637 2651 Τρίτον
2679 2579 2790 2633 ἀπὸ
2836 2578 2944 2632 τῶν
2979 2579 3178 2632 θυσιῶν
3206 2579 3312 2632 τῶν
3339 2581 3397 2631 ὲν
3432 2580 3498 2648 τῇ

1922 2663 2155 2733 Παλαιᾷ·
2179 2663 2267 2717 διὰ
2298 2664 2406 2734 γὰρ
2429 2663 2590 2718 τοῦτο
2614 2659 2790 2728 εἶπεν,
2824 2665 2921 2716 Ἐν
2945 2663 3026 2729 τῷ
3059 2661 3243 2718 αὐτοῦ
3275 2663 3497 2732 αἵματι,

1923 2747 2358 2817 ἀναμιμνήσκων
2379 2747 2574 2810 αὐτοὺς
2597 2747 2704 2800 τῶν
2728 2745 3015 2818 προϐάτων
3035 2747 3260 2799 ἐκείνων
3280 2743 3501 2797 καὶτῶν

1927 2830 2166 2900 μόσχων.
2223 2831 2284 2882 Εἰ
2335 2829 2443 2900 γὰρ
2484 2829 2693 2896 ἀλόγων
2725 2829 2954 2898 σφαγαὶ,
3003 2830 3189 2899 φησὶν,
3224 2829 3502 2898 ἁμαρτίας

1924 2914 2099 2979 ἔλυον,
2129 2913 2307 2984 πολλῴ
2342 2913 2542 2984 μᾶλλον
2569 2913 2630 2966 :6
2669 2909 2810 2983 αἷμα
2837 2913 3016 2966 τοῦτο.
3049 2914 3159 2966 Καὶ
3187 2913 3285 2982 οὐχ
3316 2911 3504 2973 ἁπλῶς

1925 2994 2066 3060 εἰπε,
2089 2998 2447 3069 Λυτρώσεως,
2476 2997 2612 3063 ἀλλ’,
2658 2995 3166 3064 Ἀπολυτρώσεως,
3193 2996 3269 3058 ώς
3305 2998 3504 3066 μηκέτι

1925 3083 2072 3154 ἡμᾶς
2105 3081 2420 3135 ἐπανελθεῖν
2448 3082 2608 3136 πάλιν
2645 3082 2738 3134 ἐπὶ
2761 3080 2860 3151 τὴν
2903 3081 3072 3150 αὐτὴν
3097 3079 3360 3132 δουλείαν.
3395 3078 3506 3131 Kal

1926 3165 2282 3235 ίλαστήριον
2309 3166 2377 3219 δι’
2423 3167 2556 3219 αὐτὸ
2584 3165 2741 3219 τοῦτο
2783 3164 2959 3226 καλεῖ,
2990 3165 3226 3226 δεικνὺς,
3269 3163 3352 3216 ὃτι
3385 3162 3434 3214 εί
3475 3162 3504 3214 ό

1926 3248 2092 3309 τύπος
2117 3249 2384 3319 τοσαύτην
2407 3245 2550 3318 εἶχεν
2584 3249 2758 3319 ἰσχὺν,
2789 3247 2969 3319 πολλῷ
2997 3245 3198 3318 μᾶλλον
3218 3247 3252 3316 ἡ
3277 3244 3506 3314 ἀλήθεια

1924 3331 1986 3386 :6
2019 3332 2151 3385 αὐτὸ
2173 3343 2196 3372 ο
2228 3330 2577 3396 ἐπιδείξεται.
2628 3329 2814 3402 Δηλῶν
2851 3329 2907 3384 δὲ
2958 3329 3117 3384 πάλιν
3147 3328 3208 3382 ού
3241 3325 3505 3397 νεώτερον

1924 3415 2083 3470 τοῦτο
2119 3416 2199 3481 ὃν,
2239 3416 2361 3470 οὐδὲ
2409 3415 2617 3480 καινὸν,
2652 3415 2808 3484 φησὶ,
2834 3414 3142 3483 Προέθετο.
3177 3413 3286 3465 Kal
3311 3410 3506 3476 εἰπὼν,

1925 3499 2216 3568 Προέθετο
2237 3502 2268 3554 ὀ
2294 3499 2459 3565 Θεὸς,
2483 3498 2577 3552 καὶ
2597 3497 2775 3564 δείξας
2800 3496 2893 3549 τοῦ
2922 3495 3133 3567 Πατρδς
3157 3495 3218 3548 :6
3237 3493 3508 3565 κατόρθωο

1929 3600 2026 3654 μα,
2056 3583 2116 3637 :6
2143 3583 2274 3637 αὐτὸ
2301 3583 2541 3635 δείκνυσι
2563 3581 2656 3634 καὶ
2682 3581 2776 3634 τοῦ
2810 3578 2938 3633 Υίοῦ
2965 3580 3043 3633 δν·
3082 3581 3110 3633 6
3145 3580 3242 3651 μὲν
3272 3579 3381 3650 γὰρ
3402 3580 3508 3632 Πα-

1924 3669 2030 3740 τὴρ
2063 3668 2344 3740 προέθετο,
2391 3669 2419 3720 6
2459 3667 2515 3720 δὲ
2561 3667 2795 3737 Χριστὸς
2839 3668 2896 3718 ὲν
2920 3663 2998 3734 τῷ
3020 3664 3183 3718 αὐτοῦ
3221 3666 3410 3734 αἵματι
3445 3663 3508 3717 :6

1927 3753 2035 3804 πᾶν
2084 3750 2466 3820 κατώρθωσεν.
2516 3751 2621 3813 Είς
2667 3747 2929 3810 ἔνδειξιν
2959 3745 3070 3813 τῆς
3113 3746 3507 3812 δικαιοσύνης

1925 3834 2128 3890 αὐτοῦ.
2158 3834 2222 3885 Τί
2255 3835 2423 3896 ἐστιν,
2451 3828 2716 3894 Ἔνδειξις
2756 3830 2854 3900 τῆς
2877 3827 3259 3899 δικαιοσύνης;
3289 3828 3503 3898 Ὥσπερ

1927 3916 2152 3983 ἔνδειξις
2192 3914 2444 3978 πλούτου,
2475 3913 2536 3966 :6
2564 3911 2638 3984 μὴ
2671 3912 2831 3983 μόνον
2862 3910 3023 3964 αὑτὸν
3051 3907 3189 3964 εἶναι
3223 3910 3501 3970 πλούσιον,

1926 4003 2062 4058 ἀλλά
2084 4002 2176 4055 καὶ
2206 4001 2426 4071 ἐτέρους
2462 3997 2750 4060 πλουσίους
2781 3998 2973 4049 ποιεῖν·
3007 3996 3102 4048 καὶ
3131 3994 3298 4064 ζωῆς,
3332 3995 3405 4048 τὸ.
3427 3994 3502 4064 μὴ

1931 4087 2092 4156 μόνον
2150 4083 2313 4138 αὑτὸν
2365 4079 2501 4136 slva:
2558 4081 2754 4146 ζῶντα,
2806 4079 2942 4133 ἀλλά
2976 4079 3070 4132 καὶ
3107 4079 3334 4150 νεκροὺς
3377 4078 3506 4140 ζωο-

1930 4172 2123 4223 ποιεῖν·
2150 4167 2244 4222 καὶ
2273 4167 2579 4236 δυνάμεως,
2611 4165 2674 4218 :6
2706 4163 2781 4236 μὴ
2815 4162 2974 4234 μόνον
3003 4163 3166 4218 αὐτὸν
3192 4158 3331 4216 εἶναι
3355 4162 3507 4215 δυναο

1925 4253 2038 4315 τὸν,
2085 4251 2221 4306 ἀλλά
2261 4250 2358 4303 καὶ
2396 4249 2524 4312 τοὺς
2569 4247 2816 4311 ἀσθενεῖς
2863 4245 3165 4316 δυναμοῦν·
3226 4243 3368 4299 οὕτω
3413 4246 3505 4296 καὶ

1927 4335 2274 4404 δικαιοσύνης
2313 4334 2560 4400 ἔνδειξις.
2612 4332 2675 4385 :6
2726 4333 2801 4404 μὴ
2853 4332 3013 4402 μόνον
3061 4330 3224 4386 αὑτὸν
3253 4327 3390 4384 slva:
3427 4329 3505 4380 δί-

1928 4437 2103 4485 καιον,
2133 4419 2270 4474 ἀλλά
2293 4419 2387 4472 καὶ
2415 4419 2476 4470 :6
2506 4415 2726 4488 ἐτέρους
2759 4416 2818 4470 ὲν
2846 4415 3143 4487 ἁμαρτίαις
3169 4413 3507 4467 κατασαπέν-

1926 4523 2027 4570 τας
2051 4504 2309 4573 ἐξαίφνης
2333 4501 2578 4565 δικαίους
2599 4502 2794 4554 ποιεῖν,
2820 4499 2990 4554 Τοῦτο
3012 4495 3106 4554 οὖν
3127 4498 3221 4553 καὶ
3245 4497 3406 4560 αὐτὸς
3425 4498 3508 4566 έρο

1931 4589 2180 4662 μηνεύων
2205 4589 2471 4657 ἐπήγαγε.
2490 4586 2572 4648 τίς
2595 4587 2742 4638 ἐστιν
2765 4582 3006 4647 ἔνδειξις·
3030 4585 3133 4648 Εἰς
3152 4581 3217 4634 τὸ
3233 4575 3383 4634 εἶναι
3403 4581 3508 4662 αῦ-

1927 4660 2036 4728 τὸν
2052 4673 2308 4734 δίκαιον,
2328 4669 2424 4722 καὶ
2442 4667 2791 4722 δικαιοῦντα
2808 4665 2914 4720 τὸν
2929 4667 2997 4719 ἐκ
3013 4665 3273 4728 πίστεως
3289 4660 3501 4729 Ἰησοῦ.

1999 4762 2066 4823 γ’.
2103 4754 2195 4826 Μὴ
2231 4752 2406 4808 τοίνυν
2445 4751 2752 4820 ἀμφίϐαλλε
2774 4766 2786 4780 ·
2820 4749 2881 4800 ού
2909 4749 3018 4818 γὰρ
3055 4747 3114 4812 ἐξ
3146 4746 3322 4817 ἐργων
3343 4783 3356 4805 ,
3389 4745 3502 4797 ἀλλ’

1928 4839 2034 4893 ἀπὸ
2067 4838 2303 4900 πίστεως
2321 4851 2334 4866 ·
2366 4835 2502 4905 μηδὲ
2526 4833 2694 4902 φεῦγε
2715 4832 2818 4901 τὴν
2846 4829 2942 4883 τοῦ
2965 4828 3101 4881 Θεοῦ
3121 4827 3467 4897 δικαιοσύνην
3487 4841 3500 4853 ⁶

1926 4922 2149 4977 διπλοῦν
2178 4919 2289 4991 γὰρ
2329 4919 2503 4987 αὐτῆς
2533 4917 2594 4969 :6
2630 4915 2856 4984 ἀγαθὸν,
2889 4915 2970 4966 ὅτι
3001 4913 3095 4965 καὶ
3121 4911 3320 4978 κοῦφόν
3364 4913 3502 4973 ἐστι,

1929 5007 2026 5060 καὶ
2067 5007 2204 5061 πᾶσι
2241 5001 2632 5071 προκείμενον·
2671 4997 2806 5067 μηδὲ
2833 4995 3088 5067 αἰσχύνου
3115 4997 3210 5049 καὶ
3241 4994 3501 5066 έρυθρία·

1928 5091 1978 5143 εἰ
2009 5088 2122 5160 γὰρ
2166 5086 2330 5148 αὐτὸς
2389 5083 2720 5137 ἐνδείκνυται
2763 5079 2923 5133 τοῦτο
2956 5078 3146 5142 ποιῶν,
3188 5080 3283 5133 καὶ
3323 5078 3397 5142 ὼς
3441 5079 3506 5132 ἂν

1931 5174 2077 5226 εἴποι
2118 5187 2204 5233 τις
2229 5207 2244 5232 ,
2277 5165 2431 5240 [486]
2473 5163 2830 5236 ἐναϐρύνεται
2879 5163 2975 5216 καὶ
3021 5161 3503 5240 ἐγκαλλωπίζεται,

1940 5254 2057 5317 πῶς
2088 5255 2152 5307 σὺ
2193 5239 2438 5321 καταδύῃ
2468 5249 2563 5303 καὶ
2590 5247 2930 5320 ἐγκαλύπτῃ,
2962 5249 3048 5317 ἐφ’
3074 5239 3117 5314 ᾧ
3161 5249 3188 5300 ό
3231 5247 3506 5317 Δεσπότης

1931 5356 2025 5395 σου
2057 5337 2373 5402 δοξάζεταις
2415 5333 2656 5405 Ἐπάρας
2681 5333 2860 5385 τοίνυν
2883 5332 2975 5384 :6v
3005 5330 3276 5402 ἀκροατὴν
3304 5330 3390 5383 διὰ
3413 5331 3505 5383 τοῦ

1933 5424 2132 5482 εἰπεῖν,
2163 5421 2243 5472 ὅτι
2267 5416 2496 5482 ἔνδειξις
2523 5416 2621 5486 τῆς
2651 5414 2744 5468 τοῦ
2770 5415 2904 5468 Θεοῦ
2926 5414 3272 5481 δικαιοσύνης
3301 5415 3416 5466 ἐστὶ⁵
3439 5413 3507 5466 τά

1931 5503 2215 5574 γινόμενα,
2268 5500 2430 5554 πάλιν
2476 5497 2555 5568 τῷ
2604 5498 2755 5567 φόϐῳ
2801 5497 2930 5550 ώθεί
2981 5498 3069 5551 τὸν
3114 5495 3374 5551 ὀκνοῦντα
3412 5495 3508 5547 καὶ

1929 5585 2296 5654 ἀναδυόμενον
2325 5581 2666 5652 προσελθεῖν,
2695 5581 2836 5633 οὕτω
2857 5580 3033 5646 λέγων
3051 5597 3063 5608 ·
3091 5581 3190 5633 Διὰ
3217 5578 3333 5644 τὴν
3361 5576 3508 5642 πάρ-

1929 5685 2066 5725 εσιν
2094 5668 2214 5721 τῶν
2243 5665 2698 5736 προγεγονότων
2730 5663 3182 5733 ἁμαρτημάτων.
3200 5662 3363 5733 Ὁρᾷς
3395 5661 3507 5723 πῶς

1933 5751 2171 5822 συνεχῶς
2194 5750 2601 5822 ἀναμιμνήσκει
2621 5749 2732 5801 τῶν
2760 5747 3250 5819 πλημμελημάτων
3276 5744 3467 5807 αὐτούς
3488 5785 3504 5807 ,

1986 5895 2017 5936 ιι
2049 5897 2154 5945 Duo
2173 5908 2312 5952 mss.,
2337 5896 2364 5942 δ
2384 5862 2512 5943 δεῖνα
2528 5895 2727 5953 "mm.
2751 5896 2777 5942 ι
2798 5893 2924 5942 δεῖνα
2946 5892 3140 5948 Σκύθης,
3162 5895 3187 5940 6
3207 5889 3333 5953 δεῖνα
3361 5887 3506 5953 epam.

1927 5959 2137 6007 fortasse
2164 5947 2345 6020 melids
2368 5969 2516 6018 quam
2533 5971 2642 6008 cum
2669 5947 2882 6020 idpelito
2905 5947 3135 6006 articulo;
3199 5957 3221 5984 ε
3249 5947 3420 6013 Iidem;
3445 5947 3501 5999 τὸ

1930 6021 2093 6085 αὐτῆς,
2134 6019 2401 6078 noumale.
