4064 6296
612 476 869 549 ἀνωτέρω
920 478 1017 549 μὲν
1062 477 1267 548 λέγων,
1317 476 1420 531 Διὰ
1467 476 1577 547 γὰρ
1620 476 1806 544 νόμον
1859 473 2179 541 ἐπίγνωσις

612 567 933 635 ἁμαρτίας,
985 566 1125 636 μετά
1168 563 1339 620 ταῦτα
1377 565 1434 618 δὲ
1457 603 1471 627 ,
1512 566 1593 617 ὅτι
1632 563 1857 627 Πάντες
1893 560 2179 629 ἥμαρτον.

614 654 956 728 ἐνταῦθα.δέ
1003 655 1380 725 σφοδρότερον.
1441 652 1577 706 Οὑδέ
1617 652 1726 723 γὰρ
1769 647 1923 710 εἷπε,
1968 646 2065 699 Διά
2111 644 2181 697 τὰ

614 742 1023 814 ἁμαρτήματα,
1071 741 1238 803 ἀλλά,
1292 740 1396 794 Διὰ
1445 738 1561 806 τὴν
1606 738 1885 806 πάρεσιν,
1935 735 2182 789 τουτέστι

612 830 709 900 τὴν
757 828 1043 900 νέκρωσιν.
1094 829 1295 881 Οὐκέτι
1339 828 1449 897 γὰρ
1500 826 1686 894 ὑγείας
1732 825 1885 888 ἐλπὶς
1927 819 2016 894 ἦν,
2067 820 2181 875 ἀλλ’

614 915 800 987 ὥσπερ
827 918 984 987 σῶμα
1032 916 1343 988 παραλυθὲν
1386 917 1485 987 τῆς
1530 915 1735 970 ἀνωθεν
1767 914 1938 967 ἐδεῖτο
1969 910 2181 982 χειρόςε

613 1004 753 1057 οὕτω
786 1005 879 1057 καὶ
908 1007 940 1075 ἡ
975 1005 1119 1075 ψυχὴ
1164 1003 1522 1076 νεκρωθεῖσα.
1559 1002 1668 1055 Καί¹
1700 1001 1759 1055 τὸ
1785 1001 1849 1070 δὴ
1882 996 2187 1071 χαλεπώτε·

616 1109 727 1163 ρον,
764 1094 900 1164 ὅπερ
940 1094 997 1145 ἐν
1027 1092 1180 1159 τάξει
1229 1093 1344 1154 θεὶς
1387 1091 1585 1155 αἰτίας,
1637 1089 1875 1144 δείκνυσι
1912 1086 2095 1157 μεῖζον
2124 1084 2185 1139 δν

614 1180 1003 1251 κατηγόρημα.
1032 1180 1098 1233 Τί
1131 1180 1187 1233 δὲ
1231 1179 1385 1233 τοῦτό
1418 1182 1567 1243 ἐστι;
1598 1178 1670 1231 Τὸ
1705 1180 1761 1231 ἐν
1788 1180 1854 1249 τῇ
1883 1177 2050 1247 ἀνοχῇ
2089 1172 2183 1227 τοῦ

613 1267 747 1320 Θεοῦ
786 1267 883 1339 τὴν
926 1268 1159 1338 πάρεσιν
1192 1268 1542 1338 γεγενῆσθαι.
1585 1266 1719 1335 Οὑδέ
1757 1264 1866 1335 γάρ
1912 1265 1976 1319 ἂν
2009 1263 2184 1334 ἐχοιτε

613 1355 812 1420 εἰπεῖν,
862 1356 1048 1425 φησὶν,
1094 1355 1176 1408 ὅτι
1220 1357 1318 1407 οὐκ
1361 1353 1705 1408 ἀπελαύσατε
1742 1352 1944 1422 πολλῆς
1989 1350 2186 1419 ἀνοχῆς

614 1443 709 1497 καὶ
751 1443 1141 1514 χρηστότητος.
1179 1443 1253 1495 Τὸ
1282 1443 1372 1506 δὲ,
1413 1444 1514 1495 Ἔν
1546 1440 1624 1506 τῷ
1666 1440 1782 1495 νῦν
1826 1438 2040 1507 καιρῷ,
2086 1436 2184 1507 τὴν

615 1529 815 1602 πολλὴν
862 1529 1166 1595 δεικνύντος
1208 1532 1355 1584 ἐστὶν
1387 1530 1585 1601 ἀνοχὴν
1630 1530 1724 1583 καὶ
1758 1525 2182 1598 φιλανθρωπίαν.

617 1618 747 1671 Ὅτε
794 1617 901 1690 γὰρ
952 1618 1409 1689 ἀπεγνώσθημεν,
1446 1616 1601 1688 φησὶ,
1633 1616 1727 1669 καὶ
1756 1614 1947 1685 καιρὸς
1974 1611 2186 1680 ἀποφά-

618 1723 753 1770 σεως
776 1702 864 1779 ἦν,
894 1707 987 1760 καὶ
1014 1707 1224 1779 ηὐξήθη
1253 1707 1321 1761 τὰ
1355 1707 1519 1767 κακά,
1566 1705 1661 1759 καὶ
1700 1701 2097 1772 ἐπληρώθησαν
2128 1700 2182 1752 αί

616 1792 900 1862 ἁμαρτίαι,
946 1794 1065 1846 τότε
1094 1792 1192 1863 τὴν
1223 1791 1419 1846 ἐαυτοῦ
1462 1790 1691 1860 δύναμιν
1723 1788 2055 1853 ἐπεδείξατο,
2098 1787 2184 1838 ἵνα

618 1879 794 1949 μάθῃς
823 1879 963 1950 πόση
992 1882 1124 1950 παρ’
1144 1878 1293 1949 αὐτῷ
1317 1878 1417 1949 τῆς
1444 1874 1790 1946 δικαιοσύνης
1813 1878 1846 1947 ὴ
1878 1875 2181 1942 περιουσία.

615 1966 750 2018 Οὑδέ
780 1965 890 2037 γάρ
932 1968 989 2019 ἐν
1019 1967 1159 2039 ἀρχῇ
1204 1965 1493 2036 γενόμενον
1524 1962 1682 2017 τοῦτο
1706 1961 1847 2015 οὔτω
1874 1960 2186 2032 θαυμαστὸν

615 2052 680 2106 ἂν
700 2054 874 2124 ἐφάνη
901 2054 993 2107 καὶ
1019 2052 1338 2124 παράδοξον,
1375 2053 1449 2116 ώς
1473 2051 1589 2116 νῦν,
1625 2052 1713 2103 ὅτε
1739 2050 1919 2119 πάσης
1947 2048 2187 2121 ἰατρείας

616 2140 918 2212 ἐξηλέγχθη
964 2142 1162 2212 τρόπος
1180 2154 1229 2194 ιι.
1273 2141 1399 2195 Ποῦ
1444 2135 1557 2194 οὖν
1601 2138 1640 2205 ἠ
1678 2138 1977 2207 καύχησις
1992 2152 2013 2201 ;
2054 2137 2185 2199 Ἐξ-

614 2228 899 2295 εκλείσθη
926 2267 941 2291 ,
994 2229 1147 2299 φησί.
1176 2227 1278 2280 Διὰ
1309 2227 1485 2280 ποίου
1530 2226 1755 2294 νόμου;
1799 2222 1919 2277 τῶν
1960 2223 2185 2292 ἕργων;

620 2317 788 2384 οὐχὶ,
824 2317 986 2372 ἀλλὰ
1021 2317 1119 2371 διὰ
1142 2318 1331 2386 νόμου
1356 2316 1635 2380 πίστεως.
1667 2312 1842 2377 Πολὺς
1872 2314 1900 2366 6
1932 2311 2082 2381 ἀγὼν
2110 2312 2187 2382 τῷ

617 2405 815 2476 Παύλῳ
840 2405 1034 2472 δεῖξαι,
1077 2406 1161 2459 ὃτι
1202 2402 1457 2456 τοσοῦτον
1498 2403 1531 2472 ὴ
1575 2400 1754 2464 πίστις
1786 2402 2024 2470 ἴσχυσεν,
2066 2400 2187 2452 ὅσον

617 2493 737 2545 οὐδὲ
787 2491 1098 2562 ἐφαντάσθη
1131 2490 1263 2544 ποτὲ
1310 2492 1339 2542 6
1384 2488 1568 2559 νόμος.
1622 2487 1839 2557 Ἐπειδὴ
1873 2487 1980 2558 γάρ
2010 2483 2185 2551 εἶπεν,

616 2581 697 2632 ὅτι
725 2580 926 2632 δικαιοῖ
953 2581 979 2632 6
1006 2578 1138 2641 Θεὸς
1178 2577 1270 2630 τὸν
1314 2576 1601 2647 ἄνθρωπον
1633 2577 1739 2628 ἀπὸ
1776 2576 1875 2645 τῆς
1916 2574 2151 2635 πίστεως
2172 2611 2187 2636 ,

618 2665 1052 2735 ἐπιλαμϐάνεται
1078 2665 1170 2719 τοῦ
1202 2664 1369 2734 νόμου
1419 2662 1600 2716 πάλιν.
1635 2663 1745 2714 Καὶ
1773 2663 1833 2715 οὐ
1868 2661 2047 2729 λέγει,
2081 2661 2189 2714 Ποῦ

619 2750 711 2807 οὖν
744 2755 811 2807 τὰ
840 2754 1241 2824 κατορθώματα
1268 2751 1375 2805 τῶν
1412 2749 1715 2815 Ἰουδαίων;
1763 2747 1865 2803 ποῦ
1906 2752 1939 2820 ἡ
1984 2749 2189 2802 δικαιοο

622 2841 862 2911 πραγία;
895 2840 1051 2905 ἀλλὰ,
1087 2839 1210 2894 Ποῦ
1242 2840 1281 2907 ἡ
1316 2839 1650 2908 καύχησις;
1678 2838 1951 2908 πανταχοῦ
1980 2836 2192 2899 δεικνὺς

625 2927 1135 2999 μεγαληγοροῦντας
1194 2926 1353 2997 μόνον
1409 2925 1483 2989 ώς
1538 2925 1698 2978 πλέον
1760 2942 1813 2977 τι
1864 2925 1970 2978 τῶν
2019 2924 2193 2979 ἄλλων

622 3015 863 3085 ἔχοντας,
896 3014 992 3069 καὶ
1025 3014 1192 3086 μηδὲν
1238 3012 1715 3084 ἐπιδεικνυμένους
1757 3011 1936 3082 ἔργον.
1968 3011 2079 3065 Καὶ
2113 3012 2193 3063 εί-

621 3101 760 3168 πὼν,
790 3102 913 3157 Ποῦ
945 3098 1059 3157 οὖν
1112 3104 1151 3172 ἠ
1190 3102 1523 3171 καύχησις;
1552 3100 1654 3154 οὐκ
1686 3096 1861 3162 εἴπεν,
1889 3099 2192 3169 Ἠφανίσθη

621 3189 717 3242 καὶ
758 3189 1038 3255 ἀπώλετο,
1087 3190 1201 3244 ἀλλ’
1273 3188 1693 3256 Ἑξεκλείσθη,
1750 3189 1886 3259 ὅπερ
1937 3187 2194 3258 ἀκαιρίας

624 3278 828 3349 μᾶλλόν
862 3280 1039 3332 ἐστιν·
1076 3279 1259 3332 οὐκέτι
1303 3277 1410 3348 γὰρ
1442 3277 1554 3347 ἔχει
1597 3277 1806 3345 καιρόν.
1838 3277 2048 3345 Ὠσπερ
2085 3275 2195 3347 γὰρ

620 3366 723 3437 τῆς
768 3367 1003 3438 κρίσεως
1048 3366 1385 3436 ἐπιστάσης,
1428 3365 1611 3417 οὐκέτι
1652 3364 1842 3435 καιρὸν
1894 3364 2108 3435 ἔχουσιν
2145 3365 2195 3417 οί

627 3455 960 3525 μετανοῆσαι
1005 3453 1357 3523 βουλόμενοι’
1400 3451 1543 3505 οῦτω
1588 3452 1683 3504 καὶ
1726 3452 1824 3523 τῆς
1868 3452 2195 3520 ἀποφάσεως

624 3541 999 3612 ἐξενεχθείσης
1032 3541 1240 3605 λοιπὸν,
1264 3540 1359 3594 καὶ
1387 3540 1603 3594 πάντων
1638 3539 1938 3609 μελλόντων
1960 3540 2194 3594 ἀπόλλυ-

627 3628 784 3693 σθαι,
820 3630 911 3682 καὶ
945 3628 1391 3699 παραγενομένου
1423 3628 1516 3680 τοῦ
1546 3627 1718 3681 ταῦτα
1752 3629 1938 3697 χάριτι
1978 3627 2198 3693 λύοντος

627 3719 695 3772 τὰ.
735 3716 902 3781 δεινὰ,
947 3717 1129 3769 οὐκέτι
1160 3716 1350 3786 καιρὸν
1396 3713 1540 3785 εἶχον
1583 3717 1778 3769 ἐκεῖνοι
1825 3715 2197 3785 προϐαλέσθαι

626 3807 726 3877 τὴν
763 3805 873 3859 ἀπὸ
900 3804 995 3858 τοῦ
1025 3805 1192 3875 νόμου
1225 3803 1529 3875 διόρθωσιν.
1555 3804 1618 3856 El
1647 3804 1754 3873 γὰρ
1787 3804 1952 3874 ἐχρῆν
1986 3805 2197 3875 ίσχυρί-

629 3892 819 3958 ζεσθαι
863 3891 1093 3955 τούτοις,
1126 3891 1231 3963 πρὸ
1257 3892 1358 3961 τῆς
1388 3891 1691 3959 παρουσίας
1717 3891 1914 3960 ἐχρῆν·
1949 3892 2200 3955 ἐλθόντος

628 3980 685 4034 δέ
722 3980 818 4035 τοῦ
852 3981 942 4034 διὰ
984 3981 1086 4050 τῆς
1120 3981 1356 4043 πίστεως
1384 3978 1669 4043 σώζοντος,
1704 3978 1941 4048 ἀνῄρητο
1968 3979 2151 4033 λοιπὸν
2171 3982 2200 4034 6

539 4089 542 4093 ’
628 4068 737 4122 τῶν
766 4067 991 4137 ἀγώνων
1024 4067 1215 4137 καιρός
1236 4086 1247 4097 ·
1273 4066 1348 4129 ὡς
1378 4065 1485 4135 γὰρ
1512 4065 1889 4135 ἐληλεγμένων
1920 4067 2198 4131 ἁπάντων,

629 4154 773 4208 οῦτω
805 4157 868 4224 τῇ
902 4155 1086 4225 χάριτι
1114 4154 1297 4217 σώζει.
1321 4152 1411 4204 Διὸ
1450 4153 1544 4205 καί⁵
1562 4152 1668 4206 ,νῦν
1691 4148 1873 4224 ἦλθεν,
1899 4154 1984 4206 ἵνα
2015 4155 2088 4224 μὴ
2114 4154 2200 4207 λέ-

632 4258 801 4309 γωσιν
822 4258 835 4271 °
855 4240 943 4294 Ἐν
970 4242 1112 4313 ἀρχῇ
1151 4239 1619 4309 παραγενομένου,
1653 4241 1735 4293 ὅτι
1760 4241 1983 4296 δυνατὸν
2020 4237 2087 4313 ἦν
2114 4241 2201 4297 διὰ

633 4327 797 4397 νόμου
826 4328 1086 4397 σωθῆναι,
1114 4326 1207 4380 καὶ
1233 4327 1415 4389 πόνοις
1439 4326 1660 4390 οἰκείοις
1681 4328 1773 4380 καὶ
1792 4328 2200 4399 κατορθώμασι.

634 4414 849 4485 Ταύτην
891 4410 983 4467 οὖν
1026 4413 1388 4483 ἐπιστομίζων
1429 4413 1608 4466 αὐτῶν
1660 4413 1754 4485 τὴν
1797 4414 2203 4484 ἀναισχυντίαν,

634 4502 817 4571 ἔμεινε
841 4501 1031 4573 χρόνον
1063 4500 1251 4564 πολὺν,
1278 4499 1418 4554 ὥστε
1450 4498 1588 4570 μετὰ
1608 4500 1668 4554 τὸ
1698 4500 1788 4553 διὰ
1808 4500 1958 4573 [48η
1986 4501 2204 4555 πάντων

634 4589 957 4660 ἐλεγχθῆναι
988 4588 1174 4658 σαφῶς
1190 4589 1290 4641 οὐκ
1312 4588 1616 4658 ἀρκοῦντας
1633 4590 1867 4651 ἑαυτοῖς,
1886 4589 2008 4642 τότε
2032 4588 2204 4643 σῶσαι

634 4679 722 4732 διὰ
759 4678 861 4748 τῆς
889 4678 1051 4730 αὐτοῦ
1083 4680 1323 4748 χάριτος.
1359 4678 1449 4730 Διδ
1476 4679 1569 4730 καὶ
1596 4677 1852 4747 ἀνωτέρω
1885 4676 2077 4745 λέγων,
2104 4680 2206 4744 Εἰς

635 4766 898 4829 ἔνδειξιν
924 4764 1033 4833 τῆς
1060 4764 1470 4831 δικαιοσύνης,
1505 4765 1805 4835 ἐπήγαγεν,
1857 4765 1953 4817 Ἐν
1982 4763 2061 4829 τῷ
2092 4765 2208 4818 νῦν

636 4853 837 4923 καιρῷ.
888 4855 950 4907 El
993 4854 1048 4906 δέ
1093 4854 1421 4921 ἀντιλέγοιεν
1476 4870 1655 4917 τινες,
1697 4851 1892 4906 ταυτὸν
1940 4852 2205 4917 ποιοῦσιν,

636 4942 827 5013 ὥσπερ
849 4940 914 4995 ἂν
939 4941 991 4993 ετ
1019 4958 1103 5004 τις
1134 4941 1344 5010 μεγάλα
1366 4937 1706 5009 ἡμαρτηκὼς
1730 4937 1826 4991 καὶ
1858 4939 1933 5008 μὴ
1962 4937 2207 5008 δυνηθεὶς

637 5029 1084 5098 ἀπολογήσασθαι
1109 5031 1167 5083 ἐν
1195 5029 1549 5100 δικαστηρίῳ,
1571 5026 1706 5081 ἀλλά
1731 5026 2085 5097 κατακριθεὶς
2112 5026 2207 5079 καὶ

640 5116 968 5180 κολάζεσθαι
1022 5116 1271 5187 μέλλων,
1325 5112 1445 5170 εἶτα
1503 5115 1611 5170 ἀπὸ
1660 5115 1868 5185 δωρεᾶς
1926 5113 2209 5185 βασιλικῆς

642 5200 888 5268 ἀφεθεὶς,
920 5201 1301 5273 ἀναισχυντοίη
1327 5200 1465 5271 μετὰ
1492 5200 1602 5271 τὴν
1614 5199 1807 5266 ἄφεσιν
1833 5197 2208 5267 καυχώμενος,

643 5284 737 5338 καὶ
776 5284 949 5353 λέγων
985 5286 1150 5357 μηδὲν
1190 5284 1591 5356 ἡμαρτηκέναι.
1638 5282 1777 5352 Πρὶν
1817 5282 1850 5353 ἢ
1890 5282 2002 5351 γὰρ
2039 5279 2211 5333 ἐλθεῖν

642 5368 739 5436 τὴν
784 5368 1010 5440 δωρεάν,
1046 5369 1324 5435 ἀποδεῖξαι
1368 5367 1507 5420 ἔδει·
1544 5365 1804 5437 ἐλθούσης
1860 5366 1937 5431 δὲ,
1987 5365 2085 5418 οὐκ
2145 5365 2213 5418 ἂν

644 5450 754 5520 ἔχοι
802 5452 989 5522 καιρὸν
1033 5450 1339 5521 καυχᾶσθαι
1388 5450 1592 5504 λοιπόν.
1625 5453 1689 5502 ⁶⁹Ο
1732 5450 1796 5523 δὴ
1844 5452 1938 5503 καὶ
1981 5451 2072 5501 ἐπὶ
2103 5448 2213 5501 τῶν

658 5535 926 5589 Ἰουδαίων
960 5536 1202 5604 γέγονεν.
1237 5533 1453 5605 Ἐπειδὴ
1480 5535 1587 5604 γὰρ
1611 5534 1819 5588 οἴκοθεν
1852 5529 1990 5605 ἦσαν
2023 5534 2215 5603 προδε-

645 5616 882 5688 δομένοι,
916 5617 1004 5671 διὰ
1031 5616 1187 5670 τοῦτο
1212 5617 1601 5687 παραγέγονεν,
1631 5617 1779 5684 αὐτῷ
1804 5616 1880 5688 τῷ
1908 5618 2213 5689 παραγενέ-

650 5699 773 5751 σθαι
801 5699 897 5769 τὴν
920 5699 1187 5770 καύχησιν
1212 5699 1472 5770 ἀναιρῶν.
1490 5700 1547 5753 Ὀ
1574 5699 1680 5771 γὰρ
1703 5700 1875 5769 λέγων
1901 5701 2217 5765 διδάσκαλος

652 5777 790 5833 εἶναι
833 5781 1062 5849 νηπίων,
1110 5783 1203 5835 καὶ
1257 5784 1314 5834 ἐν
1364 5782 1440 5853 τῷ
1484 5784 1633 5852 νόμῳ
1684 5783 2066 5853 καυχώμενος,
2124 5784 2219 5837 καὶ

654 5864 946 5933 παιδευτὴν
968 5865 1219 5934 ἀφρόνων
1236 5868 1427 5920 ἑαυτὸν
1454 5867 1755 5936 ὀνομάζων,
1774 5867 1973 5935 ὁμοίως
1991 5866 2222 5929 ἐκείνοις

722 5994 748 6022 ⁸
779 5992 935 6053 Unus,
962 5995 1039 6042 ὅτε
1062 6000 1151 6052 πᾶς
1170 5998 1373 6060 ἰατρείας
1394 5999 1639 6060 ἐξηλέγχθη
1665 5997 1847 6058 τρόπος.

1318 365 1371 420 S.
1414 361 1701 419 JOANNIS
1739 355 2195 416 CIIRYSOSTOM

2300 355 2592 413 uluZHlEP.
2636 354 3185 412 CONSTANTINOP.
3730 356 3809 410 646

2286 470 2496 541 δεηθεὶς
2538 470 2630 525 τοῦ
2683 470 2991 535 διδάξαντος
3040 469 3135 523 καὶ
3170 466 3438 529 σώσαντος
3459 508 3474 532 ,
3507 466 3604 519 οὐκ
3643 466 3816 536 ἀνέχοι

2286 557 2379 612 τοῦ
2415 558 2726 629 καυχᾶσθαι
2758 558 3049 627 πρόφασιν.
3087 556 3152 608 El
3182 555 3289 624 γὰρ
3317 554 3408 606 καὶ
3455 554 3559 625 πρὸ
3601 554 3818 622 τούτουὴ

2287 646 2558 716 περιτομὴ
2608 644 2945 715 ἀκροϐυστία
2993 642 3229 711 ἐγένετο,
3277 640 3454 711 πολλῴ
3497 640 3688 710 μᾶλλον
3712 640 3815 693 νῦνο

2285 732 2381 785 καὶ
2418 732 2525 804 γὰρ
2555 730 2616 796 ἐξ
2646 732 2921 802 ἑκατέρων
2953 727 3318 798 ἐκϐέϐληταιδ
3354 728 3461 781 τῶν
3504 728 3717 797 καιρῶν.
3744 728 3818 781 Εἱ-

2286 819 2403 874 πὼν
2446 820 2524 885 δὲ,
2558 820 2641 873 ὅτι
2681 818 3070 885 Ἐξεκλεισθη
3096 855 3112 881 ,
3145 816 3383 871 δείκνυσι
3416 815 3512 869 καὶ
3556 814 3685 877 πῶς.
3721 814 3819 878 Πῶς

2284 901 2378 960 οῦν
2414 905 2726 976 ἐξεκλείσθη
2749 945 2762 967 ,
2795 903 2959 975 φησίς
2991 903 3309 981 Διὰῆποίου
3342 903 3567 970 νόμου;
3609 900 3719 955 τῶν
3744 901 3819 968 έρ-

2287 1010 2441 1063 των;
2466 993 2634 1061 Οὐχὶ,
2666 992 2827 1048 ἀλλὰ
2856 990 2953 1045 διὰ
2972 990 3163 1059 νόμου
3192 988 3469 1054 πίστεως.

2356 1181 2415 1235 δ’.
2466 1180 2595 1234 Ἰδοὺ
2620 1180 2715 1235 καὶ
2735 1178 2833 1251 τὴν
2860 1178 3040 1232 πίστιν
3065 1177 3228 1249 νόμον
3253 1176 3528 1237 ἐκάλεσεν,
3557 1175 3820 1245 ἐμφιλοχω-

2287 1270 2394 1340 ρῶν
2426 1272 2536 1332 τοῖς
2556 1269 2831 1339 ὀνόμασιν,
2859 1267 2998 1321 ὥστε
3026 1263 3463 1336 παραμυθεῖσθαι
3480 1264 3578 1333 τὴν
3599 1262 3824 1315 δοκοῦσαν

2286 1350 2427 1409 εἶναι
2456 1356 2825 1427 καινοτομίαν.
2861 1356 2956 1418 Τίς
2986 1354 3040 1407 δέ
3072 1355 3100 1406 6
3138 1353 3237 1421 τῆς
3268 1352 3504 1413 πίστεως
3536 1349 3690 1419 νόμος
3710 1366 3723 1411 ;
3746 1350 3822 1402 Διά

2287 1444 2511 1513 χάριτος
2546 1442 2836 1508 σώζεσθαι.
2868 1440 3132 1494 Ἐνταῦθα
3160 1439 3221 1491 τδ
3252 1438 3474 1492 δυνατὸν
3499 1437 3725 1490 δείκνυσι
3750 1435 3824 1489 τοῦ

2286 1532 2443 1595 Θεοῦ,
2476 1534 2558 1585 ὅτι
2596 1533 2656 1585 οὐ
2694 1531 2852 1600 μόνον
2881 1530 3117 1595 ἔσωσεν,
3154 1526 3290 1582 ἀλλά
3318 1527 3412 1580 καὶ
3450 1524 3723 1578 ἐδικαίωσε
3752 1524 3825 1576 καὶ

2287 1620 2367 1682 είς
2403 1619 2671 1689 καύχησιν
2703 1619 2900 1688 ἤγαγε,
2942 1617 3036 1670 καί
3082 1615 3202 1668 οὐδὲ
3246 1614 3429 1683 ἔργων
3456 1611 3686 1680 δεηθεὶς,
3717 1609 3826 1663 ἀλλὰ

2290 1706 2471 1759 πίστιν
2518 1706 2759 1776 ζητήσας
2796 1705 2975 1775 μόνον.
3010 1701 3197 1755 Ταῦτα
3227 1701 3281 1754 δὲ
3307 1701 3477 1769 λέγει,
3525 1701 3620 1753 καλ⁸
3649 1698 3728 1751 τὸν
3752 1715 3825 1749 πι-

2290 1794 2591 1847 στεύσαντα
2628 1791 2880 1845 Ἰουδαῖον
2922 1789 3232 1861 μετριάζειν
3262 1785 3715 1859 παρασκευάζων,
3752 1782 3826 1836 καὶ

2287 1880 2379 1935 τὸν
2419 1882 2492 1951 μὴ
2527 1878 2896 1934 πιστεύσαντα
2934 1876 3353 1940 καταστέλλων,
3395 1874 3539 1928 ὥστε
3578 1873 3725 1926 αὑτὸν
3752 1871 3829 1937 £9-

2288 1967 2637 2021 ελκύσασθαι.
2684 1968 2743 2019 '0
2780 1966 2879 2037 μὲν
2907 1965 3015 2035 γὰρ
3046 1964 3257 2027 σωθεὶς,
3294 1963 3361 2016 ἂν
3390 1962 3538 2032 μέγα
3574 1962 3732 2030 φρονῇ
3768 1956 3829 2026 τῷ

2288 2057 2437 2128 νόμῳ
2466 2057 2771 2128 προσέχων,
2801 2054 3094 2109 ἀκούσεται
3118 2053 3202 2106 ὅτι
3231 2052 3394 2115 αὐτὸς
3417 2049 3586 2104 αὐτοῦ
3608 2049 3665 2102 τὸ
3688 2048 3829 2117 στόμα

2289 2143 2606 2216 ἐνέφραξεν,
2643 2143 2805 2206 αὐτὸς
2849 2142 3014 2195 αὐτοῦ
3062 2140 3465 2210 κατηγόρησεν,
3494 2137 3659 2199 αὐτὸς
3694 2134 3831 2189 αὑτοῦ

2289 2234 2388 2303 τὴν
2416 2232 2689 2302 σωτηρίαν
2715 2229 3086 2300 ἀπηγόρευσε,
3121 2228 3219 2281 καὶ
3248 2226 3310 2279 τὸ
3336 2224 3605 2295 καύχημα
3629 2222 3832 2286 ἐξέκλει-

2293 2335 2402 2373 σεν·
2424 2322 2452 2372 6
2475 2318 2531 2371 δὲ
2559 2318 2633 2389 μὴ
2670 2316 2969 2379 πιστεύσας
2998 2315 3182 2381 πάλιν,
3206 2312 3296 2366 διά
3316 2313 3427 2367 τῶν
3454 2312 3638 2365 αὐτῶν
3662 2309 3832 2363 τούτων

2289 2406 2670 2470 ταπεινωθεὶς,
2690 2403 3069 2475 προσαχθῆναι
3090 2403 3156 2472 τῇ
3184 2402 3364 2454 πίστει
3387 2400 3695 2470 δυνήσεται.
3712 2392 3833 2459 Εἶδες

2294 2496 2434 2565 πόση
2466 2494 2566 2563 τῆς
2593 2493 2832 2555 πίστεως
2871 2493 2904 2561 ἡ
2938 2489 3259 2562 περιουσίας
3290 2486 3407 2550 πῶς
3444 2486 3717 2554 ἀπέστησε
3747 2483 3836 2535 τῶν

2293 2582 2615 2653 προτέρων,
2680 2579 2817 2649 μηδὲ
2869 2576 3177 2647 καυχᾶσθαι
3240 2575 3326 2628 ἐπ’
3386 2574 3576 2636 αὐτοῖς
3635 2572 3834 2639 ἀφεῖσας

2294 2672 2653 2742 Λοτιζόμεθα
2705 2665 2819 2725 οὖν
2872 2669 3073 2721 πίστει
3117 2665 3495 2720 δικαιοῦσθαι
3555 2662 3837 2729 ἄνθρωπον

2295 2763 2470 2829 χωρὶς
2502 2758 2691 2828 ἔργων
2722 2757 2932 2825 νόμου.
2968 2755 3099 2808 Ὅτε
3150 2753 3346 2819 ἔδειξεν
3375 2750 3683 2820 ἀνωτέρους
3707 2747 3836 2805 ὅπως

2295 2849 2406 2903 ἀπὸ
2452 2848 2553 2916 τῆς
2600 2846 2834 2907 πίστεως
2876 2844 2982 2896 τῶν
3025 2841 3313 2906 Ἰουδαίων,
3351 2839 3469 2893 τότε
3505 2838 3691 2891 λοιπὸν
3726 2832 3838 2906 μετὰ

2296 2935 2498 3004 πολλῆς
2542 2934 2639 3004 τῆς
2673 2932 2983 3004 παρρησίας
3014 2931 3110 2983 καὶ
3157 2928 3284 3000 περὶ
3327 2925 3498 2994 αὐτῆς
3542 2922 3835 2990 διαλέγεται,

2296 3023 2391 3076 καὶ
2434 3022 2496 3075 τὸ
2523 3019 2712 3076 δοκοῦν
2755 3018 2990 3073 ἐνταῦθα
3037 3016 3309 3088 θορυϐεῖν,
3352 3013 3516 3067 πάλιν
3548 3013 3711 3066 ἰᾶται.
3750 3006 3841 3061 Καὶ

2298 3111 2407 3182 γὰρ
2429 3109 2521 3162 δύο
2546 3108 2720 3161 ταῦτα
2751 3106 2818 3160 τὰ
2845 3104 3183 3177 ταράττοντα
3210 3098 3278 3173 ἦν
3315 3100 3636 3163 Ἰουδαίους,
3658 3098 3713 3149 ἐν
3743 3095 3838 3165 μὲν,

2298 3200 2347 3253 εί
2370 3197 2495 3261 τοὺς
2526 3195 2642 3268 μετ’
2671 3194 2847 3266 ἔργων
2867 3194 2942 3264 μὴ
2966 3192 3238 3253 σωθέντας
3263 3187 3485 3243 δυνατὸν
3507 3185 3678 3258 χωρὶς
3694 3183 3840 3255 ἔργων

2302 3285 2572 3355 σωθῆναιο
2618 3284 2803 3354 ἕτερον
2842 3281 2933 3347 δὲ,
2978 3280 3029 3332 εί
3075 3278 3202 3341 τοὺς
3245 3273 3621 3345 ἀκροδύστους
3665 3272 3842 3325 δίκαιον

2297 3375 2405 3429 τῶν
2451 3371 2630 3428 αὐτῶν
2667 3369 2971 3426 ἀπολαῦσαι
3016 3369 3133 3430 τοῖς
3174 3367 3232 3419 ἐν
3260 3364 3500 3434 τοσούτῳ
3533 3362 3707 3434 χρόνῳ
3743 3374 3842 3411 συν·

2299 3465 2555 3536 τραφεῖσι
2584 3461 2661 3533 τῷ
2693 3460 2875 3531 νόμῳ·
2929 3457 2958 3511 ὂ
3004 3456 3184 3527 πολλῷ
3227 3454 3322 3507 τοῦ
3372 3453 3643 3524 προτέρου
3674 3447 3843 3521 μᾶλλον

2300 3553 2496 3615 αὐτοὺς
2524 3549 2872 3620 ἐξετάραττε.
2899 3545 2997 3600 Διά
3032 3543 3191 3599 τοῦτο
3219 3544 3394 3598 ἐκεῖνο
3432 3538 3841 3599 κατασκευάσας,

2300 3641 2394 3693 ἐπὶ
2422 3639 2583 3693 τοῦτο
2608 3637 2793 3691 λοιπὸν
2828 3636 3053 3701 ἔξεισιν·
3086 3635 3223 3702 ὅπερ
3259 3629 3433 3693 οὕτως
3459 3627 3710 3699 ἐθορύϐει
3741 3625 3841 3685 106;

2314 3727 2624 3791 Ἰουδαίους,
2664 3724 2739 3788 ώς
2784 3724 2880 3778 καὶ
2915 3722 3111 3791 Πέτρῳ
3145 3717 3283 3789 μετά
3312 3716 3410 3787 τὴν
3454 3715 3642 3769 πίστιν
3672 3712 3841 3779 ταύτης

2302 3812 2489 3866 ἕνεκεν
2526 3810 2819 3880 ἐγκαλέσαι
2844 3808 2944 3878 τῆς
2969 3804 3299 3867 ὑποθέσεως,
3326 3801 3633 3872 Κορνηλίου
3654 3795 3843 3853 καὶτῶν

2304 3901 2425 3953 κατ’
2453 3899 2614 3954 αὐτὸν
2643 3898 2827 3951 ἕνεκεν
2860 3892 3224 3966 πραγμάτων.
3264 3890 3331 3942 Τί
3374 3885 3466 3942 οῦν
3496 3905 3664 3962 φησι;
3704 3891 3844 3953 Λογι-

2304 3988 2516 4058 ζόμεθα
2566 3983 2679 4043 οὖν
2716 3988 2918 4041 πίστει
2948 3981 3325 4038 δικαιοῦσθαι
3363 3977 3513 4050 [488]
3568 3979 3847 4045 ἄνθρωπον

2306 4057 2483 4147 χωρίς
2511 4075 2701 4145 ἔργων
2724 4074 2933 4142 νόμου.
2960 4071 3073 4124 Οὐκ
3094 4065 3247 4122 εἶπεν
3283 4066 3560 4133 Ἰουδαῖον,
3590 4064 3623 4134 ἦ
3652 4063 3734 4116 τὸν
3763 4057 3846 4113 ὑπὸ

2304 4164 2396 4216 τὸν
2428 4162 2592 4230 νόμον
2622 4161 2771 4223 δντα,
2804 4159 2918 4213 ἀλλ’
2952 4154 3233 4223 ἐξαγαγὼν
3272 4154 3365 4207 τὸν
3394 4152 3556 4220 λόγον
3598 4153 3675 4213 εἰς
3710 4148 3846 4218 εὐρυ-

2308 4249 2555 4321 χωρίαν,
2586 4249 2682 4302 καὶ
2727 4251 2795 4319 τῇ
2846 4245 3142 4318 οἰκουμένῃ
3191 4244 3289 4306 τάς
3323 4241 3491 4312 θύρας
3526 4239 3737 4303 ἀνοίξας
3767 4235 3846 4302 τῆς

2310 4338 2603 4409 σωτηρίας,
2629 4338 2813 4408 φησὶν,
2844 4337 3204 4403 Ἄνθρωπον,
3232 4330 3294 4385 τὸ
3325 4329 3503 4384 κοινὸν
3534 4330 3637 4399 τῆς
3662 4327 3846 4395 φύσεως

2307 4425 2481 4496 ὄνομα
2524 4424 2656 4487 θείς.
2704 4419 2839 4477 Εἶτα
2885 4422 2993 4475 ἀπὸ
3034 4419 3222 4473 τούτου
3265 4417 3447 4471 λαϐὼν
3483 4415 3751 4487 ἀφορμὴν.
3788 4411 3847 4479 μὴ

2310 4514 2563 4567 τεθεῖσαν
2596 4510 2869 4566 ἀντίθεσιν
2906 4509 3040 4563 λύει.
3086 4508 3304 4577 Ἐπειδὴ
3333 4505 3441 4575 γὰρ
3464 4504 3614 4566 εἰκὸς
3640 4499 3703 4573 ἦν
3738 4501 3847 4551 Ἰου-

2308 4601 2489 4662 δαίους
2522 4598 2897 4660 ἀκούσαντας,
2942 4597 3025 4649 ὅτι
3074 4593 3250 4647 πάντα
3298 4592 3589 4661 ἄνθρωπον
3623 4592 3655 4660 ὴ
3697 4587 3849 4644 πίστις

2310 4688 2529 4749 δικαιοῖ,
2554 4684 2923 4754 δυσχεραίνειν
2948 4683 3042 4735 καὶ
3070 4677 3533 4743 σκανδαλίζεσθαι,
3568 4676 3845 4745 ἐπήγαγενο

2313 4776 2380 4828 Ἥ
2410 4773 2704 4827 Ἰουδαίων
2729 4775 2761 4825 ό
2790 4771 2934 4837 Θεὸς
2962 4770 3152 4839 μόνον
3169 4784 3188 4832 ;
3213 4767 3288 4831 ὡς
3318 4767 3383 4820 ἂν
3413 4767 3459 4819 εἰ
3487 4765 3639 4832 ἔλεγε
3663 4780 3676 4791 υ
3704 4758 3788 4813 Διὰ
3808 4756 3849 4808 τί

2312 4861 2420 4931 γάρ
2446 4877 2523 4912 σοι
2554 4858 2713 4911 τοῦτο
2740 4859 2939 4912 ἄτοπον
2968 4853 3105 4909 εἶναι
3132 4855 3297 4918 δοκεῖ,
3316 4851 3375 4905 τδ
3398 4853 3573 4905 πάντα
3600 4848 3849 4918 ἄνθρωπον

2317 4947 2620 5013 σώζεσθαι;
2665 4945 2737 5017 μὴ
2780 4946 2888 5015 γὰρ
2919 4942 3143 5016 μερικός
3173 4944 3319 4995 ἐστιν
3349 4941 3378 4993 6
3405 4939 3573 5004 Θεός;
3602 4938 3664 4990 ἐκ
3687 4932 3850 5017 τοῦτον

2315 5035 2549 5099 δεικνὺς,
2593 5016 2673 5088 ὅτι
2702 5016 3015 5104 βουλόμενοι
3043 5033 3155 5093 τοῖς
3181 5029 3386 5082 ἔθνεσιν
3412 5025 3749 5097 ἐπηρεάζειν,
3773 5016 3851 5071 τοῦ

2316 5122 2454 5176 Θεοῦ
2482 5122 2579 5193 τὴν
2604 5120 2761 5187 δόξαν
2786 5119 2849 5171 λυ
2860 5118 3137 5190 μαίνονται
3172 5115 3388 5188 μᾶλλον,
3409 5115 3460 5167 εί
3476 5130 3538 5182 γε
3569 5112 3645 5183 μὴ
3668 5124 3850 5177 συγχωο

2318 5213 2461 5282 ροῖεν
2492 5209 2653 5263 αὑτὸν
2680 5209 2896 5263 πάντων
2926 5202 3064 5260 εἶναι
3096 5205 3248 5258 Θεόν.
3287 5203 3352 5257 El
3381 5201 3437 5254 δέ
3476 5203 3691 5255 πάντων
3735 5195 3849 5255 ἐστὶ,

2318 5298 2414 5351 καὶ
2459 5300 2765 5368 προνοεῖται
2812 5294 3060 5347 πάντων’
3108 5294 3157 5344 εί
3206 5292 3261 5344 δὲ
3309 5291 3615 5358 προνοεῖται
3642 5286 3848 5339 πάντων.

2319 5365 2531 5447 πάντας
2573 5383 2771 5453 ὁμοίως
2821 5380 2981 5445 σώζει
3018 5379 3106 5433 διὰ
3153 5378 3249 5448 τῆς
3288 5377 3543 5439 πίστεως.
3596 5373 3693 5426 Διά
3724 5365 3854 5453 τοῦτό

2322 5488 2511 5544 φησιν·
2553 5451 2623 5525 Ἢ
2659 5467 2953 5525 Ἰουδαίων
2992 5471 3023 5522 ὀ
3062 5467 3203 5532 Θεὸς
3242 5465 3469 5535 μόνον;
3508 5463 3643 5530 οὐχὶ
3687 5458 3749 5511 δὲ
3776 5451 3853 5544 καὶ

2321 5537 2544 5620 έθννῶη
2586 5556 2701 5611 Ναί
2734 5557 2835 5612 καί
2860 5554 3065 5611 ἐθνῶν.
3108 5554 3183 5606 Οὐ
3222 5553 3328 5623 γάρ
3356 5554 3470 5604 ἐστι
3504 5548 3740 5621 μερικδς,
3773 5537 3856 5595 οἶοι

2322 5649 2370 5700 οἱ
2413 5646 2682 5716 Ἐλλήνων
2718 5645 2919 5716 μῦθοι,
2962 5642 3096 5696 ἀλλὰ
3127 5640 3303 5703 κοινός
3351 5639 3603 5693 ἁπάντων
3644 5634 3735 5687 καὶ
3760 5624 3853 5716 εἷςξ

2322 5732 2402 5785 διὸ
2434 5731 2528 5784 καὶ
2555 5709 2749 5798 ἐπάγει
2768 5747 2781 5759 ·
2826 5730 3098 5796 Ἐπείπερ
3136 5722 3223 5794 εἷς
3253 5730 3284 5780 ό
3311 5727 3472 5791 Θεός.
3518 5709 3858 5781 Tauriaan

2327 5819 2489 5881 αὐτὸς
2526 5818 2620 5870 καὶ
2648 5817 2852 5871 τούτων
2880 5815 3145 5870 κάκείνων
3171 5812 3467 5883 Δεσπότης.

2394 5996 2419 6032 δ
2448 5996 2644 6056 Μυῖα,
2671 5995 2906 6057 βέϐληται.
