3950 6464
154 318 231 378 M5
1188 288 1254 344 lN
1292 281 1508 343 EPIST.
1550 278 1646 337 AD
1682 275 1844 335 non.
1886 278 2116 336 HOMIL.
2162 278 2273 337 vn.
3270 282 3375 340 tu:

153 439 277 501 quam
302 419 593 487 frequenter
618 410 724 469 illis
749 415 968 481 peccata
998 405 1051 461 in
1082 401 1396 460 memoriam
1424 391 1677 497 revocet?
1783 392 1995 495 accidit.
2029 392 2164 501 QIuia
2191 391 2334 448 enim
2362 405 2519 501 exnse
2548 392 2669 496 ipsi.
2691 392 2887 497 proditi
2913 401 3086 459 erant,
3116 393 3236 501 ideo
3276 412 3372 501 ve-

154 483 355 590 ;uperius
380 483 589 580 guidem
630 519 754 560 cum
781 500 910 557 dicit
940 516 953 553 :
989 497 1093 552 Per
1132 495 1292 566 legem
1320 491 1454 546 enim
1484 485 1678 590 peccati
1784 483 1884 587 nit,
1912 494 1966 539 et
2008 484 2243 590 adventu
2256 500 2381 590 .suo.
2410 484 2623 540 illorum
2650 483 2963 555 jactantiam
3007 486 3243 590 sustulit.
3273 488 3375 590 Qui

152 577 357 681 τοᾶηίιίος
396 577 581 671 postea
614 611 763 662 vero,
816 592 950 659 Quia
987 605 1157 645 omnes
1194 588 1563 658 peccaverunt;
1594 577 1681 633 hic
1786 577 1928 631 enim
1954 592 2013 632 se
2041 577 2170 632 dicit
2197 577 2476 633 infantium
2509 586 2914 648 praeceptorem,
2947 586 3000 633 et
3025 580 3077 633 in
3111 580 3228 648 lege
3254 581 3374 647 glo-

152 669 293 759 atitem
319 669 699 749 vehementius.
731 685 846 741 Non
875 683 1021 739 enim
1050 678 1204 745 dixit,
1232 678 1459 746 Propter
1494 684 1682 742 pecca-
1786 669 1973 732 riatur,
1999 683 2063 724 ac
2096 684 2153 725 se
2181 669 2465 727 stultorum
2502 672 2816 742 magistrum
2855 670 3108 741 appellat,
3154 672 3381 740 perinde

155 806 226 853 μη
244 786 342 853 sed,
368 782 578 852 Propter
612 777 1000 837 relaxationem,
1034 772 1137 826 hoc
1161 779 1265 835 est,
1295 775 1515 838 propter
1540 778 1683 818 mor-
1787 770 1957 853 atque
1976 761 2053 815 illi
2080 761 2305 818 doctore
2330 777 2393 818 ac
2419 772 2696 819 servatore
2723 761 2990 834 indigens,
3023 764 3222 820 nullam
3254 765 3373 835 glo-

154 834 614 941 immineant».
642 870 784 927 enim
814 868 950 922 ultra
980 834 1106 933 spes
1132 834 1378 917 sanitatis
1397 834 1553 922 erat;
1585 853 1683 911 sed
1788 851 1961 907 riandi
1992 868 2209 909 causam
2252 854 2524 910 habuerit.
2561 855 2621 911 Si
2651 856 2797 912 enim
2837 864 2992 912 antea
3037 857 3381 913 circumcisio

154 972 272 1047 quasi
298 979 479 1036 corpus
507 962 858 1034 paralyticum
900 969 1131 1026 superna
1156 954 1349 1025 egebat
1374 966 1532 1006 manu
1565 967 1580 1005 :
1606 949 1685 1004 sie
1788 947 2106 1047 praeputium
2138 948 2274 1013 facta
2295 958 2423 1047 est;
2454 948 2627 1047 multo
2648 950 2818 1021 magis
2843 965 2985 1047 nunc
3009 966 3176 1047 :‘nam
3202 951 3290 1006 illa
3312 951 3380 1006 ab

151 1036 193 1122 ἐι
211 1064 363 1118 anima
382 1054 720 1111 ,ηοι-ιίηωια,
739 1050 1001 1119 Quodque
1023 1045 1235 1117 gravius
1260 1052 1364 1112 est,
1390 1052 1445 1099 et
1467 1040 1608 1113 quod
1630 1039 1684 1095 in
1790 1036 2032 1106 utrisque
2080 1038 2412 1108 temporibus
2441 1038 2611 1109 ejecta
2641 1050 2741 1096 est.
2776 1041 2909 1096 Cum
2938 1040 3069 1097 dicit
3107 1050 3285 1098 autem
3319 1043 3382 1097 il»

152 1168 281 1213 causa
305 1164 415 1206 esse
441 1148 592 1212 dicit,
616 1147 874 1214 majorem
901 1139 1297 1196 accusationem
1326 1136 1518 1192 mereri
1546 1133 1687 1189 indi-
1788 1128 1895 1183 lam
1923 1131 2194 1186 exclusam
2220 1146 2366 1199 esse,
2394 1132 2630 1188 ostendit
2656 1134 2926 1202 quomodo
2968 1133 3021 1188 id
3059 1133 3254 1189 factum
3289 1134 3379 1189 sit.

151 1259 236 1305 cat.
273 1241 394 1312 Quid
440 1240 569 1296 illud
616 1238 738 1295 est?
766 1232 921 1303 Quod
960 1232 1013 1287 in
1044 1229 1324 1287 tolerantia
1357 1228 1449 1283 Dei
1481 1227 1569 1282 illa
1597 1240 1701 1281 re-'
1790 1219 2070 1287 Quomodo
2096 1237 2224 1293 ergo
2252 1222 2469 1278 exclusa
2505 1223 2632 1279 est?
2660 1222 2765 1279 Per
2808 1241 2962 1294 quam
2986 1226 3188 1297 legem?
3218 1229 3381 1297 facto-

154 1337 303 1395 missio
326 1336 453 1388 facta
492 1332 581 1386 sit.
615 1329 798 1398 Neque
839 1323 983 1381 enim
1009 1322 1189 1378 dicere
1216 1320 1461 1408 potestis,
1493 1317 1686 1387 inquit,
1792 1314 1949 1367 rum?
1973 1312 2114 1379 Non,
2145 1314 2234 1408 sed
2265 1332 2353 1385 per
2378 1316 2539 1385 legem
2563 1315 2703 1385 ﬁdei.

153 1444 227 1484 vos
249 1440 340 1480 non
367 1421 587 1476 multam
617 1416 951 1474 tolerantiam
991 1430 1053 1469 ac
1094 1407 1470 1482 benignitatem
1501 1415 1690 1463 nactos
1863 1409 1919 1462 4.
1953 1407 2089 1462 Ecce
2131 1407 2291 1464 ﬁdem
2333 1410 2624 1479 appellavit
2669 1410 2864 1480 legem,
2893 1410 3125 1467 libenter
3151 1412 3203 1467 in
3234 1412 3382 1469 hisce

151 1533 265 1575 esse.
295 1513 413 1569 Illud
443 1521 644 1577 autem,
693 1510 756 1565 In
797 1511 1030 1581 praesenti
1053 1519 1294 1579 tempore,
1323 1503 1440 1573 ejus
1465 1510 1568 1565 est,
1600 1499 1691 1570 qui
1795 1498 2100 1553 nominibus
2129 1515 2370 1565 versans,
2404 1499 2478 1555 ita
2503 1510 2561 1555 ut
2580 1500 2821 1556 emolliat
2847 1516 2989 1569 eam,
3024 1517 3145 1571 quae
3173 1505 3382 1561 novitas

152 1622 357 1680 magnam
386 1604 727 1659 tolerantiam
759 1613 813 1658 et
840 1601 1231 1656 humanitatem
1260 1593 1522 1651 exhibuit.
1555 1590 1690 1646 Cum
1796 1604 1917 1645 esse
1943 1590 2239 1645 videbatur.
2272 1591 2527 1679 Qumnam
2557 1603 2734 1647 autem
2767 1602 2850 1648 est
2883 1593 3005 1648 fidei
3032 1595 3155 1649 lex?
3188 1595 3254 1651 Ut
3289 1610 3385 1665 per

152 1702 267 1757 enim
305 1698 351 1751 in
381 1694 809 1764 desperationem
833 1693 935 1747 acti
960 1703 1224 1755 essemus,
1258 1686 1449 1757 inquit,
1479 1698 1544 1739 ae
1567 1696 1692 1737 sen-
1796 1683 2018 1751 gratiam
2042 1682 2185 1736 salus
2209 1682 2535 1739 obtineatur.
2570 1684 2665 1739 llic
2690 1684 2785 1739 Dei
2814 1686 3109 1753 potentiam
3128 1687 3383 1754 ostendit,

1799 1773 1940 1843 quod
1968 1788 2075 1828 non
2106 1773 2278 1828 solum
2309 1776 2626 1841 servaverit,
2658 1774 2753 1831 sed
2785 1777 2946 1830 etiam
2974 1777 3298 1847 justiﬁcarit,
3333 1790 3389 1834 et

1802 1866 1855 1921 in
1896 1866 2267 1937 gloriationem
2308 1866 2613 1932 deduxerit,
2659 1882 2764 1923 non
2796 1882 2961 1938 egens
2990 1870 3265 1939 operibus,
3293 1872 3386 1925 sed

1804 1958 1963 2014 ﬁdem
1995 1968 2196 2015 tantum
2234 1960 2537 2030 requirens.
2570 1961 2696 2017 [hec
2720 1972 2901 2018 autem
2939 1963 3071 2019 dicit
3115 1965 3299 2033 etiam,
3331 1976 3391 2021 ut

1802 2050 2109 2106 credentem
2136 2050 2380 2107 Judteum
2418 2052 2486 2108 ad
2526 2053 2843 2110 modestiam
2874 2068 3159 2127 prrcparet,
3188 2070 3242 2113 et
3284 2076 3387 2112 non

1804 2143 2110 2198 credentem
2138 2146 2415 2214 reprimat,
2440 2146 2511 2200 ita
2553 2156 2610 2200 ut
2645 2147 2791 2202 illurn
2817 2149 3111 2219 pertrahat.
3140 2149 3270 2204 Nam
3301 2152 3389 2220 qui

154 1794 301 1851 tentia:
326 1799 529 1858 tempus
557 1787 788 1853 adesset,
820 1787 1067 1856 malaque
1088 1791 1244 1838 aucta
1272 1785 1453 1835 essent
1478 1790 1543 1831 ac
1567 1789 1696 1846 pec-

151 1900 245 1944 cata
271 1884 330 1938 ad
349 1883 620 1937 cumulum
647 1879 1016 1935 ascendissent
1041 1896 1054 1933 :
1090 1886 1214 1932 tunc
1242 1874 1333 1928 ille
1380 1877 1697 1942 potestatem

153 1992 275 2033 suam
298 1972 551 2037 exhibuit,
585 1982 643 2027 ut
669 1972 845 2026 discas
870 1977 1063 2040 quanta
1092 1967 1230 2038 apud
1275 1966 1423 2020 illum
1453 1960 1699 2032 sitjusti-

153 2073 222 2124 tia:
244 2066 401 2137 capia.
436 2064 622 2134 Neque
650 2065 793 2119 enim
827 2063 978 2129 illud,
1024 2063 1071 2117 si
1115 2062 1166 2115 in
1196 2059 1456 2130 principio
1500 2057 1700 2112 factum

156 2162 327 2223 fuisset,
360 2168 465 2210 tam
506 2159 700 2210 mirum
731 2171 794 2210 ac
836 2154 1157 2225 stupendum
1189 2153 1358 2208 visum
1406 2151 1612 2213 fuisset,
1645 2156 1704 2203 ut

152 2266 286 2311 nunc.
315 2264 429 2303 cum
456 2245 737 2303 medicina:
765 2247 938 2301 omnis
962 2246 1151 2301 modus
1176 2253 1458 2314 superatus
1481 2249 1584 2298 est.
1608 2239 1699 2296 27.

158 2344 235 2400 Ubi
256 2344 398 2414 igitur
418 2340 702 2412 gloriatio?
728 2339 956 2395 Exclusa
980 2348 1074 2403 est,
1104 2339 1297 2409 inquit.
1322 2336 1427 2392 Per
1452 2352 1604 2405 quam
1627 2336 1705 2390 le-

154 2438 281 2510 gem?
306 2434 592 2505 factorum?
622 2431 741 2488 Non
764 2450 784 2499 ;
814 2433 901 2488 sed
931 2450 1019 2503 per
1039 2433 1197 2502 legem
1217 2431 1358 2500 fidei.
1389 2429 1708 2500 Magnopere

156 2531 332 2585 laborat
369 2526 567 2582 Paulus
610 2534 668 2581 ut
706 2524 975 2591 ostendat,
1008 2531 1213 2578 tantum
1243 2522 1479 2577 valuisse
1519 2519 1703 2587 ﬁdem,

152 2630 376 2693 quantum
400 2620 488 2674 lex
508 2632 793 2688 numquam
811 2617 894 2672 vel
912 2616 1188 2686 imaginari
1211 2615 1403 2685 potuit.
1423 2615 1709 2685 Postquam

154 2715 275 2769 enim
299 2713 448 2778 dixit,
480 2710 626 2782 quod
658 2710 799 2766 Deus
835 2709 1106 2765 hominem
1134 2708 1391 2779 justiﬁcet
1418 2723 1449 2762 a
1475 2706 1601 2775 ﬁde,
1629 2707 1710 2762 le-

152 2820 253 2874 gem
274 2817 450 2858 rursus
476 2802 719 2857 assumit.
760 2799 944 2869 Neque
969 2799 1137 2856 dicit:
1172 2798 1273 2855 Ubi
1301 2814 1432 2869 ergo
1458 2798 1713 2868 pra‘clara

1806 2236 2030 2291 salutem
2070 2247 2259 2292 nactus
2287 2245 2393 2305 est,
2434 2238 2480 2293 si
2529 2237 2633 2308 legi
2678 2238 2963 2295 attendens
3003 2240 3170 2296 altum
3197 2242 3390 2311 sapiat,

1807 2327 2009 2392 audiet,
2037 2328 2179 2400 quod
2207 2329 2295 2383 illa
2338 2329 2436 2399 ipsi
2466 2344 2528 2385 os
2554 2331 2790 2398 obturet,
2821 2331 2934 2402 ipsa
2962 2333 3109 2387 illum
3148 2344 3391 2401 accuset,

1809 2419 1922 2490 ipsa
1953 2421 2068 2490 ejus
2098 2422 2325 2477 salutem
2374 2421 2677 2491 impedierit
2705 2434 2760 2479 et
2796 2425 3168 2495 gloriationem
3207 2428 3393 2482 exclu-

1810 2515 1977 2570 serit:
2006 2515 2094 2584 qui
2145 2530 2274 2571 vcro
2321 2531 2426 2569 non
2456 2517 2704 2584 credidit,
2752 2532 2849 2589 per
2889 2518 3004 2575 haec
3039 2520 3150 2590 ipsa
3182 2520 3396 2576 humilis

1810 2607 2051 2670 effectus,
2079 2608 2144 2662 ad
2177 2608 2335 2664 fidem
2365 2608 2623 2666 accedere
2669 2611 2886 2678 poterit.
2928 2610 3172 2667 Vidistin’
3201 2624 3396 2682 quanta

1814 2700 1936 2756 fidei
1978 2701 2091 2755 vis?
2135 2702 2404 2772 quomodo
2445 2716 2474 2756 a
2524 2703 2791 2773 prioribus
2838 2706 3144 2773 removerit,
3194 2707 3247 2761 in
3294 2707 3399 2762 illis

1812 2793 2026 2863 gloriari
2075 2808 2181 2849 non
2225 2794 2447 2849 sinetis?
2487 2794 2577 2851 28.
2610 2796 2932 2851 Arbitrantur
2969 2815 3089 2870 ergo
3129 2816 3219 2869 per
3246 2801 3400 2869 ﬁdem

151 2895 432 2950 Judazorum
477 2893 681 2961 Opera?
708 2891 797 2949 ubi
837 2891 1064 2959 justitiae
1090 2889 1579 2956 exercitium‘lsed,
1616 2887 1715 2944 Ubi
1806 2885 2084 2956 justi/icari
2132 2884 2382 2941 [continent
2427 2887 2537 2942 sine
2577 2888 2813 2958 operibus
2852 2890 2997 2962 legis.
3026 2890 3126 2947 Ubi
3170 2894 3401 2948 ostendit

153 2986 402 3057 gloriatio?
426 2985 624 3054 ubique
667 2983 959 3039 ostendens
989 2982 1112 3039 illos
1149 2996 1271 3038 sese
1316 2979 1597 3052 magniﬁce
1628 2981 1715 3051 ja-

153 3088 354 3136 ctantes.
384 3077 539 3147 quasi
569 3075 694 3147 quid
724 3075 841 3146 plus
862 3075 1124 3131 haberent
1150 3089 1307 3145 quam
1334 3073 1456 3141 alii;
1482 3073 1575 3129 sed
1598 3074 1718 3128 nul-

154 3172 246 3225 lum
272 3186 403 3241 opus
432 3169 693 3239 proferre.
725 3170 804 3224 Ac
829 3184 950 3225 cum
972 3169 1197 3224 dixisset
1222 3187 1236 3223 :
1268 3166 1366 3224 Ubi
1385 3184 1504 3239 ergo
1523 3167 1717 3237 gloria-

154 3266 248 3318 tio?
272 3281 371 3319 non
399 3263 680 3333 respondit
707 3280 723 3315 :
756 3262 1028 3318 Abscessit
1051 3270 1106 3317 ct
1131 3260 1322 3331 periit;
1352 3260 1469 3326 sed,
1494 3259 1720 3316 Ean-lusa

151 3364 245 3408 est:
271 3354 407 3424 quod
430 3362 583 3409 extra
612 3364 823 3423 tempus
846 3368 1000 3409 suum
1021 3368 1141 3409 esse
1161 3352 1380 3408 denotat
1405 3368 1420 3418 ;
1447 3367 1552 3408 non
1581 3354 1718 3408 ultra

150 3445 274 3498 enim
318 3454 533 3513 tempus
573 3444 689 3513 ejus
736 3454 838 3498 est.
889 3443 959 3499 Ut
987 3443 1130 3498 enim
1161 3442 1481 3498 adveniente
1518 3443 1721 3514 judicio

152 3552 244 3590 non
276 3537 409 3590 ultra
444 3546 660 3605 tempus
703 3534 901 3590 habent
938 3534 996 3602 ii,
1027 3534 1119 3606 qui
1149 3534 1518 3604 penitentiam
1561 3549 1721 3606 agere

150 3629 372 3682 vellent:
416 3628 500 3683 sic
545 3627 810 3682 sententia
858 3626 1074 3683 demum
1114 3628 1339 3697 prolata,
1378 3642 1501 3683 cum
1531 3641 1721 3683 omnes

152 3721 354 3790 perituri
382 3729 590 3786 essent,
638 3720 837 3787 illeque
870 3719 1195 3786 advenisset,
1222 3719 1314 3790 qui
1342 3719 1481 3775 mala
1509 3719 1597 3774 illa
1626 3733 1724 3788 per

149 3813 353 3881 gratiam
384 3813 699 3867 sublaturus
722 3822 871 3876 erat;
904 3827 1009 3865 non
1039 3812 1174 3867 ultra
1194 3822 1402 3882 tempus
1423 3811 1725 3867 habuerunt

154 3902 237 3968 illi,
266 3914 319 3957 ut
344 3903 780 3958 emendationem
807 3918 873 3958 ex
897 3904 1014 3973 lege
1038 3902 1330 3959 faciendam
1347 3902 1720 3958 obtenderent.

147 3993 193 4048 Si
218 3995 353 4048 enim
385 3994 719 4064 oportuisset
745 3993 829 4048 his
849 4008 908 4049 se
926 3992 1269 4061 conﬁrmare,
1298 3993 1348 4049 id
1377 4002 1503 4048 ante
1525 3992 1726 4049 adven-

152 4094 247 4136 tum
272 4085 386 4155 ejus
420 4084 620 4140 factum
650 4084 887 4155 oportuit
919 4102 933 4139 :
964 4085 1211 4140 veniente
1251 4094 1429 4139 autem
1474 4084 1589 4149 illo,
1633 4085 1725 4154 qui

147 4189 231 4243 per
259 4176 415 4231 ﬁdem
446 4185 654 4243 servat,
684 4177 950 4232 sublatum
980 4176 1190 4232 tandem
1218 4185 1335 4233 erat
1372 4178 1725 4233 certamimnn

154 4277 391 4337 tempus:
438 4278 634 4339 utpote
676 4270 821 4323 enim
870 4269 1159 4325 confutatis
1190 4271 1458 4337 omnibus,
1511 4271 1591 4326 sic
1632 4285 1728 4340 per

145 4361 355 4428 gratiam
385 4362 624 4416 salutem
660 4360 771 4416 dat.
803 4360 1141 4431 Quapropter
1183 4376 1325 4417 nunc
1353 4362 1444 4417 ille
1473 4364 1637 4427 venit,
1672 4371 1729 4417 ut

148 4466 207 4503 ue
231 4451 503 4519 dicerent,
538 4450 594 4506 Si
627 4452 679 4505 in
721 4451 980 4522 principio
1033 4452 1288 4518 venisset,
1332 4453 1569 4523 potuisse
1611 4454 1728 4509 ﬁeri

147 4548 196 4595 ut
223 4557 314 4610 per
342 4543 526 4612 legem
558 4541 706 4596 salus
734 4542 1074 4598 obtineretur
1103 4541 1334 4612 propriis
1376 4542 1647 4599 laboribus
1675 4552 1731 4599 et

146 4634 404 4699 operibus.
433 4632 591 4688 Hanc
619 4633 776 4704 igitur
800 4632 1014 4688 illorum
1037 4632 1418 4702 impudentiam
1446 4633 1725 4701 cohibens,

142 4726 388 4781 diuturno
420 4736 673 4796 tempore
699 4725 920 4793 distulit,
946 4726 1017 4781 ita
1036 4734 1093 4782 ut
1119 4734 1398 4797 postquam
1430 4742 1525 4798 per
1550 4729 1730 4783 omnia

143 4817 544 4886 deprehensum
570 4826 716 4874 esset
744 4819 888 4888 ipsos
916 4833 1024 4874 non
1053 4819 1155 4874 sibi
1187 4819 1453 4886 sufﬁcere,
1484 4828 1609 4876 tunc
1634 4836 1733 4891 per

141 4910 357 4977 gratiam
386 4926 553 4967 suam
576 4911 802 4966 salutem
833 4910 937 4965 illis
967 4909 1137 4967 daret.
1165 4910 1292 4967 Ideo
1319 4926 1442 4968 cum
1466 4928 1626 4983 supra
1651 4914 1733 4969 di-

144 5000 319 5065 xisset,
363 5001 449 5054 Ad
480 5002 820 5055 ostensionem
859 5002 1097 5072 justitite,
1138 5002 1336 5071 intulit,
1382 5002 1450 5057 In
1496 5006 1734 5073 praesenti

142 5100 384 5159 tempore.
418 5091 583 5159 Quod
610 5092 654 5147 si
680 5091 894 5163 quidam
921 5091 1368 5159 eontradixerint,
1401 5093 1631 5164 idipsum
1658 5096 1735 5150 fa-

140 5183 299 5249 ciunt,
341 5200 411 5241 ac
456 5186 507 5240 si
552 5185 671 5255 quis
707 5195 828 5256 post
865 5186 1032 5241 multa
1072 5186 1307 5244 admissa
1339 5198 1577 5259 peccata,
1609 5203 1736 5245 cum

142 5289 239 5329 non
269 5276 449 5346 possit
471 5276 530 5330 in
551 5275 751 5345 judicio
778 5291 899 5333 sese
923 5292 1167 5348 purgare,
1192 5277 1288 5335 sed
1308 5278 1588 5337 damnatus
1606 5295 1737 5352 sup-

142 5365 295 5433 plicio
325 5365 636 5422 tradendus
664 5368 755 5434 sit,
784 5367 980 5423 deinde
1010 5382 1107 5439 per
1131 5370 1273 5440 regis
1300 5373 1529 5441 gratiam
1550 5370 1738 5430 dimis-

142 5471 246 5525 sus,
276 5459 635 5531 impudenter
658 5468 841 5530 postea
862 5460 1118 5531 glorietur
1136 5461 1342 5531 dicens,
1372 5478 1432 5520 se
1457 5464 1587 5521 nihil
1612 5480 1736 5536 pec—

141 5552 362 5608 cavisse.
396 5551 751 5622 Oportuisset
774 5555 919 5608 enim
948 5553 1002 5608 id
1027 5553 1420 5622 demonstrare,
1447 5564 1735 5627 antequam

142 5642 301 5710 gratia
348 5643 623 5707 veniret;
670 5653 952 5715 postquam
998 5644 1146 5699 venit
1189 5654 1389 5712 autem,
1439 5662 1547 5702 non
1596 5648 1735 5704 ultra

140 5742 346 5804 tempus
378 5745 470 5791 est
504 5734 793 5806 gloriandi.
844 5734 903 5791 ω
943 5734 1087 5806 quod
1131 5737 1291 5792 etiam
1337 5737 1481 5807 apud
1522 5738 1736 5799 Judaros

1816 2991 1911 3033 eos
1938 2992 1967 3031 a
1996 2977 2117 3044 fide,
2149 2978 2265 3034 sine
2303 2979 2557 3048 Opi-ribus
2601 2980 2754 3052 legis,
2785 2981 2986 3038 ludatis
3013 2998 3137 3039 esse
3156 2986 3402 3055 superio-

1817 3082 1939 3128 res;
1969 3076 2094 3124 tunc
2121 3069 2333 3124 demum
2365 3086 2486 3125 cum
2518 3072 2681 3127 multa
2710 3072 2901 3129 ﬁducia
2922 3074 3064 3130 circa
3093 3076 3239 3131 illam
3266 3078 3406 3133 edis-

1819 3160 1969 3223 serit,
2003 3171 2055 3215 et
2085 3161 2157 3226 ei,
2189 3161 2331 3231 quod
2384 3162 2471 3217 hic
2515 3163 2729 3220 turbare
2769 3164 3051 3223 videbatur
3075 3207 3090 3233 ,
3141 3167 3403 3224 medelam

1820 3247 1997 3305 affert.
2052 3250 2261 3305 Etenim
2318 3251 2434 3307 haec
2474 3252 2581 3309 duo
2623 3254 2838 3310 Judwos
2885 3257 3209 3324 turbabant;
3244 3275 3406 3315 unum

1820 3339 2056 3409 quidem,
2085 3342 2128 3396 si
2161 3341 2195 3395 ii
2237 3342 2324 3411 qui
2354 3357 2475 3398 cum
2516 3344 2769 3415 operibus
2812 3348 3008 3402 servati
3039 3363 3145 3403 non
3178 3350 3405 3412 fuerant,

1822 3440 2042 3499 possent
2070 3431 2187 3487 sine
2212 3432 2469 3502 operibus
2513 3435 2754 3502 servari;
2783 3436 2929 3492 aliud
2957 3453 3106 3502 vero,
3135 3439 3178 3494 si
3202 3441 3407 3510 justum

1822 3534 1966 3578 esset
1993 3526 2338 3594 praeputiatos
2361 3526 2550 3583 iisdem
2576 3528 2705 3597 ipsis
2732 3529 2853 3596 frui,
2883 3530 3035 3600 queis
3058 3531 3114 3598 ii,
3146 3534 3235 3602 qui
3261 3543 3409 3588 tanto

1826 3622 2065 3684 tempore
2098 3616 2146 3669 in
2176 3617 2293 3687 lege
2321 3618 2541 3674 enutriti
2566 3629 2754 3685 erant;
2798 3620 2849 3675 id
2888 3622 3029 3691 quod
3058 3623 3214 3693 longe
3242 3626 3410 3696 magis

1824 3705 1947 3760 illos
1978 3706 2245 3772 turbabat,
2275 3724 2433 3777 quam
2467 3710 2615 3780 prior
2642 3711 2731 3765 illa
2754 3710 3064 3769 difﬁcultas.
3109 3714 3232 3771 Ideo
3262 3727 3409 3785 post-

1824 3814 1982 3869 quam
2028 3800 2160 3855 illud
2209 3801 2545 3870 probaverat,
2591 3803 2659 3859 ad
2712 3802 2815 3859 hoc
2862 3805 3078 3861 domum
3123 3808 3410 3876 procedit:

1825 3890 1967 3959 quod
1994 3892 2073 3947 sic
2106 3891 2322 3948 Judzeos
2365 3894 2633 3961 turbabat,
2681 3904 2738 3950 ut
2782 3905 2903 3966 post
2945 3909 3218 3969 acceptam
3252 3900 3411 3955 fidem

1825 3981 2042 4037 Petrum
2076 3983 2177 4039 hac
2205 3983 2273 4039 de
2303 3999 2462 4040 causa
2490 3986 2818 4053 incusarent,
2850 3987 2921 4042 ob
2939 3986 3249 4044 Cornelium
3274 4001 3323 4047 et
3347 4007 3410 4052 ea

1822 4070 1946 4145 qua:
1974 4075 2039 4130 ad
2069 4077 2245 4146 ipsum
2264 4078 2602 4147 spectabant.
2632 4078 2769 4147 Quid
2792 4095 2921 4151 ergo
2947 4082 3067 4138 ait?
3094 4082 3415 4139 Arbitrantur

1826 4182 1945 4238 ergo
1968 4168 2071 4236 ﬁde
2106 4169 2383 4238 justiﬁcari
2418 4162 2669 4225 hominem
2711 4172 2822 4226 sine
2862 4174 3095 4243 operibus
3121 4174 3267 4246 legis.
3296 4176 3413 4232 Non

1827 4258 1983 4324 dixit,
2008 4258 2271 4327 Judaeum,
2303 4261 2388 4316 vel
2414 4276 2535 4323 eum
2567 4262 2657 4332 qui
2687 4263 2788 4319 sub
2811 4263 2927 4336 lege
2955 4276 3100 4321 esset
3125 4284 3141 4333 ;
3170 4267 3263 4324 sed
3293 4282 3416 4324 ora-

1830 4350 2029 4408 tionem
2054 4350 2107 4406 in
2130 4351 2289 4408 latius
2312 4353 2542 4423 spatium
2573 4353 2829 4423 educens,
2859 4366 2916 4411 et
2939 4356 3055 4413 orbi
3081 4357 3268 4414 salutis
3294 4374 3419 4430 por-

1831 4455 1913 4503 tas
1937 4447 2207 4517 aperiens,
2240 4446 2389 4513 dicit,
2433 4445 2727 4516 Hominem,
2773 4463 3061 4507 commune
3086 4461 3292 4508 naturae
3322 4469 3421 4508 no-

1831 4558 1954 4597 men
1984 4556 2268 4612 usurpans.
2296 4541 2498 4599 Deinde
2523 4544 2805 4600 occasione
2858 4542 2985 4600 hinc
3026 4555 3261 4616 sumpta,
3310 4560 3419 4602 non

1832 4634 2057 4705 positam
2084 4634 2441 4704 objectionem
2469 4634 2645 4691 solvit.
2674 4635 2806 4702 Quia
2827 4636 2969 4691 enim
2994 4637 3287 4693 verisimile
3304 4647 3422 4692 erat

1832 4727 2066 4795 Judzeos,
2090 4742 2306 4784 omnem
2334 4728 2607 4784 hominem
2633 4743 2662 4783 a
2690 4727 2795 4784 ﬁde
2818 4728 3097 4798 justiﬁcari
3118 4728 3420 4796 audientes,

1834 4820 1888 4875 id
1915 4835 2058 4891 aegre
2088 4821 2226 4876 ferre
2256 4828 2311 4876 et
2339 4819 2467 4876 hinc
2504 4819 2725 4888 oll’endi,
2767 4821 2963 4891 adjecit
2990 4839 3004 4876 :
3037 4822 3125 4878 9.9.
3154 4823 3296 4877 Num
3322 4823 3425 4883 Ju-

1835 4912 2064 4967 dteorum
2109 4911 2247 4967 Deus
2286 4913 2524 4967 tantum?
2551 4927 2615 4968 ac
2656 4912 2703 4968 si
2741 4912 2982 4969 diceret:
3009 4913 3118 4970 Cur
3146 4915 3289 4970 enim
3322 4915 3426 4971 hoc

1835 5004 1929 5059 tibi
1956 5004 2246 5060 absurdum
2288 5020 2409 5061 esse
2437 5006 2668 5071 videtur,
2696 5005 2839 5075 quod
2865 5006 3041 5063 omnis
3083 5007 3246 5063 homo
3275 5010 3424 5066 salu-

1839 5106 1943 5153 tem
1974 5098 2370 5166 consequatur?
2402 5112 2527 5153 num
2556 5098 2698 5153 Deus
2722 5098 2862 5168 parti
2888 5098 2978 5153 uni
3002 5107 3208 5155 tantum
3240 5100 3426 5156 favet?

1838 5192 1963 5249 hinc
1989 5191 2278 5246 ostendens
2307 5191 2447 5255 illos,
2478 5190 2606 5246 dum
2642 5190 2893 5261 gentibus
2934 5192 3144 5247 molesti
3174 5206 3296 5248 esse
3326 5207 3424 5245 vo-

1837 5282 1972 5350 lunt,
2004 5283 2097 5338 Dei
2119 5283 2342 5352 gloriam
2372 5282 2548 5352 potius
2579 5282 2920 5349 labefactare,
2953 5285 2997 5338 si
3025 5298 3132 5339 non
3157 5283 3340 5339 sinunt
3365 5283 3429 5337 il-

1838 5374 1946 5429 lum
1971 5374 2209 5428 omnium
2237 5387 2357 5428 esse
2386 5373 2574 5429 Deum.
2600 5373 2654 5429 Si
2680 5382 2856 5428 autem
2885 5373 3122 5429 omnium
3152 5373 3290 5429 Deus
3319 5383 3422 5437 est,

1836 5465 2085 5521 omnibus
2107 5466 2267 5520 etiam
2295 5463 2537 5533 providet
2564 5474 2577 5518 ξ
2601 5462 2649 5520 si
2678 5464 2925 5520 omnibus
2947 5464 3210 5534 providet.
3234 5478 3427 5518 omnes

1838 5556 2084 5611 similiter
2111 5570 2206 5626 per
2234 5555 2395 5610 tidem
2417 5566 2626 5622 servat;
2657 5554 2778 5612 ideo
2804 5556 2880 5609 ait
2907 5572 2921 5608 :
2955 5553 3097 5609 Num
3125 5553 3428 5608 ludis-orum

1842 5649 1978 5704 Deus
1998 5658 2192 5703 tantum
2212 5649 2238 5703 Ζ)
2265 5663 2433 5703 nonne
2460 5649 2722 5719 gentium?
2744 5648 2845 5703 into
2873 5659 2916 5702 et
2934 5648 3181 5717 gentium.
3202 5644 3319 5700 Non
3345 5654 3431 5700 est

1838 5742 1979 5799 enim
2012 5742 2202 5812 partim
2243 5742 2402 5809 Deus,
2435 5750 2491 5797 ut
2533 5741 2841 5798 Graecorum
2870 5739 3062 5796 fabulae
3098 5736 3295 5804 ferunt,
3327 5736 3422 5793 sed
