3950 6442
526 387 828 444 communis
847 388 1084 445 omnium
1109 396 1165 445 et
1190 402 1326 443 unus
1350 405 1365 453 ;
1391 388 1508 443 ideo
1525 388 1795 459 subiungit
1817 407 1830 443 :
1854 389 1943 445 50.
1970 388 2112 457 Quo-

528 483 667 536 aiam
696 498 828 536 unus
857 494 932 536 est
957 481 1113 537 Deus.
1159 480 1271 535 iloc
1302 489 1404 547 est,
1439 478 1578 534 idem
1623 480 1736 551 ipse
1763 490 1818 535 et
1841 480 2030 536 horum
2056 488 2110 535 et

528 577 739 631 illorum
772 576 1047 631 DJminus.

599 668 930 721 Providentia
969 666 1248 720 communis
1276 665 1525 719 omnibus.
1551 694 1625 706 —
1642 663 1696 720 Si
1720 672 1897 720 autem
1924 671 2107 719 vetera

526 759 654 813 mihi
698 758 851 824 dicis,
884 769 1006 811 tunc
1034 772 1243 827 quoque
1274 756 1603 825 providentia
1642 755 1942 811 communis
1969 765 2102 820 erat,

522 850 623 905 etsi
655 850 865 903 diverso
896 846 1052 901 modo
1096 865 1110 901 :
1138 847 1335 901 etenim
1365 847 1458 901 tibi
1492 846 1577 901 lex
1610 848 1807 916 scripta
1836 846 1957 901 data
1985 845 2104 911 fuit,

526 942 633 996 illis
656 957 781 997 vero
812 945 895 998 lex
919 940 1210 1005 naturalis;
1235 949 1289 996 et
1314 940 1368 994 hi
1399 940 1529 995 nihil
1553 941 1727 996 minus
1752 941 2037 1004 habebant,
2061 941 2106 995 si

525 1033 840 1097 voluissent,
866 1032 958 1086 sed
978 1031 1190 1087 vincere
1216 1040 1457 1102 poterant
1486 1049 1500 1087 :
1532 1048 1697 1102 quare
1720 1033 1946 1101 idipsum
1975 1032 2105 1087 sub-

522 1123 781 1190 indicans,
827 1122 1022 1190 adjecit
1058 1141 1071 1176 :
1110 1122 1207 1188 Qui
1254 1123 1551 1195 justi/icabit
1579 1124 2004 1178 circumcisionem
2043 1139 2107 1178 ea:

519 1216 640 1282 ﬁde,
669 1224 715 1268 et
747 1216 1051 1285 prmputium
1081 1232 1169 1285 per
1198 1215 1348 1283 ﬁdem
1371 1233 1391 1281 ;
1432 1219 1606 1285 priora
1655 1216 1722 1270 de
1764 1216 2023 1285 prtrputio
2050 1225 2104 1270 et

517 1306 930 1361 circumcisione
959 1307 1098 1360 dicta
1129 1307 1233 1361 illis
1266 1307 1317 1360 in
1362 1318 1595 1362 mentem
1637 1322 1921 1372 revocans,
1950 1306 2104 1376 queis

516 1398 901 1454 demonstravit
930 1399 1127 1453 nullam
1158 1413 1281 1453 esse
1310 1398 1688 1454 differentiam.
1717 1399 1868 1465 Quod
1900 1399 1943 1453 si
1978 1407 2103 1453 tunc

515 1492 659 1546 nulla
706 1499 820 1546 erat
863 1491 1183 1556 differentia,
1228 1492 1395 1545 multo
1439 1492 1607 1561 magis
1649 1506 1836 1546 nunc:
1877 1490 1927 1544 id
1960 1490 2101 1560 quod

514 1584 838 1652 clariusjam
867 1583 1118 1653 probans,
1152 1582 1384 1637 ostendit
1408 1595 1691 1652 utrumque
1720 1582 1965 1636 similiter
1996 1580 2101 1637 ﬁde

513 1689 650 1741 Opus
695 1673 911 1728 habere.
956 1674 1045 1728 3i.
1078 1673 1259 1743 Legem
1297 1690 1436 1742 ergo,
1468 1673 1657 1742 inquit,
1689 1674 1989 1726 destruimus
2013 1689 2100 1741 per

513 1760 713 1833 [Μέθην
739 1764 902 1832 Absit,
934 1764 1034 1817 imo
1061 1765 1215 1833 legem
1238 1766 1524 1818 statuimus.
1561 1764 1744 1818 Viden’
1764 1763 2098 1833 prudentiam

513 1858 711 1911 variam
740 1867 794 1911 et
823 1856 1182 1912 inc-ﬂabilem?
1213 1857 1342 1911 Nam
1371 1872 1435 1912 eo
1462 1858 1597 1927 ipso,
1625 1858 1766 1928 quod
1790 1857 1936 1923 dicit,
1970 1857 2097 1914 Sta-

513 1950 718 2013 tuimus,
742 1950 976 2004 ostendit
1004 1965 1120 2004 eam
1150 1965 1256 2003 non
1290 1958 1453 2016 stare,
1484 1949 1576 2004 sed
1600 1950 1827 2005 solutam
1856 1964 1998 2005 esse.
2032 1950 2098 2004 Et

512 2041 633 2095 vide
676 2049 873 2111 quanta
916 2043 989 2095 sit
1032 2041 1178 2094 Pauli
1210 2041 1381 2095 virtus
1419 2050 1473 2095 et
1503 2042 1582 2095 vis
1626 2040 1844 2111 ingenii,
1891 2051 2093 2097 etcum

510 2141 706 2201 quanta
740 2132 988 2187 facilitate
1017 2147 1078 2186 ea
1104 2147 1224 2202 qua:
1245 2132 1351 2185 vult
1380 2131 1589 2201 probet.
1623 2131 1720 2186 llic
1749 2132 1890 2186 enim
1912 2141 2096 2187 osten-

508 2228 588 2281 dit
618 2225 772 2280 ﬁdem
804 2242 907 2279 non
938 2225 1095 2279 modo
1123 2240 1152 2278 a
1181 2225 1294 2294 lege
1327 2239 1431 2279 non
1456 2224 1779 2288 labefactari,
1812 2224 1905 2279 sed
1931 2225 2093 2280 etiam

507 2319 577 2371 ab
604 2318 689 2371 illa
728 2317 923 2386 juvari,
954 2325 1113 2387 atque
1143 2315 1304 2370 etiam
1332 2315 1503 2384 legem
1546 2314 1666 2369 ﬁdei
1698 2316 1837 2369 viam
1882 2329 2091 2385 parare.

509 2408 660 2464 Sicut
685 2409 826 2463 enim
870 2409 951 2462 lex
999 2416 1324 2477 praavertens
1355 2406 1476 2461 ﬁdei
1519 2400 1797 2462 testiﬁcata
1832 2415 1916 2463 est
1944 2409 2091 2478 (nam

506 2504 601 2565 ait,
633 2501 925 2570 Testificata
948 2518 980 2554 a
1006 2502 1114 2571 lege
1136 2510 1184 2556 et
1205 2500 1482 2571 prophetis)
1511 2518 1524 2554 :
1556 2501 1635 2556 sic
1659 2509 1713 2555 et
1751 2501 1882 2557 ﬁdes
1920 2501 2091 2572 legem

507 2593 843 2648 deiicientem
876 2591 1149 2647 stabilivit.
1184 2592 1252 2646 Et
1294 2591 1586 2661 quomodo,
1621 2591 1849 2663 inquies,
1883 2592 2090 2647 stabili~

508 2686 625 2739 vit?
648 2686 913 2754 quodnam
942 2695 1055 2739 erat
1081 2684 1212 2753 legis
1238 2698 1393 2753 opus,
1424 2693 1477 2738 ct
1504 2698 1599 2739 cur
1620 2685 1799 2739 omnia
1827 2684 2050 2740 faciebat
2067 2684 2095 2739 τ

511 2779 579 2834 Ut
609 2779 877 2834 hominem
908 2777 1108 2848 justum
1137 2776 1356 2831 faceret.
1397 2776 1594 2831 Verum
1645 2777 1732 2832 lex
1772 2777 1824 2831 id
1854 2792 1959 2831 non
1993 2792 2089 2847 po-

511 2871 609 2925 tuit
635 2888 649 2924 :
680 2885 821 2934 nam,
874 2868 1059 2923 Omnes
1089 2877 1437 2940 peccaverunt,
1477 2868 1684 2938 inquit;
1735 2870 1869 2925 ﬁdes
1910 2880 2090 2926 autem

511 2962 729 3016 veniens
776 2961 828 3015 id
879 2961 1167 3029 praastitit;
1220 2960 1377 3014 simul
1419 2960 1563 3015 enim
1593 2969 1653 3015 ut
1699 2960 1819 3031 quis
1864 2961 2092 3016 credidit

508 3052 825 3123 justiﬁeatus
849 3063 951 3108 est.
997 3052 1160 3122 Igitur
1201 3051 1334 3122 legis
1375 3051 1702 3106 voluntatem
1732 3052 2008 3120 stabilivit,
2037 3061 2093 3109 et

508 3148 563 3201 id
592 3147 744 3215 cujus
784 3160 944 3201 causa
974 3146 1153 3202 omnia
1197 3147 1283 3201 lex
1329 3145 1577 3209 faciebat,
1624 3148 1791 3217 gratia
1820 3148 1885 3202 ad
1930 3148 2090 3204 ﬁnem

506 3238 748 3293 deduxit.
792 3236 911 3292 Non
955 3252 1086 3306 ergo
1132 3238 1276 3291 illam
1320 3237 1615 3308 abrogavit,
1662 3239 1756 3295 sed
1800 3240 2091 3309 perfectam

512 3331 759 3387 reddidit.
799 3331 921 3385 Tria
964 3332 1124 3401 igitur
1168 3330 1254 3385 hic
1279 3330 1689 3394 demonstravit,
1721 3341 1775 3387 et
1803 3332 1943 3402 quod
1974 3334 2091 3389 sine

507 3425 622 3494 lege
648 3424 815 3494 possit
843 3422 1318 3492 homojustiﬁcari,
1348 3431 1402 3477 et
1425 3423 1566 3492 quod
1592 3423 1644 3477 id
1666 3424 1751 3479 lex
1779 3439 1882 3479 non
1905 3433 2093 3495 potue-

509 3520 597 3583 rit,
630 3517 877 3588 quodque
906 3516 1039 3573 ﬁdes
1062 3532 1181 3571 cum
1214 3517 1331 3588 lege
1376 3532 1484 3571 non
1516 3528 1739 3588 pugnet.
1780 3518 1916 3586 Quia
1946 3522 2088 3576 enim

511 3614 612 3666 l:oc
651 3612 883 3665 maxime
931 3609 1147 3664 .ludzeos
1191 3609 1457 3673 turbabat,
1498 3610 1641 3680 quod
1669 3611 1801 3666 ﬁdes
1829 3613 1930 3682 legi
1957 3629 2089 3668 con-

509 3706 668 3758 traria
698 3703 987 3768 videretur,
1032 3703 1149 3772 plus
1175 3702 1433 3767 ostendit,
1478 3718 1637 3772 quam
1685 3703 1901 3759 Judzeus
1943 3706 2086 3772 velit,

504 3796 646 3863 quod
677 3810 780 3849 non
807 3793 964 3849 modo
989 3810 1094 3848 non
1131 3792 1200 3848 sit
1229 3793 1518 3859 contraria,
1548 3793 1642 3848 sed
1670 3796 1830 3849 etiam
1853 3811 1972 3850 cum
2000 3796 2091 3852 illa

510 3898 707 3959 μιεηθι
734 3898 790 3944 et
825 3895 1185 3959 cooperetur;
1233 3885 1375 3957 quod
1418 3887 1650 3942 maxime
1688 3887 1766 3941 illi
1804 3889 2092 3959 cupiebant

507 3982 715 4036 audire.

573 4074 626 4128 5.
654 4073 850 4127 Caritas
872 4082 1032 4128 mater
1055 4071 1298 4127 bonorum
1325 4072 1570 4127 omnium.
1601 4070 1793 4127 Contra
1821 4072 2085 4129 invidiam.

502 4193 574 4205 ——-
598 4163 702 4218 Sed
730 4164 848 4233 quia
876 4171 998 4233 post
1032 4165 1255 4232 gratiam
1302 4162 1441 4217 hanc
1464 4205 1479 4230 ,
1510 4178 1605 4232 per
1635 4179 1792 4233 quam
1817 4164 2089 4234 justiﬁeati

504 4272 688 4311 sumus
708 4298 722 4321 ,
756 4257 892 4310 bona
920 4258 1025 4310 vita
1061 4270 1197 4326 opus
1224 4265 1309 4311 est
1328 4297 1342 4321 ,
1374 4256 1590 4326 dignum
1618 4256 1762 4311 dono
1789 4266 1935 4312 tanto
1961 4270 2091 4311 stu-

504 4352 649 4405 dium
698 4348 1042 4404 exhibeamus
1080 4366 1093 4401 :
1130 4347 1503 4403 exhibebimus
1552 4358 1728 4403 autem
1770 4349 1816 4404 si
1861 4358 2088 4405 matrem

507 4446 771 4497 honorum
816 4442 1055 4496 omnium
1100 4440 1375 4495 caritatem
1422 4455 1543 4495 cum
1588 4454 1777 4511 magna
1817 4440 2087 4510 diligentia

504 4549 804 4591 servemus.
834 4534 930 4589 Est
959 4540 1135 4587 autem
1158 4531 1351 4586 caritas
1380 4547 1485 4585 non
1514 4531 1652 4587 nuda
1672 4532 1829 4587 verba
1861 4540 1916 4587 et
1943 4533 2088 4587 salu-

507 4631 756 4691 lationes,
790 4627 885 4683 sed
917 4625 1222 4696 prtesidium
1253 4634 1307 4679 et
1354 4624 1610 4679 exhibilin
1633 4638 1892 4694 operum;
1938 4624 2088 4679 verbi

502 4723 693 4792 gratia,
726 4726 1092 4791 paupertatem
1117 4716 1301 4779 solari,
1332 4716 1489 4786 mgris
1519 4716 1790 4785 opitulari,
1814 4732 1841 4768 a
1872 4717 2086 4785 pericu-

502 4816 570 4872 lis
613 4814 862 4878 liberare,
892 4811 947 4865 in
991 4809 1292 4865 calamitate
1342 4807 1678 4862 versantibus
1723 4808 1930 4872 adesse,
1958 4808 2087 4865 ﬂere

501 4924 623 4962 cum
672 4905 958 4970 flentibus,
998 4901 1230 4974 gaudere
1279 4915 1399 4953 cum
1454 4899 1849 4969 gaudentibus:
1884 4916 2004 4954 nam
2033 4908 2088 4955 et

503 5001 605 5054 hoc
627 5015 690 5054 ex
719 4998 942 5053 caritate
970 4993 1322 5065 proﬁciscitur
1351 5008 1363 5044 :
1394 4990 1493 5044 etsi
1520 5003 1736 5059 parvum
1759 4991 1883 5060 quid
1908 4990 2087 5044 videa-

502 5104 589 5144 tur
609 5104 749 5154 esse,
781 5087 1012 5158 gaudere
1046 5100 1167 5140 cum
1188 5082 1562 5153 gaudentibus,
1588 5096 1835 5152 magnum
1867 5081 1915 5135 id
1938 5092 2093 5163 certe.

502 5191 582 5235 est
603 5220 618 5246 ,
658 5188 714 5234 et
739 5179 901 5231 animi
932 5176 1233 5246 ρίιίιοεοριιί
1281 5190 1437 5244 opus.
1468 5174 1766 5243 MultOSque
1803 5174 2043 5229 invenias
2065 5215 2081 5242 ,

502 5272 594 5339 qui
616 5312 631 5336 ,
661 5268 802 5339 quod
835 5268 1113 5322 molestius
1142 5277 1224 5321 est
1246 5307 1261 5331 ,
1292 5266 1456 5335 probe
1485 5264 1718 5329 faciant,
1749 5265 1842 5319 sed
1873 5265 1975 5321 hoc
2000 5269 2082 5320 le-

503 5366 624 5417 nius
648 5360 882 5415 ofﬁcium
911 5359 1000 5413 vix
1039 5367 1312 5427 prastent.
1346 5357 1493 5411 Multi
1540 5371 1768 5426 namque
1806 5356 1937 5411 ﬁent
1959 5372 2080 5412 cum

502 5454 775 5518 ﬂentibus,
804 5464 905 5505 nec
930 5449 1160 5520 gaudere
1197 5449 1384 5502 volunt
1422 5463 1543 5503 cum
1573 5448 1924 5518 gaudentibus
1945 5491 1961 5513 ,
1986 5452 2079 5505 sed

498 5546 616 5601 aliis
645 5542 1001 5616 gaudentibus
1034 5540 1428 5613 lacrymantur;
1459 5538 1509 5593 id
1537 5539 1677 5609 quod
1706 5556 1771 5593 ex
1802 5540 1996 5597 invidia
2028 5551 2087 5599 et.

500 5641 667 5693 livore
713 5635 1088 5707 proﬁciscitur.
1116 5632 1232 5688 Non
1266 5648 1483 5703 parvum
1527 5647 1654 5702 ergo
1681 5632 1914 5687 ofﬁcium
1954 5642 2079 5706 est,

500 5732 662 5787 fratre
690 5729 956 5801 gaudente
1000 5725 1232 5799 gaudere
1257 5769 1270 5794 ,
1299 5726 1391 5781 sed
1423 5734 1475 5780 et
1508 5725 1674 5781 altero
1702 5726 2071 5795 prmstantius,

1306 271 1364 329 S.
1404 272 1680 331 .lOANNlS
1716 268 2182 331 CHRYSOSTOMI
2219 270 2533 331 ARCﬂlEP.
2574 275 3105 339 CONSTANTINOP.
3694 288 3775 345 ιιι

2220 403 2327 443 non
2355 397 2556 445 tantum
2586 391 2676 446 illo
2701 393 2879 449 ofﬁcio
2899 393 3063 450 ﬂendi
3087 409 3209 451 eum
3232 395 3506 465 ﬂentibus,
3522 400 3618 456 sed
3642 404 3777 461 etiam

2219 478 2311 533 illo
2339 480 2464 546 alio,
2496 497 2603 551 quo
2631 483 2821 539 fratres
2844 485 2897 540 in
2923 486 3161 556 periculo
3189 488 3513 546 constitutos
3534 470 3776 561 juvamus.

2215 569 2361 626 Multi
2423 588 2651 644 namque
2700 589 2820 631 cum
2869 579 3294 648 periclitantibus
3323 584 3627 652 periculum
3670 590 3777 641 sub-

2214 672 2363 727 eunt,
2396 664 2489 719 sed
2520 664 2777 722 fratribus
2804 683 3060 738 prospere
3086 674 3365 742 agentibus
3406 677 3717 731 mordentur
3737 690 3780 734 et

2213 756 2518 810 cruciantur
2558 774 2572 810 :
2611 766 2754 812 tanta
2794 770 2879 815 est
2920 761 3134 817 invidia:
3178 765 3419 835 tyrannis
3453 784 3469 821 :
3499 769 3630 823 licet
3672 770 3779 823 illud

2212 860 2331 899 cum
2357 846 2541 902 labore
2563 858 2612 902 et
2642 848 2839 905 sudore
2864 850 3171 920 perﬁciatur
3196 894 3211 919 ,
3246 856 3349 910 hoc
3374 868 3557 912 autem
3590 875 3653 914 ex
3679 876 3782 929 pro-

2212 937 2384 1007 posito
2432 949 2484 992 et
2532 954 2597 993 ex
2642 940 2754 994 sola
2787 942 3063 999 voluntate
3091 946 3477 1015 proﬁciscatur.
3507 950 3622 1006 Sed
3649 954 3781 1009 multi

2212 1027 2350 1094 quod
2378 1029 2653 1083 molestius
2680 1040 2762 1085 est
2790 1030 3042 1096 ferentes,
3076 1036 3217 1105 quod
3249 1036 3478 1107 facilius,
3509 1057 3621 1095 non
3654 1044 3783 1111 perﬁ-

2210 1120 2376 1187 ciunt,
2427 1120 2521 1176 sed
2551 1122 2829 1178 tabescunt
2872 1132 2927 1179 et
2973 1136 3232 1196 pereunt,
3264 1144 3385 1184 cum
3438 1133 3627 1186 vident
3667 1137 3781 1187 alios

2209 1212 2355 1268 clare
2383 1223 2437 1268 et
2477 1229 2735 1284 prOSpere
2778 1227 3035 1287 agentes;
3073 1234 3194 1275 cum
3238 1222 3537 1280 Eeclesiam
3573 1240 3781 1281 cernunt

2210 1312 2372 1358 totam
2398 1314 2489 1359 aut
2519 1307 2682 1362 verbo
2707 1317 2797 1361 aut
2826 1308 2933 1362 alio
2959 1312 3187 1380 quodam
3216 1313 3377 1369 modo
3394 1314 3575 1384 juvari
3603 1330 3655 1371 et
3683 1336 3776 1373 rem

2209 1392 2347 1450 bene
2387 1410 2576 1465 gerere
2608 1413 2623 1451 :
2656 1413 2763 1468 quo
2787 1399 2911 1469 quid
2941 1400 3177 1457 deterius
3204 1403 3405 1459 fuerit?
3430 1406 3620 1477 Neque
3654 1413 3777 1465 enim

2206 1501 2327 1541 cum
2357 1487 2519 1543 fratre
2543 1498 2769 1557 tantum,
2798 1493 2893 1547 sed
2923 1494 3083 1549 etiam
3114 1510 3237 1551 cum
3270 1498 3550 1555 voluntate
3578 1502 3668 1556 Dei
3692 1520 3773 1573 pu-

2205 1587 2333 1648 gnat
2357 1580 2444 1649 qui
2476 1579 2596 1635 talis
2635 1590 2737 1636 est.
2770 1582 2880 1638 Hoc
2919 1599 3048 1655 ergo
3090 1586 3475 1656 considerans,
3508 1605 3775 1661 compesce

2205 1669 2450 1724 morbum
2480 1672 2651 1738 hunc;
2680 1681 2734 1726 et
2776 1674 2821 1729 si
2869 1689 2975 1729 non
3018 1676 3314 1744 proximum
3349 1679 3453 1745 vis,
3489 1682 3679 1737 saltem
3708 1693 3773 1737 te~

2206 1760 2375 1831 ipsum
2406 1779 2435 1817 a
2468 1766 2737 1821 sexcentis
2776 1782 2905 1822 erue
2942 1769 3116 1825 malis.
3148 1770 3256 1825 Cur
3295 1771 3499 1827 bellum
3533 1774 3696 1831 infers
3729 1778 3771 1830 in

2204 1856 2555 1925 cogitationes
2581 1858 2740 1912 tuas?
2766 1873 2863 1914 cur
2908 1861 3137 1915 tumultu
3171 1864 3401 1917 animam
3451 1867 3635 1934 reples
3652 1867 3675 1920 ?
3692 1884 3775 1922 cur

2204 1954 2574 2015 tempestatem
2621 1950 2843 2014 exeitas,
2874 1960 2928 2006 et
2969 1966 3058 2007 res
3101 1966 3191 2007 sus
3220 1952 3393 2025 deque
3420 1957 3631 2011 vertis?
3652 1973 3771 2027 quo-

2201 2038 2362 2093 modo
2383 2040 2463 2092 sic
2488 2038 2707 2095 affectus
2728 2053 3068 2111 peccatorum
3093 2046 3301 2100 veniam
3334 2058 3522 2116 petere
3551 2051 3774 2105 valebis?

2199 2128 2336 2185 Nam
2368 2132 2411 2185 si
2442 2133 2579 2187 Deus
2604 2145 2818 2201 peccata
2848 2150 2953 2189 non
2984 2137 3209 2191 remittit
3247 2140 3330 2205 iis,
3362 2142 3455 2210 qui
3483 2141 3590 2195 sibi
3621 2143 3775 2198 illatas

2200 2224 2424 2291 injurias
2466 2240 2571 2279 non
2617 2228 2932 2294 remittunt,
2962 2246 3120 2299 quam
3148 2232 3354 2286 veniam
3386 2234 3541 2288 dabit
3572 2237 3668 2295 iis.
3698 2240 3774 2307 qui

2198 2314 2330 2372 nihil
2380 2328 2439 2370 se
2470 2314 2781 2373 lardentibus
2823 2318 3018 2374 damna
3072 2320 3271 2377 inferre
3317 2328 3629 2381 conantur?
3660 2328 3773 2383 Illud

2199 2416 2346 2462 certe
2373 2416 2627 2463 extremae
2665 2411 2914 2480 nequitia:
2956 2424 3324 2481 argumentum
3367 2426 3450 2470 est
3487 2435 3499 2470 :
3534 2420 3625 2472 oui
3663 2421 3775 2475 tales

2198 2508 2362 2567 sunt,
2390 2514 2509 2555 cum
2549 2500 2763 2556 diabolo
2805 2502 3100 2559 Ecclesium
3148 2518 3477 2579 Oppugnant.
3540 2510 3778 2567 Fortasse

2198 2606 2328 2646 vero
2366 2595 2527 2646 etiam
2582 2592 2741 2661 longe
2796 2593 3036 2650 deterius
3082 2598 3279 2652 malum
3327 2610 3411 2654 est.
3458 2620 3470 2655 :
3516 2617 3545 2653 a
3581 2603 3777 2658 diabolo

2198 2683 2341 2738 enim
2365 2698 2554 2739 cavere
2574 2698 2893 2755 possumus;
2922 2684 2975 2741 hi
3006 2695 3184 2742 autem
3206 2690 3459 2745 amicitia:
3481 2693 3686 2747 larvam
3712 2696 3778 2749 fe-

2197 2775 2486 2835 runt,clam
2518 2775 2695 2846 ignem
2722 2778 3075 2843 succendunt,
3107 2794 3271 2850 seque
3302 2783 3510 2852 primos
3542 2786 3598 2837 in
3628 2786 3780 2839 carni.

2198 2882 2324 2922 num
2356 2866 2597 2936 injiciunt
2618 2909 2632 2933 ,
2663 2877 2717 2923 et
2745 2869 2933 2925 morbo
2960 2882 3297 2941 premuntur,
3335 2875 3427 2943 qui
3473 2891 3586 2929 non
3634 2877 3779 2931 modo

2198 2959 2619 3015 misericordiam
2661 2975 2881 3017 movere
2927 2972 3194 3034 nequeat,
3238 2964 3331 3020 sed
3362 2967 3531 3021 etiam
3566 2969 3777 3023 multum

2196 3051 2361 3105 risum
2390 3051 2607 3106 excitet.
2643 3051 2752 3107 Cur
2782 3053 3050 3124 pallescis,
3078 3070 3260 3125 qtttcso
3288 3098 3303 3123 ,
3338 3060 3567 3125 tremis,
3597 3070 3652 3115 et
3680 3060 3779 3114 for-

2196 3143 2489 3199 midolosus
2520 3144 2616 3198 es?
2643 3145 2770 3216 quid
2816 3146 2944 3201 mali
2989 3148 3221 3202 accidit?
3244 3149 3384 3219 quod
3413 3151 3604 3206 clarus
3630 3151 3781 3207 frater

2196 3237 2288 3305 sit,
2309 3237 2449 3307 quod
2478 3237 2788 3308 splendidus
2815 3248 2871 3295 et
2900 3239 3200 3309 probatus?
3228 3241 3386 3312 Atqui
3438 3252 3493 3298 te
3538 3258 3779 3298 coronam

2196 3341 2471 3384 assumere
2494 3329 2779 3398 oportebat
2802 3372 2817 3390 .
2850 3330 3082 3401 gaudere
3101 3372 3117 3398 ,
3146 3332 3255 3387 Deo
3292 3333 3525 3403 gloriam
3556 3336 3776 3401 referre,

2196 3421 2337 3492 quod
2363 3421 2661 3477 membrum
2695 3430 2841 3477 tuum
2864 3422 3201 3492 splendidum
3222 3433 3275 3479 et
3302 3425 3516 3481 illustre
3546 3430 3617 3482 sit
3648 3446 3661 3481 :
3692 3429 3779 3482 sed

2196 3513 2368 3579 doles,
2400 3512 2542 3583 quod
2579 3513 2718 3568 Deus
2742 3512 3087 3583 gloriﬁcatur.
3118 3514 3307 3570 Viden’
3325 3533 3435 3587 quo
3458 3519 3647 3574 tendat
3680 3521 3781 3574 bel-

2196 3605 2343 3661 lum?
2373 3608 2443 3661 At
2467 3621 2573 3661 non
2604 3605 2765 3661 doleo
2789 3647 2803 3672 ,
2836 3607 3044 3677 inquies
3067 3649 3083 3673 ,
3116 3609 3258 3678 quod
3290 3608 3437 3665 Deus
3460 3650 3476 3673 ,
3505 3611 3605 3666 sed
3648 3612 3778 3682 quod

2197 3698 2361 3754 frater
2384 3699 2552 3769 gloria
2573 3697 2857 3754 afﬁciatur.
2875 3699 3074 3755 Verum
3104 3718 3197 3772 per
3217 3702 3358 3758 hunc
3386 3706 3456 3759 ad
3487 3706 3659 3761 Deum
3686 3709 3782 3776 glo-

2198 3791 2274 3845 ria
2304 3791 2546 3845 ascendit
2570 3808 2585 3857 ;
2618 3791 2844 3860 proinde
2865 3803 2918 3848 et
2940 3793 3135 3848 bellum
3156 3810 3186 3849 a
3214 3806 3266 3851 te
3292 3810 3571 3853 exortum.
3598 3804 3666 3854 At
3684 3817 3779 3854 tum

2198 3881 2299 3936 hoc
2325 3882 2455 3936 mihi
2480 3882 2751 3951 displicet,
2778 3883 3007 3954 inquies,
3035 3885 3129 3941 sed
3157 3902 3254 3955 per
3279 3902 3365 3943 me
3386 3890 3589 3944 vellem
3624 3892 3779 3945 Deum

2195 3974 2364 4043 gloria
2410 3974 2573 4029 afﬁci.
2608 3974 2749 4045 Ergo
2789 3976 2961 4046 gaude
3003 3976 3227 4033 florente
3268 3979 3434 4035 fratre
3460 4024 3475 4046 ,
3508 3993 3565 4035 et
3606 3999 3701 4052 per
3736 3994 3781 4037 te

2197 4067 2338 4122 Deus
2390 4066 2807 4137 gloriﬁcabitur,
2839 4082 3133 4139 omnesque
3178 4071 3355 4125 dicent
3387 4114 3402 4135 ,
3461 4073 3777 4127 Benedictus

2198 4159 2360 4224 Deus,
2389 4158 2480 4228 qui
2505 4158 2639 4213 tales
2668 4158 2829 4213 habet
2854 4157 3100 4227 famulos,
3134 4162 3329 4215 invidia
3356 4164 3507 4217 omni
3547 4166 3739 4219 liberos
3761 4207 3776 4230 ,

2195 4251 2282 4319 qui
2328 4249 2396 4305 de
2438 4250 2663 4305 aliorum
2710 4250 2863 4306 bonis
2896 4260 3082 4307 mutuo
3108 4253 3356 4323 gaudent.
3392 4255 3461 4309 Et
3490 4257 3624 4326 quid
3668 4258 3780 4311 dico

2199 4342 2454 4397 fratrem?
2478 4342 2531 4398 Si
2560 4343 2703 4398 enim
2744 4342 2990 4399 inimicus
3028 4354 3171 4400 esset
3216 4354 3271 4400 et
3316 4347 3513 4413 hostis,
3543 4364 3609 4403 ac
3651 4350 3778 4403 Deus

2195 4449 2292 4502 per
2321 4434 2469 4487 illum
2496 4434 2905 4502 gloriﬁcaretur,
2936 4434 3006 4489 ob
3036 4435 3088 4490 id
3115 4436 3343 4491 amicum
3375 4438 3529 4494 illum
3577 4440 3669 4494 tibi
3704 4441 3775 4492 fa-

2194 4540 2318 4579 cere
2346 4533 2636 4594 Oporteret.
2674 4524 2751 4578 'I‘u
2793 4540 2921 4580 vero
2948 4526 3174 4581 amicum
3203 4527 3332 4583 facis
3358 4529 3453 4583 tibi
3482 4530 3775 4594 inimicum,

2194 4618 2317 4687 quia
2360 4618 2499 4671 Deus
2530 4634 2624 4687 per
2654 4618 2795 4672 illius
2833 4619 2977 4672 clara
3017 4628 3165 4688 gesta
3194 4620 3551 4689 gloriﬁcatur.
3587 4625 3643 4679 Si
3669 4625 3778 4694 quis

2194 4724 2389 4778 corpus
2417 4719 2559 4763 tuum
2588 4724 2787 4779 argrum
2831 4710 3131 4777 curaverit,
3158 4711 3257 4765 etsi
3303 4712 3561 4769 inimicus
3589 4715 3775 4781 fuerit,

2196 4804 2333 4856 inter
2358 4801 2656 4871 praecipuos
2691 4801 2891 4857 amicos
2922 4802 3067 4857 illum
3096 4814 3279 4871 postea
3321 4804 3553 4863 habebis
3586 4828 3601 4865 :
3632 4810 3775 4865 illum

2192 4910 2321 4949 vero
2344 4894 2431 4964 qui
2458 4910 2655 4964 corpus
2675 4894 2893 4960 Christi,
2924 4894 2977 4949 id
2997 4904 3081 4951 est
3101 4895 3419 4964 Ecclesiam,
3441 4914 3626 4969 emat,
3653 4901 3779 4955 ami-

2192 5002 2311 5040 cum
2334 4987 2449 5049 tibi.
2473 4987 2743 5041 inimicum
2774 4986 2894 5041 ideo
2921 4987 3173 5056 reputas?
3200 4989 3261 5041 Ει
3304 4989 3586 5057 quomodo
3615 4993 3778 5061 possis

2192 5079 2389 5133 clarius
2415 5088 2600 5132 contra
2630 5077 2901 5133 Christum
2926 5077 3123 5133 bellum
3162 5080 3440 5148 suscipere
3460 5080 3486 5133 τ
3528 5081 3654 5138 Ideo
3680 5083 3776 5137 etsi

2170 5170 2312 5240 quis
2361 5169 2616 5224 miracula
2661 5177 2872 5238 patret,
2903 5169 3005 5224 etsi
3032 5170 3388 5240 virginitatem
3414 5179 3473 5226 et
3518 5174 3775 5241 jejunium

2192 5272 2390 5328 servet,
2406 5261 2552 5317 humi
2573 5263 2755 5329 cubet,
2774 5271 2828 5317 et
2849 5264 2925 5317 sic
2939 5262 3009 5317 ob
3024 5262 3269 5318 virtutem
3282 5262 3349 5317 ad
3366 5265 3597 5334 angelos
3614 5280 3777 5331 neque

2192 5356 2502 5424 perveniat;
2532 5356 2576 5409 si
2618 5355 2721 5410 hoc
2762 5355 2891 5409 vitio
2926 5354 3154 5421 laboret,
3184 5353 3424 5409 omnium
3453 5357 3776 5410 scelestissi-

2191 5464 2311 5503 mus
2336 5450 2474 5514 erit,
2498 5458 2549 5504 et
2580 5448 2815 5517 mmeho,
2856 5446 3199 5513 fernicatore,
3232 5447 3367 5515 iure,
3402 5450 3773 5517 sepulcrorum

2190 5541 2449 5597 eﬂ‘ossore
2472 5541 2645 5612 pejor.

2258 5636 2313 5692 6.
2355 5632 2424 5689 Et
2447 5650 2514 5690 ne
2539 5635 2657 5704 quis
2683 5649 2769 5689 me
2797 5634 3034 5699 damnet,
3062 5636 3202 5705 quod
3234 5650 3346 5689 rem
3387 5636 3528 5689 ultra
3560 5634 3775 5688 modum

2195 5728 2376 5785 tabam
2402 5769 2417 5796 ,
2477 5727 2606 5784 illud
2659 5727 2832 5785 libens
2881 5741 2975 5785 vos
3015 5726 3507 5800 interrogaverim:
3550 5728 3604 5785 Si
3656 5725 3777 5795 quis
