4064 6296
234 225 340 283 447

304 342 370 395 El
401 340 459 393 δὲ
487 340 556 393 τά
593 339 797 394 παλαιά
825 356 918 411 μοι
942 340 1147 409 λέγεις,
1174 339 1269 394 zeal
1289 340 1411 394 τότε
1440 339 1597 394 κοινά
1626 339 1695 393 τὰ
1717 338 1817 409 τῆς

228 422 497 491 προνοίας
536 416 625 493 ἦν,
674 424 725 476 εί
768 422 863 475 zeal
898 421 1204 493 διαφόρως·
1250 423 1346 476 zeal
1378 422 1489 495 γάρ
1524 439 1604 476 σοι
1653 421 1816 491 νόμος

225 505 389 575 ἐδόθη
425 504 699 576 γραπτὸς,
744 506 1021 569 κάκείνοις
1052 506 1215 578 νόμος
1248 508 1511 575 φυσικὸς,
1538 506 1631 561 zeal
1660 505 1814 559 οὐδὲν

223 586 453 641 ἔλαττον
492 583 656 659 εἶχον,
699 586 753 640 εί
777 606 843 657 γε
876 588 1181 652 ἐϐούλοντο,
1213 590 1352 643 ἀλλά
1382 591 1476 644 zeal
1501 591 1657 661 νικᾷν
1688 587 1818 658 ήδύ-

222 686 424 723 ναντο’
460 670 542 724 διὸ
574 671 669 724 zeal
710 671 960 743 ἐπήγαγε
981 712 995 736 ,
1032 671 1189 726 τοῦτο
1236 673 1367 727 αὐτὸ
1411 673 1815 744 αἰνιττόμενος*

225 755 332 819 Ὃς
365 753 671 808 δικαιώσει
700 755 1037 824 περιτομὴν
1068 756 1138 810 ἐκ
1171 756 1466 823 πίστεως,
1507 757 1604 810 καί
1643 757 1819 824 ἀκρο-

218 839 489 892 ϐυστίαν
529 837 627 893 διὰ
673 839 787 907 τῆς
829 840 1117 908 πίστεως·
1166 840 1280 895 τῶν
1325 841 1637 913 ἔμπροσθεν
1686 840 1817 913 περὶ

216 922 600 992 ἀκροϐυστίας
629 924 723 976 zeal
752 928 1059 995 περιτομῆς
1104 924 1412 997 εἰρημένων
1454 926 1649 989 αὐτοὺς
1684 926 1817 979 ἀνα-

219 1008 467 1077 μνήσας,
494 1008 563 1060 δι’
597 1001 674 1062 ὧν
703 1007 906 1073 ἔδειξεν
940 1009 1197 1081 οὐδεμίαν
1232 1006 1400 1065 οὖσαν
1433 1011 1719 1084 διαφοράν.
1749 1011 1814 1065 El

210 1090 278 1143 δέ
304 1091 430 1144 τότε
457 1090 687 1161 οὐδεμία
713 1086 783 1163 ἦν
811 1092 1062 1164 διαφορὰ,
1088 1092 1268 1165 πολλῷ
1299 1094 1504 1166 μᾶλλον
1534 1093 1650 1147 νῦν’
1675 1094 1813 1165 ὅπερ

214 1177 321 1225 καὶ
352 1173 691 1243 σαφέστερον
714 1175 1145 1240 κατασκευάζων
1173 1176 1288 1242 νῦν,
1308 1178 1597 1243 ἀπέδειξεν
1613 1176 1813 1247 δμοίως

209 1256 492 1329 ἑκάτερον
523 1260 623 1328 τῆς
658 1258 896 1323 πίστεως
926 1259 1203 1331 δεόμενον.
1234 1263 1440 1331 Νόμον
1461 1257 1575 1317 οὖν
1594 1276 1811 1328 καταρ-

214 1340 471 1410 γοῦμεν,
511 1341 679 1412 φησὶ,
729 1342 827 1395 διὰ
878 1342 989 1411 τῆς
1049 1345 1344 1411 πίστεως;
1401 1345 1498 1413 Μὴ
1544 1344 1807 1415 γένοιτο·

206 1424 389 1479 ἀλλὰ
418 1424 609 1493 νόμον
650 1425 930 1495 ἱστῶμεν.
975 1422 1128 1491 Εἶδες
1159 1428 1376 1483 σύνεσιν
1425 1428 1678 1499 ποικίλην
1715 1427 1809 1483 zeal

209 1510 465 1577 ἄφατονς
495 1508 649 1579 Λύτῷ
677 1509 785 1580 γὰρ
816 1510 893 1581 τῷ
920 1512 1118 1577 εἰπεῖν,
1147 1511 1454 1581 Ἰστῶμεν,
1481 1512 1687 1578 ἔδειξεν
1707 1514 1807 1582 οὐχ

206 1591 460 1656 ἑστῶτα,
506 1592 643 1645 ἀλλά
695 1593 1153 1665 καταλελυμένον.
1189 1595 1301 1649 Καὶ
1333 1596 1435 1666 δρα
1462 1595 1562 1665 τῆς
1592 1593 1805 1649 Παύλου

206 1675 508 1744 δυνάμεως
530 1676 626 1746 τὴν
650 1676 978 1748 ὑπερϐολὴν,
1015 1678 1112 1731 καὶ
1146 1680 1272 1749 μεθ’
1300 1678 1430 1749 δσης
1458 1678 1809 1732 κατασκευά-

206 1756 304 1822 ζει
337 1759 657 1830 περιουσίας
685 1759 721 1814 ἀ
753 1760 1022 1830 βούλεται.
1056 1761 1306 1815 Δείκνυσι
1337 1762 1445 1835 γάρ
1475 1761 1714 1818 ἐνταῦθα
1741 1762 1802 1816 οὐ

209 1842 387 1912 μόνον
428 1843 489 1896 οὐ
533 1842 938 1914 λυμαινομένην
964 1843 1043 1914 τῷ
1073 1845 1223 1916 νόμῳ
1263 1848 1363 1914 τὴν
1410 1847 1628 1908 πίστιν,
1668 1845 1805 1900 ἀλλά

206 1927 312 1977 καὶ
337 1924 645 1995 βοηθοῦσαν
672 1926 843 1997 αὐτῷ,
868 1926 1060 1997 ὥσπερ
1085 1922 1179 1981 οῦν
1207 1929 1300 1981 zeal
1333 1930 1495 1983 αὐτὸν
1521 1932 1588 2001 τῇ
1622 1930 1803 1983 πίστει

206 2009 701 2080 προοδοποιοῦντα.
723 2009 992 2080 Καθάπερ
1021 2010 1133 2080 γὰρ
1155 2012 1320 2076 αὐτὸς
1348 2013 1639 2084 προλαϐὼν
1662 2014 1800 2084 αὐτῇ

207 2091 576 2164 ἐμαρτύρησε
597 2111 610 2124 ·
645 2093 1114 2163 Μαρτυρουμένη
1160 2095 1269 2166 γὰρ
1308 2096 1429 2150 ὑπὸ
1461 2096 1568 2150 τοῦ
1613 2098 1802 2165 νόμου

206 2176 316 2229 καὶ
363 2174 487 2228 τῶν
528 2176 872 2245 προφητῶν,
902 2177 1095 2245 φησίν·
1128 2178 1271 2231 οὕτω
1317 2178 1411 2231 καὶ
1454 2178 1593 2247 αὐτὴ
1640 2178 1802 2232 αὐτὸν

204 2258 515 2312 ἀτονοῦντα
542 2258 760 2328 ἔστησε.
793 2260 906 2313 Kal
932 2259 1050 2322 πῶς
1087 2259 1306 2330 ἔστησε,
1336 2261 1505 2331 φησί;
1535 2261 1588 2313 τί
1616 2256 1682 2332 ἦν
1706 2261 1801 2315 τοῦ

205 2343 385 2411 νόμου
413 2344 475 2395 τὸ
502 2344 688 2414 ἔργον,
722 2344 816 2397 καὶ
846 2344 991 2407 τίνος
1031 2344 1218 2397 ἕνεκεν
1248 2346 1465 2399 ἅπαντα
1495 2346 1798 2418 inpar-cev;

204 2425 388 2479 Ὠστε
418 2426 627 2481 δίκαιον
666 2428 893 2498 ποιῆσαι
934 2429 1026 2483 τὸν
1067 2429 1377 2501 ἄνθρωπον.
1427 2432 1566 2485 Ἀλλ’
1596 2433 1801 2497 ἐκεῖνος

207 2510 319 2577 μὲν
343 2508 507 2562 τοῦτο
533 2510 633 2563 οὐκ
666 2510 874 2581 ίσχυσε·
895 2512 1121 2579 Πάντες
1144 2514 1271 2585 γάρ,
1292 2510 1478 2585 φησὶν,
1509 2516 1798 2585 ἥμαρτον

201 2596 245 2663 ἡ
281 2591 471 2656 πίστις
498 2592 555 2646 δὲ
576 2592 808 2649 ἐλθοῦσα
834 2595 968 2648 αὐτὸ
994 2596 1359 2669 κατώρθωσεν
1378 2615 1391 2629 ο
1413 2599 1550 2669 όμοῦ
1582 2600 1690 2669 γάρ
1716 2616 1802 2664 τις

198 2676 505 2730 ἐπίστευσε
540 2677 635 2732 καὶ
666 2677 981 2749 ἐδικαιώθη.
1039 2680 1261 2735 Οὐκοῦν.
1282 2682 1476 2755 ἔστησε
1508 2682 1602 2737 τοῦ
1631 2684 1799 2754 νόμου

200 2761 273 2814 τὸ
312 2761 551 2833 θέλημα,
598 2764 693 2816 zeal
720 2763 789 2817 δι’
814 2762 843 2815 6
876 2764 1054 2818 πάντα
1081 2764 1351 2834 ἔπραττεν
1376 2769 1603 2834 ἐκεῖνος,
1637 2767 1800 2823 τοῦτο

200 2842 356 2914 αῦτη
390 2846 473 2907 είς
500 2844 650 2909 τέλος
690 2846 916 2915 ἤγαγεν.
958 2847 1072 2900 Οὐκ
1098 2847 1205 2919 ἀρα
1230 2850 1392 2903 αὐτὸν
1422 2852 1794 2923 κατήργησεν,

200 2927 329 2981 ἀλλ’
377 2929 667 2999 ἀπήρτισε.
719 2929 859 2999 Τρία
900 2928 1083 2983 τοίνυν
1126 2932 1362 2987 ἐνταῦθα
1391 2934 1661 2999 ἀπέδειξε,
1702 2935 1799 2989 zeal

199 3013 292 3066 δτι
323 3012 497 3083 χωρὶς
535 3012 702 3082 νόμου
726 3011 949 3067 δυνατὸν
978 3014 1358 3085 δικαιωθῆναι,
1393 3016 1488 3070 zeal
1526 3018 1609 3070 ὅτι
1637 3017 1797 3071 τοῦτο

195 3099 313 3152 οὐκ
351 3100 573 3168 ίσχυσεν
600 3099 629 3151 6
658 3097 843 3169 νόμος,
875 3098 970 3152 zeal
998 3098 1080 3152 ὃτι
1109 3100 1142 3169 ἡ
1179 3099 1363 3164 πίστις
1383 3100 1535 3173 αὐτῷ
1578 3102 1639 3155 οὐ
1689 3103 1795 3173 μά-

196 3199 389 3253 χεται.
427 3181 646 3251 Ἐπειδὴ
694 3183 803 3253 γάρ
844 3180 1003 3236 τοῦτο
1056 3183 1295 3253 μάλιστα
1339 3186 1468 3249 τοὺς
1509 3186 1796 3251 Ἰουδαίους

197 3264 486 3335 ἐθορύϐει,
501 3266 563 3319 τὸ
579 3264 758 3319 δοκεῖν
782 3264 933 3337 [489]
956 3267 1289 3331 ἀπεναντίας
1311 3270 1459 3340 αὐτῷ
1487 3270 1587 3343 τὴν
1611 3271 1794 3326 πίστιν

196 3347 373 3414 εἶναι,
406 3349 647 3403 δείκνυσι
672 3349 834 3403 πλέον
859 3343 920 3404 οὗ
956 3349 1205 3417 βούλεται
1236 3354 1266 3405 6
1307 3353 1576 3419 Ἰουδαῖος,
1604 3357 1665 3409 οὐ
1697 3357 1794 3426 μό-

195 3451 299 3488 νον
324 3433 425 3486 οὐκ
452 3428 619 3487 οὖσαν
650 3432 936 3499 ἐναντίαν,
968 3433 1104 3487 ἀλλά
1130 3435 1225 3488 zeal
1256 3438 1464 3508 σφόδρα
1503 3438 1792 3510 σύμμαχόν

193 3534 264 3571 τε
295 3517 394 3571 zeal
422 3515 684 3587 συνεργὸν
716 3511 883 3571 οὖσαν
903 3533 917 3548 ·
952 3516 981 3571 6
1007 3518 1241 3589 μάλιστα
1273 3521 1502 3576 ἐπόθουν
1535 3522 1787 3580 ἀκοῦσαι.

214 3638 433 3700 ε’.Ἀλλ’
472 3646 661 3719 ἐπειδὴ
695 3647 833 3718 μετά
874 3647 973 3720 τὴν
1022 3649 1182 3721 χάριν
1221 3651 1443 3723 ταύτην,
1487 3652 1554 3707 δι’
1587 3649 1655 3726 ἦς
1685 3654 1792 3709 ἐδι-

192 3730 549 3802 καιώθημεν,
585 3732 680 3787 καὶ
709 3731 982 3797 πολιτείας
1009 3733 1187 3805 χρεία,
1212 3735 1369 3801 ἀξίαν
1395 3737 1791 3809 ἐπιδειξώμεθα

193 3816 302 3887 τῆς
354 3815 565 3886 δωρεᾶς
593 3816 694 3887 τὴν
739 3816 1007 3887 σπουδήν·
1040 3817 1421 3890 ἐπιδειξόμεθα
1464 3821 1542 3885 δὲ,
1580 3822 1646 3875 ἂν
1690 3822 1792 3893 τὴν

194 3898 425 3970 μητέρα
452 3898 559 3951 τῶν
582 3898 803 3967 ἀγαθῶν
824 3900 924 3970 τὴν
952 3900 1175 3970 ἀγάπην
1202 3902 1339 3973 μετά
1364 3903 1565 3975 πολλῆς
1593 3904 1792 3975 φυλάτ-

188 4001 391 4053 ⁴ιτωμεν
412 3987 511 4053 τῆς
530 3982 787 4053 σπουδῆς.
825 3984 1037 4054 Ἀγάπη
1063 3984 1122 4037 δέ
1142 3986 1310 4051 ἐστιν,
1327 3987 1387 4040 οὐ
1406 3987 1537 4057 ψιλά
1568 3991 1792 4060 ῥήματα

194 4067 325 4120 οὐδὲ
343 4068 680 4146 προσρήσεις
702 4066 911 4131 ἁπλῶς,
926 4067 1062 4121 ἀλλά
1085 4069 1392 4140 προστασία
1410 4073 1504 4126 zeal
1523 4074 1590 4127 δι’
1612 4074 1790 4146 ἔργων

194 4149 501 4214 ἐπίδειξις·
530 4144 663 4214 οἷον,
694 4150 755 4203 τὸ
782 4152 973 4204 πενίαν
1003 4150 1175 4217 λύειν,
1205 4153 1265 4207 τὸ
1295 4154 1509 4209 νοσοῦσι
1544 4144 1788 4227 συναμύ-

193 4252 340 4297 νειν,
380 4234 442 4286 τὸ
486 4233 747 4289 κινδύνων
792 4234 1179 4302 ἀπαλλάττειν,
1221 4237 1282 4291 τὸ
1310 4239 1367 4292 ἐν
1404 4242 1790 4311 περιστάσεσιν

191 4314 325 4371 οὖσι
370 4316 763 4388 παρίστασθαι,
820 4318 882 4372 τὸ
930 4319 1140 4376 κλαίειν
1176 4322 1315 4392 μετά
1362 4322 1681 4390 κλαιόντων,
1729 4327 1791 4380 τὸ

194 4401 418 4474 χαίρειν
450 4400 589 4471 μετά
616 4402 947 4473 χαιρόντων⁹
974 4404 1066 4458 zeal
1093 4404 1203 4477 γάρ
1232 4406 1327 4460 zeal
1350 4407 1510 4463 τοῦτο
1535 4411 1785 4483 ἀγάπης·

192 4486 378 4540 καίτοι
405 4485 555 4538 δοκεί
574 4485 769 4554 μικρὸν
800 4482 939 4539 εἶναι
967 4488 1146 4554 τοῦτο,
1177 4490 1237 4542 τὸ
1261 4490 1473 4561 χαίρειν
1505 4493 1645 4564 μετά
1669 4482 1787 4565 χαι-

196 4571 437 4643 ρόντων·
501 4570 706 4641 σφόδρα
752 4573 936 4641 μέντοι
979 4573 1122 4642 μέγα
1175 4575 1292 4628 ἐστὶ
1345 4578 1440 4631 καὶ
1495 4579 1787 4649 φιλοσόφου

188 4656 450 4726 δεόμενον
500 4654 755 4726 γνώμης·
812 4656 907 4710 καὶ
944 4657 1172 4722 πολλοὺς
1204 4659 1272 4714 ἂν
1312 4660 1567 4734 εὕροιμεν
1594 4664 1655 4717 τὸ
1689 4664 1788 4735 μὲν

190 4738 528 4809 πικρότερον
556 4737 838 4806 ἀνύοντας,
866 4740 1004 4813 πρὸς
1027 4741 1186 4795 τοῦτο
1211 4742 1267 4795 δέ
1290 4744 1641 4811 ἀτονοῦντας·
1666 4748 1789 4801 πολ-

189 4820 276 4873 λοὶ
310 4819 422 4891 γάρ
448 4820 697 4876 κλαίουσι
727 4823 826 4893 μέν
863 4824 1003 4894 μετά
1040 4825 1361 4892 κλαιόντων,
1398 4824 1581 4883 οὐκέτι
1610 4830 1669 4884 δὲ
1694 4832 1786 4885 zeal

193 4904 341 4974 μετά
373 4906 680 4975 χαιρόντων
720 4907 1025 4976 χαίρουσιν,
1053 4909 1191 4963 ἀλλά
1221 4910 1549 4983 δακρύουσιν
1583 4915 1787 4987 ἐτέρων

188 4989 498 5061 χαιρόντων
514 5007 526 5018 ·
552 4990 688 5062 ὅπερ
712 4992 827 5044 ἐστὶ
850 4991 1119 5062 βασκανία
1151 4995 1248 5048 zeal
1268 4996 1481 5065 φθόνος.
1509 4999 1582 5051 Οὐ
1604 5000 1785 5055 τοίνυν

194 5074 398 5145 μικρὸν
432 5073 789 5145 κατόρθωμα,
819 5074 913 5129 τοῦ
954 5077 1185 5148 ἀδελφοῦ
1227 5080 1508 5151 χαίροντος
1548 5085 1780 5155 χαίρειν,

189 5157 330 5210 ἀλλά
357 5156 452 5210 zeal
487 5156 716 5229 θατέρου
749 5158 933 5230 μεῖζον
952 5178 965 5192 ο
995 5162 1138 5232 τάχα
1162 5163 1219 5216 δὲ
1248 5165 1307 5217 οὐ
1335 5164 1429 5219 τοῦ
1459 5165 1664 5222 κλαίειν
1687 5171 1783 5239 p.6-

190 5259 280 5295 νον
320 5240 464 5312 μετὰ
499 5241 812 5310 κλαιόντων,
863 5245 1001 5299 ἀλλά
1044 5248 1139 5301 zeal
1185 5247 1281 5302 τοῦ
1330 5252 1677 5322 παραστῆναι
1724 5256 1782 5309 ἐν

190 5324 467 5389 κινδύνοις
493 5326 698 5395 μεῖζον.
736 5328 928 5381 Πολλοὶ
953 5329 1084 5399 γοῦν
1113 5332 1482 5389 κινδυνεύουσι
1524 5337 1622 5407 μὲν
1658 5356 1783 5393 συν-

190 5410 600 5494 εκινδύνευσαν,
635 5411 1069 5483 εὐδοκιμούντων
1102 5417 1157 5471 δὲ
1179 5418 1517 5491 ἐδήχθησαν·
1546 5425 1778 5494 τοσαύτη

190 5495 223 5561 ἡ
250 5493 355 5563 τῆς
387 5492 686 5562 βασκανίας
715 5499 992 5567 τυραννίς.
1022 5500 1217 5556 Καίτοι
1244 5505 1305 5557 τὸ
1334 5507 1433 5572 μὲν
1459 5506 1637 5563 πόνων
1661 5492 1781 5565 ἐστί

188 5578 283 5631 zeal
320 5575 583 5665 ἱδρώτων,
617 5580 858 5665 τοῦτοδὲ
891 5584 1265 5656 προαιρέσεως
1293 5589 1389 5643 zeal
1414 5590 1641 5663 γνώμης
1685 5596 1781 5665 μό-

188 5675 308 5714 νον·
340 5659 458 5712 ἀλλ’
483 5661 633 5743 ὅμως
656 5664 715 5715 τὸ
740 5664 1119 5738 χαλεπώτερον
1153 5659 1545 5741 ὑπομείναντες
1572 5659 1775 5743 πολλοὶ,

184 5744 248 5796 τὸ
295 5742 669 5816 εὐκολώτερον
706 5747 895 5802 τούτου
930 5750 1029 5803 οὐκ
1072 5752 1293 5823 ήνυσαν,
1346 5757 1480 5810 ἀλλὰ
1524 5742 1777 5831 τήκονται

187 5827 281 5885 zeal
322 5827 673 5891 ἀπόλλυνται,
705 5831 834 5886 ὅταν
868 5832 1088 5905 ἐτέρους
1117 5837 1540 5910 εὐδοκιμοῦντας
1572 5827 1772 5915 ίδωσιν,

1324 222 1391 280 1N
1431 222 1650 282 EPIST.
1702 221 1793 279 AD
1830 219 1998 277 ROM.
2042 219 2281 278 HOMIL.
2323 219 2437 275 VII.

3403 213 3508 273 148

1922 336 2052 389 ὅταν
2090 334 2420 403 Ἐκκλησίαν
2462 330 2849 403 ὠφελουμένην
2882 326 3196 398 ὁλόκληρον,
3244 327 3278 398 ἢ
3310 327 3452 397 λόγῳ
3476 329 3510 399 ἢ

1923 418 2017 471 zeal
2048 419 2220 491 ἐτέρῳ
2242 417 2352 472 τινὶ
2379 416 2566 489 τρόπῳ
2585 432 2599 445 ο
2636 406 2697 466 οὗ
2719 414 2773 466 τί
2801 413 2981 484 χεῖρον
3007 409 3203 479 γένοιτ’
3242 411 3342 476 ἀν;
3377 412 3513 465 Οὐδὲ

1924 499 2035 572 γὰρ
2059 500 2137 571 τῷ
2169 499 2387 571 ἀδελφῷ
2431 498 2636 562 λοιπὸν,
2683 495 2819 550 ἀλλά
2869 494 2965 548 zeal
2990 492 3069 564 τῷ
3108 492 3375 565 θελήματι
3415 494 3510 549 τοῦ

1925 582 2062 637 Θεοῦ
2086 585 2113 636 6
2138 582 2382 647 τοιοῦτος
2413 583 2667 653 μάχεται.
2694 578 2865 633 Τοῦτο
2884 572 2977 632 οὖν
2996 577 3277 646 ἐννοήσας,
3305 578 3512 633 παῦσαι

1917 673 2022 743 τῆς
2053 673 2233 737 νόσου,
2258 673 2354 727 zeal
2377 675 2425 726 εί
2452 673 2528 744 μὴ
2554 672 2644 726 τὸν
2676 670 2904 742 πλησίον
2930 668 3131 739 βούλει,
3166 669 3363 723 σαυτὸν
3381 670 3511 739 γοῦν

1915 757 2229 824 ἀπάλλαξον
2250 758 2361 812 τῶν
2382 759 2595 829 μυρίων
2611 756 2821 811 κακῶν.
2844 756 2910 808 Τί
2935 754 3170 826 πόλεμον
3191 755 3511 822 ἐπεισάγεις

1918 859 2013 896 σου
2046 846 2159 906 τοῖς
2192 844 2510 913 λογισμοίς;
2544 841 2597 895 τί
2637 839 2867 911 θορύϐου
2904 838 3004 912 τὴν
3036 838 3213 910 ψυχὴν
3244 838 3505 911 πληροῖς;

1913 926 1967 978 τί
2005 925 2253 995 χειμῶνα
2285 924 2531 997 ἐργάζῃς
2581 924 2634 976 τί
2664 923 2733 976 τά
2760 922 2873 977 ἀνω
2908 923 3059 977 κάτω
3080 925 3251 986 ποιεῖς
3273 935 3333 987 εις
3387 922 3506 986 πῶς

1912 1009 2120 1082 δυνήσῃ
2137 1009 2481 1079 διακείμενος
2510 1007 2703 1071 οὕτως,
2727 1006 3014 1077 ἁμαρτιῶν
3037 1006 3229 1077 ἄφεσιν
3248 1007 3503 1079 αίτῆσαις

1912 1094 1977 1147 Εἰ
2008 1092 2118 1163 γὰρ
2151 1095 2263 1156 τοῖς
2299 1093 2366 1147 τά
2393 1092 2473 1155 είς
2506 1092 2703 1153 αὐτοὺς
2738 1089 2813 1161 μὴ
2844 1090 3218 1162 συγχωροῦσιν
3248 1090 3369 1144 οὐδέ
3403 1092 3505 1145 αὐ·-

1908 1174 2001 1239 τὸς
2031 1175 2223 1245 ἀφίησι
2261 1174 2330 1228 τὰ
2369 1175 2777 1245 ἁμαρτήματα,
2822 1176 2933 1236 τοῖς
2962 1174 3089 1237 τοὺς
3116 1173 3269 1227 οὐδὲν
3308 1175 3499 1244 ἠδικη-

1909 1258 2075 1321 κότας
2148 1258 2356 1312 ἀδικεῖν
2416 1257 2760 1327 ἐπιχειροῦσι
2821 1257 2982 1309 ποίαν
3037 1258 3229 1325 ἀφεσιν
3305 1258 3498 1325 δώσεις

1921 1341 2187 1412 Ἐσχάτης
2213 1341 2322 1412 γάρ
2357 1339 2515 1393 τοῦτο
2546 1338 2813 1411 πονηρίας
2838 1339 3146 1405 ἀπόδειξις
3180 1340 3230 1392 οί
3270 1341 3503 1395 τοιοῦτοι

1911 1423 2050 1492 μετά
2077 1422 2173 1477 τοῦ
2208 1422 2455 1477 διαϐόλου
2496 1421 2795 1492 πολεμοῦσι
2825 1421 2922 1494 τὴν
2964 1421 3294 1493 Ἐκκλησίαν
3315 1441 3327 1452 ο
3359 1423 3501 1493 τάχα

1906 1505 1962 1558 δέ
2010 1507 2106 1560 zeal
2129 1505 2309 1577 πολλῷ
2352 1508 2565 1576 χεῖρον
2597 1505 2688 1558 τὸν
2725 1504 2824 1574 μὲν
2862 1504 2971 1575 γάρ
3006 1505 3097 1558 zeal
3136 1504 3501 1573 φυλάττεσθαι

1905 1588 2155 1655 δυνατὸν,
2170 1581 2318 1643 οὗτοι
2338 1589 2394 1642 δὲ
2417 1589 2762 1659 προσωπεῖον
2785 1587 2968 1656 φιλίας
2988 1587 3302 1653 ὑποδύντες,
3323 1587 3501 1660 λάθρᾳ

1903 1667 2003 1739 τὴν
2047 1668 2230 1739 πυράν
2270 1668 2626 1732 ἀνάπτουσιν,
2673 1667 2900 1729 ἐαυτούς
2943 1666 3243 1737 προτέρους
3283 1669 3362 1730 είς
3401 1667 3500 1738 τὴν

1904 1752 2134 1822 κάμινον
2180 1751 2565 1823 ἐμϐάλλοντες,
2617 1750 2712 1803 zeal
2741 1749 3023 1812 νοσοῦντες
3054 1749 3208 1802 νόσον
3239 1750 3299 1803 οὐ
3339 1750 3500 1820 μόνον

1902 1834 2193 1906 ἐλεηθῆναι
2241 1834 2318 1906 μὴ
2344 1831 2495 1905 [490]
2524 1832 2851 1903 δυναμένην,
2899 1831 3036 1885 ἀλλὰ
3084 1833 3181 1886 zeal
3212 1831 3379 1885 πολὺν
3406 1831 3499 1886 τὸν

1902 1918 2118 1987 γέλωτα
2139 1918 2390 1988 ἔχουσαν.
2409 1916 2475 1969 Τί
2498 1916 2606 1987 γὰρ
2629 1917 2857 1986 ὠχριᾷς,
2882 1917 3007 1969 είπέ
3030 1934 3140 1986 μοι,
3167 1916 3499 1988 καὶτρέμεις

1903 1997 1997 2049 zeal
2024 1996 2282 2067 περιδεὴς
2310 1997 2582 2066 ἐστηκας;
2614 1995 2667 2047 τί
2689 1995 2879 2063 γέγονε
2909 1995 3111 2061 δεινόν;
3139 1996 3221 2049 ὄτι
3245 1994 3497 2066 λαμπρὸς

1901 2080 1931 2131 6
1986 2079 2217 2148 ἀδελφὸς
2264 2080 2361 2133 zeal
2415 2077 2723 2150 περιφανὴς
2766 2079 2858 2132 zeal
2909 2079 3229 2149 εὐδόκιμος;
3287 2078 3497 2133 Οὐκοῦν

1903 2161 2299 2230 στεφανοῦσθαι
2318 2178 2376 2213 σε
2398 2162 2479 2214 δεῖ
2496 2162 2590 2214 zeal
2615 2161 2826 2231 χαίρειν
2850 2162 2943 2214 zeal
2963 2162 3053 2214 τὸν
3075 2161 3206 2214 Θεὸν
3227 2160 3492 2227 δοξάζειν,

1900 2245 1982 2298 ὅτι
2023 2245 2085 2299 τὸ
2132 2245 2293 2315 μέλος
2332 2245 2393 2297 τὸ
2424 2246 2516 2298 σὸν
2554 2244 2808 2316 λαμπρὸν
2842 2245 2937 2297 zeal
2983 2244 3282 2316 περιφανές
3306 2260 3323 2277 ’
3356 2242 3497 2298 ἀλλά

1898 2328 2105 2397 ἀλγεῖς,
2134 2329 2216 2381 ὅτι
2246 2330 2275 2380 6
2300 2327 2432 2392 Θεὸς
2468 2327 2771 2394 δοξάζεται.
2814 2327 2978 2399 Ὁρᾷς
3010 2326 3114 2380 ποῦ
3143 2327 3306 2380 τείνει
3336 2326 3365 2379 ό
3398 2327 3496 2379 πό-

1899 2411 2105 2483 λεμος;
2151 2412 2294 2465 Ἀλλ’
2322 2412 2421 2482 οὐχ
2460 2411 2542 2464 δτι
2573 2413 2600 2464 6
2625 2410 2779 2476 Θεὸς,
2810 2411 2997 2481 φησὶν,
3031 2411 3145 2464 ἀλλ’
3173 2411 3255 2464 δτι
3283 2412 3312 2463 6
3337 2409 3495 2463 ἀδελ-

1898 2495 1998 2564 φὸς
2025 2494 2328 2561 δοξάζεται.
2372 2494 2535 2548 Ἀλλά
2558 2493 2647 2548 διά
2675 2494 2867 2548 τούτου
2904 2494 3040 2566 πρὸς
3069 2493 3158 2547 τὸν
3197 2493 3329 2546 Θεὸν
3358 2495 3493 2546 ἀνα-

1897 2578 2127 2649 ϐαίνειή
2155 2578 2301 2644 δόξα*
2333 2577 2532 2632 οὐκοῦν
2572 2578 2667 2631 zeal
2688 2580 2716 2632 6
2742 2576 2893 2648 παρὰ
2919 2576 3014 2631 σοῦ
3059 2576 3314 2647 πόλεμος.
3352 2575 3493 2630 Ἀλλ’

1896 2661 1957 2714 οὐ
1992 2660 2150 2717 τοῦτό
2194 2679 2263 2733 με
2307 2662 2500 2727 λυπεῖ,
2537 2662 2723 2732 φησὶν,
2771 2660 2907 2715 ἀλλά
2955 2660 3021 2714 δι’
3052 2661 3188 2732 ἐμοῦ
3222 2660 3314 2713 τὸν
3358 2660 3492 2715 Θεὸν

1896 2747 2203 2820 ἐϐουλόμην
2248 2746 2592 2815 δοξάζεσθαι.
2642 2746 2852 2801 Οὐκοῦν
2889 2748 3043 2817 χαῖρε
3075 2744 3492 2815 εὐδοκιμοῦντος

1894 2830 1990 2884 τοῦ
2016 2831 2271 2901 ἀδελφοῦ,
2298 2831 2392 2884 zeal
2416 2828 2700 2897 δοξάζεται
2728 2829 2825 2884 zeal
2854 2829 2944 2883 διὰ
2967 2828 3060 2882 σοῦ
3089 2828 3250 2883 πάλιν
3278 2831 3306 2882 6
3334 2828 3492 2896 Θεὸς,

1895 2914 1992 2969 zeal
2034 2915 2235 2979 πάντες
2282 2915 2520 2987 ἐροῦσιψ
2577 2913 2885 2985 Εὐλογητὸς
2915 2915 2943 2967 6
2979 2913 3114 2978 Θεὸς
3143 2915 3171 2968 6
3217 2913 3492 2977 τοιούτους

1895 2997 2037 3068 ἔχων
2080 2998 2320 3063 οἰκέτας,
2374 2998 2573 3068 φθόνου
2620 2999 2821 3061 παντὸς
2857 2997 3336 3069 ἀπηλλαγμένους,
3377 3000 3493 3062 τοῖς

1893 3080 2140 3152 ἀλλήλων
2167 3081 2563 3151 συνηδομένους
2592 3081 2799 3145 καλοῖς.
2822 3081 2934 3136 Kal
2953 3082 3006 3134 τί
3035 3081 3180 3149 λέγω
3205 3081 3295 3137 τὸν
3331 3080 3490 3134 ἀδελ-

1893 3165 2025 3234 φόν;
2066 3164 2130 3219 Εί
2166 3165 2277 3237 γάρ
2308 3166 2404 3219 zeal
2435 3166 2695 3237 πολέμιος
2734 3163 2801 3238 ἦν
2839 3166 2933 3219 zeal
2962 3166 3178 3238 ἐχθρὸς,
3209 3168 3237 3219 6
3274 3166 3332 3219 δὲ
3357 3164 3493 3229 Θεὸς

1890 3249 1957 3303 δι’
1981 3247 2144 3301 αὐτοῦ
2167 3248 2468 3314 ἐδοξάζετο,
2505 3248 2657 3319 φίλον
2681 3248 2789 3303 ἔδει
2821 3248 3157 3321 ποιήσασθαι
3182 3248 3273 3302 διὰ
3302 3246 3485 3302 τοῦτο’

1893 3332 1958 3385 σὺ
1994 3331 2050 3385 δὲ
2077 3332 2168 3385 τὸν
2218 3332 2370 3401 φίλον
2417 3332 2612 3404 ἐχθρὸν
2656 3335 2851 3405 ποιεῖς,
2879 3333 3069 3403 ἐπειδὴ
3099 3336 3126 3387 6
3170 3331 3303 3395 Θεὸς
3337 3330 3493 3394 δοξά-

1892 3416 2045 3480 ζεται
2089 3414 2177 3469 διά
2206 3416 2306 3486 τῆς
2356 3416 2766 3488 εὐδοκιμήσεως
2812 3418 3047 3471 ἐκείνου.
3100 3417 3220 3470 Κᾶν
3276 3417 3376 3486 μὲν
3429 3416 3491 3468 τὸ

1893 3498 2055 3570 σῶμά
2089 3517 2171 3563 τις
2211 3499 2529 3571 θεραπεύσῃ
2557 3502 2617 3555 τὸ
2654 3502 2745 3555 σὸν
2781 3502 2969 3564 κακῶς
2989 3500 3133 3572 ἐχον,
3161 3499 3263 3554 κᾶν
3294 3500 3488 3571 ἐχθρὸς

1888 3577 2083 3656 ᾖ,τῶν
2134 3582 2369 3654 πρώτων
2426 3584 2587 3637 αὐτὸν
2635 3586 2820 3657 ἡγήσῃ
2871 3584 3042 3654 φίλων
3092 3579 3231 3637 εἶναι
3270 3584 3485 3637 λοιπόν·

1888 3667 1980 3721 τὸν
2005 3667 2063 3720 δέ
2088 3667 2183 3721 τοῦ
2222 3667 2461 3740 Χριστοῦ
2490 3668 2549 3722 τὸ
2587 3670 2747 3739 σῶμα
2776 3668 3210 3733 καλλωπίζοντα,
3241 3667 3487 3721 τουτέστι

1887 3750 1989 3821 τὴν
2040 3750 2392 3821 Ἐκκλησίαν,
2441 3752 2533 3803 zeal
2569 3750 2721 3819 φίλον
2764 3751 2915 3817 ὅντα,
2957 3751 3151 3822 ἐχθρὸν
3190 3752 3330 3821 ήγῇ;
3378 3750 3488 3803 Kal

1891 3834 2006 3898 πῶς
2038 3834 2104 3889 ἂν
2140 3834 2341 3904 ἑτέρως
2386 3834 2479 3887 τὸν
2527 3834 2665 3903 πρὸς
2706 3834 2799 3887 τὸν
2832 3836 3069 3906 Χριστὸν
3099 3834 3360 3897 ἐπεδείξω
3389 3834 3487 3887 πό-

1889 3918 2090 3989 λεμον;
2135 3920 2234 3972 Διά
2274 3917 2433 3972 τοῦτο
2475 3916 2579 3971 κᾶν
2634 3917 2839 3988 σημεῖά
2884 3934 2970 3981 τις
3003 3920 3155 3989 ποιῇ,
3208 3916 3314 3971 κᾶν
3345 3934 3487 3987 παρ·

1891 4003 2092 4067 θενίαν,
2150 4003 2254 4057 κᾶν
2296 4002 2575 4073 νηστείαν,
2624 4001 2730 4056 κάν
2778 4000 3083 4073 χαμευνίαν
3118 3999 3485 4071 ἐπιδείξηται,

1890 4086 1986 4140 zeal
2007 4086 2143 4157 πρὸς
2159 4086 2286 4150 τοὺς
2304 4085 2572 4155 ἀγγέλους
2596 4084 2683 4139 διὰ
2695 4084 2903 4155 ταύτης
2927 4085 3025 4156 τῆς
3049 4084 3252 4157 ἀρετῆς
3277 4084 3490 4155 φθάσῃ..

1892 4171 2109 4225 πάντων
2134 4170 2287 4225 ἐσται
2320 4170 2697 4241 ἐναγέστερος,
2726 4169 2888 4224 τοῦτο
2915 4169 3056 4241 ἔχων
3088 4169 3148 4224 τὸ
3170 4169 3484 4240 ἐλάττωμα,

1892 4254 1990 4308 zeal
2026 4254 2217 4326 μοιχοῦ
2262 4255 2356 4309 zeal
2390 4253 2589 4325 πόρνου
2628 4254 2725 4308 zeal
2755 4252 2955 4325 λῃστοῦ
2988 4253 3084 4307 zeal
3115 4251 3482 4325 τυμϐωρύχου

1891 4338 2378 4412 παρανομώτερος.

1973 4537 2050 4585 ς’.
2091 4532 2202 4585 Kal
2233 4532 2319 4585 'e'va
2348 4532 2422 4603 μή
2456 4549 2541 4596 τις
2563 4529 2871 4603 ὑπερϐολὴν
2895 4526 3150 4600 καταγνῷ
3179 4527 3275 4582 τοῦ
3296 4527 3479 4595 λόγου,

1890 4618 2069 4670 ἐκεῖνο
2096 4616 2164 4671 ἂν
2191 4616 2365 4689 ἡδέως
2396 4616 2626 4688 ἐροίμην
2665 4616 2839 4686 ὐμᾶςο
2869 4614 2932 4666 Εί
2964 4613 3075 4683 πῦρ
3106 4612 3200 4665 zeal
3233 4610 3481 4665 δίκελλάν

1888 4717 1971 4763 τις
2000 4700 2204 4764 λαϐὼν,
2249 4699 2441 4754 τοῦτον
2470 4700 2702 4772 καθῄρει
2732 4698 2826 4752 zeal
2863 4697 3176 4768 ἐνεπίμπρα
3206 4694 3298 4747 τὸν
3334 4690 3482 4746 οἷκον

1888 4784 1983 4838 zeal
2005 4785 2157 4838 τουτὶ
2181 4784 2533 4838 κατέσκαπτε
2560 4788 2621 4837 τὸ
2656 4782 3064 4851 θυσιαστήριον,
3096 4780 3198 4833 οὐκ
3219 4779 3285 4832 ἂν
3311 4777 3481 4841 λίθοις

1887 4867 2119 4931 ἕκαστος
2158 4866 2323 4919 αὐτὸν
2363 4867 2555 4921 ἔϐαλλε
2593 4865 2704 4918 τῶν
2749 4863 3032 4935 παρόντων
3064 4861 3139 4926 ώς
3182 4860 3353 4929 ἐναγῆ
3388 4861 3483 4913 zeal

1888 4952 2240 5023 παράνομον;
2282 4949 2347 5002 Τί
2374 4945 2490 5017 οὖν,
2529 4949 2596 5002 ἂν
2621 4948 2716 5001 τοῦ
2748 4946 2922 5018 πυρὸς
2950 4945 3139 4999 τούτου
3178 4944 3481 5014 δαπανητι-

1886 5035 2137 5105 κωτέραν
2162 5050 2245 5096 τις
2283 5034 2425 5104 φέρῃ
2469 5032 2663 5102 φλόγα,
2697 5030 2798 5102 τὴν
2836 5029 3134 5100 βασκανίαν
3161 5028 3325 5097 λέγω,
3357 5028 3482 5099 οὐχὶ

1885 5116 2050 5170 λίθων
2074 5116 2364 5187 οἰκοδομὰς
2387 5113 2905 5187 καθαιροῦσαν,οὐδέ
2931 5112 3168 5186 χρυσοῦν
3190 5112 3482 5184 θυσιαστή·

1886 5217 2002 5271 ριον
2036 5199 2551 5266 κατασκάπτουσαν,
2586 5198 2723 5253 ἀλλά
2755 5198 2819 5252 τὸ
2846 5198 2981 5253 πολὺ
3017 5198 3114 5252 zeal
3140 5197 3251 5251 τῶν
3281 5195 3479 5266 τοίχων

1884 5286 1978 5338 zeal
2008 5285 2103 5338 τοῦ
2145 5284 2536 5356 θυσιαστηρίου
2582 5282 2931 5355 τιμιώτερον,
2985 5282 3094 5337 τῶν
3142 5280 3480 5336 διδασκάλων

1881 5368 1981 5440 τὴν
1996 5368 2287 5439 οἰκοδομὴν
2309 5366 2726 5438 ἀνατρέπουσαν
2750 5367 2845 5421 zeal
2868 5366 3293 5438 λυμαινομένην,
3318 5362 3478 5426 ποίας

1884 5450 1951 5505 ἂν
1974 5452 2058 5522 εῐη
2095 5450 2426 5522 συγγνώμης
2450 5448 2636 5515 ἀξιοςς
2664 5450 2755 5522 Μὴ
2781 5450 2889 5523 γάρ
2919 5468 3009 5522 μοι
3033 5451 3241 5519 λεγέτω
3266 5465 3372 5514 τις,
3390 5447 3475 5500 ὅτι

1883 5535 2144 5600 πολλάκις
2197 5536 2557 5607 ἐπιχειρήσας
2611 5536 2713 5589 οὐκ
2764 5536 3012 5608 ίσχυσεψ
3063 5534 3173 5589 ἀπὸ
3214 5532 3324 5604 γάρ
3374 5531 3475 5601 τῆς

1883 5623 2111 5697 γνώμης
2158 5624 2229 5679 τά
2278 5623 2584 5696 πράγματα
2623 5624 2901 5694 κρίνεταιο
2972 5621 3094 5676 ἐπεὶ
3120 5620 3212 5676 zeal
3238 5621 3267 5674 6
3301 5619 3475 5676 Σαοὺλ

1948 5866 1969 5892 ⁸
2004 5860 2202 5923 lioreL,
2228 5862 2272 5911 τί
2295 5862 2393 5913 ἄνω
2419 5863 2499 5911 zeal
2526 5860 2658 5910 κάτω
2684 5862 2851 5923 ποιεῖς,
2877 5858 3025 5912 male.
