4064 6296
543 223 646 282 ΜΘ

541 337 829 426 ἀπέκτεινε
855 341 946 398 τὸν
971 348 1151 406 Δαυῖδ.
1181 351 1226 403 εἰ
1253 351 1342 404 καὶ
1367 352 1441 422 μή
1461 354 1739 426 ἐπέτυχεν.
1768 358 1880 410 Οὐκ
1899 357 2118 416 ἐννοεῖς,

541 425 664 509 είπέ
685 445 796 498 μοι.
818 430 898 483 ὅτι
915 433 1026 496 τοῖς
1052 431 1345 504 προϐάτοις
1369 425 1737 503 ἐπιϐουλεύεις
1750 441 1840 494 τοῦ
1863 437 2120 509 Χριστοῦ,

542 508 621 582 τῷ
657 513 876 582 ποιμένι
923 518 1195 589 πολεμῶν,
1235 521 1328 574 καὶ
1361 524 1470 585 τοῖς
1503 524 1817 592 προϐάτοις,
1870 508 2010 594 ὑπὲρ
2041 517 2114 576 ὧν

542 595 724 650 καὶτὸ
748 595 884 669 αἷμα
913 600 1125 670 ἐξέχεεν
1158 605 1185 657 6
1216 605 1469 674 Χριστὸς,
1511 608 1604 660 καὶ
1630 609 1803 662 πάντα
1834 609 1926 660 καὶ
1952 609 2123 660 ποιεῖν

545 679 641 732 καὶ
700 681 930 751 πάσχειν
975 681 1122 752 ἡμᾶς
1171 685 1488 753 ἐκέλευσεν;
1535 691 1635 744 ούκ
1691 691 2124 761 ἀναμιμνήσκεις

549 762 764 827 σαυτὸν,
795 765 875 818 ὅτι
905 765 935 819 6
975 765 1078 836 μὲν
1119 764 1396 841 Δεσπότης
1433 791 1526 826 σου
1562 775 1660 846 τήν
1701 775 1861 840 δόξαν
1888 773 1986 844 τήν
2025 774 2123 842 σὴν

547 846 799 919 ἐζήτησε,
821 851 914 906 καὶ
938 855 1056 923 οὐχὶ
1076 854 1173 926 τήν
1197 857 1415 924 ἑαυτοῦ,
1440 859 1503 912 σὺ
1525 858 1581 912 δὲ
1600 861 1660 913 ού
1688 861 1788 932 τὴν
1809 860 1904 914 τοῦ
1928 860 2126 913 Δεσπό-

547 947 643 1014 του
682 933 885 1005 ζητεῖς,
920 937 1055 991 ἀλλά
1076 939 1175 1011 τήν
1203 940 1428 1006 ἐαυτοῢς
1473 945 1664 998 Καίτοι
1700 947 1748 999 εἰ
1787 947 1886 1014 τὴν
1912 945 2121 998 ἐκείνου

547 1013 777 1099 ἐζήτεις,
815 1020 934 1074 τότε
971 1020 1036 1076 ἀν
1066 1023 1158 1077 καὶ
1201 1023 1303 1095 τῆς
1349 1027 1446 1096 σῆς
1473 1029 1766 1098 ἐπέτυχες·
1797 1013 1896 1099 τήν
1926 1025 1982 1080 δέ
2023 1027 2121 1095 σὴν

549 1095 737 1180 ζητῶν
760 1101 867 1171 1:96
895 1101 995 1172 τῆς
1017 1105 1248 1169 ἐκείνου,
1277 1095 1623 1178 ούδὲγταύτης
1644 1095 1929 1180 ἀπολαύσῃ
1969 1109 2116 1162 ποτέ.

549 1179 644 1264 Τίς
679 1177 772 1236 οῦν
807 1183 958 1239 ἔσται
1000 1186 1264 1257 Θεραπεία
1306 1191 1536 1256 τούτους
1569 1177 1736 1264 Κοινῇ
1784 1177 1984 1256 πάντες
2031 1194 2122 1245 εὐ-

549 1263 800 1348 ξώμεθα,
835 1271 929 1325 καὶ
961 1271 1088 1341 μίαν
1115 1273 1256 1345 ύπξρ
1295 1275 1474 1328 αὐτῶν
1507 1263 1886 1348 ἀνενέγκωμεν
1917 1277 2118 1348 φωνὴν,

548 1352 623 1405 ὡς
654 1346 804 1433 [491]
858 1353 998 1425 ὑπὲρ
1030 1355 1140 1409 τῶν
1188 1358 1612 1431 ἐνεργουμένων.
1665 1346 1928 1433 Καὶ-γὰρ
1977 1346 2119 1414 οὗτοι

549 1432 877 1506 ἀθλιώτερον
913 1437 1213 1494 διάκεινται
1239 1442 1484 1512 ἐκείνων,
1506 1445 1614 1516 ὅσῳ
1639 1444 1732 1498 καὶ
1753 1442 2120 1515 προαιρέσεώς

552 1521 699 1571 ἐστιν
727 1521 759 1589 ή
787 1520 970 1590 μανία.
1004 1523 1182 1593 Εὐχῆς
1205 1524 1310 1596 γὰρ
1332 1527 1500 1581 δεῖται
1527 1529 1588 1583 16
1612 1529 1826 1600 νόσημα
1846 1527 2006 1581 τοῦτο
2027 1528 2120 1580 καὶ

552 1603 750 1685 πολλῆς
773 1601 871 1672 τῆς
891 1605 1143 1676 δεήσεως.
1177 1608 1238 1662 Εί
1262 1611 1370 1682 γὰρ
1403 1615 1430 1666 6
1465 1615 1537 1685 μὴ
1563 1614 1731 1681 φιλῶν
1763 1613 1852 1666 16v
1873 1612 2117 1680 ἀδελφὸν,

551 1684 646 1737 ἐὰν
693 1688 947 1756 χρήματα
989 1688 1222 1762 κενώση,
1267 1693 1370 1747 κάν
1407 1695 1465 1748 ἐν
1494 1684 1778 1766 μαρτυρίῳ
1825 1694 2119 1764 διαλάμψῃ,

551 1767 700 1821 οὐδὲν
733 1766 884 1823 ἀνύει
925 1768 1112 1825 ⁸πλέον·
1142 1775 1170 1827 6
1203 1775 1298 1828 καὶ
1336 1777 1585 1848 πολεμῶν
1617 1776 1694 1848 τῷ
1731 1776 1894 1848 μηδὲν
1928 1776 2120 1846 ήδικη-

553 1851 669 1904 κότι
708 1851 960 1924 ἐννόησον
1005 1854 1177 1927 πόσης
1215 1857 1281 1910 ἂν
1328 1857 1410 1930 εἴη
1447 1861 1718 1930 τιμωρίας
1750 1859 1916 1925 ἄξιος.
1955 1855 2123 1921 Οὗτος

553 1936 646 1992 καὶ
672 1937 939 2009 Ἑλλήνων
962 1940 1179 2011 χείρων.
1199 1942 1260 1994 EE
1285 1943 1391 2014 γάρ
1411 1944 1472 1996 τδ
1492 1944 1664 2012 φιλεῖν
1691 1946 1818 2008 τοὺς
1840 1943 2121 2012 φιλοῦντας

551 2022 702 2076 οὐδὲν
733 2023 893 2076 πλέον
923 2025 1068 2095 ἡμᾶς
1103 2024 1325 2094 ἀφίησιν
1363 2027 1585 2080 ἐκείνων
1615 2027 1794 2097 ἔχειν,
1820 2027 1848 2079 6
1882 2029 1990 2092 τοῖς
2035 2044 2124 2097 φι-

551 2101 701 2158 λοῦσι
727 2105 1032 2175 βασκαίνων
1063 2105 1165 2160 ποῦ
1199 2109 1476 2178 στήσεται,
1496 2109 1616 2163 είπέ
1646 2128 1770 2181 μοι;

620 2186 731 2242 Καὶ
761 2189 870 2261 γάρ
897 2187 990 2242 τοῦ
1026 2189 1279 2258 πολεμεῖν
1321 2193 1501 2263 χεῖρόν
1535 2193 1650 2246 ἐστι
1678 2192 1738 2245 16
1788 2190 2118 2262 βασκαίνειν.

561 2270 619 2325 '0
653 2272 752 2342 μὲν
797 2271 906 2342 γάρ
941 2271 1208 2342 πολεμῶν,
1251 2273 1350 2344 τῆς
1385 2273 1563 2340 αἰτίας
1611 2275 1865 2346 λυθείσης
1892 2273 1959 2329 δι’
2002 2275 2068 2344 ἧν
2095 2275 2123 2328 6

550 2354 807 2427 πόλεμος,
851 2357 945 2410 καὶ
987 2355 1085 2427 τήν
1119 2355 1318 2426 ἔχθραν
1346 2358 1642 2411 κατέλυσεν
1667 2375 1680 2388 ·
1712 2359 1739 2411 6
1770 2357 1824 2410 δέ
1857 2358 2122 2428 βάσκανος

549 2435 803 2492 οὐδέποτε
829 2437 895 2492 ἀν
917 2438 1127 2505 γένοιτο
1151 2438 1323 2505 φίλος.
1355 2440 1463 2493 Καὶ
1486 2441 1514 2492 6
1540 2439 1639 2511 μέν
1677 2439 1774 2512 την
1805 2439 1982 2510 μάχην
2017 2457 2123 2508 φα-

551 2522 715 2594 νεράν
745 2519 1135 2586 ἐπιδείκνυται,
1167 2523 1194 2574 6
1219 2521 1274 2575 δέ
1311 2525 1806 2595 συνεσκιασμένην·
1841 2525 1934 2578 καὶ
1964 2526 1991 2578 ό
2026 2524 2123 2595 μὲν

551 2603 727 2658 αἰτίαν
768 2603 1027 2666 πολλάκις
1066 2603 1177 2674 ἔχει
1211 2606 1384 2660 εἰπεῖν
1421 2603 1642 2675 εῦλογον
1667 2607 1762 2661 τοῦ
1803 2607 2067 2677 πολέμου,
2095 2609 2124 2661 6

551 2687 610 2742 δέ
639 2687 789 2742 οὐδὲν
830 2689 1016 2760 ἕτερον
1069 2688 1102 2759 ἢ
1151 2688 1347 2759 μανίαν
1388 2690 1482 2744 καὶ
1538 2690 1764 2761 γνώμην
1805 2693 2120 2762 σατανικήν.

553 2769 670 2824 Τίνι
714 2767 806 2824 οὗν
858 2769 922 2824 ἄν
949 2789 1030 2834 τις
1073 2770 1170 2843 τὴν
1216 2771 1472 2843 τοιαύτην
1519 2774 1866 2842 παραϐάλοι·
1911 2774 2122 2845 ψυχήν;

553 2855 684 2928 ποίᾳ
713 2853 930 2927 ἐχίδνης
963 2855 1093 2927 ποίᾳ
1127 2856 1342 2921 ἀσπίδι;
1378 2856 1516 2928 ποίῳ
1545 2856 1820 2928 σκώληκι;
1854 2857 1960 2930 τίνι
1993 2875 2126 2912 καν-

553 2939 738 3012 θάρῳ;
775 2931 910 2994 Οὔτε
934 2941 1058 3010 ,γάρ
1104 2939 1477 3012 ἐναγέστερον,
1517 2939 1641 2993 οὔτε
1679 2943 2037 3013 πονηρότερόν
2073 2960 2126 2996 τι

551 3023 652 3094 τῆς
679 3022 933 3093 τοιαύτης
960 3021 1160 3093 ψυχῆς.
1198 3020 1368 3076 Τοῦτο
1397 3023 1525 3096 γὰρ,
1559 3022 1716 3078 τοῦτο
1746 3025 1845 3087 τάς
1895 3025 2125 3096 Ἐκκλη-

554 3106 674 3171 σίας
697 3105 980 3177 ἀνέτρεψε,
1009 3104 1168 3159 τοῦτο
1197 3104 1296 3169 τὰς
1325 3105 1564 3176 αἱρέσεις
1595 3107 1770 3173 ἔτεκε,
1791 3106 1946 3160 τοῦτο
1976 3107 2129 3161 ἀδελ-

554 3189 718 3260 φικὴν
739 3190 942 3243 ὥπλισε
964 3191 1140 3261 χεῖρα,
1169 3189 1262 3243 καὶ
1291 3189 1482 3259 αἵματι
1503 3190 1712 3244 δικαίου
1739 3190 1917 3255 δεξιὰν
1944 3191 2130 3260 βαπτι-

557 3275 749 3346 σθῆναι
792 3273 1037 3344 ἐποίησε,
1081 3273 1176 3326 καὶ
1221 3273 1420 3342 νόμους
1452 3273 1722 3328 ἀνέσπασε
1769 3273 2002 3342 φύσεως,
2035 3271 2129 3327 καὶ

555 3359 634 3429 τῷ
665 3359 881 3428 θανάτῳ
905 3359 1002 3422 τὰς
1031 3356 1200 3428 θύρας
1229 3356 1450 3428 ἀνέῳξε,
1492 3357 1586 3411 καὶ
1611 3358 1708 3428 τήν
1740 3357 1878 3427 ἀράν
1918 3357 2130 3427 ἐκείνην

557 3446 637 3508 είς
662 3444 821 3514 ἐργον
853 3442 1047 3511 ἤγαγε,
1080 3441 1175 3494 καὶ
1210 3439 1333 3494 οὔτε
1367 3441 1572 3494 ὠδίνων
1611 3441 1733 3494 οὔτε
1775 3440 1976 3508 γονέων
2005 3439 2129 3494 οὔτε

556 3528 717 3582 ἀλλου
744 3524 890 3586 τινὸς
916 3522 1324 3593 ἀναμνησθῆναι
1363 3523 1454 3576 τὸν
1486 3523 1668 3578 ἀθλιον
1694 3523 1872 3577 εἴασεν
1904 3525 2128 3586 ἐκεῖνον,

557 3609 674 3664 ἀλλ’
696 3607 870 3670 οὕτως
889 3604 1050 3661 αὐτὸν
1066 3603 1358 3676 ἐξεϐάκχευ
1367 3623 1425 3659 σε
1445 3607 1542 3660 καί.
1559 3607 1638 3669 είς
1656 3604 1908 3660 τοσοῦτον
1926 3607 2132 3677 ἢγαγεν

557 3688 792 3762 οἶστρον,
824 3689 900 3752 ὡς
927 3691 1019 3744 καὶ
1046 3689 1138 3742 τοῦ
1178 3689 1312 3742 Θεοῦ
1352 3689 1796 3761 παρακαλοῦντος
1829 3691 1922 3743 καὶ
1958 3691 2135 3759 λέγον-

558 3793 668 3839 τος,
702 3772 856 3842 Πρὸς
881 3773 956 3828 σὲ
989 3772 1021 3838 ἠ
1053 3773 1407 3840 ἀποστροφὴ
1453 3773 1662 3838 αὐτοῦ,
1689 3773 1788 3827 καί
1817 3771 1898 3827 σὺ
1933 3773 2128 3840 ἄρξεις

559 3858 766 3919 αὐτοῦ,
824 3855 957 3927 μηδέ
1004 3853 1175 3918 οὕτως
1224 3854 1486 3909 ἐνδοῦναι.
1535 3855 1728 3909 Καίτοι
1780 3871 1843 3922 γε
1897 3855 1991 3908 καὶ
2041 3853 2133 3908 τοῦ

560 3942 903 4010 ἐγκλήματος
925 3938 1084 3993 αὐτὸν
1115 3937 1317 4008 ἀφῆκε,
1346 3939 1441 3992 καὶ
1471 3939 1561 3991 τὸν
1585 3938 1812 4007 ἀδελφὸν
1841 3937 2130 4006 ὑπέταξεν·

561 4025 678 4079 ἀλλ’
716 4025 864 4095 ὅμως
908 4018 1082 4084 οὕτως
1120 4022 1336 4075 ἀνίατον
1375 4021 1436 4074 16
1474 4021 1688 4090 νόσημα
1718 4019 1895 4084 τοῦτο,
1927 4021 2002 4084 ὡς
2045 4022 2136 4076 καὶ

566 4112 777 4183 μυρίων
799 4107 1108 4180 φαρμάκων
1133 4109 1517 4178 ἐπικειμένων,
1546 4108 1642 4179 τὴν
1673 4111 1876 4162 οἰκείαν
1903 4111 2135 4164 ἀναϐλύ-

564 4194 680 4259 ζειν
711 4192 996 4262 σηπεδόνα.
1033 4191 1191 4254 Τίνος
1233 4190 1342 4261 γάρ
1383 4191 1568 4244 ἕνεκεν
1603 4190 1806 4258 ἀλγεῖς,
1845 4187 1888 4244 ὧ
1921 4193 2137 4246 πάντων

564 4271 859 4344 ἀθλιώτερε
888 4271 989 4335 σύ;
1019 4273 1101 4325 ὅτι
1121 4270 1354 4344 ἐτιμήθη
1387 4272 1592 4337 όΘεόςς
1633 4273 1793 4327 Ἀλλά
1821 4275 1978 4329 τοῦτο
2003 4276 2140 4344 γνώ-

569 4376 678 4430 μης
705 4356 1020 4426 σατανικῆς.
1061 4356 1199 4408 Ἀλλ’
1218 4357 1301 4410 ὅτι
1330 4355 1800 4428 παρευδοκίμησεν
1827 4359 1856 4410 6
1880 4357 2137 4426 ἀδελφός;

581 4441 718 4494 Ἀλλ’
743 4440 918 4506 ἐξεστι
941 4439 1034 4492 καὶ
1063 4437 1148 4491 σοι
1175 4437 1336 4492 πάλιν
1365 4439 1527 4492 αὑτὸν
1560 4440 1957 4511 παραδραμεῖν.
1979 4443 2140 4495 Ὥστε

566 4527 616 4578 εί
651 4519 828 4595 βούλει
855 4521 1096 4590 νικῆσαι,
1123 4519 1198 4591 μὴ
1229 4521 1439 4594 σφάξης
1471 4523 1605 4594 μηδὲ
1633 4523 1846 4597 ἀνέλῃς,
1868 4523 1983 4577 ἀλλ’
2005 4524 2142 4594 ἄφες

570 4609 753 4681 μένειν
784 4607 873 4681 ῐνα
909 4605 1141 4676 τηρῆται
1179 4604 1288 4658 τῶν
1335 4605 1729 4675 παλαισμάτων
1781 4607 1814 4676 ή
1865 4605 2140 4672 ὑπόθεσις,

567 4691 663 4746 καὶ
686 4689 909 4762 νίκησον
926 4687 1104 4753 ζῶντα
1119 4703 1132 4717 °
1152 4685 1293 4741 οὕτω
1313 4687 1420 4760 γάρ
1453 4706 1533 4741 σοι
1561 4686 1811 4758 λαμπρὸς
1830 4687 1859 4739 6
1882 4689 2146 4756 στέφανος

567 4773 789 4845 ἔμελλεν
828 4770 1080 4826 ἐσεσθαι’
1115 4773 1234 4825 νυνὶ
1255 4773 1312 4826 δέ
1341 4772 1566 4835 ἀνελὼν,
1595 4771 1816 4842 μείζονα
1849 4773 1988 4827 κατά
2013 4790 2146 4826 σαυ-

565 4857 662 4912 τοῦ
689 4856 787 4926 τῆς
827 4856 994 4928 ἥττης
1029 4856 1129 4924 τὴν
1157 4855 1338 4925 ψῆφον
1365 4856 1634 4924 ἐκφέρεις.
1679 4854 1818 4908 Ἀλλ’
1846 4855 1996 4908 οὐδὲν
2020 4855 2144 4908 τού-

566 4957 676 4996 των
696 4943 730 5012 ή
753 4938 1022 5010 βασκανία
1069 4936 1198 4992 οἶδε.
1229 4936 1385 5002 Τίνος
1413 4938 1471 4991 δὲ
1498 4939 1681 4992 ἐνεκεν
1718 4939 1812 4990 καὶ
1836 4936 1992 5008 δόξης
2015 4939 2148 5009 ἐρᾷς

571 5025 630 5077 ἐν
668 5024 872 5094 ἐρημίᾳ
903 5022 1172 5094 τοσαύτης
1215 5017 1363 5077 οὗτοι
1401 5021 1512 5092 γάρ
1561 5021 1711 5092 μόνοι
1741 5021 1862 5074 τότε
1909 5022 2009 5092 τήν
2041 5023 2147 5091 γῆν

570 5105 768 5176 ᾤκουν.
813 5105 952 5158 Ἀλλ’
985 5103 1104 5158 οὐδὲ
1128 5104 1286 5159 τοῦτο
1325 5104 1489 5159 αὐτὸν
1520 5105 1770 5175 ἐπέσχεν,
1811 5103 1944 5158 ἀλλά
1973 5107 2148 5159 πάντα

572 5186 681 5242 ἀπὸ
711 5188 810 5257 τῆς
845 5185 1021 5257 ψυχῆς
1051 5187 1232 5257 ῥίψας,
1267 5188 1452 5241 ἵστατο
1487 5187 1621 5257 μετά
1647 5186 1742 5240 τοῦ
1773 5187 2020 5240 διαϐόλου
2054 5188 2148 5242 καὶ

574 5271 943 5341 παρετάττετο
963 5285 976 5298 ο
1009 5271 1106 5324 καὶ
1133 5270 1244 5340 γάρ
1281 5273 1486 5333 ἐκεῖνος
1513 5264 1582 5340 ἦν
1609 5272 1638 5322 6
1673 5269 1993 5341 στρατηγῶν
2026 5271 2149 5324 τότε

579 5354 718 5424 μετὰ
751 5349 846 5407 τοῦ
889 5353 1050 5407 Κάῖν.
1087 5352 1306 5422 Ἐπειδὴ
1334 5353 1442 5423 γὰρ
1479 5352 1580 5406 οὐκ
1621 5353 1854 5424 ήρκεσεν
1900 5353 2047 5423 αὐτῷ
2091 5354 2150 5407 16

574 5435 828 5505 γενέσθαι
875 5434 1070 5505 θνητὸν
1111 5435 1203 5489 τὸν
1251 5433 1558 5504 ἄνθρωπον,
1595 5436 1690 5489 καὶ
1716 5435 1793 5504 τῷ
1837 5437 2022 5506 τρόπῳ
2055 5436 2150 5490 τοῦ

577 5517 806 5574 θανάτου
839 5517 1062 5589 μείζονα
1104 5517 1204 5587 τὴν
1233 5516 1534 5588 τραγῳδίαν
1570 5518 1842 5590 ἐπεχείρει
1892 5520 2149 5589 ποιῆσαι,

577 5610 674 5664 καὶ
709 5609 996 5664 ἀνέπειθεν
1035 5607 1422 5677 ἀδελφοκτόνον
1441 5607 1724 5677 γενέσθαι·
1759 5611 2018 5680 ἠπείγετο
2043 5611 2152 5681 γάρ

580 5692 673 5745 καὶ
696 5690 880 5744 ὤδινεν
913 5690 1040 5744 ίδεῖν
1067 5690 1166 5761 τὴν
1194 5691 1466 5759 ἀπόφασιν
1493 5694 1571 5757 είς
1593 5692 1750 5764 ἔργον
1782 5694 2152 5766 ἐκφερομένην

652 5848 677 5880 ⁸
705 5851 867 5901 Codex
891 5865 1035 5915 unus,
1069 5855 1349 5919 παραϐαλεῖ.

1258 236 1314 292 8.
1358 235 1646 295 JOANNIS
1684 229 2176 296 CIIRYSOSTOMI
2216 232 2534 292 ARCIIIEP.
2575 237 3132 298 CONSTANTINOP.

3700 243 3807 300 εει

2228 352 2256 402 6
2291 352 2559 423 μηδέποτε
2594 355 2657 407 ἐκ
2697 352 2802 406 τῶν
2833 356 3118 426 ἡμετέρων
3151 355 3547 428 κοκννύμενος
3597 357 3810 412 κακῶν.

2232 435 2442 507 ’Ὠσπερ
2476 433 2543 490 ἀν
2583 436 2638 489 εί
2663 454 2747 500 τις
2779 436 3065 508 δεσμώτην
3095 437 3232 508 ἔχων
3267 439 3481 511 ἐχθρὸν,
3532 441 3814 512 ἀπόφασιν

2229 516 2518 587 δεξάμενον
2546 515 2688 582 ίδὼν,
2719 519 2850 590 πρὶν
2877 519 2910 592 ἢ
2939 521 3040 590 τὴν
3072 521 3226 575 πόλιν
3255 523 3505 588 ἐξελθεῖν,
3534 525 3814 591 ἐπείγοιτο

2231 600 2321 652 κάι
2366 600 2512 654 ἔνδον
2558 602 2923 671 σφαττόμενον
2985 603 3133 667 ἰδεῖν,
3181 605 3276 658 καὶ
3317 606 3450 674 μηδέ
3499 605 3597 657 τὸν
3649 622 3813 674 προσ-

2229 678 2434 750 ήκοντα
2455 683 2715 755 άναμένοι
2735 685 2925 753 καιρόν
2940 702 2954 716 ο
2981 683 3122 739 οὕτω
3147 685 3210 756 δὴ
3234 688 3326 739 καὶ
3347 689 3375 740 δ
3393 677 3642 748 διάϐολος
3665 688 3809 741 τότε.

2229 765 2420 818 Καίτοι
2450 783 2514 834 γε
2545 765 2804 831 ἀκούσας,
2835 767 2917 820 δτι
2945 770 3026 832 είς
3062 769 3165 839 γῆν
3188 767 3340 842 [ιοε]
3373 769 3741 824 ἀπελεύσεται
3782 771 3812 822 6

2228 847 2534 918 ἅνθρωπος,
2586 849 2741 904 ῶδινέ
2787 868 2840 904 τι
2881 847 3044 905 πλέον
3089 851 3236 915 ίδεῖν,
3287 853 3399 904 υίδν
3450 853 3559 922 πρὸ
3599 853 3810 922 πατρὸς

2226 930 2581 996 τελευτῶντα,
2633 934 2728 985 καὶ
2767 933 2994 1003 ἀδελφὸν
3038 931 3265 1003 ἀδελφὸν
3310 931 3663 1006 ἀναιροῦντα,
3714 935 3810 986 καὶ

2227 1012 2404 1081 ἄωρον
2423 1013 2516 1066 καὶ
2542 1014 2724 1084 βιαίαν
2755 1018 2987 1087 σφαγήν.

2297 1099 2358 1162 ζ’.
2395 1093 2545 1162 Εἶδες
2575 1099 2709 1169 πρὸς
2729 1101 2870 1154 πόσα
2892 1098 3234 1171 ὑπηρέτησεν
3255 1100 3284 1152 6
3314 1099 3540 1169 φθόνος;
3565 1097 3688 1161 πῶς
3709 1098 3810 1168 τὴν

2226 1179 2519 1249 ἀκόρεστον
2547 1181 2642 1234 τοῦ
2687 1181 2930 1236 διαϐόλου
2958 1181 3183 1252 γνώμην
3215 1180 3502 1252 ἐνέπλησε,
3545 1183 3646 1234 καὶ
3680 1198 3809 1233 τοσ-

2226 1261 2396 1332 αύτην
2428 1263 2574 1333 αὐτῷ
2607 1265 2888 1337 παρέθηκε
2941 1263 3236 1337 τράπεζαν,
3264 1266 3396 1336 ὅσην
3439 1263 3568 1318 ίδεῖν
3601 1263 3806 1316 ἐπεθύ-

2229 1351 2400 1414 μησεν
2431 1347 2673 1412 ἐκεῖνος;
2699 1346 2993 1418 Φεύγωμεν
3025 1347 3208 1401 τοίνυν
3232 1347 3293 1401 16
3319 1349 3557 1416 νόσημα.
3586 1345 3662 1400 Οὐ
3695 1345 3808 1415 γὰρ

2228 1427 2393 1492 ἐστιν,
2418 1428 2518 1482 οὑκ
2535 1427 2650 1482 ἐστι
2673 1428 2734 1482 16
2758 1429 2870 1500 πῦρ
2890 1431 3066 1483 ἐκεῖνο
3085 1431 3367 1500 διαφυγεῖν
3387 1419 3447 1482 16
3467 1429 3809 1499 ἡτοιμασμέ-

2226 1527 2316 1563 νον
2343 1511 2421 1582 τῷ
2454 1509 2706 1582 διαϐόλῳ,
2736 1512 2809 1586 μὴ
2828 1511 3034 1581 ταύτης
3052 1512 3466 1579 ἀπαλλαγέντας
3489 1511 3592 1581 τῆς
3622 1512 3808 1582 ἀρρω-

2229 1593 2408 1658 στίαςο
2460 1595 2960 1666 ἀπαλλαγησόμεθα
3001 1595 3080 1659 δέ,
3111 1595 3180 1648 ἀν
3209 1595 3552 1663 ἐννοήσωμεν
3582 1593 3704 1654 πῶς
3746 1609 3806 1643 τε

2227 1678 2374 1747 ἡμᾶς
2416 1679 2690 1748 ἠγάπησε,
2735 1681 2831 1731 καὶ
2877 1678 3142 1748 ἀλλήλους
3188 1678 3475 1731 ἐκέλευσεν
3521 1677 3747 1744 ἀγαπᾷν
3772 1678 3803 1730 6

2227 1762 2480 1831 Χριστός.
2502 1764 2626 1826 Πῶς
2646 1759 2739 1816 οὖν
2775 1765 2924 1832 ἡμᾶς
2947 1762 3234 1833 ήγάπησες
3268 1761 3344 1814 T6
3374 1755 3514 1830 αἷμα
3536 1758 3599 1811 16
3624 1759 3807 1828 τίμιον

2227 1844 2428 1898 ἔδωκεν
2455 1846 2596 1916 ὑπὲρ
2621 1846 2776 1915 ήμῶν
2799 1846 3008 1915 ἐχθρῶν
3033 1846 3200 1898 ὄντων
3221 1844 3316 1897 καὶ
3341 1843 3412 1895 τά
3437 1843 3668 1912 μέγιστα
3700 1840 3809 1909 ηδι-

2229 1927 2496 1998 κηκότων.
2524 1928 2694 1981 Τοῦτο
2715 1928 2806 1981 καὶ
2834 1929 2898 1980 σὺ
2925 1927 3152 1998 ποίησον
3173 1927 3267 1978 ἐπὶ
3293 1924 3388 1977 τοῦ
3413 1923 3649 1992 ἀδελφοῦ
3669 1940 3684 1952 θ
3716 1921 3805 1974 διὰ

2227 2010 2336 2080 γὰρ
2353 2011 2530 2076 τοῦτο,
2547 2028 2620 2081 φη
2629 2012 2733 2073 σὶν,
2763 2006 3047 2077 Ἐἱρτολὴν
3067 2009 3284 2076 καινὴν
3302 2008 3507 2076 δίδωμι
3525 2007 3690 2074 ὑμῖν,
3709 2007 3807 2057 ἵνα

2227 2093 2413 2159 οὕτως
2449 2092 2714 2161 ἀγαπᾶτε
2758 2092 3090 2157 ἀλλήλους,
3137 2090 3329 2155 καθὼς
3357 2089 3471 2158 ἐγὼ
3514 2088 3808 2156 ἠγάπησα

2226 2176 2402 2244 ὑμᾶς.
2437 2176 2651 2230 Μᾶλλον
2672 2175 2727 2228 δέ
2755 2175 2873 2228 ούδὲ
2896 2174 3038 2228 οὕτω
3065 2175 3124 2227 16
3147 2175 3341 2244 μέτρον
3367 2172 3582 2225 ἵσταται
3599 2188 3612 2198 ·
3645 2170 3808 2233 αὐτὸς

2227 2261 2339 2330 γὰρ
2358 2261 2496 2332 ὑπὲρ
2512 2261 2623 2314 τῶν
2640 2261 2850 2332 ἐχθρῶν
2873 2259 3031 2313 τοῦτο
3057 2259 3332 2328 ἐποίησεν.
3373 2257 3512 2311 Ἀλλ’
3537 2257 3601 2308 οὐ
3628 2253 3807 2324 βούλει

2227 2344 2288 2397 16
2307 2338 2446 2413 αἷμα
2463 2343 2646 2398 δοῦναι
2663 2344 2726 2397 16
2745 2342 2945 2401 σαυτοῦ
2963 2343 3101 2414 ὑπὲρ
3120 2341 3214 2395 τοῦ
3231 2340 3458 2410 ἀδελφοῦ
3476 2357 3490 2405 ;
3508 2340 3575 2392 Τί
3598 2333 3692 2392 οὖν
3715 2336 3807 2390 καὶ

2227 2428 2288 2480 τὸ
2315 2427 2522 2480 ἐκείνου
2545 2423 2777 2496 ἐκχέεις,
2803 2428 2869 2478 ἐκ
2887 2425 3179 2496 διαμέτρου
3197 2423 3524 2494 παρακούων
3540 2422 3644 2491 τῆς
3661 2423 3807 2472 ἐντο-

2227 2509 2351 2580 λῆςς
2370 2509 2559 2562 Καίτοι
2586 2494 2748 2572 αὖτδξ
2777 2508 2873 2578 μέν
2893 2494 3031 2578 ὅπερ
3055 2494 3328 2579 ἐποίησεν,
3348 2507 3448 2558 οὐκ
3473 2503 3533 2569 ἐξ
3558 2502 3802 2571 ὀφειλῆς·

2231 2596 2296 2648 σὺ
2324 2592 2401 2658 δὲ,
2444 2592 2512 2646 ἀν
2545 2594 2726 2662 ποιῇς,
2763 2591 2984 2662 ὀφειλὴν
3016 2590 3204 2643 λοιπὸν
3247 2590 3500 2660 πληροῖς·
3552 2588 3676 2641 ἐπεὶ
3712 2585 3802 2638 καὶ

2229 2679 2435 2739 ἐκεῖνος
2471 2675 2589 2730 6τά
2625 2676 2794 2746 μύρια
2840 2673 3075 2728 τάλαντα
3117 2672 3325 2737 λαϐὼν,
3366 2671 3462 2724 καὶ
3500 2671 3572 2724 τά
3615 2667 3800 2722 ἑκατὸν

2227 2760 2458 2831 δηνάρια
2485 2758 2752 2822 ἀπαιτῶν,
2781 2758 2842 2810 ού
2867 2757 2954 2810 διά
2984 2755 3144 2809 τοῦτο
3169 2753 3458 2819 ἐκολάζετο
3501 2752 3684 2823 μόνον,
3722 2751 3799 2804 δτι

2228 2843 2461 2914 ἀπῄτει,
2490 2842 2604 2896 ἀλλ’
2639 2843 2722 2896 ὅτι
2749 2841 2870 2895 οὐδὲ
2900 2843 2967 2912 τῇ
3012 2839 3304 2912 εὐεργεσία
3325 2839 3516 2908 γέγονε
3558 2835 3797 2907 βελτίων,

2229 2927 2350 2980 ούδέ
2381 2926 2645 2998 ἄρξαντος
2675 2924 2768 2979 τοῦ
2797 2925 3061 2978 δεσπότου
3093 2922 3540 2994 κατηκολούθησε
3559 2960 3575 2982 ,
3622 2915 3719 2973 καὶ
3745 2917 3802 2971 τὸ

2231 3011 2391 3082 χρέος
2423 3011 2671 3085 ἀπέδωκε
2695 3027 2708 3040 ο
2744 3010 2841 3064 καὶ
2882 3008 2992 3078 γὰρ
3037 3007 3198 3079 χρέος
3226 3003 3294 3077 ἦν
3335 3005 3520 3058 λοιπὸν
3551 3003 3616 3056 16
3657 3000 3802 3068 παρὰ

2230 3093 2324 3152 τοῦ
2347 3093 2533 3148 δούλου
2563 3095 2875 3164 γενόμενον,
2900 3093 3037 3160 εἴγε
3063 3087 3296 3160 ἐγένετο.
3322 3089 3434 3143 Καὶ
3458 3088 3569 3158 γὰρ
3593 3087 3800 3140 ᾶπαντα

2232 3177 2377 3247 άπερ
2408 3177 2698 3247 ποιοῦμεν,
2729 3177 2950 3247 ὀφειλὴν
2980 3173 3314 3245 πληροῦντες
3347 3170 3613 3241 ποιοῦμεν
3635 3169 3686 3222 ι’.
3718 3168 3800 3220 Διδ

2233 3261 2328 3314 καὶ
2357 3259 2518 3322 αὐτὸς
2547 3259 2753 3329 ἐλεγεν·
2797 3261 2974 3313 Ὅταν
3005 3258 3200 3311 πάντα
3231 3256 3547 3323 ποιήσητε,
3582 3251 3800 3320 λέγετε.

2234 3341 2323 3397 ὅτι
2394 3343 2634 3410 Ἀχρεῒοι
2685 3341 2894 3396 δοῦλοι
2941 3342 3128 3410 ἐσμεν
3146 3356 3160 3370 °
3219 3338 3258 3393 ἀ
3314 3339 3423 3408 γὰρ
3476 3335 3805 3404 ὠφείλομεν

2235 3424 2487 3493 ποιῆσαι
2509 3464 2524 3490 ,
2554 3425 2944 3494 ἐποιήσαμεν.
2989 3422 3106 3477 Κᾶν
3138 3423 3359 3492 ἀγάπην
3388 3419 3573 3472 τοίνυν
3615 3417 3807 3470 ἐπιδει-

2238 3509 2478 3579 ξώμεθα,
2509 3508 2614 3562 κᾶν
2635 3509 2738 3578 χρή
2749 3525 2892 3578 ματα
2918 3506 3099 3577 δῶμεν
3130 3508 3243 3568 τοῖς
3271 3503 3566 3573 δεομένοις,
3593 3499 3808 3567 ὀφειλὴν

2237 3592 2573 3664 πληροῦμεν·
2607 3593 2704 3662 οὐχ
2739 3592 2820 3644 ὃτι
2861 3588 3128 3662 κατῆρξεν
3161 3588 3323 3650 αὐτὸς
3354 3583 3688 3655 εὐεργεσιῶν
3722 3583 3809 3651 μό-

2236 3694 2348 3737 νον,
2368 3676 2482 3730 ἀλλ’
2503 3676 2584 3728 ὅτι
2609 3675 2703 3729 καὶ
2721 3675 2789 3728 τά
2813 3673 2978 3728 αὑτοῦ
3000 3671 3346 3742 διανέμομεν,
3371 3671 3436 3724 ἀν
3462 3684 3594 3720 ποτε
3616 3666 3806 3736 δῶμεν.

2239 3760 2304 3812 Τί
2334 3759 2514 3813 τοίνυν
2551 3759 2872 3828 ἀποστερεῖς
2913 3755 3136 3808 σεαυτὸν
3166 3747 3240 3807 ὧν
3271 3752 3432 3814 αὐτός
3466 3767 3526 3802 σε
3569 3748 3808 3817 βούλεται

2239 3842 2427 3913 κύριον
2463 3837 2638 3906 εῐναι;
2693 3839 2791 3893 Διά
2843 3837 3000 3891 τοῦτο
3046 3837 3155 3908 γάρ
3212 3854 3292 3889 σοι
3347 3833 3634 3886 ἐκέλευσεν
3681 3829 3812 3882 αύτά

2239 3926 2422 3979 δοῦναι
2448 3925 2640 3995 ἑτέρῳ,
2669 3924 2756 3976 ἵνα
2783 3923 2846 3974 σὺ
2875 3921 3013 3974 αύτά
3034 3920 3184 3990 ἔχῃς.
3211 3920 3357 3980 Ἕως
3388 3917 3484 3988 μὲν
3513 3916 3622 3986 γὰρ
3661 3917 3813 3984 μόνος

2242 4010 2512 4080 κατέχεις,
2548 4007 2669 4062 οὐδέ
2701 4007 2861 4069 αὐτὸς
2891 4004 3059 4075 ἐχεις’
3089 4006 3217 4057 ὅταν
3245 4001 3301 4055 δὲ
3334 4001 3504 4070 ἐτέρῳ
3536 3999 3664 4070 δῷς,
3700 3997 3810 4050 τότε

2243 4092 2336 4147 καὶ
2361 4093 2524 4155 αὐτὸς
2545 4091 2753 4154 ἔλαϐες.
2781 4083 2930 4159 Ἀρά
2953 4105 3006 4141 τι
3035 4087 3224 4140 τούτου
3251 4084 3346 4138 τοῦ
3371 4083 3594 4154 φίλτρου
3622 4080 3811 4149 γένοιτ’

2243 4177 2308 4231 ἂν
2343 4179 2492 4243 τσον;
2547 4174 2719 4237 Αὐτὸς
2748 4172 2928 4242 ἐξέχεε
2977 4171 3040 4224 16
3072 4165 3213 4240 αἷμα
3245 4167 3384 4237 ὑπὲρ
3427 4166 3536 4219 τῶν
3585 4164 3810 4236 ἐχθρῶν,

2244 4263 2408 4330 ἡμεῖς
2439 4260 2496 4313 δέ
2527 4257 2648 4312 ούδέ
2681 4258 2942 4328 χρήματα
2976 4255 3115 4325 ὑπὲρ
3154 4253 3248 4306 τοῦ
3290 4251 3579 4322 εὐεργέτου
3603 4264 3618 4276 °
3662 4248 3812 4310 αὐτὸς

2244 4344 2306 4397 16
2335 4338 2476 4412 αἷμα
2513 4342 2576 4395 16
2613 4340 2828 4404 ἑαυτοῦ,
2876 4340 3039 4410 ἡμεῖς
3068 4337 3124 4390 δὲ
3155 4336 3276 4389 οὑδέ
3320 4337 3577 4405 χρήματα
3625 4333 3695 4385 τὰ
3725 4334 3812 4400 οὐχ

2244 4425 2404 4496 ἡμῶν
2427 4441 2442 4456 ⁸
2475 4424 2637 4487 αὐτὸς
2667 4422 2772 4493 πρὸ
2812 4422 2988 4493 ήμῶν,
3025 4422 3190 4491 ἡμεῖς
3215 4419 3270 4471 δέ
3319 4419 3438 4471 ούδέ
3471 4417 3589 4487 μετ’
3617 4416 3808 4496 αὐτόν,-

2247 4494 2409 4570 0616;
2457 4507 2596 4577 ὑπὲρ
2637 4505 2738 4574 τῆς
2769 4505 3044 4576 ἡμετέρας
3081 4500 3376 4635 σωττηξρίας,
3409 4501 3571 4568 ἡμεῖς
3600 4497 3659 4550 δὲ
3703 4494 3812 4549 ούδέ

2249 4591 2389 4635 ὑπὲρ
2413 4589 2512 4635 ’πεῖ-ις
2537 4587 2810 4635 ἧιιετέοαε
2832 4587 3118 4635 ὡφελείας·
3152 4585 3212 4635 06
3247 4583 3272 4635 ἐ
3297 4582 3402 4635 γάο
3432 4579 3584 4635 αὐτῶ
3599 4597 3654 4633 τι
3681 4579 3812 4635 γίνε-

2249 4591 2389 4661 ὐπὲρ
2413 4589 2512 4658 τῆς
2537 4587 2810 4659 ἡμετέρας
2832 4587 3118 4656 ὡφελείας·
3152 4579 3272 4636 οὐδὲ
3297 4582 3402 4652 γάρ
3432 4579 3584 4650 αὐτῷ
3599 4597 3654 4633 τι
3681 4579 3814 4645 γίνε-

2247 4693 2337 4728 ται
2372 4673 2532 4727 πλέον
2567 4673 2631 4726 ἐκ
2661 4673 2761 4743 τῆς
2793 4670 3066 4740 ἡμετέρας
3108 4663 3514 4737 φιλανθρωπίας
3535 4703 3551 4728 ,
3598 4663 3734 4716 ἀλλά
3761 4661 3814 4743 16

2250 4759 2358 4812 πᾶν
2385 4757 2465 4820 είς
2493 4757 2640 4826 ἡμᾶς
2669 4742 3018 4822 περιίσταται
3047 4750 3257 4821 κέρδος.
3281 4747 3380 4801 Διά
3407 4748 3518 4816 γὰρ
3545 4744 3705 4799 τοῦτο
3729 4742 3812 4797 καὶ

2250 4838 2585 4910 κελευόμεθα
2627 4837 2768 4890 αύτά
2811 4835 2994 4889 δοῦναι
3015 4874 3028 4898 ,
3062 4835 3149 4888 ἵνα
3184 4833 3259 4904 μὴ
3289 4831 3468 4884 αὐτῶν
3501 4829 3814 4896 ἐκπέσωμεν

2249 4915 2434 4996 ἡμεῖς,
2467 4924 2680 4993 Ὠσπερ
2711 4920 2822 4991 γὰρ
2861 4921 2910 4972 εί
2948 4918 3150 4988 παιδίῳ
3178 4935 3261 4980 τις
3296 4915 3559 4985 ἀργύριον
3587 4912 3698 4982 δῴη
3736 4930 3816 4996 μι-

2252 4994 2390 5076 κρῷ,
2421 5005 2633 5059 κελεύει
2664 5004 2917 5071 κατέχειν
2935 4999 3200 5069 σφοδρῶς,
3228 4999 3260 5069 ἢ
3283 5001 3374 5052 καὶ
3395 4997 3470 5066 τῷ
3502 4997 3691 5068 οἰκέτῃ
3718 4994 3815 5076 δοῦέ
3927 5025 3937 5038 ι

2252 5075 2350 5145 ναι
2385 5089 2706 5159 φυλάττειν,
2735 5085 2877 5138 ὥστε
2919 5083 2992 5154 μὴ
3029 5083 3230 5146 ἐξεῖναι
3277 5079 3427 5151 [495]
3461 5080 3708 5149 ἁρπάσαι
3747 5075 3815 5144 τῷ

2256 5171 2582 5244 βουλομένῳο
2622 5169 2766 5223 οὓτω
2801 5167 2865 5238 δή
2897 5167 2988 5220 καὶ
3019 5167 3049 5218 6
3091 5164 3229 5226 Θεδς
3263 5166 3422 5216 ποιεῖ.
3459 5164 3560 5244 A6;
3599 5161 3709 5244 γᾷρ
3749 5159 3814 5244 τιῖι

2253 5240 2492 5325 δεομένῳ
2513 5240 2543 5320 ,_
2573 5253 2758 5322 φησὶν,
2796 5250 2885 5303 ἴνα
2920 5248 2993 5319 μὴ
3023 5246 3246 5318 ἁρπάσῃ
3275 5262 3360 5308 τις
3394 5243 3532 5298 αύτά
3565 5243 3675 5296 ἀπὸ
3708 5240 3811 5325 σοῦ,

2254 5323 2364 5392 οἷον
2391 5339 2425 5409 ἢ
2464 5323 2836 5404 συκοφάντης,
2877 5331 2910 5402 ἢ
2947 5330 3214 5392 διάϐολος,
3244 5329 3277 5398 ἦ
3315 5326 3575 5394 κλέπτης,
3617 5325 3651 5395 ἢ
3692 5323 3812 5409 μετά

2255 5406 2463 5484 πάντας
2506 5421 2536 5472 6
2576 5420 2824 5481 θάνατος.
2873 5415 3018 5478 Ἕως
3071 5415 3168 5485 μὲν
3216 5411 3324 5481 γὰρ
3368 5409 3432 5463 ἀν
3478 5408 3641 5470 αὐτὸς
3691 5406 3811 5459 αὐτὰ

2255 5505 2523 5574 κατέχῃς,
2556 5503 2657 5555 οὐκ
2703 5498 2962 5568 ἀσφαλῶς
2999 5496 3251 5564 κατέχεις
3276 5510 3291 5523 ·
3321 5492 3416 5544 ἐὰν
3445 5491 3500 5544 δέ
3534 5491 3658 5561 ἐμοὶ
3689 5488 3810 5541 αὐτὰ

2255 5589 2359 5659 δῷς
2383 5588 2470 5641 διὰ
2499 5586 2609 5640 τῶν
2642 5586 2890 5654 πενήτων
2914 5623 2928 5647 ,
2957 5581 3069 5650 ἐγώ
3103 5597 3184 5632 σοι
3215 5577 3467 5648 φυλάττω
3498 5575 3635 5644 μετά
3667 5575 3808 5659 6.29:-

2259 5655 2410 5735 ϐείας
2445 5671 2682 5733 ἅπαντα,
2729 5667 2823 5721 καὶ
2866 5668 2923 5718 ἐν
2962 5663 3140 5734 καιρῷ
3183 5659 3263 5730 τῷ
3313 5660 3642 5730 προσήκοντι
3690 5655 3807 5724 μετά

2327 5863 2354 5903 δ
2376 5862 2452 5911 Sic
2475 5872 2587 5909 mss.
2612 5858 2782 5908 Morel.
2807 5841 2943 5910 v'ero.
2966 5855 3153 5917 ὀφειλὴν
3180 5846 3706 5912 ποιοῦντεςπ).ηροῦμεν.
