3950 6474
153 338 272 398 449

1282 335 1350 393 ΙΝ
1384 333 1600 392 EPIST.
1644 331 1733 391 AD
1771 331 1933 388 R031.
1976 333 2206 392 HOMIL.
2250 333 2363 397 ἫΙ.

3340 334 3447 406 m
3474 335 3479 340 .

152 458 358 527 ignem
415 465 471 515 et
519 457 750 529 ligonem
797 462 1008 522 tenens,
1058 456 1195 511 hanc
1243 454 1413 510 aedem
1464 452 1772 508 incenderet
1867 466 2026 521 quam
2056 455 2099 509 si
2132 456 2306 511 victus
2331 468 2500 513 esses.
2523 456 2594 515 At
2625 449 2765 515 nihil
2810 458 2999 518 horum
3039 461 3235 519 invidia
3274 467 3443 524 novit.

148 564 441 624 aramque
480 551 793 616 sulfoaerct,
823 565 1001 605 annon
1029 556 1088 604 ut
1113 549 1402 619 sacrilegus
1429 556 1483 602 et
1512 546 1769 601 scelestus

152 640 453 707 lapidibus
482 639 841 696 obrueretur?
870 640 1006 707 Quid
1054 654 1187 694 vero
1206 681 1221 706 ,
1250 639 1293 693 si
1334 638 1451 708 quis
1500 636 1765 691 flammam

150 731 303 785 ferat
334 731 451 788 hoc
479 732 602 803 igne
638 731 969 787 veraciorem
993 770 1009 796 ,
1039 729 1289 784 invidiam
1342 729 1483 794 dico,
1515 743 1631 798 qua:
1659 742 1764 779 non

148 822 404 878 :rdificia
432 825 615 889 diruit,
642 838 746 879 non
766 837 981 877 auream
1002 838 1147 876 aram
1173 822 1405 885 suffodit,
1435 820 1527 875 sed
1552 818 1691 891 quod
1713 827 1766 873 et

84 932 87 933 '
150 914 478 981 parietibus
497 924 550 970 et
580 929 672 968 ara
700 914 856 982 longe
884 913 1167 983 pretiosius
1191 920 1292 975 est,
1326 913 1601 967 doctorum
1632 907 1761 963 redi-

149 1004 348 1059 ticium
383 1006 652 1061 subvertit
689 1016 743 1062 et
771 1004 1112 1076 pessumdat;
1143 1019 1246 1074 qua
1276 1003 1365 1059 ille
1390 1004 1542 1058 venia
1572 1001 1763 1072 dignus

145 1096 302 1151 erit?
328 1096 421 1152 Ne
466 1096 599 1152 mihi
626 1096 744 1167 quis
784 1095 1178 1166 dixerit,quod
1207 1109 1349 1165 saepe
1393 1102 1614 1149 conatus
1655 1107 1761 1146 non

146 1192 413 1256 potuerit
447 1204 615 1243 :nam
658 1203 689 1242 a
733 1188 1005 1243 voluntate
1034 1201 1121 1243 res
1143 1186 1449 1257 judicautur
1477 1202 1490 1237 :
1519 1183 1759 1255 quando-

144 1277 387 1346 quidem
414 1278 547 1335 Sat'tl
574 1293 786 1350 quoque
811 1278 1062 1333 Davidem
1098 1277 1383 1343 interfecit,
1413 1275 1619 1331 etiamsi
1647 1289 1759 1329 rem

144 1385 260 1427 non
307 1372 634 1442 perfecerit.
680 1374 873 1427 Annon
914 1370 1151 1441 cogitas,
1201 1384 1422 1441 quaeso,
1474 1378 1524 1423 te
1571 1367 1761 1422 ovibus

143 1460 364 1516 Christi
390 1462 660 1529 insidiari,
684 1460 895 1533 quando
914 1476 1033 1517 cum
1058 1470 1270 1531 pastore
1292 1475 1516 1530 pugnas,
1549 1457 1757 1525 ovibus,

142 1554 411 1625 inquam,
448 1572 548 1627 pro
574 1555 1105 1626 quibussanguinem
1145 1568 1298 1608 suum
1342 1551 1587 1607 Christus
1624 1538 1758 1603 υπα-

141 1647 249 1711 dit,
286 1657 352 1700 ut
381 1649 569 1701 omnia
601 1662 696 1701 uos
734 1646 909 1701 facere
942 1655 997 1700 et
1032 1645 1136 1715 pati
1157 1642 1354 1713 jussit?
1382 1656 1484 1697 non
1512 1639 1760 1695 recorda-

142 1737 222 1791 ris
267 1738 430 1807 quod
466 1738 727 1793 Dominus
757 1746 875 1792 tuus
900 1737 1124 1808 gloriam
1153 1746 1297 1790 tuam
1328 1734 1618 1803 quaasierit,
1652 1747 1757 1786 non

141 1828 353 1883 suam?
384 1828 473 1883 Tu
502 1842 632 1883 vero
661 1844 765 1883 non
798 1828 937 1884 illius
961 1827 1205 1899 gloriam,
1237 1825 1329 1881 sed
1359 1834 1499 1879 tuam
1538 1824 1754 1894 quzcris.

141 1921 319 1989 Atqui
352 1923 401 1974 si
438 1922 589 1975 illius
616 1922 836 1992 gloriam
883 1936 1154 1991 quaereres
1177 1961 1191 1983 ,
1223 1928 1347 1973 tunc
1390 1929 1531 1972 tuam
1561 1932 1755 1971 conse-

142 2013 409 2083 quereris
444 2031 458 2067 :
488 2014 617 2067 dum
666 2028 793 2068 vero
844 2012 935 2069 illa
980 2010 1278 2082 posthabita
1329 2018 1473 2064 tuam
1519 2008 1753 2079 quaeris,

140 2119 460 2175 numquam
493 2105 633 2159 hanc
661 2103 985 2174 assequeris.
1016 2093 1271 2170 Quasnam
1302 2100 1404 2156 erit
1433 2099 1590 2170 hujus
1614 2114 1758 2153 mor-

142 2195 196 2249 bi
240 2195 514 2251 medela?
554 2194 887 2265 Conjunctim
931 2208 1119 2249 omnes
1145 2207 1445 2263 precemur,
1489 2205 1755 2261 unamque

144 2304 245 2358 pro
279 2289 399 2343 illis
428 2289 740 2343 emittamus
770 2302 952 2342 vocem
975 2328 988 2353 ,
1019 2286 1167 2356 quasi
1217 2300 1315 2355 pro
1360 2283 1751 2354 energumenis.

138 2381 280 2436 Nam
309 2382 369 2436 hi
406 2381 773 2436 miserabilius
798 2379 969 2434 affecti
994 2386 1118 2433 sunt
1146 2393 1302 2448 quam
1334 2377 1430 2441 illi,
1457 2378 1578 2446 quia
1608 2377 1756 2430 furor

139 2472 232 2525 ille
260 2486 333 2526 ex
367 2474 654 2541 proposito
680 2479 857 2524 manat
883 2487 897 2522 :
930 2469 1234 2539 precatione
1273 2469 1467 2539 quippe
1494 2483 1629 2538 opus
1660 2466 1754 2519 ha-

136 2562 234 2617 bet
266 2560 367 2617 hic
399 2563 630 2617 morbus
653 2603 668 2625 ,
691 2570 745 2616 et
785 2562 946 2615 multa
995 2558 1405 2637 supplicatione.
1434 2559 1566 2613 Nam
1596 2561 1639 2613 si
1670 2559 1712 2611 is
1732 2599 1749 2626 ,

136 2653 228 2721 qui
264 2652 508 2707 fratrem
532 2667 638 2707 non
656 2661 819 2717 amat,
846 2653 889 2706 si
922 2652 1174 2722 pecunias
1198 2648 1456 2713 effundat,
1477 2651 1519 2704 si
1547 2660 1749 2720 marty-

137 2747 222 2799 rio
252 2745 590 2812 illustrctur,
622 2744 752 2799 nihil
776 2744 940 2815 magis
970 2743 1178 2813 proficit
1205 2761 1219 2798 :
1249 2743 1338 2814 qui
1365 2742 1561 2798 bellum
1593 2740 1750 2797 infert

136 2839 211 2903 ei,
244 2837 344 2907 qui
376 2836 525 2891 nihil
565 2838 665 2891 sibi
710 2837 833 2891 mali
868 2836 1075 2901 intulit,
1102 2835 1271 2906 cogita
1305 2846 1501 2905 quanto
1530 2834 1598 2889 sit
1626 2849 1750 2904 sup-

135 2928 306 2999 plicio
327 2927 560 2999 dignus.
577 2926 672 2982 llic
685 2927 971 2998 gentilibus
992 2925 1224 2981 deterior
1244 2934 1345 2980 est.
1375 2923 1506 2982 Nam
1536 2926 1603 2993 si,
1626 2939 1747 2979 cum

135 3035 238 3075 nos
254 3032 526 3075 amantes
546 3020 831 3091 diligimus,
856 3018 986 3073 nihil
1010 3018 1132 3089 plus
1154 3017 1435 3082 habemus,
1451 3032 1609 3087 quam
1637 3017 1709 3071 illi
1732 3032 1745 3069 :

134 3110 229 3180 qui
274 3110 603 3165 amantibus
627 3124 687 3165 se
708 3108 923 3175 invidet,
955 3123 1063 3179 quo
1092 3148 1108 3176 ,
1137 3123 1320 3179 quzeso
1343 3150 1359 3177 ,
1392 3108 1444 3163 in
1468 3108 1586 3162 loco
1611 3107 1751 3162 erit?

204 3201 443 3259 Invidia
489 3202 620 3258 bello
668 3202 1014 3275 perniciosior.
1042 3231 1116 3242 —
1142 3201 1292 3256 Bello
1319 3216 1547 3271 namque
1574 3200 1751 3271 perni-

134 3293 347 3348 ciosior
380 3300 475 3348 est
501 3292 719 3347 invidia.
741 3292 877 3348 Nam
904 3292 992 3362 qui
1022 3290 1221 3348 bellum
1248 3292 1406 3362 gerit,
1438 3306 1595 3347 causa
1625 3292 1749 3347 belli

133 3386 358 3441 sublata
385 3426 403 3451 ,
440 3384 772 3439 inimicitiam
818 3384 1069 3454 deponit;
1101 3383 1314 3439 invidus
1361 3393 1538 3439 autem
1592 3399 1748 3437 num-

133 3494 303 3549 quam
332 3478 523 3551 possit
550 3477 752 3533 amicus
773 3490 892 3532 esse
912 3493 927 3543 ;
945 3476 1034 3530 ille
1058 3474 1272 3545 quidem
1301 3476 1581 3530 manifesto
1607 3473 1749 3530 bello

135 3571 386 3640 impetit,
424 3569 516 3625 hic
535 3570 743 3623 occulto
776 3587 790 3622 :
822 3569 912 3622 ille
931 3583 1120 3623 causas
1149 3569 1344 3623 multas
1371 3578 1425 3623 et
1449 3568 1750 3638 probabiles

134 3664 393 3731 suscepti
424 3660 553 3714 belli
575 3659 814 3730 proferre
839 3668 1051 3730 potest;
1087 3659 1171 3715 hic
1196 3660 1408 3714 nonnisi
1439 3660 1675 3715 furorem
1697 3669 1752 3715 et

136 3753 470 3824 satanicam.
492 3751 836 3805 voluntatem.
857 3750 953 3806 Cui
983 3765 1110 3822 ergo
1142 3751 1298 3805 talem
1326 3751 1557 3805 animam
1598 3766 1749 3807 com-

137 3842 485 3914 paraveris?
532 3843 615 3897 cui
661 3843 902 3912 viperae?
927 3844 1010 3896 cui
1051 3842 1260 3912 aspidi?
1286 3842 1370 3896 cui
1408 3843 1610 3896 vermi?
1663 3841 1749 3897 cui

136 3934 465 3990 cantharo?
485 3933 625 3988 Nihil
647 3935 791 3988 enim
819 3933 1119 3998 scelestius,
1148 3932 1279 3988 nihil
1305 3934 1538 3988 deterius
1567 3932 1751 4003 hujuse

137 4028 292 4083 modi
322 4029 540 4081 anima.
570 4026 682 4081 Hoc
706 4029 871 4092 enim,
906 4027 1026 4090 hoc,
1051 4026 1266 4096 inquam
1288 4066 1304 4092 ,
1336 4025 1601 4081 Ecclesias
1628 4026 1752 4081 sub-

137 4123 330 4189 vertit,
354 4121 470 4175 hoc
484 4119 718 4174 haereses
737 4119 959 4190 peperit,
974 4118 1072 4172 hoc
1090 4117 1380 4172 fraternam
1403 4120 1626 4172 armavit
1639 4133 1751 4172 ma-

136 4228 270 4268 num
291 4223 354 4268 et
379 4212 567 4267 eﬁecit
591 4212 716 4266 utin
739 4211 1131 4281 sanguinejusti
1154 4211 1370 4266 dextera
1398 4221 1747 4281 mergeretur,

139 4303 415 4374 legesque
440 4313 644 4356 natura:
662 4301 1045 4371 pessumdedit,
1061 4314 1115 4355 et
1136 4302 1293 4355 morti
1319 4311 1500 4370 portas
1521 4302 1749 4371 aperuit,

138 4412 203 4451 ac
227 4395 684 4451 maledictionem
713 4395 855 4448 illam
887 4395 953 4448 ad
980 4410 1113 4463 opus
1139 4393 1395 4460 deduxit;
1429 4409 1527 4450 nec
1553 4395 1752 4465 permi-

139 4491 212 4545 sit
245 4500 309 4543 ut
340 4488 540 4543 infelix
574 4488 661 4541 ille
704 4486 1075 4542 recordaretnr
1103 4498 1286 4556 partus
1330 4488 1411 4540 sui
1460 4503 1630 4557 neque
1659 4503 1750 4558 pa-

139 4589 372 4636 rentum
430 4594 606 4648 ncque
647 4578 869 4632 alterius
915 4578 1258 4647 cujusquam;
1287 4585 1340 4631 et
1368 4586 1513 4631 tanto
1557 4578 1752 4632 furoris

140 4674 498 4743 insaniaeque
523 4680 687 4727 (nstro
715 4672 902 4737 movit,
926 4680 985 4725 ut
1010 4670 1257 4725 hortante
1286 4670 1393 4726 Deo
1414 4686 1476 4727 ac
1500 4672 1710 4726 dicente
1735 4691 1749 4727 :

140 4769 224 4821 Ad
242 4778 295 4821 te
318 4767 424 4821 erit
452 4766 703 4836 appetitus
725 4766 855 4837 ejus,
880 4766 935 4819 et
964 4773 1018 4818 tu
1043 4764 1382 4819 dominaberis
1410 4764 1550 4819 illius
1574 4765 1593 4835 (
1619 4762 1747 4819 Gen.

139 4859 196 4913 4.
228 4859 337 4930 7),
358 4871 440 4911 ne
462 4856 540 4910 sic
563 4856 774 4925 quidem
800 4854 1037 4910 cederet.
1065 4854 1224 4924 Atqui
1255 4861 1310 4910 et
1333 4855 1536 4911 crimen
1566 4855 1641 4909 illi
1668 4870 1755 4910 re-

139 4952 299 5006 misit
320 4992 339 5013 ,
371 4957 432 5004 et
462 4948 680 5003 fratrem
710 4948 808 5017 ipsi
836 4946 1061 5017 subjecit
1089 4964 1102 5000 :
1135 4962 1318 5002 verum
1350 4948 1419 5001 ita
1442 4945 1753 5002 insanabilis

139 5054 228 5098 est
260 5042 362 5097 hic
404 5038 660 5107 morbus,
688 5048 743 5094 ut
787 5039 945 5094 etiam
979 5037 1123 5093 mille
1146 5038 1399 5093 adhibitis
1425 5039 1746 5109 pharmacis,

141 5134 367 5188 saniem
417 5144 634 5198 semper
660 5129 889 5184 emittat.
918 5128 1026 5184 Cur
1051 5129 1193 5183 enim
1236 5128 1385 5183 doles
1408 5169 1425 5195 ,
1453 5145 1486 5183 o
1512 5131 1749 5184 omnium

144 5219 505 5276 miserrime?
553 5218 693 5289 quod
744 5217 1039 5273 honoratus
1084 5218 1152 5273 sit
1200 5217 1474 5273 Deus?At
1522 5217 1625 5273 hoc
1670 5228 1753 5274 est

144 5312 325 5367 animi
382 5311 630 5364 satanici.
660 5313 739 5365 An
767 5309 909 5380 quod
953 5309 1120 5365 frater
1169 5310 1455 5365 admodum
1503 5319 1753 5380 acceptus

146 5403 360 5459 fuerit?
382 5400 493 5457 Sed
525 5400 646 5455 licet
673 5402 763 5457 tibi
794 5418 915 5456 eum
945 5417 1220 5471 superare.
1253 5401 1436 5471 Itaque
1464 5402 1507 5455 si
1540 5402 1751 5457 vincere

145 5496 288 5551 velis
314 5537 331 5560 ,
357 5508 429 5548 ne
454 5493 701 5560 occidas,
731 5509 798 5548 ne
836 5493 905 5550 de
944 5494 1120 5548 medio
1144 5494 1333 5561 tollas;
1364 5493 1458 5548 sed
1488 5493 1606 5548 sine
1641 5509 1753 5547 ma-

147 5604 312 5653 nere,
346 5595 406 5641 ut
434 5585 744 5641 certaminis
770 5586 981 5641 occasio
1010 5596 1279 5653 servetur,
1303 5595 1355 5640 et
1386 5585 1646 5641 viventem
1674 5600 1755 5639 su-

146 5693 285 5748 pera
316 5677 435 5732 :sic
462 5677 607 5733 enim
634 5675 910 5746 splendida
933 5678 1026 5732 tibi
1049 5692 1244 5731 corona
1277 5676 1448 5731 futura
1478 5686 1590 5731 est:
1613 5692 1754 5732 nunc

146 5780 340 5827 autem
368 5769 415 5828 si
445 5770 681 5837 occidas,
712 5769 970 5839 majorem
1000 5781 1184 5827 contra
1217 5777 1267 5826 te
1297 5770 1561 5827 calculum
1588 5771 1749 5841 feres,

1868 543 1974 597 Cur
2023 556 2197 600 autem
2249 547 2473 617 gloriam
2517 562 2665 605 amas
2714 552 2766 605 in
2811 560 2953 606 tanta
2992 552 3316 609 solitudine?
3344 557 3444 627 ipsi

1866 650 2095 705 namque
2120 638 2220 691 soli
2249 646 2377 694 tunc
2404 646 2600 695 terram
2628 641 2958 698 habitabant.
2991 645 3060 699 At
3090 644 3219 699 nilut
3250 644 3441 701 horum

1867 724 2039 795 ipsum
2063 726 2334 794 cohibuit;
2364 728 2458 784 sed
2484 731 2735 786 omnibus
2761 747 2827 788 ex
2857 734 3034 789 animo
3064 731 3298 805 rejectis,
3320 752 3441 791 cum

1865 816 2077 873 diabolo
2106 821 2252 873 stetit
2280 830 2334 875 et
2366 822 2535 877 aciem
2584 823 2835 878 instruxit
2866 842 2882 879 :
2910 839 3031 879 nam
3060 825 3147 881 ille
3177 836 3301 882 tune
3336 827 3441 882 dux

1863 918 2123 964 eratcum
2146 912 2330 965 Caino.
2360 912 2494 981 Quia
2516 915 2658 969 enim
2694 932 2800 970 non
2836 916 3132 973 sufficiebat
3160 919 3233 975 illi
3257 961 3271 985 ,
3299 921 3443 990 quod

1865 1003 2025 1056 homo
2053 998 2292 1060 mortalis
2321 1014 2465 1061 esset
2491 1004 2709 1071 eff'ectus
2734 1050 2749 1076 ,
2778 1024 2845 1064 ex
2875 1010 3062 1064 mortis
3093 1010 3251 1065 etiam
3280 1011 3442 1067 modo

1862 1092 2118 1164 majorem
2143 1096 2451 1166 tragoediam
2476 1097 2687 1154 efficere
2718 1100 2973 1169 tentabat,
2997 1112 3047 1158 et
3078 1105 3339 1171 persuasit
3360 1103 3439 1159 illi

1861 1193 1921 1240 ut
1948 1184 2165 1241 fratrem
2190 1188 2479 1245 occideret.
2508 1189 2817 1245 Festinabat
2843 1194 2986 1247 enim
3017 1202 3072 1248 et
3090 1194 3431 1251 desiderabat
3472 1186 3473 1191 “

1861 1275 2042 1331 videre
2087 1280 2407 1333 sententiam
2434 1281 2486 1334 in
2518 1296 2652 1350 opus
2680 1281 2984 1349 deductam,
3008 1285 3096 1354 qui
3145 1300 3431 1357 numquam
3470 1272 3473 1277 ’

1862 1368 2063 1421 nostris
2087 1369 2309 1424 satiatur
2334 1369 2508 1425 malis.
2538 1372 2616 1426 Ae
2667 1371 2711 1426 si
2757 1373 2876 1442 quis
2901 1374 3172 1430 inimicum
3205 1378 3437 1434 vinetum

1861 1456 2063 1513 habens
2084 1500 2099 1524 ,
2129 1468 2180 1513 et
2208 1460 2473 1516 sententia
2501 1460 2808 1517 damnatum
2853 1465 2917 1518 ad
2960 1475 3185 1522 mortem
3213 1469 3400 1525 videns
3418 1512 3435 1538 ,

1859 1556 2139 1617 antequam
2171 1563 2234 1604 ex
2266 1550 2399 1606 urbe
2424 1561 2600 1619 exeat,
2639 1551 2851 1609 festinet
2878 1562 2933 1610 ut
2960 1557 3105 1611 illum
3135 1558 3274 1613 intus
3293 1575 3440 1614 mor-

1861 1644 2005 1690 tuum
2046 1639 2253 1704 videat,
2283 1654 2381 1695 nec
2426 1655 2725 1712 congruens
2772 1652 2980 1714 tempus
3009 1658 3280 1717 exspectet
3314 1667 3326 1704 ι
3359 1650 3438 1705 sic

1858 1738 1913 1784 et
1960 1728 2202 1785 diabolus
2248 1740 2372 1787 tunc
2399 1749 2415 1787 :
2446 1734 2547 1788 etsi
2575 1735 2813 1790 audisset
2855 1736 3125 1792 hominem
3154 1739 3207 1793 in
3253 1739 3436 1809 pulve-

1857 1824 1971 1876 rem
2018 1837 2137 1878 esse
2165 1839 2501 1880 reversurum
2524 1866 2540 1891 ,
2573 1826 2819 1896 cupiebat
2857 1828 3055 1899 aliquid
3097 1832 3325 1902 amplius
3352 1833 3436 1888 vi-

1856 1912 1986 1967 dere
2013 1955 2028 1977 ,
2062 1913 2227 1968 filium
2261 1930 2454 1985 nempe
2477 1926 2603 1972 ante
2630 1927 2834 1988 patrem
2866 1921 3184 1977 morientem
3210 1965 3225 1989 ,
3250 1931 3303 1979 et
3328 1923 3438 1979 fra-

1858 2012 1991 2057 trem
2032 2005 2363 2060 occidentem
2396 2005 2614 2063 fratrem
2656 2024 2811 2065 suum
2833 2051 2847 2077 ,
2873 2011 3207 2069 immaturam
3242 2031 3351 2071 rem
3382 2026 3437 2073 et
3470 2020 3471 2023 “

1810 2094 1813 2095 ⁷
1856 2095 2141 2149 violentam
2172 2108 2417 2151 mortem.

1928 2184 1980 2239 7.
2024 2185 2206 2240 Viden‘
2229 2186 2294 2241 ad
2321 2195 2548 2257 quantas
2574 2204 2663 2245 res
2692 2190 2992 2248 inservierit
3037 2194 3267 2251 invidia?
3295 2214 3433 2270 quo-

1855 2275 2015 2329 modo
2088 2277 2444 2333 insatiabilem
2507 2279 2707 2336 diaboli
2779 2284 3015 2340 animum
3086 2287 3431 2359 impleverit,

1856 2374 2161 2437 utinamque
2207 2368 2280 2421 illi
2322 2384 2559 2425 mensam
2601 2372 2925 2441 apposuerit,
2956 2387 3206 2445 quantam
3239 2378 3316 2434 illi
3354 2378 3435 2435 vi-

1850 2456 1983 2512 dere
2022 2459 2309 2528 cupiebat?
2353 2459 2637 2531 Fugiamus
2675 2478 2804 2533 ergo
2832 2464 2973 2519 hunc
3023 2468 3288 2523 morbum.
3315 2468 3433 2527 Non

1853 2563 2135 2617 possumus
2164 2551 2307 2605 enim
2328 2592 2345 2619 ,
2386 2567 2493 2608 non
2544 2567 2828 2622 possumus
2858 2556 3037 2626 utique
3081 2559 3255 2629 ignem
3283 2561 3432 2617 illum

1851 2636 2083 2709 effugere
2105 2649 2346 2710 paratum
2376 2641 2590 2699 diabolo
2615 2686 2631 2710 ,
2656 2644 2757 2698 nisi
2802 2647 2869 2699 ab
2896 2645 2995 2701 hac
3022 2649 3336 2718 aegritudine
3362 2652 3431 2706 li-

1851 2729 2140 2786 beremur:
2176 2731 2519 2788 liberabimur
2544 2744 2746 2803 autem,
2775 2737 2820 2791 si
2851 2740 3145 2808 cogitemus
3173 2755 3428 2811 quantum

1850 2821 2094 2876 Christus
2121 2837 2220 2877 nos
2245 2825 2521 2889 amaverit,
2550 2827 2637 2896 qui
2688 2830 2938 2897 praecepit
2981 2838 3038 2884 ut
3066 2845 3164 2885 nos
3204 2834 3430 2890 invicem

1849 2911 2211 2982 diligeremus.
2235 2913 2352 2980 Quo
2376 2914 2535 2984 igitur
2562 2916 2722 2970 modo
2748 2932 2846 2972 nos
2873 2920 3104 2975 amavit?
3130 2922 3431 2980 Pretiosum

1850 3005 2160 3074 sanguinem
2203 3020 2359 3060 suum
2394 3006 2542 3063 dedit
2569 3023 2667 3078 pro
2697 3010 2851 3065 nobis
2888 3011 3119 3069 inimicis
3142 3055 3159 3081 ,
3191 3018 3280 3085 qui
3330 3018 3431 3087 ipsi

1851 3096 2092 3166 ingentes
2143 3098 2492 3155 intuleramus
2544 3101 2785 3171 injurias.
2820 3104 2895 3159 lta
2925 3113 2980 3160 et
3010 3116 3063 3161 tu
3103 3107 3264 3165 facito
3307 3126 3429 3183 erga

1852 3189 2068 3243 fratrem
2112 3197 2260 3243 tuum
2291 3208 2306 3245 :
2338 3191 2457 3247 ideo
2504 3192 2633 3248 dicit
2678 3194 2767 3249 ille
2789 3238 2805 3263 ,
2832 3192 3132 3254 Mandatum
3156 3216 3335 3263 napum
3364 3207 3432 3261 do

1851 3279 1986 3332 vobis
2010 3319 2024 3343 ,
2053 3290 2110 3333 ut
2153 3281 2377 3351 diligatis
2430 3283 2639 3338 invicem
2668 3287 2798 3340 sicut
2822 3287 2978 3343 dilexi
3001 3305 3088 3345 vos
3110 3293 3128 3361 (
3149 3291 3309 3348 Jaan.
3339 3297 3426 3351 15.

1850 3373 1963 3442 54).
1994 3373 2103 3428 lmo
2124 3389 2252 3428 vero
2278 3390 2383 3429 non
2410 3375 2461 3429 in
2489 3375 2571 3431 his
2610 3377 2699 3432 ille
2736 3381 2975 3436 terminis
3004 3385 3246 3439 consistit
3272 3402 3286 3439 :
3318 3387 3431 3457 ipse

1852 3478 2080 3536 namque
2098 3482 2192 3537 pro
2217 3466 2447 3524 inimicis
2473 3467 2575 3525 hoc
2596 3470 2737 3525 fecit.
2762 3469 2865 3527 Sed
2892 3489 2997 3528 non
3014 3475 3094 3529 vis
3117 3479 3429 3548 sanguinem

1854 3566 1999 3611 tuum
2046 3558 2176 3613 dare
2208 3574 2302 3628 pro
2344 3561 2547 3615 fratre?
2589 3559 2698 3616 Cur
2727 3574 2854 3633 ergo
2884 3564 3044 3619 etiam
3071 3568 3186 3636 ejus
3213 3570 3430 3639 sangui-

1852 3666 1973 3705 nem
2024 3650 2294 3717 effnndis,
2346 3662 2673 3723 praeceptum
2721 3671 2784 3710 ex
2839 3656 3103 3713 diametro
3168 3660 3432 3716 violatis?

1851 3742 2071 3797 Etiamsi
2116 3743 2230 3812 ipse
2279 3743 2524 3800 Christus
2564 3761 2667 3799 non
2699 3761 2766 3801 ex
2793 3747 2972 3804 debito
2999 3748 3102 3804 hoc
3144 3751 3350 3821 fecerit,
3380 3762 3432 3808 tu

1852 3850 1983 3890 vero
2010 3835 2055 3890 si
2085 3835 2248 3890 facias
2270 3878 2287 3905 ,
2332 3837 2568 3892 debitum
2612 3839 2799 3907 imples
2828 3856 2844 3894 :
2873 3842 3087 3910 quando
3113 3852 3166 3898 et
3193 3844 3282 3900 ille
3310 3861 3433 3901 cum

1851 3928 2034 3983 decem
2081 3928 2244 3981 millia
2296 3928 2488 3982 talenta
2545 3933 2857 4000 accepisset,
2904 3941 3118 3987 centum
3174 3936 3427 3993 denarios

1851 4020 2091 4091 exigens,
2137 4035 2241 4073 non
2298 4018 2418 4074 ideo
2464 4020 2635 4073 solum
2681 4022 2895 4090 punitus
2934 4022 3112 4089 fuerit,
3141 4026 3281 4095 quod
3315 4029 3434 4082 cxi-

1850 4120 2035 4182 geret,
2076 4109 2171 4166 scd
2219 4110 2376 4165 ctiam
2428 4111 2568 4181 quod
2621 4122 2687 4166 ex
2738 4122 2959 4183 accepto
3007 4114 3270 4171 beneficio
3325 4133 3429 4173 non

1853 4204 2042 4258 melior
2087 4204 2339 4269 evaserit,
2372 4202 2620 4274 quodque
2645 4219 2765 4259 cum
2797 4205 3045 4262 dominus
3077 4222 3203 4263 suus
3236 4210 3431 4279 cmpis—

1853 4307 1954 4360 set,
1982 4296 2071 4351 ille
2111 4295 2349 4351 debitum
2375 4310 2479 4349 non
2511 4298 2778 4351 remiserit
2808 4314 2822 4350 :
2857 4314 2979 4352 nam
3027 4298 3267 4354 debitum
3320 4310 3437 4356 erat

1854 4387 1984 4441 illud
2012 4402 2040 4439 a
2071 4402 2227 4441 servo
2275 4387 2592 4456 praestitum,
2625 4388 2670 4442 si
2703 4387 2862 4443 modo
2888 4392 3181 4458 praestitum
3226 4391 3432 4447 fuisset.

1854 4477 2065 4532 Etenim
2098 4492 2443 4547 quaecumque
2473 4477 2694 4532 facimus
2717 4520 2733 4545 ,
2766 4478 3002 4534 debitum
3036 4480 3321 4551 implentes
3351 4482 3434 4538 fa-

1852 4570 2044 4623 cimus.
2077 4568 2200 4623 ldeo
2227 4578 2281 4623 et
2301 4569 2412 4639 ipse
2437 4568 2647 4623 dicebat
2678 4586 2690 4621 :
2720 4567 2847 4623 Cum
2888 4571 3057 4625 omnia
3085 4574 3323 4643 feceritis,
3352 4573 3436 4629 di-

1854 4662 1966 4727 cite,
1998 4660 2142 4716 Servi
2170 4660 2373 4713 inutiles
2399 4675 2609 4715 sumus:
2631 4676 2746 4731 qua:
2783 4662 2915 4715 enim
2942 4662 3203 4718 debuimus
3246 4665 3436 4737 facere,

1856 4754 2060 4824 fecimus
2090 4754 2108 4826 (
2129 4752 2255 4807 Luc.
2288 4754 2374 4807 l7.
2403 4753 2525 4824 10).
2551 4753 2702 4808 Licet
2730 4770 2860 4824 ergo
2880 4756 3156 4810 caritatem
3183 4758 3437 4812 exhibea-

1856 4863 2003 4911 mus,
2036 4847 2161 4901 licet
2209 4846 2461 4917 pecunias
2506 4847 2788 4918 egentibus
2833 4862 3152 4918 erogemus,
3195 4850 3437 4903 debitum

1856 4940 2140 5009 implemus
2167 4958 2180 4993 :
2213 4955 2317 4993 non
2361 4938 2539 5003 modo,
2570 4938 2706 5007 quod
2737 4938 2824 4992 ille
2851 4940 2995 5007 prior
3020 4939 3274 4994 beneficia
3305 4956 3436 4994 con-

1857 5030 1999 5087 ferre
2043 5030 2269 5099 cmperit
2291 5070 2306 5096 ,
2339 5028 2435 5084 sed
2462 5027 2602 5098 quod
2630 5041 2729 5081 nos
2757 5044 2875 5097 quae
2906 5029 3072 5098 ipsius
3101 5038 3224 5082 sunt
3253 5030 3437 5084 distrio

1856 5122 2101 5187 buamus,
2126 5121 2170 5174 si
2200 5135 2501 5189 erogemus.
2524 5118 2632 5174 Cur
2657 5117 2817 5188 igitur
2843 5128 2892 5174 te
2923 5119 3031 5173 illis
3067 5120 3271 5189 privas,
3300 5136 3435 5188 quo-

1854 5232 1972 5271 rum
2000 5214 2086 5270 ille
2114 5223 2167 5269 te
2190 5212 2463 5267 dominum
2483 5225 2603 5266 esse
2620 5210 2764 5265 vult?
2792 5211 2915 5266 ldeo
2936 5212 3077 5265 enim
3102 5220 3151 5266 te
3168 5212 3325 5283 jussit
3349 5212 3440 5269 illa

1855 5307 1985 5362 dare
2033 5306 2221 5370 alteri,
2254 5313 2312 5358 ut
2356 5313 2409 5357 tu
2461 5303 2545 5357 illa
2599 5303 2894 5372 possideas.
2948 5303 3124 5359 Donec
3168 5305 3311 5359 enim
3354 5306 3442 5361 illa

1858 5400 2075 5464 retines,
2111 5412 2209 5451 nec
2236 5406 2290 5450 tu
2318 5398 2429 5465 ipse
2458 5395 2617 5449 habes
2644 5410 2662 5447 :
2693 5410 2813 5449 cum
2840 5411 2969 5451 vero
2998 5395 3094 5451 das
3124 5398 3293 5462 alteri,
3317 5407 3443 5451 tunc

1860 5494 1969 5563 ipsa
1990 5490 2253 5560 recepisti.
2272 5488 2404 5543 Num
2427 5487 2714 5558 quidquam
2742 5498 2842 5552 est,
2867 5490 3008 5559 quod
3037 5491 3177 5545 hunc
3197 5506 3437 5544 amorem

1858 5598 2139 5653 exaequare
2163 5581 2365 5651 possit?
2387 5580 2502 5650 Ipse
2523 5579 2832 5647 sanguinem
2860 5596 2957 5649 pro
2981 5580 3211 5635 inimicis
3230 5579 3438 5646 effudit,

1860 5690 1960 5730 nos
2000 5688 2126 5729 vero
2153 5689 2220 5728 ne
2250 5672 2499 5741 pecunias
2546 5671 2759 5741 quidem
2789 5687 2886 5741 pro
2915 5672 3254 5727 benefactore
3286 5688 3299 5724 :
3329 5672 3444 5742 ipse

1861 5767 2167 5838 sanguinem
2191 5779 2365 5832 suum,
2383 5778 2481 5818 nos
2500 5778 2669 5834 neque
2688 5763 2960 5833 pecunias,
2978 5777 3095 5831 qua:
3125 5770 3319 5817 nostra:
3336 5777 3442 5817 non
