3950 6466
486 309 579 369 ιει

483 430 637 478 sunt:
659 418 774 488 ipse
796 421 921 470 ante
940 422 1058 474 nos,
1088 424 1186 463 nos
1214 416 1392 462 autem
1423 417 1521 457 nec
1546 408 1666 470 post
1695 398 1868 467 ipsum
1898 411 1911 446 :
1942 394 2055 462 ipse

486 530 580 584 pro
603 511 772 565 salute
798 514 1001 566 nostra,
1027 516 1123 555 nos
1154 513 1252 553 nec
1278 512 1373 567 pro
1399 489 1860 584 nostra_utilitate;
1886 498 2058 584 neque

487 572 627 660 enim
654 600 730 654 illi
758 596 1042 668 quidquam
1064 588 1268 645 accedit
1287 602 1349 641 ex
1381 592 1557 639 nostra
1582 578 1940 649 benignitate;
1965 572 2058 668 sed

488 693 693 747 lucrum
739 664 911 742 totum
944 683 1011 737 ad
1057 697 1152 735 nos
1199 677 1498 733 revertitur.
1545 669 1942 737 ldeojubemur
1974 664 2059 717 illa

491 786 637 847 dare,
658 798 725 836 ne
744 780 813 835 ab
840 780 945 832 illis
970 774 1295 830 excidamus.
1315 768 1463 822 Sicut
1488 764 1631 819 enim
1652 776 1774 815 cum
1800 758 2063 828 quispiam

492 886 770 945 argentum
795 870 886 925 dat
912 866 1155 937 puerulo,
1198 860 1353 930 jubet
1383 858 1528 911 illum
1555 860 1800 909 accurate
1822 863 2060 945 servare,

494 938 582 1023 vei
599 966 792 1019 famulo
814 961 1022 1016 tradere
1039 952 1469 1013 custodiendum,
1484 957 1540 1002 ut
1558 963 1624 1001 ne
1640 945 1853 1000 cuilibet
1870 938 2065 994 volenti

492 1059 650 1113 liceat
691 1054 932 1121 abripere
963 1067 975 1103 :
1003 1049 1080 1103 sic
1108 1056 1161 1101 et
1191 1046 1330 1098 Deus
1360 1039 1504 1095 facit.
1548 1039 1621 1091 Da
1648 1034 1843 1105 egenti,
1874 1030 2064 1121 inquit,

499 1157 554 1201 ut
580 1161 646 1200 ne
668 1143 787 1213 quis
810 1120 905 1194 illa
929 1155 956 1192 a
984 1148 1034 1193 te
1057 1136 1297 1199 auferat,
1328 1141 1420 1185 aut
1462 1128 1806 1200 sycophanta,
1838 1131 1927 1175 aut
1955 1120 2070 1213 dia-

497 1239 669 1303 bolus,
687 1211 793 1290 aut
829 1233 931 1297 fur,
953 1241 1041 1285 aut
1062 1236 1183 1299 post
1207 1239 1395 1279 omnes
1422 1236 1585 1275 mors.
1613 1219 1790 1272 Donec
1811 1229 1901 1268 eas
1931 1211 2068 1265 deti-

497 1347 613 1397 nes,
632 1344 735 1383 nou
760 1336 871 1382 tuto
890 1323 1128 1387 detines;
1150 1320 1194 1374 si
1217 1326 1391 1371 autem
1414 1315 1532 1370 illas
1550 1311 1677 1365 mihi
1702 1324 1795 1378 per
1812 1319 2071 1376 pauperes

496 1421 731 1485 dederis,
773 1433 872 1488 ego
900 1414 992 1469 tibi
1022 1410 1199 1467 omnia
1252 1414 1498 1463 accurate
1543 1399 1860 1463 custodiam,
1893 1403 1949 1451 et
1973 1410 2071 1488 op-

500 1521 729 1584 portuno
758 1486 999 1576 tempore
1028 1502 1120 1556 tibi
1162 1492 1277 1555 illas
1308 1510 1498 1566 magno
1532 1507 1653 1548 cum
1684 1491 1883 1545 lmnore
1916 1486 2073 1540 resti-

500 1582 667 1658 tuam.
698 1599 813 1653 Non
845 1596 987 1652 enim
1015 1603 1072 1648 ut
1099 1592 1334 1645 auferam
1376 1584 1600 1654 accipio,
1628 1582 1720 1637 sed
1763 1588 1818 1633 ιιι
1854 1591 2072 1647 augeam

499 1704 555 1749 et
581 1701 695 1748 tuto
712 1687 1007 1746 custodiam
1030 1693 1083 1739 et
1114 1682 1205 1738 tibi
1236 1680 1303 1736 ad
1326 1677 1454 1734 illud
1477 1690 1644 1745 usque
1668 1685 1877 1741 tempus
1901 1683 2077 1723 asser-

502 1800 646 1848 vem,
680 1796 784 1851 quo
834 1778 1009 1833 nullus
1036 1774 1159 1839 erit,
1188 1773 1277 1842 qui
1306 1768 1497 1825 faenori
1525 1766 1636 1830 det,
1671 1778 1769 1818 nec
1798 1761 1887 1831 qui
1918 1758 2078 1812 mise-

502 1873 730 1931 ricordia
753 1877 1047 1925 moveatur.
1070 1863 1205 1931 Quid
1238 1859 1521 1916 immanius
1546 1864 1628 1911 est
1652 1854 1824 1916 nobis,
1850 1851 1938 1921 qui
1963 1859 2081 1919 post

507 1974 588 2020 tot
629 1960 1026 2033 promissiones,
1065 1969 1132 2009 ne
1163 1952 1376 2023 quidem
1423 1948 1522 2019 ipsi
1562 1955 1745 2001 mutuo
1770 1944 1899 1996 dare
1927 1942 2080 2033 volu-

505 2031 663 2112 mus?
712 2053 835 2107 Ideo
863 2047 1063 2104 deserti
1089 2087 1105 2113 ,
1140 2044 1261 2099 nudi
1289 2051 1343 2096 et
1374 2052 1634 2111 pauperes
1661 2035 1725 2089 ad
1758 2035 1927 2105 ipsum
1979 2031 2080 2084 mi-

505 2158 742 2218 gramus,
768 2157 831 2198 ea
859 2154 977 2211 quae
1004 2138 1159 2194 nobis
1182 2132 1487 2189 concredita
1514 2137 1636 2185 sunt
1663 2142 1767 2180 non
1802 2124 2080 2183 habentes,

506 2215 630 2310 quia
660 2252 763 2291 non
792 2234 879 2288 illa
908 2229 1045 2301 apud
1074 2242 1218 2291 eum,
1247 2224 1336 2295 qui
1361 2220 1660 2276 accuratius
1688 2215 1936 2271 omnibus
1964 2227 2078 2266 ser-

508 2309 619 2395 vat,
650 2326 1013 2399 deposuimus.
1062 2319 1294 2387 Ideoque
1314 2324 1581 2371 extremas
1606 2309 1852 2365 dabimus
1877 2316 2081 2399 punias.

508 2420 651 2491 Quid
701 2395 845 2475 enim
896 2413 1128 2472 accusati
1173 2410 1355 2465 dicere
1404 2403 1696 2477 poterimus
1726 2414 1822 2471 pro
1854 2395 2086 2491 pernicie

508 2489 749 2570 vitanda?
779 2512 947 2576 Quam
974 2503 1336 2562 defensionem
1368 2499 1559 2554 afferre
1579 2538 1592 2561 ,
1624 2510 1781 2565 quam
1816 2489 2085 2562 purgatio-

511 2606 672 2663 nem?
713 2604 823 2660 Cur
845 2600 986 2656 enim
1016 2612 1120 2652 non
1151 2589 1381 2649 dedisti?
1431 2586 1628 2643 difﬁdis
1678 2595 1728 2639 te
1770 2595 1955 2636 rursus
1997 2593 2089 2635 eas

510 2694 898 2770 accepturum?
950 2691 1051 2760 Qui
1093 2687 1145 2743 id
1192 2686 1397 2740 ratione
1449 2688 1696 2735 constare
1744 2672 1950 2770 possit?
1998 2671 2087 2742 qui

512 2763 657 2846 enim
684 2789 769 2843 dat
803 2786 870 2850 ei,
903 2783 992 2853 qui
1026 2795 1130 2834 non
1160 2775 1301 2831 dedit
1326 2816 1340 2839 ,
1372 2781 1569 2842 quanto
1599 2767 1767 2837 magis
1796 2763 1943 2819 dabit
1967 2778 2087 2817 cum

515 2879 815 2952 acceperit?
854 2876 1048 2931 Verum
1079 2884 1259 2927 earum
1292 2876 1343 2922 te
1372 2874 1618 2933 aspectus
1648 2859 1913 2952 delectat?
1952 2858 2091 2952 Ergo

519 2950 689 3029 multo
737 2968 903 3038 magis
950 2964 1069 3019 ideo
1112 2961 1325 3029 largire,
1359 2967 1415 3010 ut
1441 2956 1552 3010 illic
1576 2953 1744 3023 magis
1770 2950 2086 3013 delecteris,

515 3082 641 3121 eum
670 3078 824 3117 nemo
851 3060 966 3114 illas
998 3054 1210 3109 auferre
1241 3048 1465 3121 poterit;
1493 3060 1611 3099 cum
1639 3050 1845 3107 contra,
1876 3042 1919 3095 si
1951 3052 2093 3097 nunc

519 3161 788 3223 retineas,
821 3154 1096 3208 innumera
1148 3158 1399 3215 passurus
1438 3140 1513 3193 sis
1557 3137 1716 3191 mala.
1771 3134 1905 3189 Nam
1947 3133 2093 3187 velut

516 3253 665 3308 cauis
705 3246 947 3303 diabolus
976 3243 1025 3296 in
1056 3240 1245 3293 divites
1270 3234 1460 3298 insilit,
1490 3246 1554 3286 ac
1584 3232 1627 3285 si
1654 3228 1831 3283 cibum
1858 3233 1950 3281 aut
1976 3225 2090 3296 pla-

517 3354 723 3398 eentam
751 3338 876 3393 velit
903 3335 972 3389 de
1001 3346 1159 3386 manu
1190 3326 1351 3399 puelli
1380 3322 1650 3392 abripere.
1696 3319 1891 3373 Demus
1917 3316 2093 3384 itaque

518 3438 605 3491 illa
634 3433 788 3504 patri.
812 3427 963 3496 Quod
987 3426 1030 3480 si
1057 3423 1107 3479 id
1132 3421 1323 3476 viderit
1348 3416 1607 3479 diabolus,
1628 3412 1805 3504 statim
1828 3409 2092 3504 aufugiet:

518 3527 609 3581 illo
634 3501 811 3578 autem
840 3516 1124 3574 recedente
1147 3554 1164 3581 ,
1193 3520 1322 3566 tunc
1352 3508 1444 3562 tibi
1474 3516 1626 3577 pater
1656 3503 1747 3559 illa
1773 3501 1950 3558 omnia
1980 3508 2093 3555 tuto

517 3616 684 3679 dabit,
706 3627 828 3668 cum
852 3625 957 3664 non
989 3605 1178 3677 poterit
1216 3602 1305 3656 ille
1340 3598 1523 3655 turbas
1549 3598 1679 3653 dare
1704 3594 1757 3651 in
1786 3593 1964 3649 futuro
1993 3607 2094 3648 δεθ-

517 3706 657 3763 culo.
676 3702 829 3759 Nunc
851 3714 978 3753 vero
1005 3713 1033 3749 a
1061 3692 1308 3765 puerulis,
1333 3690 1524 3760 quibus
1542 3687 1717 3743 catelli
1748 3684 1923 3741 infesti
1944 3693 2091 3751 sunt,

520 3794 650 3850 nihil
677 3792 926 3848 differunt
947 3787 1158 3848 divites.
1181 3782 1426 3838 omnibus
1445 3782 1584 3836 circa
1609 3779 1726 3834 illos
1752 3777 2091 3845 latrantibus,

517 3881 956 3951 discerpentibus,
999 3874 1345 3937 trahentibus,
1376 3887 1481 3925 non
1526 3867 1826 3924 hominibus
1867 3876 2091 3933 tantum,

518 3975 610 4029 sed
634 3976 791 4027 etiam
814 3968 1113 4030 affectibus,
1132 3965 1274 4035 gula,
1293 3959 1914 4026 cbrietate,adulalioue,
1940 3958 2094 4012 lasci-

521 4068 602 4119 via
631 4064 792 4117 omni.
826 4060 940 4116 lam
971 4060 1012 4114 si
1038 4058 1163 4128 quid
1183 4066 1364 4109 mutuo
1385 4052 1513 4106 dare
1542 4051 1785 4114 velimus,
1809 4049 2096 4119 diligenter

516 4158 853 4226 exploramus
873 4168 985 4211 eos.
1004 4150 1092 4219 qui
1122 4149 1342 4201 multum
1365 4145 1494 4197 dare
1513 4144 1678 4212 parati
1702 4151 1754 4196 et
1775 4142 1907 4212 grati
1931 4140 2092 4194 animi

518 4249 642 4300 sint.
695 4245 789 4297 llic
829 4257 957 4296 vero
997 4253 1152 4293 secus
1193 4235 1453 4291 facimus:
1488 4235 1596 4289 Deo
1635 4248 1862 4303 namque
1909 4231 2095 4286 relicto

520 4333 912 4395 liberalissimo,
936 4330 1022 4398 qui
1047 4344 1148 4381 non
1173 4327 1523 4381 centesimam
1544 4325 1643 4395 (α),
1668 4324 1761 4379 sed
1786 4324 2094 4393 centuplum

518 4430 627 4487 dat.
651 4443 744 4482 eos
769 4423 1102 4493 requirimus,
1124 4420 1213 4490 qui
1241 4435 1306 4472 ne
1332 4427 1532 4473 sortem
1553 4418 1763 4485 quidem
1794 4416 2038 4471 reddant.

588 4521 642 4575 8.
675 4517 811 4586 Quid
855 4514 994 4569 enim
1037 4512 1188 4566 nobis
1237 4510 1422 4565 reddet
1454 4518 1655 4572 venter,
1681 4509 1771 4579 qui
1813 4509 2095 4562 maximam

516 4609 749 4663 absumit
776 4604 1011 4673 partem?
1033 4600 1250 4656 Stercus
1272 4615 1334 4653 ac
1357 4600 1773 4667 corruptionem.
1798 4597 1937 4665 Quid
1962 4613 2096 4651 vana

515 4699 719 4771 gloria?
746 4694 995 4749 Invidiam
1021 4702 1073 4746 et
1097 4692 1336 4744 livorem.
1365 4688 1500 4754 Quid
1523 4688 1880 4756 parcimouia?
1904 4687 2096 4742 Curam

516 4802 569 4845 et
588 4786 1018 4843 sollicitudinem.
1041 4781 1176 4849 Quid
1199 4780 1446 4835 lascivia?
1464 4778 1771 4835 Geliennam
1792 4790 1843 4834 et
1861 4794 2096 4834 vermcm

519 4892 854 4936 venenatum.
907 4876 966 4929 lli
1009 4884 1131 4929 sunt
1176 4874 1391 4927 divitum
1434 4872 1722 4938 debitores,
1770 4872 1859 4942 qui
1888 4872 1954 4926 de
1987 4873 2099 4942 ipsa

516 4981 657 5027 torte
681 4972 792 5025 haec
814 4969 964 5023 nobis
982 4967 1181 5021 honora
1205 4965 1429 5025 solvent,
1454 4965 1728 5033 praesentia
1743 4965 1931 5019 damna
1949 4978 1997 5021 et
2019 4965 2102 5021 fu-

517 5078 631 5119 tura
654 5063 809 5117 uiala.
832 5062 1015 5123 llisne,
1038 5073 1239 5130 qumso,
1267 5057 1453 5112 ftenori
1472 5057 1730 5123 dabimus,
1758 5069 1958 5113 tantum
1982 5076 2101 5130 sup-

516 5156 728 5225 plicium
773 5152 1018 5208 relaturis
1038 5192 1054 5214 ,
1081 5161 1134 5206 et
1159 5149 1374 5203 Christo
1404 5166 1507 5202 noa
1539 5148 1837 5215 credemus,
1881 5152 1967 5219 qui
1997 5166 2103 5206 Ca}-

518 5249 622 5297 lum
647 5242 804 5296 offert
822 5251 876 5296 ct
898 5241 1249 5296 immortalem
1273 5239 1455 5305 vitam,
1482 5255 1672 5294 arcana
1710 5241 1797 5293 illa
1840 5242 2021 5295 bona?
2042 5253 2099 5298 et

513 5350 670 5402 quam
689 5332 998 5388 habebimus
1010 5330 1402 5385 defensionem?
1417 5328 1520 5384 Cur
1538 5332 1676 5385 enim
1697 5347 1800 5385 non
1819 5333 1910 5386 das
1932 5333 2103 5387 reddi-

519 5436 634 5478 turo
661 5432 714 5478 et
732 5422 951 5491 plurima
979 5420 1284 5475 reddituro?
1324 5420 1569 5476 Fortasse
1590 5423 1710 5492 quia
1736 5436 1850 5492 post
1873 5426 2099 5478 tnnlttnn

531 5515 767 5586 emporis
793 5513 1093 5569 redditurus
1114 5512 1230 5566 est?
1278 5513 1434 5581 Atqui
1461 5525 1512 5567 et
1541 5513 1590 5566 in
1621 5514 1719 5569 hac
1755 5532 1965 5587 quoque
1992 5528 2096 5574 Vita

572 5652 970 5725 (a)_pentesima,
998 5657 1051 5700 ut
1072 5647 1187 5725 alibi
1206 5649 1437 5725 diximus,
1453 5663 1616 5725 usui-rc
1638 5665 1798 5725 genus
1830 5662 1971 5717 erat,
1996 5667 2098 5719 quo

396 5734 417 5746 -
507 5712 716 5780 “uiuus
739 5716 987 5766 mensibus
1002 5712 1271 5763 centesima
1295 5724 1406 5774 pars
1426 5717 1571 5763 sortis
1586 5712 1878 5768 solvebatur-

1147 297 1205 355 S.
1241 291 1517 354 JOANMS
1552 280 2016 345 CHRYSOSTOMI
2056 276 2371 333 ARCHIEP.
2409 276 2715 333 CONSTAN
2731 277 2938 333 I‘INOP.

3638 281 3733 338 55%

2159 390 2281 456 dat,
2302 389 2516 444 mentiri
2539 390 2680 444 enim
2700 391 2884 461 nequit
2905 391 2995 445 ille
3014 391 3101 460 qui
3123 390 3247 446 dicit
3268 410 3280 445 :
3304 392 3529 457 Quaerite
3543 409 3735 465 regnum

2160 481 2419 543 (telorum,
2442 490 2487 535 et
2507 482 2613 535 haec
2631 484 2800 535 omnia
2819 484 3122 553 adﬁcientur
3149 485 3283 539 vobis
3308 485 3527 552 (Matth.
3553 488 3607 541 6.
3632 489 3735 558 ΞΒ).

2163 573 2348 626 Viden'
2374 572 2736 627 liberalitatem
2770 574 3071 642 ingentem?
3093 573 3206 641 Illa,
3236 575 3427 646 inquit,
3453 576 3549 629 tibi
3580 591 3742 632 asser-

2168 671 2374 726 vantur,
2402 678 2502 717 nec
2524 663 2855 727 minuentur;
2887 664 3002 718 inec
3027 680 3153 719 vero
3180 668 3463 735 prmsentia
3488 668 3636 736 quasi
3654 670 3740 722 ad-

2166 755 2513 809 ditamentum
2532 754 2741 825 adjicio.
2761 756 2839 809 Ad
2864 756 2977 811 hanc
2998 756 3317 811 diuturnitas
3337 760 3743 826 exspectationis

2167 853 2324 915 auget
2350 846 2441 899 tibi
2468 845 2676 899 divitias
2702 861 2857 909 ;nam
2888 848 3079 901 crescit
3110 847 3306 902 faenus.
3337 849 3496 917 Apud
3528 852 3744 904 {tenera-

2169 947 2312 993 tores
2336 938 2479 993 enim
2520 938 2570 992 id
2612 938 2727 994 fieri
2770 939 3033 1006 videmus,
3065 941 3153 1009 qui
3186 941 3437 995 libentius
3469 942 3577 995 illis
3606 958 3745 996 com-

2169 1029 2407 1093 modant,
2434 1029 2522 1099 qui
2565 1037 2683 1096 post
2720 1029 3027 1083 diuturnum
3077 1040 3285 1099 tempus
3332 1032 3564 1085 soluturi
3613 1043 3745 1085 sunt.

2169 1117 2300 1171 Nam
2323 1118 2410 1188 qui
2438 1118 2616 1171 statim
2644 1129 2840 1172 sortem
2866 1118 3061 1180 reddit,
3112 1117 3331 1174 fienoris
3352 1135 3574 1173 cursum
3598 1120 3750 1175 inter-

2171 1208 2300 1277 cipit
2324 1225 2336 1260 :
2362 1208 2453 1277 qui
2481 1224 2607 1262 vero
2635 1208 2939 1263 diuturnius
2962 1209 3174 1273 retinet,
3202 1220 3470 1279 qumstum
3502 1210 3749 1278 majorem

2172 1296 2354 1352 efficit.
2386 1298 2531 1353 itane
2556 1300 2695 1368 apud
2720 1299 2961 1354 homines
2990 1315 3191 1353 moram
3218 1316 3320 1353 non
3348 1316 3493 1372 aegre
3519 1300 3751 1369 ferimus,

2173 1388 2265 1442 sed
2298 1388 2551 1457 majorem
2583 1388 2696 1443 fieri
2725 1404 3007 1453 curamus,
3035 1400 3090 1444 et
3119 1392 3255 1459 apud
3288 1391 3452 1445 Deum
3488 1393 3560 1445 ita
3596 1395 3751 1461 pusil-

2175 1479 2396 1535 lanimes
2422 1481 2645 1546 erimus,
2694 1491 2751 1535 ut
2782 1482 2902 1537 ideo
2943 1497 3135 1552 segnes
3161 1483 3328 1537 simus
3357 1495 3409 1538 et
3440 1487 3754 1554 tergiverse-

2176 1588 2328 1637 nmr;
2362 1573 2479 1637 etsi,
2512 1582 2569 1625 ut
2599 1572 2743 1637 dixi,
2775 1583 2829 1627 et
2854 1573 2938 1627 hic
2964 1574 3052 1627 det
3079 1589 3174 1638 ea,
3208 1590 3309 1644 qua
3339 1574 3473 1639 dixi,
3509 1578 3578 1630 de
3605 1592 3754 1631 causa

2180 1673 2234 1718 et
2264 1664 2403 1718 aliud
2436 1664 2685 1734 quiddam
2734 1666 2904 1735 majus
2952 1681 3258 1737 przeparans
3306 1667 3356 1721 in
3410 1668 3549 1722 caelo
3602 1678 3755 1723 totum

2178 1757 2469 1813 recondat?
2520 1757 2823 1827 Magnitudo
2876 1758 3074 1829 quippe
3126 1758 3285 1823 doni,
3320 1771 3375 1813 et
3422 1759 3756 1828 pulchritudo

2179 1849 2474 1919 ejus,vita:
2522 1851 2801 1919 praesentis
2850 1850 3107 1904 vilitatem
3155 1850 3313 1921 longe
3357 1862 3600 1920 superat.
3653 1853 3756 1908 Non

2179 1939 2320 1993 enim
2349 1939 2459 1992 fieri
2491 1947 2663 2007 potest
2687 1981 2699 2001 ,
2728 1948 2788 1993 ut
2817 1940 2868 1992 in
2899 1939 3109 1994 mormli
3137 1950 3190 1994 et
3214 1939 3355 1994 ﬂuxo
3386 1957 3621 2012 corpore
3667 1944 3757 1996 itu-

2182 2031 2576 2087 marcescibiles
2606 2032 2710 2085 ill-.e
2738 2046 2951 2086 coronae
2980 2031 3307 2101 accipiantur
3334 2073 3349 2097 ,
3384 2049 3565 2103 neque
3595 2035 3645 2085 in
3674 2035 3759 2088 hac

2183 2124 2432 2194 praesenti
2488 2131 2545 2177 et
2594 2122 2821 2176 tumultu
2879 2123 3035 2192 plena
3092 2123 3218 2189 vita,
3276 2125 3761 2195 mutationibusque

2186 2215 2423 2283 plurimis
2467 2213 2719 2277 obnoxia,
2770 2212 2987 2267 immota
3018 2213 3104 2267 illa
3137 2213 3451 2284 stabilisque
3480 2232 3601 2269 ειη-ε
3630 2217 3761 2269 Obli-

2184 2304 2297 2359 neri
2332 2311 2524 2373 potest.
2569 2300 2685 2358 Jam
2734 2317 2863 2358 vero
2912 2303 2955 2357 si
2995 2303 3114 2373 quis
3157 2304 3248 2358 tibi
3302 2309 3354 2359 in
3402 2305 3581 2360 aliena
3634 2318 3762 2360 terra

2185 2395 2418 2466 degenti,
2451 2394 2537 2449 ubi
2567 2395 2738 2448 nullos
2781 2394 3009 2450 haberes
3058 2395 3309 2461 famulos,
3344 2413 3525 2468 neque
3586 2414 3761 2468 posses

2188 2489 2238 2543 in
2268 2488 2489 2558 patriam
2516 2487 2642 2558 quid
2674 2486 2983 2555 transferre,
3016 2487 3218 2543 foenera
3248 2488 3376 2545 dare
3405 2491 3759 2560 polliceretur,

2188 2580 2383 2636 obnixe
2430 2580 2756 2650 precareris,
2788 2595 2856 2634 ne
2881 2579 2933 2634 id
2965 2578 3058 2635 tibi
3086 2581 3136 2634 in
3164 2581 3443 2651 peregrina
3478 2592 3624 2635 terra
3644 2624 3658 2647 ,
3681 2582 3763 2637 sed

2188 2675 2330 2731 domi
2360 2689 2578 2730 reverso
2606 2684 2940 2740 numeraret;
2968 2674 3105 2729 bona
3134 2690 3260 2730 vero
3285 2676 3371 2728 illa
3396 2676 3695 2746 Spiritualia
3719 2689 3767 2731 et

2189 2783 2381 2823 arcana
2414 2767 2500 2822 hic
2529 2768 2608 2822 vis
2638 2767 2911 2836 recipere?
2940 2778 2994 2822 et
3018 2776 3212 2837 quanta
3262 2768 3452 2822 istlizec
3498 2772 3765 2823 amentia?

2188 2862 2320 2916 Nam
2348 2862 2391 2915 si
2418 2860 2505 2915 hic
2532 2860 2751 2930 accipis,
2780 2860 3027 2914 mortalia
3057 2874 3276 2929 prorsus
3306 2860 3545 2929 accipis;
3578 2862 3623 2914 si
3653 2878 3767 2916 vero

2192 2964 2399 3023 tempus
2443 2952 2572 3007 illud
2612 2960 2912 3021 exspectes,
2955 2951 3375 3020 incorruptibilia
3408 2961 3463 3006 et
3497 2969 3603 3005 non
3631 2953 3766 3007 ﬂuxa

2191 3046 2335 3099 dabit
2384 3044 2479 3098 tibi
2514 3058 2528 3097 :
2562 3043 2606 3097 si
2662 3042 2751 3097 hic
2802 3042 3064 3114 accipias,
3099 3042 3371 3112 plumbum
3423 3046 3766 3113 accepisti;si

2193 3137 2322 3204 illic,
2352 3151 2540 3190 aurum
2596 3136 2899 3206 probatum.
2954 3134 3145 3189 Verum
3201 3151 3372 3205 neque
3426 3139 3768 3204 pra-sentibus

2192 3230 2346 3285 bonis
2386 3238 2436 3283 te
2477 3228 2721 3298 privavit.
2776 3228 2904 3283 Post
2953 3227 3098 3282 illam
3146 3229 3287 3283 enim
3344 3230 3763 3298 promissionem,

2192 3326 2349 3378 aliam
2392 3321 2596 3377 addidit
2634 3322 2711 3376 sic
2759 3321 2985 3376 dicens:
3015 3319 3266 3392 Quisquis
3308 3324 3547 3377 cmlestia
3599 3335 3766 3387 autat,

2192 3417 2493 3486 centuplum
2523 3415 2744 3484 recipiet
2774 3415 2825 3468 in
2858 3415 2959 3468 hoc
2983 3415 3200 3479 saeculo,
3234 3426 3289 3469 et
3326 3417 3491 3470 vitam
3523 3427 3768 3472 aeternam

2195 3507 2484 3578 possidebit
2514 3508 2530 3574 (
2560 3506 2746 3560 Matth.
2781 3505 2871 3560 l9.
2900 3504 2970 3562 29

2266 3599 2387 3654 Non
2408 3599 2528 3653 doni
2551 3597 2861 3669 magnitudo,
2878 3598 2965 3652 sed
2994 3598 3191 3651 animus
3215 3599 3625 3667 spectatam—Si
3655 3615 3770 3655 vero

2193 3690 2499 3757 centuplum
2528 3705 2635 3743 non
2664 3689 2977 3759 accipimus,
3029 3704 3129 3743 nos
3158 3689 3208 3741 iu
3235 3704 3393 3743 causa
3444 3707 3660 3755 sumus,
3689 3696 3767 3760 qui

2195 3796 2300 3836 non
2343 3791 2526 3835 mutuo
2555 3780 2744 3834 damus
2779 3780 2848 3845 ei,
2877 3780 2967 3848 qui
2993 3787 3191 3833 tantmn
3222 3780 3349 3835 dare
3373 3792 3552 3851 potest
3579 3799 3594 3836 :
3622 3794 3768 3852 quot-

2194 3880 2321 3940 quot
2356 3870 2498 3926 enim
2542 3868 2823 3934 dederuut,
2862 3879 2940 3924 tot
2979 3879 3225 3940 tantaque
3262 3883 3616 3941 receperunt,
3658 3876 3770 3929 licet

2194 3977 2359 4033 pauca
2385 3960 2650 4017 dederint.
2699 3960 2833 4029 Quid
2860 3962 3001 4016 enim
3032 3963 3225 4030 magni,
3257 3979 3461 4031 quzeso,
3494 3964 3641 4017 dedit
3677 3966 3766 4018 l‘e-

2198 4055 2345 4108 trus?
2366 4069 2542 4108 nonne
2566 4062 2678 4108 rete
2697 4053 2941 4117 scissum,
2967 4062 3023 4107 et
3045 4054 3301 4106 calamum
3326 4066 3375 4107 et
3401 4058 3617 4109 hamum
3634 4058 3657 4108 ?
3675 4056 3767 4111 Sed

2197 4160 2372 4202 tamen
2399 4149 2533 4202 Ileus
2558 4147 2655 4218 ipsi
2684 4147 2913 4201 universi
2943 4146 3088 4201 orbis
3116 4146 3303 4201 domos
3331 4151 3561 4215 aperuit,
3583 4160 3767 4203 terram

2196 4247 2250 4292 et
2285 4254 2431 4293 mare
2456 4238 2707 4308 expandit
2733 4246 2787 4292 et
2809 4252 2996 4292 omnes
3052 4238 3198 4291 illum
3225 4238 3288 4292 ad
3321 4255 3415 4292 sua
3449 4242 3766 4303 evocabant;

2198 4328 2424 4384 imosua
2464 4329 2752 4384 vendentcs
2777 4328 2844 4383 ad
2874 4329 3013 4383 illius
3036 4329 3199 4399 pedes
3224 4330 3538 4397 afferehanl,
3579 4349 3682 4387 noo
3709 4336 3768 4387 ad

2200 4438 2389 4477 manus
2414 4422 2760 4491 conjicientes
2791 4423 3002 4492 (neque
3032 4424 3172 4477 enim
3202 4424 3471 4477 audebant
3496 4426 3541 4493 ),
3574 4436 3765 4479 tantum

2200 4515 2274 4569 illi
2305 4530 2424 4569 cum
2456 4513 2813 4568 munificentia
2867 4512 3127 4567 honorem
3184 4515 3499 4568 tribuentes.
3548 4518 3651 4570 Sed
3691 4517 3767 4569 ille

2201 4605 2390 4661 Petrus
2418 4615 2551 4664 erat.
2582 4605 2805 4674 inquies.
2867 4604 2933 4658 Et
2955 4604 3079 4673 quid
3112 4606 3210 4659 hoc
3236 4646 3250 4669 ,
3282 4620 3315 4659 o
3345 4607 3549 4660 homo?
3598 4608 3766 4676 Neque

2200 4697 2342 4752 enim
2371 4697 2530 4751 Petro
2556 4704 2756 4749 tantum
2785 4694 2898 4749 haec
2926 4695 3190 4764 pollicitus
3236 4705 3348 4760 est;
3400 4713 3577 4767 neque
3623 4699 3765 4765 dixit,

2202 4791 2278 4845 Tu
2307 4806 2452 4856 vero,
2487 4791 2641 4845 Petre
2661 4832 2675 4857 ,
2707 4789 3011 4858 centuplum
3042 4790 3268 4859 recipies
3298 4792 3467 4850 solus.
3498 4794 3614 4857 sed,
3647 4793 3765 4859 Qui-

2202 4899 2410 4953 cumque
2432 4881 2684 4951 reliquerit
2713 4874 2935 4944 domunt,
2964 4880 3040 4933 vel
3064 4880 3268 4947 fratres,
3317 4883 3610 4952 centuplum
3647 4884 3766 4936 reci-

2204 4979 2322 5047 piet.
2372 4976 2549 5046 Neque
2575 4977 2714 5029 enim
2748 4990 3088 5044 personarum
3119 4973 3468 5029 diﬂ'erentiam
3500 4977 3588 5030 ille
3613 4980 3765 5041 novit,

2202 5067 2295 5122 sed
2318 5083 2491 5121 rerum
2519 5065 2726 5120 merita.
2773 5068 2842 5118 At
2868 5080 2971 5130 me,
3003 5064 3228 5135 inquies,
3254 5064 3544 5119 liberorum
3588 5067 3768 5121 chorus

2201 5158 2867 5226 circumsistit,etipiane
2919 5156 3036 5209 illos
3079 5148 3268 5210 divites
3299 5156 3626 5225 relinquere.
3673 5156 3769 5213 Cur

2202 5266 2331 5321 ergo
2362 5251 2480 5305 illos
2509 5264 2769 5319 pauperes
2809 5247 3018 5303 reddis?
3046 5246 3104 5302 Si
3133 5248 3273 5302 enim
3306 5248 3410 5302 illis
3442 5250 3621 5303 omnia
3652 5250 3765 5302 reli-

2202 5342 2403 5410 queris,
2434 5357 2536 5394 non
2570 5349 2693 5393 tuta:
2742 5338 2995 5394 custodia:
3043 5346 3129 5392 tua
3183 5339 3358 5391 omnia
3385 5342 3701 5401 committis;
3726 5339 3767 5391 si

2203 5448 2329 5486 vero
2356 5432 2519 5485 lieum
2547 5431 2841 5485 constituas
2882 5431 3114 5500 ipsorum
3139 5429 3461 5484 coheredem
3486 5440 3540 5484 et
3565 5439 3766 5485 curato-

2202 5542 2350 5591 rem,
2378 5524 2615 5581 iulinitos
2655 5525 2758 5579 illis
2799 5524 3081 5579 thesauros
3121 5525 3397 5593 relinquis.
3448 5524 3593 5579 Sicut
3633 5524 3764 5579 enim

2200 5633 2319 5671 cum
2353 5633 2450 5672 nos
2477 5618 2620 5687 ipsos
2671 5617 2996 5685 ulciscimur,
3051 5619 3189 5672 Deus
3237 5632 3336 5671 nos
3364 5631 3471 5670 non
3501 5614 3763 5676 defendit;

2201 5724 2320 5766 cum
2354 5723 2479 5766 vero
2504 5724 2600 5765 nos
2625 5710 2722 5781 ipsi
2748 5710 3146 5773 committimus,
3168 5707 3288 5780 plus
3313 5722 3473 5780 quam
3498 5715 3764 5778 exspecu-
