4064 6296
238 186 344 247 b5!

225 300 436 390 πολλῆς
466 300 607 390 αὐτὰ
631 302 1072 381 ἀποκαταστήσω
1098 311 1199 385 τῆς
1225 317 1562 385 περιουσίας.
1594 320 1671 373 οὐ
1699 318 1809 390 γὰρ

223 388 316 478 ῖνα
356 389 649 462 ἀφέλωμαι
689 392 985 465 λαμϐάνω,
1024 398 1141 452 ἀλλ’
1187 401 1275 454 ἵνα
1320 403 1541 460 πλείονα
1574 388 1805 478 ποιήσω,

222 476 315 531 ἵνα
345 478 742 554 ἀκριϐέστερον
772 482 1014 551 φυλάξω,
1049 487 1137 541 ἵνα
1164 491 1287 542 κατ’
1316 493 1523 546 ἐκεῖνόν
1563 511 1644 547 σοι
1669 476 1809 549 αὐτὰ

219 568 456 637 τηρήσω
484 567 577 621 τὸν
608 570 822 640 χρόνον,
854 573 977 626 καθ’
1004 574 1063 626 δν
1093 576 1267 641 οὐδεὶς
1288 579 1317 631 6
1343 579 1604 645 δανείζων
1633 583 1753 637 ούδέ
1781 585 1811 638 ὀ

217 652 395 706 ἐλεῶν
429 655 566 708 ἐστι.
608 656 674 708 Τί
715 654 809 712 οῦν
837 659 1035 728 γένοιτ’
1061 661 1128 715 ἂν
1170 665 1327 735 ἡμῶν
1360 667 1638 739 ὠμότερον
1671 669 1811 741 μετά

216 740 485 805 τοιαύτας
516 742 841 815 ὑποσχέσεις
873 746 947 817 μὴ
975 748 1318 820 ἀνεχομένων
1346 754 1495 823 αύτῷ
1518 740 1805 826 δανείζειν;

215 829 517 901 Τοιγάρτοι
556 831 643 886 διὰ
672 833 833 888 τοῦτο
854 835 1051 908 ἔρημοι
1087 839 1181 893 καὶ
1219 843 1418 911 γυμνοὶ
1453 845 1547 897 καὶ
1578 846 1809 917 πένητες

214 918 360 988 πρὸς
381 918 543 972 αὑτὸν
565 919 669 973 ἀπε
678 922 943 993 ρχόμεθα,
967 924 1037 978 τά
1068 927 1428 984 πιστευθέντα
1447 931 1548 984 ούκ
1569 931 1807 1001 ἔχοντες,

212 1004 300 1057 ὄτι
347 1005 427 1075 μὴ
480 1004 559 1076 τῷ
602 1006 823 1060 πάντων
866 1010 1009 1063 αὐτὰ
1055 1012 1443 1085 ἀκριϐέστερον
1486 1017 1808 1086 φυλάττοντι

213 1096 802 1166 παρακατατιθέμεθα.
854 1098 945 1151 Διὸ
993 1100 1087 1154 καὶ
1137 1103 1237 1173 τὴν
1287 1106 1523 1178 ἐσχάτην
1567 1108 1810 1179 δώσομεν

210 1183 400 1253 δίκην.
439 1184 507 1240 Τί
544 1186 653 1258 γὰρ
694 1188 791 1241 καὶ
821 1188 1213 1262 ἐγκαλούμενοι
1261 1193 1607 1266 δυνησόμεθα
1638 1200 1809 1251 εἰπεῖν

209 1272 363 1343 ὑπὲρ
409 1273 510 1342 τῆς
551 1274 832 1338 ἀπωλείας
872 1276 1121 1343 ἐαυτῶν;
1162 1279 1324 1334 ποίαν
1364 1282 1636 1353 πρόφασιν
1676 1302 1810 1355 προ-

208 1361 514 1429 ϐαλέσθαις
564 1364 687 1417 τίνα
732 1365 1067 1435 ἀπολογίαν;
1115 1368 1274 1434 Τίνος
1324 1370 1432 1441 γὰρ
1478 1372 1663 1427 ἐνεκεν
1708 1374 1809 1428 οὐκ

206 1447 465 1514 ἐδωκαςς
515 1452 794 1518 ἀπιστεῖς,
833 1454 917 1508 ὅτι
978 1455 1127 1530 λήψῃ
1178 1457 1382 1526 πάλιν;
1418 1461 1528 1513 Καὶ
1578 1461 1694 1527 πῶς
1740 1461 1807 1516 ἀν

208 1535 335 1604 ἔχοι
372 1535 532 1590 τοῦτο
564 1538 755 1606 λόγον;
787 1540 817 1591 6
847 1540 958 1613 γάρ
986 1542 1064 1613 τῷ
1106 1544 1182 1614 μὴ
1210 1544 1466 1600 δεδωκότι
1498 1546 1656 1612 δοὺς,
1690 1550 1809 1615 πῶς

207 1622 281 1675 οὐ
320 1623 505 1695 πολλῷ
536 1625 738 1695 μᾶλλον
769 1628 906 1697 μετά
938 1630 1000 1682 τὸ
1041 1630 1227 1686 λαϐεῖν
1251 1631 1444 1699 δώσεις
1490 1635 1650 1689 Ἀλλὰ
1681 1636 1805 1708 τέρ-

208 1727 311 1764 πει
336 1729 399 1765 σε
427 1713 608 1767 αὐτῶν
629 1715 662 1785 ή
685 1714 841 1785 δψιςς
868 1717 1080 1772 Οὐκοῦν
1100 1719 1281 1791 πολλῷ
1307 1722 1510 1791 μᾶλλον
1535 1723 1623 1777 διὰ
1648 1723 1807 1779 τοῦτο

204 1798 328 1861 δὺς,
354 1799 440 1851 ἴνα
469 1802 649 1853 ἐκεῖσε
671 1802 727 1855 τέ
738 1801 845 1874 ρψῃ
874 1803 1156 1874 μειζόνως,
1179 1805 1268 1858 δτε
1290 1807 1463 1871 οὐδεὶς
1485 1808 1623 1862 αύτά
1643 1811 1807 1880 ἀφαι-

208 1886 451 1956 ρήσεται
473 1901 485 1915 ·
516 1888 592 1951 ὡς
622 1888 717 1942 νῦν
747 1905 811 1957 γε
839 1891 1084 1961 κατέχων
1114 1892 1206 1945 καὶ
1243 1895 1409 1964 μυρία
1446 1895 1609 1968 πείσῃ
1634 1897 1802 1953 δεινά.

206 1972 491 2044 Καθάπερ
529 1975 642 2047 γὰρ
677 1975 824 2031 κύων
844 2016 858 2039 ,
886 1977 1062 2041 οὕτως
1092 1979 1372 2034 ἐνάλλεται
1396 1986 1509 2047 τοῖς
1537 1983 1805 2037 πλουτοῦ-

208 2076 302 2112 σιν
335 2063 365 2113 6
404 2060 671 2136 διάϐολος,
705 2064 895 2135 ῶσπερ
926 2064 1119 2135 ψωμὸν
1167 2066 1200 2138 ἦ
1246 2067 1557 2123 πλακοῦντα
1591 2071 1805 2124 παιδίου

210 2146 546 2215 κατέχοντος
570 2149 892 2209 ἀποσπάσαι
918 2150 1110 2205 θέλων.
1136 2153 1325 2224 Δῶμεν
1352 2156 1533 2211 τοίνυν
1559 2157 1699 2210 αὐτὰ
1729 2158 1806 2229 τῷ

208 2237 418 2309 Πατρί.
456 2238 573 2293 Κᾶν
621 2240 703 2313 ῖδῃ
736 2242 890 2317 τοῦτο
919 2244 947 2296 6
973 2243 1216 2308 διάϐολος
1251 2247 1562 2316 γενόμενον,
1603 2250 1807 2321 ἀναχω-

209 2327 380 2396 ρήσει
411 2328 660 2392 πάντως·
698 2331 1158 2404 ἀναχωρήσαντος
1189 2334 1245 2387 δὲ
1282 2335 1494 2391 ἐκείνου
1518 2378 1531 2400 ,
1568 2339 1687 2391 τότε
1722 2339 1806 2392 σοὶ

210 2414 363 2483 μετά
394 2416 697 2486 ἀσφαλείας
717 2419 857 2472 αὐτὰ
878 2421 906 2473 6
939 2420 1122 2493 πατὴρ
1147 2421 1308 2476 δώσει
1338 2425 1538 2489 πάντα,
1567 2425 1695 2479 ὅταν
1728 2427 1802 2497 μὴ

204 2502 441 2573 δύνηται
458 2505 695 2575 ἐνοχλεῖν
717 2509 924 2571 ἐκεῖνος
945 2509 1086 2563 κατὰ
1111 2510 1201 2564 τὸν
1217 2512 1389 2565 αἰῶνα
1414 2512 1504 2567 τὸν
1523 2514 1800 2585 μέλλοντα.

219 2588 314 2651 Ὠς
357 2589 452 2644 νῦν
484 2608 546 2659 γε
592 2594 700 2646 τῶν
740 2594 952 2667 μικρῶν
995 2597 1225 2650 παιδίων
1264 2599 1373 2653 τῶν
1409 2600 1513 2654 ὑπὸ
1553 2602 1803 2656 κυνιδίων

204 2677 621 2748 ἐνοχλουμένων
644 2682 796 2735 οὐδὲν
816 2685 1163 2758 διαφέρουσιν
1191 2689 1241 2740 οί
1264 2687 1641 2754 πλουτοῦντες,
1671 2690 1805 2743 πάν-

202 2780 321 2815 των
349 2764 726 2821 ὑλακτούντων
755 2772 882 2841 περὶ
910 2774 1129 2837 αὐτοὺς,
1158 2774 1597 2846 σπαραττόντων,
1622 2774 1805 2829 ἑλκόν-

205 2869 324 2904 των
349 2852 449 2905 οὐκ
470 2854 774 2924 ἀνθρώπων
802 2859 983 2927 μόνον,
1013 2859 1148 2913 ἀλλὰ
1176 2861 1270 2914 καὶ
1298 2860 1488 2914 παθῶν
1518 2861 1803 2915 ἀνελευθέ-

207 2956 327 3008 ρων
349 2980 363 3000 ,
397 2944 878 3015 γαστριμαργίας,
919 2948 1119 3017 μέθης,
1154 2948 1479 3014 κολακείας,
1514 2950 1803 3019 ἀσελγείας

206 3027 455 3097 ἀπάσης.
490 3031 607 3083 Κᾶν
641 3032 739 3099 μὲν
780 3032 1044 3100 δανείζειν
1080 3036 1196 3108 δέῃ,
1221 3035 1346 3093 τοὺς
1397 3035 1530 3090 πολὺ
1563 3037 1804 3101 διδόντας

207 3115 737 3185 περιεργαζόμεθα,
769 3120 865 3172 καὶ
899 3122 1026 3184 τοὺς
1057 3121 1409 3193 εὐγνώμονας
1436 3123 1803 3193 περισκοποῦ-

212 3218 341 3270 μεν·
368 3201 606 3256 ἐνταῦθα
633 3204 689 3256 δέ
712 3206 1021 3260 τούναντίον
1047 3209 1330 3279 ποιοῦμεν·
1363 3210 1456 3262 τὸν
1483 3210 1583 3281 μὲν
1605 3212 1805 3281 εὐγνω-

212 3290 488 3357 μονοῦντα
532 3290 665 3344 Θεὸν
705 3293 801 3346 καὶ
838 3295 958 3365 οὐχὶ
994 3298 1313 3368 ἑκατοστὴν.
1347 3297 1483 3350 ἀλλά
1511 3300 1804 3353 ἑκατοντα-

207 3376 485 3431 πλασίονα
515 3378 825 3451 παρέχοντα
855 3382 1112 3453 ἀφίεμεν,
1140 3386 1267 3448 τοὺς
1290 3385 1346 3438 δέ
1371 3385 1470 3438 ούκ
1494 3386 1803 3441 ἀποδώσον-

205 3483 314 3530 τας
344 3468 478 3536 ἡμῖν
500 3467 620 3522 οὐδὲ
647 3471 707 3521 τὸ
741 3470 1057 3539 κεφάλαιον,
1088 3470 1311 3534 τούτους
1342 3471 1732 3543 ἐπιζητοῦμεν.

283 3559 355 3624 η’.
390 3552 457 3605 Τί
477 3554 586 3625 γάρ
605 3557 736 3627 ἡμῖν
758 3560 791 3628 ή
817 3558 1032 3629 γαστὴρ
1054 3558 1323 3612 ἀποδώσει
1339 3558 1408 3611 τά
1425 3560 1645 3614 πλείονα
1669 3580 1803 3617 κατ-

205 3641 612 3709 αναλίσκουσα;
661 3645 881 3716 Κύπρον
917 3646 1013 3698 καὶ
1060 3644 1285 3714 φθοράν.
1328 3645 1394 3698 Τί
1428 3645 1485 3699 δέ
1525 3650 1557 3718 ὴ
1596 3650 1804 3703 κενοδο-

205 3729 341 3795 ξίας
369 3729 569 3783 Φθόνον
600 3732 695 3784 καὶ
724 3730 1044 3801 βασκανίαν.
1077 3732 1141 3785 Τί
1170 3733 1227 3786 δὲ
1251 3735 1282 3805 ἡ
1318 3735 1604 3804 φειδωλία;
1635 3739 1804 3808 Φρον-

203 3818 337 3869 τίδα
372 3817 469 3869 καὶ
503 3817 797 3888 μέριμναν.
848 3818 911 3872 Τί
951 3820 1008 3873 δέ
1047 3822 1079 3891 ὴ
1123 3822 1413 3891 ἀσέλγεια;
1449 3824 1488 3874 Γ
1492 3824 1676 3877 έενναν
1707 3826 1804 3878 καὶ

205 3903 480 3973 σκώληκα
534 3905 760 3959 ίοϐόλον.
809 3899 972 3960 Οὗτοι
1022 3908 1130 3979 γάρ
1176 3909 1284 3964 τῶν
1334 3911 1708 3966 πλουτούντων
1752 3913 1802 3966 οἱ

206 3994 515 4064 χρεῶσται,
550 3992 774 4058 τούτους
805 3994 899 4048 τοῦ
932 3996 1229 4066 κεφαλαίου
1258 4000 1383 4059 τοὺς
1414 4000 1608 4064 τόκους
1638 4019 1804 4056 κατα-

208 4082 509 4145 ϐάλλοντες
530 4122 544 4143 ,
576 4081 645 4135 τά
692 4082 926 4136 ἐνταῦθα
960 4084 1107 4138 κακὰ
1153 4085 1245 4138 καὶ
1278 4087 1345 4141 τὰ
1378 4088 1804 4159 προσδοκώμενα

206 4172 265 4223 δε
278 4170 388 4223 ινά.
420 4169 643 4233 Τούτοις
671 4166 785 4233 οὖν,
815 4171 936 4223 είπέ
965 4189 1077 4243 μοι,
1103 4174 1421 4244 δανείσομεν
1451 4176 1544 4229 ἐπὶ
1564 4176 1802 4250 τοσαύτῃ

210 4258 463 4321 κολάσει,
488 4259 582 4311 καὶ
608 4258 668 4311 ού
701 4258 1063 4329 πιστεύσομεν
1092 4262 1231 4315 αύτά
1259 4262 1335 4333 τῷ
1361 4264 1583 4335 Χριστῷ
1613 4264 1692 4336 τῷ
1712 4266 1803 4318 τὸν

210 4346 455 4415 οὐρανὸν
504 4346 876 4415 προτείνοντι,
926 4347 1025 4418 τὴν
1056 4348 1202 4420 ζωὴν
1252 4352 1349 4422 τὴν
1400 4352 1697 4416 ἀθάνατον,
1730 4353 1803 4407 τά

210 4435 513 4505 ἀπόρρητα
533 4432 748 4500 ἀγαθά;
772 4434 866 4486 καὶ
888 4434 1046 4489 ποίαν
1071 4436 1268 4507 ἕξομεν
1297 4438 1624 4507 ἀπολογίαν;
1646 4439 1804 4506 Τίνος

209 4524 329 4590 γὰρ
351 4520 503 4593 [494]
534 4521 719 4574 ἐνεκεν
758 4523 820 4576 ού
859 4523 1018 4588 δίδως
1057 4524 1138 4596 τῷ
1167 4527 1260 4580 καὶ
1301 4524 1523 4582 δώσοντι
1564 4528 1801 4597 πάντως,

211 4611 315 4663 καὶ
354 4608 580 4664 πλείονα
621 4609 884 4677 δώσοντι;
914 4612 1089 4683 Τάχα,
1131 4615 1213 4667 ὅτι
1256 4615 1343 4669 διὰ
1384 4616 1580 4670 πολλοῦ
1622 4616 1804 4673 δίδωσι

212 4698 441 4769 χρόνους
479 4698 672 4752 Καίτοι
697 4716 761 4767 γε
788 4700 883 4753 καὶ
910 4701 1141 4755 ἐνταῦθα
1164 4703 1397 4757 δίδωσιν·
1429 4704 1667 4777 ἀψευδὴς
1696 4706 1806 4778 γάρ

211 4788 374 4839 ἐστιν
399 4787 428 4837 6
463 4785 659 4853 λέγων,
697 4788 937 4853 Ζητεῖτε
967 4787 1082 4855 τὴν
1111 4789 1441 4852 ,ϐασιλείαν
1476 4791 1595 4846 τῶν
1626 4795 1805 4861 οὐρα-

211 4870 365 4937 νῶν,
394 4871 493 4924 καὶ
523 4872 712 4926 ταῦτα
741 4872 937 4927 πάντα
966 4878 1440 4944 προστεθήσεται
1464 4880 1627 4950 ὑμῖν.
1651 4878 1805 4947 Εἶδες

213 4962 537 5032 φιλοτιμίας
555 4962 896 5032 ὑπερϐολήν;
932 4962 1148 5017 Ἐκεῖνά
1173 4983 1277 5029 σοι,
1298 4970 1454 5037 φησι,
1476 4971 1807 5041 τετήρηνται

215 5052 317 5104 καὶ
363 5049 427 5102 ού
478 5049 783 5119 μειοῦνται,
831 5051 1006 5107 ταῦτα
1050 5053 1108 5107 δέ
1151 5055 1221 5109 τὰ
1263 5056 1495 5109 ἐνταῦθα
1543 5061 1602 5111 ἐν
1653 5059 1806 5124 τάξει

219 5138 550 5209 προσθήκης
586 5138 682 5190 καὶ
710 5139 1024 5208 περιουσίας
1055 5141 1270 5212 δίδωμι.
1304 5144 1488 5215 Χωρὶς
1517 5146 1574 5199 δέ
1603 5147 1806 5202 τούτων

217 5224 317 5279 καὶ
350 5225 412 5277 16
444 5225 531 5277 διά
568 5225 779 5296 μακροῦ
828 5225 1013 5280 λαϐεῖν
1050 5229 1145 5283 τοῦ
1178 5232 1371 5301 χρόνου
1405 5232 1687 5298 πλεονάζει
1724 5253 1805 5290 σοι

217 5314 313 5366 τὸν
352 5311 608 5365 πλοῦτον·
644 5314 673 5366 6
700 5312 810 5383 γὰρ
848 5314 1005 5379 τόκος
1046 5317 1254 5384 γίνεται
1302 5318 1523 5373 πλείων.
1557 5322 1664 5375 Καὶ
1698 5323 1806 5394 γάρ

220 5398 314 5449 ἐπὶ
345 5396 457 5449 τῶν
489 5394 885 5466 δανειζομένων
926 5397 1083 5452 τοῦτο
1109 5401 1325 5471 ὁρῶμεν
1353 5404 1481 5466 τοὺς
1522 5404 1808 5473 δανειστάς

220 5481 535 5547 ποιοῦντας,
570 5481 982 5555 προθυμότερον
1020 5488 1129 5549 τοῖς
1162 5490 1301 5555 μετὰ
1337 5490 1503 5543 πολὺν
1535 5493 1807 5546 καταϐάλ-

220 5570 378 5623 λουσι
404 5569 596 5640 χρόνον
616 5569 981 5634 δανείζοντας.
1026 5572 1084 5625 '0
1119 5573 1221 5642 μὲν
1248 5575 1355 5647 γὰρ
1379 5576 1581 5642 εὐθέως
1608 5579 1669 5632 τὸ
1697 5582 1807 5635 πᾶν

224 5657 460 5720 ἀποδοὺς
504 5656 727 5727 ἐνέκαψε
768 5656 863 5711 τοῦ
907 5659 1067 5712 τόκου
1119 5661 1211 5714 τὸν
1257 5662 1477 5734 δρόμον·
1529 5669 1557 5720 6
1612 5667 1669 5721 δὲ
1712 5669 1806 5722 ἐπὶ

229 5745 452 5799 πλείονα
488 5742 775 5814 κατασχὼν
818 5747 1031 5816 χρόνον,
1068 5748 1162 5801 καὶ
1201 5748 1301 5820 τὴν
1334 5752 1597 5823 ἐργασίαν
1635 5756 1803 5810 πλείω

223 5832 531 5902 πεποίηκεν
561 5828 693 5885 Εἶτα
723 5834 811 5885 ἐπὶ
839 5834 1137 5907 ἀνθρώπων
1166 5838 1263 5909 μὲν
1288 5842 1345 5894 οὐ
1374 5841 1796 5919 δυσχεραίνομεν

1375 199 1445 258 ΙΝ
1482 202 1700 261 EPIST.
1731 203 1823 260 AD
1856 204 2023 266 ROM.
2059 208 2294 268 HOMIL.
2341 210 2451 268 VII.

3378 219 3486 276 652

1915 324 2017 393 τὴν
2056 326 2352 396 ἀναϐολήν,
2399 325 2539 381 ἀλλά
2573 328 2668 382 καὶ
2719 326 3050 399 σοφιζόμεθα
3100 329 3273 400 αὐτὴν
3316 332 3490 387 πλείω

1914 409 2188 477 γενέσθαι,
2208 412 2300 464 ἐπὶ
2314 412 2449 464 Θεοῦ
2471 412 2529 464 δὲ
2547 411 2689 465 οὕτω
2711 413 3057 483 μικροψύχως
3079 414 3482 485 διακεισόμεθα,

1912 491 1989 554 ώς
2019 492 2108 545 διὰ
2135 493 2294 547 τοῦτο
2320 495 2499 547 ὀκνεῖν
2529 494 2623 547 καὶ
2647 493 3007 562 Χάναδύεσθαις
3036 495 3215 549 καίτοι
3242 514 3326 565 γε,
3349 498 3487 569 ὅπερ

1912 572 2067 645 ἔφην,
2113 575 2211 628 καὶ
2243 575 2477 629 ἐνταῦθα
2505 576 2723 639 δίδωσι,
2752 577 2847 630 καὶ
2885 578 3022 646 μετά
3059 578 3155 640 τῆς
3189 580 3485 649 εἰρημένης

1911 658 2090 721 αἰτίας
2110 660 2204 712 καὶ
2223 660 2409 730 ἐτερόν
2430 677 2481 713 τι
2506 661 2689 729 μεῖζον
2711 660 3008 730 οἰκονομῶν
3033 662 3151 714 ἐκεῖ
3167 661 3484 731 ταμιεύεται

1909 740 1971 792 τὸ
1999 742 2125 793 πᾶν.
2156 741 2229 793 Τὸ
2260 741 2369 812 γὰρ
2404 742 2632 812 μέγεθος
2656 742 2766 795 τῶν
2794 742 3105 813 διδομένων,
3141 743 3236 796 καὶ
3262 744 3322 796 τὸ
3350 744 3483 797 κάλ-

1910 826 2003 888 λος
2042 826 2140 895 τῆς
2182 825 2390 898 δωρεᾶς
2434 825 2648 895 ἐκείνης
2700 826 3018 896 ὑπερϐαίνει
3061 827 3160 895 τῆς
3205 826 3484 897 παρούσης

1911 909 2058 978 ζωῆς
2103 908 2204 980 τὴν
2245 908 2537 961 εὐτέλειαν.
2583 909 2718 962 Οὐδὲ
2760 909 2873 977 γὰρ
2911 908 3133 961 δυνατὸν
3175 910 3232 961 ἐν
3272 908 3483 978 σώματι

1911 992 2133 1063 φθαρτῷ
2172 993 2266 1045 καὶ
2294 992 2546 1061 ἐπικήρῳ
2585 990 2710 1052 τοὺς
2738 991 3086 1061 ἀμαράντους
3120 993 3359 1054 ἐκείνους
3402 992 3486 1043 δέ-

1912 1075 2104 1140 ξασθαι
2138 1074 2454 1145 στεφάνους,
2485 1074 2605 1127 ούδέ
2638 1075 2694 1126 ἐν
2723 1076 2789 1144 τῇ
2815 1074 3067 1145 παρούσῃ
3097 1075 3359 1145 διαγωγῇ,
3390 1075 3484 1126 καὶ

1912 1158 2203 1230 θορυϐώδει
2237 1158 2332 1212 καὶ
2362 1157 2605 1228 ταραχῆς
2636 1157 2880 1228 γεμούσῃ
2911 1158 3006 1211 καὶ
3043 1158 3243 1222 πολλὰς
3285 1157 3481 1229 ἐχούσῃ

1908 1243 2138 1315 τροπὰς,
2164 1244 2263 1314 τήν
2288 1242 2545 1311 ἀκίνητον
2571 1240 2785 1310 ἐκείνην
2814 1241 2907 1293 καὶ
2938 1241 3244 1312 ἁτάρακτον
3274 1254 3300 1281 ι
3330 1241 3482 1312 λῆξιν

1909 1326 2259 1381 καταλαϐεῖν.
2290 1326 2362 1379 Σὺ
2388 1325 2467 1390 δέ,
2502 1325 2550 1377 εί
2579 1323 2682 1390 μέν
2702 1325 2786 1388 τίς
2814 1338 2896 1377 σοι
2925 1325 3148 1395 χρυσίον
3169 1324 3396 1392 ὀφείλων
3421 1325 3481 1377 ἐν

1909 1410 2163 1481 ἀλλοτρίᾳ
2183 1408 2512 1481 διατρίϐοντι
2528 1411 2621 1479 γῇ.
2645 1408 2740 1462 καὶ
2764 1406 2889 1460 οὔτε
2917 1407 3133 1470 οίκέτας
3156 1406 3480 1477 ἐχοντι,οῦτε

1908 1495 2192 1565 δυναμένῳ
2233 1497 2312 1557 είς
2338 1492 2436 1564 τήν
2459 1493 2638 1547 οἰκίαν
2676 1491 3061 1563 μετακομίσαι,
3086 1490 3277 1544 δώσειν
3310 1493 3483 1561 ἐπηγ-

1909 1576 2130 1647 γέλλετο
2157 1576 2218 1630 16
2244 1575 2511 1646 δάνεισμα
2531 1617 2546 1640 ,
2588 1576 2756 1646 μυρία
2787 1574 2854 1628 ἂν
2885 1574 3296 1645 παρεκάλεσας,
3341 1572 3482 1626 ὥστε

1914 1661 1989 1732 μὴ
2010 1660 2105 1713 ἐπὶ
2125 1660 2225 1729 τῆς
2248 1658 2427 1728 ξένης,
2450 1658 2564 1711 ἀλλ’
2586 1656 2726 1711 οἴκοι
2745 1657 2945 1727 μᾶλλον
2967 1656 3106 1719 αύτά
3125 1655 3478 1709 καταϐαλεῖν·

1908 1752 1976 1806 τὰ
1996 1752 2053 1805 δὲ
2074 1768 2207 1803 πνευ
2215 1750 2419 1821 ματικά
2441 1750 2623 1803 ἐκεῖνα
2643 1749 2740 1803 καὶ
2756 1749 3043 1820 ἀπόρρητα
3066 1746 3297 1801 ἐνταῦθα
3313 1746 3483 1810 ἀξιοῖς

1907 1836 2089 1889 λαϐεῖν
2109 1851 2123 1900 ;
2152 1835 2243 1888 καὶ
2261 1834 2433 1904 πόσης
2450 1832 2622 1887 ταῦτα
2641 1833 2857 1898 ἀνοίας;
2884 1835 2982 1887 “Av
3006 1833 3102 1903 μὲν
3120 1831 3229 1902 γὰρ
3250 1829 3482 1884 ἐνταῦθα

1907 1918 2097 1990 λάϐῃς,
2123 1917 2337 1988 φθαρτά
2357 1916 2503 1988 λήψῃ
2528 1917 2766 1979 πάντως·
2793 1916 2858 1970 ἂν
2877 1916 2934 1968 δὲ
2956 1917 3163 1968 ἐκεῖνον
3183 1914 3273 1967 τὸν
3292 1911 3482 1983 καιρὸν

1908 2001 2226 2072 ἀναμείνῃς,
2256 2000 2508 2070 ἄφθαρτα
2548 1998 2817 2053 ἀποδώσει
2851 2016 2931 2052 σοι
2961 1998 3055 2052 καὶ
3082 1998 3337 2068 ἀκήρατα
3358 2012 3371 2026 ·
3408 1994 3475 2048 ἂν

1909 2084 2143 2138 ἐνταῦθα
2174 2082 2366 2156 λάϐῃς,
2399 2082 2645 2151 μόλιϐδον
2677 2081 2902 2145 ἔλαϐες·
2933 2078 2998 2133 ἂν
3030 2079 3087 2132 δέ
3119 2080 3254 2144 ἐκεῖ,
3283 2076 3481 2147 χρυσὸν

1907 2167 2148 2237 δόκιμον.
2174 2165 2319 2236 Πλὴν
2341 2164 2462 2218 ούδέ
2485 2164 2595 2217 τῶν
2612 2163 2844 2218 ἐνταῦθά
2861 2180 2921 2215 σε
2943 2162 3305 2231 ἀπεστέρησε.
3328 2158 3481 2213 Μετά

1906 2253 2017 2324 γάρ
2067 2252 2281 2321 ἐκείνης
2323 2250 2421 2321 τῆς
2467 2250 2813 2319 ὑποσχέσεως
2856 2249 2950 2302 καὶ
3000 2246 3196 2316 ἐτέραν
3236 2243 3482 2297 τέθεικεν

1907 2334 2049 2389 οὕτω
2088 2333 2283 2402 λέγων,
2311 2335 2392 2386 ὅτι
2430 2334 2591 2395 Πᾶςό
2628 2332 2738 2385 τῶν
2775 2333 2892 2385 ἐκεῖ
2943 2328 3283 2401 πραγμάτων
3315 2324 3478 2396 ἐρῶν,

1908 2417 2439 2472 ἑκατονταπλασίονα
2482 2416 2715 2487 λήψεται
2754 2416 2812 2469 ἐν
2841 2413 2922 2484 τῷ
2955 2413 3111 2468 αίῶνι
3146 2410 3339 2481 τούτῳ,
3386 2408 3482 2462 καὶ

1909 2504 2052 2577 ζωὴν
2081 2502 2298 2559 αἰώνιον
2322 2501 2744 2573 κληρονομήσει.

1976 2591 2041 2643 Et
2086 2588 2144 2642 δέ
2191 2588 2253 2641 ού
2308 2585 2660 2658 λαμϐάνομεν
2709 2580 3271 2642 ἑκατονταπλασίονα,
3316 2580 3480 2649 ἡμεῖς

1907 2675 2070 2727 αῖτιοι
2103 2672 2177 2743 μὴ
2206 2671 2543 2734 δανείζοντες
2570 2669 2648 2739 τῷ
2679 2667 2963 2739 δυναμένῳ
2992 2666 3243 2719 τοσοῦτον
3273 2662 3476 2716 δοῦναι·

1907 2757 2032 2811 ἐπεὶ
2058 2758 2113 2809 οῖ
2134 2773 2193 2809 τε
2221 2755 2401 2818 δόντες
2436 2754 2675 2817 ἅπαντες
2704 2750 2942 2805 τοσαῦτα
2975 2749 3185 2813 ἔλαϐον,
3216 2746 3390 2801 καίτοι
3415 2762 3479 2814 γε

1906 2842 2063 2909 ὀλίγα
2106 2839 2308 2901 δόντες.
2355 2837 2421 2891 Τί
2464 2837 2572 2908 γὰρ
2601 2835 2746 2906 μέγα
2774 2835 2969 2887 ἔδωκεν
3003 2835 3031 2886 6
3078 2832 3310 2902 Πέτρος,
3359 2826 3481 2881 εἰπέ

1909 2941 2031 2996 μοι;
2064 2923 2185 2992 οὐχὶ
2212 2923 2428 2975 δίκτυον
2455 2920 2751 2993 διερρωγὸς
2790 2919 2886 2971 καὶ
2915 2918 3160 2987 κάλαμον
3191 2914 3285 2968 καὶ
3319 2911 3481 2981 ἄγκι-

1908 3022 2066 3077 στρον
2099 3005 2292 3076 μόνον;
2337 3003 2476 3056 Ἀλλ’
2505 3004 2653 3073 ὅμως
2685 3002 2834 3073 αὐτῷ
2864 3002 2962 3063 τὰς
2981 2998 3159 3060 οίκίας
3186 2997 3284 3065 τῆς
3310 2998 3481 3048 οἰκου-

1910 3090 2078 3159 μένης
2100 3087 2330 3158 ἀνέῳξεν
2355 3088 2382 3139 6
2401 3085 2552 3149 Θεὸς,
2576 3087 2672 3138 καὶ
2698 3088 2801 3155 γῆν
2826 3083 2919 3137 καὶ
2948 3082 3216 3135 θάλατταν
3238 3077 3478 3149 ήπλωσε,

1906 3174 2001 3226 καὶ
2026 3172 2226 3235 πάντες
2250 3170 2412 3223 αὑτὸν
2437 3170 2517 3231 εἰς
2540 3168 2610 3222 τὰ
2631 3168 2809 3222 αὐτῶν
2836 3166 3081 3220 ἐκάλουν·
3114 3161 3312 3233 μᾶλλον
3332 3159 3388 3212 δὲ
3407 3159 3478 3212 τά

1905 3254 2084 3311 αὐτῶν
2118 3253 2426 3317 πωλοῦντες
2458 3253 2596 3324 πρὸς
2632 3252 2756 3315 τοὺς
2805 3249 3012 3303 ἐκείνου
3057 3246 3249 3316 ἐφερον
3289 3243 3476 3305 πόδας,

1905 3341 2026 3395 ούδέ
2055 3341 2136 3402 είς
2162 3342 2351 3409 χεῖρας
2383 3336 2738 3420 ἐμϐάλλοντες
2770 3333 2852 3420 (οὐ
2885 3331 2995 3420 γὰρ
3021 3329 3259 3420 ἐτόλμων
3282 3326 3336 3420 ὶ,
3356 3341 3482 3420 ,τοσ-

1906 3426 2078 3496 αύτην
2109 3408 2262 3493 μετὰ
2291 3421 2394 3491 τῆς
2420 3418 2699 3489 δαψιλείας
2740 3417 2849 3500 καὶ
2860 3414 2959 3486 τὴν
2985 3412 3148 3500 τιμήν
3171 3408 3321 3500 αὖθιιῷ
3345 3408 3479 3500 ἀπο·

1905 3509 1960 3561 νέ
1970 3492 2179 3578 μοντες.
2209 3505 2351 3559 Ἀλλ’
2369 3506 2576 3564 ἐκεῖνος
2597 3501 2799 3570 Πέτρος
2821 3494 2910 3569 ἦν,
2929 3495 3081 3566 φησι.
3106 3493 3214 3578 καὶ
3228 3492 3279 3546 τί
3296 3492 3477 3578 τοῦτο,

1905 3577 2190 3663 ἄνθρωπε;
2221 3588 2341 3642 οὐδὲ
2362 3588 2469 3657 γὰρ
2490 3584 2681 3656 Πέτρῳ
2710 3581 3078 3663 ἐπηγγείλατο
3096 3577 3269 3663 ταῦτα
3298 3577 3477 3663 μόνον,

1905 3657 2025 3727 ούδέ
2058 3669 2202 3735 εἷπε,
2234 3671 2307 3724 Σὺ
2345 3671 2421 3734 δέ,
2453 3664 2498 3722 ὦ
2534 3668 2728 3737 Πέτρε,
2764 3659 3290 3718 ἑκατονταπλασίονα
3333 3657 3480 3729 λήψῃ

1909 3759 2105 3828 μόνος,
2150 3753 2477 3829 [495]ἀλλά,
2528 3751 2654 3818 Πᾶς
2699 3750 2867 3837 ὅστις
3193 3742 3389 3837 οὶκίαν
3416 3743 3477 3837 ⁸ἦ

1904 3824 2209 3910 ἀδελφούς
2230 3879 2244 3904 ,
2277 3824 2878 3921 ἑκατονταπλασίονα
2899 3830 3179 3921 λήψεται.
3212 3824 3343 3878 Ούδέ
3371 3824 3478 3921 γάρ

1906 3907 2214 3997 προσώπων
2244 3917 2350 3974 οἶδε
2371 3918 2654 3989 διαφορὰν,
2678 3915 2813 3970 ἀλλά
2842 3911 3183 3983 πραγμάτων
3212 3907 3479 3997 κατορθώς

1909 3992 2074 4083 ματα.
2114 4006 2275 4061 Ἀλλὰ
2302 4004 2532 4059 παιδίων
2554 4000 2806 4090 μεῃχορὸς
2832 3997 3180 4090 περιέστηκε,
3193 3992 3357 4090 φῃσὶ,
3387 3992 3478 4090 και

1905 4078 2157 4164 ἐπιθυμῶ
2188 4087 2552 4149 πλουτοῦντας
2584 4086 2779 4146 αὐτοὺς
2819 4080 3160 4164 καταλιπεῖν.
3193 4078 3350 4164 Τίνος
3385 4078 3478 4164 οῦν

1905 4160 2087 4233 ἕνεκεν
2113 4176 2352 4245 πένητας
2372 4172 2568 4233 αὐτοὺς
2593 4166 2883 4237 ποιοῦμενς
2915 4166 3012 4218 Ἂν
3047 4162 3143 4234 μέν
3166 4160 3270 4234 γάρ
3295 4160 3477 4245 αὐτοῖς

1904 4262 2170 4317 τάπάντα
2190 4244 2353 4329 ἀφῇς,
2381 4255 2545 4309 πάλιν
2565 4252 2852 4320 ἐπισφαλεῖ
2875 4249 3090 4319 φυλακῇ
3113 4247 3184 4301 τά
3213 4246 3279 4299 σὰ
3302 4244 3483 4329 πάντα

1906 4344 2233 4415 ἐπέτρεψας·
2263 4327 2328 4394 ἂν
2356 4339 2411 4392 δέ
2433 4337 2524 4391 τὸν
2553 4337 2685 4390 Θεὸν
2714 4335 2896 4396 αὐτοῖς
2925 4332 3228 4415 καταλίπῃς
3253 4327 3480 4415 συγκλη-

1910 4411 2132 4501 ρονόμον
2153 4425 2247 4479 καὶ
2268 4423 2580 4507 ἐπίτροπον,
2598 4420 2770 4507 θησαυ
2781 4414 3145 4507 ροὺςμυρίους
3168 4411 3476 4507 κατέλιπες.

1907 4494 2119 4581 Ὥσπερ
2156 4508 2263 4578 γὰρ
2312 4494 2440 4560 ὅταν
2486 4504 2715 4565 ἑαυτοὺς
2746 4499 3073 4568 ἐκδικῶμεν,
3106 4498 3134 4550 6
3177 4494 3481 4581 6:6;69?

1905 4595 2006 4649 ούκ
2031 4572 2259 4663 ἀμύνει,
2296 4590 2425 4643 ὅταν
2462 4587 2520 4640 δέ
2553 4585 2702 4674 αὑτῷ
2733 4580 3171 4674 παραχωρῶμεν,
3220 4578 3398 4674 πλεῖον
3444 4572 3478 4642 ἢ

1907 4674 2293 4748 προσδοκῶμεν
2332 4672 2559 4741 γίνεται·
2585 4669 2728 4723 οὕτω
2760 4667 2855 4720 καὶ
2880 4667 2972 4718 ἐπὶ
3003 4664 3119 4752 τῶν
3157 4664 3477 4752 χρημάτωμ,

1909 4764 1973 4817 ἂν
1995 4761 2155 4831 ἡμεῖς
2179 4757 2315 4811 αὐτὰ
2350 4754 2723 4826 μεριμνῶμεν,
2757 4753 2962 4812 ἐκεῖνος
2990 4748 3362 4831 ὀιποστήσειιιαι¹
3382 4748 3480 4831 τῆς

1909 4824 2049 4915 ὑπὲρ
2084 4841 2262 4895 αὐτῶν
2290 4824 2567 4911 προνοίας·
2598 4837 2663 4890 ἂν
2688 4832 2919 4925 δέῌαὺτῶ
2943 4831 3004 4884 τὸ
3025 4830 3137 4925 ¹πᾶν
3178 4824 3480 4925 ἐπιρρίψωε

1912 4946 2008 5000 μεν
2028 4929 2076 4991 δ,
2110 4927 2203 4979 καὶ
2231 4923 2370 4978 αύτά
2397 4922 2490 4975 καὶ¹
2516 4922 2643 4982 τοὺς
2663 4918 2857 4981 παῖδας
2882 4918 2940 4967 ἐν
2969 4915 3116 4983 πάσῃ
3149 4915 3480 5004 καταστήσει

1908 4994 1973 5083 τῇ
2011 5008 2299 5080 ἀσφαλείᾳ.
2342 5006 2454 5058 Καὶ
2485 5004 2539 5056 τί
2580 5000 2899 5071 θαυμάζεις,
2935 4999 2983 5083 εί
3023 4998 3114 5048 ἐπὶ
3151 4994 3285 5083 Θεοῦ
3324 4994 3480 5083 10310

1908 5073 2114 5164 γίνεται
2136 5110 2150 5156 ;
2182 5073 2274 5144 καλ.
2301 5089 2410 5159 γάρ
2436 5088 2527 5141 ἐπὶ
2550 5085 2851 5157 ἀνθρώπων
2879 5080 3037 5135 τοῦτο
3059 5098 3120 5132 συ
3130 5080 3355 5164 μϐαῖνον
3383 5073 3481 5126 ἴδοι

1907 5163 1991 5241 τις
2023 5178 2104 5232 ἄν.
2139 5178 2234 5229 Ἂν
2268 5174 2365 5244 μὲν
2390 5172 2499 5243 γάρ
2531 5171 2732 5243 μηδένα
2773 5166 3158 5238 παρακαλέσῃς
3185 5163 3290 5217 τῶν
3317 5174 3483 5229 προητ-

1910 5261 2150 5333 ηκόντων
2189 5256 2456 5312 τελευτῶν
2503 5256 2595 5308 ἐπὶ
2645 5256 2744 5325 τὴν
2788 5252 2899 5305 τῶν
2937 5250 3143 5305 παίδων
3189 5246 3479 5333 πρόνοιαν,

1910 5328 2220 5415 αἰσχύνεται
2255 5343 2348 5395 καὶ
2377 5340 2605 5412 ἐρυθριᾷ
2640 5338 2899 5400 πολλάκις
2931 5336 3024 5390 καὶ
3055 5337 3083 5388 6
3118 5332 3321 5403 σφόδρα
3361 5328 3483 5415 βου-

1909 5413 2131 5500 λόμενος
2164 5426 2490 5496 αὐτομάτως
2528 5424 2864 5494 ἐπιπηδῆσαι
2892 5421 3098 5492 τούτῳ·
3137 5418 3203 5471 ἂν
3231 5416 3287 5469 δὲ
3318 5413 3481 5500 ῥίψῃς

1910 5497 1995 5568 ἐπ’
2027 5512 2188 5564 αὐτὸν
2216 5510 2311 5580 τὴν
2346 5506 2622 5579 φροντίδα,
2653 5506 2747 5559 ἅτε
2773 5504 3026 5575 τιμηθεὶς
3067 5500 3296 5572 μεγίστῃ
3322 5497 3479 5566 τιμῇ,

1913 5600 2176 5669 μεγίστην
2204 5596 2293 5648 καὶ
2317 5592 2478 5655 αὐτὸς
2501 5590 2772 5645 ἀποδώσει
2801 5592 2901 5661 τὴν
2926 5586 3179 5659 ἀμοιϐήν.

1973 5733 1997 5761 ⁸
2030 5730 2198 5778 Morel.
2224 5741 2504 5789 perperam,
2529 5728 2610 5775 καὶ
2628 5725 2892 5787 ἆτάρακτον
2916 5721 3096 5779 ἐκείνην
3122 5720 3202 5770 καὶ
3225 5717 3478 5788 ἀτάραχον.

1972 5791 1997 5831 b
2022 5793 2221 5853 Morel.,
2248 5793 2301 5839 τι
2323 5792 2463 5845 πλέον
2489 5790 2815 5854 ἐπιῤῥίψωμεν.
