4064 6296
619 242 728 302 453

693 362 757 415 θ’.
792 360 854 413 El
881 357 1061 413 τοίνυν
1101 356 1279 429 βούλει
1316 357 1635 411 καταλιπεῖν
1664 356 1891 410 πλοῦτον
1920 359 2033 419 τοῖς
2070 372 2203 408 παι-

620 445 754 508 δίοις
782 460 875 496 σου
899 440 1087 505 πολὺν,
1114 438 1379 494 κατάλιπε
1403 438 1500 492 τοῦ
1529 438 1668 492 Θεοῦ
1694 440 1797 509 τὴν
1822 440 2099 511 πρόνοιαν.
2146 439 2203 490 '0

620 528 748 599 7&9,
779 526 945 598 μηδὲν
966 524 1061 577 σοῦ
1091 525 1440 593 ποιήσαντος.
1468 522 1562 576 καὶ
1580 522 1759 592 ψυχήν
1784 523 1908 586 δοὺς
1929 524 2021 576 καὶ
2045 523 2204 592 σῶμα

619 610 923 672 διαπλάσας
955 607 1051 661 καὶ
1084 606 1229 677 ζωὴν
1261 604 1651 675 χαρισάμενος,
1674 606 1802 658 ὅταν
1827 606 1912 677 ῐδῃ
1933 605 2204 674 τοσαύτην

620 692 1061 760 ἐπιδεικνύμενον
1087 688 1420 758 φιλοτιμίαν,
1446 690 1542 741 καὶ
1567 688 1634 741 τά
1662 687 1888 741 ἐκείνων
1915 688 2066 757 αὐτῷ
2088 689 2205 742 δια-

619 776 851 846 νέμοντα
889 773 1006 843 μετ’
1037 772 1284 834 ἐκείνων,
1317 771 1436 833 πῶς
1468 771 1530 823 οὐ
1564 772 1742 825 πάντα
1782 772 1966 834 αὐτοῖς
2003 771 2202 836 ἀνοίξει

620 858 885 922 πλούτους
943 858 1005 910 El
1058 854 1170 927 7&9
1234 854 1416 919 Ἠλίας
1467 853 1634 925 ὀλίγῳ
1683 856 1914 926 τραφεὶς
1964 855 2199 925 ἀλεύρῳ,

618 941 806 1012 ἐπειδὴ
840 937 948 993 εἶδε
980 938 1079 1009 τὴν
1112 940 1347 1006 γυναῖκα
1372 937 1591 1008 ἐκείνην
1618 937 1728 992 τῶν
1764 938 1996 993 παιδίων
2036 938 2202 992 αὑτὸν

620 1027 1062 1095 προτιμήσασαν,
1095 1021 1312 1083 ἅλωνας
1340 1021 1435 1074 καὶ
1460 1020 1654 1090 ληνοὺς
1678 1022 1771 1076 ἐπὶ
1800 1021 1895 1076 τοῦ
1926 1021 2199 1092 δωματίου

613 1108 718 1176 τῆς
757 1107 933 1178 χήρας
974 1104 1194 1171 ἔδειξεν·
1241 1104 1494 1174 ἐννόησον
1530 1106 1558 1158 6
1597 1105 1693 1159 τοῦ
1736 1104 1893 1159 Ἠλία
1922 1105 2200 1175 Δεσπότης

614 1193 789 1263 πόσην
835 1189 1163 1254 ἐπιδείξεται
1212 1187 1634 1259 φιλοφροσύνην.
1678 1188 1770 1259 Μὴ
1809 1189 1993 1243 τοίνυν
2039 1187 2200 1244 τοῦτο

615 1273 928 1345 σκοπῶμεν,
946 1274 1093 1335 ὅπως
1114 1270 1403 1335 πλουσίους
1424 1272 1819 1341 καταλίπωμεν
1831 1273 1961 1336 τοὺς
1978 1273 2194 1339 παῖδας,

610 1361 726 1416 ἀλλ’
750 1362 899 1425 ὅπως
931 1361 1240 1432 ἐναρέτους.
1272 1362 1369 1414 Ἂν
1402 1362 1501 1431 μὲν
1543 1360 1652 1430 7&9
1690 1362 1768 1430 τῷ
1801 1362 2020 1434 πλούτῳ
2059 1362 2195 1434 θαρο

614 1443 809 1517 ρῶσιν,
860 1444 1073 1507 οὐδενὸς
1126 1442 1555 1514 ἐπιμελήσονται
1600 1444 1800 1513 άλλου,
1847 1445 1927 1510 ὡς
1976 1446 2196 1516 ἔχοντες

614 1527 907 1581 συσκιάσαι
933 1527 1033 1599 τὴν
1053 1526 1162 1580 τῶν
1184 1527 1404 1597 τρόπων
1433 1528 1633 1583 κακίαν
1661 1528 1771 1582 ἀπὸ
1801 1530 1901 1599 τῆς
1923 1529 2034 1583 τῶν
2059 1546 2196 1600 χρη·

614 1612 802 1683 μάτων
833 1612 1180 1682 περιουσίαςο
1212 1611 1280 1665 ἀν
1305 1612 1363 1666 δὲ
1387 1613 1569 1666 ίδωσιν
1598 1614 1829 1677 ἐαυτοὺς
1853 1613 1955 1684 τῆς
1981 1613 2193 1668 ἐκεῖθεν

611 1693 967 1765 παραμυθίας
994 1695 1155 1759 ὄντας
1183 1696 1445 1766 ἐρήμους,
1481 1697 1657 1750 πάντα
1693 1697 2020 1764 ἐργάσονται
2050 1696 2193 1751 ὥστε

608 1776 695 1832 διὰ
722 1776 820 1849 τῆς
850 1779 1051 1848 ἀρετῆς
1078 1779 1279 1850 πολλὴν
1312 1781 1378 1849 τῇ
1411 1780 1570 1850 πενίᾳ
1600 1780 1700 1851 τὴν
1730 1780 2084 1851 παραμυθίαν
2110 1782 2195 1835 εὖ·

611 1862 823 1934 ρέσθαι.
855 1864 947 1933 Μὴ
971 1864 1147 1917 τοίνυν
1173 1865 1479 1935 καταλίπῃς
1500 1864 1751 1930 πλοῦτον,
1770 1866 1857 1919 ἶνα
1887 1866 2193 1939 καταλίπῃς

606 1946 826 2016 ἀρετήν.
873 1947 982 1999 Kal
1023 1946 1133 2016 7&9
1170 1947 1405 2016 ἐσχάτης
1440 1948 1666 2015 ἀλογίας
1702 1947 1914 2012 ζῶντας
1964 1950 2064 2019 μὲν
2115 1949 2191 2021 μὴ

605 2032 782 2081 ποιεῖν
810 2029 1034 2100 κυρίους
1058 2030 1255 2094 αὐτοὺς
1280 2032 1537 2084 ἀπάντων
1568 2031 1679 2084 τῶν
1710 2032 1904 2097 ὀντων,
1937 2032 2193 2103 τελευτή-

606 2129 806 2173 σαντας
838 2112 894 2166 δὲ
924 2111 1123 2183 πολλὴν
1156 2117 1224 2185 τῇ
1255 2115 1353 2185 τῆς
1380 2115 1634 2187 νεότητος
1673 2117 1897 2187 εὐκολία
1924 2117 2189 2188 παρέχειν

601 2194 703 2265 τήν
745 2193 948 2248 ἄδειαν.
984 2196 1178 2252 Καίτοι
1217 2213 1282 2266 γε
1321 2197 1525 2263 ζῶντες
1572 2200 1672 2268 μὲν
1711 2199 2056 2273 δυνησόμεθα
2094 2201 2188 2255 καὶ⁵

601 2278 829 2344 εὐθύνας
864 2281 1120 2335 ἀπαιτεῖν
1138 2321 1152 2345 ,
1184 2283 1282 2336 καὶ
1306 2284 1495 2348 κακῶς
1518 2287 1631 2348 τοῖς
1657 2279 1778 2338 οῦσι
1812 2286 2188 2357 κεχρημένους

602 2361 959 2434 σωφρονίζειν
986 2366 1083 2420 καὶ
1111 2365 1384 2436 χαλινοῦνο
1416 2366 1842 2439 τελευτήσαντες
1866 2369 1924 2423 δέ
1950 2368 2018 2424 ἂν
2047 2370 2187 2441 μετά

595 2444 699 2514 τῆς
724 2443 1003 2517 ἡμετέρας
1035 2448 1274 2518 ἐρημίας
1304 2448 1524 2521 καὶτῆς
1549 2449 1803 2522 νεότητος
1831 2453 1926 2507 καὶ
1951 2453 2050 2525 τὴν
2074 2451 2185 2508 ἀπὸ

595 2528 690 2582 τοῦ
752 2529 988 2583 πλούτου
1046 2532 1420 2603 παράσχωμεν
1472 2533 1722 2598 ἐξουσίαν
1746 2575 1763 2600 ,
1817 2536 1900 2598 είς
1953 2536 2185 2607 μυρίους

591 2612 882 2683 ὠθήσομεν
928 2616 1209 2685 κρημνοὺς
1253 2615 1381 2679 τοὺς
1415 2615 1637 2680 ἀθλίους
1677 2618 1772 2672 καὶ
1803 2618 2183 2688 ταλαιπώρους

594 2694 858 2758 ἐκείνους,
882 2695 994 2767 πῦρ
1015 2696 1452 2766 ἐπεμϐάλλοντες
1474 2699 1628 2769 πυρὶ,
1646 2698 1741 2751 καὶ
1764 2698 1940 2753 ἔλαιον
1962 2700 2183 2755 ἐπιστά-

593 2775 781 2842 ζοντες
804 2777 1020 2850 καμίνῳ
1052 2780 1286 2851 χαλεπῇ.
1314 2780 1501 2846 Ὥστε,
1532 2783 1583 2835 εί
1618 2781 1800 2851 βούλει
1832 2781 1973 2853 μετά
1997 2786 2179 2853 ἀσφα-

592 2858 745 2922 λείας
805 2861 1132 2915 καταλιπεῖν
1185 2862 1512 2929 πλουσίους,
1572 2864 1841 2917 κατάλιπε
1896 2864 1989 2919 τὸν
2045 2865 2178 2921 Θεὸν

590 2940 878 3013 ὀφειλέτην
911 2943 1128 3010 αὐτοῖς,
1164 2944 1260 2999 καὶ
1293 2945 1442 3015 αύτῷ
1475 2945 1784 3017 ἐγχείρισον
1814 2945 1873 2999 τὸ
1909 2962 2177 3020 γραμμα-

591 3026 735 3077 τεῖον
762 3024 963 3082 αὐτῶν.
993 3027 1158 3081 Αὐτοὶ
1184 3029 1282 3099 μὲν
1310 3028 1419 3100 7&9
1446 3028 1514 3088 τά
1546 3031 1803 3099 χρήματα
1830 3028 1894 3083 ἂν
1915 3028 2177 3098 λάΰωσιν,

591 3107 715 3161 οὐδέ
760 3108 866 3180 ὅτῳ
907 3110 1170 3166 δώσουσιν
1198 3111 1400 3177 ῐσασιν,
1428 3111 1565 3166 ἀλλά
1593 3110 1741 3184 [496]
1772 3111 1986 3176 πολλοῖς
2015 3131 2175 3187 περι-

588 3191 867 3256 τεύξονται
896 3195 989 3249 καὶ
1023 3195 1390 3266 συκοφάνταις
1414 3197 1510 3251 καὶ
1538 3195 1856 3267 ἀγνώμοσιν
1875 3215 1890 3230 ·
1923 3198 1990 3252 ἂν
2023 3198 2081 3253 δέ
2110 3200 2175 3254 σὺ

587 3278 879 3348 προλαϐὼν
913 3279 1052 3333 αὐτά
1081 3280 1161 3351 τῷ
1193 3280 1311 3351 Θεῷ
1345 3280 1620 3351 δανείσῃς,
1650 3278 1848 3343 ἄσυλος
1879 3280 2031 3352 μένει
2060 3282 2173 3335 λοι-

586 3359 689 3413 πὸν
718 3362 747 3413 ὀ
776 3362 1073 3434 θησαυρὸς,
1104 3364 1197 3417 καὶ
1222 3364 1361 3435 μετά
1386 3364 1590 3435 πολλῆς
1612 3363 1767 3417 ἐσται
1790 3364 1892 3435 τῆς
1920 3366 2173 3433 εὐκολίας

587 3444 621 3512 ή
658 3444 931 3509 ἀπόδοσις.
968 3447 1081 3501 Kal
1108 3448 1218 3519 7&9
1246 3448 1410 3517 χάριν
1438 3447 1553 3519 εχει
1581 3448 1676 3502 καὶ
1706 3446 1735 3501 δ
1764 3447 1973 3517 ὀφείλει
2005 3466 2173 3504 κατα-

588 3524 801 3579 δάλλων
831 3528 962 3598 ἡμῖν
991 3531 1021 3582 6
1049 3529 1204 3591 Θεὸς.
1238 3531 1337 3584 καὶ⁵
1362 3530 1489 3594 τοὺς
1516 3529 1807 3594 δανειστὰς
1838 3531 1967 3597 τοὺς
2006 3533 2171 3588 αὑτοῦ

588 3611 681 3661 καὶ
710 3609 819 3663 τῶν
846 3611 908 3664 οὐ
945 3612 1328 3667 δεδανεικότων
1366 3614 1516 3684 ἥδιον
1542 3613 1665 3685 δρᾷ,
1701 3614 1793 3667 καὶ
1822 3609 1903 3678 οἷς
1936 3616 2172 3686 μάλιστα

585 3691 809 3757 ὀφείλει,
837 3693 1059 3759 τούτους
1090 3695 1325 3766 μάλιστα
1351 3696 1514 3766 φιλεῖ.
1539 3697 1702 3753 Ὥστε
1730 3700 1778 3752 εί
1810 3698 1989 3770 βούλει
2016 3702 2168 3771 φίλον

584 3775 748 3828 αὐτὸν
799 3775 942 3847 ἔχειν
992 3780 1279 3850 διηνεκῶς,
1338 3779 1551 3834 πολλῶν
1600 3780 1764 3835 αὐτὸν
1822 3784 2168 3856 κατάστησον

583 3859 885 3932 χρεώστην.
912 3863 1046 3917 Οὐδὲ
1072 3863 1178 3935 7&9
1203 3863 1347 3919 οὕτω
1368 3865 1552 3936 χαίρει
1571 3864 1854 3937 δανειστὴς
1880 3868 2168 3938 ὀφειλέτας

580 3942 864 4023 ἔχων,ῗὼς
908 3949 937 4001 6
984 3949 1221 4019 Χριστὸς
1272 3950 1621 4021 εὐφραίνεται
1663 3950 1947 4017 δανειστὰς
1991 3952 2161 4023 ἔχων·

579 4026 676 4079 κα)⁵
721 4022 803 4093 οἷς
839 4030 938 4100 μὲν
985 4032 1152 4103 μηδὲν
1198 4033 1423 4103 ὀφείλει,
1456 4032 1681 4097 τούτους
1712 4034 1805 4089 καὶ
1837 4022 2163 4107 ἀποφεύγει,

1318 241 1378 298 S.
1418 233 2249 296 JOANNIS‘CHRYSOSTOMI
2285 235 2618 293 ARCHIEP.
2657 235 3215 293 CONSTANTINOP.

3784 238 3889 296 656

2305 349 2385 419 οἷς
2414 354 2470 407 δὲ
2505 356 2743 424 ὀφείλει,
2777 357 2986 419 τούτοις
3031 355 3127 410 καὶ
3166 352 3464 425 ἐπιτρέχει.
3497 350 3685 406 Πάντα
3711 353 3885 405 τοίνυν

2306 438 2568 509 ποιῶμεν,
2596 440 2738 495 ὥστε
2770 440 2933 496 αὐτὸν
2964 438 3251 512 χρεώστην
3278 438 3423 509 ἔχειν
3443 451 3459 466 δ
3492 437 3521 488 6
3550 436 3661 507 7&9
3703 438 3885 507 καιρὸς

2304 514 2457 585 οὗτός
2494 524 2644 578 ἐστιν
2680 526 2709 577 6
2746 522 2856 577 τῶν
2896 522 3310 594 δανεισμάτων,
3356 521 3452 574 καὶ
3491 520 3586 573 νῦν
3633 521 3692 572 ἐν
3734 522 3886 592 χρείᾳ

2304 604 2665 675 καθέστηκεν.
2692 606 2791 659 Ἂν
2819 605 3001 659 τοίνυν
3035 605 3111 677 μὴ
3141 605 3247 677 δῷς
3275 603 3425 674 αὐτῷ
3459 602 3578 667 νῦν,
3617 604 3679 656 οὐ
3708 603 3887 670 δεήσει

2301 689 2394 742 ταί
2448 707 2541 745 σου
2577 689 2719 762 μετὰ
2762 692 2863 761 τὴν
2916 688 3165 743 ἐντεῦθεν
3215 687 3547 758 ἀποδημίαν.
3621 686 3886 740 Ἐνταῦθα

2302 770 2410 841 7&9
2458 773 2608 845 διψῇ,
2642 773 2878 827 ἐνταῦθα
2920 773 3101 844 πεινᾷ·
3142 771 3268 843 διψῇ
3298 771 3375 836 δέ,
3409 770 3597 840 ἐπειδὴ
3636 770 3738 839 τὴν
3790 770 3885 839 σὴν

2300 854 2426 927 διψῇ
2470 857 2768 929 σωτηρίαν⁸
2827 854 2916 910 διά
2954 855 3114 909 τοῦτο
3146 855 3255 929 7&9
3288 855 3383 907 καὶ
3425 854 3753 923 προσαιτεῖ,
3801 851 3883 905 διὰ

2300 937 2459 992 τοῦτο
2485 942 2579 994 καὶ
2608 941 2815 1012 γυμνὸς
2840 940 3213 1010 περιέρχεται,
3242 936 3774 1009 πραγματευόμενός
3806 953 3882 988 σοι

2301 1020 2447 1093 ζωὴν
2478 1023 2764 1077 ἀθάνατον.
2798 1023 2891 1092 Μὴ
2935 1023 3117 1075 τοίνυν
3158 1021 3322 1075 αὐτὸν
3355 1020 3609 1091 περιίδῃς
3630 1036 3643 1049 '
3684 1020 3746 1072 οὐ
3780 1020 3883 1087 7&9

2299 1105 2573 1175 τραφῆναι
2602 1105 2871 1175 βούλεται,
2896 1104 3032 1159 ἀλλά
3055 1104 3274 1176 θρέψαι,
3306 1105 3403 1157 οὐκ
3432 1102 3751 1173 ἐνδυθῆναι,
3776 1102 3885 1155 ἀλλ’

2299 1186 2516 1242 ἐνδῦσαι
2546 1189 2640 1242 καὶ
2687 1188 2748 1242 τὸ
2787 1189 3001 1259 ίμάτιον
3045 1188 3221 1241 ἐκεῖνό
3252 1204 3333 1241 σοι
3374 1186 3795 1240 κατασκευάσαι
3828 1186 3886 1237 τὸ

2298 1270 2555 1343 χρυσοῦν,
2594 1272 2695 1343 τὴν
2730 1271 2924 1344 στολὴν
2961 1270 3060 1342 τὴν
3094 1271 3401 1342 βασιλικήν.
3452 1271 3566 1339 Οὐχ
3615 1272 3754 1340 ὁρᾷς
3794 1270 3886 1323 καὶ

2296 1355 2404 1408 τῶν
2452 1354 2651 1426 ίατρῶν
2693 1357 2821 1419 τοὺς
2851 1354 3427 1427 κηδεμονικωτέρους,
3460 1354 3590 1407 ὅταν
3624 1354 3753 1415 τοὺς
3790 1353 3887 1406 κά-

2299 1456 2530 1510 μνοντας
2556 1438 2807 1503 λούωσιν,
2844 1439 2925 1492 ὅτι
2964 1440 3058 1491 καὶ
3097 1438 3250 1491 αὐτοὶ
3279 1437 3562 1499 λούονται,
3595 1437 3782 1489 καίτοι
3812 1435 3883 1505 μή

2294 1522 2539 1593 δεόμενοι
2566 1534 2627 1588 ι;
2673 1522 2832 1576 Οῦτω
2874 1522 2967 1575 καὶ
3015 1520 3177 1584 αὐτὸς
3216 1519 3305 1574 διὰ
3354 1521 3414 1574 σὲ
3459 1520 3553 1573 τὸν
3602 1520 3885 1589 κάμνοντα

2296 1605 2475 1658 πάντα
2505 1607 2666 1658 ποιεῖ.
2698 1605 2798 1657 Διά
2826 1602 2988 1657 τοῦτό
3025 1621 3085 1656 σε
3126 1603 3246 1657 οὐδὲ
3285 1604 3427 1673 μετά
3469 1603 3593 1674 βίας
3637 1605 3881 1663 ἀπαιτεί.

2293 1687 2383 1742 ἵνα
2412 1687 2616 1758 πολλήν
2655 1705 2735 1742 σοι
2765 1687 2842 1758 δῷ
2882 1688 2982 1758 τὴν
3023 1687 3278 1758 ἀμοιϐήν*
3328 1688 3416 1741 ἵνα
3464 1687 3670 1757 μάθῃς,
3700 1688 3789 1740 ὅτι
3827 1685 3882 1741 :6

2292 1769 2483 1841 χρείαν
2518 1770 2656 1841 ἔχων
2698 1771 2954 1835 ἀπαιτεῖ,
3011 1770 3148 1824 ἀλλά
3196 1771 3297 1841 τὴν
3350 1770 3450 1841 σὴν
3499 1770 3883 1840 διορθούμενος

2291 1852 2500 1924 χρείαν.
2542 1853 2641 1908 Διά
2670 1853 2829 1907 τοῦτο
2868 1854 2962 1907 καὶ
2991 1856 3048 1907 ἐν
3079 1853 3289 1907 εὐτελεῖ
3318 1854 3557 1924 σχήματί
3588 1870 3674 1906 σοι
3709 1869 3879 1921 προσ-

2291 1936 2533 2007 έρχεται,
2582 1936 2679 1992 καὶ
2720 1936 2819 2007 τὴν
2857 1934 3041 2001 δεξιάν
3073 1937 3349 1991 ἐκτείνων·
3396 1936 3499 1991 κᾶν
3527 1935 3717 1989 ὀϐολὸν
3756 1934 3878 2004 616;,

2288 2022 2390 2074 οὐκ
2437 2020 2865 2093 ἀποστρέφεται,
2912 2020 3016 2075 κᾶν
3053 2022 3352 2093 ἀτιμάσῃς,
3405 2021 3506 2075 οὐκ
3559 2021 3876 2083 ἀφίσταται,

2288 2104 2427 2163 ἀλλά
2459 2105 2622 2159 πάλιν
2646 2122 2742 2158 σοι
2774 2104 3077 2175 πρόσεισινο
3105 2106 3207 2177 ἐρᾷ
3234 2105 3343 2175 7&9
3379 2105 3613 2176 σφόδρα,
3650 2105 3757 2173 ἐρᾷ
3788 2103 3879 2171 τῆς

2290 2189 2567 2260 σωτηρίας
2618 2189 2717 2259 τῆς
2772 2186 3072 2259 ἡμετέρας.
3124 2189 3647 2258 Καταφρονήσωμεν
3698 2186 3876 2237 τοίνυν

2285 2269 2396 2326 τῶν
2437 2271 2775 2342 χρημάτων,
2822 2271 2910 2324 ῖνα
2966 2270 3041 2343 μὴ
3090 2270 3598 2343 καταφρονηθῶμεν
3630 2267 3875 2322 ὑπὸτοῦ

2285 2353 2525 2425 Χριστοῦ
2547 2370 2561 2385 ο
2592 2353 3103 2425 καταφρονήσωμεν
3142 2353 3251 2406 τῶν
3280 2353 3578 2425 χρημάτων
3597 2394 3612 2418 ,
3648 2351 3740 2404 ἴνα
3784 2351 3874 2403 καὶ

2284 2437 2467 2492 αὐτῶν
2494 2435 2841 2508 ἐπιτύχωμεν
2865 2436 2976 2490 τῶν
2996 2437 3318 2508 χρημάτων.
3348 2439 3445 2489 Ἂν
3474 2436 3572 2507 μὲν
3598 2435 3711 2506 7&9
3738 2436 3873 2487 αὐτὰ

2285 2528 2650 2600 φυλάσσωμεν
2680 2529 2949 2596 ἐνταῦθα,
2991 2528 3301 2600 ἀπολοῦμεν
3343 2527 3483 2582 αὐτά
3525 2528 3749 2590 πάντως
3784 2529 3887 2580 καὶ,

2283 2612 2518 2666 ἐνταῦθα
2570 2613 2665 2666 καὶ
2702 2614 2850 2666 ἐκεῖο
2896 2613 2962 2668 ἂν
3012 2612 3069 2667 δέ
3119 2612 3485 2684 διανείμωμεν
3535 2612 3677 2665 αὐτά
3734 2610 3869 2681 μετὰ

2282 2694 2563 2765 δαψιλείας
2584 2695 2809 2767 πολλῆς,
2828 2695 2886 2749 ἐν
2909 2696 3146 2769 ἑκατέρᾳ
3169 2699 3237 2769 τῇ
3266 2695 3379 2767 ζωῇ
3406 2695 3609 2764 πολλῆς
3633 2696 3868 2748 ἀπολαυ-

2285 2778 2491 2850 σόμεθα
2518 2778 2615 2851 τῆς
2644 2778 2926 2852 εὐπορίας.
2973 2779 3033 2834 '0
3054 2779 3234 2833 τοίνυν
3265 2779 3585 2851 βουλόμενος
3612 2778 3867 2847 γενέσθαι

2284 2861 2572 2926 πλούσιος,
2631 2862 2874 2931 γενέσθω
2924 2863 3115 2934 πένης,
3163 2862 3250 2917 ἴνα
3301 2863 3528 2933 γένηται
3575 2862 3861 2925 πλούσιος’

2280 2947 2639 3013 ἀναλισκέτω,
2658 2947 2746 3001 ἴνα
2771 2947 3019 3019 συλλέξῃ·
3046 2948 3409 3020 σκορπιζέτω,
3440 2948 3529 3002 ἵνα
3557 2948 3862 3020 συναγάγῃ.

2280 3030 2343 3085 El
2389 3031 2445 3085 δὲ
2487 3030 2652 3085 καινά
2693 3030 2863 3085 ταῦτα
2919 3033 3014 3085 καὶ
3069 3030 3383 3105 παράδοξα,
3435 3032 3527 3085 τὸν
3568 3034 3864 3102 σπείραντα

2281 3114 2497 3177 σκόπει,
2520 3114 2615 3168 καὶ
2639 3114 2856 3183 λογίζου
2879 3116 2962 3168 ὃτι
2984 3115 3105 3169 οὐδέ
3125 3116 3329 3179 ἐκεῖνος
3349 3117 3639 3187 δυνήσεται
3662 3117 3863 3185 ἑτέρως

2279 3199 2449 3253 πλείω
2489 3202 2834 3269 συναγαγεῖν,
2881 3201 2948 3253 ἀν
2980 3200 3054 3271 μὴ
3086 3200 3156 3253 τὰ
3188 3201 3317 3253 δντα
3350 3201 3621 3272 σκορπίσῃ
3664 3201 3756 3254 καὶ
3793 3199 3862 3252 τά

2281 3282 2476 3353 ἐτοιμα
2507 3284 2764 3355 πρόηται.
2817 3282 3138 3354 Σπείρωμεν
3184 3284 3363 3337 τοίνυν
3403 3284 3499 3337 καὶ
3545 3286 3734 3354 ἡμεῖς,
3772 3286 3862 3336 καὶ

2280 3369 2689 3441 γεωργήσωμεν
2725 3368 2818 3421 τὸν
2860 3368 3124 3439 οὐρανὸν,
3156 3369 3245 3421 ἵνα
3285 3368 3424 3439 μετὰ
3468 3369 3671 3440 πολλῆς
3715 3369 3860 3438 ἀμή-

2281 3469 2466 3524 σωμεν
2494 3454 2595 3523 τῆς
2629 3452 2927 3523 δαψιλείας,
2971 3452 3065 3505 καὶ
3106 3452 3215 3507 τῶν
3247 3451 3479 3506 αίωνίων
3510 3452 3857 3523 ἐπιτύχωμεν

2279 3536 2520 3605 ἀγαθῶν,
2552 3536 2735 3608 χάριτι
2766 3535 2870 3607 ,καὶ
2900 3534 3283 3607 φιλανθρωπίᾳ
3318 3536 3411 3588 τοῦ
3456 3536 3668 3605 Κυρίου
3703 3536 3859 3605 ἡμῶν

2291 3620 2469 3692 Ἰησοῦ
2502 3619 2763 3692 Χριστοῦ,
2803 3619 2922 3690 μεθ’
2969 3612 3032 3673 οῦ
3079 3618 3157 3691 τῷ
3200 3620 3380 3692 Πατρὶ
3431 3620 3551 3691 ἅμα
3595 3620 3675 3691 τῷ
3720 3621 3853 3689 ἁγίῳ

2278 3702 2559 3774 Πνεύματι
2596 3702 2745 3768 δόξα,
2784 3702 3021 3771 κράτος,
3059 3703 3214 3774 τιμὴ,
3251 3701 3347 3757 νῦν
3376 3703 3473 3758 καὶ
3504 3704 3592 3758 ἀεὶ
3612 3744 3629 3769 ,
3657 3704 3752 3758 καὶ
3780 3706 3854 3767 είς

2275 3788 2404 3852 τοὺς
2429 3786 2629 3851 αἰῶνας
2659 3786 2770 3841 τῶν
2795 3785 3029 3841 αἰώνων.
3070 3786 3265 3857 Ἀμήν.

2338 3981 2492 4035 'Duo
2532 3996 2674 4045 mss.,
2706 3983 2891 4033 λούωσι
2927 3983 3011 4032 καὶ
3051 3980 3224 4038 αὐτοὺς
3273 3982 3422 4043 μηδὲν
3473 3984 3724 4046 δεομένους
3773 3986 3847 4032 καί

2269 4046 2570 4111 λουομένους.

1950 4402 2102 4476 [4971
2134 4405 2380 4461 οΜιΛιΑ
2409 4407 2493 4461 Ην.

582 4490 646 4546 Τί
671 4483 784 4571 οῦν
809 4487 1063 4571 ἐροῦμεν
1094 4490 1491 4571 ’ᾼσραὰιι-τὸγ
1530 4498 1756 4571 πατέρα
1788 4500 1959 4571 ἡμῶν
1978 4506 2155 4570 εὑρη-

648 4560 815 4642 κέναι
856 4560 1010 4642 ποτὰ
1038 4560 1386 4642 ’σάρκαίεί
1410 4566 1519 4633 γὰρ
1555 4560 1925 4642 ’Ἀϐῥαάμᾊξ
1949 4560 2159 4642 {pia},-

641 4629 980 4755 gdgzatéﬂn,
1027 4631 1161 4701 ἔχει
1195 4629 1495 4704 καύχημα,
1535 4629 1673 4693 ἀλλ”
1722 4629 1795 4696 οὗ
1848 4629 2012 4710 πρὸξ
2046 4629 2159 4697 τὸν

691 4718 721 4755 ε
758 4719 815 4755 ν.

638 4833 707 4882 a'.
746 4826 949 4892 Είτοὼν,
983 4827 1066 4881 ὅτι
1103 4827 1357 4894 ὑπόδικος
1380 4829 1598 4900 ἐγένετο
1618 4835 1648 4888 6
1675 4834 1879 4907 κόσμος
1911 4835 1988 4908 τῷ
2010 4837 2150 4908 Θεῷ,

567 4912 664 4965 καὶ
690 4911 773 4965 ὅτι
800 4913 1001 4977 πάντες
1024 4913 1295 4985 ἥμαρτον,
1326 4917 1421 4970 καὶ
1449 4917 1531 4971 ὃτι
1560 4920 1661 4973 οὐκ
1684 4919 1761 4973 ἐνι
1788 4921 2027 4993 σωθῆναι
2047 4924 2158 4977 ἐτέ-

566 5013 699 5066 ρως,
727 4995 841 5048 ἀλλ’
869 4995 903 5066 ἢ
930 4996 1021 5049 διὰ
1050 4996 1307 5065 πίστεως,
1331 4999 1620 5066 σπουδάζει
1648 5002 1817 5069 δεῖξαι
1846 5005 2049 5071 λοιπὸν,
2071 5008 2153 5062 ὅτι

563 5077 689 5131 οὐδέ
713 5078 977 5150 αίσχύνης
1006 5081 1039 5151 ή
1071 5084 1320 5152 σωτηρία
1363 5082 1528 5154 αὕτη,
1546 5084 1684 5139 ἀλλά
1712 5087 1805 5140 καὶ
1832 5087 1991 5159 δόξης
2011 5090 2153 5163 λαμ-

565 5164 711 5249 πρᾶς
733 5163 911 5249 αἰτία,
929 5165 1024 5217 καὶ
1057 5166 1306 5235 μείζονος
1339 5169 1438 5240 τῆς
1463 5168 1551 5223 διὰ
1569 5168 1679 5249 τῶν
1703 5169 1899 5242 ἔργων.
1933 5172 2154 5249 Ἐπειδή

564 5244 674 5315 γὰρ
704 5244 765 5298 τὸ
800 5248 916 5316 μετ’
944 5250 1206 5322 αἰσχύνης
1237 5250 1508 5316 σώζεσθαι
1566 5248 1683 5324 εἶχέ
1718 5272 1841 5309 τινα
1887 5257 1979 5309 καὶ
2018 5244 2151 5313 aeu."

567 5328 717 5398 μίαν,
742 5329 835 5382 καὶ
866 5330 1073 5403 ταύτην
1097 5336 1317 5407 ἀναιρεῖ
1342 5337 1442 5408 τὴν
1472 5337 1709 5409 ὑποψίαν
1731 5339 1916 5395 λοιπόν
1937 5358 1952 5373 ·
1976 5345 2152 5398 καίτοι

561 5431 625 5482 γε
676 5415 768 5468 καὶ
803 5416 904 5488 ἤδη
952 5418 1085 5472 αὐτὸ
1119 5420 1361 5491 ᾐνίξατο,
1389 5423 1449 5476 οὐ
1481 5424 1755 5496 σωτηρίαν
1786 5425 1966 5496 μόνον,
2015 5427 2151 5483 ἀλλά

563 5497 657 5552 καὶ
692 5499 1040 5571 δικαιοσύνην
1091 5503 1363 5567 καλέσας·
1395 5506 1762 5576 Δικαιοσύνη
1816 5511 1927 5579 γὰρ
1977 5512 2147 5576 Θεοῦ,

561 5583 748 5655 φησιν,
781 5584 853 5638 ἐν
872 5583 1033 5651 αὐτῷ
1064 5587 1587 5644 ἀποκαλύπτεταιο
1612 5593 1641 5644 6
1668 5592 1775 5662 7&9
1802 5593 1946 5649 οὕτω
1978 5596 2148 5661 σωζό-

565 5686 746 5737 μενος,
787 5671 864 5736 ὼς
899 5671 1109 5737 δίκαιος
1146 5673 1283 5745 μετά
1316 5674 1630 5746 παρρησίας
1665 5675 1917 5742 σώζεται.
1950 5682 2059 5735 Kal
2085 5682 2146 5737 οῦ

558 5755 905 5826 δικαιοσύνην
937 5758 1117 5828 μόνον,
1154 5758 1290 5813 ἀλλὰ
1326 5760 1420 5814 καὶ
1457 5759 1681 5825 ἔνδειξιν
1714 5762 1849 5816 Θεοῦ
1870 5780 1883 5793 ο
1917 5767 2051 5828 Θεὸς
2086 5768 2145 5823 δὲ

557 5839 615 5893 ἐν
642 5842 753 5902 τοῖς
788 5842 1017 5908 ἐνδόξοις
1050 5843 1384 5899 ἐνδείκνυται
1416 5845 1508 5899 καὶ
1544 5844 1818 5916 λαμπροῖς
1850 5850 1941 5902 καὶ
1974 5851 2144 5920 μεγά-

2263 4501 2396 4566 λοις.
2427 4502 2575 4574 Πλὴν
2597 4502 2735 4557 ἀλλά
2763 4505 2859 4558 καὶ
2888 4505 2953 4558 ἐκ
2978 4504 3090 4557 τῶν
3122 4503 3498 4575 προκειμένων
3518 4506 3652 4560 αὐτὸ
3673 4524 3838 4561 κατα-

2265 4587 2540 4651 σκευάζει,
2586 4588 2731 4641 κατά
2767 4586 3036 4658 ἐρώτησιν
3072 4589 3330 4659 προάγων
3372 4586 3466 4643 τὸν
3502 4588 3679 4657 λόγον,
3706 4592 3837 4660 ὅπερ

2259 4669 2347 4722 ἀεὶ
2372 4672 2545 4723 ποιεῖν
2574 4671 2733 4724 εῐωθε
2757 4672 3058 4743 σαφηνείας
3077 4688 3136 4724 τε
3167 4672 3353 4726 ἕνεκεν
3375 4672 3469 4726 καὶ
3496 4672 3592 4726 τοῦ
3622 4675 3835 4747 θαρρεῖν

2257 4764 2372 4826 τοῖς
2414 4763 2749 4833 λεγομένοις.
2810 4764 2922 4817 Καὶ
2966 4763 3078 4835 7&9
3114 4766 3211 4818 καὶ
3253 4765 3512 4835 ἀνωτέρω
3565 4767 3705 4821 οὕτω
3740 4786 3833 4822 πε-

2258 4846 2474 4917 ποίηκε,
2516 4844 2582 4900 Τί
2632 4843 2747 4902 οὖν
2802 4846 2869 4899 τὸ
2900 4847 3198 4915 περισσὸν
3228 4847 3335 4902 τοῦ
3384 4848 3708 4913 ἰουδαίου;
3752 4852 3833 4904 λὲο

2256 4943 2404 4998 γωνο
2450 4930 2564 4992 καὶ,
2607 4932 2667 4985 Τί
2723 4925 2840 4986 οὖν
2877 4931 3328 5000 προκατέχομεν
3370 4936 3702 5000 περισσόν;
3744 4937 3830 4988 καὶ

2258 5012 2441 5079 πάλιν,
2473 5015 2600 5070 Ποῦ
2623 5016 2662 5083 ἡ
2684 5017 2987 5085 καύχησις
3008 5031 3026 5080 ;
3053 5015 3407 5083 ἐξεκλείσθη
3426 5033 3441 5047 ·
3467 5018 3559 5069 καὶ
3582 5019 3825 5082 ἐνταῦθα,

2262 5099 2323 5154 Τί
2372 5095 2489 5153 οὖν
2536 5099 2793 5168 ἐροῦμεν
2853 5099 3111 5168 Ἀϐραὰμ
3158 5101 3267 5153 τὸν
3337 5101 3564 5169 πατέρα
3628 5104 3827 5170 ήμῶνὶ

2267 5182 2488 5255 Ἐπειδὴ
2520 5184 2628 5256 γὰρ
2658 5186 2770 5240 ἀνω
2799 5185 2891 5237 καὶ
2919 5185 3067 5239 κάτω
3094 5183 3253 5238 τοῦτο
3279 5183 3539 5255 ἔστρεφον
3574 5188 3824 5251 Ἰουδαῖοι.

2253 5266 2334 5320 ὅτι
2362 5269 2391 5320 ό
2420 5268 2765 5340 πατριάρχης
2796 5270 2891 5323 καὶ
2924 5269 3002 5340 τῷ
3034 5268 3154 5338 Θεῷ
3196 5269 3350 5339 φίλος
3378 5273 3683 5341 περιτομὴν
3715 5275 3824 5328 ὲδέο

2254 5347 2383 5415 ξατο
2428 5351 2666 5423 πρῶτος,
2718 5351 2965 5419 βούλεται
3008 5352 3209 5417 δεῖξαι.
3253 5353 3335 5405 ὅτι
3383 5354 3476 5405 καὶ
3523 5356 3729 5420 ἐκεῖνος
3767 5360 3823 5411 ἐκ

2252 5435 2489 5500 πίστεως
2521 5436 2846 5507 ἐδικαιώθη’
2900 5438 3037 5507 ὅπερ
3073 5432 3141 5508 ἦν
3184 5438 3469 5506 περιουσία
3508 5440 3666 5510 νίκης
3706 5444 3824 5493 πο).-

2250 5519 2372 5590 λῆς.
2398 5521 2472 5575 Τὸ
2497 5520 2596 5591 μὲν
2626 5520 2737 5591 γὰρ
2768 5521 2904 5593 ἔργα
2931 5521 3006 5592 μὴ
3037 5520 3230 5591 ἔχοντα
3257 5522 3320 5573 ἐκ
3342 5522 3579 5586 πίστεως
3612 5524 3820 5578 δικαιω-

2250 5604 2412 5675 θῆναί
2467 5622 2608 5669 τινα,
2646 5605 2798 5659 οὐδὲν
2832 5605 3092 5667 ἀπεικός·
3138 5603 3198 5658 τὸ
3226 5604 3284 5656 δὲ
3322 5605 3577 5675 κομῶντα
3607 5608 3664 5659 ἐν
3699 5626 3818 5661 κατε

2248 5687 2535 5759 ορθώμασι
2596 5688 2671 5759 μὴ
2706 5688 2980 5750 ἐντεῦθεν,
3016 5687 3129 5741 ἀλλ’
3169 5686 3277 5739 ἀπὸ
3311 5688 3547 5752 πίστεως
3580 5691 3817 5757 γενέσθαι

2250 5772 2480 5835 δίκαιον,
2514 5770 2673 5826 τοῦτο
2692 5767 2761 5843 ἦν
2786 5772 2845 5825 τὸ
2874 5770 3186 5842 θαυμαστὸν
3217 5768 3308 5822 καὶ
3349 5769 3582 5839 μάλιστα
3617 5774 3711 5842 τῆς
3736 5788 3815 5825 m-

2256 5872 2423 5919 στεως
2446 5855 2545 5927 τὴν
2573 5856 2724 5928 ἰσχὺν
2755 5856 3036 5927 ἐμφαῖνον.
3066 5853 3151 5908 Διὸ
3183 5851 3245 5923 δὴ
3279 5852 3403 5917 τοὺς
3430 5852 3621 5921 ἄλλους
3655 5872 3808 5926 .1191-
