3950 6464
158 411 247 468 £53

155 528 324 582 bamus
364 515 651 586 accipimus
680 530 695 568 :
721 511 799 568 sic
822 521 879 567 et
918 511 973 566 in
1001 509 1238 581 pecuniis
1276 506 1468 563 accidit
1494 527 1506 559 :
1536 506 1579 559 si
1611 518 1708 558 nos

156 622 257 676 illas
278 626 535 676 curemus,
565 610 781 666 desinet
805 607 921 677 ipse
945 604 1156 660 illarqu
1184 617 1370 658 curam
1400 601 1635 662 habere;
1661 598 1709 652 si

156 713 202 767 in
239 710 377 763 illum
405 711 542 761 totas
583 701 958 771 conjiciamus,
986 708 1043 755 et
1066 698 1211 768 ipsas
1233 707 1288 752 et
1316 695 1454 749 ﬁlios
1480 694 1533 748 in
1562 690 1707 745 omni

154 801 412 859 securitate
431 796 740 853 constituet.
765 791 969 863 Ecquid
993 791 1228 856 miraris,
1247 789 1292 844 si
1317 787 1368 843 id
1398 788 1448 842 iu
1478 787 1588 841 Deo
1610 799 1710 839 usu

158 892 329 956 veniat,
359 904 479 945 cum
520 887 659 958 apud
707 886 953 941 homines
1001 881 1231 951 idipsum
1259 878 1476 934 videas?
1501 875 1633 931 Nam
1663 873 1708 928 si

157 987 367 1043 moriens
404 982 821 1053 prOpinquorum
868 975 1137 1032 neminem
1180 973 1464 1028 liberorum
1494 978 1708 1024 curato-

159 1095 253 1134 rem
278 1076 532 1139 advoces;
564 1071 768 1143 pudore
796 1078 850 1124 et
880 1065 1201 1122 verecundia
1231 1060 1542 1133 plerumque
1568 1059 1707 1113 deti.

156 1179 291 1225 netur
328 1165 391 1229 is,
435 1162 528 1233 qui
572 1160 860 1216 admodum
882 1156 1030 1227 cupit
1055 1157 1105 1210 in
1135 1156 1353 1227 tutelam
1384 1154 1526 1207 illam
1556 1151 1710 1205 invo-

157 1264 249 1316 lare
276 1277 289 1312 :
314 1259 393 1314 sin
419 1265 597 1310 autem
623 1255 675 1309 in
705 1253 849 1308 illum
877 1266 1060 1306 curam
1101 1247 1404 1318 huiusmodi
1433 1246 1706 1314 rejeeeris,

157 1360 313 1421 utpote
334 1348 564 1403 maximo
589 1346 763 1400 cultus
795 1345 1020 1409 honore,
1052 1340 1336 1396 maximam
1368 1346 1422 1394 et
1450 1337 1564 1408 ipse
1588 1334 1711 1391 red-

156 1446 233 1501 det
256 1444 435 1497 vicem.

212 1536 259 1590 9.
308 1531 480 1598 Qualis
511 1529 778 1583 Itwreditas
821 1527 944 1596 [iliis
991 1522 1340 1593 relinquenda.
1399 1519 1709 1574 Diuitiarum

157 1627 249 1695 quis
268 1639 378 1677 usus
405 1623 669 1675 bonus.—-
689 1620 744 1673 Si
774 1618 855 1673 vis
884 1631 1013 1687 ergo
1041 1615 1227 1670 liberis
1264 1613 1480 1668 divitias
1509 1609 1708 1665 multas

156 1717 445 1784 relinquere,
468 1712 563 1766 Dei
578 1709 963 1781 providentiam
980 1706 1086 1762 illis
1097 1704 1401 1773 relinquito.
1425 1701 1523 1768 Qui
1540 1700 1705 1766 enim,

156 1808 263 1863 nihil
285 1817 331 1863 te
354 1811 566 1874 agente,
603 1803 834 1856 auiumm
865 1799 956 1855 tibi
978 1797 1131 1853 dedit
1152 1806 1206 1850 et
1233 1808 1432 1864 corpus
1457 1792 1708 1847 elTorma-

156 1902 231 1964 vit‘,
252 1899 505 1964 vitamque
536 1894 761 1963 largitus
784 1899 907 1956 est;
947 1904 1070 1945 cum
1095 1887 1297 1942 videbit
1321 1895 1371 1939 te
1417 1892 1616 1938 tantam
1644 1880 1708 1936 li-

156 1990 451 2047 beralitatem
482 1986 764 2049 exhibere,
793 1993 849 2038 et
868 1984 1004 2037 bona
1026 1997 1147 2036 cum
1174 1978 1299 2033 ﬁliis
1327 1975 1660 2047 ipsitradere
1687 1989 1704 2027 :

154 2100 301 2140 annon
330 2084 429 2138 illis
467 2079 686 2137 divitias
722 2092 911 2132 omnes
936 2073 1174 2145 aperiet?
1219 2072 1274 2126 Si
1327 2069 1470 2126 enim
1525 2066 1707 2123 Helias

154 2177 327 2232 modica
359 2174 524 2228 farina
556 2173 810 2234 nutritus,
833 2168 954 2238 quia
985 2148 1114 2221 vidit
1149 2164 1422 2219 mulierem
1454 2160 1598 2215 illam
1622 2160 1705 2228 ip-

154 2286 249 2324 sum
271 2268 386 2322 [iliis
410 2265 522 2320 suis
560 2263 880 2335 praetulisse,
908 2274 1065 2314 arcas
1102 2268 1157 2313 et
1197 2256 1481 2311 toreularia
1520 2253 1574 2307 in
1607 2251 1706 2307 do-

155 2360 369 2416 muncula
397 2357 573 2413 vidua:
602 2356 878 2420 exhibuit;
910 2355 1081 2422 cogita
1114 2360 1367 2422 quautam
1411 2348 1506 2403 tibi
1539 2346 1706 2401 llelize

157 2454 376 2508 Dominus
416 2449 853 2505 benevolentiam
896 2444 1234 2501 exhibiturus
1275 2451 1377 2497 est.
1423 2439 1503 2495 Ne
1546 2438 1707 2509 igitur

156 2544 260 2600 illud
284 2552 599 2613 spectemus,
629 2555 735 2609 quo
760 2550 912 2608 pacto
934 2530 1070 2591 tilias
1099 2535 1292 2590 divites
1319 2533 1703 2602 relinquemus,

155 2636 232 2691 sed
262 2634 517 2703 quomodo
568 2634 763 2686 virtute
795 2629 1068 2699 praiditos.
1102 2626 1233 2681 Nam
1260 2626 1304 2680 si
1328 2623 1404 2679 illi
1430 2623 1482 2678 in
1510 2614 1709 2678 divitiis

155 2727 416 2787 confidant,
449 2727 583 2781 nihil
622 2724 766 2779 aliud
792 2723 1090 2788 curabunt,
1129 2729 1315 2790 utpote
1356 2718 1447 2790 qui
1490 2732 1704 2773 morum

157 2821 508 2890 improbitatem
536 2818 639 2872 sub
666 2810 1010 2887 pecuniarum
1037 2814 1187 2884 copia
1217 2812 1367 2882 quasi
1390 2810 1489 2868 sub
1520 2809 1706 2865 umbra

157 2926 305 2984 legere
327 2914 527 2985 possint
557 2930 570 2965 :
600 2912 645 2966 si
670 2920 847 2965 autem
868 2909 1101 2965 viderint
1128 2922 1187 2962 se
1207 2921 1369 2977 opum
1397 2904 1588 2961 solatio
1614 2903 1709 2960 de-

155 3010 353 3071 stitutos,
387 3005 513 3061 nihil
547 3022 652 3059 non
675 3015 853 3075 agent,
880 3011 936 3057 ut
964 3018 1032 3057 ex
1058 3002 1253 3057 virtute
1274 3000 1493 3054 multam
1523 2996 1626 3053 sibi
1653 2998 1705 3052 in

156 3110 428 3170 paupertate
455 3094 884 3154 causolationem
911 3095 1139 3165 pariant.
1164 3091 1242 3147 Ne
1265 3092 1424 3162 igitur
1442 3104 1573 3160 opes
1601 3089 1708 3145 illis

157 3193 408 3260 relinquas,
441 3200 498 3244 ut
539 3190 811 3259 relinquas
845 3188 1120 3242 virtutem.
1162 3183 1296 3239 Nam
1326 3191 1584 3238 extrema:
1614 3182 1709 3238 de-

157 3284 335 3337 mentite
358 3285 509 3337 luerit
544 3282 673 3336 dum
703 3281 927 3335 vivimus
974 3278 1178 3332 nullum
1209 3275 1341 3347 ipsis
1369 3276 1580 3331 tradere
1626 3275 1705 3329 la-

156 3378 375 3428 cullatum
393 3373 632 3428 omnium
658 3371 978 3434 dominium,
1003 3377 1057 3423 et
1079 3375 1203 3438 post
1222 3376 1447 3422 mortem
1468 3374 1704 3421 nostram

156 3465 381 3536 juveuluti
408 3466 632 3519 multam
662 3454 851 3533 parare
884 3461 1178 3517 licentiam.
1207 3460 1388 3529 Atqui,
1422 3457 1548 3513 dum
1575 3457 1710 3512 vivi-

159 3572 271 3617 mus,
300 3571 574 3625 possumus
595 3556 663 3609 ab
702 3555 805 3608 illis
828 3552 1065 3608 rationes
1094 3560 1361 3622 repetere,
1390 3560 1444 3605 et
1468 3549 1607 3605 male
1632 3550 1707 3603 la-

158 3648 407 3702 cunalibus
426 3663 555 3703 usos
594 3646 885 3701 emendare
927 3644 1281 3715 frenareque;
1324 3652 1445 3714 post
1476 3652 1703 3698 mortem

160 3756 280 3803 vero,
300 3740 339 3793 si
367 3740 460 3801 illi,
491 3738 647 3793 nobis
670 3738 774 3791 vita
795 3735 1011 3799 functis,
1038 3735 1303 3804 juventuti
1347 3735 1557 3789 divitias
1583 3733 1708 3788 reli-

160 3834 413 3901 querimus,
438 3834 488 3886 in
516 3840 773 3886 sexcenta
792 3829 1083 3900 prmcipitia
1104 3829 1334 3884 miseros
1362 3828 1701 3898 impellimus,

159 3926 303 3994 ignem
326 3928 371 3979 in
400 3926 572 3993 ignem
602 3923 965 3993 eonjieientes,
988 3931 1043 3976 et
1072 3922 1123 3975 in
1146 3921 1408 3975 caminum
1431 3918 1704 3974 ardentem

158 4017 306 4070 oleum
352 4018 708 4072 infundentes.
763 4016 944 4085 Itaque
989 4015 1032 4069 si
1064 4015 1142 4068 vis
1172 4013 1292 4067 illos
1320 4013 1437 4066 sine
1468 4012 1706 4081 periculo

160 4107 319 4163 divites
358 4110 680 4179 relinquere,
728 4107 974 4177 relinque
1004 4106 1134 4175 ipsis
1173 4105 1470 4158 debitorem
1501 4104 1663 4158 Deum
1686 4142 1701 4168 ,

162 4200 334 4269 ipsique
362 4201 505 4256 trade
534 4199 970 4269 chirographum.
1014 4197 1091 4251 llli
1125 4212 1355 4266 manuque
1384 4196 1426 4248 si
1454 4195 1707 4265 pecunias

159 4294 422 4363 accipiant,
464 4295 550 4348 cui
600 4292 809 4346 tradant
847 4291 1081 4345 nesciout
1106 4330 1120 4352 ,
1155 4299 1209 4344 et
1250 4290 1301 4342 in
1334 4289 1527 4342 multos
1570 4286 1705 4342 inci-

160 4386 267 4439 deut
288 4386 639 4456 sycophantas
665 4393 825 4453 atque
852 4384 1090 4452 ingratos
1123 4398 1138 4435 :
1170 4382 1216 4435 si
1244 4395 1374 4435 vero
1396 4390 1449 4434 tu
1478 4394 1721 4450 μνιυνιξιιοΔ

161 4487 257 4533 tens
280 4480 356 4533 illa
380 4480 485 4534 Deo
533 4486 718 4532 mutuo
745 4476 982 4542 dederis,
1031 4483 1175 4528 tutus
1204 4473 1439 4527 manebit
1474 4474 1706 4528 thesau-

1157 394 1220 452 ΙΝ
1260 392 1476 449 EPlST.
1519 392 1608 447 AD
1648 388 1813 445 80M.
1855 388 2086 445 HOMIL.
2134 376 2263 445 γιιιὶ

3290 391 3398 451 454

1819 519 1931 568 rus,
1955 518 2017 561 ac
2036 505 2201 559 multa
2222 518 2343 558 eum
2370 501 2626 560 facilitate
2650 503 2917 559 reddetur.
2942 502 3154 560 Etenim
3174 505 3399 575 gratiam

1817 593 1973 649 nobis
1999 594 2159 651 liabet
2186 595 2347 663 Deus,
2373 609 2493 651 cum
2514 594 2753 652 debitum
2780 595 2975 662 reddit,
3011 610 3075 651 ac
3109 594 3399 653 fanerato-

1816 702 1906 742 rcs
1930 701 2057 745 suos
2083 686 2338 744 libentius
2364 703 2522 759 quam
2552 703 2667 754 eos,
2699 690 2789 760 qui
2836 706 2941 745 non
2972 689 3219 747 imperati
3240 697 3395 756 sunt,

1816 783 1979 847 videt,
2006 798 2209 853 eosque
2237 782 2469 838 maxime
2493 780 2687 852 diligit,
2719 781 2912 852 quibus
2937 783 3169 838 maxime
3209 780 3392 837 debet.

1818 872 2001 943 itaque
2028 874 2075 928 si
2105 874 2186 929 vis
2211 873 2362 928 illum
2392 882 2650 943 perpetuo
2678 873 2909 927 amicum
2940 872 3158 937 habere,
3206 873 3400 928 multo-

1816 979 1934 1019 rum
1966 963 2112 1019 illum
2138 963 2439 1020 debitorem
2459 964 2745 1021 constitue.
2773 963 2956 1032 Neque
2988 966 3131 1019 enim
3163 963 3234 1019 ita
3262 977 3399 1033 gau-

1817 1055 1908 1111 det
1931 1054 2240 1120 fmuerator,
2289 1056 2381 1126 qui
2409 1055 2681 1113 debitores
2706 1056 2887 1121 habet,
2915 1064 2973 1111 ut
3010 1057 3221 1111 laetatur
3244 1054 3402 1112 Chri-

1815 1156 1933 1202 stus
1961 1148 2028 1202 de
2054 1145 2469 1203 imperatoribus
2494 1147 2607 1202 suis
2639 1163 2655 1200 :
2687 1148 2755 1203 ab
2801 1148 2906 1203 illis
2952 1148 3175 1218 aufugit,
3200 1146 3397 1217 quibus

1812 1239 1946 1294 nihil
1975 1239 2165 1305 debet;
2193 1240 2261 1295 ad
2303 1239 2428 1296 illos
2475 1239 2729 1304 accurrit,
2781 1254 3006 1308 quorum
3037 1239 3251 1295 debitor
3290 1249 3396 1297 est.

1814 1330 1955 1386 Nihil
1985 1345 2113 1400 ergo
2140 1345 2245 1386 non
2275 1344 2517 1401 agamus,
2556 1339 2615 1386 ut
2656 1331 2804 1385 illum
2857 1330 3146 1387 habeamus
3188 1331 3401 1388 debito-

1815 1438 1930 1480 rem
1960 1441 1975 1478 :
2009 1423 2110 1479 hoc
2136 1423 2281 1478 enim
2328 1430 2558 1492 tempus,
2612 1422 2874 1478 (bonorum
2926 1429 3138 1492 tempus
3185 1432 3287 1487 est,
3340 1432 3399 1479 et

1817 1529 1961 1570 nunc
1990 1512 2084 1568 illa
2106 1515 2157 1568 in
2187 1528 2284 1569 usu
2330 1521 2475 1569 sunt.
2503 1512 2561 1569 Si
2586 1522 2714 1583 ergo
2753 1527 2892 1568 nunc
2918 1513 2995 1568 illi
3021 1527 3127 1568 non
3158 1512 3394 1581 dederis,

1814 1613 1935 1673 post
1968 1613 2116 1665 tuum
2139 1620 2205 1660 ex
2236 1603 2336 1660 hac
2378 1605 2485 1659 vita
2514 1606 2714 1660 exitum
2756 1614 2807 1659 te
2845 1619 2978 1674 opus
3022 1619 3128 1657 non
3158 1602 3397 1662 habebit.

1814 1694 1910 1750 Hic
1932 1694 2075 1750 enim
2101 1696 2236 1763 sitit,
2260 1694 2347 1750 hic
2370 1695 2574 1761 esurit;
2608 1695 2721 1753 sitit
2748 1695 2973 1750 salutem
3019 1704 3199 1760 tuam;
3248 1694 3399 1750 ideo-

1811 1799 1916 1854 que
1964 1785 2250 1850 mendicat,
2277 1785 2400 1841 ideo
2430 1785 2605 1841 nudus
2631 1785 2841 1851 circuit,
2875 1796 2933 1840 ut
2960 1786 3051 1841 tibi
3079 1785 3243 1841 vitam
3292 1786 3396 1841 im-

1811 1876 2091 1933 mortalem
2120 1877 2443 1948 negotietur.
2468 1877 2554 1933 ‘Ne
2583 1878 2763 1948 itaque
2788 1879 2934 1933 illum
2956 1878 3256 1949 despicias:
3289 1893 3397 1935 non

1811 1968 1954 2023 enim
1983 1969 2051 2023 ali
2074 1970 2204 2035 vult,
2231 1968 2324 2025 sed
2354 1970 2534 2035 alere;
2586 1986 2693 2026 non
2740 1970 2910 2036 indui,
2940 1970 3037 2027 sed
3066 1970 3310 2040 induere,
3342 1979 3399 2028 et

1810 2075 2029 2116 aureum
2062 2060 2191 2116 illud
2237 2062 2613 2117 vestimentum
2664 2062 2759 2116 tibi
2807 2077 3020 2130 parare,
3069 2062 3266 2119 stolam
3312 2078 3399 2118 re-

1809 2152 1971 2222 giam.
1998 2151 2115 2207 Non
2144 2151 2292 2207 vides
2318 2152 2646 2209 medicorum
2675 2152 3053 2219 studiosiores,
3074 2168 3197 2209 cum
3220 2168 3396 2223 aegro-

1809 2253 1895 2299 tos
1924 2245 2119 2311 lavant,
2154 2254 2207 2300 et
2245 2245 2389 2313 ipsos
2434 2260 2648 2315 quoque
2688 2244 2875 2306 lavari,
2903 2244 3001 2300 etsi
3048 2244 3248 2299 latione
3288 2260 3395 2298 non

1810 2337 2041 2407 egeant?
2064 2336 2153 2391 Sic
2197 2345 2251 2391 et
2280 2336 2396 2406 ipse
2419 2346 2636 2405 propter
2666 2346 2718 2390 te
2747 2336 3076 2391 laborantem
3125 2334 3255 2389 nihil
3287 2348 3396 2390 non

1810 2430 1937 2498 agit.
1968 2427 2094 2483 Ideo
2119 2442 2150 2480 a
2181 2436 2233 2482 te
2262 2427 2408 2483 nulla
2430 2441 2554 2489 cum
2582 2425 2834 2483 violentia
2859 2426 3044 2497 exigit.
3069 2436 3129 2480 ut
3170 2423 3271 2480 tibi
3300 2438 3395 2480 co-

1812 2521 2015 2591 piosius
2036 2519 2332 2585 retribuat;
2360 2528 2418 2574 ut
2442 2518 2619 2575 discas
2641 2518 2787 2573 illum
2814 2533 2918 2573 non
2945 2533 3080 2587 opus
3108 2516 3396 2573 habentem

1811 2612 2108 2684 postulare,
2135 2612 2231 2669 sed
2260 2619 2318 2667 ut
2341 2610 2649 2667 necessitati
2681 2620 2783 2665 tua:
2820 2608 3117 2679 provideat.
3150 2607 3276 2663 Ideo
3302 2607 3394 2663 vili

1811 2708 1865 2763 in
1911 2705 2093 2761 habitu
2132 2714 2187 2760 te
2218 2703 2355 2769 adit,
2400 2712 2454 2759 et
2496 2704 2772 2759 dexteram
2794 2701 3042 2758 extendit
3068 2718 3085 2754 :
3112 2701 3155 2755 si
3177 2699 3393 2755 obolum

1811 2800 1930 2869 des,
1964 2814 2070 2854 non
2100 2805 2413 2861 aversatur;
2439 2796 2483 2851 si
2510 2804 2845 2860 contemnas,
2889 2782 2993 2848 non
3018 2791 3274 2856 abscedit,
3298 2790 3395 2846 sed

1811 2906 1997 2949 rursus
2025 2905 2084 2945 se
2110 2888 2361 2944 admovet
2387 2903 2400 2940 :
2423 2894 2567 2945 amat
2593 2885 2736 2942 enim
2763 2884 2937 2949 valde,
2965 2891 3109 2938 amat
3130 2890 3278 2939 certe
3307 2895 3395 2936 sa-

1812 2985 1975 3041 lutem
2002 2991 2259 3039 nostram.
2289 2979 2551 3035 Pecunias
2573 2992 2701 3046 ergo
2727 2985 3155 3038 contemnamus,
3185 2985 3244 3030 ut
3270 2989 3339 3030 ne
3360 2991 3391 3027 a

1812 3076 2027 3137 Christo
2069 3084 2477 3132 contemnantur
2510 3088 2523 3125 :
2554 3070 2810 3142 pecunias
2855 3081 3282 3133 contemnamus,
3335 3076 3397 3122 ut

1811 3180 1865 3228 et
1892 3170 2037 3241 ipsas
2063 3166 2314 3239 pecunias
2341 3177 2710 3234 assequamur.
2732 3160 2863 3216 Nam
2894 3160 2939 3215 si
2958 3160 3076 3214 illas
3100 3159 3188 3215 hic
3209 3173 3395 3214 serve-
3472 3196 3483 3201 κ

1812 3278 1952 3328 mus,
1982 3260 2098 3316 illas
2133 3257 2353 3313 omnino
2373 3264 2431 3312 et
2458 3255 2545 3309 hic
2570 3262 2627 3309 et
2658 3253 2767 3307 illic
2793 3252 3106 3323 perdimus;
3134 3251 3179 3306 si
3209 3250 3396 3306 distri-

1812 3352 2375 3425 buamusliberaliter,
2425 3349 2478 3403 in
2510 3356 2737 3417 utraque
2781 3346 2887 3400 vita
2940 3344 3105 3401 multa
3156 3341 3396 3415 fruemur

1811 3448 2104 3519 opulentia.
2131 3444 2233 3511 Qui
2260 3443 2374 3498 vult
2396 3455 2526 3511 ergo
2543 3440 2695 3496 dives
2721 3437 2860 3503 ﬁeri,
2888 3437 2957 3491 sit
2981 3451 3201 3505 pauper,
3226 3444 3283 3489 ut
3304 3434 3398 3489 liat

1812 3538 1994 3601 dives;
2037 3532 2323 3605 expendat,
2347 3540 2404 3587 ut
2428 3530 2683 3600 colligat;
2715 3536 2950 3597 spargat,
2982 3533 3041 3580 ut
3086 3532 3392 3595 congreget.

1811 3630 2069 3687 Stantem
2103 3626 2218 3680 haec
2246 3639 2381 3680 nova
2425 3633 2480 3678 et
2522 3622 2880 3689 inexSpcctata
2919 3624 3078 3683 sunt;
3127 3628 3395 3672 serentem

1813 3716 2041 3794 respice,
2075 3730 2129 3776 et
2157 3728 2330 3777 tecum
2361 3724 2566 3785 reputa,
2591 3730 2695 3768 non
2726 3727 2881 3782 posse
2920 3711 3067 3765 illum
3100 3710 3207 3764 alio
3234 3709 3398 3765 modo

1815 3819 1962 3887 plura
1987 3815 2241 3883 colligere
2270 3809 2370 3864 nisi
2396 3823 2515 3878 qua:
2542 3806 2703 3861 habet
2727 3812 2961 3872 spargat,
2990 3810 3043 3856 et
3068 3816 3186 3871 qua:
3213 3810 3395 3869 parata

1815 3911 1970 3965 habet
1998 3905 2256 3963 eﬂ'uudat.
2284 3902 2539 3957 Seramus
2566 3898 2750 3964 itaque
2774 3904 2829 3949 et
2875 3909 2994 3960 nos,
3026 3903 3076 3948 et
3118 3892 3309 3948 caelum
3337 3900 3396 3946 ιιι

1814 4016 1998 4072 agrum
2045 3997 2306 4059 colamus,
2363 4002 2419 4045 ut
2446 4006 2566 4045 cum
2601 3987 2764 4041 multa
2820 3986 2973 4054 copia
3025 3994 3287 4039 metamus
3339 3991 3396 4037 et

1812 4105 2010 4149 aeterna
2068 4097 2461 4157 consequamur
2507 4080 2678 4143 bona,
2726 4076 2897 4146 gratia
2953 4084 3010 4130 et
3061 4073 3390 4147 benignitate

1814 4185 2022 4245 Domini
2053 4180 2221 4237 nostri
2249 4179 2380 4235 Jesu
2406 4172 2625 4236 Christi,
2653 4170 2867 4240 quicum
2916 4167 3054 4221 Patri
3081 4175 3136 4221 et
3165 4165 3390 4235 Spiritui

1814 4294 1999 4337 sancto
2031 4274 2223 4347 gloria,
2256 4266 2557 4339 imperium,
2593 4264 2787 4328 honor,
2815 4275 2956 4315 nunc
2979 4269 3035 4315 et
3072 4272 3311 4329 semper,
3339 4266 3394 4312 et

1814 4379 1868 4434 in
1896 4373 2090 4429 saecula
2133 4364 2478 4423 saeculorum.
2512 4359 2705 4413 Amen.

644 4586 3376 4639 ____________________________.____..___._.___._.

1492 4698 1849 4765 HOMILIA'
1875 4695 2045 4759 VIII.

164 4837 266 4891 (in.
297 4837 344 4892 ιι.
390 4837 522 4891 v.1.
566 4834 703 4902 Quid
745 4849 864 4903 ergo
906 4832 1128 4886 dicemus
1174 4830 1417 4885 invenisse
1453 4828 1709 4882 Abraham

222 4940 396 4997 patrem
447 4940 673 4984 nostrum
725 4932 1001 4982 secundum
1051 4925 1300 4978 carnem?
1352 4923 1416 4977 "2.
1474 4920 1615 4975 Nam
1666 4921 1711 4973 si

225 5021 455 5075 Abraham
477 5038 538 5075 ex
562 5020 797 5090 operibus
810 5018 1125 5088 justifiealus
1146 5026 1217 5070 est
1235 5057 1251 5081 ,
1283 5014 1429 5068 habet
1456 5013 1671 5084 gloriaut
1691 5050 1707 5076 ,

225 5116 299 5166 sed
326 5131 418 5167 non
446 5112 585 5184 apud
610 5110 796 5165 Deum.
828 5109 834 5115 ’

230 5206 273 5257 l.
302 5204 576 5274 Postquam
603 5204 848 5268 dixerat,
890 5201 1032 5272 quod
1083 5198 1313 5255 mundus
1340 5196 1604 5252 obnoxius
1631 5195 1712 5247 la-

171 5307 267 5349 ctus
292 5296 356 5374 sit
385 5298 488 5351 Deo
511 5339 527 5363 ,
560 5296 697 5366 quod
730 5310 918 5350 omnes
949 5292 1281 5364 peccaverint
1305 5329 1321 5356 ,
1349 5299 1403 5343 et
1428 5286 1568 5357 quod
1609 5300 1713 5340 non

174 5390 314 5456 possit
338 5389 476 5442 salus
501 5389 727 5443 obtineri
755 5386 972 5442 aliunde
996 5427 1013 5452 ,
1042 5398 1200 5455 quam
1232 5397 1330 5453 per
1361 5379 1515 5434 (idem
1539 5395 1554 5444 ς
1586 5392 1713 5446 1)ΐο-

176 5480 282 5534 bare
305 5482 471 5536 studet
495 5480 721 5535 salutem
753 5479 900 5533 illam
928 5493 1033 5532 non
1074 5472 1383 5537 dedecoris,
1412 5470 1507 5527 sed
1534 5468 1716 5538 gloria:

152 5586 358 5627 .causam
386 5588 521 5639 esse,
549 5581 602 5647 et
624 5571 843 5640 majoris
882 5584 942 5623 ea
960 5609 976 5636 ,
1008 5584 1126 5637 qua:
1170 5581 1265 5635 per
1289 5577 1451 5633 opera
1480 5559 1717 5629 acquiri-

180 5672 267 5717 tur.
295 5665 414 5733 Quia
435 5669 575 5721 enim
601 5680 722 5718 cum
752 5661 1016 5717 dedecore
1043 5657 1292 5729 quapiam
1324 5655 1549 5709 salutem
1581 5666 1717 5707 con-

182 5757 308 5823 sequi
334 5757 551 5826 aliquam
584 5754 736 5810 aﬂ'ert
752 5753 1044 5812 tristitiam,
1077 5754 1212 5803 hanc
1236 5760 1447 5817 quoque
1472 5743 1722 5810 deinceps

186 5850 502 5921 suSpicitmem
527 5851 696 5917 tollit;
724 5860 1045 5921 quamquam
1074 5854 1126 5899 et
1158 5842 1257 5896 hoc
1279 5840 1389 5912 jam
1419 5835 1722 5893 subindica-

1814 4823 2059 4887 vit,~cum
2092 4814 2235 4870 illam
2282 4806 2521 4870 vocavit,
2568 4815 2673 4856 non
2720 4796 2947 4852 salutem
2979 4795 3173 4862 modo,
3201 4797 3295 4852 sed
3339 4808 3395 4853 et

1811 4912 2069 4984 justitiam
2094 4902 2345 4961 :Justitia
2371 4899 2503 4953 enim
2530 4893 2655 4958 Dei,
2689 4888 2894 4959 inquit,
2925 4887 2978 4939 in
3009 4886 3119 4955 ipso
3146 4888 3393 4943 reuelalttr

1817 4977 1995 5075 illam.
2022 5002 2075 5054 l.
2106 4998 2220 5065 l7).
2248 4992 2350 5059 Qui
2379 4988 2523 5044 enim
2570 4985 2640 5038 ita
2671 4990 2915 5036 servatur
2938 5019 2954 5044 ,
2989 4987 3044 5031 ut
3067 4977 3245 5047 justus
3271 4995 3391 5034 eum

1816 5068 2008 5151 liducia
2040 5090 2220 5145 salvus
2250 5092 2352 5140 est.
2381 5080 2492 5135 Nec
2526 5073 2786 5146 justitiam
2814 5070 2986 5123 solum
3016 5068 3180 5135 dicit,
3211 5071 3304 5126 sed
3342 5082 3396 5127 et

1816 5185 2180 5243 ostensioncm
2208 5176 2301 5245 Dei
2328 5192 2341 5227 :
2368 5172 2508 5226 Dens
2529 5167 2670 5223 enim
2702 5164 2754 5217 in
2784 5161 3032 5233 gloriosis
3061 5164 3396 5230 ostenditur,

1818 5281 1870 5334 in
1902 5272 2193 5346 splendidis
2218 5277 2272 5323 et
2312 5261 2537 5333 magnis.
2569 5258 2831 5314 Caeterum
2862 5254 3022 5307 etiam
3052 5269 3116 5309 ex
3149 5257 3391 5325 [ιι-θροεῖ-

1820 5376 1889 5426 tis
1920 5344 2021 5423 hoc
2061 5362 2251 5434 probat
2273 5399 2287 5423 ,
2333 5371 2427 5425 per
2464 5347 2935 5419 interrogationem
2965 5344 3234 5400 disserere
3275 5362 3392 5415 per-

1819 5474 1975 5530 gens;
1996 5455 2072 5511 uti
2090 5465 2301 5519 semper
2318 5446 2457 5502 solet
2473 5444 2650 5497 facere
2672 5450 2780 5493 tum
2798 5436 3194 5506 perspicuitatis
3216 5452 3397 5501 causa,

1825 5528 1935 5607 tum
1978 5546 2117 5619 quod
2163 5542 2321 5598 dictis
2363 5536 2618 5592 confidat.
2668 5532 2799 5587 Nam
2848 5531 2919 5584 ita
2950 5528 3076 5584 fecit
3119 5538 3174 5583 et
3202 5544 3401 5599 supra,

1824 5618 2009 5699 dicens
2038 5656 2053 5693 :
2083 5635 2217 5703 Quid
2255 5632 2411 5703 igitur
2442 5626 2661 5697 amplius
2691 5623 2837 5677 habet
2867 5618 3082 5673 Iudicas
3101 5618 3127 5671 1'
3153 5629 3202 5672 et
3221 5657 3237 5679 ,
3269 5619 3403 5685 Quid

1824 5737 1981 5808 igitur
2025 5729 2247 5800 amplius
2292 5721 2572 5789 habemus?
2612 5732 2678 5773 ac
2720 5729 2968 5777 rursum,
3000 5709 3100 5766 Ubi
3126 5710 3405 5781 gloriatio!

1833 5804 2055 5887 [inlusa
2080 5834 2187 5890 est;
2214 5831 2269 5877 et
2296 5820 2381 5879 hic
2402 5858 2416 5886 ,
2451 5813 2585 5885 Quid
2609 5812 2762 5884 igitur
2787 5807 3011 5861 dicemus
3029 5804 3287 5860 Abraham
3312 5821 3416 5883 pa-_
