3950 6462
544 377 652 437 455

544 504 672 550 trem
692 488 958 547 nostrum?
976 488 1110 558 Quia
1129 486 1274 546 enim
1301 486 1473 544 Judaei
1497 486 1602 544 hoc
1627 503 1720 545 sus
1741 488 1915 560 deque
1940 505 2126 546 versa-

544 587 696 655 bant,
726 585 871 658 quod
900 582 1200 656 patriarcha
1230 592 1285 638 et
1311 582 1405 637 Dei
1432 583 1639 638 amicus
1660 585 2126 640 circumcisionem

545 680 696 750 prius
733 678 1064 748 accepisset,
1106 674 1221 730 vult
1261 674 1549 730 ostendere
1591 675 1765 745 ipsum
1804 691 2017 746 quoque
2060 692 2126 732 ex

550 772 655 827 ﬁde
671 770 1017 840 justiﬁcatum
1044 782 1165 823 esse
1188 784 1202 819 :
1236 766 1377 837 quod
1411 782 1620 838 magna:
1644 768 1888 824 victoria:
1916 768 2127 825 exube-

541 865 716 920 rantia
746 873 880 918 erat.
909 860 1062 929 Quod
1089 859 1232 915 enim
1264 859 1457 930 aliquis
1490 861 1609 916 sine
1656 861 1911 932 operibus
1935 877 1999 917 ex
2029 862 2130 916 ﬁde

535 954 897 1024 justilicetur,
944 966 1049 1007 non
1088 950 1336 1006 absimile
1380 965 1509 1006 vero
1558 951 1855 1021 est:un
1904 968 2034 1007 vero
2073 954 2127 1008 in

538 1056 688 1101 recte
709 1045 860 1100 factis
883 1043 1132 1111 eximius,
1160 1058 1266 1097 non
1297 1043 1445 1109 hinc,
1472 1042 1567 1098 sed
1593 1058 1659 1099 ex
1686 1042 1790 1098 ﬁde
1812 1043 1903 1097 ﬁat
1923 1043 2122 1113 justus,

538 1137 669 1192 illud
721 1135 966 1190 mirabile
1003 1142 1119 1200 est,
1165 1142 1221 1190 et
1266 1133 1389 1190 ﬁdei
1415 1133 1522 1189 vim
1564 1134 1918 1191 demonstrat.
1946 1135 2125 1203 Quare

535 1229 654 1284 aliis
685 1227 1058 1298 praetermissis
1081 1228 1331 1283 omnibus
1352 1266 1367 1291 ,
1399 1226 1453 1281 in
1484 1224 1628 1282 hunc
1658 1241 1963 1283 sermonem
1988 1244 2121 1333 cop-

535 1320 716 1385 vertit,
740 1328 951 1390 patrem
976 1334 1107 1373 vero
1135 1319 1282 1373 illum
1310 1318 1609 1409 secundum
1636 1334 1854 1422 carnem
1883 1321 2112 1424 vocavit,

536 1411 758 1480 ejiciens
800 1409 924 1465 illos
952 1423 1019 1464 ex
1048 1423 1301 1480 germana
1348 1408 1465 1479 ejus
1511 1408 1830 1481 cognatione
1852 1453 1867 1479 ,
1894 1420 1949 1467 et
1978 1413 2118 1468 viam

530 1516 731 1573 parans
765 1501 1011 1572 gentibus
1039 1500 1106 1554 ad
1139 1500 1585 1572 propinquitatem
1618 1516 1738 1556 cum
1782 1502 1874 1558 illo
1911 1501 2116 1559 baben-

533 1594 678 1649 dam.
714 1592 913 1649 Deinde
937 1593 1047 1648 ait:
1076 1592 1137 1649 Si
1161 1594 1295 1648 enim
1336 1593 1593 1648 Abraham
1620 1611 1684 1650 ea:
1708 1596 1940 1666 operibus
1954 1599 2115 1669 justi—

533 1688 715 1755 ficatus
742 1694 855 1751 est,
884 1684 1034 1738 habet
1072 1684 1289 1755 gloriam
1310 1726 1327 1751 ,
1357 1685 1447 1740 sed
1472 1702 1572 1740 non
1600 1687 1740 1755 apud
1768 1686 1951 1741 Deum.
1982 1689 2114 1744 Cum

532 1778 760 1832 dixisset
802 1775 997 1846 igitur,
1026 1775 1167 1845 quod
1208 1776 1350 1831 Deus
1398 1776 1861 1833 circumcisionem
1903 1793 1968 1833 ex
2010 1779 2114 1835 ﬁde

530 1867 805 1938 justiﬁeet,
836 1875 891 1922 et
913 1867 1228 1936 prteputium
1256 1866 1383 1923 item
1409 1882 1505 1937 per
1534 1867 1728 1937 ﬁdem,
1760 1878 1815 1925 et
1839 1884 1961 1925 cum
1984 1871 2112 1927 illud

529 1959 584 2014 in
612 1957 902 2029 praemissis
929 1957 1258 2013 sufﬁcienter
1301 1958 1614 2028 probasset;
1647 1975 1743 2029 per
1770 1960 1942 2030 ipsum
1974 1977 2111 2033 quo-

529 2065 632 2121 que
660 2049 926 2104 Abraham
972 2048 1166 2103 melius
1208 2048 1341 2103 illud
1371 2048 1740 2115 demonstrat,
1773 2066 1933 2121 quam
1982 2070 2109 2124 pro-

529 2141 780 2205 miserat,
810 2149 865 2195 et
889 2140 1175 2210 quamdam
1207 2138 1377 2195 efﬁcit
1420 2156 1649 2211 pugnam
1695 2143 1836 2199 inter
1870 2144 2031 2199 ﬁdem
2055 2154 2111 2201 et

528 2250 691 2306 opera
712 2274 727 2298 ,
761 2243 1038 2304 totumque
1065 2240 1337 2288 certamen
1376 2235 1520 2288 circa
1549 2234 1722 2304 ipsum
1744 2235 1948 2305 justum
1979 2246 2129 2293 sta—‘

527 2327 660 2392 tuit;
693 2341 793 2381 nec
821 2326 939 2380 sine
965 2340 1147 2381 causa.
1181 2324 1306 2382 ideo
1334 2326 1499 2381 etiam
1526 2342 1855 2399 magnopere
1877 2329 2109 2388 honorat

526 2423 714 2487 illum,
761 2421 1157 2491 progenitorem
1196 2434 1426 2487 vocans,
1471 2423 1957 2492 necessitatemque
2001 2425 2107 2481 illis

525 2514 805 2583 imponens
832 2520 890 2566 ut
931 2513 985 2565 in
1010 2511 1257 2565 omnibus
1288 2511 1387 2582 ipsi
1410 2512 1803 2583 obtemperent.
1834 2513 1913 2571 Ne
1941 2517 2069 2570 mihi
2087 2558 2104 2583 ,

524 2606 619 2669 ait,
641 2604 882 2660 Judzeum
904 2602 1130 2670 dixeris,
1157 2617 1290 2659 neve
1320 2602 1462 2658 hunc
1488 2604 1573 2659 vel
1603 2604 1757 2659 illnm
1789 2606 1841 2659 in
1868 2607 2105 2663 medium

523 2698 756 2755 adducas
785 2714 800 2751 :
831 2712 930 2767 ego
954 2696 1099 2753 enim
1122 2696 1191 2750 ad
1218 2696 1390 2766 ipsum
1418 2695 1710 2767 fastigium,
1750 2707 1804 2752 et
1832 2698 1973 2755 unde
2003 2700 2106 2755 ini-

523 2792 655 2845 tium
680 2789 886 2859 accepit
904 2787 1018 2858 ipsa
1044 2786 1406 2855 circumcisio,
1423 2787 1679 2843 ascendo.
1704 2788 1766 2844 Si
1791 2792 1923 2845 enim
1948 2792 2105 2847 Abra-

522 2885 640 2937 ham
683 2898 746 2936 ex
772 2881 1007 2951 aperibus
1037 2879 1355 2950 justiﬁcatus
1383 2888 1491 2946 est,
1541 2881 1748 2953 inquit,
1798 2883 1947 2938 habet
1988 2885 2104 2955 glo-

521 2976 672 3041 riam,
691 2973 779 3028 sed
804 2988 906 3026 non
925 2972 1065 3043 apud
1081 2970 1266 3026 Deum.
1287 2971 1587 3028 Obscurum
1607 2981 1691 3029 est
1707 2973 1909 3030 dictum
1937 2976 2063 3031 illud
2083 2994 2098 3042 ;

521 3068 750 3138 ideoque
778 3064 1140 3121 necessarium
1168 3074 1251 3120 est
1278 3064 1451 3134 ipsum
1474 3064 1672 3121 clarius
1693 3066 1943 3122 reddere.
1974 3069 2100 3123 Dum

520 3163 662 3218 enim
693 3169 816 3216 sunt
843 3158 1210 3230 gloriationes,
1243 3157 1345 3211 alia
1373 3156 1440 3212 ab
1460 3159 1714 3227 operibus
1733 3201 1748 3226 ,
1773 3158 1876 3213 alia
1908 3175 1937 3214 a
1969 3160 2097 3217 ﬁde.

517 3255 647 3311 Cum
688 3253 818 3310 dicit
841 3268 969 3323 ergo
989 3292 1005 3316 ,
1038 3252 1100 3306 Si
1129 3267 1193 3305 ea:
1216 3250 1452 3322 aperibus
1471 3252 1787 3321 iustificata:
1813 3264 1884 3308 est
1908 3295 1923 3319 ,
1952 3256 2102 3311 habet

516 3348 774 3419 gloriam,
823 3345 941 3400 sive
978 3342 1389 3414 gloriationem,
1430 3343 1519 3397 sed
1563 3359 1666 3397 non
1715 3344 1856 3414 apud
1904 3345 2096 3413 Deum,

514 3436 747 3493 ostendit
771 3436 921 3490 illum
942 3434 1101 3489 etiam
1121 3448 1151 3487 a
1174 3432 1279 3488 ﬁde
1303 3447 1460 3503 posse
1478 3434 1850 3505 gloriationem
1875 3436 2095 3507 habere,

513 3537 569 3585 ct
592 3527 758 3584 multo
786 3526 1067 3594 majorem.
1094 3524 1281 3594 Magna
1306 3524 1448 3579 enim
1484 3525 1633 3580 Pauli
1660 3526 1741 3581 vis
1772 3527 1823 3582 in
1854 3528 1956 3585 hoc
1985 3547 2101 3586 ma-

513 3618 657 3672 xime
695 3616 1024 3681 ostenditur,
1067 3614 1209 3686 quod
1254 3614 1307 3669 in
1351 3617 1677 3672 contrariam
1724 3627 1928 3688 partem
1982 3638 2095 3678 rem

513 3708 841 3781 propositam
871 3706 1112 3772 verterit,
1143 3706 1215 3760 ita
1244 3714 1303 3760 ut
1329 3706 1471 3776 quod
1503 3707 1650 3763 salus
1680 3710 1766 3765 illa
1800 3726 1897 3781 per
1921 3728 2086 3783 opera

513 3802 705 3864 habet,
740 3807 796 3853 ut
822 3798 1084 3870 glorietur
1112 3804 1167 3851 et
1206 3796 1434 3853 ﬁdenter
1459 3809 1614 3869 agat,
1650 3801 1702 3856 id
1744 3803 1900 3875 longe
1925 3808 2095 3877 magis

512 3893 671 3948 ﬁdem
703 3890 900 3946 habere
926 3888 1195 3944 ostendat.
1227 3887 1360 3942 Nam
1388 3890 1479 3960 qui
1526 3891 1578 3946 in
1610 3894 1866 3963 operibus
1894 3898 2095 3967 gloria-

510 3996 634 4051 tur,
685 3984 897 4038 labores
943 3995 1070 4037 suos
1099 3979 1341 4051 proferre
1388 3992 1593 4053 potest;
1637 3988 1725 4056 qui
1769 3999 1945 4043 antem
1993 3992 2090 4046 sibi

508 4076 821 4147 gratulatur,
849 4074 989 4144 quod
1021 4074 1129 4128 Deo
1149 4073 1355 4142 credat,
1386 4077 1555 4131 multo
1577 4078 1832 4148 majorem
1859 4082 2091 4151 glorian-

508 4171 560 4225 di
590 4183 774 4223 ansam
797 4166 1067 4233 ostendit,
1099 4176 1283 4237 utpote
1310 4169 1401 4238 qui
1432 4169 1718 4227 Dominum
1747 4175 2002 4244 gloriﬁcet
2035 4189 2091 4234 et

508 4259 838 4332 magniﬁcet.
871 4257 1004 4326 Qua:
1027 4259 1170 4313 enim
1212 4275 1319 4314 non
1343 4259 1563 4317 dictavit
1590 4279 1770 4319 rerum
1795 4267 2087 4325 visibilium

506 4362 725 4419 natura,
758 4366 788 4405 a
817 4349 923 4405 ﬁde
952 4348 1004 4404 in
1052 4349 1220 4404 Deum
1269 4350 1574 4422 accipiens,
1626 4355 1890 4413 sinceram
1926 4363 2085 4417 etiam

508 4461 633 4514 erga
661 4460 783 4500 eum
807 4442 1081 4498 caritatem
1113 4441 1376 4511 exhibuit,
1405 4453 1459 4500 et
1488 4445 1820 4514 splendidam
1844 4453 1958 4520 ejus
1986 4468 2087 4523 po-

506 4538 726 4593 tentiam
757 4534 1085 4605 praedicavit.
1120 4533 1255 4589 illud
1284 4550 1414 4591 vero
1442 4540 1841 4608 generosissimi
1862 4554 1953 4601 .est
1979 4547 2088 4602 ani-

505 4631 614 4695 mi,
665 4624 1048 4697 philosopbicze
1088 4626 1405 4693 sententiae,
1471 4631 1774 4703 mentisque
1818 4635 2079 4694 sublimis.

501 4722 637 4784 Nam
668 4737 771 4776 non
812 4718 1009 4783 furari,
1043 4735 1146 4773 non
1180 4720 1449 4789 occidere,
1479 4723 1777 4795 vulgarium
1804 4729 2078 4788 hominum

502 4815 619 4871 est;
662 4804 883 4860 credere
924 4818 1051 4858 vero
1100 4805 1242 4873 quod
1288 4806 1640 4877 impossibilia
1686 4816 1854 4882 possit
1904 4817 2076 4887 Deus,

500 4912 694 4969 magno
723 4894 1006 4951 admodum
1037 4896 1216 4949 animo
1244 4907 1393 4966 eget,
1427 4907 1479 4954 et
1504 4915 1626 4972 erga
1676 4904 1849 4973 ipsum
1877 4912 2079 4980 optime

499 4988 691 5045 aﬁecto
716 5004 730 5041 :
758 4989 955 5043 etenim
995 5002 1265 5058 germana:
1308 4991 1549 5047 caritatis
1594 4993 1696 5050 hoc
1726 4997 1935 5068 signum
1977 5013 2078 5057 est.

502 5082 668 5136 Deum
710 5091 858 5135 certe
896 5080 1025 5134 colit
1073 5080 1163 5155 qui
1212 5093 1478 5153 pratcepta
1528 5085 1752 5156 implet;
1805 5094 2081 5165 multoque

498 5173 666 5242 magis
696 5169 782 5224 hic
804 5211 817 5235 ,
848 5170 935 5239 qui
968 5184 1061 5237 per
1087 5171 1245 5226 ﬁdem
1287 5173 1712 5245 philosophatur.
1743 5178 1836 5235 ille
1864 5184 2078 5253 quidem

498 5263 600 5333 ipsi
630 5260 902 5327 obedivit;
932 5259 1022 5316 hic
1050 5276 1179 5316 vero
1209 5265 1618 5321 convenientem
1647 5268 1716 5325 de
1746 5272 1838 5329 illo
1865 5275 2075 5344 opinio-

500 5369 621 5409 nem
665 5350 902 5421 acceplt,
934 5359 989 5407 et
1029 5352 1199 5423 magis
1226 5371 1383 5425 quam
1436 5374 1530 5427 per
1558 5375 1780 5430 operum
1811 5370 2080 5424 ostensio-

494 5461 619 5500 nem
650 5430 824 5516 ipsum
867 5443 1185 5514 glorilicavit
1228 5455 1284 5502 et
1325 5448 1621 5507 admiratus
1668 5463 1770 5509 est.
1825 5458 1917 5513 illa
1948 5475 2079 5531 ergo

494 5536 738 5606 gloriatio
768 5544 912 5590 recte
953 5538 1224 5604 operantis
1254 5548 1369 5604 est;
1420 5541 1536 5597 haec
1562 5559 1693 5601 vero
1720 5548 1886 5604 Deum
1913 5553 2079 5620 glori-

496 5626 656 5692 ﬁcat,
690 5635 905 5697 totaque
947 5626 1113 5696 ipsius
1152 5636 1254 5685 est.
1286 5629 1561 5688 Gloriatur
1587 5638 1727 5693 enim
1749 5682 1763 5705 ,
1796 5644 1933 5712 quod
1965 5662 2077 5700 ma-

472 5709 597 5787 gna
621 5716 688 5773 de
715 5717 809 5773 illo
837 5718 1142 5788 concipiat,
1171 5720 1312 5791 quod
1344 5723 1397 5778 in
1441 5725 1583 5783 illius
1611 5709 1831 5798 gloriam
1862 5740 2070 5794 transit.

492 5807 619 5866 ideo
643 5806 718 5864 ait
756 5808 905 5865 illum
935 5810 1135 5868 habere
1158 5813 1535 5884 gloriationem
1579 5822 1632 5880 in
1660 5824 1772 5884 Deo
1802 5844 1816 5885 :
1845 5845 1952 5887 non
1977 5831 2075 5890 hac

1285 373 1343 432 S.
1381 372 1658 433 JOANNIS
1691 372 2165 431 CHRYSOSTOMI
2212 376 2524 436 ARCHIEP.
2546 381 3077 450 CONSTANTINOP.

3712 411 3800 466 ωδ

2230 506 2361 547 vero
2410 496 2619 563 solum,
2661 500 2757 556 sed
2803 512 2858 559 et
2895 506 3002 561 alia
3047 508 3116 565 de
3162 525 3346 569 causa.
3378 516 3654 575 Gloriatur
3679 525 3802 579 enim

2232 601 2446 643 rursum
2477 589 2647 646 ﬁdelis
2667 632 2681 657 ,
2710 610 2817 650 non
2847 598 3007 655 modo
3032 604 3177 671 quod
3211 605 3375 663 Deum
3403 611 3617 669 sincere
3643 628 3802 683 amet,

2231 679 2326 734 sed
2357 683 2497 750 quod
2529 700 2721 753 magno
2745 689 2866 759 ejus
2912 693 3116 751 honore
3137 708 3193 753 et
3216 715 3400 759 amore
3428 704 3661 764 fruatur.
3708 679 3810 766 Sic;

2233 779 2291 824 ut
2317 774 2457 827 enim
2487 775 2601 845 ipse
2629 779 2773 835 illum
2806 785 3036 853 amavit,
3085 803 3276 860 magna
3305 793 3373 849 de
3416 796 3511 851 illo
3561 798 3809 869 imagina-

2233 872 2318 919 tus
2346 864 2365 937 (
2390 864 2491 922 hoc
2510 870 2651 925 enim
2678 876 2878 931 amoris
2902 892 3275 949 argumentum
3303 886 3422 958 est)
3451 906 3465 942 :
3494 891 3577 946 sic
3604 901 3662 947 et
3684 895 3811 952 Deus

2230 953 2377 1009 illum
2400 965 2597 1014 amavit
2619 967 2887 1021 sexcentis
2915 973 3151 1037 peccatis
3176 975 3501 1045 obnoxium,
3533 998 3637 1039 nec
3667 988 3810 1042 modo

2226 1059 2258 1098 a
2288 1048 2547 1116 supplicio
2573 1052 2841 1122 liberavit,
2869 1059 2964 1114 sed
2992 1063 3156 1118 etiam
3181 1065 3388 1135 justum
3413 1072 3617 1127 eﬂ'ecit.
3652 1075 3810 1134 Habet

2228 1134 2384 1207 igitur
2404 1141 2668 1210 gloriandi
2691 1162 2930 1215 causam,
2966 1163 3153 1223 utpote
3180 1134 3267 1227 qui
3300 1176 3491 1233 magna
3524 1166 3809 1226 dilectione

2224 1226 2470 1296 dignatus
2499 1233 2589 1287 sit.
2619 1236 2674 1290 3.
2732 1240 2870 1304 Quid
2907 1244 3041 1296 enim
3086 1226 3211 1300 dicit
3251 1226 3810 1322 Scriptura.’Credidit

2222 1316 2479 1375 Abraham
2506 1322 2635 1391 Deo,
2661 1337 2707 1381 et
2734 1340 3023 1400 reputatum
3048 1346 3123 1390 est
3163 1339 3242 1393 illi
3264 1342 3334 1394 ad
3350 1316 3639 1411 justitiam.
3674 1350 3731 1403 4.
3753 1350 3808 1405 Ei

2221 1420 2387 1463 autem
2411 1413 2499 1483 qui
2526 1427 2764 1486 operatur
2783 1460 2797 1485 ,
2829 1438 3017 1478 merces
3058 1443 3161 1481 non
3205 1430 3491 1500 imputatur
3535 1441 3806 1495 secundum:

2218 1503 2467 1572 gratiam,
2513 1508 2603 1560 sed
2627 1512 2903 1565 secundum
2933 1518 3184 1572 meritum.
3228 1521 3369 1592 Ergo
3394 1566 3409 1586 ,
3440 1527 3686 1596 inquies,
3718 1530 3805 1585 hoc

2219 1594 2394 1662 majus
2419 1596 2542 1650 est?
2574 1598 2921 1672 Nequaquam
2953 1623 2967 1659 :
2996 1623 3118 1663 nam
3147 1621 3200 1665 et
3227 1614 3467 1669 credenti
3495 1594 3801 1689 imputatur;

2217 1699 2325 1739 non
2357 1687 2712 1757 imputaretur
2740 1707 2953 1763 autem,
2987 1701 3087 1755 nisi
3131 1703 3245 1773 ipse
3287 1707 3489 1777 aliquid
3522 1687 3801 1771 attulisset.

2284 1775 2339 1830 2.
2372 1776 2551 1848 itaque
2581 1781 2669 1837 hic
2700 1786 2859 1841 etiam
2907 1789 3203 1849 debitorem
3251 1775 3409 1853 habet
3451 1801 3629 1857 Deum
3666 1847 3681 1868 ,
3711 1824 3799 1864 nec

2213 1869 2505 1937 vulgarium
2548 1888 2730 1931 rerum
2775 1878 3108 1952 debitorem,
3151 1888 3246 1942 sed
3278 1905 3597 1961 magnarum
3630 1908 3685 1951 et
3712 1915 3796 1952 su-

2213 1958 2477 2015 blimium.
2505 1962 2795 2035 Postquam
2825 1972 2969 2026 enim
2999 1977 3235 2032 ostendit
3274 1958 3417 2036 illius
3446 1985 3616 2038 animi
3639 1990 3796 2043 subli-

2213 2053 2448 2110 mitatem
2466 2066 2520 2111 et
2539 2059 2873 2147 spiritualem
2898 2077 3153 2137 mentem,
3178 2086 3282 2126 non
3311 2074 3636 2145 simpliciter
3654 2081 3793 2149 dixit,

2211 2140 2481 2210 Credenti,
2502 2149 2617 2211 sed,
2642 2151 2693 2206 5.
2716 2135 2951 2210 Credenti
2975 2162 3029 2211 in
3055 2135 3168 2214 eum
3186 2164 3271 2232 qui
3282 2135 3547 2237 justijicat
3567 2135 3791 2239 impium:

2212 2229 2505 2302 imputatur
2519 2236 2653 2294 ﬁdes
2678 2241 2842 2311 ipsius
2874 2247 2925 2300 in
2949 2229 3231 2317 justitiam.
3255 2229 3439 2326 Cogita
3460 2261 3611 2314 enim
3635 2229 3794 2332 quan-

2211 2330 2320 2377 tum
2359 2328 2461 2381 hoc
2491 2330 2581 2394 sit,
2612 2336 2832 2389 credere
2875 2347 2929 2392 et
2952 2344 3238 2399 certiorem
3266 2345 3403 2413 ﬁeri,
3436 2351 3586 2421 quod
3637 2328 3793 2423 possit

2210 2412 2354 2470 Deus
2383 2432 2503 2474 eum
2528 2461 2543 2487 ,
2574 2424 2663 2492 qui
2698 2424 2750 2479 in
2784 2427 3053 2498 impietate
3111 2434 3340 2504 vixerit,
3369 2412 3602 2511 repente
3627 2412 3728 2500 non
3764 2464 3791 2501 ι

2207 2510 2469 2578 supplicio
2500 2522 2705 2571 tantum
2744 2519 2993 2588 liberare,
3036 2527 3132 2582 sed
3170 2531 3331 2585 etiam
3356 2510 3570 2602 justum
3597 2539 3786 2603 facere,

2207 2608 2262 2654 et
2311 2602 2700 2666 immortalibus
2737 2612 2843 2667 illis
2886 2616 3095 2687 dignari
3141 2620 3460 2682 honoribus.
3499 2628 3583 2685 Ne
3615 2632 3788 2703 itaque

2207 2700 2362 2761 putes
2402 2695 2547 2752 hunc
2581 2701 2845 2760 minorem
2875 2721 3032 2775 esse,
3060 2714 3312 2781 quoniam
3354 2718 3429 2772 illi
3461 2736 3576 2776 non
3607 2740 3788 2779 secun—

2204 2781 2332 2837 dum
2374 2788 2596 2855 gratiam
2641 2792 2953 2863 imputatur.
3001 2799 3114 2857 Hoc
3155 2808 3299 2859 enim
3344 2807 3527 2877 ipsum
3572 2814 3694 2869 facit
3736 2827 3790 2871 ut

2207 2871 2379 2930 ﬁdelis
2408 2880 2477 2934 sit
2504 2882 2837 2951 splendidus,
2857 2890 2999 2959 quod
3019 2899 3166 2948 tanta
3188 2871 3399 2952 fruatur
3424 2900 3629 2971 gratia,
3650 2908 3788 2975 quod

2205 2974 2405 3025 tantam
2455 2973 2706 3031 exhibeat
2763 2978 2944 3039 Iidem.
2993 2983 3063 3038 Et
3105 2987 3226 3043 vide
3268 2992 3534 3061 majorem
3583 2973 3789 3069 quoque

2203 3061 2634 3122 retributionem.
2692 3070 2775 3125 illi
2814 3074 2956 3129 enim
3004 3092 3216 3136 merces
3262 3081 3443 3150 datur,
3493 3086 3624 3143 huic
3667 3107 3789 3147 vero

2198 3150 2401 3221 justitia
2435 3173 2449 3210 :
2482 3159 2651 3215 multo
2678 3172 2858 3218 autem
2899 3168 3073 3237 major
3113 3181 3197 3226 est
3220 3174 3430 3242 justitia
3474 3184 3725 3238 mercede
3770 3204 3782 3239 :

2202 3245 2397 3301 multas
2424 3252 2620 3320 quippe
2657 3257 3029 3326 complectitur
3067 3262 3275 3331 justitia
3318 3271 3629 3329 mercedes.
3659 3278 3783 3333 Cum

2202 3351 2331 3406 ergo
2361 3354 2426 3395 ex
2453 3343 2763 3401 Abrahamo
2788 3347 2889 3403 hoc
2927 3355 3272 3424 ostendisset,
3305 3360 3567 3419 Davidem
3598 3366 3785 3425 deinde

2201 3427 2403 3485 inducit
2427 3431 2586 3489 dictis
2614 3437 3050 3508 adstipulantem.
3072 3440 3219 3515 'Quid
3261 3467 3392 3524 ergo
3433 3456 3569 3511 dicit
3601 3460 3780 3525 David.

2199 3531 2254 3575 et
2281 3538 2439 3592 quem
2470 3526 2681 3584 beatum
2712 3533 3008 3601 praedicat?
3050 3556 3245 3599 eumne
3291 3548 3381 3615 qui
3427 3550 3481 3603 in
3534 3556 3781 3622 operibus

2199 3612 2479 3683 gloriatur,
2510 3634 2576 3675 an
2606 3638 2729 3678 eum
2759 3628 2849 3696 qui
2876 3631 3099 3699 gratiam
3129 3612 3355 3707 accepit,
3379 3656 3447 3696 ac
3471 3612 3779 3714 quiIremis-

2198 3704 2406 3762 sionem
2454 3722 2509 3764 ct
2564 3713 2762 3770 donum
2805 3722 3026 3777 sortitus
3062 3727 3187 3780 est?
3221 3727 3623 3791 Beatitudinem
3667 3755 3777 3794 cum

2196 3797 2334 3866 dico,
2387 3803 2599 3861 culmen
2645 3808 2907 3867 bonorum
2951 3819 3189 3873 omnium
3241 3822 3383 3878 dico.
3437 3826 3595 3885 Sicut
3645 3836 3776 3887 enim

2198 3894 2447 3951 mercede
2474 3898 2645 3967 major
2667 3912 2751 3957 est
2771 3905 3001 3973 justitia,
3029 3911 3108 3965 sic
3131 3912 3334 3982 justitia
3365 3921 3543 3989 major
3558 3934 3640 3977 est
3665 3926 3777 3979 bea-

2198 3986 2386 4046 titudo.
2412 3987 2542 4044 Cum
2573 3998 2897 4054 ostendisset
2920 4018 3048 4073 ergo
3065 4005 3329 4073 justitiam
3347 3986 3614 4083 majorem
3638 4034 3768 4086 esse,

2197 4092 2301 4131 non
2334 4080 2473 4149 quod
2500 4084 2766 4142 Abraham
2790 4090 2933 4145 illam
2964 4080 3477 4169 acceperittantuni,
3503 4108 3599 4161 sed
3622 4113 3772 4164 etiam

2194 4185 2224 4223 a
2272 4174 2565 4230 ratiociniis
2608 4178 2800 4248 (Habet
2844 4184 2975 4238 enim
3014 4188 3390 4259 gloriationem,
3446 4197 3642 4267 inquit,
3690 4206 3770 4255 sed

2195 4279 2296 4318 non
2320 4268 2461 4335 apud
2488 4266 2691 4342 Deum)
2720 4289 2735 4338 ;
2780 4275 2886 4329 alio
2910 4279 3072 4333 etiam
3102 4282 3262 4337 modo
3292 4285 3438 4340 illam
3486 4266 3769 4346 honorabi-

2192 4355 2383 4412 liorem
2432 4359 2785 4433 demonstrat,
2836 4368 3089 4427 Davidem
3120 4373 3398 4432 adducens
3436 4381 3541 4451 ipsi
3589 4386 3769 4439 suifra-

2192 4458 2406 4518 gantem
2437 4470 2450 4507 :
2481 4453 2611 4509 Nam
2650 4455 2735 4513 hic
2760 4500 2775 4524 ,
2815 4460 3022 4531 inquit,
3074 4481 3195 4521 eum
3224 4471 3312 4539 qui
3356 4471 3429 4525 ita
3457 4475 3770 4543 justiﬁcatus

2191 4550 2274 4595 est
2299 4541 2512 4599 beatum
2543 4548 2797 4616 praedicat
2835 4552 2917 4608 his
2947 4556 3125 4612 verbis
3154 4576 3167 4612 :
3195 4560 3248 4615 7.
3277 4560 3425 4617 Beati
3453 4541 3667 4635 quorum
3693 4588 3767 4623 re-

2191 4635 2360 4689 missae
2397 4648 2513 4692 sunt
2538 4640 2826 4712 iniquitates
2854 4646 2871 4718 (
2898 4644 3042 4702 Psal.
3058 4646 3157 4705 31.
3189 4653 3214 4707 1
3241 4658 3281 4723 ).
3317 4660 3395 4710 Ac
3420 4660 3636 4716 videtur
3659 4663 3769 4732 qui-

2187 4727 2309 4784 dem
2358 4745 2465 4786 non
2505 4748 2806 4805 congruens
2856 4740 3217 4799 testimonium
3262 4749 3512 4817 proferre
3555 4771 3568 4807 :
3609 4771 3769 4825 neque

2190 4822 2333 4877 enim
2361 4824 2513 4893 dixit,
2549 4827 2695 4883 Beati
2724 4846 2949 4901 quorum
2983 4835 3117 4891 ﬁdes
3143 4839 3194 4892 in
3233 4842 3503 4910 justitiam
3536 4822 3766 4918 reputat:

2189 4923 2273 4968 est
2302 4933 2314 4969 :
2349 4917 2401 4971 id
2432 4920 2573 4988 quod
2633 4923 2720 4977 ille
2772 4927 3003 4994 prudens
3034 4929 3162 4987 facit
3188 4975 3203 4999 ,
3250 4950 3355 4991 non
3387 4917 3675 5008 ignorans,
3716 4952 3768 4998 ut

2190 5004 2447 5076 majorem
2471 5013 2717 5067 ostendat
2737 5015 3085 5087 hyperbolen.
3112 5022 3165 5078 Si
3189 5027 3330 5081 enim
3347 5004 3542 5087 beatus
3568 5044 3647 5090 est
3664 5004 3763 5100 hic.

2190 5099 2281 5168 qui
2322 5103 2697 5161 remissionem
2741 5112 2950 5181 accepit
2978 5129 3073 5182 per
3091 5118 3316 5185 gratiam
3344 5138 3359 5187 ;
3409 5126 3586 5181 multo
3610 5130 3784 5206 magisd

2190 5193 2278 5261 qui
2314 5192 2637 5262 justiﬁcatus
2680 5209 2784 5267 est,
2818 5204 2907 5272 qui
2947 5204 3105 5260 ﬁdem
3155 5210 3414 5268 exhibuit.
3454 5215 3557 5272 Ubi
3596 5192 3761 5275 autem

2190 5286 2512 5345 beatiﬁcatio
2540 5301 2624 5347 est
2647 5334 2661 5355 .
2691 5294 2925 5352 dedecus
2949 5313 3109 5355 omne
3134 5304 3404 5361 sublatum
3434 5320 3518 5364 est
3536 5352 3549 5373 ,
3579 5322 3631 5368 et
3655 5330 3763 5367 ma-

2190 5392 2290 5447 gna
2321 5390 2405 5435 est
2431 5382 2597 5452 gloria
2630 5403 2642 5437 :
2675 5402 2797 5441 nam
2845 5390 3166 5448 bealiﬁcatio
3209 5409 3554 5467 augmentum
3600 5414 3681 5460 est
3715 5416 3765 5460 et

2187 5470 2452 5527 mercedis
2475 5484 2527 5528 et
2552 5476 2754 5544 gloriae.
2786 5479 3123 5551 Quapropter
3150 5485 3202 5540 id
3226 5528 3242 5552 ,
3285 5488 3339 5543 in
3378 5507 3488 5559 quo
3519 5495 3605 5549 ille
3634 5512 3763 5565 pras-

2185 5571 2311 5627 stat,
2345 5578 2451 5620 non
2481 5568 2684 5637 scripto
2712 5572 2967 5641 exprimit
2996 5591 3118 5630 cum
3164 5578 3293 5634 dicit
3324 5600 3337 5635 :
3372 5583 3440 5637 Ei
3481 5589 3613 5640 enim
3637 5631 3651 5651 ,
3681 5591 3769 5662 qui

2186 5666 2459 5724 operatur,
2502 5675 2692 5715 merces
2737 5680 2837 5718 non
2880 5666 3160 5735 imputatur
3191 5674 3468 5729 secundum
3510 5681 3764 5748 gratiam;

2190 5746 2319 5802 illud
2350 5766 2498 5816 vero,
2532 5753 2584 5807 in
2615 5771 2719 5824 quo
2765 5757 2936 5814 ﬁdelis
2970 5764 3219 5827 pra-uellit
3240 5808 3253 5829 ,
3283 5781 3348 5821 ex
3382 5771 3583 5840 scripto
3614 5775 3761 5827 testi.

2188 5844 2366 5897 muttit)
2393 5844 2582 5913 probat
2623 5848 2805 5905 dicetis
2837 5870 2849 5904 :
2884 5853 3025 5909 Sicut
3057 5857 3183 5910 dixit
3212 5857 3377 5914 Dauid
3402 5876 3423 5917 .‘
3450 5862 3609 5931 Beati,
3634 5882 3755 5934 quo.
