4040 6212
412 257 477 317 ιι
1321 259 1551 318 PIUEF.
1593 261 1844 320 SAVlLll
1883 263 1952 319 IN
1990 265 2174 322 ACTA
2214 264 2750 325 APOSTOLORUH.
2843 253 2848 258 ’
3590 277 3661 336 is

413 377 673 447 Cenesin)
706 377 806 450 τῆς
832 378 892 433 έν
916 380 1040 444 τατς
1071 379 1314 453 Πράξεσι
1343 384 1616 455 φράσεως,
1646 385 1738 440 ἐπὶ
1761 387 1821 442 τὸ
1849 406 2008 444 ταπει

2064 389 2235 462 ίτερον
2266 390 2682 464 ἀπενηνεγμένη
2721 411 2736 449 :
2775 392 2920 463 quod
2955 404 3163 465 aperte,
3185 407 3246 454 ut
3277 397 3411 455 mihi
3439 400 3659 470 quidem

413 474 648 543 videtur,
687 477 731 532 si
763 477 829 531 de
856 476 1004 532 hisce
1028 477 1284 548 accipias,
1329 495 1486 535 secus
1523 490 1626 537 est.
1651 483 1827 553 Atque
1855 485 1972 540 hac
2001 485 2115 540 fere
2141 495 2288 553 sunt,
2319 502 2441 558 quae
2480 485 2535 540 in
2575 501 2694 541 eam
2725 497 2935 557 partem
2964 490 3279 546 atterantur.
3313 493 3445 560 Quae
3473 507 3656 550 tamen

411 567 592 621 omnia
618 584 738 623 eam
771 568 880 623 vim
911 585 1020 624 non
1051 570 1274 633 habent,
1307 580 1364 626 nt
1400 573 1533 628 mihi
1564 575 1646 629 vel
1674 577 1942 631 tantillum
1981 577 2347 648 persuadeant
2388 580 2610 648 γνήσιον
2639 579 2786 633 hunc
2816 580 3029 648 rnatum,
3079 583 3182 637 etsi
3217 583 3397 639 minus
3429 586 3656 644 fortasse

409 659 628 729 ὡραῖον,
677 677 706 714 a
758 662 965 733 γνησίῳ
1008 672 1161 732 patre
1212 663 1542 732 abjudicare.
1599 666 1676 720 Ac.
1730 668 1928 737 primo,
1986 679 2230 724 ramenta
2278 672 2525 741 quaedam
2585 673 2786 742 passim
2834 683 3120 743 apparent,
3165 691 3288 744 qua:
3339 679 3552 734 nonnisi
3585 681 3654 736 ab

411 765 576 806 aurea
600 751 687 806 illa
723 768 860 808 vena
890 767 1110 807 manare
1138 761 1453 822 potuerunt.
1485 756 1554 808 At
1594 756 1761 810 multa
1787 767 1936 824 sunt,
1964 758 2163 828 inquis,
2188 759 2462 829 plumbea.
2488 760 2832 830 Respondeo,
2865 761 3162 830 proclivius
3191 779 3312 819 esse
3351 769 3655 839 χρυπρῤή-

419 859 541 912 μονι
567 853 755 898 nostro
779 844 973 898 alicubi
1009 844 1158 898 humi
1182 861 1391 915 repere,
1420 845 1662 918 adeoque
1683 849 1884 919 jacere,
1924 865 2085 919 quam
2109 850 2197 905 alii
2224 851 2290 905 ad
2317 851 2437 921 ejus
2464 850 2807 906 altitudinem
2836 867 3121 923 assurgere
3154 871 3167 906 :
3204 862 3262 907 ut
3292 864 3514 924 propter
3556 858 3654 912 ali-

408 953 512 1006 qua
543 939 938 995 admirabiliter
967 941 1167 1011 scripta
1197 941 1377 996 malim
1400 942 1844 1014 Chrysostomum
1872 944 2170 1001 inscribere
2188 955 2487 1011 auctorem,
2518 961 2679 1017 quam
2714 947 2877 1000 alium
2924 955 3148 1017 propter
3175 951 3436 1004 nonnulla
3470 951 3648 1006 Immi-

409 1032 534 1089 lius.
569 1032 771 1088 Deinde
799 1035 920 1104 quis
951 1037 1144 1101 nescit,
1175 1052 1284 1091 non
1310 1038 1532 1092 eosdem
1565 1052 1686 1092 esse
1732 1053 1922 1094 omnes
1953 1041 2101 1095 omni
2142 1043 2424 1112 tempore?
2447 1041 2616 1097 Aliter
2643 1041 2964 1111 eloquentiae
2988 1041 3190 1096 Latinae
3228 1042 3483 1113 princeps
3515 1045 3661 1103 dixit

406 1123 825 1189 adolescentior,
857 1124 1012 1179 aliter
1034 1126 1147 1195 jam
1178 1127 1500 1183 consularis.
1532 1127 1602 1182 Et
1627 1129 1698 1183 de
1727 1129 2112 1200 Chrysostomo
2142 1142 2329 1187 nostro
2359 1133 2636 1188 verissime
2680 1133 2928 1197 Photius,
2977 1132 3154 1202 ipsum
3197 1134 3525 1200 Antiochiae,
3571 1151 3662 1190 se-

405 1223 614 1268 motum
638 1228 668 1267 a
692 1215 926 1284 publicis
949 1216 1113 1280 curis,
1147 1218 1317 1272 multo
1345 1219 1653 1274 accuratius
1682 1219 2026 1289 limatiusque
2051 1221 2357 1291 scripsisse,
2396 1238 2557 1291 quam
2589 1223 2843 1277 eumdem
2869 1221 3341 1295 Constantinopoli
3392 1227 3657 1297 ἀρχιερα-

404 1305 630 1360 τεύοντα
664 1325 676 1360 :
705 1307 760 1360 in
790 1309 934 1377 quod
964 1318 1176 1379 tempus
1207 1309 1340 1373 haec,
1368 1325 1489 1379 qua:
1518 1311 1571 1364 in
1595 1311 1846 1366 manibus
1873 1311 2156 1376 habemus,
2192 1313 2444 1367 incidisse
2486 1313 2606 1368 luce
2637 1313 2836 1368 clarius
2860 1322 2961 1369 est.
3018 1314 3094 1370 De
3123 1331 3356 1370 numero
3390 1314 3658 1371 Photiano

404 1397 735 1466 respondeo,
770 1399 911 1454 idem
941 1399 1101 1471 objiei
1132 1417 1292 1471 posse
1316 1401 1384 1456 de
1420 1403 1669 1459 Homiliis
1701 1404 1756 1458 in
1780 1403 2035 1469 Cenesin,
2069 1419 2191 1473 qua:
2229 1404 2348 1459 sine
2377 1404 2543 1460 dubio
2563 1421 2835 1475 germanae
2868 1414 3017 1474 sunt,
3055 1415 3110 1461 et
3144 1423 3254 1461 non
3291 1409 3475 1477 plures
3510 1406 3657 1462 Pho-

404 1489 480 1544 tio
506 1506 611 1545 una
642 1500 697 1544 et
731 1493 1026 1563 sexaginta,
1067 1508 1188 1548 cum
1223 1503 1400 1548 tamen
1431 1509 1622 1551 omnes
1648 1497 1817 1551 nostri
1853 1496 2078 1552 Codices
2105 1507 2314 1567 septem
2340 1507 2395 1551 et
2423 1497 2697 1567 sexaginta
2724 1499 3034 1568 praeferant,
3069 1506 3129 1552 ut
3177 1499 3261 1554 vel
3293 1498 3544 1553 Pliotium
3571 1501 3661 1556 hic

401 1593 457 1639 et
487 1583 560 1638 ibi
583 1583 844 1638 memoria
863 1586 1072 1654 lapsum
1100 1601 1220 1642 esse
1246 1602 1469 1642 necesse
1497 1586 1586 1653 sit,
1622 1587 1707 1642 vel
1743 1588 1798 1641 in
1834 1586 2061 1644 Codices
2083 1588 2339 1644 incidisse
2369 1588 2549 1643 minus
2576 1589 2836 1660 integros,
2871 1590 2954 1645 vel
2975 1590 3270 1644 oscitantes
3293 1591 3542 1645 librarios
3571 1591 3662 1648 hic

401 1695 502 1749 pro
535 1688 608 1732 vs'
648 1680 792 1735 facili
833 1681 984 1751 lapsu
1021 1682 1310 1752 scripsisse
1337 1690 1400 1738 ν’.
1429 1681 1538 1737 Has
1562 1683 1708 1738 enim
1738 1697 1878 1746 esse,
1905 1698 2041 1752 quas
2067 1684 2178 1752 jam
2209 1683 2461 1738 manibus
2497 1684 2743 1746 terimus.
2777 1700 2886 1739 non
2919 1684 3052 1739 alias
3093 1685 3148 1738 in
3179 1687 3312 1740 Acta
3347 1686 3596 1740 homilias
3627 1702 3659 1741 a

400 1774 597 1831 Photio
623 1776 870 1848 intelligi,
902 1777 1064 1831 verba
1090 1777 1260 1846 ipsius
1283 1791 1472 1846 aperte
1499 1777 1779 1833 declarant
1816 1795 1829 1831 :
1857 1777 1913 1829 αἱ
1946 1779 1995 1845 γι

2083 1779 2162 1840 είς
2194 1777 2294 1840 τὰς
2323 1777 2558 1848 Πρὰξεις
2590 1777 2799 1845 ὁμιλίαι
2821 1781 3155 1850 πεντήκοντα
3183 1779 3284 1849 μέν
3315 1780 3440 1841 είσι,
3472 1779 3658 1850 σχεδὸν

395 1868 455 1920 δὲ
488 1868 557 1920 δι’
587 1867 710 1922 ὅλου
743 1867 892 1938 αὐτῷ
922 1867 1016 1922 τοῦ
1037 1867 1284 1922 ἐνιαυτοῦ
1313 1868 1646 1940 ἐρρήθησαν.
1675 1870 1750 1921 Οὐ
1779 1869 1887 1938 γὰρ
1922 1868 2044 1922 καθ’
2074 1868 2287 1939 ἡμέραν
2311 1868 2536 1931 ταύτας,
2563 1867 2700 1921 ἀλλὰ
2726 1869 2819 1921 καὶ
2847 1868 2987 1940 ὑπὲρ
3019 1869 3179 1922 πέντε
3233 1869 3438 1940 (malim
3465 1873 3613 1941 τρεῖς
3639 1888 3653 1927 :

399 1959 639 2030 reSpexit
661 1960 806 2014 enim
839 1960 906 2014 ad
935 1959 1116 2014 locum
1151 1960 1203 2013 in
1237 1960 1385 2014 hom.
1411 1959 1820 2031 quadragesima
1843 1969 1994 2028 quart

2066 1958 2153 2012 διὰ
2181 1958 2346 2030 τριῶν
2384 1958 2641 2022 πολλάκις
2670 1959 2896 2029 ἡμερῶν
2931 1958 2964 2028 ἢ
2993 1959 3132 2013 ἑπτὰ
3162 1958 3319 2013 τοῦτο
3353 1958 3654 2029 ποιοῦντες)

396 2054 489 2106 καὶ
522 2052 663 2123 ὑπὲρ
699 2051 860 2117 ἑπτὰ,
889 2053 983 2105 καὶ
1013 2051 1184 2104 πλείω
1221 2051 1369 2122 (fort.
1399 2051 1616 2113 πλείους
1669 2071 1682 2106 :
1727 2067 1855 2106 nam
1885 2052 1953 2107 de

2058 2052 2184 2107 ebus
2230 2052 2490 2121 loquitur)
2521 2050 2846 2122 καθωμίλει·
2880 2051 2946 2116 ἃς
2977 2052 3135 2122 δῆλον
3166 2054 3329 2117 αὐτος
3365 2056 3532 2118 ποιεῖ,
3570 2056 3653 2109 ὅτι

395 2143 804 2218 ἀρχιερατεύων
829 2143 968 2196 κατὰ
991 2143 1049 2196 τὸ
1078 2142 1261 2212 τρίτον
1289 2142 1406 2206 ἔτος
1439 2141 1707 2214 ὡμίλησε.
1737 2143 1933 2208 Locus,
1961 2161 1990 2199 a

2058 2160 2217 2214 quem
2264 2145 2501 2215 respexit
2548 2143 2794 2210 Photius,
2842 2156 2926 2200 est
2966 2146 3022 2199 in
3053 2146 3200 2202 hom.
3241 2147 3653 2218 quadragesima

395 2250 610 2312 quarta,
640 2255 761 2311 pag.
795 2239 921 2305 856,
953 2239 1050 2292 lin.
1080 2240 1149 2294 59
1177 2237 1254 2310 [p.
1281 2240 1386 2294 555
1406 2239 1492 2304 1).,
1519 2238 1732 2304 Montl‘.,
1761 2240 1866 2294 col.
1903 2240 2027 2304 512,
2059 2241 2157 2294 lin.
2184 2240 2254 2294 55
2277 2241 2365 2295 ed.
2399 2239 2573 2311 nov.],
2599 2240 2691 2296 ubi
2715 2249 2930 2310 arrepta
2955 2242 3239 2296 occasione
3267 2257 3333 2296 ex
3355 2241 3502 2296 Pauli
3529 2257 3654 2298 ver-

398 2332 499 2393 bis,
531 2328 983 2400 μνημονεύοντες,
1014 2329 1094 2381 ὅτι
1119 2329 1359 2401 τριετίαν
1383 2329 1553 2382 νύκτα
1582 2331 1677 2382 καὶ
1699 2330 1911 2399 ἡμέραν
1944 2330 1993 2382 οί

2077 2329 2428 2400 ἐπαυσάμην,
2461 2331 2716 2384 Actorum
2755 2331 2856 2396 20,
2898 2331 2987 2395 51,
3024 2332 3440 2400 Chrysostomus
3471 2332 3539 2386 de
3569 2347 3650 2412 se,

397 2419 507 2472 nos
534 2420 602 2488 τῇ
633 2416 816 2486 χάριτι
847 2415 940 2468 τοῦ
971 2415 1107 2467 Θεοῦ
1135 2415 1230 2468 καὶ
1267 2417 1430 2485 ἡμεῖς
1450 2417 1635 2469 λοιπὸν
1669 2417 1910 2486 τριετίαν
1943 2417 1992 2488 ἔα

2058 2435 2162 2472 ιεν.
2203 2419 2379 2487 Atque
2417 2429 2608 2473 utnon
2640 2422 2804 2475 alium
2849 2435 2970 2476 esse
2996 2421 3158 2490 hujus
3197 2421 3318 2475 libri
3352 2432 3653 2483 auctorem.

388 2525 554 2579 quam
577 2509 841 2563 Joannem
865 2517 1132 2573 nostrum,
1159 2508 1416 2577 liquidius
1442 2519 1721 2578 appareat,
1757 2509 1872 2564 haec
1899 2526 2067 2580 pauca
2094 2512 2359 2582 adjecisse
2390 2527 2498 2567 non
2527 2513 2625 2568 abs
2653 2529 2711 2568 re
2737 2514 2918 2568 fuerit.
2945 2511 3148 2566 Omitto
3175 2513 3370 2568 multas
3398 2514 3656 2583 loquendi

380 2603 657 2658 ‘lormulas
681 2603 809 2658 huic
835 2614 1023 2658 nostro
1051 2603 1374 2673 peculiares,
1400 2603 1944 2674 interrogatiunculas
1963 2643 1980 2670 ,
2011 2603 2386 2676 dialogismos,
2417 2604 2779 2676 digressiones
2807 2606 3037 2660 morales
3057 2646 3072 2671 ,
3114 2605 3259 2676 leges
3289 2616 3476 2660 contra
3501 2606 3657 2676 jura-

393 2708 580 2754 menta
609 2699 764 2762 latas,
797 2697 948 2753 Sixto
976 2697 1203 2754 Senensi
1227 2706 1390 2768 atque
1412 2697 1513 2768 ipsi
1541 2697 1765 2752 Erasnno
1790 2708 1996 2753 notata.
2019 2699 2176 2765 Quod
2206 2701 2261 2754 in
2297 2701 2444 2755 hom.
2471 2701 2644 2770 prima
2675 2701 2950 2756 invehitur
2980 2702 3035 2756 in
3059 2717 3171 2765 eos,
3205 2703 3297 2772 qui
3325 2702 3656 2771 baptismum

392 2795 641 2865 rejiciunt
672 2810 856 2865 usque
885 2794 953 2848 ad
975 2803 1246 2850 extremas
1275 2792 1549 2855 ἀναπνοάς
1568 2808 1585 2823 ·
1625 2793 1768 2862 quod
1795 2794 1849 2846 in
1894 2793 2045 2849 hom.
2076 2796 2350 2868 trigesima
2388 2797 2558 2867 legem
2585 2797 2769 2850 statuit
2795 2797 2850 2850 in
2876 2811 2989 2860 eos,
3022 2796 3112 2864 qui
3144 2796 3400 2866 episcopo
3432 2797 3656 2852 concio-

391 2888 544 2942 nanti
579 2887 800 2956 plausus
831 2887 980 2942 cient
1009 2904 1021 2941 :
1055 2887 1196 2957 quod
1231 2895 1418 2942 contra
1439 2886 1718 2941 Platonem
1735 2887 2154 2956 etphilosophos
2175 2888 2332 2941 toties
2349 2903 2412 2942 ac
2435 2898 2540 2941 tam
2557 2889 2908 2942 vehementer
2921 2888 3179 2956 disputat,
3201 2902 3271 2940 an
3295 2903 3402 2941 non
3419 2889 3550 2943 satis
3570 2888 3658 2943 in-

388 2984 870 3054 dicantantiquum
909 2998 1031 3038 esse
1061 2983 1403 3052 scriptorem,
1448 2981 1540 3051 qui
1574 2982 1628 3036 in
1659 2981 1790 3037 vitia
1835 2983 2020 3036 multis
2060 2983 2172 3051 jam
2225 2982 2348 3036 inde
2387 2982 2600 3036 saeculis
2637 2981 2915 3050 antiquata
2944 2990 3052 3034 tam
3084 2981 3283 3035 acriter
3311 2982 3653 3039 invehatur?

387 3077 527 3146 Quid
557 3079 699 3148 quod
730 3079 916 3132 homil.
948 3077 1249 3141 undecima,
1283 3077 1491 3147 ἡκουσά
1523 3093 1653 3130 ποτε
1680 3077 1933 3146 πατέρων
1973 3094 1982 3110 ι

2048 3093 2081 3128 ιν
2114 3077 2417 3146 ἡμετέρων,
2453 3075 2647 3146 inquit,
2679 3075 2968 3145 λεγόντων,
2996 3076 3078 3130 ὅτι
3115 3076 3258 3131 κατὰ
3283 3077 3376 3141 τὸν
3401 3077 3643 3148 διωγμὸν

387 3171 478 3226 τὸν
510 3171 741 3225 παλαιὸν
780 3166 850 3240 ἦν
895 3169 1223 3232 ίδεῐνῦντως
1255 3169 1618 3238 Χριστιανοὺς
1659 3168 1886 3237 ἄνδρας,
1930 3176 1982 3222 et

2070 3168 2150 3223 Ex
2175 3168 2373 3238 quibus
2396 3176 2620 3237 apparet
2650 3167 2813 3238 hujus
2839 3168 2960 3223 libri
2989 3177 3265 3222 auctorem
3288 3169 3470 3224 statim
3508 3179 3635 3240 post

392 3274 639 3333 tempora
661 3263 1057 3334 persecutionis
1083 3262 1302 3326 vixisse,
1332 3263 1423 3330 qui
1453 3261 1569 3315 ba'c
1595 3264 1626 3314 a
1648 3259 1895 3330 patribus
1925 3259 2038 3315 suis
2061 3260 2248 3315 audire
2279 3261 2533 3328 potuerit.
2564 3259 2700 3325 Quid
2729 3259 2872 3328 quod
2901 3260 3087 3313 homil.
3121 3260 3377 3330 vigesima
3413 3261 3652 3314 secunda

389 3360 602 3428 legitur,
648 3361 866 3428 σπεῖρα,
899 3356 927 3410 ὃ
968 3354 1240 3425 καλοῦμεν
1275 3354 1371 3409 νῦν
1401 3353 1712 3426 νούμερονῗ
1755 3363 1809 3407 et
1840 3353 1984 3424 quod

2055 3353 2201 3408 omil.
2228 3352 2640 3422 quadragesima
2673 3362 2845 3410 sexta.
2877 3352 2905 3404 ὃ
2935 3356 3066 3423 παρ’
3089 3355 3223 3422 ἡμῖν
3268 3353 3482 3421 λέγουσι
3507 3353 3650 3407 κατά

386 3454 485 3524 τὴν
517 3449 832 3520 Ῥωμαϊκὴν
870 3446 1182 3516 συνήθειαν,
1231 3447 1289 3498 ὲν
1319 3448 1433 3509 τοῖς
1477 3447 1680 3514 σίγνοις
1725 3446 1888 3499 αὐτὸν
1933 3446 1981 3517 ἐξ

2060 3446 2161 3510 ιλε,
2207 3459 2388 3498 nonne
2419 3443 2549 3498 satis
2578 3443 2692 3498 haec
2731 3459 2829 3514 per
2861 3460 2920 3499 se
2967 3445 3345 3514 antiquitatem
3376 3444 3655 3514 produnt?

372 3547 493 3601 'Sed
532 3546 662 3615 quid
713 3543 1054 3612 conjecturas
1090 3550 1401 3604 consector,
1432 3556 1555 3595 cum
1604 3539 1720 3609 ipse
1763 3528 1955 3609 aperte
2000 3538 2148 3595 hom.
2202 3538 2612 3609 quadragesima
2654 3540 2829 3609 prima
2871 3545 3390 3606 contemporaneum
3425 3551 3484 3591 se
3522 3550 3644 3606 pro-

388 3643 606 3697 liteatur
635 3638 893 3695 Juliano?
919 3638 1095 3692 Locus
1120 3643 1204 3691 est
1232 3651 1352 3706 pag.
1386 3634 1509 3700 859,
1543 3636 1572 3689 7
1605 3634 1682 3706 [p.
1712 3634 1808 3688 5H
1839 3643 1978 3688 extr.
2008 3632 2222 3698 Montf.,
2256 3632 2360 3688 col.
2400 3634 2525 3698 291,
2555 3634 2650 3688 lin.
2683 3633 2755 3689 3?.
2782 3633 2870 3688 ed.
2912 3631 3063 3703 nov.]
3094 3646 3108 3683 :
3142 3631 3250 3684 ἰδοὺ
3285 3631 3393 3701 γὰρ
3424 3629 3655 3685 ἐπὶτῶν

386 3738 595 3809 καιρῶν
626 3739 735 3792 τῶν
762 3735 1049 3808 ἡμετέρων
1077 3734 1146 3787 τὰ
1181 3733 1323 3786 κατὰ
1352 3732 1443 3784 τὸν
1473 3711 1743 3802 μακάριον
1773 3729 2020 3783 Βαϐύλαν
2048 3730 2261 3798 γέγονε,
2285 3730 2356 3782 τὰ
2386 3728 2528 3787 κατὰ
2556 3729 2625 3781 τὰ
2658 3727 3023 3798 Ἰεροσόλυμα,
3059 3725 3128 3780 τὰ
3161 3726 3303 3779 κατὰ
3333 3727 3430 3796 τὴν
3455 3726 3651 3780 καθαί-

391 3848 540 3903 ρεσιν
567 3831 672 3886 τῶν
709 3831 902 3901 ἱερῶνῖ
930 3844 1161 3900 quorum
1194 3828 1304 3882 duo
1327 3825 1507 3896 priora
1537 3826 1641 3880 sub
1666 3824 1884 3880 Iuliano
1922 3825 2288 3896 contigerunt,
2329 3825 2548 3878 tertium
2579 3823 2683 3878 sub
2712 3823 3036 3877 Theodosio.
3061 3820 3178 3875 Jam
3205 3821 3333 3874 illud
3365 3821 3510 3874 hom.
3544 3822 3643 3875 tri-

386 3925 590 3997 gesima
617 3931 806 3979 octava
845 3923 914 3977 de
963 3921 1099 3976 libro
1127 3919 1336 3991 magico
1371 3919 1594 3975 invento
1624 3919 1679 3972 in
1720 3917 1975 3982 ﬂumine,
2005 3932 2128 3972 cum
2169 3916 2349 3971 adhuc
2385 3915 2670 3986 μειράκιον
2691 3923 2836 3970 esset
2864 3914 3303 3984 Cltrysostomus,
3350 3913 3650 3969 Cardinalis

385 4013 652 4070 Batonius
673 4022 840 4078 recte,
869 4021 930 4067 ut
963 4011 1174 4081 opinor,
1205 4010 1274 4065 ad
1301 4018 1544 4079 tempora
1567 4009 1808 4064 Valentis
1844 4007 2030 4062 refert.
2062 4005 2141 4060 Ex
2173 4006 2259 4061 his
2296 4006 2465 4075 liquet
2515 4006 2832 4075 scriptorem
2873 4005 3041 4060 fuisse
3077 4015 3382 4070 temporum
3433 4006 3648 4059 illorum

384 4109 667 4179 aequalem.
715 4108 822 4164 Sed
875 4117 931 4163 et
980 4107 1295 4177 episcopum
1344 4103 1512 4158 fuisse
1555 4103 1685 4159 satis
1715 4101 2004 4157 constabit.
2047 4099 2207 4156 llom.
2264 4099 2424 4154 tertia
2457 4099 2694 4168 loquitur
2719 4099 2786 4154 de
2824 4100 3024 4170 seipso,
3067 4109 3126 4154 ut
3163 4100 3439 4170 episcopo.
3473 4101 3636 4153 llom.

385 4218 530 4259 nona
585 4211 771 4273 aperte
822 4201 1060 4270 seipsnm
1122 4201 1436 4270 episcopum
1487 4205 1665 4258 vocat,
1724 4193 1861 4248 ἀλλὰ
1899 4193 1980 4258 σὺ,

2041 4195 2204 4262 μησὶν,
2257 4190 2441 4261 ἄρχων
2492 4189 2543 4244 εἴ
2589 4191 2684 4244 καὶ
2731 4192 3046 4255 ἐπίσκοπος.
3095 4191 3295 4247 “omil.
3336 4200 3524 4247 octava
3569 4192 3636 4246 de

389 4296 570 4365 seipso
619 4294 874 4363 loquitur,
910 4303 970 4347 ut
993 4293 1249 4363 episcopo
1277 4294 1334 4347 in
1383 4292 1603 4346 civitate
1651 4289 2009 4360 βασιλευούσῃ
2042 4285 2206 4358 (quod
2233 4299 2434 4339 nomen
2462 4295 2820 4356 praeterquam
2845 4283 3030 4340 Romae
3067 4295 3121 4339 et
3152 4285 3642 4355 Constantinopoli,

385 4385 630 4442 nullian
657 4385 1015 4440 conveniebat
1040 4384 1246 4438 civitati
1296 4382 1632 4455 (suspiciose
1653 4380 1898 4451 quaedam
1937 4393 1980 4432 as

2042 4391 2230 4448 ergens
2265 4377 2334 4431 de
2365 4391 2463 4432 sua
2508 4377 2847 4447 expulsione,
2871 4377 3001 4447 περὶ
3025 4376 3125 4445 τῆς
3155 4376 3347 4428 ἑαυτοῦ
3375 4375 3637 4443 καθαιρέ-

387 4477 768 4548 σεωςειιιιιιιὶιι
809 4486 937 4533 sunt
991 4492 1111 4550 pag.
1157 4478 1282 4542 655,
1331 4477 1402 4532 24
1446 4476 1591 4548 [pag.
1640 4474 1729 4539 68,
1783 4474 1849 4538 A,
1887 4473 1982 4528 Μοι

2041 4473 2101 4537 l.,
2133 4473 2236 4527 col.
2271 4473 2360 4538 74,
2395 4472 2490 4525 litt.
2519 4471 2589 4526 22
2625 4487 2750 4526 nov.
2785 4469 2900 4541 ed.]
2933 4488 2944 4524 :
2977 4469 3010 4541 ἢ
3041 4469 3300 4523 καθέλετέ
3339 4485 3406 4538 με
3431 4466 3636 4536 ταύτης

383 4572 484 4641 τῆς
513 4571 709 4640 ἀρχῆς,
741 4569 774 4638 ἢ
810 4567 1040 4638 μένοντά
1076 4586 1144 4640 με
1176 4570 1250 4641 μὴ
1283 4565 1636 4641 περιὸαλλετε
1667 4564 1950 4629 κινδύνοις.

2072 4566 2265 4636 pagina
2299 4573 2580 4634 sequente,
2611 4563 2706 4616 lin.
2737 4563 2801 4616 12
2831 4561 2975 4633 [pag.
3003 4561 3089 4625 69,
3115 4561 3180 4620 A,
3215 4560 3315 4614 col.
3361 4557 3446 4622 76,
3479 4558 3570 4610 lin.
3610 4556 3643 4609 5

383 4665 472 4720 ed.
505 4660 658 4732 nov.]
682 4679 703 4715 ι
735 4662 841 4725 ἕως
874 4660 941 4715 ἂν
962 4663 1019 4714 ὲν
1043 4661 1121 4732 τῷ
1143 4661 1318 4732 Θρόνῳ
1339 4659 1658 4730 καθέζωμαι
1687 4657 1883 4727 τούτῳ,
1907 4657 2061 4712 οὐδὲν
2090 4659 2314 4728 προήσω
2353 4655 2461 4710 τῶν
2489 4655 2654 4708 αὑτοῦ
2681 4655 3080 4725 δικαιωμάτων.
3121 4654 3220 4704 'Av
3253 4652 3317 4721 μέ
3343 4668 3426 4713 τις
3455 4667 3637 4702 κατα-

385 4752 607 4823 σιὸάσῃ,
637 4750 823 4805 λοιπὸν
847 4750 1136 4813 ἀνεύθυνός
1157 4752 1292 4820 ειμι.
1329 4749 1395 4804 Et
1425 4749 1612 4805 homil.
1639 4748 1921 4802 undecima
1951 4748 1980 4801 il

2034 4747 2208 4817 (uitur,
2237 4757 2296 4801 ut
2321 4748 2373 4802 in
2400 4748 2636 4812 civitate,
2668 4761 2788 4817 qua:
2815 4755 3011 4817 praeter
3042 4744 3256 4799 Iudaeos
3291 4750 3346 4796 et
3378 4740 3629 4811 gentiles,

384 4842 819 4900 Christianorum
856 4842 1051 4898 habeat
1093 4843 1214 4913 plus
1254 4857 1416 4912 quam
1444 4851 1664 4896 centum
1697 4841 1883 4896 millia.
1917 4839 2075 4895 llom.
2111 4840 2526 4910 quadragesima
2561 4839 2822 4903 secunda,
2856 4854 2911 4908 p.
2947 4838 3050 4894 848
3078 4838 3115 4893 ι.
3147 4837 3214 4890 12
3267 4833 3285 4905 [
3304 4850 3361 4903 p.
3400 4834 3533 4894 524,
3577 4831 3638 4895 Β,

385 4937 488 4990 col.
531 4936 656 4994 502.
697 4935 796 4989 lin.
824 4934 893 4992 29
921 4943 976 4990 et
1003 4934 1152 5006 nov.]
1186 4953 1199 4990 :
1245 4932 1374 4987 Ἰδοὺ
1405 4933 1564 5005 ἡλίκη
1592 4934 1749 4996 πόλις
1778 4935 1907 5002 ὑμῖν
1932 4934 1980 4984 ὲε

2022 4948 2079 4984 ἰν
2105 4933 2139 5001 ἡ
2171 4931 2380 5002 μεγάλη
2406 4930 2566 5002 αὕτη.
2595 4931 2662 4984 Et
2692 4929 2836 4998 quod
2865 4943 3152 4999 nusquam,
3189 4934 3248 4979 ut
3275 4924 3488 4992 opinor,
3512 4922 3617 4976 alib

387 5031 444 5084 in
465 5032 585 5100 ejus
615 5031 872 5101 operibus
909 5028 1210 5100 reperitur,
1244 5029 1431 5084 homil.
1481 5029 1927 5100 quinquagesima
1956 5028 2216 5093 secunda,
2265 5043 2386 5099 pag.
2417 5026 2539 5092 90:2,
2577 5027 2612 5080 l.
2642 5026 2710 5081 40
2756 5023 2829 5096 [p.
2871 5024 2993 5087 595,
3036 5023 3100 5087 ι),
3131 5021 3235 5076 col.
3273 5020 3399 5087 565,
3434 5019 3534 5073 lin.
3572 5023 3643 5075 Η

387 5121 477 5174 ed.
512 5121 674 5192 nov.)
713 5137 912 5177 nomen
954 5137 1113 5177 suum
1173 5121 1376 5176 directe
1415 5121 1566 5190 ponit
1609 5143 1620 5176 :
1660 5121 1790 5189 Εἰμὶ
1820 5119 1913 5172 τοῦ
1978 5139 1982 5187 ι

2046 5121 2252 5189 ικαρίου
2315 5120 2414 5188 μὲν
2436 5118 2645 5170 ἐκείνου
2701 5115 3006 5185 (Ἰωάννου)
3064 5115 3372 5183 ὁμώνυμος,
3423 5112 3484 5171 ού
3539 5111 3641 5182 μὴν

390 5211 726 5282 συνώνυμος.
767 5214 880 5268 Οὐκ
919 5215 1034 5285 εἰμὶ
1076 5215 1348 5283 Ἰωάννης,
1383 5212 1520 5266 ἀλλὰ
1558 5210 1851 5282 καλοῦμαι.
1881 5210 1985 5266 Pos

2042 5226 2161 5265 emo
2187 5210 2452 5265 accedunt
2480 5219 2535 5263 et
2579 5219 2825 5263 veterum
2867 5209 3193 5276 scriptorum
3222 5205 3289 5260 de
3328 5205 3491 5275 hujus
3518 5203 3637 5259 libri

390 5317 613 5362 auctore
635 5309 964 5365 testimonia.
1013 5309 1087 5362 De
1132 5308 1324 5362 Photio
1356 5323 1517 5378 supra
1548 5307 1804 5362 diximus.
1862 5308 2246 5371 Damascenus,
2291 5304 2386 5360 lib.
2430 5305 2482 5369 5,
2525 5319 2644 5373 cap.
2686 5304 2771 5368 l5,
2826 5303 2898 5356 De
2943 5301 3046 5356 lide
3090 5299 3411 5363 orthodoxa,
3461 5299 3637 5352 locum

390 5396 523 5454 citat
563 5411 629 5451 ex
661 5398 896 5452 secunda
931 5397 1118 5451 homil.
1152 5397 1206 5450 in
1232 5398 1363 5451 Acta
1406 5413 1418 5448 :
1450 5399 1541 5466 qui
1581 5406 1761 5452 tamen
1790 5399 2028 5453 auctoris
2075 5412 2146 5451 an
2189 5394 2396 5450 librarii
2431 5395 2604 5464 lapsu,
2633 5409 2742 5448 non
2772 5394 2824 5447 in
2854 5392 3089 5447 secunda
3120 5390 3391 5459 reperitur
3425 5387 3634 5449 homil.,

391 5488 487 5546 sed
515 5489 570 5542 in
606 5488 801 5559 prima,
839 5505 958 5560 pag.
989 5489 1111 5554 6l0,
1155 5489 1190 5541 l.
1218 5489 1305 5542 l8.
1341 5489 1542 5542 Deinde
1571 5489 1896 5543 Catenarum
1932 5489 2219 5559 scriptores
2241 5529 2255 5554 ,
2289 5487 2525 5549 Nicetas,
2558 5485 2946 5548 (licumenius,
2973 5493 3077 5536 etc.
3109 5497 3218 5534 non
3247 5497 3308 5534 ex
3335 5478 3451 5532 aliis
3475 5490 3638 5546 quam

390 5595 457 5643 ex
493 5582 594 5635 hoc
623 5579 782 5634 horto
807 5579 1141 5648 depromptis
1169 5577 1405 5633 ﬂosculis
1431 5592 1557 5634 suas
1591 5585 1921 5634 contexuere
1965 5577 2193 5634 corollas
2226 5592 2236 5626 :
2282 5585 2340 5631 ut
2363 5575 2477 5650 jam
2508 5575 2735 5632 stultum
2772 5574 2842 5630 sit
2870 5573 3148 5644 deinceps,
3173 5578 3231 5626 ut
3257 5568 3391 5623 mihi
3420 5567 3635 5637 quidem

393 5672 627 5739 videtur,
680 5673 747 5734 de
799 5672 960 5742 hujus
1002 5669 1123 5728 libri
1176 5678 1396 5726 auctore
1432 5669 1697 5726 dubitare.
