4040 6212
440 355 512 409 15
1156 351 1214 408 S.
1252 350 1533 410 JUANNIS
1569 348 2042 408 CIIRYSOSTOMI
2079 352 2393 417 AIlCIIIEP.
2435 357 2966 419 CONSTANTINOP.
3635 378 3697 435 ιδ

428 469 687 539 gellandi,
720 466 863 538 quod
907 464 1261 522 intolerabilia
1305 465 1534 537 passuri,
1566 473 1622 520 et
1652 465 1735 520 his
1771 464 2019 520 omnibus

428 560 739 631 superiores
763 558 926 615 futuri
950 566 1158 623 essent,
1189 557 1332 628 quod
1359 558 1485 613 item
1514 556 1847 627 evangelium
1876 570 2017 623 pra:-

428 652 713 707 dicandum
738 650 876 706 foret
898 652 950 706 in
973 653 1223 705 unlverso
1240 650 1468 704 mundo:
1492 648 1629 714 haec,
1649 650 1884 719 inquam,
1901 662 2019 702 om-

432 742 517 796 nia
540 743 944 797 accuratissime
977 740 1241 811 completa
1278 741 1330 795 in
1372 739 1472 795 hoc
1496 740 1633 795 libro
1648 754 1871 794 cernere
1896 747 2013 804 est;

426 848 638 888 necnon
668 833 752 888 his
782 835 929 903 plura
957 847 1077 902 qua:
1106 846 1230 885 eum
1267 830 1544 900 discipulis
1570 844 1791 885 versans
1837 828 2012 883 Domi-

427 938 528 978 nus
572 922 800 977 dixerat.
829 922 1153 992 Videbisque
1201 922 1288 976 hic
1327 921 1601 991 apostolos
1640 936 1739 976 ceu
1769 920 2015 975 volucres

418 1030 521 1084 per
553 1023 749 1068 terram
777 1023 832 1068 et
857 1014 1022 1067 maria
1051 1014 1435 1079 discurrentes,
1467 1012 1694 1083 illosque
1723 1012 1848 1065 olim
1871 1012 2014 1065 timi-

425 1105 522 1159 dos
551 1115 605 1160 et
645 1104 827 1169 rudes,
864 1104 918 1158 in
948 1104 1082 1159 alios
1126 1104 1373 1158 homines
1401 1113 1620 1173 repente
1651 1112 1899 1169 mutatos,
1930 1103 2011 1156 di-

422 1196 671 1251 vitiarum
721 1204 1143 1266 contemptores,
1190 1195 1395 1266 gloria,
1427 1195 1526 1261 ira,
1573 1195 2008 1265 concupiscentia

419 1288 736 1358 czcterisque
762 1288 1011 1343 omnibus
1059 1288 1363 1357 superiores
1389 1288 1607 1343 eli‘cctos
1632 1306 1644 1341 :
1673 1288 1894 1342 multam
1927 1288 2005 1341 \iv

419 1378 572 1433 dehis
618 1379 759 1432 inter
803 1379 949 1448 ipsos
984 1376 1352 1444 concordiam,
1394 1377 1593 1432 nullam
1633 1377 1909 1440 invidiam,
1951 1387 2009 1431 ut

417 1472 570 1529 olim.
601 1471 802 1525 nullam
825 1470 895 1525 ob
927 1472 1186 1538 primatus
1215 1469 1543 1526 desiderium
1573 1470 2001 1536 contentionem;

416 1563 510 1617 sed
555 1578 767 1617 omnem
812 1565 862 1616 in
893 1563 997 1617 illis
1026 1564 1275 1618 virtutem
1303 1563 1586 1634 diligenter
1614 1563 1833 1629 cultam,
1863 1563 2003 1617 cari-

421 1662 694 1724 talemque
721 1654 917 1708 eximie
945 1653 1236 1724 fulgentem
1258 1675 1272 1710 ;
1298 1654 1366 1711 de
1392 1670 1493 1726 qua
1522 1654 1688 1709 multa
1713 1654 1841 1724 ipsis
1868 1669 2006 1725 prte-

419 1758 656 1815 ceperat,
672 1747 859 1801 dicens
876 1767 888 1802 :
910 1746 975 1801 In
999 1749 1093 1802 hoc
1112 1757 1409 1819 cognoscent
1429 1765 1600 1804 omnes
1615 1749 1749 1819 quod
1765 1749 2004 1819 discipuli

416 1840 517 1892 mei
540 1840 671 1905 sitis,
700 1841 745 1894 si
771 1841 1049 1896 dilexeritis
1074 1842 1285 1896 invicem
1313 1842 1495 1913 (Joan.
1528 1843 1615 1898 15.
1645 1842 1758 1912 55).
1783 1841 1919 1909 Qttin
1948 1850 2003 1897 et

412 1932 661 2002 dogmata
679 1934 923 2005 quaedam
949 1934 1002 1991 in
1030 1935 1133 1991 hoc
1162 1936 1301 1991 libro
1328 1937 1565 2006 reperire
1590 1936 1733 1997 licet,
1751 1950 1869 2006 qua:
1897 1934 2001 1991 nisi

413 2030 647 2093 scriptus
675 2025 765 2080 ille
802 2026 1007 2091 fuisset,
1036 2028 1170 2081 nulli
1204 2029 1273 2082 ita
1300 2029 1577 2098 perspicua
1603 2035 1657 2081 et
1682 2028 1837 2097 plana
1870 2026 2001 2082 fuis-

411 2126 532 2169 sent
564 2132 577 2168 :
610 2116 718 2170 imo
759 2117 921 2171 etiam
969 2117 1044 2185 id,
1086 2119 1228 2189 quod
1259 2128 1342 2173 est
1380 2119 1567 2173 salutis
1592 2128 1788 2173 nostra:
1814 2128 1995 2189 caput,

410 2215 521 2261 tam
572 2208 865 2263 secundmn
924 2209 1087 2264 vitam
1140 2219 1197 2265 et
1251 2225 1452 2278 mores,
1494 2225 1652 2280 quam
1703 2210 1997 2266 secundum

410 2296 680 2369 dogmata,
704 2300 972 2354 occitltum
1002 2300 1396 2371 obscurumque
1424 2310 1587 2356 esset.
1617 2300 1844 2357 Maxima
1874 2316 1997 2372 pars

410 2401 588 2445 autem
614 2390 756 2459 libri,
778 2391 925 2446 Pauli
953 2400 1098 2463 gesta
1128 2405 1271 2458 sunt,
1294 2393 1382 2463 qui
1411 2393 1531 2464 plus
1569 2393 1816 2448 omnibus
1846 2394 1994 2450 labo-

413 2481 568 2534 ravit.
602 2479 769 2551 Cujus
808 2482 883 2536 rei
915 2496 1074 2537 causa
1107 2491 1209 2549 est,
1233 2483 1375 2552 quod
1400 2484 1443 2537 is
1472 2484 1560 2553 qui
1613 2482 1756 2538 hunc
1801 2484 1993 2539 librum

411 2563 646 2641 scripsit,
681 2573 868 2627 beatus
915 2572 1110 2638 Lucas,
1144 2574 1260 2643 ejus
1286 2583 1432 2630 esset
1478 2574 1809 2646 discipulus:
1842 2576 1995 2646 cujus

407 2661 657 2716 virtutem
684 2672 790 2717 tum
814 2680 878 2717 ex
908 2664 1030 2719 aliis
1056 2665 1235 2721 multis
1255 2679 1479 2722 cernere
1503 2675 1604 2732 est,
1629 2675 1742 2723 tum
1764 2669 1994 2724 maxime

408 2752 549 2822 quod
577 2754 781 2808 doctori
809 2770 907 2809 suo
950 2754 1317 2813 indesinenter
1365 2758 1600 2814 hmserit.
1648 2758 1829 2829 Itaque
1868 2774 1991 2816 cum

411 2846 603 2899 liciuas
623 2857 676 2900 et
695 2847 1057 2918 Hermogenes
1077 2849 1255 2920 ipsum
1275 2850 1640 2921 reliquissent,
1665 2853 1907 2923 alterque
1937 2854 1991 2909 in

409 2937 703 3004 Galatiam,
737 2938 876 2994 alter
900 2940 953 2994 in
998 2940 1312 2996 Dalmatiam
1340 2942 1583 3008 abiisset,
1612 2943 1735 2998 audi
1761 2944 1886 3015 quid
1924 2943 1992 2999 de

406 3030 499 3083 illo
528 3030 670 3085 dicat
702 3049 715 3085 :
747 3030 914 3087 Lucas
945 3033 1087 3087 solus
1112 3051 1308 3088 mecum
1335 3043 1407 3088 est
1437 3035 1514 3106 (2.
1540 3035 1673 3090 Tim.
1700 3036 1756 3091 4.
1787 3037 1908 3106 11);
1938 3045 1993 3091 et

406 3123 702 3178 Corinthiis
730 3126 972 3183 scribens
999 3125 1066 3181 de
1097 3126 1189 3180 illo
1209 3126 1286 3179 ait
1312 3143 1326 3180 :
1358 3124 1519 3195 Cujus
1542 3128 1655 3181 laus
1677 3138 1750 3181 est
1770 3129 1822 3181 in
1843 3144 1992 3182 euan-

406 3215 539 3283 gelio
560 3231 651 3285 per
673 3232 845 3269 omnes
886 3214 1141 3269 Erclesins
1168 3216 1243 3285 (9..
1271 3216 1387 3271 Cor.
1421 3218 1474 3271 8.
1508 3218 1618 3287 18).
1649 3218 1715 3273 Et
1748 3233 1867 3272 cum
1908 3218 1991 3273 di-o

406 3305 477 3357 cit
504 3321 518 3359 :
560 3303 704 3359 Visus
725 3314 797 3358 est
824 3305 1025 3374 Ceplur,
1059 3307 1240 3359 deinde
1262 3306 1526 3360 duodecim
1547 3308 1723 3369 ';cnm
1737 3308 1812 3361 ait
1840 3322 1987 3370 vero,

408 3395 701 3449 Secundum
747 3397 1058 3467 evangelium
1101 3397 1238 3466 quod
1284 3396 1548 3467 accepistis
1600 3396 1675 3465 (I.
1724 3397 1844 3453 Cor.
1899 3399 1986 3455 15.

411 3488 467 3540 5.
520 3484 619 3559 1);
672 3486 740 3541 de
784 3488 940 3542 Lucae
994 3487 1284 3558 Evangelio
1332 3489 1605 3558 loquitur:
1662 3490 1733 3543 ita
1776 3500 1833 3546 ut
1882 3507 1988 3546 non

406 3579 759 3644 aberraverit,
785 3564 830 3634 si
857 3580 977 3649 quis
1007 3580 1106 3651 ipsi
1135 3579 1236 3634 hoc
1278 3594 1415 3650 opus
1458 3580 1822 3651 adscripserit.
1853 3581 1987 3638 Cum

406 3669 512 3739 ipsi
531 3668 673 3732 dico,
702 3668 920 3724 Christo
944 3670 1086 3725 dico.
1112 3670 1265 3739 Quod
1295 3672 1340 3725 si
1368 3672 1487 3741 quis
1508 3671 1703 3727 dixerit
1723 3690 1735 3726 :
1752 3672 1860 3729 Cur
1881 3689 1988 3728 non

406 3761 585 3816 omnia
613 3761 829 3831 scripsit
853 3767 940 3831 qui
972 3778 1140 3833 usque
1166 3763 1233 3818 ad
1282 3764 1441 3818 finem
1467 3778 1591 3819 eum
1622 3765 1738 3835 ipso
1777 3781 1991 3836 semper

407 3855 613 3910 fuerit?
640 3854 1106 3925 respondebimus,
1137 3856 1251 3911 luce
1290 3857 1420 3911 satis
1460 3855 1626 3912 fuisse
1656 3856 1742 3923 iis,
1763 3858 1853 3928 qui
1877 3860 1993 3913 aui-

405 3962 555 4003 mum
600 3946 857 4002 adhibere
894 3947 1125 4014 vellent;
1180 3947 1406 4017 illosque
1453 3947 1519 4003 iis
1570 3962 1783 4019 semper
1837 3950 1991 4009 incu-

406 4037 608 4101 buisse,
631 4055 749 4108 qua:
776 4039 944 4110 magis
969 4050 1242 4110 urgerent,
1263 4055 1438 4111 neque
1465 4039 1570 4096 illis
1597 4050 1801 4097 tantum
1827 4042 1992 4100 misse

404 4130 675 4184 scribendi
698 4130 970 4197 studium;
1020 4131 1212 4187 multas
1240 4134 1435 4203 quippe
1479 4148 1585 4189 non
1622 4135 1849 4204 scriptas
1879 4145 1989 4190 tra-

409 4218 643 4275 ditiones
676 4219 959 4276 dederunt.

477 4312 580 4366 Cur
605 4310 791 4365 Christi
822 4313 1056 4366 diuinitas
1085 4314 1139 4367 in
1165 4313 1302 4368 Actis
1330 4330 1431 4368 non
1470 4316 1541 4368 ita
1568 4325 1743 4386 aperte
1768 4318 1992 4371 enuntie-

410 4413 511 4455 tur.
531 4400 803 4457 —0mnia
846 4403 1024 4471 itaque
1055 4402 1157 4457 hoc
1199 4403 1251 4456 in
1295 4404 1433 4459 libro
1452 4404 1807 4462 admiratione
1833 4406 1990 4478 digna

405 4505 553 4559 sunt,
580 4494 811 4548 maxime
834 4508 959 4548 vero
982 4494 1067 4548 illa
1095 4496 1378 4550 verborum
1407 4496 1681 4563 demissio,
1704 4515 1833 4570 qua,
1869 4515 1994 4571 sug-

408 4595 629 4656 gerente
669 4585 868 4655 Spiritu
900 4597 1107 4653 sancto,
1140 4588 1207 4643 de
1245 4591 1543 4647 teconmnia
1589 4591 1867 4662 loquentes
1912 4596 1993 4651 usi

410 4689 538 4734 sunt
559 4679 807 4749 apostoli.
840 4679 960 4735 Ideo
985 4695 1107 4735 cum
1148 4691 1224 4736 tot
1257 4693 1507 4752 tantaque
1530 4684 1597 4739 de
1622 4683 1838 4741 Christo
1869 4704 1993 4742 nar-

410 4779 553 4836 rent,
582 4784 747 4839 pauca
795 4770 864 4826 de
908 4770 1187 4827 divinitate
1215 4773 1332 4843 ejus
1356 4774 1625 4842 dixerunt,
1655 4776 1812 4847 longe
1843 4779 1993 4847 plura

408 4874 539 4915 vero
565 4860 633 4915 de
661 4861 1014 4928 humanitate,
1048 4863 1116 4919 de
1163 4866 1431 4934 passione.
1460 4866 1529 4926 de
1576 4872 1991 4937 resurrectione,

411 4953 478 5007 de
500 4954 837 5010 ascensione.
868 4954 999 5009 Nam
1032 4955 1135 5011 hoc
1164 4957 1375 5012 interim
1401 4960 1763 5029 quairehatur,
1794 4974 1852 5016 ut
1878 4978 1997 5018 cre-

411 5046 632 5099 deretur
663 5044 834 5115 ipsum
882 5048 1244 5103 resurrexisse
1270 5058 1324 5103 et
1368 5051 1677 5107 ascendisse
1725 5054 1777 5109 in
1808 5055 1992 5113 caelos.

410 5135 873 5203 Quemadmodum
904 5139 1065 5210 igitur
1088 5139 1203 5210 ipse
1226 5139 1468 5200 Christus
1497 5142 1550 5197 in
1596 5145 1781 5213 primis
1809 5158 1996 5202 esten-

410 5224 541 5280 dere
568 5227 809 5292 curabat,
838 5242 898 5283 se
941 5244 974 5284 a
994 5229 1175 5286 'Patre
1201 5233 1413 5287 venisse
1444 5250 1458 5287 :
1490 5233 1560 5287 ita
1588 5244 1641 5289 et
1668 5234 1759 5290 hic
1789 5248 1992 5305 narrat,

408 5315 580 5386 ipsum
612 5320 993 5387 resurrexisse,
1020 5332 1354 5393 assumptum
1404 5324 1592 5393 fuisse,
1631 5337 1687 5382 et
1728 5328 1795 5385 ad
1845 5330 1995 5386 illum

411 5410 660 5477 rediisse,
683 5426 712 5465 a
735 5428 841 5483 quo
867 5424 1106 5469 venerat.
1128 5416 1241 5470 Nisi
1270 5417 1411 5472 enim
1443 5418 1545 5475 hoc
1564 5421 1713 5491 prius
1732 5423 1994 5480 creditum

405 5501 625 5568 fuisset;
656 5503 933 5575 multoque
954 5506 1120 5577 magis
1142 5516 1424 5579 postquam
1451 5522 1791 5568 accesserunt
1818 5530 1998 5571 resur-

472 5650 506 5719 ’_
524 5654 596 5702 sic
616 5666 791 5704 crimes
813 5654 934 5705 Editl
962 5663 1016 5707 et
1044 5664 1152 5719 atss.
1172 5659 1236 5708 At
1259 5661 1306 5709 in
1330 5668 1457 5711 Novo
1481 5660 1793 5716 Testamento
1818 5666 1991 5719 Graeco

405 5712 591 5828 igitur
612 5733 690 5779 seu
704 5724 842 5778 ωιη,
865 5724 919 5769 et
942 5720 991 5770 in
1016 5718 1220 5784 Vulgata
1243 5723 1485 5787 undecim;
1511 5712 1567 5777 et
1587 5712 1698 5778 hrcc
1707 5712 1997 5782 {emi-263

2129 467 2297 521 rectio
2327 478 2381 523 et
2405 475 2722 541 assumptio,
2750 484 2917 531 totum
2943 476 3134 549 dogma
3157 480 3351 540 Iuda-is
3391 488 3697 552 incredibile

2125 558 2296 613 visum
2324 558 2531 618 fuisset.
2560 563 2898 637 Quapropter
2922 571 3122 626 sensim
3150 584 3204 628 et
3242 578 3490 645 paulatim
3517 598 3610 639 eos
3629 590 3697 642 ad

2121 650 2430 708 sublimiora
2478 654 2644 710 ducit.
2674 650 2899 716 Athenis
2930 676 3058 717 vero
3112 665 3382 722 hominem
3410 686 3530 729 eum
3566 678 3693 732 sim-

2122 744 2332 812 pliciter
2361 757 2515 803 vocat
2544 750 2762 817 Paulus,
2794 753 2926 809 nihil
2952 757 3183 827 amplius
3210 761 3416 818 addens
3445 764 3576 837 (Aet.
3607 772 3694 828 17.

2119 835 2210 904 3|)
2234 856 2245 888 :
2268 848 2324 893 et
2346 840 2470 909 jure
2494 843 2733 912 quidem.
2781 847 2993 904 Etenim
3023 853 3067 906 si
3114 852 3288 923 ipsum
3315 835 3604 926 Christum,
3630 865 3698 922 de

2118 942 2211 982 sua
2237 946 2356 985 cum
2389 932 2545 989 Patre
2588 937 2894 1005 :equalitate
2924 940 3255 1012 loquentem,
3284 961 3431 1017 smpe
3458 950 3695 1020 lapidare

2119 1028 2391 1076 tentarunt
2419 1022 2600 1093 (Joan.
2634 1026 2688 1081 8.
2717 1028 2830 1098 59),
2863 1030 3144 1104 ipsumque
3170 1034 3540 1107 blasphemum
3580 1043 3700 1099 ideo

2116 1116 2497 1181 vocarunt,vix
2522 1117 2666 1173 illum
2694 1135 2997 1178 sermonem
3023 1139 3053 1179 a
3082 1126 3438 1195 piscatoribus
3457 1136 3697 1204 accepis-

2114 1212 2254 1270 sent,
2280 1219 2401 1259 eum
2439 1207 2668 1264 maxime
2695 1224 2827 1265 crux
2849 1215 3233 1284 pra-cessisset.

2180 1293 2234 1346 2.
2279 1294 2346 1348 Et
2384 1296 2510 1366 quid
2534 1298 2600 1353 de
2633 1299 2835 1357 Judtcis
2868 1303 3077 1375 loquar,
3103 1308 3318 1377 quando
3343 1310 3444 1381 ipsi
3484 1328 3698 1385 quoque

2111 1381 2393 1455 discipuli,
2428 1402 2551 1443 cum
2598 1390 2908 1449 sublimiora
2952 1396 3201 1453 audirent
3245 1381 3518 1471 dogmata,
3554 1381 3697 1475 saipe

2112 1474 2304 1529 turbati
2333 1487 2388 1531 et
2426 1478 2614 1536 offensi
2662 1485 2836 1539 sunt?
2875 1484 3004 1542 Ideo
3047 1488 3297 1546 diccbat:
3328 1491 3496 1548 Multa
3541 1474 3699 1550 liabrco

2109 1565 2244 1620 vobis
2284 1567 2467 1635 dicere,
2491 1571 2580 1624 sed
2606 1588 2707 1627 non
2746 1577 2951 1644 potestis
2978 1589 3181 1647 portare
3217 1584 3365 1638 modo
3393 1584 3575 1655 (Joan.
3606 1588 3695 1644 16.

2109 1656 2219 1730 12).
2242 1659 2297 1714 Si
2331 1661 2405 1715 illi
2435 1677 2541 1718 non
2576 1675 2844 1734 poterant,
2867 1669 2957 1740 qui
2986 1680 3133 1727 tanto
3161 1681 3403 1745 tempore
3426 1693 3553 1734 cum
3579 1674 3713 1751 ipso'

2106 1758 2279 1816 erant,
2310 1752 2399 1821 qui
2440 1760 2519 1809 tot
2559 1770 2879 1813 arcanorum
2905 1772 3183 1820 consortes
3210 1775 3384 1837 erant,
3412 1780 3466 1826 ct
3496 1780 3575 1828 tot
3610 1775 3694 1829 vi-

2103 1839 2295 1896 derant
2321 1842 2573 1901 miracula
2600 1864 2613 1901 :
2647 1850 2918 1918 quomodo
2941 1851 3188 1911 homines
3214 1872 3402 1916 recens
3425 1864 3595 1919 avulsi
3624 1867 3692 1922 ab

2104 1931 2233 1997 aris,
2270 1933 2339 1988 ab
2380 1934 2561 2003 idolis,
2587 1952 2618 1992 ει
2665 1940 2965 2009 sacrificiis,
2996 1958 3025 1997 a
3075 1945 3287 2015 felibus,
3331 1965 3360 2003 a
3404 1952 3689 2011 crocodilis

2107 2021 2230 2092 (hic
2248 2025 2390 2080 enim
2414 2036 2533 2082 erat
2559 2030 2838 2099 gentilium
2868 2033 3113 2107 cultus);
3143 2038 3282 2108 quia
3304 2043 3514 2098 caeteris
3536 2045 3689 2100 malis

2104 2122 2230 2169 tunc
2274 2116 2503 2186 primum
2547 2119 2760 2178 abducti
2808 2123 3037 2193 fuerant,
3069 2129 3313 2185 sublimia
3342 2134 3521 2188 statim
3558 2134 3689 2206 dog-

2100 2214 2303 2262 matum
2326 2210 2486 2265 verba
2511 2214 2888 2283 accepissent?
2915 2219 3183 2288 quomodo
3205 2223 3368 2278 etiam
3395 2224 3687 2294 .Iudri,qui

2099 2300 2339 2369 quotidie
2369 2301 2648 2359 discebant
2694 2316 2749 2361 et
2806 2308 3222 2368 instituebantur
3266 2326 3313 2369 a‘
3341 2317 3455 2387 lege
3487 2335 3501 2371 :
3529 2321 3683 2388 Audi,-

2100 2387 2289 2456 Israel,
2317 2390 2564 2447 Dominus
2586 2393 2724 2449 Deus
2748 2406 2882 2461 tuus,
2902 2398 3153 2456 Dominus
3174 2414 3416 2483 utius‘est,
3438 2414 3483 2459 et
3503 2387 3687 2477 printer

2096 2498 2210 2533 trum
2252 2499 2353 2537 non
2391 2494 2465 2538 est
2502 2488 2635 2541 alius
2674 2487 2847 2558 (Deut.
2879 2491 2933 2546 6.
2963 2493 3057 2563 4);
3098 2495 3189 2564 qui
3229 2481 3400 2567 ipsum
3441 2500 3687 2557 viderant

2096 2573 2242 2627 cruci
2269 2574 2487 2630 affixum
2516 2593 2530 2644 ;
2585 2578 2692 2632 imo
2718 2582 2807 2651 qui
2837 2583 3220 2641 crucifixeraut
3243 2599 3299 2643 et
3334 2591 3683 2661 scpelierant,

2098 2679 2270 2734 neque
2292 2665 2466 2736 ipsum
2506 2672 2884 2728 resuscitatum
2914 2675 3176 2745 viderant,
3205 2679 3484 2736 audientes
3527 2698 3683 2738 eum-

2096 2755 2217 2811 dem
2247 2758 2419 2825 ipsum
2443 2776 2563 2818 esse
2589 2763 2757 2819 Deum
2785 2775 2839 2820 et
2864 2766 3004 2822 Patri
3028 2771 3309 2838 :equalem,
3330 2788 3434 2828 non
3463 2778 3685 2833 omnino

2097 2851 2417 2908 resiliissent
2444 2869 2507 2910 ac
2536 2858 2920 2913 recessiSsent?
2947 2860 3176 2931 Ideoque
3201 2864 3454 2932 paulatim
3478 2876 3531 2924 et
3553 2882 3683 2923 sen-

2095 2941 2196 2996 sim
2230 2943 2348 2998 illos
2374 2946 2441 2999 ad
2474 2948 2677 3015 majora
2703 2949 2927 3015 ducunt,
2960 2961 3013 3006 et
3041 2967 3161 3007 sese
3186 2955 3412 3010 multum
3443 2957 3572 3027 ipsis
3600 2969 3683 3014 at-

2097 3042 2417 3102 temperant.
2446 3037 2707 3095 Uberiore
2733 3057 2860 3096 vero
2880 3042 3111 3112 Spiritus
3138 3046 3307 3117 gratia
3334 3049 3601 3119 fruuntur,
3627 3062 3684 3109 et

2094 3125 2320 3190 majora,
2362 3142 2525 3196 quam
2565 3129 2813 3187 Christus
2850 3132 3013 3201 fecit,
3055 3136 3107 3191 in
3146 3137 3261 3206 ipsi
3364 3134 3373 3139 “
3551 3158 3569 3197 3
3608 3145 3683 3198 fa.

2092 3213 2275 3280 ciunt;
2308 3224 2367 3270 ut
2397 3218 2647 3289 utrinque
2673 3221 2819 3291 ipsos
2847 3223 2991 3279 humi
3011 3222 3259 3293 jacentes'
3282 3230 3508 3299 erigant,
3541 3243 3596 3287 et
3625 3243 3682 3288 ut

2094 3306 2471 3361 resurrectioni
2507 3308 2662 3364 fidem
2695 3311 2943 3368 habeant.
2978 3315 3075 3371 IIie
3100 3319 3298 3388 quippe
3326 3320 3459 3375 liber
3487 3321 3541 3376 in
3571 3324 3681 3391 pri-

2092 3394 2195 3449 mis
2245 3405 2328 3453 est
2381 3402 2793 3457 resurrectionis
2851 3404 3273 3474 demonstratio,
3312 3425 3413 3480 qua
3451 3412 3677 3480 credita,

2092 3496 2284 3543 caetera
2312 3491 2467 3548 facile
2506 3494 2818 3551 succedunt.
2844 3498 3231 3569 Argumentum
3258 3517 3384 3571 ergo
3404 3512 3459 3557 et
3485 3519 3683 3574 scopus

2094 3578 2252 3649 hujus
2274 3582 2411 3651 libri,
2446 3594 2503 3639 ut
2530 3590 2837 3643 summatim
2864 3589 3062 3653 dicam,
3090 3592 3177 3646 hic
3207 3594 3544 3661 potissimum
3575 3608 3680 3654 est.

2093 3670 2387 3727 Audiamus
2416 3675 2631 3731 demum
2672 3679 2784 3746 ipsa
2825 3682 3107 3749 prooemia.
3161 3680 3327 3754 (Cap.
3359 3682 3432 3753 1.)
3461 3685 3514 3740 1.
3561 3684 3683 3742 Pri-

2094 3778 2230 3815 mum
2256 3766 2456 3831 quidem
2500 3784 2779 3823 sermonem
2810 3771 2908 3840 feci
2938 3772 3001 3826 de
3044 3773 3296 3839 omnibus,
3325 3792 3355 3829 ο
3381 3776 3680 3848 Theophila,

2094 3869 2206 3921 quer
2233 3858 2378 3926 cwpit
2407 3857 2558 3913 Jesus
2585 3863 2751 3931 facere
2774 3873 2820 3916 et
2840 3864 3049 3920 docere.
3084 3866 3193 3922 Cur
3222 3867 3299 3922 illi
3333 3868 3682 3941 Evangelium

2098 3946 2148 4000 in
2176 3951 2489 4004 memoriam
2522 3955 2779 4009 revocat?
2808 3954 2875 4010 Ut
2901 3959 3297 4015 accurationem
3325 3975 3477 4016 suam
3503 3972 3688 4020 osten-

2094 4041 2207 4099 dat.
2242 4043 2373 4098 Nam
2403 4046 2553 4100 initio
2575 4034 2716 4103 illius
2743 4051 2923 4120 operis
2953 4051 3094 4107 dixit
3122 4071 3135 4107 :
3189 4053 3365 4110 Visum
3388 4067 3536 4111 estet
3563 4060 3688 4112 mihi

2094 4146 2363 4206 assequuto
2388 4139 2560 4192 omnia
2605 4157 2638 4193 a
2683 4142 2931 4212 principio
2970 4143 3259 4214 diligenter,
3286 4162 3349 4200 ea:
3392 4149 3570 4203 ordine
3599 4150 3687 4204 tibi

2094 4230 2309 4285 scribere
2343 4231 2493 4301 (Luc.
2517 4234 2569 4288 I.
2597 4234 2677 4301 5).
2706 4234 2888 4306 Neque
2916 4252 3016 4292 suo
3041 4247 3327 4295 e0ntentus
3350 4241 3682 4308 testimonio,

2098 4330 2264 4376 tottun
2293 4323 2457 4379 refert
2482 4325 2547 4380 ad
2575 4329 2871 4397 apostolos,
2914 4329 3100 4387 dicens
3130 4349 3143 4385 :
3190 4333 3336 4387 Sicut
3369 4335 3687 4389 tradiderunt

2096 4414 2257 4480 nobis,
2286 4415 2372 4485 qui
2409 4415 2471 4469 ab
2520 4418 2664 4474 initio
2712 4420 2812 4489 ipsi
2850 4421 3105 4489 viderunt,
3139 4433 3185 4478 et
3219 4425 3437 4479 ministri
3483 4428 3688 4494 fuerunt

2098 4507 2364 4561 sermonis.
2398 4506 2603 4564 Idcirco
2633 4519 2913 4581 postquam
2943 4515 3179 4573 sermoni
3212 4515 3371 4571 fidem
3402 4515 3471 4571 ibi
3498 4518 3686 4572 conci-

2100 4596 2265 4664 liavit,
2294 4597 2379 4652 hic
2408 4598 2511 4657 alia
2547 4601 2957 4661 confirmatione
3005 4620 3139 4673 opus
3193 4622 3299 4664 non
3352 4606 3533 4673 habet,
3564 4624 3685 4664 cum

2097 4688 2427 4757 ΤΙιοοιιιιὶΙιιε
2459 4690 2568 4759 jam
2600 4708 2906 4761 persuasus,
2947 4710 3011 4752 ac
3051 4712 3144 4765 per
3172 4697 3299 4751 ilhnl
3325 4714 3460 4768 opus
3499 4700 3569 4756 de
3594 4716 3689 4756 ac-

2098 4788 2279 4833 curata
2312 4780 2386 4837 rei
2417 4781 2639 4836 veritate
2664 4782 2939 4840 institutus
2961 4795 3122 4840 esset.
3162 4786 3371 4845 Etenim
3394 4791 3477 4845 cui
3504 4790 3686 4844 habita

2101 4870 2231 4924 fides
2257 4879 2340 4925 est
2379 4871 2634 4927 scribenti
2676 4889 2797 4943 quae
2826 4875 3104 4943 audierat;
3157 4879 3325 4936 multo
3371 4878 3538 4947 magis
3568 4892 3690 4934 cre-

2099 4960 2304 5015 dendus
2330 4970 2433 5026 est,
2460 4977 2580 5017 cum
2612 4979 2674 5018 ea
2701 4965 2905 5030 scribit,
2926 4982 3031 5019 non
3061 4982 3179 5036 qute
3207 4967 3275 5021 ab
3303 4967 3423 5025 aliis
3452 4969 3689 5038 accepit,

2101 5051 2192 5106 sed
2239 5068 2356 5122 qua:
2402 5053 2535 5108 vidit
2558 5063 2614 5109 et
2641 5055 2865 5109 audivit.
2892 5055 3023 5110 Nam
3056 5057 3100 5111 si
3127 5072 3188 5113 ea
3216 5074 3336 5129 quae
3362 5060 3431 5115 de
3468 5060 3693 5117 ChriSto

2101 5142 2239 5197 dicta
2267 5152 2411 5210 sunt,
2444 5146 2633 5214 inquit,
2663 5158 2878 5217 accepta
2908 5147 3157 5213 habuisti,
3188 5153 3357 5207 multo
3389 5156 3557 5225 magis
3601 5172 3690 5209 ac-

2101 5236 2267 5305 cipies
2293 5251 2353 5291 ea
2381 5253 2501 5306 qua:
2530 5238 2597 5293 de
2623 5241 2878 5309 apostolis
2904 5241 3144 5298 dicturus
3173 5259 3312 5300 sum.
3332 5246 3467 5315 Quid
3499 5251 3693 5321 igitur?

2102 5342 2168 5381 an
2193 5326 2413 5381 historia
2446 5338 2649 5385 tantum
2682 5331 2785 5386 hoc
2813 5348 2969 5402 Opus,
2996 5344 3046 5388 et
3078 5334 3279 5407 Spiritu
3307 5355 3533 5396 vacuum
3569 5342 3691 5396 esti

2104 5418 2469 5488 Nequaquam.
2501 5423 2619 5487 Quo
2649 5424 2847 5491 pacto?
2876 5425 3137 5491 Quoniam
3167 5445 3251 5496 ea,
3284 5448 3403 5501 qua:
3454 5434 3550 5504 ipsi
3584 5444 3693 5487 tra-

2104 5506 2353 5567 diderunt
2379 5512 2411 5564 ii
2436 5512 2524 5580 qui
2553 5512 2798 5568 viderant
2824 5524 2878 5569 et
2907 5517 3135 5573 ministri
3163 5524 3428 5577 sermonis
3457 5524 3689 5584 fuerant,

2102 5615 2167 5654 ex
2200 5599 2397 5670 Spiritu
2429 5611 2602 5656 erant.
2635 5602 2703 5656 Et
2732 5619 2829 5659 cur
2856 5620 2961 5660 non
2993 5607 3147 5673 dixit,
3180 5611 3329 5666 Sicut
3358 5612 3691 5667 tradiderunt

2104 5693 2279 5758 nobis,
2306 5694 2399 5764 qui
2430 5693 2632 5764 Spiritu
2660 5705 2850 5751 sancto
2885 5698 3087 5769 dignati
3134 5712 3306 5766 erant,
3350 5702 3466 5768 sed,
3500 5703 3597 5768 Qui
3626 5703 3689 5762 ab

2107 5784 2248 5840 initio
2275 5786 2547 5840 viderunt?
2583 5786 2715 5858 Quia
2747 5788 2847 5845 hoc
2872 5791 3101 5849 maxime
3124 5792 3278 5847 ﬁdem
3313 5792 3453 5853 facit.
3478 5808 3598 5849 cum
3622 5793 3692 5846 ab
