4026 6216
438 344 502 398 17
1202 334 1259 391 S.
1298 330 1585 391 JOANNIS
1620 329 2110 387 CHRYSOSTOMI
2147 331 2467 388 ARCHIEP.
2508 332 3058 392 CONSTANI‘INOP.
3624 344 3689 398 i8

430 460 651 530 κοδήμῳ
676 453 971 525 παχυτέρῳ
1006 450 1147 507 δντι·
1186 454 1247 505 Ὃ
1280 450 1526 521 οῖδαμεν
1546 451 1872 519 λαλοῦμεν,
1905 448 2003 503 καί

430 546 462 599 ὃ
509 541 849 610 ἑωράκαμεν
888 536 1336 607 μαρτυροῦμεν,
1380 534 1479 587 καὶ
1522 534 1638 600 τὴν
1672 533 2006 602 μαρτυρίαν

428 626 598 695 ¹ἡμῶν
617 622 817 688 οὐδεὶς
834 619 1141 689 λαμϐάνει.
1160 618 1267 671 Καὶ
1291 617 1450 670 πάλιν
1473 616 1708 678 δεικνὺς,
1730 616 1811 668 ὄτι
1834 615 2004 667 πολλά

429 711 522 763 καὶ
544 708 652 762 ἀπὸ
672 706 847 774 ὅψεως
880 704 1175 773 μαρτυρεῖν
1199 701 1332 764 ἔστι,
1363 703 1477 763 τοῖς
1514 698 1783 770 μαθηταῖς
1818 697 1969 766 ἔλεγε
1989 714 2005 728 ·

428 791 539 845 Καὶ
567 790 777 859 ὑμεῖςι
802 786 1149 856 μαρτυρεῖτε
1191 785 1321 850 περὶ
1362 782 1529 852 ἐμοῦ,
1568 774 1656 835 ὅτι
1683 782 1785 835 ἀπ’
1811 780 2007 849 ἀρχῆς

422 873 709 946 μετ’ὲμοῦ
724 873 882 925 ἐστε.
904 870 1009 922 Καὶ
1030 869 1182 921 αὐτοὶ
1202 870 1251 921 οἰ
1273 867 1559 921 ἀπόστολοι
1580 864 1847 935 πολλαχοῦ
1864 864 2008 919 οὕτω

428 956 593 1026 φασί·
630 954 935 1022 Μάρτυρες
961 951 1131 1021 ἡμεῖς
1156 950 1252 1004 καὶ
1282 949 1345 1003 τὸ
1372 949 1613 1019 Πνεῦμα
1652 948 1722 1002 τὸ
1744 949 1935 1018 ἅγιον,
1972 946 2004 1001 ὂ

426 1040 650 1095 ἔδωκεν
679 1040 712 1090 ό
747 1036 891 1101 Θεὸς
918 1033 1043 1100 τοῖς
1072 1033 1500 1101 πειθαρχοῦσιν
1522 1030 1702 1097 αὐτῷ.
1731 1032 1843 1083 Καὶ
1866 1030 2006 1101 μετὰ

426 1122 597 1177 ταῦτα
622 1120 678 1173 δὲ
704 1118 1060 1188 πιστούμενος
1085 1116 1182 1185 τὴν
1204 1116 1500 1171 ἀνάστασιν
1520 1116 1549 1167 0
1572 1115 1776 1185 Πέτρος
1796 1114 2000 1181 ἔλεγεν·

429 1208 656 1270 Οῖτινες
686 1199 1111 1272 συνεφάγομεν
1142 1200 1241 1255 καὶ
1286 1200 1654 1268 συνεπίομεν
1678 1196 1858 1263 αὐτῷ.
1892 1197 2002 1249 Τά-

424 1306 541 1360 χιον
576 1288 693 1358 ’γὰρ
735 1286 837 1356 τὴν
889 1286 1037 1357 παρά
1089 1285 1197 1338 τῶν
1245 1284 1655 1353 συγγενομένων
1700 1280 2002 1352 ἀνθρώπων

429 1371 735 1442 μαρτυρίαν
766 1369 1027 1439 ἐδέχοντο,
1054 1367 1140 1421 διά
1176 1366 1237 1420 τὸ
1269 1366 1369 1437 τῆς
1401 1366 1529 1435 περὶ
1555 1365 1648 1418 τοῦ
1686 1364 2001 1434 Πνεύματος

424 1454 634 1517 ἐννοίας
657 1452 860 1523 σφόδρα
889 1450 1027 1514 τέως
1056 1450 1294 1504 ἀποδεῖν.
1318 1448 1417 1502 Διά
1443 1446 1599 1501 τοῦτο
1623 1448 1716 1501 καὶ
1749 1447 2000 1517 Ἰωάννης

422 1540 480 1591 έν
509 1539 573 1607 τῇ
606 1536 699 1589 τοῦ
734 1534 1065 1603 Εύαγγελίου
1102 1535 1389 1603 συγγραφῇ
1434 1532 1618 1595 ἔλεγεν
1637 1532 1684 1595 ι),
1713 1532 1794 1584 ὅτι
1837 1531 1999 1593 αὐτὸς

420 1618 549 1683 εἶδε,
580 1620 711 1691 περὶ
738 1619 830 1672 τοῦ
864 1620 1091 1688 αἵματος
1120 1617 1215 1670 καὶ
1245 1616 1339 1668 τοῦ
1372 1614 1562 1677 ὓδατος
1593 1614 1993 1684 διαλεγόμενος,

419 1704 518 1775 τὴν
567 1703 689 1771 δψιν
743 1703 929 1763 αὐτοῖς
976 1700 1095 1752 ἀντὶ
1135 1698 1437 1769 μαρτυρίας
1478 1697 1649 1759 τιθεὶς
1695 1696 1994 1765 μεγίστης·

423 1787 597 1839 καίτοι
624 1784 797 1854 ὅψεως
831 1775 1193 1852 ἀκριϐέστερα
1231 1782 1300 1834 τά
1351 1779 1502 1849 παρά
1534 1778 1626 1831 τοῦ
1658 1777 1994 1847 Πνεύματος,

419 1870 537 1923 ἀλλ’
558 1870 618 1921 ού
647 1867 796 1939 παρὰ
816 1868 926 1930 τοῖς
951 1864 1219 1927 ἀπίστοις.
1238 1863 1390 1917 Ἐπεὶ
1418 1863 1499 1915 ὅτι
1529 1860 1844 1930 Πνεύματος
1869 1876 1995 1929 μετα

418 1956 566 2024 εῖχεν
596 1955 625 2005 0
654 1952 810 2023 ἀνὴρ,
844 1950 1168 2019 πολλαχόθεν
1193 1947 1368 2018 δῆλον,
1404 1945 1513 1999 ἀπό
1541 1962 1600 1998 τε
1624 1944 1732 1998 τῶν
1754 1944 1996 2013 σημείων

416 2038 525 2089 τῶν
569 2036 666 2088 νῦν
710 2034 1028 2105 γινομένων,
1057 2032 1163 2084 ἀπό
1191 2048 1249 2085 τε
1284 2029 1378 2083 τοῦ
1426 2030 1518 2081 καὶ
1566 2028 1692 2089 τοὺς
1734 2027 1996 2094 τυχόντας

412 2120 537 2173 τότε
570 2116 1004 2188 μεταλαμϐάνειν
1032 2113 1368 2181 Πνεύματος,
1401 2110 1508 2163 ἀπό
1546 2126 1603 2161 τε
1650 2109 1748 2176 τῆς
1780 2108 1991 2162 Παύλου

333 2204 356 2229 ⁸
421 2201 725 2274 μαρτυρίας
758 2194 865 2270 (οὗ
896 2197 1024 2268 γὰρ,
1054 2196 1241 2265 φησὶν,
1267 2197 1299 2247 ὀ
1319 2194 1563 2257 ἔπαινος
1591 2191 1661 2244 ἐν
1693 2189 1772 2255 τῷ
1798 2194 1991 2260 Evar-

415 2286 641 2356 τελίῳ),
675 2284 784 2337 ἀπό
826 2298 886 2335 τε
928 2281 1029 2350 τῆς
1071 2278 1215 2332 κατά
1265 2277 1361 2348 τὴν
1406 2274 1737 2345 χειροτονίαν
1787 2274 1989 2345 ψήφου.

415 2367 602 2423 Εἰπὼν
638 2366 747 2436 γὰρ
777 2364 954 2427 τοῦτο,
982 2362 1202 2429 ὲπάγει·
1234 2358 1410 2414 Ἀλλὰ
1436 2358 1533 2411 καὶ
1562 2357 1992 2425 χειροτονηθείς

414 2449 533 2504 ὑπὸ
574 2447 695 2501 τῶν
738 2442 1127 2511 Ἑκκλησιῶν,
1162 2440 1542 2508 συνέκδημος
1585 2438 1751 2508 ἡμῶν
1799 2438 1869 2492 ἐν
1915 2438 1990 2507 τῇ

414 2532 609 2602 χάριτι
642 2530 825 2596 ταύτῃ
860 2524 934 2594 τῇ
964 2523 1403 2595 διακονουμένῃ
1428 2526 1526 2591 ὑφ’
1546 2520 1733 2591 ἡμῶν.

485 2612 558 2683 γ’.
584 2614 695 2666 Καὶ
716 2612 818 2683 ὅρα
848 2608 1010 2663 αὐτοῦ
1029 2610 1090 2661 τὸ
1108 2610 1327 2676 ἄτυφον.
1358 2608 1431 2659 Ού
1460 2605 1567 2677 γάρ
1594 2606 1762 2672 λέγει,
1794 2603 1867 2658 Τὸ
1890 2604 1988 2675 μὲν

414 2696 631 2768 πρῶτον
675 2692 1025 2762 Εὑαγγέλιον,
1072 2690 1101 2744 ὃ
1146 2688 1619 2761 εὐηγγελισάμην·
1673 2687 1830 2749 ἀλλά,
1880 2688 1989 2741 Τὸν

414 2778 496 2851 [5]
514 2779 631 2848 μὲν
659 2776 891 2845 πρῶτον
915 2778 1101 2843 λόγον
1123 2771 1520 2841 ἐποιησάμην,
1550 2770 1769 2841 μείζονα
1794 2770 1986 2823 ἑαυτοῦ

411 2859 551 2917 εἶναι
622 2861 857 2931 νομίζων
906 2858 1009 2913 τοῦ
1056 2857 1386 2926 Εὑαγγελίου
1434 2854 1532 2926 τὴν
1590 2854 1983 2926 προσηγορίαν.

411 2947 672 3015 Καίτοιγε
706 2947 735 2997 0
776 2941 1091 3002 Ἀπόστολος
1116 2939 1364 2993 ἐντεῦθεν
1388 2937 1551 2991 αὐτὸν
1573 2940 1768 3005 κοσμεῖ
1791 2936 1985 3003 λέγων·

414 3025 496 3085 Οὖ
518 3032 551 3082 ὁ
573 3028 821 3091 ἔπαινος
839 3025 909 3078 ἐν
930 3023 1011 3089 τῷ
1031 3021 1392 3092 Εὐαγγελίῳ.
1412 3020 1549 3072 Ἀλλ’
1571 3019 1732 3081 αὐτὸς
1760 3019 1984 3089 μετριά-

406 3111 491 3175 ζει
518 3111 610 3165 καί
637 3127 799 3183 φησι·
842 3110 951 3161 Τὸν
972 3105 1090 3175 μὲν
1121 3105 1356 3183 πρῶτον
1392 3104 1578 3172 λόγον
1607 3102 1985 3171 ἐποιησάμην

408 3195 540 3263 περὶ
582 3181 841 3255 πάντων,
869 3186 917 3245 ὦ
963 3190 1232 3257 Θεόφιλε,
1265 3181 1350 3240 ὧν
1399 3186 1623 3253 ἤρξατο
1669 3190 1701 3240 ό
1744 3186 1985 3252 Ἰησοῦς

409 3278 601 3332 ποιεῖν
627 3293 691 3330 τε
718 3274 815 3328 καὶ
849 3271 1159 3326 διδάσκειν
1178 3285 1192 3299 ·
1223 3270 1321 3339 ούχ
1351 3268 1558 3332 ἀπλῶς,
1589 3270 1716 3340 περὶ
1745 3269 1981 3333 πάντων,

404 3361 524 3415 ἀλλ’
558 3359 651 3413 ἀπ’
681 3357 856 3429 ἀρχῆς
905 3355 1067 3425 μέχρι
1115 3352 1321 3415 τέλους.
1374 3353 1535 3422 Ἀχρι
1566 3350 1675 3422 γὰρ
1715 3351 1813 3420 τῆς
1843 3352 1981 3422 ἡμέ-

408 3462 528 3516 ρας,
543 3443 725 3514 φησὶν,
745 3436 813 3511 ἧς
836 3436 1131 3508 ἀνελήφθη.
1153 3436 1262 3489 Καὶ
1288 3436 1393 3506 μὴν
1422 3435 1672 3505 Ἰωάννης
1690 3434 1978 3499 δείκνυσιν,

405 3530 489 3583 ὅτι
520 3528 621 3580 οὐκ
652 3521 719 3595 ἦν
746 3522 970 3576 δυνατὸν
998 3519 1177 3573 πάντα
1215 3519 1443 3590 γράψαι.
1478 3518 1660 3572 Θέλων
1688 3518 1795 3589 γὰρ
1824 3518 1982 3571 τοῦτο

326 3633 355 3662 0
404 3609 664 3681 δηλῶσαι,
683 3604 1073 3669 εἰπὼν,”Ατινα
1110 3602 1219 3656 ἐὰν
1246 3601 1539 3671 γράφηται
1568 3603 1695 3653 καθ’
1717 3601 1805 3665 ἒν,
1839 3600 1982 3654 οὐδὲ

408 3694 596 3750 αὐτὸν
622 3692 729 3746 τὸν
752 3692 984 3757 κόσμον
1010 3683 1167 3756 οἶμαι
1193 3684 1478 3755 χωρῆσαι,
1522 3685 1867 3755 προστίθησι,
1906 3685 1981 3738 Τὰ

409 3776 750 3846 γραφόμενα
790 3771 1017 3837 βιϐλία.
1066 3770 1189 3833 Πῶς
1234 3764 1349 3834 οὖν,
1393 3767 1543 3837 φησὶ,
1592 3768 1720 3837 περὶ
1766 3768 1980 3821 πάντων

408 3854 563 3921 οὗτος
601 3856 782 3925 λέγει;
843 3853 983 3908 Ἀλλ’
1009 3853 1110 3906 οὑκ
1152 3849 1307 3917 εἰπε,
1352 3851 1573 3913 Πάντα,
1628 3850 1785 3917 ἀλλά,
1837 3850 1979 3917 Περὶ

408 3940 678 3993 πάντων·
706 3938 782 4001 ὡς
807 3936 874 3990 ἂν
901 3936 1043 3989 εῐποι
1071 3952 1171 3998 τις,
1208 3934 1562 4005 ἀδρομερῶςο
1597 3934 1691 3987 καί¹
1726 3948 1978 4002 παχυμε-

409 4024 547 4094 ρῶς·
571 4022 604 4092 ἢ
634 4021 763 4092 περὶ
795 4019 1012 4075 πάντων
1039 4019 1209 4087 λέγει,
1234 4017 1343 4070 τῶν
1372 4017 1699 4088 συνεχόντων
1728 4018 1822 4070 καὶ
1848 4032 1979 4069 κατ-

405 4105 753 4173 επειγόντων.
791 4099 924 4157 Εἶτα
965 4102 1204 4155 δείκνυσι
1252 4101 1345 4155 καὶ
1389 4099 1556 4153 ποίων
1609 4094 1978 4152 πάντων.⁷Ων

404 4188 629 4258 ἤρξατο
673 4191 706 4243 ό
760 4186 999 4254 Ἰησοῦς
1042 4184 1237 4238 ποιεῖν
1274 4201 1338 4237 τε
1383 4183 1482 4235 καί
1532 4181 1860 4245 διδάσκειν,
1908 4180 1978 4233 τά

405 4271 659 4342 θαύματα
687 4271 782 4323 καὶ
806 4270 902 4331 τὰς
923 4268 1266 4327 διδασκαλίας
1292 4265 1679 4333 αἰνιττόμενος.
1718 4264 1793 4316 Οὐ
1818 4262 1977 4315 τοῦτο

405 4355 462 4406 δὲ
504 4355 683 4422 μόνον,
714 4351 827 4404 ἀλλ’
861 4352 941 4402 ὅτι
986 4349 1080 4401 καὶ
1115 4346 1280 4400 ποιῶν
1323 4346 1769 4417 ὲδίδασκεν.”ορα
1797 4345 1853 4396 δὲ
1887 4346 1979 4398 αύ-

405 4435 501 4488 τοῦ
531 4436 623 4487 καὶ
647 4434 745 4502 τὴν
778 4430 1159 4501 φιλάνθρωπον
1198 4428 1294 4481 καὶ
1329 4426 1689 4497 ἀποστολικὴν
1730 4426 1974 4497 γνώμην,

406 4520 456 4572 εἰ
501 4516 595 4570 καί
640 4516 756 4578 ένὺς
789 4515 971 4567 ἕνεκεν
1001 4510 1269 4581 τοσαύτην
1300 4512 1532 4563 ἐποιεῖτο
1564 4508 1869 4580 ἀκρίϐειαν,
1900 4510 1977 4573 ὡς

404 4601 692 4671 ὁλόκληρον
722 4597 1049 4667 Εύαγγέλιον
1076 4595 1435 4664 γράψαι.⁶’1να
1466 4594 1576 4665 γὰρ
1618 4594 1786 4664 ἔχῃς,
1816 4594 1972 4665 φησὶ,

406 4684 537 4752 περί
577 4679 664 4737 ὧν
712 4681 1055 4751 κατηχήθης
1105 4679 1306 4747 λόγων
1332 4676 1446 4745 τὴν
1476 4676 1836 4746 ἀσφάλειαν.
1867 4678 1977 4732 Καὶ

405 4767 514 4839 γὰρ
538 4769 737 4838 ἢκουσε
754 4765 847 4819 τοῦ
868 4762 1100 4835 Χριστοῦ
1126 4762 1373 4829 λέγοντος
1394 4775 1406 4787 ·
1446 4763 1567 4815 Οὐκ
1590 4760 1726 4815 ἐστι
1749 4761 1978 4830 θέλημα

404 4850 511 4904 τοῦ
558 4849 785 4918 Πατρός
823 4864 961 4917 μου,
1006 4847 1109 4902 Ira
1150 4845 1443 4910 ἀπόληται
1476 4840 1563 4908 εἷς
1599 4841 1718 4897 τῶν
1747 4845 1977 4913 μικρῶν

288 4966 299 4977 ς
405 4933 649 4986 τούτων.
699 4930 809 4982 Καὶ
844 4929 988 4991 τίνος
1018 4928 1205 4981 ἕνεκεν
1234 4928 1330 4995 ούχ
1361 4926 1417 4978 ἓν
1451 4926 1654 4995 βιϐλίον
1682 4927 1935 4996 ἐποίησεν
1955 4967 1971 4991 ,

406 5016 486 5067 ἑνὶ
517 5014 594 5085 τῷ
626 5014 867 5083 Θεοφίλῳ
888 5011 1238 5075 ἐπιστέλλων,
1269 5010 1383 5062 ἀλλ’
1406 5011 1484 5072 εἰς
1516 5010 1610 5063 δύο
1634 5010 1825 5064 διεῖλεν
1844 5012 1977 5065 ὐπο-

406 5098 617 5162 θέσεις;
664 5096 967 5167 Σαφηνείας
1002 5096 1210 5158 ἕνεκεν,
1240 5094 1333 5146 καὶ
1368 5094 1461 5146 τοῦ
1492 5093 1852 5147 διαναπαῦσαι
1883 5096 1975 5149 τὸν

406 5182 711 5249 ἀκροατήν·
748 5181 921 5242 άλλως
965 5179 1044 5241 δὲ,
1076 5179 1169 5231 καὶ
1220 5181 1285 5248 τῇ
1346 5176 1600 5230 ὑποθέσει
1649 5177 1975 5248 διῃρημέναι

406 5262 541 5316 εἰσὶν
560 5262 585 5301 ἀ
616 5266 671 5315 αἱ
705 5265 1094 5333 πραγματεῖαι.
1131 5262 1327 5313 Σκόπει
1353 5260 1409 5313 δὲ
1437 5262 1584 5322 ὅπως
1614 5260 1806 5314 ἑαυτοῦ
1849 5264 1975 5326 τοὺς

404 5345 592 5412 λόγους
635 5347 664 5399 0
693 5345 925 5415 Χριστὸς
955 5344 1042 5397 διὰ
1072 5344 1179 5396 τῶν
1208 5343 1382 5414 ἔργων
1410 5343 1753 5410 ἀξιοπίστους
1778 5345 1969 5398 ἐποίει.

474 5516 504 5546 ⁸
524 5514 657 5563 Unus
678 5520 786 5562 cod.
821 5514 1065 5575 λαμϐάνει.
1101 5516 1187 5564 Διά
1215 5514 1355 5576 τοῦτο
1385 5514 1543 5576 πολλὰ
1578 5514 1659 5560 καὶ
1681 5513 1775 5561 ἀπὸ
1816 5514 1973 5576 ὅψεως

406 5592 472 5636 μα
500 5577 650 5638 τυρεῖν
684 5574 904 5637 ἐπέτρεπε
944 5577 1109 5636 λέγων,
1138 5577 1229 5622 Καὶ
1259 5574 1429 5636 Ὑμεῖς.
1498 5574 1527 5613 ι)
1559 5576 1706 5623 Savil.
1751 5581 1804 5621 el
1845 5574 1974 5624 unus

403 5593 509 5685 ms.
539 5638 586 5685 ἐν
617 5640 686 5683 τῶ
709 5637 977 5685 Εὐαγγελίω
1005 5638 1112 5684 τότε
1137 5637 1303 5685 ἔλεγεν.
1377 5639 1400 5667 ⁶
1444 5635 1759 5685 Ἃδοοιιεοῶε.
1783 5636 1971 5685 confer-

403 5639 509 5685 md.
539 5639 586 5685 ἐν
617 5640 686 5697 τῷ
709 5639 977 5697 Εὐαγγελίῳ
1005 5639 1112 5684 τότε
1137 5639 1303 5696 ἔλεγεν.
1377 5639 1400 5667 ⁶
1444 5639 1759 5698 Ἃδρομερῶς,
1783 5639 1971 5697 confer-

402 5697 507 5756 tim,
529 5696 819 5763 summatim.
853 5698 967 5745 ch
983 5710 1076 5763 [οι
1094 5697 1229 5763 _apud
1249 5698 1367 5763 Chr)
1377 5704 1641 5763 εοειρηιυιη
1664 5710 1790 5763 (ara)
1818 5696 1969 5763 h_abe-

405 5755 653 5807 lur'etiam
674 5771 818 5820 supra
841 5763 959 5806 tom.
983 5755 1153 5820 Vllin:
1171 5755 1374 5818 prologi)
1396 5759 1455 5805 ad
1478 5755 1721 5820 Syuopsiu
1746 5755 1968 5817 Scriptu-

403 5831 491 5871 ναξ.
516 5832 561 5881 p.
584 5820 693 5868 3l6.
717 5819 823 5868 Non
847 5831 966 5881 ergo
987 5832 1044 5867 ex
1076 5819 1217 5881 hujus
1238 5819 1777 5881 vocisﬁpouepﬁgusq
1790 5820 1968 5875 νοθείας

403 5878 650 5928 senténlia
674 5880 872 5928 ferenda
898 5878 977 5928 ést
998 5881 1047 5927 in
1077 5880 1334 5939 Synopsim
1358 5878 1504 5929 illam.
1574 5878 1602 5916 ιι
1628 5878 1798 5927 Morel.
1830 5882 1965 5931 so'us

402 5945 511 6001 rost
534 5941 649 5989 εἰσίν
671 5940 802 5991 addit
830 5942 893 5996 εἰς
914 5940 1013 5988 δύο.

2109 450 2243 519 Περὶ
2286 450 2595 522 πραότητος
2643 452 2898 524 παρῄνει,
2945 453 3041 507 καὶ
3087 452 3276 521 έλεγε·
3321 456 3549 512 Μάθετε
3588 459 3694 515 ἀπ’

2105 531 2272 599 ἐμοῦ,
2296 533 2384 585 ὅτι
2416 532 2603 600 πρᾶός
2629 537 2743 602 ειμι
2766 536 2864 589 καὶ
2889 534 3174 600 ταπεινὸς
3200 535 3272 604 τῇ
3302 540 3528 608 καρδίᾳ.
3549 541 3690 595 Ἐδί-

2110 613 2308 667 δασκεν
2364 616 2681 685 ἀκτήμονας
2730 614 2890 682 εἰναι,
2934 620 3031 671 καὶ
3066 618 3223 671 τοῦτο
3266 619 3571 676 ἐδείκνυτοο
3599 624 3691 678 διὰ

2107 695 2216 750 τῶν
2246 697 2456 767 ἔργων·
2495 698 2558 751 '0
2597 699 2705 771 γὰρ
2746 702 2879 768 Υἱὸς
2915 701 3016 755 τοῦ
3050 701 3366 769 ἀνθρώπου
3398 708 3506 759 οὐκ
3540 708 3685 775 ἔχει,

2108 778 2227 832 ποῦ
2250 778 2365 845 τὴν
2390 780 2669 848 κεφαλὴν
2689 784 2892 851 κλίνῃ,
2918 784 3073 854 φησί.
3097 784 3267 838 Πάλιν
3293 785 3542 841 ἐκέλευσε
3562 792 3687 855 τοὺς

2109 860 2339 931 ἐχθροὺς
2368 864 2609 935 ἀγαπᾷν.
2628 865 2863 932 Ἑδίδαξε
2894 867 3052 919 τοῦτο
3086 868 3180 920 ἐπὶ
3212 867 3308 920 τοῦ
3340 870 3571 939 σταυροῦ
3594 874 3686 925 εύ-

2109 945 2337 1014 χόμενος
2382 946 2523 1017 ὑπὲρ
2558 948 2666 1000 τῶν
2706 948 3426 1021 σταυρούντων.Ἕλεγε,Τῷ
3451 950 3687 1007 θέλοντι

2107 1043 2206 1080 σοι
2253 1028 2545 1097 κριθῆναι,
2573 1030 2672 1083 καὶ
2720 1033 2829 1085 τὸν
2862 1032 3081 1101 χιτῶνά
3120 1048 3236 1087 σου
3280 1035 3510 1101 λαϐεῖν,
3539 1037 3691 1105 ἄφες

2104 1110 2266 1175 αὐτῷ
2309 1112 2406 1165 καὶ
2447 1113 2513 1167 τὸ
2541 1113 2791 1182 Ιμάτιον.
2812 1117 2869 1169 '0
2917 1117 2973 1169 δὲ
3020 1118 3140 1187 ούχὶ
3171 1117 3241 1170 τὰ
3275 1118 3466 1187 ἱμάτια
3502 1121 3684 1190 μόνον,

2104 1195 2243 1247 ἀλλὰ
2275 1196 2370 1249 καὶ
2409 1198 2470 1251 τὸ
2502 1194 2640 1268 αἷμα
2670 1198 2891 1254 ἔδωκεν.
2918 1200 3073 1254 Οὕτω
3119 1199 3213 1254 καὶ
3258 1203 3368 1263 τοῖς
3415 1202 3687 1275 μαθηταῖς

2103 1277 2355 1331 ἐκέλευσε
2374 1282 2564 1333 ποιεῖν.
2582 1281 2671 1334 Διὸ
2686 1282 2781 1336 καὶ
2803 1285 2831 1336 0
2851 1284 3061 1347 Παῦλος
3077 1284 3230 1350 ἔλεγε
3251 1300 3265 1314 ·
3291 1286 3496 1350 Καθὼς
3516 1287 3686 1356 ἔχετε

2101 1362 2296 1416 τύπον
2336 1364 2515 1431 ἡμας.
2539 1364 2705 1418 Οὐδὲν
2749 1364 2857 1437 γάρ
2900 1366 3217 1421 διδασκάλου
3241 1366 3591 1438 ψυχρότερον,
3625 1372 3685 1424 ἐν

2102 1444 2280 1512 λόγοις
2301 1447 2716 1515 φιλοσοφοῦντος
2742 1450 2923 1517 μόνον.
2943 1448 3113 1502 Τοῦτο
3129 1449 3235 1518 γὰρ
3253 1450 3312 1503 ού
3337 1450 3680 1515 διδασκάλου,

2100 1529 2215 1581 ἀλλ’
2244 1530 2562 1601 ὑποκριτοῦ.
2590 1530 2688 1584 Διά
2715 1530 2874 1584 τοῦτο
2895 1533 2944 1584 οἱ
2968 1533 3254 1586 ἀπόστολοι
3280 1534 3545 1605 πρότερον
3576 1533 3684 1587 ἀπὸ
3728 1580 3731 1581 ν

2098 1610 2192 1663 τοῦ
2250 1612 2364 1679 βίου
2414 1614 2711 1678 ἐδίδασκον,
2745 1614 2837 1667 καὶ
2886 1614 3009 1667 τότε
3061 1615 3171 1669 ἀπὸ
3216 1615 3325 1669 τῶν
3376 1617 3678 1686 ῥημάτων·

2102 1693 2304 1763 μᾶλλον
2324 1695 2386 1749 δὲ
2405 1696 2524 1748 οὐδὲ
2545 1696 2649 1749 ἔδει
2678 1699 2744 1768 ῥη
2756 1698 2939 1751 μάτων
2963 1697 3166 1760 αύτοῖς,
3186 1696 3296 1749 τῶν
3314 1695 3492 1766 ἔργων
3518 1698 3682 1767 βοώνο

2096 1793 2225 1831 των.
2247 1779 2360 1831 Οὐκ
2381 1778 2447 1832 ἂν
2465 1778 2520 1831 δέ
2540 1796 2620 1842 τις
2646 1780 2882 1850 ἁμάρτοι
2905 1780 3076 1834 καὶτὸ
3100 1780 3271 1843 πάθος
3294 1780 3460 1835 αὐτοῦ
3480 1782 3680 1852 πρᾶξιν

2097 1860 2332 1924 καλέσας
2352 1876 2367 1891 ·
2402 1862 2459 1915 ἐν
2482 1862 2560 1931 τῷ
2586 1863 2695 1933 γὰρ
2721 1862 2909 1916 παθεῖν
2937 1863 3161 1934 εποίησε
3182 1862 3243 1915 τὸ
3268 1863 3411 1934 μέγα
3432 1865 3523 1917 καὶ
3546 1865 3675 1917 θαυ-

2100 1942 2304 2012 μαστὸν
2324 1943 2484 2012 ἔργον
2511 1946 2705 2010 έκεῖνο,
2736 1946 2827 1998 τὸν
2861 1946 3092 2001 θάνατον
3122 1946 3451 2010 καταλύσας,
3483 1946 3577 1999 καὶ
3603 1947 3676 2000 τά

2094 2024 2231 2079 ἄλλα
2261 2025 2438 2079 πάντα
2460 2028 2854 2098 ἐργασάμενος.
2874 2030 2943 2082 ’Ἀ
2949 2046 3045 2096 χρι
3063 2024 3136 2098 ἧς
3158 2029 3381 2098 ἡμέρας
3401 2028 3670 2083 ἐντειλά-

2091 2123 2277 2174 μενος
2299 2107 2422 2171 τοῖς
2456 2109 2820 2177 ἀποστόλοις
2844 2110 2942 2165 διὰ
2976 2113 3317 2181 Πνεύματος
3348 2113 3539 2181 ἁγίου,
3566 2111 3674 2177 οὓς

2096 2187 2176 2260 [6]
2216 2189 2561 2253 ἐξελέξατο.
2608 2192 2942 2262 ἀνελήφθη.
2986 2193 3089 2246 Διὰ
3131 2195 3473 2262 Πνεύματος
3498 2194 3676 2247 ἐντει-

2094 2271 2376 2339 λάμενος,
2411 2274 2678 2338 τουτέστι,
2714 2276 3069 2342 Πνευματικά
3111 2278 3246 2347 πρὸς
3276 2276 3474 2339 αὐτοὺς
3503 2274 3675 2328 εἰπὼν

2096 2354 2163 2425 ρή
2173 2372 2337 2424 ματα,
2363 2356 2510 2409 οὐδὲν
2526 2356 2623 2409 ἀνθ
2630 2358 2881 2427 ρὼπινον.
2893 2362 2961 2410 Ἥ
2976 2358 3132 2411 τοῦτο
3150 2355 3244 2412 οἷν
3260 2360 3405 2412 ἔστιν
3427 2361 3620 2425 εἰπεῖν,
3636 2359 3670 2430 ἦ

2090 2437 2175 2491 ὅτι
2200 2438 2287 2491 διὰ
2318 2439 2631 2509 Πνεύματος
2661 2442 2842 2505 αὐτοῖς
2867 2442 3187 2495 ἐνετείλατο.
3225 2442 3408 2511 Ὁρᾷς,
3431 2440 3549 2503 πῶς
3572 2459 3672 2495 ταν

2092 2521 2291 2585 πεινῶς
2323 2521 2407 2574 ἐτι
2431 2522 2733 2591 διαλέγεται
2763 2525 2891 2595 περὶ
2920 2525 3107 2590 αὐτοῦ,
3132 2524 3206 2588 ὡς
3232 2526 3327 2578 καὶ
3356 2524 3516 2586 αὐτὸς
3542 2524 3674 2594 περὶ

2090 2605 2310 2668 ἑαυτοῦ,
2342 2605 2540 2674 λέγων·
2572 2609 2638 2661 El
2682 2606 2750 2659 δὲ
2796 2607 2911 2673 ἐγὼ
2947 2608 3016 2660 ἐν
3057 2608 3357 2677 Πνεύματι
3394 2606 3543 2661 Θεοῦ
3572 2607 3668 2661 ἐκ·

2093 2686 2298 2741 ϐάλλω
2327 2688 2397 2742 τὰ
2444 2688 2753 2757 δαιμόνια,
2791 2691 2901 2742 Καὶ
2942 2689 3049 2761 γὰρ
3101 2690 3193 2744 καί⁵
3240 2690 3301 2743 τὸ
3356 2690 3580 2759 Πνεῦμα
3611 2689 3669 2744 τὸ

2090 2769 2246 2843 ἅγιον
2280 2771 2501 2841 ἐνήργει
2535 2772 2593 2823 ὲν
2622 2773 2814 2843 ἐκείνῳ
2841 2772 2919 2843 τῷ
2945 2773 3078 2843 ναῷ.
3121 2773 3185 2825 Τί
3214 2773 3300 2825 δαὶ
3328 2771 3664 2837 ὲνετείλατος

2088 2842 2487 2919 Πορευθέντες
2518 2842 2924 2920 μαθητεύσατε
2946 2842 3141 2907 πάντα
3166 2854 3237 2907 τὰ
3264 2855 3431 2921 ἔθνη,
3450 2855 3669 2918 βαπτί-

2089 2933 2287 3001 ζοντες
2311 2936 2533 3001 αὐτοὺς
2555 2939 2643 3002 εἱς
2670 2937 2736 2990 τὸ
2773 2938 2959 3005 ὄνομα
2986 2938 3093 2992 τοῦ
3124 2938 3375 3006 Πατρός,
3418 2938 3516 2992 καὶ
3559 2936 3667 2992 τοῦ

2097 3017 2255 3080 Υίοῦ,
2317 3018 2415 3070 καὶ
2475 3019 2581 3073 τοῦ
2636 3019 2811 3088 ἁγίου
2855 3021 3223 3089 Πνεύματος,
3275 3019 3668 3088 διδάσκοντες

2087 3101 2309 3167 αὐτοὺς
2367 3102 2567 3169 τηρεῖν
2616 3102 2834 3165 πάντα,
2897 3103 3013 3157 ὅσα
3062 3102 3452 3172 ἐνετειλάμην
3500 3104 3663 3173 ὑμῖν.

2086 3183 2244 3250 Μέγα
2269 3185 2377 3237 τῶν
2398 3184 2707 3239 ἀποστόλων
2730 3186 2790 3239 τὸ
2813 3186 3105 3256 ἐγκώμιον,
3133 3187 3262 3239 ὅταν
3282 3187 3505 3240 τοιαῦτα
3529 3182 3664 3242 ὦσιν

2086 3264 2577 3337 έγκεχειρισμένοι·
2603 3268 2699 3337 τῆς
2721 3268 3044 3339 οἰκουμένης
3067 3267 3211 3336 λέγω
3232 3269 3332 3337 τὴν
3364 3269 3659 3340 σωτηρίαν·

2085 3346 2211 3400 ὅταν
2244 3350 2462 3419 ῥήματα
2504 3348 2599 3401 τοῦ
2646 3349 2962 3420 Πνεύματος
2994 3350 3250 3420 γέμοντα·
3279 3350 3307 3403 ὃ
3334 3349 3397 3419 δή
3433 3367 3536 3403 που
3565 3351 3661 3405 καὶ

2085 3432 2458 3501 αἰνιττόμενος
2486 3426 2638 3485 εἶπεν
2664 3432 2743 3493 τὸ,
2775 3432 2877 3485 Διὰ
2905 3435 3253 3502 Πνεύματος
3286 3433 3478 3502 ἁγίου·
3510 3450 3659 3487 τουτ-

2084 3514 2219 3579 έστι,
2252 3515 2361 3568 Καὶ
2385 3515 2453 3568 τά
2478 3516 2720 3587 ῥήματα,
2752 3516 2788 3570 ἃ
2821 3516 3058 3587 ὲλάλησα
3088 3518 3236 3587 ὑμῖν,
3268 3515 3492 3585 Πνεῦμά
3520 3517 3655 3569 ἐστι.

2084 3595 2252 3649 Τοῦτο
2295 3596 2352 3649 δέ
2382 3614 2535 3667 φησι,
2572 3598 2664 3650 τὸν
2692 3598 2967 3669 ἀκροατὴν
3013 3599 3094 3661 εἰς
3147 3598 3443 3667 ἐπιθυμίαν
3475 3597 3658 3650 λοιπὸν

2081 3678 2229 3745 ἄγων
2262 3678 2356 3732 τοῦ
2387 3680 2578 3750 μαθεῖν
2609 3679 2708 3741 τὰς
2740 3679 2981 3746 ἐντολὰς,
3013 3679 3107 3733 καὶ
3148 3679 3493 3745 ἀξιοπίστους
3533 3679 3659 3745 τοὺς

2081 3761 2412 3824 ἀποστόλους
2440 3762 2628 3827 ποιῶν,
2656 3763 2708 3816 εἴ
2742 3780 2805 3832 γε
2837 3763 2904 3817 τὰ
2933 3762 3027 3817 τοῦ
3055 3762 3367 3833 Πνεύματος
3404 3762 3654 3833 μέλλουσι

2080 3843 2282 3911 λέγειν,
2309 3844 2401 3897 καὶ
2426 3844 2524 3906 τὰς
2548 3845 2640 3897 τοῦ
2661 3846 2898 3916 Χριστοῦ
2929 3844 3169 3908 ἐντολάς.
3209 3844 3655 3913 Ἐντειλάμενος

2078 3922 2192 3991 οῦν,
2219 3927 2402 3996 φησὶν.
2451 3925 2787 3995 ἀνελήφθη.
2838 3925 2951 3980 Οῦκ
2997 3924 3171 3989 εἶπεν,
3209 3926 3425 3998 Ἀνέϐη,
3468 3927 3652 3997 ἐπειδὴ

2078 4007 2157 4059 ἔτι
2192 4006 2268 4069 ὡς
2298 4007 2426 4077 περὶ
2462 4007 2749 4079 ἀνθρώπου
2794 4009 3121 4079 διαλέγεται.
3154 4010 3297 4080 Ἀρα
3324 4011 3419 4063 καὶ
3453 4011 3589 4080 μετά
3627 4008 3647 4049 ί

2076 4088 2174 4159 τὴν
2205 4088 2499 4143 ἀνάστασιν
2529 4090 2773 4143 ἐδίδασκε
2803 4092 2929 4154 τοὺς
2960 4091 3228 4161 μαθητάς·
3257 4092 3391 4146 ἀλλά
3416 4092 3507 4145 τὸν
3533 4092 3654 4164 χρό-

2078 4190 2166 4226 νον
2186 4171 2372 4225 τοῦτον
2399 4172 2573 4235 οὐδεὶς
2594 4168 2744 4226 εἶπεν
2767 4175 2898 4243 ἡμῖν
2926 4173 3065 4244 μετά
3095 4173 3378 4244 ἀκριϐείας
3412 4175 3647 4229 ἅπαντα.

2090 4254 2227 4306 Ἀλλ’
2266 4255 2570 4326 ἐγχρονίζει
2622 4256 2721 4326 μὲν
2766 4255 2914 4325 αύτῷ
2946 4260 2974 4310 0
3026 4258 3279 4328 Ἰωάννης
3328 4257 3437 4310 τῶν
3477 4258 3650 4311 ἄλλων

2081 4338 2301 4408 μᾶλλον,
2326 4340 2419 4391 καὶ
2442 4332 2615 4403 οὗτος·
2646 4341 2823 4395 πάντα
2851 4340 2907 4394 δὲ
2938 4340 3121 4409 σαφῶς
3152 4341 3326 4405 ούᾶεὶς
3351 4342 3647 4412 ἀπήγγειλε

2078 4420 2237 4492 (πρὸς
2284 4420 2391 4490 γὰρ
2444 4421 2629 4491 ἕτερον
2680 4422 3017 4493 ἡπείγοντο)·
3054 4423 3331 4495 ἐμάθομεν
3366 4422 3423 4477 δὲ
3475 4424 3650 4477 ταῦτα

2075 4503 2163 4558 διὰ
2199 4503 2306 4557 τῶν
2341 4504 2673 4557 ἀποστόλων·
2716 4504 2753 4559 ἀ
2787 4504 2895 4576 γὰρ
2930 4506 3166 4575 ἥκουσαν
3198 4508 3290 4559 καὶ
3313 4499 3467 4559 εἶπον
3494 4524 3509 4537 ο
3548 4501 3649 4573 Οἷς

2077 4586 2173 4640 καὶ
2215 4586 2601 4655 παρέστησεν
2646 4587 2866 4642 ἑαυτὸν
2894 4586 3097 4649 ζῶντα.
3154 4587 3337 4641 Εἰπὼν
3383 4589 3511 4658 περὶ
3549 4589 3647 4657 τῆς

2077 4668 2394 4739 ἀναλήψεως
2414 4670 2697 4740 πρότερον,
2720 4670 2869 4738 λέγει
2894 4672 2986 4723 καὶ
3014 4670 3251 4739 περὶτῆς
3274 4669 3642 4733 ἀναστάσεως.

2090 4750 2306 4823 Ἐπειδὴ
2350 4751 2459 4822 γάρ
2498 4748 2671 4816 εἶπεν,
2707 4753 2787 4805 ὅτι
2822 4751 3168 4822 Ἀνελήφθη,
3198 4752 3284 4804 ἴνα
3318 4750 3392 4823 μὴ
3419 4752 3644 4820 νομίσῃς,

2077 4835 2167 4903 ὑφ’
2202 4834 2404 4905 ἑτέρων
2454 4834 2616 4887 αὑτὸν
2664 4836 3005 4906 ἀνειλῆφθαι,
3063 4836 3358 4904 ἐπήγαγεν·
3400 4828 3497 4895 Οἷς
3542 4829 3643 4881 καὶ

2076 4917 2462 4984 παρέστησεν
2503 4916 2721 4971 ἑαυτὸν
2758 4917 2957 4977 ζῶντα.
2990 4920 3052 4970 Εἰ
3094 4917 3201 4984 γὰρ
3232 4918 3289 4967 έν
3317 4914 3394 4982 τῷ
3434 4912 3643 4982 μείζονι

2077 4999 2264 5051 ἑαυτὸν
2296 4999 2623 5070 παρέστησε,
2662 4998 2838 5068 πολλῴ
2866 4998 3062 5067 μᾶλλον
3090 4999 3148 5049 ὲν
3169 4995 3247 5065 τῷ
3270 4995 3531 5051 ἐλάττονι.

2063 5102 2069 5133 τ
2144 5081 2205 5135 δ’.
2233 5078 2404 5149 Εἶδες,
2430 5082 2547 5144 πῶς
2567 5081 2933 5144 λανθανόντως
2957 5078 3319 5149 παρασπείρει
3339 5078 3407 5130 τά
3430 5078 3643 5149 μεγάλα

2075 5166 2231 5218 ταυτὶ
2261 5164 2537 5234 δόγματα;
2590 5165 2668 5215 Δι’
2699 5161 2930 5231 ἡμερῶν
2956 5160 3413 5229 τεσσαράκοντα
3457 5162 3638 5215 ὀπτα-

2073 5249 2327 5316 νόμενος
2371 5245 2593 5310 αὐτοῖς.
2649 5246 2723 5298 Ού
2756 5244 2863 5315 γάρ
2897 5244 3086 5314 ὥσπερ
3121 5243 3227 5315 πρὸ
3269 5246 3368 5315 τῆς
3404 5246 3637 5299 ἀναστά-

2074 5347 2214 5393 σεως
2252 5330 2338 5383 ἀεὶ
2374 5328 2491 5400 μετ’
2522 5328 2699 5381 αὐτῶν
2736 5323 2824 5398 ἦν,
2869 5328 3012 5380 οῦτω
3042 5329 3136 5381 καὶ
3166 5328 3307 5380 τότε.
3334 5328 3475 5398 Ὀρα
3509 5329 3633 5397 γάρ.

2075 5415 2188 5467 Οὐκ
2241 5409 2362 5466 εἶπε
2398 5415 2444 5477 Β,
2475 5412 2893 5483 Τεσσαράκοντα
2940 5411 3178 5483 ἡμέρας,
3212 5410 3366 5473 ἀλλά,
3398 5411 3476 5464 Δι’
3506 5412 3641 5480 ἠμε-

2064 5496 2192 5565 ρῶν
2221 5494 2689 5563 τεσσαράκοντα.
2725 5495 3012 5564 Ἐφίστατο
3041 5495 3168 5566 γὰρ,
3195 5496 3287 5548 καὶ
3316 5494 3581 5563 ἀφίπτατο
3607 5494 3634 5531 ιι

2072 5579 2251 5631 πάλιν.
2286 5577 2350 5630 Τί
2379 5577 2613 5646 δήποτε;
2658 5577 2898 5645 Ἀνάγων
2927 5577 3107 5629 αύτῶν
3132 5577 3229 5639 τὰς
3258 5576 3511 5637 διανοίας,
3543 5573 3648 5631 καὶ.

2069 5664 2165 5715 οὐκ
2189 5662 2268 5713 ἔτι
2298 5658 2594 5730 συγχωρῶν
2620 5660 2819 5730 ὁμοίως
2845 5660 2980 5733 πρὸς
3006 5660 3167 5714 αὑτὸν
3199 5657 3498 5713 διακεῖσθαι
3525 5656 3633 5710 ὦσ-

2062 5827 2068 5835 ·
2132 5831 2155 5857 θ
2195 5818 2328 5869 Unus
2369 5817 2521 5866 codex
2557 5817 2977 5865 καὶῦπεδείκνυτο.
3050 5815 3067 5854 ί
3099 5816 3231 5864 Idem
3263 5814 3415 5876 codex
3435 5814 3529 5876 00¢
3549 5814 3628 5876 καὶ

2068 5880 2200 5939 μετά.
2271 5881 2294 5919 Β
2322 5879 2468 5929 SMN.
2494 5880 2619 5927 οὕτω
2642 5881 2721 5926 καὶ
2744 5879 2867 5925 τότε.
2896 5880 2967 5927 Οὐ
3004 5880 3090 5939 γὰρ
3119 5877 3235 5926 εἷπε.
3282 5876 3307 5915 h
3333 5874 3482 5927 Savil.‘
3542 5874 3631 5936 ἀφ-

2053 5944 2249 6015 ⁸ἰατά-ιο.
2280 5941 2449 5993 Morel.
2488 5947 2537 5991 ct
2572 5954 2685 5991 mss.
2712 5940 2959 6004 ἀφίπτατο.
