4036 6212
250 369 310 425 Π
1310 345 1379 401 tu
1414 344 1596 402 ACTA
1637 343 2138 402 APOSTOLOBUM
2180 346 2410 404 HOMIL.
2448 347 2488 402 ι.
3496 362 3560 418 τε

250 485 312 540 lis
336 478 463 551 ipsis
490 476 587 547 qui
624 472 891 527 viderunt
922 474 1215 529 narratur;
1269 460 1399 516 illud
1429 475 1557 517 vero
1606 475 1859 532 arrogan-

250 578 370 632 tiam
401 582 456 627 et
486 568 698 624 fastum
732 577 848 634 prm
878 575 938 615 se
972 558 1181 614 tulisset
1211 554 1351 625 apud
1377 553 1711 622 insipientes.
1745 553 1866 607 Ideo

252 670 485 725 lmnnes
534 658 763 717 dicebat
789 675 805 709 :
834 652 951 724 Ego
978 650 1102 717 ridi,
1130 658 1179 702 et
1219 645 1562 701 testimonium
1611 643 1862 715 perhibui,

250 762 368 828 quia
391 757 478 809 hic
506 762 587 808 est
627 750 783 804 Filius
800 744 899 799 Dei
930 742 1111 813 (Joan.
1139 741 1190 795 1.
1222 737 1337 809 54).
1357 735 1603 792 Christus
1633 750 1761 790 vero
1786 733 1865 789 sic

255 826 568 919 alloquitur
592 838 932 898 Nicodamum
960 833 1135 888 adhuc
1156 829 1430 885 rudiorem
1459 846 1471 882 :
1504 827 1657 895 Quod
1679 826 1864 880 scimus

261 917 550 1012 loquimur,
584 946 629 989 et
668 930 807 1004 quod
858 927 1078 981 ridimus
1123 933 1389 987 testantur,
1433 927 1480 974 et
1526 917 1863 973 testimonium

269 1042 501 1087 nostrum
534 1041 674 1079 uento
722 1022 914 1089 accipit
950 1016 1059 1087 (Id.
1094 1015 1148 1070 5.
1176 1012 1288 1084 11).
1321 1015 1397 1066 Ac
1442 1025 1654 1064 rursum
1683 1023 1864 1063 osseu-

273 1125 407 1179 dens
444 1120 600 1175 multa
631 1132 703 1172 ex
750 1112 1035 1168 oculorum
1084 1103 1396 1161 testimonio
1425 1102 1550 1165 dici,
1584 1098 1863 1171 discipulis

274 1217 489 1271 diccbat:
516 1209 585 1263 Et
606 1224 698 1263 vos
720 1201 1063 1272 testiﬁcamini
1087 1199 1149 1251 de
1166 1213 1263 1263 me,
1282 1196 1403 1265 quia
1419 1193 1480 1247 ab
1501 1192 1646 1246 initio
1669 1206 1861 1244 mecum

266 1310 371 1364 esa‘s
395 1303 504 1375 (Id.
537 1303 625 1358 15.
662 1298 784 1371 27).
820 1294 1067 1367 Apostoli
1109 1304 1320 1362 quoque
1363 1302 1508 1356 saepe
1536 1286 1606 1339 ita
1637 1284 1863 1354 loquun-

264 1412 376 1455 tur:
406 1398 570 1453 Testes
597 1411 696 1449 nos
727 1402 778 1446 et
806 1389 1037 1460 Spiritus
1082 1392 1316 1447 sanctus,
1356 1395 1504 1451 quem
1540 1377 1678 1430 dedit
1722 1375 1860 1429 Deus

270 1492 565 1547 credentibus
584 1490 637 1541 in
676 1503 737 1540 se
766 1484 909 1555 (Act.
940 1480 995 1534 2.
1025 1476 1139 1548 52).
1182 1475 1375 1530 Postea
1404 1485 1531 1526 vero
1557 1470 1768 1533 Petrus,
1802 1476 1861 1522 ut

280 1580 627 1641 resurrectioui
663 1575 840 1631 fidem
885 1572 1068 1635 faciat,
1097 1567 1268 1622 dicit:
1305 1564 1405 1628 Qui
1447 1560 1859 1613 manducavimus

290 1692 331 1728 et
355 1676 535 1728 bibims
570 1685 685 1723 cunt
727 1668 824 1720 illo
863 1663 1024 1733 (Ibid.
1057 1659 1142 1714 10.
1187 1656 1304 1728 41).
1334 1653 1566 1709 Facilius
1594 1652 1737 1705 enim
1766 1665 1857 1705 eo-

292 1785 393 1823 rum
427 1762 786 1820 testimonium
832 1752 1230 1814 admittebant,
1270 1747 1359 1819 qui
1399 1745 1593 1801 versati
1650 1742 1857 1797 fuerant

280 1878 384 1917 cum
413 1859 517 1924 illo,
547 1855 699 1928 quod
728 1851 913 1907 adhuc
944 1849 1102 1916 longe
1128 1844 1383 1898 abessent
1412 1854 1443 1893 a
1471 1839 1660 1893 notitia
1688 1835 1856 1905 Spiri-

268 1966 361 2010 tus.
384 1927 747 2021 QuamObrem
776 1944 1019 2000 Joannes
1048 1939 1099 1993 in
1138 1933 1426 2004 Evangelio
1452 1929 1664 1986 dicebat
1692 1943 1750 1983 se
1778 1927 1856 1981 vi-

261 2020 417 2112 tim
444 2046 511 2101 de
540 2040 812 2113 sanguine
836 2046 892 2092 et
920 2048 1064 2105 aqua
1110 2031 1356 2100 loquens,
1385 2023 1655 2081 oculatum
1702 2020 1852 2076 testi-

260 2141 489 2195 monium
509 2146 573 2191 ut
599 2132 896 2187 maximum
924 2139 1166 2198 ponens;
1196 2117 1405 2176 etiamsi
1432 2114 1604 2171 oculis
1623 2113 1851 2169 certiora

253 2235 364 2289 sint
392 2246 457 2286 ea
485 2242 612 2299 quae
654 2241 687 2279 a
714 2221 917 2292 Spiritu
959 2214 1405 2289 proﬁciscuntur;
1445 2207 1541 2263 sed
1579 2218 1684 2259 non
1711 2202 1852 2276 apud

252 2294 595 2382 incredulos.
626 2315 783 2385 Quod
820 2327 939 2368 vero
969 2308 1203 2380 Spiritus
1230 2302 1501 2375 particeps
1528 2299 1704 2353 Lucas
1730 2294 1848 2350 fue-

249 2420 340 2484 rit,
367 2433 433 2472 cx
482 2412 675 2469 multis
723 2406 1067 2479 perspicuum
1094 2409 1208 2465 est;
1262 2408 1377 2453 tum
1402 2411 1470 2451 ex
1518 2392 1685 2464 signis
1730 2404 1851 2462 quae

248 2482 375 2563 tunc
406 2506 637 2565 ﬁebant,
668 2512 783 2556 tum
803 2496 941 2569 Quod
972 2494 1065 2550 illo
1108 2503 1350 2561 tempore
1378 2485 1600 2558 quilibet
1619 2482 1850 2555 Spiritus

241 2610 437 2657 essent
480 2596 820 2668 participes;
861 2601 965 2645 tum
1002 2604 1068 2644 ex
1112 2584 1259 2641 Pauli
1300 2578 1648 2639 testimonio:
1690 2575 1850 2646 Cujus

241 2696 357 2745 laus
399 2698 478 2744 est
514 2690 573 2742 in
613 2684 875 2755 evangelio
914 2680 985 2754 (2.
1010 2679 1129 2734 Cor.
1153 2674 1350 2745 8.18),
1391 2671 1600 2742 inquit;
1646 2679 1754 2723 tum
1780 2682 1846 2720 ex

243 2780 611 2838 ordinationis
637 2776 886 2838 calculo;
936 2780 1059 2844 post
1104 2768 1233 2824 illud
1264 2766 1407 2822 enim
1437 2763 1623 2819 addit:
1668 2759 1773 2815 Sed
1799 2768 1847 2812 et

241 2878 513 2929 ordinatus
536 2881 613 2926 est
641 2871 708 2923 ab
747 2866 991 2922 Ecclesiis
1016 2878 1179 2917 comes
1217 2854 1636 2931 peregrinationis
1662 2862 1848 2907 nostrw

240 2969 293 3020 in
321 2968 459 3019 hanc
487 2964 726 3035 gratiam,
752 2956 1200 3029 gumministratur
1227 2967 1259 3004 a
1292 2947 1457 3003 nobis.

325 3059 385 3112 5.
414 3031 634 3110 Etvvide
658 3065 814 3122 quam
843 3048 917 3104 sit
948 3061 979 3100 a
1016 3045 1153 3099 fastu
1182 3042 1407 3097 alienus.
1446 3034 1562 3091 Non
1593 3034 1735 3089 enim
1764 3031 1843 3086 di-

239 3149 338 3215 cit,
366 3147 604 3203 Primum
627 3140 982 3212 evangelium,
1008 3134 1149 3207 quod
1170 3129 1556 3203 evangelizavi;
1581 3126 1697 3191 sed,
1727 3122 1847 3177 Pri-

241 3258 379 3294 mum
400 3252 686 3294 sermonem
715 3233 832 3307 feci,
868 3245 929 3286 se
959 3228 1211 3298 majorem
1241 3238 1361 3279 esse
1391 3229 1583 3293 putans
1607 3231 1839 3287 evange-

244 3333 297 3387 lii
324 3330 745 3402 appcllationem
776 3342 789 3379 :
824 3322 1033 3378 etiamsi
1062 3319 1210 3373 illum
1238 3315 1360 3371 inde
1387 3311 1663 3384 apostolus
1696 3310 1841 3364 cele-

244 3401 385 3487 bret,
432 3423 618 3477 dicens
658 3436 673 3473 :
719 3418 879 3487 Cujus
918 3415 1031 3469 laus
1068 3421 1140 3466 est
1184 3412 1235 3464 in
1276 3407 1553 3479 evangelio.
1601 3402 1706 3459 Sed
1754 3401 1844 3456 ille

246 3519 498 3571 modeste
532 3515 613 3567 sic
638 3512 871 3581 loquitur
901 3527 914 3562 :
944 3504 1179 3560 Primum
1204 3502 1409 3575 quidem
1437 3512 1719 3554 sermonem
1748 3495 1844 3566 feci

250 3608 317 3660 de
349 3605 608 3667 carnibus,
638 3619 667 3656 o
694 3600 987 3671 TheOphile,
1009 3612 1124 3667 qua:
1148 3595 1295 3664 saepit
1323 3593 1473 3646 Jesus
1498 3595 1665 3662 facere
1685 3596 1730 3642 et
1751 3587 1843 3640 do-

245 3714 402 3762 cere;
432 3709 543 3749 non
573 3692 895 3762 simpliciter,
927 3690 1002 3744 De
1026 3687 1294 3750 omnibus,
1321 3681 1414 3739 sed
1440 3698 1469 3735 a
1498 3680 1756 3752 principio
1776 3677 1843 3732 ad

244 3789 406 3842 tinem
437 3799 607 3854 usque
638 3802 653 3838 :
688 3782 864 3854 Usque
889 3780 957 3835 ad
979 3778 1143 3843 diem,
1175 3776 1366 3846 inquit,
1397 3788 1502 3844 quo
1536 3781 1841 3840 assumptus

240 3890 344 3936 est.
377 3880 544 3949 Atqui
574 3877 810 3932 Joannes
831 3872 1069 3929 declarat
1106 3884 1210 3925 non
1252 3880 1408 3938 posse
1442 3865 1619 3919 omnia
1659 3860 1839 3917 scribi.

246 3971 315 4029 lit
334 3971 485 4023 enim
518 3969 622 4023 hoc
647 3964 917 4031 ostendat,
939 3971 1217 4033 postquam
1240 3959 1481 4013 dixerat:
1506 3955 1633 4022 Quae
1655 3954 1699 4007 si
1718 3952 1844 4005 serio

242 4063 670 4132 bantursingula,
688 4076 780 4113 nec
800 4059 967 4127 ipsum
986 4054 1203 4109 arbitror
1220 4050 1465 4104 mundum
1487 4063 1631 4117 posse
1641 4060 1838 4112 capere,

244 4156 469 4228 adjicit,
500 4155 607 4210 Eos
630 4155 718 4219 qui
746 4150 999 4207 scribendi
1033 4158 1150 4203 sunt
1184 4146 1339 4201 libros
1366 4142 1561 4215 (Joan.
1587 4141 1679 4196 21.
1707 4140 1778 4197 25
1798 4140 1840 4211 ).

243 4247 531 4317 Qmodo
560 4246 745 4316 igitur,
776 4242 1007 4313 inquies,
1044 4239 1131 4294 hic
1174 4238 1241 4293 de
1278 4236 1527 4291 omnibus
1566 4232 1844 4304 loquitur?

248 4346 315 4395 At
342 4357 453 4395 non
483 4339 642 4403 dixit,
670 4334 884 4399 Omnia,
913 4331 1029 4398 sed,
1058 4330 1139 4386 De
1162 4328 1390 4385 omnibus
1412 4344 1431 4381 :
1460 4341 1523 4382 ac
1547 4328 1589 4381 si
1615 4326 1735 4397 quis
1758 4324 1845 4379 tli-

250 4444 333 4487 tat
355 4430 671 4487 summatim
690 4439 745 4483 et
764 4428 820 4482 in
838 4440 1062 4497 genere;
1092 4433 1183 4478 aut
1202 4422 1269 4478 de
1292 4421 1541 4477 omnibus
1563 4435 1679 4489 qua:
1699 4432 1847 4472 com-

250 4535 437 4593 petunt
454 4533 512 4578 et
539 4532 751 4592 urgent.
783 4519 983 4574 Deinde
1006 4515 1237 4572 ostendit
1260 4528 1378 4585 qua:
1398 4512 1503 4568 sint
1529 4510 1615 4565 illa
1640 4508 1842 4574 omnia,

254 4619 378 4684 Qa:
405 4618 560 4685 ςσρι
586 4614 739 4668 Iesus
765 4617 931 4683 facere
958 4620 1005 4666 et
1031 4610 1245 4674 docere;
1288 4604 1544 4660 miracula
1574 4617 1766 4672 nempe
1791 4609 1848 4656 et

250 4712 558 4765 doctrinam
582 4706 944 4761 subindicans.
975 4702 1159 4773 Neque
1186 4700 1287 4755 hoc
1309 4706 1511 4753 tantum
1530 4737 1547 4764 ,
1574 4695 1670 4752 sed
1704 4693 1845 4765 quod

250 4806 413 4860 etiam
458 4798 706 4854 faciendo
741 4798 982 4853 doceret.
1029 4795 1163 4850 Vide
1186 4803 1364 4848 autem
1390 4791 1534 4846 illius
1559 4788 1847 4859 benignum

262 4895 719 4962 apostolicumqne
743 4891 978 4945 animum
998 4931 1014 4956 ,
1046 4889 1135 4959 qui
1163 4886 1245 4941 vel
1275 4884 1413 4940 illius
1434 4881 1662 4937 hominis
1686 4894 1846 4936 causa

265 4987 403 5038 lianc
427 4985 661 5055 suscepit
689 4991 995 5037 accuratam
1020 4994 1239 5051 operam
1259 5018 1273 5040 ,
1310 4985 1368 5031 ut
1395 4984 1563 5029 totum
1602 4972 1845 5041 Evange-

258 5078 397 5131 liusn
436 5076 702 5131 scriberet.
748 5072 818 5129 Ut
859 5073 1072 5139 habeas,
1104 5070 1292 5139 inquit,
1334 5083 1528 5133 eorum,
1565 5065 1630 5119 de
1669 5063 1848 5134 quibus

250 5168 489 5221 σιόὲιιι
511 5184 577 5232 es,
605 5180 899 5220 sermonum
924 5164 1184 5217 caritatesua
1214 5158 1363 5231 (Luc.
1400 5158 1450 5212 1.
1481 5154 1559 5228 ι).
1592 5154 1850 5210 Audierat

247 5261 398 5313 enim
428 5257 698 5314 Christum
727 5256 995 5312 dicentem
1025 5273 1038 5307 :
1066 5250 1187 5306 Non
1208 5260 1280 5306 est
1306 5251 1535 5304 saturitas
1558 5246 1729 5301 Patris
1749 5246 1849 5300 mei

246 5362 301 5403 It
326 5360 503 5417 percu
529 5365 663 5401 unus
689 5364 756 5402 ex
784 5347 863 5400 Itis
890 5344 1087 5414 pusillis
1117 5340 1345 5415 (Matth.
1374 5339 1461 5394 18.
1492 5339 1558 5394 14
1580 5337 1618 5407 ).
1657 5336 1724 5391 Et
1752 5352 1848 5391 cur

246 5456 355 5493 ιω
376 5456 549 5494 unum
578 5439 773 5494 librum
797 5435 922 5492 fecit
950 5435 1039 5489 nni
1068 5432 1368 5503 TheOphilo
1394 5428 1728 5491 mittendum,
1752 5426 1847 5481 sed

246 5536 297 5587 in
335 5533 449 5587 duo
485 5530 715 5601 partitus
741 5538 825 5584 est
850 5524 1193 5598 argumenta?
1233 5520 1629 5596 Perspicuitatis
1650 5534 1808 5575 causa
1827 5558 1845 5585 ,

245 5638 297 5677 ct
336 5634 401 5679 ιι
445 5621 908 5678 intermissionem
951 5618 1102 5675 daret
1139 5617 1411 5673 auditoria
1442 5613 1677 5683 alioquin
1719 5624 1847 5665 vero

244 5717 503 5771 distincta
526 5724 657 5768 sunt
676 5711 955 5767 amborum
976 5720 1303 5780 argumenta.
1326 5706 1651 5765 Consideres
1666 5712 1845 5757 autem

251 5814 411 5866 teis-
431 5850 451 5879 ,
479 5806 760 5881 qttotnodo
784 5804 1027 5864 Christus
1058 5819 1146 5877 per
1170 5822 1326 5881 opera
1356 5803 1517 5862 dictis
1547 5799 1657 5855 suis
1689 5796 1843 5852 tidem

1973 462 2286 516 coinciliarit.
2329 459 2413 518 Ad
2457 466 2918 522 mansuetudinem
2958 466 3301 540 hortabatur,
3340 473 3557 531 dicens:

1971 550 2164 606 Discite
2182 570 2214 606 a
2230 569 2327 617 me,
2342 554 2460 623 quia
2481 555 2615 609 mitis
2643 572 2753 610 sum
2780 568 2827 610 et
2852 560 3056 614 humilis
3075 562 3226 616 corde
3247 562 3556 628 (Marti-.11.

1968 640 2085 711 29).
2116 640 2348 696 Docebat
2368 654 2753 714 paupertatem,
2781 656 2834 702 et
2858 648 3001 704 illam
3029 665 3120 719 per
3146 666 3312 722 opera
3332 656 3557 712 exhibe-

1969 733 2059 788 bat
2082 751 2097 785 :
2130 750 2251 788 nam
2286 733 2455 791 Filius
2480 737 2697 793 hominis
2724 756 2823 793 non
2846 740 2993 796 habet
3021 743 3104 797 ubi
3123 756 3276 816 caput
3299 763 3447 802 suum
3475 765 3559 804 re-

1968 825 2119 878 clinet
2149 825 2273 895 (Id.
2301 827 2356 882 8.
2381 827 2491 898 20)
2518 868 2533 892 ,
2564 830 2749 900 inquit.
2781 830 3007 887 Juhehat
3057 850 3265 890 rursum
3309 838 3557 895 inimicos

1967 916 2211 985 diligere.
2245 917 2359 973 Hoc
2389 921 2440 973 in
2471 934 2631 976 cruce
2650 921 2831 976 docuit
2854 938 2975 979 cum
3002 940 3097 994 pro
3123 928 3556 1000 cruciﬁgentibus

1968 1017 2216 1076 precatus
2245 1017 2344 1063 est.
2379 1009 2618 1075 Dicebat,
2654 1010 2855 1068 Valenti
2879 1022 3041 1068 tecum
3062 1016 3115 1069 in
3136 1015 3329 1083 iudicio
3346 1030 3557 1075 conterr-

1966 1098 2085 1155 dere
2111 1109 2158 1154 et
2183 1101 2405 1155 tunicam
2433 1112 2574 1156 luant
2598 1102 2793 1171 tollere,
2817 1104 3012 1161 dimitte
3036 1106 3082 1160 ei
3101 1116 3149 1161 et
3174 1108 3385 1176 pallium
3414 1109 3434 1181 (
3465 1109 3552 1163 Id.

1963 1194 2018 1248 5.
2048 1192 2155 1262 40)
2183 1211 2197 1248 :
2231 1194 2345 1263 ipse
2370 1209 2500 1250 vero
2529 1209 2634 1250 non
2665 1196 2836 1251 solum
2873 1199 3220 1262 vestimenta,
3257 1198 3353 1253 sed
3390 1201 3550 1255 etiam

1964 1285 2275 1355 sanguinem
2303 1299 2456 1340 suum
2486 1286 2653 1343 dedit.
2688 1286 2777 1343 Sic
2806 1289 2967 1343 etiam
2993 1287 3284 1360 discipulos
3313 1306 3442 1346 suos
3470 1293 3551 1345 fa-

1963 1391 2087 1432 cere
2105 1378 2284 1447 jussit.
2315 1377 2651 1448 Quapropter
2678 1378 2884 1435 dicebat
2927 1380 3119 1434 Paulus
3151 1398 3165 1435 :
3193 1380 3338 1436 Sicut
3360 1381 3552 1436 habetis

1962 1471 2181 1538 formam
2207 1477 2429 1523 nostram
2457 1468 2717 1541 (Philipp.
2749 1471 2803 1525 5.
2828 1469 2939 1542 17).
2969 1469 3113 1525 Nihil
3139 1472 3281 1526 enim
3307 1472 3549 1543 frigidius

1962 1561 2199 1625 doctore,
2224 1562 2311 1630 qui
2334 1560 2511 1616 verbis
2527 1570 2729 1616 tantum
2752 1560 3189 1636 philosophatur;
3212 1577 3386 1634 neque
3403 1564 3548 1619 enim

1963 1652 2065 1707 hoc
2089 1652 2324 1707 doctoris
2349 1662 2433 1708 est
2451 1695 2467 1721 ,
2497 1654 2590 1708 sed
2614 1653 2926 1724 hypocrita).
2955 1653 3158 1710 idcirco
3182 1654 3413 1724 apostoli
3432 1657 3546 1726 pri-

1960 1765 2107 1804 mum
2130 1749 2404 1820 exemplo,
2434 1750 2559 1805 hinc
2575 1750 2754 1806 verbis
2779 1750 3071 1816 docebant;
3103 1750 3213 1805 imo
3242 1765 3347 1805 non
3370 1750 3548 1807 verbis

1958 1855 2094 1912 opus
2123 1840 2410 1907 habebant,
2436 1842 2690 1912 operibus
2709 1841 2839 1911 ipsis
2859 1842 3228 1898 clamantibus.
3251 1841 3435 1912 Neque
3454 1841 3547 1895 ab-

1958 1934 2215 1989 erraverit
2244 1933 2290 1987 si
2321 1933 2440 2003 quis
2470 1933 2773 2003 passionem
2799 1933 2917 2003 ejus
2943 1933 3206 1989 actionem
3236 1933 3504 1988 vocaverit
3528 1950 3542 1988 :

1958 2025 2210 2095 patiendo
2234 2040 2461 2094 namque
2483 2040 2731 2094 magnum
2758 2024 2885 2079 illud
2908 2025 3253 2094 mirabileque
3273 2039 3407 2094 Opus
3426 2024 3545 2079 edi-

1955 2115 2050 2180 dit,
2096 2130 2203 2183 quo
2241 2122 2470 2169 mortem
2512 2115 2693 2179 solvit,
2734 2128 2800 2167 ac
2843 2113 3048 2184 reliqua
3088 2114 3267 2168 omnia
3312 2114 3541 2183 peregit.

1955 2205 2009 2259 2.
2044 2205 2213 2275 Usque
2231 2206 2284 2259 in
2302 2205 2455 2272 diem,
2476 2221 2578 2275 qua
2601 2205 2896 2274 precipiens
2916 2204 3158 2274 apostolis
3178 2219 3267 2274 per
3291 2203 3543 2273 Spiritum

1954 2307 2204 2364 sanctum,
2221 2313 2348 2366 quos
2373 2297 2541 2367 elegit,
2572 2296 2863 2367 assumptus
2886 2305 2979 2350 est.
3008 2294 3114 2350 Per
3139 2294 3389 2366 Spiritum
3412 2309 3542 2364 prses

1953 2390 2167 2461 sipiens,
2197 2388 2249 2443 id
2280 2399 2383 2456 est,
2411 2387 2707 2458 spiritualia
2738 2386 2879 2457 apud
2908 2386 3053 2457 ipsos
3078 2386 3305 2457 loquens
3336 2400 3540 2457 prtece-

1955 2492 2065 2552 pta,
2096 2481 2331 2552 nihilque
2363 2481 2675 2536 humanum.
2708 2480 2803 2536 Vel
2833 2480 2934 2536 hoc
2961 2495 3090 2552 ergo
3110 2479 3428 2546 dicendum;
3457 2479 3541 2535 vel

1952 2573 2091 2645 quod
2120 2588 2217 2644 per
2240 2572 2499 2643 Spiritum
2527 2573 2656 2643 ipsis
2684 2571 3023 2643 przeceperit.
3053 2570 3235 2636 Vides,
3269 2570 3540 2641 quomodo

1950 2667 2125 2722 adhuc
2148 2666 2215 2721 de
2235 2664 2449 2721 Christo
2472 2665 2745 2720 humiliter
2772 2665 3038 2735 loquatur,
3062 2671 3121 2719 ut
3137 2672 3193 2720 et
3216 2663 3331 2734 ipse
3356 2662 3424 2719 de
3451 2677 3538 2718 se-

1952 2757 2066 2827 ipso
2091 2755 2439 2825 loquebatur,
2470 2755 2655 2810 dicens
2680 2772 2693 2809 :
2718 2754 2779 2809 Si
2816 2764 2985 2809 autem
3019 2770 3106 2824 ego
3132 2754 3186 2807 in
3216 2753 3417 2823 Spiritu
3445 2751 3538 2806 Dei

1950 2847 2096 2918 ejicio
2123 2846 2374 2901 damnia
2402 2845 2613 2918 (Matth.
2636 2844 2721 2899 12.
2756 2843 2890 2916 28)?
2918 2843 3130 2899 Etenim
3162 2845 3391 2914 Spiritus
3414 2859 3538 2898 san.

1949 2949 2066 2995 ctus
2090 2938 2143 2993 in
2169 2937 2258 2993 illo
2284 2937 2482 3007 templo
2505 2934 2842 3005 operabatur.
2874 2934 3012 3001 Quid
3040 2944 3217 2988 autem
3245 2934 3540 3003 praecepit?

1951 3030 2144 3084 Euntes
2172 3030 2344 3083 docete
2371 3043 2543 3082 onum
2569 3034 2739 3097 gentes
2758 3067 2771 3089 ,
2803 3024 3115 3093 baptizantes
3141 3040 3226 3079 eos
3248 3026 3302 3078 in
3334 3025 3539 3079 nomine

1950 3119 2124 3174 Patris
2154 3128 2201 3174 et
2230 3118 2358 3173 Filii
2384 3127 2431 3172 et
2463 3116 2690 3184 Spiritus
2716 3116 2878 3170 saucii
2893 3131 2915 3179 ;
2951 3117 3183 3168 docentes
3216 3130 3301 3168 eos
3338 3129 3537 3173 servars

1947 3213 2121 3267 omnia
2146 3226 2468 3283 quantumque
2496 3208 2733 3263 mandaui
2762 3207 2899 3262 vobis
2930 3207 2949 3278 (
2976 3206 3064 3260 Id.
3109 3206 3203 3261 28.
3261 3205 3347 3261 19.
3390 3205 3461 3261 20
3492 3206 3533 3275 ).
3579 3229 3581 3231 ί

1946 3304 2132 3375 Magna
2178 3302 2295 3358 laus
2332 3301 2730 3372 apostolorum,
2761 3314 2881 3354 cum
2922 3299 3044 3354 talia
3091 3298 3219 3370 ipsis
3247 3298 3533 3353 commissa

1947 3395 2086 3459 sint,
2120 3394 2370 3449 nimirum
2411 3392 2571 3447 totius
2607 3390 2752 3446 orbis
2795 3390 2973 3456 salus;
3020 3405 3141 3445 cum
3180 3389 3341 3445 etiam
3370 3389 3532 3445 verba

1945 3487 2142 3559 Spiritu
2172 3487 2327 3558 plena
2364 3493 2543 3540 essent
2576 3502 2588 3538 :
2620 3483 2669 3537 id
2710 3482 2851 3552 quod
2897 3481 3240 3537 subindicans
3280 3480 3530 3545 dicebat,

1946 3577 2051 3632 Per
2090 3578 2342 3646 Spiritum
2381 3584 2649 3637 sanctum;
2690 3572 2741 3627 id
2785 3581 2907 3638 est,
2934 3570 3109 3627 Verba
3136 3586 3255 3643 qua:
3281 3571 3534 3641 loquutus

1946 3686 2063 3725 sum
2092 3671 2263 3736 vobis,
2292 3670 2519 3739 Spiritus
2547 3677 2691 3723 sunt.
2724 3666 2837 3722 lloc
2866 3680 3027 3736 porro
3052 3664 3203 3730 dicit,
3235 3674 3294 3719 ut
3319 3665 3532 3721 audito-

1946 3778 2059 3817 rem
2101 3761 2166 3816 ad
2205 3760 2692 3827 concupiscentiam
2738 3756 2911 3813 trahat
2958 3755 3198 3813 discendi
3241 3767 3531 3827 prmcepta,

1946 3851 2309 3921 apostolisque
2338 3849 2496 3904 Iidem
2526 3849 2778 3905 conciliet
2802 3867 2814 3903 :
2844 3847 3105 3918 siquidem
3129 3862 3195 3903 ea
3214 3886 3230 3914 ,
3262 3862 3382 3917 qum
3408 3855 3536 3902 sunt

1948 3941 2197 4019 Spiritus,
2229 3939 2498 4009 loquutnri
2544 3947 2703 4003 sunt,
2746 3952 2954 3993 necnon
3001 3949 3268 4008 prmcepta
3309 3937 3531 3993 Christi.

1946 4034 2081 4091 Cum
2114 4030 2477 4102 praecepisset,
2515 4029 2703 4099 inquit,
2743 4028 3044 4094 Assumptus
3080 4037 3173 4082 est.
3220 4026 3336 4082 Non
3374 4027 3529 4093 dixit,

1947 4123 2239 4189 Ascendit;
2280 4120 2401 4192 quia
2431 4119 2499 4175 de
2526 4120 2617 4175 illo
2647 4126 2705 4173 ut
2728 4117 2796 4173 de
2827 4117 3042 4172 homine
3070 4116 3241 4171 adhuc
3278 4116 3531 4185 loquitur.

1948 4220 2077 4275 Post
2116 4215 2559 4274 resurrectionem
2598 4228 2812 4286 quoque
2852 4211 3078 4268 fortasse
3115 4210 3404 4281 discipulos
3436 4210 3535 4266 do-

1948 4311 2087 4376 cuit;
2118 4308 2212 4366 sed
2238 4308 2341 4364 hoc
2368 4314 2538 4363 totum
2566 4315 2777 4375 tempus
2802 4318 2960 4360 nemo
2989 4302 3142 4358 nobis
3171 4310 3418 4358 accurate
3441 4316 3535 4358 ex-

1948 4402 2182 4474 plicavit.
2215 4400 2412 4456 Verum
2442 4398 2570 4454 huic
2595 4398 2668 4453 rei
2709 4397 2877 4468 magis
2914 4394 3229 4450 immoratur
3262 4393 3541 4459 Joannes,

1949 4510 2107 4566 quam
2133 4492 2313 4548 cieteri
2339 4533 2355 4559 ,
2386 4500 2443 4546 ut
2474 4490 2560 4545 hic
2585 4504 2827 4560 quoque;
2857 4486 2949 4543 sed
2979 4486 3155 4542 nullus
3182 4485 3361 4540 omnia
3389 4485 3537 4541 claru

1950 4584 2261 4642 recensuit:
2304 4582 2379 4639 ‘ad
2404 4581 2545 4637 aliud
2578 4581 2773 4652 quippe
2801 4578 3145 4636 festinabant.
3195 4576 3323 4632 ﬂmc
3372 4591 3541 4647 porro

1950 4678 2233 4735 didicimus
2262 4692 2361 4747 per
2380 4673 2672 4746 apostolos,
2698 4673 2787 4743 qui
2810 4687 2872 4727 ea
2894 4686 3013 4742 quae
3034 4669 3316 4725 audierant
3334 4668 3537 4723 retule-

1950 4771 2363 4838 runt.3.Quibus
2378 4780 2424 4825 et
2444 4769 2658 4840 praebuit
2674 4768 2896 4837 seipsum
2912 4765 3094 4820 vivunt.
3114 4764 3388 4834 Loquutus
3411 4771 3539 4819 ante

1951 4869 2019 4923 de
2042 4866 2429 4937 assumptione,
2448 4863 2559 4934 jam
2584 4863 2652 4918 de
2678 4859 3070 4916 resurrectione
3084 4858 3209 4929 agit.
3233 4856 3367 4925 Quia
3389 4856 3536 4912 enim

1952 4961 2179 5026 dixerat,
2203 4958 2506 5027 Assumptus
2535 4964 2642 5020 est,
2678 4969 2747 5009 ne
2784 4960 3000 5024 putares
3029 4950 3178 5006 illum
3204 4950 3272 5004 ab
3296 4949 3415 5001 aliis
3442 4960 3534 5001 as-

1952 5060 2220 5122 sumptum
2248 5050 2436 5117 fuisse,
2461 5047 2755 5117 subjunxit,
2788 5045 2981 5113 Quibus
3004 5053 3051 5097 et
3077 5041 3291 5114 pra'buit
3316 5043 3536 5110 scipsunt

1952 5146 2140 5199 viuum.
2171 5142 2302 5198 Nam
2331 5143 2376 5197 si
2408 5142 2460 5196 in
2482 5140 2675 5211 majori
2704 5153 2764 5193 re
2788 5138 3023 5205 seipsum
3055 5131 3331 5197 exhibuit,
3367 5132 3537 5188 multo

1952 5237 2121 5308 magis
2146 5236 2199 5290 in
2225 5234 2436 5289 minori.

2023 5332 2077 5386 4.
2113 5328 2296 5384 Viden‘
2323 5324 2591 5397 quomodo
2613 5323 2914 5381 clanculum
2935 5321 3051 5379 hzec
3072 5336 3263 5394 magna
3290 5320 3541 5378 dissemi-

1953 5432 2046 5480 net
2062 5422 2343 5493 dogmata?
2365 5418 2470 5474 Per
2489 5418 2595 5472 dies
2614 5418 2951 5489 quadraginta
2972 5430 3223 5485 apparens
3242 5414 3333 5468 eis.
3357 5412 3539 5483 Neque

1953 5518 2117 5584 enim,
2140 5524 2200 5571 ut
2224 5523 2348 5569 ante
2372 5513 2818 5569 resurrectionem
2838 5551 2853 5573 ,
2882 5524 3095 5581 semper
3115 5522 3237 5564 eum
3267 5506 3372 5561 illis
3401 5512 3535 5561 erat.

1953 5609 2187 5665 Observa
2210 5614 2386 5661 autem
2409 5621 2514 5661 non
2534 5604 2735 5660 dixisse
2757 5603 2924 5669 illum,
2943 5600 3301 5671 Quadraginta
3326 5595 3535 5654 diebus.

1956 5701 2067 5766 sed,
2101 5700 2204 5755 Per
2230 5699 2337 5752 dies
2362 5699 2722 5769 quadraginta.
2752 5694 3083 5749 Adveniebat
3107 5691 3247 5745 enim
3270 5728 3285 5752 ,
3316 5694 3372 5739 et
3396 5697 3529 5738 avo-

1958 5792 2097 5849 labat
2128 5806 2358 5847 rursum.
2392 5790 2602 5860 Quare?
2632 5787 2856 5845 Animos
2886 5786 3099 5841 illorum
3123 5776 3189 5833 ad
3214 5776 3405 5830 altiora
3436 5778 3539 5836 du-
