4026 6216
484 351 547 406 l9
1186 359 1242 418 S.
1279 362 1556 423 JOANNIS
1589 367 2059 432 CHRYSOSTOMI
2087 378 2401 443 ARCHIEP.
2431 390 2962 462 CONSTANTINOP.

475 463 628 521 cebat
652 508 666 532 ,
712 484 810 525 nec
849 469 1057 528 sinebat
1089 475 1208 531 illos
1239 479 1458 548 perinde
1485 498 1608 552 erga
1644 501 1704 540 se
1731 488 1871 542 afﬁci
1898 499 2057 561 atque

473 564 651 612 antea.
683 558 792 615 Nec
811 562 928 617 sine
951 579 1109 621 causa
1140 567 1240 623 hoc
1266 571 1472 641 agebat,
1505 575 1599 630 sed
1627 585 1909 649 utrumque
1937 558 2059 636 dili-

471 656 660 713 genter
704 664 1033 722 praaparans,
1068 667 1122 711 ut
1166 663 1488 717 resurrectio
1526 664 1853 734 crederetur,
1899 682 1953 726 et
1999 682 2058 727 ut

475 739 648 806 major
690 740 805 810 ipse
850 755 1124 812 putaretur
1163 763 1282 803 esse
1304 791 1319 815 ,
1352 768 1510 821 quam
1541 755 1721 812 homo.
1753 761 1912 830 Atqui
1941 762 2057 818 hsce

469 839 621 883 erant
657 832 795 887 inter
833 849 892 889 se
930 840 1216 893 contraria.
1249 840 1317 897 Ut
1345 845 1487 899 enim
1519 852 1840 905 resurrectio
1866 854 2054 908 crede-

470 929 634 985 retur,
663 921 890 978 humana
919 926 1082 981 multa
1111 929 1224 985 fieri
1255 936 1564 1002 oportebat;
1596 948 1653 993 ut
1676 942 1901 997 alterum
1928 960 2055 1000 vero

471 1010 774 1069 ﬁrmaretur
798 1056 812 1080 ,
842 1033 947 1072 non
979 1020 1126 1075 item.
1161 1024 1409 1081 Attamen
1437 1037 1721 1102 utrumque
1751 1046 2053 1105 opportuno

468 1109 708 1172 tempore
750 1105 946 1162 factum
982 1120 1079 1164 est.
1133 1113 1244 1169 Cur
1287 1128 1463 1174 autem
1506 1137 1610 1177 non
1651 1127 1917 1193 omnibus,
1956 1130 2050 1184 sed

464 1196 723 1261 apostolis
751 1208 951 1254 tantum
983 1207 1261 1273 apparuit?
1288 1209 1419 1277 Quia
1449 1213 1626 1268 multis
1653 1215 1704 1270 id
1732 1217 2048 1286 phantasma

467 1284 636 1338 visum
665 1286 869 1354 fuisset,
893 1294 983 1362 qui
1011 1308 1262 1351 arcanum
1289 1304 1526 1370 mysterii
1552 1319 1658 1360 non
1686 1320 1963 1364 noverant.
1991 1311 2046 1366 Si

463 1373 607 1427 enim
642 1377 738 1446 ipsi
771 1378 1016 1448 discipuli
1047 1399 1152 1438 non
1180 1388 1470 1445 credebant
1496 1393 1645 1448 initio
1673 1405 1728 1451 et
1760 1399 2048 1457 turbaban-

462 1473 568 1532 tur,
598 1477 845 1540 tactuque
881 1490 1067 1530 manus
1108 1494 1241 1548 opus
1284 1481 1568 1551 habebant,
1609 1503 1815 1544 necnon
1859 1509 2042 1550 mensa

457 1561 745 1625 communi,
769 1566 1034 1630 quomodo
1062 1569 1246 1638 vulgus
1275 1572 1522 1629 affet-tum
1553 1576 1774 1634 fuisset?
1802 1583 2044 1653 Quapro-

459 1655 579 1716 pter
607 1664 672 1703 ex
704 1652 971 1709 miraculis
993 1657 1340 1716 indubitatam
1365 1666 1537 1719 reddit
1559 1652 2039 1743 resurrectionem;

458 1739 530 1792 ita
565 1750 620 1794 ut
646 1758 749 1797 non
784 1746 886 1800 illis
908 1757 1107 1804 tantum
1138 1763 1259 1809 tunc
1291 1760 1547 1827 temporis
1573 1760 1911 1833 hominibus,
1946 1773 2040 1827 sed

458 1831 706 1886 omnibus
750 1846 927 1903 postea
969 1851 1113 1896 certa
1161 1844 1296 1899 foret
1340 1853 1681 1906 resurrectio.
1713 1855 1864 1922 Quod
1895 1861 2038 1916 enim

457 1919 509 1974 in
548 1921 654 1976 illis
694 1925 981 1984 eﬂ‘ecerunt
1019 1947 1302 2006 conspecta
1350 1941 1521 2011 signa,
1569 1944 1670 2000 hoc
1719 1948 1769 2002 in
1811 1954 2040 2018 posteris

456 2017 704 2072 omnibus
729 2035 824 2088 per
856 2025 1013 2078 fidem
1045 2026 1278 2083 futurum
1309 2045 1443 2086 erat.
1475 2035 1599 2090 Ideo
1629 2039 1753 2094 hinc
1783 2042 2035 2099 incredu-

453 2105 536 2161 los
579 2115 906 2179 argumentis
956 2117 1278 2187 impetimus.
1331 2125 1386 2178 Si
1439 2142 1542 2180 non
1586 2135 1897 2200 resurrexit,
1941 2139 2036 2194 sed

456 2208 697 2253 mortuus
727 2213 926 2271 manet,
955 2211 1226 2275 quomodo
1254 2213 1304 2267 in
1332 2217 1546 2273 nomine
1570 2219 1686 2287 ejus
1706 2227 1930 2292 apostoli
1960 2230 2036 2283 si-

453 2303 554 2357 gna
576 2289 853 2349 fecerunt?
880 2299 947 2350 At
969 2313 1073 2352 non
1097 2300 1274 2358 fecere
1296 2305 1590 2363 miracula?
1614 2289 2036 2389 Quomodoergo

453 2393 583 2448 gens
627 2393 807 2439 nostra
843 2391 1115 2446 constitit?
1157 2393 1269 2448 Non
1309 2398 1450 2452 enim
1487 2400 1612 2458 huic
1649 2407 1856 2462 veritati
1886 2412 2032 2466 obsi-

453 2479 598 2524 stent
638 2488 810 2542 neque
852 2481 1158 2548 pugnabunt
1197 2497 1379 2540 contra
1411 2506 1494 2555 ea,
1528 2508 1647 2562 qua:
1676 2497 1774 2552 sub
1803 2514 2031 2571 conspe-

453 2567 594 2614 ctum
621 2562 835 2620 cadunt.
870 2567 1048 2639 Itaque
1077 2576 1290 2643 quando
1318 2578 1498 2634 dicunt
1526 2623 1541 2648 ,
1572 2601 1676 2639 non
1709 2590 1840 2642 facta
1869 2562 2034 2650 fuisse

455 2652 740 2720 miracula,
793 2666 919 2714 tunc
962 2663 1129 2733 magis
1171 2681 1291 2722 sese
1335 2672 1682 2731 confundunt.
1736 2679 1847 2736 lIoc
1889 2686 2030 2740 enim

453 2745 740 2800 maximum
787 2762 927 2805 esset
972 2756 1304 2826 miraculum,
1344 2763 1388 2816 si
1428 2765 1543 2819 sine
1582 2770 1851 2828 miraculis
1891 2783 2031 2833 totus

452 2837 596 2892 orbis
621 2843 960 2912 accurrisset,
991 2863 1018 2900 a
1044 2849 1323 2907 duodecim
1349 2860 1669 2927 pauperibus
1689 2873 1744 2918 et
1766 2866 2031 2926 illiteratis

452 2928 757 2988 licininibus
783 2945 986 3004 captus.
1015 2938 1196 3012 Neque
1223 2947 1364 3001 enim
1397 2954 1632 3018 pecuniis
1655 2996 1670 3016 ,
1703 2972 1808 3012 non
1840 2960 2032 3016 verbo-

452 3035 569 3075 rum
596 3027 853 3093 sapientia
875 3070 888 3093 ,
930 3047 1035 3086 non
1061 3036 1168 3090 alio
1196 3039 1355 3094 simili
1387 3044 1545 3098 modo
1564 3047 1855 3115 piscatores
1884 3055 2029 3110 vice-

451 3122 607 3179 runt;
657 3125 711 3170 nt
747 3120 829 3173 vel
871 3122 1018 3176 inviti
1049 3131 1402 3186 conﬁteantur
1435 3135 1667 3193 divinam
1697 3142 1747 3195 in
1783 3144 1886 3198 illis
1910 3160 2030 3203 esse

452 3203 739 3262 virtutem:
774 3225 947 3280 neque
978 3215 1119 3270 enini
1165 3218 1407 3276 humanzc
1441 3226 1581 3281 vires
1614 3231 1736 3284 talia
1778 3249 2026 3304 umquam

449 3293 628 3350 facere
655 3302 940 3367 potuerint.
967 3303 1095 3360 ldeo
1121 3308 1210 3364 ille
1235 3313 1580 3385 quadraginta
1619 3320 1806 3378 diebus
1836 3293 2029 3383 mansit

450 3394 570 3454 post
599 3393 1078 3462 resurrectionem;
1109 3404 1214 3453 tam
1243 3401 1399 3473 longo
1435 3422 1754 3478 conspectus
1785 3415 1864 3469 sui
1899 3431 2025 3487 Spa-

450 3475 526 3529 tio
552 3477 626 3530 rei
657 3480 929 3536 veritatem
960 3489 1315 3556 comprobans
1340 3535 1355 3559 ,
1388 3511 1454 3550 ne
1483 3497 1534 3551 id
1560 3475 1701 3569 quod
1729 3504 2022 3574 videbatur,

447 3566 761 3636 phantasma
788 3587 908 3629 esse
940 3587 1203 3645 putarent.
1233 3581 1416 3654 Neque
1443 3586 1526 3642 his
1551 3566 1853 3659 contentus,
1875 3612 2025 3652 men-

445 3674 560 3714 sam
590 3663 749 3718 etiam
781 3665 1013 3736 addidit,
1044 3671 1092 3726 id
1125 3675 1264 3743 quod
1292 3677 1450 3734 etiam
1487 3693 1666 3751 postea
1696 3685 1842 3744 dicit.
1871 3692 1923 3746 4.
1955 3693 2024 3747 Et

446 3769 740 3809 concescens
766 3773 878 3811 cum
904 3761 1026 3814 illis.
1070 3763 1180 3820 Hoc
1216 3777 1392 3825 autem
1428 3772 1526 3842 ipsi
1557 3780 1783 3846 apostoli
1810 3796 2025 3854 setnpt‘l‘

445 3841 498 3896 in
535 3849 942 3907 resurrectionis
977 3866 1346 3924 argumentum
1387 3876 1726 3934 sumpserunt
1761 3871 2019 3946 dicentes,

449 3935 550 4002 Qui
589 3940 1000 3998 manducavimus
1028 3956 1074 4000 et
1103 3948 1316 4006 bibimus
1340 3969 1453 4009 cum
1477 3957 1566 4012 illo
1596 3960 1617 4032 (
1639 3961 1748 4016 Act.
1777 3965 1864 4022 10.
1888 3969 1947 4023 bl
1976 3935 2020 4038 )2

444 4028 582 4093 Quid
621 4041 798 4086 autem
829 4049 1093 4104 apparens
1119 4038 1336 4108 fecerit,
1368 4059 1463 4114 per
1486 4028 1759 4119 sequentia
1786 4028 2022 4112 ostendit

442 4117 625 4174 dicens
654 4139 666 4175 :
695 4123 960 4194 Apparens
985 4128 1108 4198 illis,
1139 4142 1185 4185 et
1207 4134 1412 4203 loquens
1441 4138 1504 4190 de
1524 4117 1678 4209 regno
1705 4141 1801 4196 Dei
1819 4145 1854 4197 ⁸.
1885 4145 2018 4211 Quia

441 4225 568 4266 vero
591 4212 782 4282 dejecti
813 4218 1005 4274 animis
1032 4232 1204 4287 erant,
1227 4233 1281 4279 et
1311 4226 1502 4282 turbati
1530 4231 1599 4284 ob
1627 4245 1710 4296 ea,
1738 4248 1856 4302 quae
1881 4234 2016 4292 facta

440 4299 686 4366 fuerant,
721 4313 878 4374 atque
902 4307 968 4359 ad
1000 4323 1186 4377 magna
1213 4311 1466 4382 deinceps
1495 4319 1686 4372 exituri
1717 4299 1869 4377 erant
1892 4339 2016 4380 cer-

439 4392 633 4446 tamina
658 4432 673 4455 ,
714 4408 962 4451 sermone
994 4398 1134 4453 circa
1165 4400 1336 4456 futura
1366 4403 1548 4461 habito
1579 4423 1826 4466 recreans
1856 4413 1978 4472 illos
1997 4457 2013 4482 ,

439 4477 688 4549 Praecepit
710 4483 772 4536 ab
789 4483 1123 4557 Jerosolymis
1142 4505 1204 4543 ne
1220 4491 1548 4561 discederent,
1566 4499 1656 4553 sed
1674 4514 2016 4573 exspectarent

437 4571 815 4639 promissionem
856 4572 1049 4630 Patris.
1090 4577 1269 4635 Primo
1317 4583 1370 4637 in
1412 4584 1682 4644 Galilaeam
1721 4571 2016 4652 deduxerat

434 4675 528 4716 eos
551 4661 725 4718 adhuc
744 4663 1094 4722 formidantes
1119 4682 1170 4725 et
1199 4679 1506 4742 trementes,
1533 4688 1593 4734 ut
1617 4695 1737 4738 cum
1769 4683 2012 4744 libertate

432 4751 570 4806 dicta
601 4754 863 4810 audirent.
898 4759 1098 4817 Deinde
1125 4778 1246 4817 cum
1272 4767 1563 4834 audissent,
1609 4781 1661 4828 et
1705 4774 1757 4829 in
1793 4775 1877 4833 his
1916 4795 2014 4849 per

433 4843 779 4913 quadraginta
809 4847 924 4903 dies
951 4861 1134 4907 essent
1163 4859 1376 4923 versati,
1402 4858 1654 4932 Praecepit
1677 4866 1748 4918 eis
1774 4868 1838 4921 ab
1861 4843 2012 4925 Jero-

429 4935 638 5004 solymis
661 4954 724 4991 ne
741 4940 1068 4998 discederent.
1099 4945 1307 5013 Quare?
1336 4950 1480 5006 Sicut
1507 4955 1703 5012 milites
1725 4958 1777 5012 in
1800 4961 2008 5030 agmina

432 5027 727 5097 irrupturos
767 5049 924 5089 nemo
970 5038 1096 5092 sinit
1139 5040 1307 5106 exire,
1347 5043 1520 5099 donec
1553 5049 1740 5103 armati
1786 5049 2003 5122 fuerint,

430 5133 605 5188 neque
634 5137 799 5191 equos
829 5142 895 5179 ex
925 5142 1142 5184 carcere
1168 5133 1403 5198 exsilire,
1435 5136 1739 5208 priusquam
1769 5143 2006 5213 aurigam

427 5213 566 5266 nacti
608 5215 714 5268 sint
739 5234 751 5268 :
781 5220 858 5273 sic
900 5235 1072 5291 neque
1116 5224 1233 5280 illos
1273 5238 1397 5282 ante
1437 5230 1723 5287 adventum
1773 5234 2005 5305 Spiritus

427 5305 596 5358 sancti
625 5306 675 5360 in
704 5309 816 5364 acie
844 5325 1157 5381 comparere
1187 5319 1459 5387 permisit,
1493 5337 1561 5378 ne
1589 5321 1747 5380 facile
1765 5339 1795 5379 a
1822 5327 2004 5384 multis

426 5409 774 5465 caperentur.
801 5401 985 5472 Neque
1015 5417 1294 5477 propterea
1325 5419 1549 5480 tantum,
1579 5417 1672 5470 scd
1701 5417 1823 5488 quia
1849 5421 2001 5477 multi

426 5499 581 5544 erant
624 5491 732 5546 illic
771 5496 1049 5551 credituri.
1083 5499 1159 5552 Ad
1190 5499 1303 5556 hanc
1329 5518 1486 5569 vero,
1517 5521 1584 5561 ne
1609 5508 1823 5577 quidam
1851 5511 2000 5568 dice-

424 5593 544 5638 rent
570 5585 733 5654 ipsos,
762 5589 938 5643 missis
963 5591 1104 5647 notis
1131 5604 1182 5648 et
1212 5598 1597 5655 contribulibus
1634 5603 1747 5658 suis
1766 5645 1779 5668 ,
1807 5604 1873 5660 ad
1901 5621 1999 5662 ex-

485 5735 503 5766 ⁸
538 5733 673 5785 Alius
704 5737 879 5821 legit':
921 5741 1225 5821 QuLidautem
1247 5746 1422 5821 fecerit
1438 5762 1523 5809 per
1546 5752 1868 5821 quadraginta
1890 5756 1994 5809 dies

421 5803 662 5857 apparens
680 5800 772 5876 eis
788 5800 814 5854 ζ)
832 5800 1112 5868 loquebatur
1135 5807 1199 5858 de
1220 5800 1364 5874 regno
1388 5800 1493 5861 Det.

3686 433 3759 486 20

2163 505 2381 560 trnneos
2424 516 2797 574 ostentationis
2839 537 2997 578 causa
3045 529 3332 604 migrasse;
3375 543 3572 603 idcirco
3611 554 3752 620 apud

2165 607 2259 646 eos
2291 596 2453 665 ipsos,
2492 605 2582 672 qui
2612 607 2796 666 Jesum
2833 617 3186 690 occiderant,
3217 626 3366 699 signa
3395 596 3749 704 praebent'rc-

2163 688 2528 758 snrrectionis,
2553 699 2693 766 apud
2721 717 2836 770 eos,
2861 705 3098 779 inquam,
3129 717 3217 785 qui
3239 725 3631 801 crucilixerant,
3653 737 3746 806 qui

2165 778 2482 806 εηηηιὲη-...ιι
2557 785 2601 806 3c.
2643 789 2655 801 ο
2845 795 2859 806 .
2977 801 3025 806 --
3066 803 3082 806 -
3149 805 3152 806 ,

2164 778 2482 844 scpelicrant
2508 825 2523 850 ,
2557 785 2608 841 in
2641 789 2751 859 ipsa
2777 795 2910 852 urbe
2941 778 3026 856 ubi
3058 778 3262 864 facinus
3304 811 3521 883 impium
3563 778 3745 891 pallia-

3381 871 3396 883 ,
3494 871 3520 873 ,_
3565 871 3712 891 τη...

2168 875 2276 922 tum
2310 871 2510 943 fuerat;
2546 879 2614 934 ita
2647 895 2705 937 ut
2738 893 2980 948 extranei
3007 911 3196 954 omnes
3225 901 3348 960 hinc
3375 909 3743 976 obmutescere

2159 972 2496 1029 cogerentur.
2527 968 2660 1026 Cum
2685 977 2827 1032 enim
2853 980 2908 1046 ii,
2933 985 3021 1054 qui
3048 990 3441 1063 cruciﬁxerant,
3469 1001 3608 1058 inter
3629 1023 3746 1064 cre-

2158 1048 2349 1108 dentes
2381 1072 2781 1133 comparerent;
2817 1070 2941 1127 hinc
2967 1087 3114 1133 certe
3143 1090 3196 1136 et
3220 1088 3396 1143 cruris
3421 1100 3475 1145 et
3507 1103 3611 1150 tam
3641 1097 3745 1152 ini-

2157 1141 2245 1208 qui
2275 1141 2526 1204 facinoris
2555 1165 2759 1211 certum
2792 1159 3042 1220 indicium
3063 1209 3078 1235 ,
3107 1179 3161 1224 et
3187 1181 3593 1240 resurrectionis
3623 1204 3743 1243 ma-

2154 1245 2314 1299 guum
2345 1233 2641 1298 ducebatur
2674 1262 3064 1319 argumentum.
3119 1261 3324 1321 Deinde
3361 1285 3428 1324 ne
3472 1273 3735 1345 dicerent,

2154 1321 2317 1345 n.--“
2380 1328 2394 1345 Ι
2783 1342 2792 1345 ⁸

3476 1321 3735 1345 _---.-...,

2153 1321 2432 1388 Quomodo
2469 1348 2596 1404 ergo
2621 1342 2918 1406 poterimus
2944 1347 3083 1404 inter
3114 1361 3219 1408 tam
3257 1360 3452 1435 multos
3491 1364 3738 1426 homines

2151 1417 2383 1475 nefarios
2410 1433 2462 1477 et
2489 1424 2783 1488 homicidas
2809 1435 3026 1508 degere,
3061 1459 3160 1500 nos
3181 1450 3269 1517 qui
3303 1428 3371 1506 ita
3400 1458 3554 1523 pauci
3580 1470 3634 1514 et
3659 1463 3742 1516 vi-

2150 1508 2227 1563 les
2252 1518 2472 1570 sumns‘!
2501 1520 2624 1576 vide
2662 1530 2929 1593 quomodo
2973 1532 3111 1591 hanc
3146 1508 3446 1612 angustiam
3488 1553 3740 1620 expediat

2148 1609 2200 1654 et
2234 1603 2406 1659 Solvat
2452 1607 2636 1667 dicens
2665 1631 2678 1666 :
2707 1615 2816 1671 Sed
2839 1636 3184 1691 exspectarent
3209 1638 3590 1700 promissionem
3624 1645 3732 1699 Pa-

2149 1692 2257 1758 tris,
2288 1711 2440 1765 quam
2472 1703 2686 1760 audistis
2711 1723 2743 1760 a
2768 1725 2864 1764 me.
2895 1711 2962 1767 Et
2986 1720 3350 1792 qnandonam,
3381 1728 3607 1799 inquies,
3632 1752 3732 1791 au-

2145 1785 2394 1844 dierunt?
2421 1791 2551 1850 Cum
2584 1798 2785 1858 diceret
2815 1823 2827 1857 :
2852 1805 3076 1876 Expedit
3106 1817 3254 1876 pobis
3301 1785 3352 1873 ut
3394 1785 3484 1894 ego
3523 1785 3725 1887 eadem.

2937 1874 2945 1876 ἡ
3109 1874 3119 1876 η
3399 1874 3475 1894 -σ-
3527 1874 3725 1887 """'""

2145 1874 2209 1928 Si
2256 1881 2388 1934 enim
2443 1901 2542 1939 non
2586 1891 2756 1946 abiero
2779 1935 2794 1958 ,
2844 1894 3143 1957 Paracletus
3188 1924 3289 1962 non
3334 1915 3490 1967 veniet
3535 1920 3604 1970 ad
3643 1937 3729 1976 vos

2143 1963 2468 2074 (:loan."16.
2510 1976 2610 2047 7);
2655 1990 2710 2035 et
2752 1999 2997 2051 rursum,
3033 1991 3144 2064 Ego
3175 1963 3723 2074 rogaboDatreiti,vei

3080 2055 3101 2064 ν
3233 2055 3255 2068 ν
3519 2055 3587 2059 ""
3613 2055 3630 2074 ν
3672 2055 3720 2063 ⁷*

2141 2055 2298 2110 alium
2348 2057 2669 2122 Paracletunt
2714 2074 2875 2129 mittet
2918 2080 3052 2134 vobis
3075 2124 3089 2148 ,
3135 2095 3189 2138 ut
3236 2103 3432 2145 ntaneat
3470 2097 3722 2152 vobiscum

2143 2146 2268 2218 (Id.
2298 2152 2384 2207 tt.
2419 2155 2486 2210 ιθ
2510 2158 2550 2227 ).

2211 2244 2265 2297 5.
2316 2245 2380 2300 Et
2421 2263 2517 2304 cur
2545 2268 2650 2309 non
2691 2256 2903 2315 Christo
2952 2281 3246 2339 praesente,
3288 2277 3370 2332 vel
3401 2295 3503 2336 non
3544 2287 3722 2342 statim

2140 2343 2260 2402 post
2305 2338 2421 2405 ejus
2463 2342 2793 2416 discessum,
2824 2354 3036 2411 advenit
3063 2338 3311 2433 Spiritus,
3355 2371 3449 2425 sed
3478 2374 3724 2434 Christus

2137 2426 2536 2500 quadragesima
2561 2436 2645 2492 die
2669 2443 2930 2507 ascendit,
2961 2426 3190 2517 Spiritus
3215 2471 3341 2512 vero
3363 2461 3578 2520 advenit
3599 2482 3721 2523 cum

2136 2520 2497 2589 compleretur
2517 2528 2632 2583 dies
2662 2531 3045 2594 Pentecostes?
3084 2544 3182 2612 Ac,
3202 2548 3246 2602 si
3284 2553 3517 2610 nondum
3561 2558 3723 2616 adve-

2138 2620 2288 2665 uerat
2322 2613 2428 2681 ille,
2470 2622 2737 2686 quomodo
2766 2625 3009 2687 Christus
3029 2633 3239 2692 dicebat
3261 2655 3277 2694 :
3303 2642 3527 2711 Accipite
3547 2613 3720 2720 Spiri-

2137 2709 2242 2754 tunt
2269 2717 2498 2799 sanctum
2529 2712 2548 2781 (
2577 2712 2663 2768 Id.
2693 2717 2781 2773 20.
2811 2721 2881 2775 Ἡ
2905 2722 2966 2792 )?
2994 2725 3059 2781 Ut
3095 2729 3216 2784 illos
3255 2709 3480 2803 capaces
3525 2709 3719 2800 redde-

2136 2787 2628 2868 retatquEidoneos
2647 2787 2955 2880 accipiendo
2973 2817 3213 2887 Spiritui.
3234 2823 3288 2879 Si
3307 2787 3447 2882 enim
3469 2835 3715 2903 angelum

2136 2885 2346 2942 visurus
2395 2892 2611 2961 Daniel,
2660 2885 3049 2962 dissolvebatufr
3093 2912 3252 2979 (Dan.
3296 2917 3349 2972 8.
3393 2885 3718 2990 17),:titilto

2134 2979 2302 3046 magis
2335 2980 2386 3035 hi
2419 2984 2468 3037 id
2497 2992 2702 3054 passuri
2733 3004 2905 3060 erant,
2939 3006 3137 3057 tantam
3160 3012 3426 3078 accepturi
3462 3019 3710 3084 gratiam.

2135 3065 2230 3121 Vel
2254 3068 2354 3125 hoc
2380 3072 2660 3133 dicendum
2688 3093 2772 3137 est
2792 3127 2808 3150 ,
2833 3088 2917 3142 vel
2944 3093 3085 3161 quod
3117 3109 3229 3151 rem
3263 3065 3494 3158 fiitnran'i
3527 3118 3582 3161 ut
3604 3109 3712 3178 jam

2133 3155 2324 3214 factam
2355 3162 2594 3235 diceret;
2632 3181 2688 3226 ut
2726 3189 2845 3230 cum
2889 3155 3002 3234 ait:
3031 3182 3234 3240 Cati-ate
3268 3206 3422 3261 supra
3461 3155 3714 3265 serpeiites

2132 3258 2178 3301 et
2219 3255 2508 3323 scorpiones
2530 3300 2544 3326 ,
2589 3270 2636 3314 et
2664 3280 2820 3334 supra
2858 3284 3054 3325 omnem
3093 3278 3320 3332 rirtutem
3349 3282 3540 3338 inimici
3561 3286 3710 3356 (Luc.

2133 3341 2221 3394 10.
2252 3344 2360 3414 l9).
2394 3347 2499 3401 Cur
2526 3360 2703 3407 autem
2754 3372 2858 3411 non
2901 3368 3025 3417 tunc
3050 3367 3227 3421 statim
3255 3341 3710 3447 advenittdpor;

2132 3433 2274 3489 tebat
2295 3453 2387 3492 eos
2416 3443 2490 3494 rei
2521 3442 2787 3502 desiderio
2818 3453 3009 3520 teneri,
3034 3465 3195 3527 atque
3222 3460 3289 3514 ita
3315 3464 3538 3532 gratiam
3568 3433 3710 3526 acci-

2131 3537 2275 3591 pere.
2308 3526 2431 3584 ldco
2467 3542 2742 3603 postquam
2787 3538 2879 3596 ille
2908 3526 3256 3614 discesserat,
3287 3526 3516 3620 S'piritus
3543 3556 3709 3615 adve-

2129 3617 2227 3672 nit.
2266 3618 2320 3675 Si
2349 3621 2440 3676 illo
2467 3636 2732 3693 prmsente
2757 3631 3024 3700 venisset,
3052 3651 3158 3692 non
3185 3639 3236 3695 in
3265 3617 3406 3697 tanta
3435 3659 3712 3717 exspecta-

2131 3708 2274 3763 tione
2304 3709 2550 3767 fuissent.
2581 3714 2785 3775 Idcirco
2807 3736 2982 3792 neque
3004 3726 3180 3780 statim
3201 3739 3319 3798 post
3337 3736 3704 3794 ascensionem

2128 3798 2246 3867 ejus
2274 3801 2522 3869 advenit,
2552 3805 2648 3861 sed
2695 3818 2816 3878 post
2852 3822 2975 3867 octo
3002 3815 3086 3869 vel
3117 3832 3311 3875 novem
3357 3822 3493 3879 dies.
3540 3826 3612 3882 Ita
3652 3840 3708 3886 et

2127 3907 2227 3947 nos
2267 3905 2374 3949 tum
2420 3899 2651 3954 maxime
2677 3903 2973 3959 excitamur
2999 3921 3122 3977 erga
3150 3911 3340 3979 Deum,
3378 3931 3497 3972 cum
3531 3920 3582 3974 in
3612 3938 3706 3977 ne-

2126 3984 2376 4037 cessitate
2419 3988 2701 4043 constituti
2755 4004 2960 4049 sumus.
3015 3996 3245 4070 Ideoque
3291 4003 3525 4064 Joannes
3577 4021 3703 4069 tunc

2124 4070 2285 4124 mittit
2311 4070 2600 4141 discipulos
2625 4090 2751 4133 suos
2784 4081 2850 4136 ad
2890 4082 3181 4154 Christum,
3213 4095 3427 4161 quando
3454 4099 3542 4154 illo
3568 4116 3704 4171 opus

2123 4159 2355 4216 habituri
2376 4175 2549 4230 erant,
2568 4166 2772 4226 Joanne
2790 4173 2842 4227 in
2858 4189 3074 4235 carcere
3093 4159 3335 4253 degente.
3354 4159 3703 4260 Alioquin-ve-

2121 4264 2183 4304 ro
2203 4254 2482 4322 oportebat
2513 4257 2566 4312 in
2596 4261 2728 4315 cado
2755 4277 3067 4335 comparere
3096 4282 3338 4329 naturam
3360 4287 3620 4347 nostram,
3646 4293 3700 4338 et

2120 4343 2407 4411 perfectam
2437 4350 2924 4412 reconciliationem
2957 4358 3068 4415 fieri
3086 4403 3100 4427 ,
3135 4378 3199 4420 ac
3229 4375 3338 4421 tum
3367 4372 3549 4427 venire
3576 4373 3700 4442 Spi-

2119 4435 2280 4492 ritum
2305 4477 2319 4502 ,
2349 4454 2644 4513 puramque
2672 4448 2868 4517 percipi
2897 4450 3243 4521 voluptatem.
3274 4457 3403 4514 Nam
3433 4463 3477 4517 si
3500 4435 3697 4534 Spiritu

2119 4538 2403 4598 prasente,
2431 4530 2690 4590 Dominus
2717 4537 2956 4606 abiisset,
2985 4541 3072 4598 ille
3100 4560 3230 4601 vero
3257 4550 3559 4620 mansisset,
3591 4569 3696 4611 non

2119 4627 2263 4676 tanta
2287 4620 2474 4678 fuisset
2498 4627 2830 4696 consolatio;
2861 4630 3074 4689 Christo
3100 4637 3241 4692 enim
3271 4639 3556 4700 admodum
3588 4645 3698 4702 ha:-

2115 4720 2300 4770 rentes
2318 4753 2333 4779 ,
2363 4715 2433 4770 ab
2460 4716 2550 4773 illo
2577 4733 2719 4790 aegre
2747 4721 2937 4779 divulsi
2965 4723 3209 4786 fuissent.
3241 4730 3391 4789 Unde
3415 4745 3470 4790 et
3502 4752 3697 4794 conso-

2115 4803 2230 4859 lans
2260 4806 2380 4863 illos
2403 4807 2616 4866 dicebat
2644 4829 2658 4867 :
2687 4812 2909 4886 Expedit
2944 4818 3081 4874 vobis
3110 4834 3166 4875 ut
3186 4839 3278 4895 ego
3305 4827 3484 4880 undam
3507 4828 3688 4894 (Joan.

2115 4895 2202 4951 l6.
2248 4897 2327 4966 7).
2379 4899 2502 4955 Ideo
2559 4902 2866 4960 missionem
2911 4907 3140 4977 Spiritus
3187 4929 3284 4982 per
3326 4915 3528 4984 aliquot
3573 4919 3694 4977 dies

2113 4986 2312 5055 diﬂ‘ert,
2342 5001 2399 5044 ut
2421 4991 2743 5062 aliquamdiu
2770 4997 2944 5052 Incesti
2965 5039 2980 5066 ,
3008 5008 3091 5066 et,
3120 5011 3177 5055 ut
3205 5002 3344 5068 dixi,
3379 5006 3430 5060 in
3459 5011 3695 5066 necessi-

2113 5087 2222 5134 tate
2266 5082 2563 5150 constituti,
2603 5085 2759 5155 plena
2803 5097 2856 5141 et
2898 5103 3026 5158 pura
3070 5090 3374 5150 fruerentur
3395 5097 3688 5169 voluptate.

2111 5168 2165 5225 Si
2194 5184 2322 5226 vero
2347 5172 2522 5228 minor
2555 5183 2698 5230 esset
2736 5175 2874 5232 Filio
2898 5177 3148 5249 Spiritus,
3180 5198 3285 5238 non
3317 5184 3506 5242 fuisset
3529 5168 3688 5244 rsufii-

2110 5259 2257 5314 ciens
2298 5262 2594 5318 consolatio
2630 5267 2942 5335 :quomodo
2979 5271 3121 5325 enim
3163 5272 3421 5342 dixisset,
3469 5278 3688 5350 Expedit

2109 5348 2281 5404 vobis?
2312 5349 2436 5406 Ideo
2460 5353 2630 5422 major
2655 5354 2727 5409 illi
2753 5354 2994 5412 doctrina
3021 5373 3292 5420 reservata
3318 5376 3420 5432 est,
3445 5383 3512 5423 ne
3538 5369 3684 5425 illum

2109 5441 2371 5498 minorem
2416 5453 2681 5513 putarent.
2725 5446 3043 5505 Consideres
3083 5453 3240 5509 velim
3287 5467 3540 5525 quantam
3578 5460 3686 5518 illis

2108 5533 2482 5589 necessitatem
2513 5535 2828 5606 imposuerit
2870 5542 3119 5598 manendi
3161 5544 3526 5618 Jerosolymis,
3559 5565 3681 5606 cum

2107 5626 2444 5696 promisisset
2467 5641 2525 5683 se
2555 5629 2665 5684 illic
2690 5629 2945 5701 Spiritum
2990 5636 3335 5704 praebiturum
3379 5653 3517 5693 esse.
3549 5639 3682 5697 Nam

2106 5734 2174 5772 ne
2213 5733 2424 5772 rursum
2467 5729 2586 5789 post
2628 5725 3047 5794 assumptionem
3080 5727 3244 5797 ipsius
3284 5727 3546 5797 fugerent,
3579 5730 3680 5787 hac

2104 5811 2501 5881 exspectatione
2526 5853 2540 5878 ,
2569 5828 2666 5870 ceu
2695 5815 2905 5873 vinculo
2926 5857 2942 5884 ,
2983 5819 3104 5874 illos
3137 5833 3320 5874 omnes
3350 5819 3420 5876 ibi
3463 5821 3676 5880 retinet.
