4040 6212
412 288 477 342 9|
578 334 595 341 -
1154 281 1214 337 S.
1252 279 1537 337 JOANNIS
1575 274 2072 336 CIIRYSOSTUMI
2111 277 2439 361 ARCHIEP.
2476 278 3036 337 CONSTANTINOP.
3591 280 3679 335 Εἰ

415 404 540 457 ’Ότι
573 399 847 467 Ἰωάννης
874 398 993 468 μὲν
1021 398 1343 455 ἐϐάπτισεν
1366 398 1558 461 ὕδατι,
1593 395 1765 465 ὑμεῖς
1794 395 1863 449 δὲ
1888 395 1997 458 βα-

415 483 825 552 πτισθήσεσθε
871 481 943 535 ἐν
968 484 1264 551 Πνεύματι
1296 481 1442 549 ἁγίῳ
1474 482 1546 534 οὺ
1571 479 1724 548 μετὰ
1758 475 1995 542 πολλὰς

414 570 635 633 ταύτας
654 566 898 635 ἡμέρας.
930 566 1178 619 Δείκνυσι
1208 564 1392 617 λοιπὸν
1422 563 1483 616 τὸ
1526 563 1688 633 μέσον
1711 559 1874 615 αὐτοῦ
1902 560 1997 621 καὶ

429 652 699 714 Ἰωάννου,
740 651 840 703 οὐκ
882 650 961 703 ἐτι
1007 649 1081 710 ὡς
1123 648 1228 718 πρὸ
1274 647 1463 701 τούτου
1517 644 1995 714 συνεσκιασμένως

415 736 534 807 (καὶ
565 735 675 806 7&9
706 735 911 803 σφόδρα
944 732 1263 786 συνεσκίασε
1307 732 1398 784 τὸν
1439 728 1596 797 λόγον
1640 730 1729 782 ὅτε
1774 728 1992 796 ἔλεγεν·

427 820 482 871 Ὀ
530 817 599 871 δὲ
632 818 980 887 μικρότερος
1023 816 1092 868 ἐν
1120 812 1194 882 τῇ
1228 814 1522 882 βασιλείᾳ
1564 811 1684 866 τῶν
1722 811 1995 879 οὐρανῶν

411 900 624 971 μείζων
640 899 825 965 αὐτοῦ
843 899 1054 965 ἐστιν),
1076 897 1213 950 ἀλλά
1228 896 1325 950 νῦν
1346 896 1725 967 φανερώτερον
1744 907 1792 948 α.
1811 892 1998 948 Ἰωάν-

415 1002 551 1051 νης,
602 983 803 1053 φησιν,
838 980 1163 1034 ἐϐάπτισεν
1213 979 1407 1044 ὕδατι,
1446 979 1615 1049 ὑμεῖς
1665 979 1735 1033 δὲ
1772 980 1996 1043 ,ϐαπτι-

416 1068 725 1133 σθήσεσθε
753 1066 825 1119 ἐν
847 1066 1145 1133 Πνεύματι
1176 1065 1343 1134 ἁγίῳ.
1380 1065 1494 1118 Οὐκ
1522 1064 1603 1117 ἐτι
1633 1064 1901 1135 κέχρηται
1928 1064 1995 1132 τῇ

420 1151 716 1223 μαρτυρίᾳ,
751 1149 886 1202 ἀλλά
913 1150 1325 1219 ἀναμιμνήσκει
1354 1148 1448 1201 τοῦ
1485 1147 1780 1220 προσώπου
1813 1148 1994 1216 μόνον,

416 1236 495 1296 είς
519 1234 741 1304 μνήμην
770 1233 876 1284 τῶν
906 1234 1033 1301 παρ’
1058 1231 1221 1285 αὐτοῦ
1253 1232 1559 1301 εἰρημένων
1586 1231 1794 1297 ἐνάγων
1827 1230 1875 1293 ι»,
1905 1230 1998 1282 καὶ

414 1316 686 1369 δείκνυσιν
732 1315 927 1378 αὐτοὺς
970 1315 1071 1386 ήδη
1120 1314 1343 1385 μείζους
1370 1313 1553 1367 λοιπὸν
1597 1314 1998 1381 γεγενημένους

428 1400 696 1465 Ἰωάννου,
730 1398 784 1451 εί
822 1415 885 1466 γε
920 1400 977 1450 ἐν
1015 1398 1291 1467 Πνεύματι
1326 1397 1548 1467 ἔμελλον
1581 1396 1675 1449 καὶ
1703 1396 1856 1450 αὐτοι
1902 1396 1999 1465 βα-

416 1482 649 1547 πτίζειν.
704 1482 816 1533 Kal
842 1482 944 1533 οὐκ
978 1475 1150 1539 εἶπεν,
1190 1481 1367 1550 ’Υμάς
1416 1480 1471 1533 δέ
1506 1478 1617 1548 ἐγὼ
1661 1478 1906 1549 βαπτίζω
1939 1481 1998 1533 ἐν

419 1566 694 1636 Πνεύματι
747 1564 906 1634 ἁγίῳ.
958 1564 1112 1625 ἀλλά,
1152 1565 1684 1629 Βαπτισθήσεσθε,
1728 1564 1997 1620 διδάσκων

417 1650 563 1718 ἡμᾶς
586 1654 1049 1718 ταπεινοφρονεῖν.
1080 1646 1249 1699 Τοῦτο
1274 1646 1382 1717 7&9
1412 1648 1518 1699 ἀπὸ
1556 1650 1655 1717 τῆς
1692 1647 1998 1717 μαρτυρίας

429 1730 678 1784 Ἰωάννου
709 1730 869 1800 δῆλον
903 1730 1088 1797 λοιπὸν
1115 1726 1203 1800 ῆν,
1230 1731 1314 1782 ὄτι
1355 1730 1516 1794 αὐτὸς
1547 1725 1615 1801 ῆν
1643 1731 1671 1782 6
1697 1730 1994 1800 βαπτίζων,

417 1815 681 1876 εἰπόντος.
712 1814 795 1867 ὅτι
838 1812 1030 1879 Αὐτὸς
1057 1810 1214 1882 ὑμᾶς
1260 1813 1551 1876 βαπτίσει
1588 1813 1658 1866 ἐν
1698 1814 1997 1883 Πνεύματι

415 1898 563 1967 ἁγίῳ
592 1897 689 1950 καὶ
733 1898 906 1964 πυρί·
964 1895 1045 1950 διὸ
1089 1896 1183 1949 καὶ
1215 1895 1375 1965 μόνου
1403 1895 1567 1948 αὐτοῦ
1602 1896 1994 1967 ἐμνημόνευσε.

417 1981 498 2034 Τά
529 1982 627 2050 μέν
669 1976 762 2034 οῦν
816 1980 1147 2047 Εὐαγγέλια,
1182 1973 1255 2031 ὧν
1304 1982 1331 2032 6
1383 1980 1617 2047 Χριστὸς
1646 1980 1868 2049 ἐποίησε
1903 1982 1997 2033 xal

417 2062 568 2116 εἶπεν
618 2064 829 2133 ἱστορία
868 2064 949 2126 τίς
978 2066 1143 2115 ἐστιν·
1180 2064 1235 2114 αἱ
1266 2062 1323 2114 δέ
1357 2062 1611 2130 Πράξεις,
1646 2057 1721 2115 ὧν
1744 2065 1772 2115 6
1812 2063 1999 2133 ἕτερος

417 2146 774 2216 Παράκλητος
825 2142 946 2198 εἷπε
996 2147 1089 2198 καὶ
1133 2145 1377 2212 ἐποίησε.
1427 2145 1536 2199 Καὶ
1578 2145 1699 2199 τότε
1746 2146 1845 2215 μὲν
1889 2147 1998 2217 γὰρ

416 2231 588 2285 πολλά
617 2231 712 2283 καὶ⁵
734 2230 895 2293 αὐτὸς
918 2232 1112 2295 ἐποίει,
1138 2229 1325 2301 ὥσπερ
1352 2225 1445 2283 οῦν
1467 2230 1561 2283 καὶ
1589 2230 1683 2283 νῦν
1707 2231 1736 2283 6
1763 2230 1999 2301 Χριστὸς

416 2317 575 2384 ἐνεργ
589 2316 656 2377 εἴ,
709 2313 961 2385 καθάπερ
997 2314 1090 2366 καὶ
1123 2315 1264 2367 τότε·
1298 2314 1433 2367 ἀλλά
1466 2313 1588 2367 τότε
1625 2314 1723 2383 μὲν
1769 2313 1857 2367 διά
1902 2312 1997 2366 τοῦ

418 2400 569 2457 ναοῦ,
602 2398 699 2450 νῦν
734 2399 790 2450 δέ
824 2398 912 2451 διά
945 2397 1054 2449 τῶν
1088 2397 1423 2450 ἀποστόλων·
1456 2397 1549 2450 καὶ
1594 2398 1717 2449 τότε
1767 2398 1867 2465 μὲν
1918 2397 1998 2461 εἰς

417 2480 752 2550 παρθενικὴν
780 2475 908 2550 ῆλθε
944 2480 1173 2550 μήτραν,
1207 2480 1302 2532 καὶ
1329 2479 1456 2533 ναὸν
1489 2479 1769 2541 διέπλασε,
1802 2480 1897 2534 νῦν
1940 2481 1998 2533 δὲ

419 2566 499 2629 είς
523 2564 701 2633 ψυχὰς
732 2563 1117 2626 ἀποστολικάς·
1170 2563 1265 2615 καὶ
1309 2562 1430 2616 τότε
1475 2563 1571 2633 μὲν
1604 2565 1661 2615 ἐν
1686 2563 1813 2616 εῖδει
1844 2580 1999 2634 περι-

420 2650 638 2719 στερᾶς,
667 2646 761 2699 νῦν
791 2646 847 2699 δέ
883 2649 938 2699 ἐν
968 2647 1096 2699 εῖδει
1128 2646 1317 2716 πυρός.
1364 2646 1429 2699 Τί
1453 2647 1687 2715 δήποτε;
1728 2647 1874 2698 Ἐκεῖ
1901 2646 2000 2715 μὲν

417 2732 479 2785 τὸ
505 2732 677 2799 πρᾶον
702 2730 898 2799 δηλῶν,
929 2729 1163 2782 ἐνταῦθα
1188 2728 1245 2781 δέ
1276 2730 1369 2782 καὶ
1389 2729 1449 2781 τὸ
1475 2729 1863 2799 τιμωρητικόν.
1890 2730 1999 2782 Καὶ

417 2816 517 2883 τῆς
546 2813 782 2883 κρίσεως
816 2812 873 2864 δὲ
906 2811 1176 2877 εὐκαίρως
1217 2813 1623 2881 ἀναμιμνήσκει
1653 2821 1700 2865 ο.
1733 2813 1860 2864 Ὅτε
1900 2812 1999 2881 μὲν

418 2897 529 2966 7&9
557 2895 933 2966 ἁμαρτήματα
965 2894 1319 2964 συγχωρῆσαι
1357 2893 1484 2951 ἔδει.
1523 2893 1721 2963 πολλῆς
1759 2894 1865 2947 ἔδει
1899 2895 1999 2963 τῆς

421 2979 746 3051 πραότητος·
782 2978 971 3049 ἐπειδὴ
1012 2978 1067 3031 δέ
1101 2976 1364 3048 ἐτύχομεν
1395 2978 1494 3048 τῆς
1534 2977 1764 3048 δωρεᾶς,
1814 2977 1999 3031 λοιπὸν

420 3064 515 3116 καὶ
556 3063 791 3134 κρίσεως
827 3062 920 3115 καὶ
967 3060 1267 3125 ἐξετάσεως
1293 3060 1504 3131 καιρός.
1534 3061 1658 3123 Πῶς
1684 3060 1762 3121 δὲ,
1794 3060 2002 3113 Bauti-

418 3145 746 3212 σθήσεσθε,
773 3145 943 3213 λέγει,
975 3143 1166 3206 ὓδατος
1194 3145 1295 3196 οὐκ
1341 3143 1494 3205 ὄντος
1527 3144 1584 3195 ἐν
1612 3142 1690 3212 τῷ
1728 3142 1996 3212 ὑπερῴῳ;

420 3229 541 3283 Ὂτι
574 3230 635 3283 τδ
668 3228 1003 3299 κυριώτερον
1032 3226 1060 3265 (ι
1090 3226 1152 3278 τὸ
1182 3225 1409 3296 Πνεῦμά
1439 3227 1580 3288 ἐστι,
1620 3224 1687 3278 δι’
1716 3221 1778 3278 οῦ
1814 3225 1908 3278 καὶ
1937 3226 1999 3279 τὸ

420 3312 566 3382 ὕδωρ
596 3314 840 3383 ἐνεργεῖ·
872 3311 1062 3380 ὥσπερ
1088 3306 1180 3363 οῦν
1210 3311 1303 3363 καὶ
1326 3310 1490 3371 αὐτὸς
1521 3306 1803 3378 κεκρίσθαι
1838 3310 1996 3375 λέγε-

419 3414 529 3459 ται,
556 3394 793 3464 οὐδαμοῦ
821 3394 1152 3465 χρισάμενος
1201 3392 1384 3462 ἐλαίῳ,
1414 3391 1550 3445 ἀλλά
1583 3392 1806 3461 Πνεῦμα
1842 3391 1998 3456 δεξά-

424 3495 603 3549 μενος·
650 3478 826 3540 άλλως
880 3476 936 3528 δέ
986 3478 1079 3529 καὶ
1118 3475 1269 3528 ὐδατι
1318 3476 1750 3545 βαπτιζομένους
1803 3475 2000 3539 αὐτοὺς

422 3561 566 3613 ἔστιν
597 3560 800 3629 εὑρεῖν,
847 3559 940 3612 καὶ
992 3561 1049 3611 ἐν
1083 3558 1358 3630 διαφόροις
1399 3560 1631 3627 καιροῖς.
1674 3558 1789 3626 Ἐφ’
1840 3558 2000 3629 ήμῶν

424 3644 523 3714 μὲν
554 3642 661 3710 7&9
694 3642 982 3711 ἀμφότερα
1026 3640 1231 3708 γίνεται
1278 3641 1367 3709 ὐφ’
1411 3640 1490 3702 ἐν,
1522 3641 1643 3693 τότε
1678 3641 1733 3694 δέ
1774 3642 2000 3695 διεσπα-

424 3725 657 3797 σμένως.
693 3722 849 3794 Παρὰ
876 3722 985 3793 7&9
1010 3724 1110 3791 τὴν
1136 3722 1311 3793 ἀρχὴν
1342 3724 1446 3777 ὐπὸ
1478 3725 1728 3778 Ἰωάννου
1760 3724 1999 3779 ἐϐαπτί-

422 3810 650 3879 σθησαν·
679 3809 775 3861 καὶ
811 3806 885 3878 μὴ
910 3805 1218 3876 θαυμάσῃς.
1248 3808 1312 3859 El
1344 3807 1452 3879 7&9
1481 3808 1675 3878 πόρναι
1704 3808 1798 3862 καὶ
1832 3809 2001 3862 τελῶ-

420 3910 508 3947 ναι
535 3892 628 3944 ἐπὶ
655 3891 714 3944 τὸ
746 3890 1029 3960 βάπτισμα
1071 3890 1241 3960 ᾔεσαν
1270 3891 1467 3956 ἐκεῖνο,
1501 3891 1679 3961 πολλῷ
1721 3892 1921 3961 μᾶλλον
1949 3893 1997 3944 οἱ

424 3975 564 4045 μετά
590 3972 763 4026 ταῦτα
793 3971 1150 4043 βαπτίζεσθαι
1184 3972 1466 4043 μέλλοντες
1498 3973 1604 4027 ὑπὸ
1630 3973 1726 4027 τοῦ
1757 3974 2002 4044 Πνεύμαιι

420 4076 533 4122 τος.
586 4053 717 4111 Εἶτα
774 4056 861 4110 ἶνα
910 4055 985 4126 μή
1030 4054 1280 4122 λέγωσιν,
1329 4058 1385 4109 ἐν
1428 4057 1785 4124 ἐπαγγελίαις
1824 4058 1911 4110 ἀεὶ
1938 4058 2001 4110 τὸ

422 4143 659 4214 πρᾶγμα
687 4140 805 4211 (καὶ
832 4138 942 4210 γὰρ
972 4140 1065 4191 καί
1114 4139 1214 4208 ήδη
1265 4138 1438 4191 πολλά
1471 4140 1594 4209 περὶ
1631 4138 1797 4192 αὐτοῦ
1828 4139 1999 4191 διελέ-

422 4228 571 4298 χθη),
609 4225 743 4296 μηδὲ
772 4225 1067 4296 νομίσωσιν
1108 4223 1241 4277 αὐτὸ
1283 4222 1564 4293 ἐνέργειαν
1608 4219 1746 4276 εἶναι
1801 4224 2000 4276 ἀνυπό-

425 4325 640 4369 στατον,
684 4307 914 4373 ἀπάγων
958 4305 1154 4366 αὐτοὺς
1186 4304 1284 4373 τῆς
1315 4303 1572 4373 τοιαύτης
1615 4304 1887 4373 ὑπονοίας,
1915 4307 1999 4359 Οὐ

416 4389 566 4460 μετὰ
594 4400 617 4427 ο
651 4372 882 4452 πολλὰ(
915 4386 1136 4449 ταύτας
1157 4372 1403 4452 ἡμέρας,
1433 4372 1587 4456 φησί.
1617 4386 1726 4438 Kal
1748 4372 1848 4438 οὐκ
1878 4386 2001 4457 ἐδή-

420 4474 562 4526 λωσε
594 4471 744 4535 πότε,
770 4470 857 4521 ῖνα
894 4469 981 4520 ἀεὶ
1023 4467 1391 4537 γρηγορῶσιν,
1427 4466 1543 4520 ἀλλ’
1587 4470 1668 4521 ὅτι
1706 4469 1803 4538 μέν
1834 4470 1999 4537 ἐγγὺς

423 4557 576 4608 ἐσται
602 4550 774 4619 εἶπεν,
803 4553 889 4606 ἵνα
922 4550 997 4622 μὴ
1022 4550 1311 4604 ἐκλυθῶσι·
1347 4551 1476 4605 πότε
1499 4550 1575 4612 δέ.
1601 4552 1700 4605 οὐκ
1723 4552 1802 4606 ἐτι
1831 4570 2001 4624 προσ-

422 4637 639 4708 έθηκεν,
671 4636 760 4689 ἴνα
792 4636 879 4689 ἀεὶ
912 4635 1173 4704 νήφωσιν.
1217 4633 1291 4685 Οὐ
1324 4631 1498 4703 τούτῳ
1528 4634 1585 4689 δέ
1617 4634 1776 4705 μόνον
1803 4636 2001 4700 αὐτοὺς

422 4718 734 4780 πιστοῦται,
763 4720 831 4788 τῇ
869 4715 987 4790 [10]
1014 4714 1277 4786 ταχύτητι
1317 4715 1461 4783 λέγω
1496 4716 1590 4770 τοῦ
1622 4717 1835 4790 καιροῦ,
1865 4719 1999 4773 ἀλλά

422 4804 516 4857 καὶ
544 4800 622 4871 τῷ
640 4801 839 4869 λέγειν,
875 4800 994 4866 Τὴν
1017 4799 1401 4868 ἐπαγγελίαν,
1420 4799 1501 4867 ἣν
1525 4801 1827 4868 ἠκούσατέ
1854 4821 1996 4872 μου.

428 4888 493 4939 Ὃ
532 4884 589 4938 δὲ
645 4884 815 4953 λέγει,
844 4882 1003 4937 τοῦτό
1032 4884 1200 4936 ἐστιν·
1230 4883 1304 4936 οὐ
1337 4881 1431 4935 νῦν
1462 4883 1591 4954 ὑμῖν
1633 4878 1810 4952 εἶπον,
1844 4888 1997 4957 φησὶ,

426 4968 605 5038 μόνον,
637 4966 774 5021 ἀλλά
804 4967 900 5020 καὶ
942 4966 1044 5036 ήδη
1093 4966 1530 5036 ἐπηγγειλάμην,
1564 4966 1599 5021 ἀ
1627 4970 1839 5039 ποιήσω
1865 4971 2002 5023 πάν-

421 5066 549 5113 τως.
585 5050 650 5103 Τί
678 5049 856 5103 τοίνυν
888 5048 1211 5118 θαυμάζεις,
1242 5049 1291 5101 εί
1313 5048 1413 5120 τὴν
1444 5048 1659 5121 ἡμέραν
1684 5051 1785 5121 τῆς
1816 5068 2001 5107 συντε.

422 5133 572 5196 λείας
608 5133 682 5205 μὴ
710 5134 879 5202 λέγει,
926 5133 1060 5186 ὅπου
1113 5149 1179 5200 γε
1223 5132 1430 5203 ταύτην
1472 5133 1569 5205 τὴν
1616 5133 1789 5198 οὕτως
1832 5138 1998 5205 ἐγγὺς

423 5214 588 5272 οὖσαν
632 5219 730 5270 οὐκ
770 5217 1002 5288 ἠθέλησε
1034 5215 1052 5255 ί
1083 5217 1308 5288 ποιῆσαι
1343 5217 1672 5287 κατάδηλον;
1709 5219 1818 5273 Καὶ
1853 5220 1998 5291 μάλα

424 5302 670 5363 εἰκότως.
706 5301 772 5352 ἵν’
802 5302 892 5353 ἀεὶ
938 5301 1301 5373 ἐγρηγορότες
1329 5295 1433 5355 ὦσι
1474 5302 1568 5355 καὶ
1611 5303 1669 5357 ἐν
1700 5304 1997 5377 προσδοκίᾳ

427 5383 521 5435 καὶ
556 5380 815 5454 μερίμνῃ.

499 5465 572 5529 ς’.
604 5465 678 5516 υύ
707 5465 815 5536 7&9
842 5465 1008 5530 ἐστιν,
1055 5466 1157 5519 οὐκ
1183 5466 1301 5520 ἐστι
1342 5466 1564 5537 χάριτος
1589 5466 1894 5522 ἀπολαῦσαι
1926 5469 2000 5540 μὴ

425 5548 679 5619 νήφοντα.
721 5550 792 5601 Ἦ
826 5549 924 5619 οὐχ
963 5550 1119 5620 δρᾷς,
1146 5548 1197 5601 τί
1224 5567 1357 5620 φησι
1396 5551 1491 5603 καὶ
1526 5550 1712 5615 Ἠλίας
1739 5552 1876 5624 πρὸς
1909 5553 2003 5605 τὸν

488 5674 516 5738 ξ
542 5671 678 5738 Unas
698 5674 852 5738 podex
871 5670 951 5738 νῦν
968 5674 1175 5738 φανερῶς
1196 5689 1363 5738 φησιν..
1379 5673 1599 5733 Ἰωάννης
1622 5676 1704 5738 μὲν
1730 5677 1999 5726 ἐϐάπτισεν.

424 5733 455 5771 δ
477 5734 614 5785 Unus
975 5733 1112 5800 Umﬁs
1144 5733 1252 5783 cod.
1286 5735 1488 5800 κρίσεως
1519 5733 1684 5785 λοιπὸν
1727 5739 1993 5800 ἀναμιμνή-

428 5755 455 5771 υ
480 5755 614 5785 unus
629 5755 833 5796 αναγων.
903 5755 921 5764 ν
977 5755 1112 5782 unus
1144 5755 1252 5783 που.
1286 5755 1488 5798 κρισεως
1522 5755 1684 5785 Αοιπον
1727 5755 1870 5800 αναμι
1910 5755 1993 5794 νη-

425 5812 548 5858 σκει.
615 5794 643 5834 d
687 5796 844 5844 Verba
880 5796 939 5858 τό
960 5797 1243 5858 κυριῴτερον
1284 5797 1483 5858 eASavil.
1508 5807 1837 5847 accesserunt.
1868 5755 2003 5847 Eon.

2104 397 2382 469 μαθητήνς
2427 400 2567 453 Ἐὰν
2596 399 2731 467 ἴδῃς
2755 416 2833 468 με
2876 400 3469 469 ἀναλαμϐανόμενον.
3502 400 3677 456 ἔσται

2100 495 2199 535 σοι
2239 481 2415 535 οὕτω·
2448 483 2715 543 τουτέστι,
2753 482 3047 552 Γενήσεταί
3079 498 3162 534 σοι
3190 483 3367 544 τοῦτο,
3418 483 3445 536 ὃ
3480 485 3676 550 αἰτεῖς.

2102 565 2213 617 Καὶ
2244 565 2273 616 ὁ
2305 565 2537 635 Χριστὸς
2570 566 2626 618 δὲ
2661 564 2935 635 πανταχοῦ
2984 568 3097 627 τοῖς
3142 566 3454 634 προσιοῦσιν
3484 566 3638 635 ἔλεγε
3659 583 3672 597 ·

2099 650 2446 715 Πιστεύεις;
2489 650 2615 702 Ἐὰν
2642 650 2745 721 γάρ
2781 649 2854 720 μὴ
2878 649 3252 719 οίκειωθῶμεν
3280 652 3413 720 πρὸς
3444 652 3505 704 τὸ
3533 651 3676 705 διδό-

2103 749 2284 802 μενον,
2334 732 2456 785 οὐδὲ
2518 731 2617 799 τῆς
2666 732 2984 802 εὐεργεσίας
3034 732 3236 802 σφόδρα
3286 733 3672 802 αἰσθανόμεθα.

2100 814 2256 867 Οὕτω
2282 815 2375 868 καὶ
2410 817 2502 868 ἐπὶ
2542 815 2753 867 Παύλου
2786 824 2834 862 8·
2860 816 2961 868 οὐκ
2995 814 3200 877 εὐθέως
3234 818 3266 885 ἠ
3296 814 3455 885 χάρις
3490 812 3673 887 ἦλθεν,

2099 897 2234 951 ἀλλά
2255 902 2402 969 τρεῖς
2422 899 2625 969 ἡμέραι
2656 898 2901 966 ἐγένοντο
2930 897 3151 968 μεταξὺ,
3177 900 3236 950 ἐν
3255 893 3343 961 αἶς
3366 894 3434 969 ἦν
3461 900 3674 967 τυφλὸς,

2101 982 2206 1034 ὐπὸ
2221 982 2311 1035 τοῦ
2334 982 2499 1051 φόϐου
2522 982 2862 1052 σμηχόμενος
2879 982 2973 1035 καὶ
2994 981 3676 1052 προπαρασκευαζόμενος.

2100 1066 2365 1136 Καθάπερ
2391 1066 2501 1136 7&9
2525 1067 2574 1118 οί
2605 1066 2703 1134 τὴν
2729 1065 3021 1134 ἁλουργίδα
3054 1065 3372 1134 βάπτοντες,
3416 1065 3682 1136 πρότερον

2101 1150 2308 1218 ἐτέροις
2336 1150 2449 1200 τισὶ
2474 1148 2535 1200 τὸ
2568 1147 2853 1218 δεχόμενον
2883 1148 2980 1219 τήν
3012 1147 3190 1218 βαφὴν
3218 1150 3657 1220 προπαρασκευά

2102 1231 2304 1297 ζουσιν,
2339 1232 2426 1284 ἵνα
2459 1232 2533 1303 μὴ
2568 1232 2811 1301 ἐξίτηλον
2845 1232 3067 1302 γένηται
3098 1232 3158 1285 τὸ
3208 1232 3383 1296 ἄνθος·
3432 1232 3576 1285 οῦτω
3616 1232 3682 1302 δη

2102 1319 2197 1372 καὶ
2220 1318 2455 1372 ἐνταῦθα
2479 1319 2743 1389 πρότερον
2769 1318 3258 1389 μεμεριμνημένην
3282 1317 3681 1381 κατασκευάζει

2099 1401 2200 1473 τὴν
2232 1402 2409 1473 ψυχὴν
2457 1404 2485 1455 6
2532 1401 2681 1465 Θεὸς,
2727 1402 2821 1455 καὶ
2849 1403 2970 1455 τότε
3010 1404 3109 1471 τὴν
3155 1404 3315 1472 χάριν
3353 1404 3522 1471 ἐκχεῖ.
3579 1400 3681 1453 Διά

2100 1487 2257 1541 τοῦτο
2290 1489 2382 1540 καὶ
2415 1487 2533 1540 οὐδέ
2568 1488 2768 1551 εὐθέως
2799 1487 2859 1540 τὸ
2910 1487 3131 1557 Πνεῦμα
3168 1485 3436 1556 ἐπεμψεν,
3478 1482 3591 1537 ἀλλ’
3622 1485 3684 1535 ἐν

2101 1575 2167 1642 τῇ
2197 1573 2559 1640 πεντηκοστῇ.

2173 1655 2234 1706 El
2262 1654 2319 1707 δὲ
2342 1653 2488 1720 λέγοι
2517 1670 2620 1715 τις,
2656 1651 2811 1716 Τίνος
2835 1652 3020 1705 ἕνεκεν
3054 1651 3147 1705 καὶ
3174 1650 3333 1720 ἡμεῖς
3366 1650 3469 1702 οὐκ
3514 1649 3571 1702 ἐν
3604 1656 3682 1717 τῷ

2102 1736 2279 1807 καιρῷ
2307 1736 2482 1807 τούτῳ
2512 1735 2879 1806 βαπτίζομεν;
2930 1735 3105 1787 ἐκεῖνο
3134 1734 3199 1786 ἂν
3228 1736 3499 1802 εἴποιμεν.
3529 1732 3611 1785 ὅτι
3645 1733 3678 1801 ή

2105 1819 2203 1889 μὲν
2231 1821 2389 1890 χάρις
2432 1822 2465 1890 ή
2521 1819 2658 1889 αὐτὴ
2712 1818 2806 1870 καὶ
2852 1818 2975 1870 τότε
3025 1818 3118 1875 κά
3144 1816 3260 1869 νῦν·
3306 1818 3339 1885 ή
3383 1816 3438 1867 δέ
3473 1814 3680 1867 διάνοια

2102 1904 2412 1973 ὑψηλοτέρα
2461 1902 2670 1970 γίνεται
2716 1901 2830 1962 νῦν,
2878 1899 3103 1970 νηστεία
3155 1897 3677 1970 προπαρασκευαζο-

2105 1988 2260 2058 μένη.
2313 1986 2423 2039 Kal
2456 1988 2483 2039 6
2516 1986 2618 2055 τῆς
2669 1983 3044 2053 πεντηκοστῆς
3087 1982 3145 2035 δὲ
3182 1981 3368 2050 καιρὸς
3398 1980 3509 2049 ἔχει
3554 1979 3675 2031 τινά

2100 2072 2256 2139 λόγον
2282 2073 2383 2124 οὐκ
2409 2070 2692 2123 ἀπεικότα.
2723 2070 2877 2122 Ποῖον
2905 2067 2968 2136 δὴ
2992 2066 3211 2129 τοῦτον;
3243 2064 3537 2137 Ἀρκοῦντα
3567 2062 3679 2114 ἐνό-

2106 2172 2273 2225 μισαν
2296 2156 2346 2206 οἱ
2379 2153 2626 2221 Πατέρες
2654 2149 2793 2205 εἶναι
2841 2149 3055 2219 χαλινὸν
3096 2147 3389 2217 ἐπιθυμίας
3436 2144 3679 2213 πονηρᾶς

2103 2239 2198 2290 καλ⁵
2233 2236 2478 2306 μεγάλην
2504 2234 2850 2288 διδασκαλίαν
2874 2235 2935 2286 τὸ
2971 2231 3273 2301 βάπτισμα,
3306 2229 3384 2290 εἰς
3414 2227 3473 2279 τὸ
3497 2228 3589 2279 καὶ
3617 2226 3678 2279 ἐν

2102 2319 2279 2390 καιρῷ
2308 2320 2517 2389 τρυφῆς
2543 2321 2855 2388 σωφρονεῖν.
2880 2316 3147 2384 Καθάπερ
3174 2308 3268 2364 οὖν
3290 2310 3437 2379 αὐτῷ
3469 2308 3683 2362 συναλι-

2104 2403 2317 2473 ζόμενοι
2350 2401 2427 2471 τῷ
2462 2400 2702 2471 Χριστῷ,
2728 2399 2821 2452 καὶ
2846 2397 3122 2468 τραπέζης
3148 2392 3554 2454 κοινωνοῦντες.
3582 2409 3683 2462 μη-

2101 2486 2189 2538 δὲν
2223 2484 2408 2547 ἁπλῶς
2434 2484 2784 2555 πράττωμεν,
2816 2482 2931 2535 ἀλλ’
2966 2480 3023 2533 ἐν
3047 2478 3323 2549 νηστείαις
3351 2477 3445 2528 καὶ
3470 2476 3677 2544 εὐχαῖς,

2104 2567 2196 2620 καὶ
2231 2566 2555 2638 σωφροσύνῃ
2586 2566 2752 2635 πολλῇ
2794 2564 3093 2633 διάγωμεν.
3147 2562 3209 2613 Εἰ
3242 2560 3347 2629 γὰρ
3379 2559 3470 2611 ἐπὶ
3503 2556 3679 2628 ἀρχὴν

2107 2650 2314 2720 μέλλων
2385 2650 2520 2703 ίέναι
2574 2666 2655 2712 τις
2708 2647 2991 2719 βιωτικὴν,
3046 2642 3453 2714 παρασκευάζει
3502 2638 3681 2707 ἐαυτῷ

2104 2733 2317 2786 ἅπαντα
2348 2732 2437 2784 τὸν
2474 2732 2609 2801 βῖον,
2644 2732 2738 2784 καὶ
2767 2731 2854 2783 ἵνα
2881 2729 3020 2800 τύχῃ
3052 2727 3195 2789 τινὸς
3220 2727 3549 2793 ἀξιώματος,
3583 2724 3679 2775 καὶ

2104 2819 2361 2888 χρήματα
2393 2816 2694 2877 ἀναλίσκει,
2724 2814 2818 2867 καὶ
2846 2812 3035 2882 χρόνον
3059 2810 3294 2878 δαπανᾷ,
3328 2809 3422 2861 καὶ
3455 2808 3679 2877 μυρίους

2105 2900 2370 2969 ὑπομένει
2402 2900 2625 2961 πόνους·
2661 2897 2805 2959 τίνος
2838 2896 2902 2947 ἂν
2934 2894 3128 2963 εἴημεν
3161 2894 3321 2961 ἡμεῖς
3361 2891 3502 2955 ἄξιοι
3541 2891 3680 2959 μετά

2100 2984 2370 3051 τοσαύτης
2406 2982 2680 3053 ῥᾳθυμίας
2710 2982 2775 3048 τῇ
2813 2976 3058 3047 βασιλείᾳ
3097 2977 3202 3028 τῶν
3230 2975 3475 3045 οὐρανῶν
3514 2990 3681 3044 προσ-

2108 3066 2297 3128 ιόντες,
2354 3066 2448 3118 καὶ
2490 3063 2611 3116 οὐτε
2646 3064 2776 3134 πρὶν
2816 3061 2850 3131 ἦ
2904 3060 3087 3114 λαϐεῖν
3135 3058 3527 3123 σπουδάζοντες
3584 3059 3703 3110 καὶη

2106 3149 2242 3219 μετά
2292 3149 2354 3202 τὸ
2394 3147 2579 3201 λαδεῖν
2616 3145 3014 3218 ῥᾳθυμοῦντες;
3063 3143 3161 3196 Διά
3208 3143 3316 3213 7&9
3343 3142 3505 3195 τοῦτο
3539 3141 3679 3211 μετὰ

2101 3232 2163 3285 τὸ
2213 3230 2397 3284 λαϐεῖν
2442 3229 2815 3301 ρᾳθυμοῦμεν,
2850 3226 3038 3297 ἐπειδὴ
3089 3227 3216 3296 πρὶν
3264 3226 3295 3294 ἢ
3349 3224 3531 3277 λαϐεῖν
3578 3224 3679 3275 οὐκ

2102 3316 2510 3385 ἐγρηγόραμεν.
2563 3313 2659 3365 Διά
2692 3311 2851 3363 τοῦτο
2880 3310 3063 3362 πολλοὶ
3097 3308 3234 3378 μετά
3271 3308 3330 3359 τὸ
3375 3306 3557 3359 λαϐεῖν
3588 3306 3679 3356 εὐ-

2103 3398 2239 3462 θέως
2267 3399 2357 3451 ἐπὶ
2382 3398 2473 3451 τὸν
2497 3396 2756 3467 πρότερον
2787 3394 3089 3465 ἐπανῆλθον
3106 3393 3320 3463 ἔμετον,
3344 3391 3439 3443 καὶ
3459 3390 3676 3459 χείρους

2102 3482 2369 3550 ἐγένοντο,
2428 3481 2521 3534 καὶ
2569 3479 2956 3550 χαλεπωτέραν
3001 3475 3377 3528 ἐπεσπάσαντο
3430 3472 3673 3533 κόλασιν,

2100 3566 2208 3619 τῶν
2269 3566 2367 3636 μὲν
2417 3566 2697 3635 προτέρων
2754 3561 3161 3627 ἀπαλλαγέντες
3230 3555 3675 3627 ἁμαρτημάτων,

2100 3648 2271 3719 ταύτῃ
2326 3648 2383 3701 δέ
2423 3647 2685 3717 μειζόνως
2726 3646 2817 3699 τὸν
2867 3643 3057 3714 κριτὴν
3120 3639 3538 3712 παροξύναντες,
3593 3637 3677 3689 ὃτι

2101 3733 2370 3803 τοσαύτης
2400 3730 2805 3797 ἀπαλλαγέντες
2829 3724 3157 3798 ἀρρωστίας,
3188 3725 3307 3778 οὐδὲ
3336 3723 3508 3785 οὕτως
3538 3723 3678 3774 ἐσωο

2103 3814 2490 3887 φρονίσθησαν,
2536 3812 2651 3867 ἀλλ’
2690 3811 2889 3864 ἔπαθον
2918 3811 3055 3879 ὅπερ
3097 3808 3361 3877 ἠπείλησε
3391 3804 3470 3875 τῷ
3498 3819 3680 3876 παρα-

2102 3898 2306 3969 λυτικῷ
2357 3900 2385 3951 6
2441 3896 2697 3967 Χριστὸς,
2754 3894 2948 3961 λέγων·
2993 3892 3106 3946 Ἴδε
3166 3889 3343 3959 ὑγιὴς
3392 3890 3674 3959 γέγονας·

2096 3983 2308 4053 μηκέτι
2339 3980 2658 4050 ἁμάρτανε,
2691 3980 2790 4032 ἵνα
2821 3977 2908 4048 μὴ
2946 3975 3149 4046 χεῖρόν
3183 3973 3297 4047 [Η]
3335 3974 3392 4027 τί
3439 3990 3536 4026 σοι
3579 3971 3676 4041 γέ-

2101 4080 2293 4133 νηται·
2338 4065 2431 4117 καὶ
2483 4062 2511 4115 ὃ
2558 4062 2688 4130 περὶ
2719 4060 2827 4113 τῶν
2859 4059 3129 4113 Ἰουδαίων
3165 4058 3222 4111 δὲ
3250 4055 3535 4128 προύλεγε,
3564 4055 3673 4107 δειο

2102 4150 2231 4211 κνύς
2262 4148 2344 4200 ὃτι
2374 4145 2439 4199 τὰ
2470 4146 2741 4215 ἀνήκεστα
2772 4142 3049 4195 πείσονται
3079 4140 3517 4212 ἀγνωμονοῦντες
3540 4154 3552 4170 ·
3606 4139 3677 4191 Et

2096 4230 2181 4300 μὴ
2214 4232 2241 4269 h
2276 4226 2465 4297 ἦλθον
2497 4228 2595 4280 καὶ
2620 4225 2897 4294 ἐλάλησα
2925 4224 3146 4290 αὐτοῖς,
3172 4225 3354 4296 φησὶν,
3385 4222 3678 4292 ἁμαρτίαν

2102 4317 2212 4368 οὐκ
2259 4309 2447 4381 εἶχεν.
2512 4310 2675 4363 ’Ὥστε
2728 4309 2892 4362 διπλᾶ
2940 4308 3034 4362 καὶ
3084 4306 3362 4379 τετραπλᾶ
3408 4307 3477 4359 τά
3537 4304 3675 4376 μετά

2101 4396 2273 4449 ταῦτα
2318 4396 2688 4466 ἁμαρτήματα
2741 4393 2970 4461 γίνεται.
3028 4391 3187 4456 Πῶς;
3223 4390 3345 4442 Ὀτι
3394 4387 3530 4459 μετά
3576 4387 3676 4457 τήν

2101 4481 2266 4551 τιμὴν
2288 4477 2599 4548 ἀγνώμονες
2623 4476 2885 4546 γινόμεθα
2909 4477 3001 4529 καὶ
3022 4474 3266 4545 πονηροί.
3291 4472 3399 4526 Kal
3414 4472 3500 4525 διά
3520 4471 3676 4524 τοῦτο

2101 4562 2254 4615 οὐδὲν
2284 4564 2413 4631 ἡμῖν
2446 4559 2629 4630 βοηθεῖ
2676 4558 2860 4611 λοιπὸν
2887 4558 2948 4611 τὸ
2992 4558 3213 4626 λουτρὸν
3240 4558 3318 4619 είς
3352 4555 3415 4609 τὸ
3444 4554 3676 4624 πραοτέ-

2107 4662 2204 4716 ρας
2232 4647 2415 4714 τυχεῖν
2443 4644 2737 4714 τιμωρίας.
2784 4643 2984 4696 Σκόπει
3015 4642 3075 4694 δέ
3096 4660 3112 4674 ο
3160 4641 3285 4710 ἔσχε
3312 4657 3396 4703 τις
3420 4638 3675 4709 ἀμαρτή-
3746 4688 3757 4713 Ι,

2106 4745 2252 4799 ματα
2289 4726 2523 4797 χαλεπὰ,
2550 4724 2583 4793 ἢ
2611 4725 2895 4793 φονεύσας,
2930 4724 2963 4793 ῆ
3008 4723 3317 4793 μοιχεύσας,
3346 4721 3590 4793 ἢέτερόν
3622 4737 3677 4772 τι
3758 4789 3766 4797 ’

2103 4810 2480 4881 χαλεπώτερον
2531 4808 2925 4877 ἐργασάμενος,
2966 4806 3140 4877 ἀφέθη
3189 4806 3277 4858 διά
3314 4805 3406 4858 τοῦ
3448 4802 3674 4873 λουτροῦ

2102 4893 2293 4948 ταῦτα.
2339 4891 2416 4945 Οὐ
2460 4891 2571 4961 γὰρ
2619 4891 2786 4954 ἔστιν,
2822 4892 2919 4942 οὐκ
2965 4891 3111 4942 ἐστιν
3152 4888 3299 4941 οὐδὲν
3347 4887 3674 4955 ἁμάρτημα,

2104 4978 2198 5032 καὶ
2223 4976 2497 5045 ἀσέϐημα,
2528 4977 2665 5044 ὅπερ
2689 4975 2788 5025 οὐκ
2814 4974 2951 5025 εἴκει
2998 4972 3090 5023 καὶ
3116 4969 3435 5040 παραχωρεῖ
3470 4971 3537 5039 τῇ
3568 4968 3675 5021 δω-

2108 5063 2223 5133 ρεᾷ·
2259 5060 2376 5113 θεία
2406 5060 2512 5129 γάρ
2565 5058 2772 5125 ἐστινή
2820 5056 2995 5124 χάρις.
3046 5053 3211 5107 Πάλιν
3255 5051 3542 5122 ἐμοίχευσέ
3589 5069 3676 5114 τις

2103 5146 2197 5199 καὶ
2226 5144 2532 5213 ἐφόνευσεν·
2566 5144 2597 5212 ή
2636 5142 2735 5211 μὲν
2766 5138 3006 5209 προτέρα
3032 5137 3247 5207 μοιχεία
3270 5135 3505 5201 λέλυται,
3532 5136 3626 5189 καὶ
3646 5136 3674 5187 ό

2106 5231 2263 5300 φόνος
2307 5228 2512 5289 ἐκεῖνος
2564 5222 2999 5293 συγκεχώρηται,
3051 5220 3145 5273 καὶ
3187 5220 3286 5275 οὐκ
3326 5220 3671 5274 ἀνακαλεῖται

2105 5310 2569 5383 (Ἂμεταμέλητα
2592 5306 2701 5376 γὰρ
2735 5304 2809 5358 τὰ
2837 5305 3192 5374 χαρίσματα,
3229 5304 3327 5358 καὶ
3374 5304 3411 5370 ἡ
3456 5300 3672 5367 κλῆσις

2104 5382 2211 5451 τοῦ
2237 5393 2427 5461 Θεοῦ)·
2461 5392 2599 5461 ὑπὲρ
2635 5389 2692 5442 δι
2737 5387 2846 5440 τῶν
2883 5387 3020 5457 μετά
3054 5386 3114 5439 τδ
3153 5385 3435 5456 βάπτισμα
3475 5382 3671 5437 τοσαύ-

2105 5496 2204 5551 την
2232 5478 2481 5547 διδόαμεν
2503 5475 2662 5543 δίκην
2701 5473 2745 5536 ί,
2781 5472 2912 5540 ὅσην
2945 5469 3011 5523 ἀν
3036 5472 3084 5523 εἰ
3119 5471 3211 5523 καὶ
3239 5471 3418 5523 ἐκεῖνα
3448 5466 3678 5551 ἀνεκλήέ

2108 5550 2195 5636 θη.
2226 5563 2318 5617 καὶ
2347 5558 2524 5628 πολλῷ
2551 5558 2791 5628 χείρονα.
2845 5555 3040 5609 Οὐκέτι
3072 5554 3181 5625 7&9
3225 5552 3429 5607 ἁπλοῦν
3466 5552 3582 5636 ἐστι
3617 5550 3677 5636 τὸ

2106 5632 2432 5718 ἁμάρτημα,
2462 5641 2599 5696 ἀλλά
2625 5638 2867 5705 διπλοῦν,
2892 5639 2986 5694 καὶ
3019 5636 3298 5711 τριπλοῦν.
3324 5637 3445 5691 ὀτι
3469 5635 3528 5691 δι
3558 5632 3679 5704 μεί-

2175 5799 2201 5838 σ
2228 5795 2362 5845 Idem
2404 5794 2557 5857 codex
2606 5792 2681 5841 ἐπὶ
2714 5792 2912 5857 Παύλῳ.
2979 5790 3005 5829 II
3044 5791 3179 5857 Ungs
3220 5789 3372 5839 codex
3407 5793 3474 5857 ¹ιιι
3524 5785 3675 5857 εει-ει.

444 5858 470 5887 "-
497 5855 887 5930 ,Ἀγυπρσξαετονη
914 5848 1039 5930 five};
1055 5855 1147 5930 06v_
1166 5848 1233 5919 ζιή
1271 5854 1412 5907 τοῦτο
1437 5859 1659 5921 λέγωσιν,
1683 5861 1753 5910 Οὐ
1777 5860 1911 5921 μετά,
1938 5862 1998 5907 si<

2112 5862 2161 5908 in
2196 5856 2679 5930 μυξη-ε.ἰιςρονίξλεγενε⁵
2702 5856 2778 5930 ὅτι
2822 5848 2989 5930 Ἐσταιι
3028 5855 3087 5901 τά
3127 5854 3305 5930 ἔσχατα
3345 5850 3532 5930 χείρονα
3580 5848 3677 5894 τῶν

446 5929 585 5965 unus.
659 5916 677 5955 ί
706 5919 807 5967 Οὐκ
834 5919 966 5976 ἤθελε
1000 5916 1166 5967 Morel.

2113 5914 2331 5985 3‘05?ij
2367 5914 2432 5966 Εἴ
2452 5919 2531 5978 μή.
2571 5914 2577 5916 ⁷
2605 5924 2616 5955 ι
2651 5916 2795 5966 εεγίι.
2822 5924 2873 5966 el
2893 5917 2996 5966 cod.
3028 5928 3151 5963 unus
3174 5914 3337 5961 δίδωσι
3367 5914 3514 5969 δίκην.
