4036 6212
242 232 291 288 gl
1245 204 1312 260 JN
1350 201 1531 261 ACTA
1569 194 1815 257 APOSTC

1920 193 2095 251 lRUM.
2139 196 2369 253 llOMlL.
2412 196 2453 253 Ι.
3426 201 3498 257 22
3590 199 3596 205 ’

246 349 498 411 Postquam
522 342 702 389 autem
734 326 878 383 dixit
903 343 916 378 :
947 321 1017 379 Ut
1042 326 1391 387 exspectarent
1428 312 1811 384 promissionem

244 406 407 497 Parii,
430 443 577 500 quam
602 420 823 477 audistis
850 435 887 471 α
916 433 1026 480 me,
1059 411 1244 468 subdit
1277 428 1291 464 :
1320 410 1375 465 5.
1420 408 1552 473 Quia
1578 406 1806 458 Joannes

244 496 415 591 quas
444 496 719 585 baptizavit
766 526 930 579 aqua,
981 522 1068 560 vos
1116 515 1284 558 autem
1330 496 1710 570 baptizabimini
1754 496 1809 547 in

246 585 423 687 Spiritu
466 618 644 667 sancto
678 620 770 657 non
807 609 923 670 post
950 598 1138 651 multos
1163 595 1256 647 hos
1284 592 1410 645 dies.
1439 585 1808 687 Ostendit'dc-

246 676 403 769 lium,
424 709 667 772 quantum
690 690 900 748 intersit
923 688 1184 744 Joannem
1215 685 1354 738 inter
1377 690 1431 736 et
1461 681 1630 749 ipsum
1656 694 1670 741 ;
1696 676 1806 745 jam

248 813 355 854 non
397 769 683 849 adumbrata
725 793 785 839 ut
824 792 984 838 antea
1019 799 1033 834 :
1076 793 1201 833 nam
1242 775 1473 831 obscure
1517 769 1808 825 admodum

252 889 497 957 loquutus
528 871 716 938 fuerat.
746 872 976 949 quando
1018 869 1193 925 dixit:
1226 866 1325 931 Qui
1355 873 1519 917 autem
1548 862 1712 915 minor
1737 867 1809 957 est

263 947 475 1046 iit-regno
490 972 730 1033 diorum,
762 947 929 1036 major
955 972 1028 1016 est
1069 961 1161 1015 illo
1192 956 1403 1028 (Matth.
1435 955 1522 1009 11.
1549 951 1636 1021 ii)
1673 968 1686 1003 ε
1713 947 1805 1004 sed

275 1044 721 1125 nuoc'maaifestius
753 1076 770 1112 :
795 1056 1022 1111 Joannes
1048 1095 1064 1117 ,
1093 1050 1264 1121 inquit
1288 1090 1302 1115 ,
1337 1044 1605 1117 baptizavit
1631 1058 1763 1111 aqua
1787 1082 1803 1106 ,

275 1168 498 1214 tamen:
532 1148 916 1224 baptizabimini
954 1148 1009 1200 in
1051 1144 1247 1214 Spiritu
1289 1146 1486 1194 sancto.
1530 1136 1648 1192 Non
1692 1134 1803 1203 jam

266 1252 400 1304 utitur
420 1243 741 1307 testimonio;
763 1240 863 1294 sed
895 1250 1180 1308 personam
1213 1240 1417 1286 tantum
1443 1233 1724 1289 memorat,
1753 1226 1805 1279 in

261 1338 540 1394 memoriam
575 1344 837 1390 revocans
883 1344 969 1392 ea,
1016 1342 1134 1397 qua:
1177 1324 1323 1395 prius
1362 1321 1591 1384 dixerat,
1638 1316 1805 1387 signi-

269 1433 469 1498 ficatque
492 1429 612 1495 ipsos
636 1424 752 1494 jam
780 1422 1019 1489 majores
1046 1432 1168 1472 esse
1198 1415 1404 1469 Joanne
1428 1428 1443 1477 ;
1467 1409 1727 1482 siquidem
1754 1409 1805 1461 in

280 1518 609 1590 Spiritletipsi
641 1511 968 1585 baptizaturi
1010 1516 1183 1564 erant.
1230 1506 1346 1561 Non
1387 1503 1540 1568 dixit,
1577 1501 1681 1555 Vos
1708 1514 1806 1569 ego

288 1611 449 1680 lnptizo
466 1610 507 1663 in
530 1608 733 1677 Spiritu
764 1612 973 1667 saneto,
999 1601 1116 1665 sed,
1145 1594 1538 1671 Baptizabimini
1563 1608 1580 1646 :
1606 1592 1806 1646 docens

288 1717 363 1755 nos
389 1700 727 1753 humilitatem.
760 1695 895 1751 Nam
921 1710 987 1747 ex
1034 1690 1342 1746 testimonio
1381 1685 1603 1742 Joannis
1629 1683 1804 1754 palam

279 1802 363 1847 erat
392 1792 539 1860 ipsum
578 1790 976 1858 baptizaturum
1009 1798 1168 1846 esse;
1202 1781 1337 1835 dixit
1365 1781 1507 1835 enim
1550 1795 1564 1831 :
1599 1774 1697 1830 Ille
1722 1790 1805 1830 vos

267 1886 489 1951 hsptiscbit
512 1886 564 1937 in
598 1884 799 1953 Spiritu
826 1890 1003 1935 sancto
1028 1888 1075 1933 et
1099 1878 1212 1947 igne
1238 1875 1387 1946 (Luc.
1414 1876 1469 1929 3.
1499 1872 1587 1937 l6)
1622 1892 1634 1926 :
1660 1871 1806 1926 ideo-

262 1990 347 2043 que
367 1976 499 2029 illum
528 1990 688 2030 unum
716 1972 1056 2029 memoravit.
1090 1966 1376 2039 Evangelia
1405 1967 1563 2038 igitur
1585 1963 1805 2018 historia

260 2079 361 2118 sunt
389 2081 588 2130 eorum,
625 2081 742 2136 qua:
780 2062 1023 2119 Christus
1062 2060 1187 2116 fecit
1224 2068 1279 2116 et
1313 2057 1486 2113 dixit:
1517 2058 1646 2112 Acta
1678 2070 1805 2111 vero

255 2172 427 2211 eorum
468 2172 584 2226 quae
623 2156 751 2210 alius
785 2155 1092 2210 Paracletus
1115 2150 1249 2207 dixit
1271 2157 1327 2206 et
1353 2149 1498 2204 fecit.
1525 2147 1621 2203 Ille
1655 2161 1807 2201 nam-

255 2262 347 2316 que
367 2248 471 2317 jam
498 2248 621 2302 olim
645 2248 801 2301 multa
828 2244 1151 2316 operabatur
1173 2284 1188 2309 ,
1214 2242 1353 2296 sicut
1382 2239 1541 2294 etiam
1563 2237 1807 2292 Christus

255 2354 382 2395 nunc
421 2349 683 2410 operatur,
710 2349 761 2395 et
779 2339 907 2394 olim
933 2351 1148 2409 quoque
1172 2334 1528 2407 operabatur;
1558 2330 1652 2387 sed
1682 2338 1809 2386 tunc

254 2447 340 2499 per
366 2432 636 2501 templum,
667 2445 801 2485 nunc
825 2445 921 2501 per
948 2427 1238 2499 apostolos.
1272 2424 1340 2479 Et
1362 2434 1485 2478 tunc
1507 2421 1721 2493 quidem
1752 2421 1806 2475 in

252 2521 535 2592 virgineum
563 2531 762 2577 uterum
788 2522 943 2585 venit,
972 2530 1026 2574 et
1056 2517 1316 2587 templum
1343 2515 1626 2580 formavit;
1665 2526 1807 2567 nunc

252 2623 415 2667 autem
459 2613 512 2666 in
551 2613 750 2667 animas
795 2612 931 2665 venit
958 2609 1277 2681 apostolicus
1310 2626 1322 2662 :
1358 2617 1484 2661 tunc
1530 2605 1582 2660 in
1629 2604 1807 2673 specie

254 2704 512 2769 columbae,
562 2718 697 2758 nunc
740 2704 793 2757 in
836 2703 1016 2772 specie
1060 2700 1218 2771 ignis.
1251 2697 1470 2766 Quare?
1515 2696 1627 2750 Illic
1656 2709 1810 2750 man-

256 2795 566 2850 suetudinem
594 2795 895 2859 exhibebat,
926 2793 1013 2848 hic
1039 2808 1170 2848 vero
1198 2790 1412 2845 ultionis
1438 2788 1804 2844 severitatem.

258 2886 508 2941 Judicium
549 2896 710 2942 autem
738 2894 1043 2957 opportune
1066 2890 1472 2939 commemorat.
1506 2881 1636 2936 Cum
1664 2878 1808 2933 enim

263 2992 464 3047 peccata
491 2979 816 3035 condonanda
844 2988 1022 3043 erant,
1060 2976 1223 3031 multa
1252 2988 1388 3045 opus
1413 2982 1529 3029 erat
1556 2985 1809 3027 mansue-

263 3072 435 3128 tudine
464 3074 612 3142 :quia
654 3087 777 3127 vero
824 3071 1029 3126 donum
1074 3068 1389 3138 consequuti
1447 3082 1654 3134 sumus,
1700 3065 1812 3134 jam

261 3174 450 3233 tmpus
498 3176 574 3219 est
619 3164 805 3234 judicii
860 3172 915 3218 et
960 3163 1237 3218 examinis.
1299 3160 1579 3227 Quomodo
1632 3169 1812 3213 autem

264 3257 843 3326 dieit,Baptisabimini,
875 3271 996 3311 eum
1048 3269 1182 3325 aqua
1236 3269 1343 3308 non
1397 3262 1541 3308 esset
1589 3251 1643 3306 in
1697 3265 1809 3306 ete-

269 3351 474 3405 naculo?
516 3351 639 3419 Quia
679 3350 912 3418 Spiritus
942 3358 1057 3413 est,
1087 3363 1182 3417 per
1225 3361 1384 3415 quem
1440 3360 1576 3416 aqua
1627 3357 1816 3413 opera-

268 3442 826 3510 turzquemadmodum
864 3440 1113 3496 Christus
1152 3447 1340 3494 unctus
1383 3438 1550 3492 fuisse
1597 3436 1814 3501 dicitur,

272 3532 391 3588 licet
436 3548 702 3603 numquam
745 3534 865 3591 oleo
914 3541 1106 3587 unctus
1157 3528 1356 3597 fuerit,
1407 3528 1504 3585 sed
1558 3527 1815 3600 Spiritum

266 3628 535 3695 acceperit.
563 3626 797 3696 Alioquin
826 3640 959 3681 vero
1003 3626 1147 3695 ipsos
1190 3638 1324 3695 aqua
1368 3623 1661 3691 baptizatos
1688 3621 1819 3676 fuis-

261 3732 315 3772 se
351 3718 572 3785 reperire
618 3727 729 3782 est,
763 3727 820 3773 et
866 3720 919 3773 in
972 3716 1200 3772 diversis
1254 3714 1601 3786 temporibus.
1659 3712 1816 3785 Apud

262 3824 347 3862 nus
370 3812 500 3865 enim
530 3821 817 3881 utrumque
844 3824 951 3865 uno
977 3809 1272 3876 eodemque
1297 3807 1358 3862 fit
1387 3816 1627 3878 tempore
1647 3847 1661 3871 ,
1694 3814 1819 3861 tunc

260 3911 414 3957 autem
447 3903 675 3958 diversis
724 3902 1073 3970 temporibus.
1120 3900 1275 3955 Initio
1305 3914 1534 3969 namque
1560 3912 1589 3951 a
1615 3896 1821 3952 Joanne

260 3994 479 4065 baptizati
502 4006 674 4061 sunt;
714 4009 817 4049 nec
848 3994 1039 4048 mirum
1066 4001 1167 4048 est.
1199 3991 1331 4046 Nam
1358 3990 1403 4044 si
1430 3990 1743 4045 meretrices
1767 3998 1823 4045 et

258 4090 492 4159 publicani
536 4090 609 4145 ad
656 4088 787 4143 illud
818 4086 1077 4157 baptisma
1122 4093 1416 4149 venerunt;
1457 4082 1627 4140 multo
1655 4080 1824 4151 magis

258 4182 318 4245 ii,
342 4184 421 4251 qui
450 4196 642 4253 postea
672 4196 703 4236 a
732 4180 932 4250 Spiritu
963 4176 1263 4249 baptizandi
1294 4184 1467 4231 erant.
1499 4172 1721 4241 Deinde,
1752 4188 1819 4228 ne

257 4270 498 4341 deer-ent,
525 4289 651 4329 rem
680 4272 736 4326 in
774 4270 1053 4341 promissis
1081 4283 1295 4338 semper
1322 4281 1441 4323 esse
1467 4264 1630 4337 (nam
1660 4263 1823 4319 multa

256 4362 339 4419 Inc
358 4364 421 4420 de
442 4381 500 4422 re
527 4366 681 4422 dicta
713 4362 924 4419 fuerant
941 4362 1000 4433 );
1032 4377 1164 4417 neve
1191 4366 1438 4431 putarent
1461 4357 1826 4430 Operationem

255 4470 357 4511 esse
376 4460 486 4514 sine
513 4474 575 4514 re
607 4457 812 4527 aliqua,
841 4455 964 4510 illos
988 4452 1055 4508 ab
1076 4453 1177 4509 hac
1206 4450 1510 4521 suspicione
1533 4448 1825 4515 abducens,

256 4552 317 4602 ait
339 4566 353 4603 :
378 4549 497 4606 Non
525 4560 649 4620 post
675 4550 862 4605 multo:
888 4551 979 4603 hos
1003 4548 1132 4602 dies.
1170 4545 1353 4616 Neque
1380 4544 1635 4600 indicavit
1662 4558 1829 4614 quan-

258 4637 349 4705 do,
386 4652 445 4696 ut
484 4656 709 4711 semper
737 4638 1049 4711 vigilarent;
1079 4637 1174 4693 sed
1208 4636 1360 4693 brevi
1398 4636 1635 4692 futurum
1659 4634 1828 4700 dixit,

257 4746 314 4786 se
334 4733 517 4789 animo
541 4732 868 4797 deﬁcerent;
898 4745 997 4787 nec
1026 4728 1232 4785 addidit
1256 4728 1498 4801 quando,
1518 4738 1584 4793 ut
1617 4742 1832 4798 seraper

267 4823 424 4892 vigilas
445 4834 658 4880 essent.
702 4822 886 4893 Neque
915 4822 1015 4879 hoc
1041 4830 1248 4877 tantum
1276 4820 1437 4876 modo
1474 4820 1595 4875 illos
1620 4819 1687 4875 ad
1714 4834 1833 4875 ere-

271 4913 470 4975 duidatu
517 4920 752 4983 inducit,
792 4919 999 4974 scilicet
1035 4932 1129 4989 per
1171 4916 1491 4974 brevitatem
1536 4914 1829 4985 temporis;

265 5006 356 5059 50d
378 5011 516 5067 etiam
534 5027 665 5068 eum
687 5009 839 5076 dicit,
862 5008 1258 5066 Promissioucm
1279 5022 1432 5078 quam
1448 5004 1659 5060 audistis
1674 5021 1705 5058 α
1722 5020 1832 5069 me;

260 5096 312 5152 id
340 5110 420 5155 est
442 5120 455 5155 :
476 5102 585 5160 Son
618 5118 762 5158 nunc
788 5102 939 5159 vobis
962 5110 1166 5157 tantum
1190 5100 1322 5167 dixi,
1346 5098 1441 5156 sed
1457 5099 1567 5169 jam
1591 5096 1831 5166 promisi,

250 5206 367 5257 etne
405 5198 626 5251 omnino
673 5193 912 5249 facturus
948 5209 1089 5249 sum.
1134 5191 1274 5261 Quid
1315 5205 1443 5262 ergo
1491 5189 1704 5244 miraris
1728 5230 1745 5255 ,
1787 5188 1833 5243 si

246 5281 379 5342 diem
420 5288 910 5344 consummationis
950 5303 1056 5343 non
1099 5287 1273 5353 dicat,
1305 5285 1395 5358 qui
1436 5283 1577 5339 hunc
1603 5283 1832 5337 vicinum

246 5376 384 5433 diem
408 5380 591 5437 uoluit
618 5381 900 5437 iudicare?
930 5380 1093 5451 quue
1111 5380 1232 5450 jure
1257 5377 1475 5445 merito,
1502 5384 1559 5430 ut
1580 5376 1830 5431 nimirum

246 5470 614 5539 exspectando
638 5472 919 5542 vigilarent
943 5486 1006 5526 ac
1026 5470 1236 5526 solliciti
1262 5478 1463 5526 essent.

314 5562 371 5618 6.
402 5561 526 5618 Non
560 5572 737 5634 potest
763 5566 942 5630 enim,
980 5577 1085 5619 non
1128 5571 1338 5636 potest,
1381 5560 1597 5630 inquam
1619 5598 1633 5623 ,
1667 5557 1838 5627 gratia

253 5648 351 5708 lrui
391 5656 486 5727 qui
536 5670 644 5712 non
686 5656 884 5727 vigilat.
928 5658 1117 5713 Annon
1146 5657 1327 5725 vides,
1356 5652 1484 5729 quid
1524 5651 1664 5707 dicat
1696 5649 1839 5705 Elias

1917 306 2217 378 discipulo?
2263 310 2324 365 Si
2372 311 2555 364 videris
2600 327 2681 365 me
2719 307 3128 381 cum'assumar,
3166 316 3259 370 erit
3302 317 3395 372 tibi
3427 320 3498 371 sic

1920 401 2007 469 (4.
2039 400 2165 471 Reg.
2197 400 2249 453 2.
2288 400 2393 471 l0)
2420 419 2431 453 :
2463 400 2514 454 id
2542 410 2644 468 est,
2673 399 2954 474 Continget
2982 405 3075 459 tibi
3106 405 3207 460 hoc
3232 406 3371 481 quod
3403 423 3495 478 ρος

1913 492 2099 546 stulas.
2126 492 2371 548 Christus
2399 508 2611 564 quoque
2636 496 2843 550 solebat
2866 497 3244 554 accedentibus
3271 499 3453 555 dicere
3476 544 3492 566 ,

1914 582 2127 637 Credis?
2156 582 2369 638 Etenim
2396 585 2495 639 nisi
2537 584 2614 639 rei
2645 584 2784 639 datae
2811 587 3099 643 admodum
3145 589 3453 644 haeserintus
3477 632 3494 658 ,

1911 672 2228 728 beneficium
2281 691 2386 729 non
2430 676 2584 731 valde
2631 678 2944 733 sentiemus.
2990 679 3078 735 Sic
3116 691 3170 735 et
3198 681 3362 737 Paulo
3390 698 3496 738 non

1905 768 2088 823 statim
2116 768 2239 822 data
2288 757 2368 824 est
2394 771 2599 839 gratia,
2645 769 2738 825 sed
2785 770 3014 825 triduum
3062 773 3362 829 intercessit
3389 791 3496 845 quo

1909 874 2083 914 czecus
2110 870 2228 915 erat
2249 901 2265 926 ,
2294 869 2453 931 atque
2486 861 2696 916 interim
2726 871 2869 917 metu
2901 864 3221 934 purgabatur
3256 874 3310 920 et
3356 883 3491 934 prie,

1911 952 2216 1020 parabatur.
2249 952 2710 1019 Quemadmodum
2755 954 2897 1009 enim
2940 958 3029 1023 qni
3074 970 3360 1025 purpuram
3394 959 3493 1013 tin-

1907 1052 2057 1111 gunt,
2088 1044 2232 1112 prius
2259 1044 2572 1113 quibusdam
2602 1045 2723 1099 aliis
2763 1057 3063 1115 prmparant
3092 1046 3164 1110 id,
3207 1046 3347 1117 quod
3394 1047 3497 1101 tin-

1908 1144 2113 1189 eturam
2137 1148 2481 1205 accepturum
2511 1145 2628 1199 est,
2659 1153 2725 1191 ne
2752 1136 2849 1191 llos
2877 1137 3134 1191 evanidus
3164 1139 3232 1194 sit
3260 1156 3275 1195 :
3305 1140 3374 1193 ita
3407 1140 3493 1194 hic

1908 1241 2120 1297 quoque
2152 1228 2293 1282 Deus
2325 1226 2469 1297 prius
2509 1227 2791 1282 sollicitam
2824 1229 3055 1282 animam
3088 1240 3351 1298 prmparat
3376 1270 3392 1295 ,
3442 1240 3496 1283 et

1911 1328 2036 1373 tunc
2083 1319 2305 1389 gratiam
2355 1318 2851 1393 infundit.'ldcireo
2891 1335 2997 1374 non
3028 1321 3205 1374 statim
3237 1320 3494 1390 Spiritum

1862 1432 1863 1435 η
1909 1411 2071 1473 misit,
2097 1411 2190 1466 sed
2214 1413 2264 1466 in
2298 1412 2630 1467 Pentecoste.

1982 1500 2084 1556 Cur
2126 1501 2403 1572 baptismus
2447 1513 2667 1572 tempore
2713 1502 3058 1575 Cltrysostomi
3099 1505 3151 1558 in
3202 1502 3497 1565 Pentecoste

1907 1608 2009 1646 non
2047 1593 2271 1648 daretur.
2310 1624 2382 1633 —
2423 1594 2573 1664 Quod
2620 1595 2665 1648 si
2696 1595 2815 1664 quis
2855 1595 3051 1649 dixerit
3080 1615 3092 1651 :
3120 1595 3228 1650 Cur
3256 1610 3355 1650 nos
3385 1610 3491 1651 non

1908 1684 2011 1741 hoc
2056 1695 2297 1757 tempore
2344 1688 2716 1765 baptizamus?
2746 1688 3213 1757 respondebimus,
3266 1688 3494 1757 gratiam

1906 1778 2150 1833 eamdem
2180 1788 2307 1834 tunc
2333 1778 2496 1835 fuisse
2521 1796 2644 1851 qua:
2676 1795 2818 1834 nunc
2842 1789 2953 1844 est;
2983 1778 3074 1835 sed
3102 1790 3335 1836 mentem
3366 1778 3495 1833 sub-

1908 1869 2172 1924 limiorem
2216 1886 2357 1925 nunc
2401 1886 2544 1936 esse,
2573 1871 2712 1941 quod
2740 1871 2946 1941 jejunio
2974 1882 3323 1941 prmparetur.
3359 1870 3498 1925 Pen-

1910 1971 2144 2018 tecostes
2187 1978 2316 2017 vero
2364 1972 2574 2032 tempus
2616 1962 2777 2017 habet
2818 1964 3046 2033 aliquam
3089 1963 3346 2017 rationem
3389 1978 3495 2015 non

1909 2053 2162 2122 ineptam.
2212 2054 2467 2119 Quasnam
2517 2053 2603 2107 illa
2651 2053 2772 2108 est?
2815 2053 3266 2107 Existimavcruut
3313 2062 3495 2122 patres

1908 2146 2099 2209 nostri,
2130 2145 2391 2214 baptisma
2423 2159 2543 2199 esse
2582 2143 2790 2199 frenum
2822 2143 3071 2199 idoneum
3114 2143 3269 2199 mala:
3298 2158 3497 2199 concu-

1908 2238 2211 2308 piscentiae,
2260 2253 2613 2309 magnamque
2639 2238 2938 2294 doctrinam
2975 2236 3285 2302 continere,
3328 2243 3385 2290 ut
3412 2235 3493 2289 vel

1912 2341 2151 2400 tempore
2192 2328 2503 2385 deliciarum
2549 2338 2906 2400 temperantes
2947 2328 3138 2383 simus.
3189 2328 3267 2382 Ac
3295 2327 3339 2381 si
3369 2341 3496 2397 ergo

1906 2439 2026 2479 cum
2073 2424 2284 2480 Christo
2323 2425 2634 2493 epulemur,
2674 2437 2875 2477 mensa:
2914 2421 3029 2491 ejus
3074 2430 3375 2485 consortes,
3429 2434 3497 2474 ne
3596 2444 3603 2449 ε
3681 2438 3693 2453 ι

1907 2514 2033 2586 quid
2079 2524 2281 2571 temere
2321 2515 2596 2578 faciamus,
2638 2513 2731 2569 sed
2778 2513 2832 2567 in
2874 2511 3122 2582 jejuniis,
3154 2510 3398 2581 precibus
3443 2516 3497 2563 ct
3594 2542 3597 2545 ι

1909 2608 2258 2676 temperantia
2291 2606 2455 2661 multa
2485 2605 2759 2674 degamus.
2791 2603 2923 2658 Nam
2951 2604 2996 2657 si
3032 2603 3110 2670 is,
3151 2603 3241 2672 qui
3270 2602 3496 2656 saecula-

1908 2713 2023 2753 rem
2051 2697 2338 2768 quamdam
2370 2695 2740 2763 prmfecturam
2772 2693 3012 2747 aditurus
3041 2700 3156 2758 est,
3207 2692 3308 2746 sibi
3349 2700 3499 2761 parat

1909 2786 2165 2859 quidquid
2200 2785 2266 2841 ad
2312 2786 2471 2839 vitam
2504 2784 2771 2855 pertinet;
2802 2792 2857 2836 et
2882 2789 2940 2835 ut
2964 2781 3276 2851 dignitatem
3316 2796 3499 2850 quam-

1911 2884 2033 2938 dam
2062 2890 2414 2951 assequatur,
2448 2876 2701 2948 pecunias
2740 2874 3032 2943 impendit,
3061 2882 3270 2942 tempus
3306 2888 3503 2927 consu-

1913 2976 2031 3041 mit,
2060 2982 2112 3028 et
2154 2980 2441 3028 sexcentos
2482 2967 2628 3023 subit
2669 2966 2915 3031 labores;
2947 2980 3058 3036 quo
3084 2978 3183 3019 nos
3212 2963 3354 3034 digni
3389 2964 3501 3019 fue-

1913 3066 2083 3120 rimus
2137 3061 2400 3134 supplicio
2452 3060 2544 3131 qui
2597 3074 2718 3115 eum
2769 3065 2916 3111 tanta
2971 3054 3217 3111 socordia
3275 3068 3499 3123 regnum

1913 3160 2165 3214 czelorum
2197 3155 2428 3217 adimus,
2463 3168 2635 3223 neque
2662 3160 2948 3219 antequam
2975 3162 3325 3217 assequamur
3355 3145 3505 3201 solli-

1915 3250 2025 3317 citi,
2058 3259 2112 3304 et
2154 3256 2275 3317 post
2315 3253 2594 3317 acceptum
2624 3241 2838 3313 ignavi?
2868 3239 2994 3295 ldeo
3038 3239 3180 3294 enim
3226 3246 3503 3309 postquam

1915 3343 2242 3414 accepimus,
2290 3355 2482 3413 segnes
2508 3354 2715 3404 sumus,
2757 3337 2879 3408 quia
2921 3343 3208 3404 antequam
3237 3332 3508 3402 accipere-

1917 3452 2067 3500 mus,
2101 3451 2209 3491 non
2243 3433 2595 3505 vigilavimus.
2628 3430 2832 3486 idcirco
2859 3428 3009 3484 multi
3037 3435 3318 3498 postquam
3354 3440 3509 3480 acce-

1918 3536 2147 3598 perunt,
2199 3526 2442 3597 protinus
2491 3522 2557 3578 ad
2601 3522 2839 3592 priorem
2882 3518 3146 3573 vomitum
3195 3516 3505 3580 redierunt,

1920 3620 2131 3690 pejores
2160 3625 2288 3673 sunt
2310 3615 2503 3679 elfecti,
2534 3622 2589 3670 et
2612 3613 2828 3685 gravius
2856 3609 2960 3665 sibi
2988 3608 3309 3678 supplicium
3340 3615 3508 3662 attra-

1920 3720 2131 3776 xerunt,
2161 3725 2190 3763 a
2225 3708 2496 3780 prioribus
2523 3706 2732 3761 liberati
2764 3702 2999 3775 peccatis
3030 3722 3043 3758 :
3085 3700 3315 3771 hincque
3339 3699 3510 3769 magis

1916 3800 2151 3871 judicem
2195 3800 2262 3854 ad
2304 3800 2437 3853 iram
2486 3797 2842 3861 concitarunt,
2889 3792 3030 3864 quod
3080 3807 3108 3845 a
3159 3799 3309 3846 tanto
3353 3789 3510 3846 soluti

1922 3891 2131 3955 morbo,
2181 3904 2247 3944 ne
2291 3888 2370 3942 sic
2413 3885 2628 3955 quidem
2678 3883 3041 3952 resipuerint;
3069 3880 3162 3936 sed
3200 3878 3327 3934 illud
3371 3879 3513 3948 passi

1923 3983 2053 4048 sint,
2096 3980 2235 4052 quod
2269 3977 2564 4050 paralytico
2608 3974 2967 4030 comminatus
3008 3981 3091 4026 est
3129 3970 3396 4033 Chrisms,
3428 3969 3514 4023 di-

1924 4088 2053 4131 cens
2092 4090 2106 4126 :
2143 4071 2275 4127 Ecce
2299 4085 2454 4125 sanus
2482 4071 2645 4138 factus
2685 4080 2769 4129 es;
2799 4062 2905 4115 noli
2932 4059 3153 4129 amplius
3179 4074 3415 4128 peccare,
3455 4073 3520 4110 ne

1925 4166 2047 4237 quid
2068 4165 2154 4219 tibi
2180 4163 2401 4217 deterius
2431 4159 2685 4227 contingat
2712 4154 2893 4229 (Joan.
2922 4154 2976 4209 5.
3006 4151 3096 4222 14)
3123 4168 3135 4202 :
3164 4148 3414 4219 quodque
3448 4148 3515 4203 de

1926 4257 2125 4315 Jndaris
2150 4254 2418 4326 praedixit,
2447 4251 2736 4308 ostendens
2772 4249 2915 4317 ipsos
2941 4243 3134 4315 ingrati
3164 4241 3329 4297 animi
3356 4256 3516 4296 causa

1931 4347 2282 4406 intolerabilia
2314 4358 2563 4416 passuros
2583 4356 2702 4397 esse
2731 4358 2743 4393 :
2775 4338 2836 4395 Si
2878 4355 2978 4391 non
3007 4336 3250 4390 venissem
3277 4342 3321 4386 et
3343 4332 3520 4401 loquu-

1931 4450 2011 4496 tus
2038 4440 2246 4510 fuissem
2273 4438 2363 4503 eis,
2391 4443 2646 4507 peccatum
2673 4448 2773 4486 non
2800 4430 3038 4483 haberent
3068 4424 3247 4497 (Joan.
3282 4423 3369 4479 15.
3398 4422 3509 4492 22).

1933 4533 2115 4603 Itaque
2147 4529 2371 4602 posthac
2392 4526 2551 4597 dupla
2580 4535 2634 4579 et
2669 4520 2967 4594 quadrupla
2990 4526 3115 4573 sunt
3142 4526 3380 4588 peccata.
3404 4515 3522 4583 Quo

1934 4623 2135 4697 pacto?
2164 4621 2297 4689 Quia
2326 4628 2451 4691 post
2476 4617 2727 4671 collatura
2756 4613 3013 4666 honorem
3040 4607 3231 4678 ingrati
3259 4622 3445 4661 sumus
3470 4615 3523 4659 et

1934 4717 2181 4790 improbi.
2221 4715 2557 4785 Quapropter
2601 4705 2729 4762 nihil
2771 4704 2928 4760 nobis
2968 4700 3179 4772 proficit
3208 4700 3520 4761 lavacrum,

1933 4822 1992 4869 ut
2034 4810 2213 4866 mitius
2260 4806 2560 4877 puniamur.
2605 4797 2985 4855 Animadverte
3016 4807 3213 4864 porro:
3254 4791 3306 4845 iu
3343 4790 3523 4859 gravia

1937 4911 2152 4976 peccata
2182 4900 2301 4972 quis
2328 4896 2548 4960 incidit;
2577 4892 2659 4948 vel
2688 4889 2911 4954 aedem,
2942 4887 3032 4942 vel
3062 4882 3403 4947 adulterium,
3432 4879 3518 4933 vel

1938 4974 2081 5051 aliud
2122 4992 2396 5067 quidpiam
2425 4985 2665 5044 deterius
2690 4981 2901 5037 admisit
2935 4996 2948 5033 :
2982 4978 3097 5033 lucc
3126 4990 3222 5045 per
3251 4974 3521 5027 lavacrum

1939 5066 2164 5146 remissa
2207 5092 2352 5140 sunt.
2400 5080 2613 5136 Nullum
2659 5075 2856 5145 quippe
2884 5080 2965 5125 est
2990 5111 3004 5135 ,
3035 5066 3240 5122 nullutn
3268 5076 3345 5119 est
3374 5074 3523 5121 certe

1942 5189 2242 5254 peccatum,
2270 5174 2413 5230 nulla
2440 5169 2702 5238 impietas,
2732 5180 2850 5233 qtue
2881 5162 3002 5216 huic
3024 5160 3165 5215 dono
3193 5174 3297 5212 non
3323 5156 3477 5212 cedat
3507 5172 3524 5213 :

1938 5248 2115 5331 divina
2146 5270 2340 5340 quippe
2375 5274 2457 5319 est
2483 5258 2671 5331 gratia.
2704 5256 2937 5312 Rursum
2969 5251 3268 5309 moechatus
3294 5261 3377 5305 est
3407 5248 3525 5320 quis

1940 5374 1993 5420 et
2022 5360 2220 5419 occidit
2250 5375 2263 5412 :
2294 5355 2524 5426 primum
2553 5349 2769 5421 quidem
2801 5344 3120 5401 adulterium
3151 5340 3383 5395 solutum
3412 5343 3517 5400 est,

1941 5469 1996 5514 et
2035 5454 2209 5512 credes
2249 5448 2568 5511 eondonata,
2599 5455 2772 5513 neque
2799 5448 3082 5496 revocatur
3108 5454 3121 5488 :
3150 5433 3301 5487 Dona
3326 5431 3520 5502 quippe

1942 5551 2040 5606 Dei
2066 5557 2114 5605 et
2138 5543 2331 5602 vacatio
2358 5542 2469 5614 ejus
2497 5547 2613 5594 sunt
2641 5536 2748 5591 sine
2776 5531 3066 5603 poenitentia
3095 5525 3268 5595 (Rana.
3296 5524 3381 5577 ll.
3404 5516 3518 5614 29),.

1943 5645 2048 5704 Sed
2097 5656 2193 5717 pro
2239 5639 2323 5708 iis,
2363 5612 2489 5707 qua:
2529 5638 2651 5704 post
2686 5624 3009 5698 baptismum
3049 5621 3353 5690 perpetrata
3382 5612 3512 5663 sunt
