  <div class='ocr_page' id='page_1' title='image "/cluster/home/n/w/nwhite01/storage/ocr_20150623/60/hvd.32044073501942/029.png"; bbox 0 0 4040 6212; ppageno 0'>
   <div class='ocr_carea' id='block_1_1' title="bbox 513 302 3789 388">
    <p class='ocr_par' dir='ltr' id='par_1_1' title="bbox 513 302 3789 388">
     <span class='ocr_line' id='line_1_1' title="bbox 513 302 3789 388; baseline 0.003 -26"><span class='ocrx_word' id='word_1_1' title='bbox 513 306 585 364; x_wconf 69' lang='lat'><strong>23</strong></span> <span class='ocrx_word' id='word_1_2' title='bbox 1262 308 1318 365; x_wconf 94' lang='lat' dir='ltr'><strong>S.</strong></span> <span class='ocrx_word' id='word_1_3' title='bbox 1358 305 1634 365; x_wconf 74' lang='lat' dir='ltr'><strong>JOANNIS</strong></span> <span class='ocrx_word' id='word_1_4' title='bbox 1669 302 2144 362; x_wconf 73' lang='lat' dir='ltr'><strong>Cl-lllYSOSTOMl</strong></span> <span class='ocrx_word' id='word_1_5' title='bbox 2182 306 2501 367; x_wconf 81' lang='lat' dir='ltr'><strong>ARCHIEP.</strong></span> <span class='ocrx_word' id='word_1_6' title='bbox 2540 311 3072 376; x_wconf 77' lang='lat' dir='ltr'><strong>CONSTANTINOP.</strong></span> <span class='ocrx_word' id='word_1_7' title='bbox 3719 330 3789 388; x_wconf 66' lang='grc' dir='ltr'><strong>ει</strong></span> 
     </span>
    </p>
   </div>
   <div class='ocr_carea' id='block_1_2' title="bbox 511 423 2094 494">
    <p class='ocr_par' dir='ltr' id='par_1_2' title="bbox 511 423 2094 494">
     <span class='ocr_line' id='line_1_2' title="bbox 511 423 2094 494; baseline -0.003 -17"><span class='ocrx_word' id='word_1_8' title='bbox 511 432 684 478; x_wconf 79' lang='lat' dir='ltr'><strong>tantas</strong></span> <span class='ocrx_word' id='word_1_9' title='bbox 726 423 914 479; x_wconf 88' lang='lat' dir='ltr'><strong>damus</strong></span> <span class='ocrx_word' id='word_1_10' title='bbox 959 437 1163 494; x_wconf 77' lang='lat' dir='ltr'><strong>ptenas,</strong></span> <span class='ocrx_word' id='word_1_11' title='bbox 1207 433 1432 494; x_wconf 87' lang='lat' dir='ltr'><strong>quantas</strong></span> <span class='ocrx_word' id='word_1_12' title='bbox 1468 424 1513 479; x_wconf 90' lang='lat' dir='ltr'><strong>si</strong></span> <span class='ocrx_word' id='word_1_13' title='bbox 1561 424 1650 478; x_wconf 80' lang='lat' dir='ltr'><strong>ilia</strong></span> <span class='ocrx_word' id='word_1_14' title='bbox 1697 431 1945 478; x_wconf 88' lang='lat' dir='ltr'><strong>revocata</strong></span> <span class='ocrx_word' id='word_1_15' title='bbox 1989 435 2094 474; x_wconf 89' lang='lat' dir='ltr'><strong>non</strong></span> 
     </span>
    </p>
   </div>
   <div class='ocr_carea' id='block_1_3' title="bbox 510 515 2094 588">
    <p class='ocr_par' dir='ltr' id='par_1_3' title="bbox 510 515 2094 588">
     <span class='ocr_line' id='line_1_3' title="bbox 510 515 2094 588; baseline 0.002 -20"><span class='ocrx_word' id='word_1_16' title='bbox 510 515 774 583; x_wconf 88' lang='lat' dir='ltr'><strong>fuissent,</strong></span> <span class='ocrx_word' id='word_1_17' title='bbox 808 516 916 570; x_wconf 92' lang='lat' dir='ltr'><strong>imo</strong></span> <span class='ocrx_word' id='word_1_18' title='bbox 947 515 1104 587; x_wconf 87' lang='lat' dir='ltr'><strong>longe</strong></span> <span class='ocrx_word' id='word_1_19' title='bbox 1136 517 1387 586; x_wconf 78' lang='lat' dir='ltr'><strong>majores.</strong></span> <span class='ocrx_word' id='word_1_20' title='bbox 1417 516 1536 571; x_wconf 86' lang='lat' dir='ltr'><strong>Non</strong></span> <span class='ocrx_word' id='word_1_21' title='bbox 1560 517 1704 571; x_wconf 87' lang='lat' dir='ltr'><strong>enim</strong></span> <span class='ocrx_word' id='word_1_22' title='bbox 1730 515 1840 587; x_wconf 89' lang='lat' dir='ltr'><strong>jam</strong></span> <span class='ocrx_word' id='word_1_23' title='bbox 1869 516 2094 588; x_wconf 79' lang='lat' dir='ltr'><strong>simplex</strong></span> 
     </span>
    </p>
   </div>
   <div class='ocr_carea' id='block_1_4' title="bbox 508 608 2097 678">
    <p class='ocr_par' dir='ltr' id='par_1_4' title="bbox 508 608 2097 678">
     <span class='ocr_line' id='line_1_4' title="bbox 508 608 2097 678; baseline 0.001 -18"><span class='ocrx_word' id='word_1_24' title='bbox 508 615 591 660; x_wconf 88' lang='lat' dir='ltr'><strong>est</strong></span> <span class='ocrx_word' id='word_1_25' title='bbox 617 615 914 676; x_wconf 89' lang='lat' dir='ltr'><strong>peccatum,</strong></span> <span class='ocrx_word' id='word_1_26' title='bbox 943 609 1036 664; x_wconf 85' lang='lat' dir='ltr'><strong>sed</strong></span> <span class='ocrx_word' id='word_1_27' title='bbox 1065 608 1260 678; x_wconf 81' lang='lat' dir='ltr'><strong>duplex</strong></span> <span class='ocrx_word' id='word_1_28' title='bbox 1285 617 1338 663; x_wconf 92' lang='lat' dir='ltr'><strong>et</strong></span> <span class='ocrx_word' id='word_1_29' title='bbox 1363 609 1579 678; x_wconf 90' lang='lat' dir='ltr'><strong>triplex.</strong></span> <span class='ocrx_word' id='word_1_30' title='bbox 1606 608 1761 675; x_wconf 86' lang='lat' dir='ltr'><strong>Quod</strong></span> <span class='ocrx_word' id='word_1_31' title='bbox 1791 619 1968 664; x_wconf 89' lang='lat' dir='ltr'><strong>autem</strong></span> <span class='ocrx_word' id='word_1_32' title='bbox 1999 608 2097 662; x_wconf 89' lang='lat' dir='ltr'><strong>ho-</strong></span> 
     </span>
    </p>
   </div>
   <div class='ocr_carea' id='block_1_5' title="bbox 508 699 2093 768">
    <p class='ocr_par' dir='ltr' id='par_1_5' title="bbox 508 699 2093 768">
     <span class='ocr_line' id='line_1_5' title="bbox 508 699 2093 768; baseline 0.002 -16"><span class='ocrx_word' id='word_1_33' title='bbox 508 713 627 753; x_wconf 90' lang='lat' dir='ltr'><strong>rum</strong></span> <span class='ocrx_word' id='word_1_34' title='bbox 649 699 821 768; x_wconf 83' lang='lat' dir='ltr'><strong>major</strong></span> <span class='ocrx_word' id='word_1_35' title='bbox 841 700 910 754; x_wconf 92' lang='lat' dir='ltr'><strong>sit</strong></span> <span class='ocrx_word' id='word_1_36' title='bbox 934 700 1081 764; x_wconf 86' lang='lat' dir='ltr'><strong>ultio,</strong></span> <span class='ocrx_word' id='word_1_37' title='bbox 1111 699 1232 754; x_wconf 85' lang='lat' dir='ltr'><strong>andi</strong></span> <span class='ocrx_word' id='word_1_38' title='bbox 1255 699 1381 768; x_wconf 89' lang='lat' dir='ltr'><strong>quid</strong></span> <span class='ocrx_word' id='word_1_39' title='bbox 1404 700 1546 755; x_wconf 83' lang='lat' dir='ltr'><strong>dicat</strong></span> <span class='ocrx_word' id='word_1_40' title='bbox 1567 701 1765 757; x_wconf 84' lang='lat' dir='ltr'><strong>Paulus</strong></span> <span class='ocrx_word' id='word_1_41' title='bbox 1795 717 1808 753; x_wconf 89' lang='lat'><strong>:</strong></span> <span class='ocrx_word' id='word_1_42' title='bbox 1839 718 1857 752; x_wconf 71' lang='grc' dir='ltr'>ι</span> <span class='ocrx_word' id='word_1_43' title='bbox 1891 701 2093 755; x_wconf 90' lang='lat' dir='ltr'><strong>lrritam</strong></span> 
     </span>
    </p>
   </div>
   <div class='ocr_carea' id='block_1_6' title="bbox 507 789 2091 861">
    <p class='ocr_par' dir='ltr' id='par_1_6' title="bbox 507 789 2091 861">
     <span class='ocr_line' id='line_1_6' title="bbox 507 789 2091 861; baseline 0.004 -22"><span class='ocrx_word' id='word_1_44' title='bbox 507 789 626 858; x_wconf 83' lang='lat' dir='ltr'><strong>quis</strong></span> <span class='ocrx_word' id='word_1_45' title='bbox 673 789 874 846; x_wconf 84' lang='lat' dir='ltr'><strong>faciens</strong></span> <span class='ocrx_word' id='word_1_46' title='bbox 923 791 1090 860; x_wconf 83' lang='lat' dir='ltr'><strong>legem</strong></span> <span class='ocrx_word' id='word_1_47' title='bbox 1141 791 1358 861; x_wconf 85' lang='lat' dir='ltr'><strong>Moysis,</strong></span> <span class='ocrx_word' id='word_1_48' title='bbox 1407 792 1525 847; x_wconf 83' lang='lat' dir='ltr'><strong>sine</strong></span> <span class='ocrx_word' id='word_1_49' title='bbox 1568 793 1674 847; x_wconf 90' lang='lat' dir='ltr'><strong>ulla</strong></span> <span class='ocrx_word' id='word_1_50' title='bbox 1725 792 2091 848; x_wconf 85' lang='lat' dir='ltr'><strong>misericordia</strong></span> 
     </span>
    </p>
   </div>
   <div class='ocr_carea' id='block_1_7' title="bbox 507 881 2093 955">
    <p class='ocr_par' dir='ltr' id='par_1_7' title="bbox 507 881 2093 955">
     <span class='ocr_line' id='line_1_7' title="bbox 507 881 2093 955; baseline 0.003 -21"><span class='ocrx_word' id='word_1_51' title='bbox 507 881 715 938; x_wconf 88' lang='lat' dir='ltr'><strong>duobus</strong></span> <span class='ocrx_word' id='word_1_52' title='bbox 758 883 840 937; x_wconf 91' lang='lat' dir='ltr'><strong>vel</strong></span> <span class='ocrx_word' id='word_1_53' title='bbox 881 882 1051 937; x_wconf 91' lang='lat' dir='ltr'><strong>tribus</strong></span> <span class='ocrx_word' id='word_1_54' title='bbox 1099 883 1324 937; x_wconf 80' lang='lat' dir='ltr'><strong>testibus</strong></span> <span class='ocrx_word' id='word_1_55' title='bbox 1369 884 1598 938; x_wconf 89' lang='lat' dir='ltr'><strong>moritur</strong></span> <span class='ocrx_word' id='word_1_56' title='bbox 1632 902 1645 939; x_wconf 89' lang='lat'><strong>:</strong></span> <span class='ocrx_word' id='word_1_57' title='bbox 1677 893 1878 955; x_wconf 88' lang='lat' dir='ltr'><strong>quanto</strong></span> <span class='ocrx_word' id='word_1_58' title='bbox 1924 883 2093 954; x_wconf 86' lang='lat' dir='ltr'><strong>magis</strong></span> 
     </span>
    </p>
   </div>
   <div class='ocr_carea' id='block_1_8' title="bbox 509 974 2090 1046">
    <p class='ocr_par' dir='ltr' id='par_1_8' title="bbox 509 974 2090 1046">
     <span class='ocr_line' id='line_1_8' title="bbox 509 974 2090 1046; baseline 0.003 -19"><span class='ocrx_word' id='word_1_59' title='bbox 509 974 705 1042; x_wconf 86' lang='lat' dir='ltr'><strong>putatis</strong></span> <span class='ocrx_word' id='word_1_60' title='bbox 752 974 1016 1028; x_wconf 86' lang='lat' dir='ltr'><strong>deteriora</strong></span> <span class='ocrx_word' id='word_1_61' title='bbox 1065 974 1258 1028; x_wconf 85' lang='lat' dir='ltr'><strong>mereri</strong></span> <span class='ocrx_word' id='word_1_62' title='bbox 1309 976 1565 1045; x_wconf 89' lang='lat' dir='ltr'><strong>supplicia</strong></span> <span class='ocrx_word' id='word_1_63' title='bbox 1614 975 1705 1046; x_wconf 89' lang='lat' dir='ltr'><strong>qui</strong></span> <span class='ocrx_word' id='word_1_64' title='bbox 1753 975 1947 1030; x_wconf 82' lang='lat' dir='ltr'><strong>Filium</strong></span> <span class='ocrx_word' id='word_1_65' title='bbox 1994 976 2090 1031; x_wconf 89' lang='lat' dir='ltr'><strong>Dei</strong></span> 
     </span>
    </p>
   </div>
   <div class='ocr_carea' id='block_1_9' title="bbox 505 1065 2088 1137">
    <p class='ocr_par' dir='ltr' id='par_1_9' title="bbox 505 1065 2088 1137">
     <span class='ocr_line' id='line_1_9' title="bbox 505 1065 2088 1137; baseline 0.002 -19"><span class='ocrx_word' id='word_1_66' title='bbox 505 1065 939 1126; x_wconf 88' lang='lat' dir='ltr'><strong>eoneuleaverit,</strong></span> <span class='ocrx_word' id='word_1_67' title='bbox 992 1075 1048 1118; x_wconf 89' lang='lat' dir='ltr'><strong>et</strong></span> <span class='ocrx_word' id='word_1_68' title='bbox 1100 1066 1415 1135; x_wconf 85' lang='lat' dir='ltr'><strong>sanguinem</strong></span> <span class='ocrx_word' id='word_1_69' title='bbox 1466 1068 1770 1122; x_wconf 87' lang='lat' dir='ltr'><strong>testamenti</strong></span> <span class='ocrx_word' id='word_1_70' title='bbox 1829 1068 2088 1137; x_wconf 91' lang='lat' dir='ltr'><strong>pollutum</strong></span> 
     </span>
    </p>
   </div>
   <div class='ocr_carea' id='block_1_10' title="bbox 505 1158 2086 1229">
    <p class='ocr_par' dir='ltr' id='par_1_10' title="bbox 505 1158 2086 1229">
     <span class='ocr_line' id='line_1_10' title="bbox 505 1158 2086 1229; baseline 0.003 -21"><span class='ocrx_word' id='word_1_71' title='bbox 505 1158 736 1222; x_wconf 84' lang='lat' dir='ltr'><strong>duxerit,</strong></span> <span class='ocrx_word' id='word_1_72' title='bbox 765 1166 819 1211; x_wconf 92' lang='lat' dir='ltr'><strong>et</strong></span> <span class='ocrx_word' id='word_1_73' title='bbox 847 1158 1054 1226; x_wconf 84' lang='lat' dir='ltr'><strong>spiritui</strong></span> <span class='ocrx_word' id='word_1_74' title='bbox 1080 1159 1265 1229; x_wconf 68' lang='lat' dir='ltr'><strong>gratize</strong></span> <span class='ocrx_word' id='word_1_75' title='bbox 1289 1159 1667 1214; x_wconf 85' lang='lat' dir='ltr'><strong>contumeliam</strong></span> <span class='ocrx_word' id='word_1_76' title='bbox 1695 1159 1881 1215; x_wconf 81' lang='lat' dir='ltr'><strong>fecerit</strong></span> <span class='ocrx_word' id='word_1_77' title='bbox 1903 1159 2086 1225; x_wconf 84' lang='lat' dir='ltr'><strong>(Hebr.</strong></span> 
     </span>
    </p>
   </div>
   <div class='ocr_carea' id='block_1_11' title="bbox 506 1247 925 1318">
    <p class='ocr_par' dir='ltr' id='par_1_11' title="bbox 506 1247 925 1318">
     <span class='ocr_line' id='line_1_11' title="bbox 506 1247 925 1318; baseline -0.002 -17"><span class='ocrx_word' id='word_1_78' title='bbox 506 1247 870 1318; x_wconf 74' lang='lat'><strong>10.28.29)?</strong></span> <span class='ocrx_word' id='word_1_79' title='bbox 907 1266 925 1300; x_wconf 77' lang='grc' dir='ltr'><strong><em>ι</em></strong></span> 
     </span>
    </p>
   </div>
   <div class='ocr_carea' id='block_1_12' title="bbox 572 1335 2082 1410">
    <p class='ocr_par' dir='ltr' id='par_1_12' title="bbox 572 1335 2082 1410">
     <span class='ocr_line' id='line_1_12' title="bbox 572 1335 2082 1410; baseline 0.005 -20"><span class='ocrx_word' id='word_1_80' title='bbox 572 1335 757 1391; x_wconf 84' lang='lat' dir='ltr'><strong>Contra</strong></span> <span class='ocrx_word' id='word_1_81' title='bbox 806 1355 888 1392; x_wconf 82' lang='lat' dir='ltr'><strong>eos</strong></span> <span class='ocrx_word' id='word_1_82' title='bbox 941 1339 1028 1407; x_wconf 83' lang='lat' dir='ltr'><strong>qui</strong></span> <span class='ocrx_word' id='word_1_83' title='bbox 1083 1338 1332 1410; x_wconf 78' lang='lat' dir='ltr'><strong>baptisma</strong></span> <span class='ocrx_word' id='word_1_84' title='bbox 1387 1340 1707 1407; x_wconf 78' lang='lat' dir='ltr'><strong>differebant.</strong></span> <span class='ocrx_word' id='word_1_85' title='bbox 1738 1340 2082 1397; x_wconf 84' lang='lat' dir='ltr'><strong>—Furtasse</strong></span> 
     </span>
    </p>
   </div>
   <div class='ocr_carea' id='block_1_13' title="bbox 503 1428 2089 1502">
    <p class='ocr_par' dir='ltr' id='par_1_13' title="bbox 503 1428 2089 1502">
     <span class='ocr_line' id='line_1_13' title="bbox 503 1428 2089 1502; baseline 0.004 -22"><span class='ocrx_word' id='word_1_86' title='bbox 503 1428 700 1483; x_wconf 91' lang='lat' dir='ltr'><strong>multos</strong></span> <span class='ocrx_word' id='word_1_87' title='bbox 729 1431 1022 1486; x_wconf 78' lang='lat' dir='ltr'><strong>avertimus</strong></span> <span class='ocrx_word' id='word_1_88' title='bbox 1042 1474 1056 1497; x_wconf 96' lang='lat'><strong>,</strong></span> <span class='ocrx_word' id='word_1_89' title='bbox 1087 1447 1154 1485; x_wconf 89' lang='lat' dir='ltr'><strong>ne</strong></span> <span class='ocrx_word' id='word_1_90' title='bbox 1184 1447 1324 1486; x_wconf 91' lang='lat' dir='ltr'><strong>nunc</strong></span> <span class='ocrx_word' id='word_1_91' title='bbox 1359 1432 1624 1501; x_wconf 88' lang='lat' dir='ltr'><strong>accipiant</strong></span> <span class='ocrx_word' id='word_1_92' title='bbox 1666 1433 1950 1502; x_wconf 90' lang='lat' dir='ltr'><strong>baptisma.</strong></span> <span class='ocrx_word' id='word_1_93' title='bbox 1982 1431 2089 1487; x_wconf 67' lang='grc' dir='ltr'><strong>γε.</strong></span> 
     </span>
    </p>
   </div>
   <div class='ocr_carea' id='block_1_14' title="bbox 502 1522 2084 1594">
    <p class='ocr_par' dir='ltr' id='par_1_14' title="bbox 502 1522 2084 1594">
     <span class='ocr_line' id='line_1_14' title="bbox 502 1522 2084 1594; baseline 0.004 -22"><span class='ocrx_word' id='word_1_94' title='bbox 502 1536 618 1574; x_wconf 92' lang='lat' dir='ltr'><strong>rum</strong></span> <span class='ocrx_word' id='word_1_95' title='bbox 650 1535 754 1575; x_wconf 90' lang='lat' dir='ltr'><strong>non</strong></span> <span class='ocrx_word' id='word_1_96' title='bbox 787 1522 901 1576; x_wconf 76' lang='lat' dir='ltr'><strong>hmc</strong></span> <span class='ocrx_word' id='word_1_97' title='bbox 945 1523 1033 1576; x_wconf 85' lang='lat' dir='ltr'><strong>illa</strong></span> <span class='ocrx_word' id='word_1_98' title='bbox 1071 1523 1138 1578; x_wconf 91' lang='lat' dir='ltr'><strong>de</strong></span> <span class='ocrx_word' id='word_1_99' title='bbox 1166 1539 1328 1578; x_wconf 88' lang='lat' dir='ltr'><strong>causa</strong></span> <span class='ocrx_word' id='word_1_100' title='bbox 1355 1524 1589 1578; x_wconf 80' lang='lat' dir='ltr'><strong>diximus</strong></span> <span class='ocrx_word' id='word_1_101' title='bbox 1612 1564 1628 1590; x_wconf 90' lang='lat'><strong>,</strong></span> <span class='ocrx_word' id='word_1_102' title='bbox 1656 1524 1751 1579; x_wconf 88' lang='lat' dir='ltr'><strong>sed</strong></span> <span class='ocrx_word' id='word_1_103' title='bbox 1774 1533 1832 1578; x_wconf 89' lang='lat' dir='ltr'><strong>ut</strong></span> <span class='ocrx_word' id='word_1_104' title='bbox 1857 1524 1946 1594; x_wconf 90' lang='lat' dir='ltr'><strong>qui</strong></span> <span class='ocrx_word' id='word_1_105' title='bbox 1974 1523 2084 1593; x_wconf 90' lang='lat' dir='ltr'><strong>jam</strong></span> 
     </span>
    </p>
   </div>
   <div class='ocr_carea' id='block_1_15' title="bbox 497 1613 2083 1683">
    <p class='ocr_par' dir='ltr' id='par_1_15' title="bbox 497 1613 2083 1683">
     <span class='ocr_line' id='line_1_15' title="bbox 497 1613 2083 1683; baseline 0.003 -18"><span class='ocrx_word' id='word_1_106' title='bbox 497 1622 840 1682; x_wconf 88' lang='lat' dir='ltr'><strong>acceperunt,</strong></span> <span class='ocrx_word' id='word_1_107' title='bbox 867 1613 918 1667; x_wconf 93' lang='lat' dir='ltr'><strong>in</strong></span> <span class='ocrx_word' id='word_1_108' title='bbox 947 1613 1109 1668; x_wconf 89' lang='lat' dir='ltr'><strong>multa</strong></span> <span class='ocrx_word' id='word_1_109' title='bbox 1139 1625 1390 1669; x_wconf 88' lang='lat' dir='ltr'><strong>maneant</strong></span> <span class='ocrx_word' id='word_1_110' title='bbox 1416 1614 1766 1683; x_wconf 84' lang='lat' dir='ltr'><strong>temperantia</strong></span> <span class='ocrx_word' id='word_1_111' title='bbox 1810 1624 1864 1669; x_wconf 88' lang='lat' dir='ltr'><strong>et</strong></span> <span class='ocrx_word' id='word_1_112' title='bbox 1896 1614 2083 1670; x_wconf 84' lang='lat' dir='ltr'><strong>mode-</strong></span> 
     </span>
    </p>
   </div>
   <div class='ocr_carea' id='block_1_16' title="bbox 499 1704 2084 1778">
    <p class='ocr_par' dir='ltr' id='par_1_16' title="bbox 499 1704 2084 1778">
     <span class='ocr_line' id='line_1_16' title="bbox 499 1704 2084 1778; baseline 0.004 -22"><span class='ocrx_word' id='word_1_113' title='bbox 499 1704 625 1757; x_wconf 90' lang='lat' dir='ltr'><strong>stia.</strong></span> <span class='ocrx_word' id='word_1_114' title='bbox 658 1708 730 1758; x_wconf 88' lang='lat' dir='ltr'><strong>At</strong></span> <span class='ocrx_word' id='word_1_115' title='bbox 757 1714 956 1769; x_wconf 88' lang='lat' dir='ltr'><strong>metuo,</strong></span> <span class='ocrx_word' id='word_1_116' title='bbox 982 1706 1122 1760; x_wconf 92' lang='lat' dir='ltr'><strong>dicet</strong></span> <span class='ocrx_word' id='word_1_117' title='bbox 1145 1708 1355 1777; x_wconf 89' lang='lat' dir='ltr'><strong>aliquis.</strong></span> <span class='ocrx_word' id='word_1_118' title='bbox 1387 1707 1442 1763; x_wconf 92' lang='lat' dir='ltr'><strong>Si</strong></span> <span class='ocrx_word' id='word_1_119' title='bbox 1468 1717 1759 1772; x_wconf 86' lang='lat' dir='ltr'><strong>metueres,</strong></span> <span class='ocrx_word' id='word_1_120' title='bbox 1784 1708 2084 1778; x_wconf 82' lang='lat' dir='ltr'><strong>accepisses</strong></span> 
     </span>
    </p>
   </div>
   <div class='ocr_carea' id='block_1_17' title="bbox 498 1795 2084 1869">
    <p class='ocr_par' dir='ltr' id='par_1_17' title="bbox 498 1795 2084 1869">
     <span class='ocr_line' id='line_1_17' title="bbox 498 1795 2084 1869; baseline 0.004 -23"><span class='ocrx_word' id='word_1_121' title='bbox 498 1795 678 1865; x_wconf 84' lang='lat' dir='ltr'><strong>utique</strong></span> <span class='ocrx_word' id='word_1_122' title='bbox 707 1807 760 1850; x_wconf 90' lang='lat' dir='ltr'><strong>et</strong></span> <span class='ocrx_word' id='word_1_123' title='bbox 781 1812 1077 1851; x_wconf 76' lang='lat' dir='ltr'><strong>servasses.</strong></span> <span class='ocrx_word' id='word_1_124' title='bbox 1113 1798 1330 1865; x_wconf 87' lang='lat' dir='ltr'><strong>Verum,</strong></span> <span class='ocrx_word' id='word_1_125' title='bbox 1366 1799 1573 1869; x_wconf 87' lang='lat' dir='ltr'><strong>inquies</strong></span> <span class='ocrx_word' id='word_1_126' title='bbox 1593 1841 1608 1866; x_wconf 90' lang='lat'><strong>,</strong></span> <span class='ocrx_word' id='word_1_127' title='bbox 1639 1815 1700 1854; x_wconf 91' lang='lat' dir='ltr'><strong>ea</strong></span> <span class='ocrx_word' id='word_1_128' title='bbox 1725 1799 1837 1869; x_wconf 92' lang='lat' dir='ltr'><strong>ipsa</strong></span> <span class='ocrx_word' id='word_1_129' title='bbox 1864 1800 1929 1854; x_wconf 87' lang='lat' dir='ltr'><strong>de</strong></span> <span class='ocrx_word' id='word_1_130' title='bbox 1957 1815 2084 1854; x_wconf 86' lang='lat' dir='ltr'><strong>cau-</strong></span> 
     </span>
    </p>
   </div>
   <div class='ocr_carea' id='block_1_18' title="bbox 495 1885 2076 1956">
    <p class='ocr_par' dir='ltr' id='par_1_18' title="bbox 495 1885 2076 1956">
     <span class='ocr_line' id='line_1_18' title="bbox 495 1885 2076 1956; baseline 0.003 -18"><span class='ocrx_word' id='word_1_131' title='bbox 495 1899 552 1938; x_wconf 88' lang='lat' dir='ltr'><strong>sa</strong></span> <span class='ocrx_word' id='word_1_132' title='bbox 583 1901 685 1939; x_wconf 91' lang='lat' dir='ltr'><strong>non</strong></span> <span class='ocrx_word' id='word_1_133' title='bbox 718 1885 956 1955; x_wconf 88' lang='lat' dir='ltr'><strong>accipio,</strong></span> <span class='ocrx_word' id='word_1_134' title='bbox 988 1887 1127 1956; x_wconf 92' lang='lat' dir='ltr'><strong>quod</strong></span> <span class='ocrx_word' id='word_1_135' title='bbox 1162 1899 1413 1943; x_wconf 90' lang='lat' dir='ltr'><strong>metuam.</strong></span> <span class='ocrx_word' id='word_1_136' title='bbox 1447 1892 1640 1944; x_wconf 92' lang='lat' dir='ltr'><strong>Annon</strong></span> <span class='ocrx_word' id='word_1_137' title='bbox 1691 1891 1884 1944; x_wconf 89' lang='lat' dir='ltr'><strong>metuis</strong></span> <span class='ocrx_word' id='word_1_138' title='bbox 1910 1890 1987 1942; x_wconf 92' lang='lat' dir='ltr'><strong>sic</strong></span> <span class='ocrx_word' id='word_1_139' title='bbox 2010 1904 2076 1942; x_wconf 87' lang='lat' dir='ltr'><strong>ex</strong></span> 
     </span>
    </p>
   </div>
   <div class='ocr_carea' id='block_1_19' title="bbox 497 1975 2082 2049">
    <p class='ocr_par' dir='ltr' id='par_1_19' title="bbox 497 1975 2082 2049">
     <span class='ocr_line' id='line_1_19' title="bbox 497 1975 2082 2049; baseline 0.003 -22"><span class='ocrx_word' id='word_1_140' title='bbox 497 1975 594 2028; x_wconf 89' lang='lat' dir='ltr'><strong>hac</strong></span> <span class='ocrx_word' id='word_1_141' title='bbox 624 1977 728 2029; x_wconf 90' lang='lat' dir='ltr'><strong>vita</strong></span> <span class='ocrx_word' id='word_1_142' title='bbox 759 1976 1062 2032; x_wconf 88' lang='lat' dir='ltr'><strong>decedere?</strong></span> <span class='ocrx_word' id='word_1_143' title='bbox 1092 1977 1361 2045; x_wconf 86' lang='lat' dir='ltr'><strong>Clemens,</strong></span> <span class='ocrx_word' id='word_1_144' title='bbox 1393 1980 1584 2049; x_wconf 90' lang='lat' dir='ltr'><strong>inquit,</strong></span> <span class='ocrx_word' id='word_1_145' title='bbox 1613 1988 1696 2034; x_wconf 92' lang='lat' dir='ltr'><strong>est</strong></span> <span class='ocrx_word' id='word_1_146' title='bbox 1728 1980 1886 2033; x_wconf 89' lang='lat' dir='ltr'><strong>Deus.</strong></span> <span class='ocrx_word' id='word_1_147' title='bbox 1920 1978 2082 2047; x_wconf 87' lang='lat' dir='ltr'><strong>Igitur</strong></span> 
     </span>
    </p>
   </div>
   <div class='ocr_carea' id='block_1_20' title="bbox 494 2066 2078 2138">
    <p class='ocr_par' dir='ltr' id='par_1_20' title="bbox 494 2066 2078 2138">
     <span class='ocr_line' id='line_1_20' title="bbox 494 2066 2078 2138; baseline 0.003 -21"><span class='ocrx_word' id='word_1_148' title='bbox 494 2067 676 2135; x_wconf 87' lang='lat' dir='ltr'><strong>accipe</strong></span> <span class='ocrx_word' id='word_1_149' title='bbox 704 2066 965 2136; x_wconf 88' lang='lat' dir='ltr'><strong>baptisma</strong></span> <span class='ocrx_word' id='word_1_150' title='bbox 991 2085 1003 2118; x_wconf 88' lang='lat'><strong>:</strong></span> <span class='ocrx_word' id='word_1_151' title='bbox 1031 2069 1268 2122; x_wconf 91' lang='lat' dir='ltr'><strong>clemens</strong></span> <span class='ocrx_word' id='word_1_152' title='bbox 1301 2070 1443 2123; x_wconf 91' lang='lat' dir='ltr'><strong>enim</strong></span> <span class='ocrx_word' id='word_1_153' title='bbox 1472 2079 1554 2124; x_wconf 89' lang='lat' dir='ltr'><strong>est</strong></span> <span class='ocrx_word' id='word_1_154' title='bbox 1580 2078 1633 2124; x_wconf 86' lang='lat' dir='ltr'><strong>et</strong></span> <span class='ocrx_word' id='word_1_155' title='bbox 1668 2070 1974 2138; x_wconf 88' lang='lat' dir='ltr'><strong>opitulatur.</strong></span> <span class='ocrx_word' id='word_1_156' title='bbox 2002 2068 2078 2122; x_wconf 87' lang='lat' dir='ltr'><strong>Tu</strong></span> 
     </span>
    </p>
   </div>
   <div class='ocr_carea' id='block_1_21' title="bbox 491 2159 2080 2232">
    <p class='ocr_par' dir='ltr' id='par_1_21' title="bbox 491 2159 2080 2232">
     <span class='ocr_line' id='line_1_21' title="bbox 491 2159 2080 2232; baseline 0.002 -20"><span class='ocrx_word' id='word_1_157' title='bbox 491 2173 618 2212; x_wconf 88' lang='lat' dir='ltr'><strong>vero</strong></span> <span class='ocrx_word' id='word_1_158' title='bbox 641 2159 730 2213; x_wconf 90' lang='lat' dir='ltr'><strong>ubi</strong></span> <span class='ocrx_word' id='word_1_159' title='bbox 760 2170 1032 2229; x_wconf 90' lang='lat' dir='ltr'><strong>oporteret</strong></span> <span class='ocrx_word' id='word_1_160' title='bbox 1061 2161 1296 2215; x_wconf 85' lang='lat' dir='ltr'><strong>studiose</strong></span> <span class='ocrx_word' id='word_1_161' title='bbox 1315 2176 1426 2215; x_wconf 93' lang='lat' dir='ltr'><strong>rem</strong></span> <span class='ocrx_word' id='word_1_162' title='bbox 1454 2176 1630 2232; x_wconf 87' lang='lat' dir='ltr'><strong>agere,</strong></span> <span class='ocrx_word' id='word_1_163' title='bbox 1653 2161 1796 2215; x_wconf 91' lang='lat' dir='ltr'><strong>illam</strong></span> <span class='ocrx_word' id='word_1_164' title='bbox 1826 2176 1928 2215; x_wconf 93' lang='lat' dir='ltr'><strong>non</strong></span> <span class='ocrx_word' id='word_1_165' title='bbox 1953 2176 2080 2229; x_wconf 57' lang='lat' dir='ltr'><strong>pm.</strong></span> 
     </span>
    </p>
   </div>
   <div class='ocr_carea' id='block_1_22' title="bbox 490 2250 2078 2321">
    <p class='ocr_par' dir='ltr' id='par_1_22' title="bbox 490 2250 2078 2321">
     <span class='ocr_line' id='line_1_22' title="bbox 490 2250 2078 2321; baseline 0.001 -20"><span class='ocrx_word' id='word_1_166' title='bbox 490 2250 665 2303; x_wconf 87' lang='lat' dir='ltr'><strong>tendis</strong></span> <span class='ocrx_word' id='word_1_167' title='bbox 691 2250 1029 2304; x_wconf 87' lang='lat' dir='ltr'><strong>clementiam</strong></span> <span class='ocrx_word' id='word_1_168' title='bbox 1055 2267 1070 2314; x_wconf 89' lang='lat'>;</span> <span class='ocrx_word' id='word_1_169' title='bbox 1102 2251 1192 2304; x_wconf 92' lang='lat' dir='ltr'><strong>ubi</strong></span> <span class='ocrx_word' id='word_1_170' title='bbox 1226 2265 1355 2305; x_wconf 92' lang='lat' dir='ltr'><strong>vero</strong></span> <span class='ocrx_word' id='word_1_171' title='bbox 1385 2251 1602 2306; x_wconf 80' lang='lat' dir='ltr'><strong>diﬂerre</strong></span> <span class='ocrx_word' id='word_1_172' title='bbox 1644 2260 1831 2321; x_wconf 89' lang='lat' dir='ltr'><strong>optas,</strong></span> <span class='ocrx_word' id='word_1_173' title='bbox 1855 2261 1981 2306; x_wconf 92' lang='lat' dir='ltr'><strong>tunc</strong></span> <span class='ocrx_word' id='word_1_174' title='bbox 2012 2251 2078 2304; x_wconf 87' lang='lat' dir='ltr'><strong>il-</strong></span> 
     </span>
    </p>
   </div>
   <div class='ocr_carea' id='block_1_23' title="bbox 479 2323 2079 2413">
    <p class='ocr_par' dir='ltr' id='par_1_23' title="bbox 479 2323 2079 2413">
     <span class='ocr_line' id='line_1_23' title="bbox 479 2323 2079 2413; baseline 0.003 -20"><span class='ocrx_word' id='word_1_175' title='bbox 479 2323 594 2393; x_wconf 72' lang='lat' dir='ltr'><strong>lam</strong></span> <span class='ocrx_word' id='word_1_176' title='bbox 632 2341 972 2395; x_wconf 90' lang='lat' dir='ltr'><strong>clementiam</strong></span> <span class='ocrx_word' id='word_1_177' title='bbox 1015 2357 1304 2397; x_wconf 88' lang='lat' dir='ltr'><strong>memoras.</strong></span> <span class='ocrx_word' id='word_1_178' title='bbox 1341 2345 1499 2412; x_wconf 85' lang='lat' dir='ltr'><strong>Atqui</strong></span> <span class='ocrx_word' id='word_1_179' title='bbox 1543 2353 1668 2397; x_wconf 94' lang='lat' dir='ltr'><strong>tunc</strong></span> <span class='ocrx_word' id='word_1_180' title='bbox 1698 2353 1912 2413; x_wconf 88' lang='lat' dir='ltr'><strong>tempus</strong></span> <span class='ocrx_word' id='word_1_181' title='bbox 1937 2354 2079 2399; x_wconf 89' lang='lat' dir='ltr'><strong>esset</strong></span> 
     </span>
    </p>
   </div>
   <div class='ocr_carea' id='block_1_24' title="bbox 489 2432 2081 2503">
    <p class='ocr_par' dir='ltr' id='par_1_24' title="bbox 489 2432 2081 2503">
     <span class='ocr_line' id='line_1_24' title="bbox 489 2432 2081 2503; baseline 0.007 -23"><span class='ocrx_word' id='word_1_182' title='bbox 489 2432 671 2486; x_wconf 85' lang='lat' dir='ltr'><strong>utendi</strong></span> <span class='ocrx_word' id='word_1_183' title='bbox 696 2432 782 2485; x_wconf 90' lang='lat' dir='ltr'><strong>illa</strong></span> <span class='ocrx_word' id='word_1_184' title='bbox 806 2433 1114 2494; x_wconf 88' lang='lat' dir='ltr'><strong>clementia,</strong></span> <span class='ocrx_word' id='word_1_185' title='bbox 1143 2442 1303 2501; x_wconf 90' lang='lat' dir='ltr'><strong>atque</strong></span> <span class='ocrx_word' id='word_1_186' title='bbox 1325 2434 1469 2486; x_wconf 88' lang='lat' dir='ltr'><strong>illam</strong></span> <span class='ocrx_word' id='word_1_187' title='bbox 1499 2443 1609 2486; x_wconf 92' lang='lat' dir='ltr'><strong>tum</strong></span> <span class='ocrx_word' id='word_1_188' title='bbox 1636 2436 1803 2503; x_wconf 89' lang='lat' dir='ltr'><strong>magis</strong></span> <span class='ocrx_word' id='word_1_189' title='bbox 1825 2450 2081 2503; x_wconf 85' lang='lat' dir='ltr'><strong>asseque-</strong></span> 
     </span>
    </p>
   </div>
   <div class='ocr_carea' id='block_1_25' title="bbox 493 2522 2073 2590">
    <p class='ocr_par' dir='ltr' id='par_1_25' title="bbox 493 2522 2073 2590">
     <span class='ocr_line' id='line_1_25' title="bbox 493 2522 2073 2590; baseline 0.003 -16"><span class='ocrx_word' id='word_1_190' title='bbox 493 2537 630 2586; x_wconf 89' lang='lat' dir='ltr'><strong>mur,</strong></span> <span class='ocrx_word' id='word_1_191' title='bbox 664 2537 784 2575; x_wconf 92' lang='lat' dir='ltr'><strong>cum</strong></span> <span class='ocrx_word' id='word_1_192' title='bbox 812 2536 874 2575; x_wconf 90' lang='lat' dir='ltr'><strong>ea</strong></span> <span class='ocrx_word' id='word_1_193' title='bbox 904 2537 1023 2590; x_wconf 75' lang='lat' dir='ltr'><strong>qua:</strong></span> <span class='ocrx_word' id='word_1_194' title='bbox 1056 2537 1223 2590; x_wconf 87' lang='lat' dir='ltr'><strong>penes</strong></span> <span class='ocrx_word' id='word_1_195' title='bbox 1252 2537 1349 2576; x_wconf 91' lang='lat' dir='ltr'><strong>nos</strong></span> <span class='ocrx_word' id='word_1_196' title='bbox 1379 2532 1502 2577; x_wconf 90' lang='lat' dir='ltr'><strong>sunt</strong></span> <span class='ocrx_word' id='word_1_197' title='bbox 1528 2522 1829 2578; x_wconf 76' lang='lat' dir='ltr'><strong>alferemus.</strong></span> <span class='ocrx_word' id='word_1_198' title='bbox 1863 2524 2073 2579; x_wconf 82' lang='lat' dir='ltr'><strong>Etenim</strong></span> 
     </span>
    </p>
   </div>
   <div class='ocr_carea' id='block_1_26' title="bbox 484 2611 2076 2687">
    <p class='ocr_par' dir='ltr' id='par_1_26' title="bbox 484 2611 2076 2687">
     <span class='ocr_line' id='line_1_26' title="bbox 484 2611 2076 2687; baseline 0.004 -23"><span class='ocrx_word' id='word_1_199' title='bbox 484 2611 550 2677; x_wconf 87' lang='lat' dir='ltr'><strong>is,</strong></span> <span class='ocrx_word' id='word_1_200' title='bbox 579 2613 668 2682; x_wconf 87' lang='lat' dir='ltr'><strong>qui</strong></span> <span class='ocrx_word' id='word_1_201' title='bbox 690 2613 869 2667; x_wconf 90' lang='lat' dir='ltr'><strong>omnia</strong></span> <span class='ocrx_word' id='word_1_202' title='bbox 893 2614 945 2667; x_wconf 91' lang='lat' dir='ltr'><strong>in</strong></span> <span class='ocrx_word' id='word_1_203' title='bbox 970 2614 1133 2668; x_wconf 91' lang='lat' dir='ltr'><strong>Deum</strong></span> <span class='ocrx_word' id='word_1_204' title='bbox 1160 2614 1353 2682; x_wconf 90' lang='lat' dir='ltr'><strong>rejicit,</strong></span> <span class='ocrx_word' id='word_1_205' title='bbox 1379 2624 1433 2669; x_wconf 91' lang='lat' dir='ltr'><strong>et</strong></span> <span class='ocrx_word' id='word_1_206' title='bbox 1463 2623 1581 2683; x_wconf 89' lang='lat' dir='ltr'><strong>post</strong></span> <span class='ocrx_word' id='word_1_207' title='bbox 1608 2614 1868 2684; x_wconf 87' lang='lat' dir='ltr'><strong>baptisma</strong></span> <span class='ocrx_word' id='word_1_208' title='bbox 1891 2627 2076 2687; x_wconf 89' lang='lat' dir='ltr'><strong>peccat</strong></span> 
     </span>
    </p>
   </div>
   <div class='ocr_carea' id='block_1_27' title="bbox 487 2704 2073 2779">
    <p class='ocr_par' dir='ltr' id='par_1_27' title="bbox 487 2704 2073 2779">
     <span class='ocr_line' id='line_1_27' title="bbox 487 2704 2073 2779; baseline 0.004 -23"><span class='ocrx_word' id='word_1_209' title='bbox 487 2712 670 2772; x_wconf 86' lang='lat' dir='ltr'><strong>utpote</strong></span> <span class='ocrx_word' id='word_1_210' title='bbox 697 2704 879 2768; x_wconf 91' lang='lat' dir='ltr'><strong>homo,</strong></span> <span class='ocrx_word' id='word_1_211' title='bbox 914 2722 1010 2775; x_wconf 89' lang='lat' dir='ltr'><strong>per</strong></span> <span class='ocrx_word' id='word_1_212' title='bbox 1036 2706 1405 2776; x_wconf 71' lang='lat' dir='ltr'><strong>paenitentiam</strong></span> <span class='ocrx_word' id='word_1_213' title='bbox 1437 2707 1590 2762; x_wconf 90' lang='lat' dir='ltr'><strong>venia</strong></span> <span class='ocrx_word' id='word_1_214' title='bbox 1619 2708 1905 2762; x_wconf 87' lang='lat' dir='ltr'><strong>donabitur</strong></span> <span class='ocrx_word' id='word_1_215' title='bbox 1937 2728 1950 2762; x_wconf 91' lang='lat'><strong>:</strong></span> <span class='ocrx_word' id='word_1_216' title='bbox 1983 2710 2073 2779; x_wconf 91' lang='lat' dir='ltr'><strong>qui</strong></span> 
     </span>
    </p>
   </div>
   <div class='ocr_carea' id='block_1_28' title="bbox 481 2797 2074 2873">
    <p class='ocr_par' dir='ltr' id='par_1_28' title="bbox 481 2797 2074 2873">
     <span class='ocr_line' id='line_1_28' title="bbox 481 2797 2074 2873; baseline 0.004 -23"><span class='ocrx_word' id='word_1_217' title='bbox 481 2813 608 2851; x_wconf 89' lang='lat' dir='ltr'><strong>vero</strong></span> <span class='ocrx_word' id='word_1_218' title='bbox 644 2797 711 2852; x_wconf 88' lang='lat' dir='ltr'><strong>de</strong></span> <span class='ocrx_word' id='word_1_219' title='bbox 758 2799 850 2853; x_wconf 81' lang='lat' dir='ltr'><strong>Dei</strong></span> <span class='ocrx_word' id='word_1_220' title='bbox 895 2800 1178 2855; x_wconf 88' lang='lat' dir='ltr'><strong>clementia</strong></span> <span class='ocrx_word' id='word_1_221' title='bbox 1219 2801 1371 2870; x_wconf 90' lang='lat' dir='ltr'><strong>quasi</strong></span> <span class='ocrx_word' id='word_1_222' title='bbox 1415 2810 1602 2872; x_wconf 80' lang='lat' dir='ltr'><strong>argute</strong></span> <span class='ocrx_word' id='word_1_223' title='bbox 1641 2802 1786 2872; x_wconf 83' lang='lat' dir='ltr'><strong>agit,</strong></span> <span class='ocrx_word' id='word_1_224' title='bbox 1817 2804 1859 2857; x_wconf 92' lang='lat' dir='ltr'><strong>si</strong></span> <span class='ocrx_word' id='word_1_225' title='bbox 1891 2801 2074 2873; x_wconf 77' lang='lat' dir='ltr'><strong>gratia:</strong></span> 
     </span>
    </p>
   </div>
   <div class='ocr_carea' id='block_1_29' title="bbox 481 2890 2070 2966">
    <p class='ocr_par' dir='ltr' id='par_1_29' title="bbox 481 2890 2070 2966">
     <span class='ocr_line' id='line_1_29' title="bbox 481 2890 2070 2966; baseline 0.005 -22"><span class='ocrx_word' id='word_1_226' title='bbox 481 2905 676 2959; x_wconf 73' lang='lat' dir='ltr'><strong>expers</strong></span> <span class='ocrx_word' id='word_1_227' title='bbox 715 2890 840 2946; x_wconf 89' lang='lat' dir='ltr'><strong>hinc</strong></span> <span class='ocrx_word' id='word_1_228' title='bbox 875 2892 1128 2958; x_wconf 79' lang='lat' dir='ltr'><strong>decedat,</strong></span> <span class='ocrx_word' id='word_1_229' title='bbox 1161 2894 1454 2950; x_wconf 88' lang='lat' dir='ltr'><strong>inevitabili</strong></span> <span class='ocrx_word' id='word_1_230' title='bbox 1498 2896 1760 2966; x_wconf 90' lang='lat' dir='ltr'><strong>supplicio</strong></span> <span class='ocrx_word' id='word_1_231' title='bbox 1790 2897 2070 2966; x_wconf 90' lang='lat' dir='ltr'><strong>plectetur.</strong></span> 
     </span>
    </p>
   </div>
   <div class='ocr_carea' id='block_1_30' title="bbox 479 2983 2073 3059">
    <p class='ocr_par' dir='ltr' id='par_1_30' title="bbox 479 2983 2073 3059">
     <span class='ocr_line' id='line_1_30' title="bbox 479 2983 2073 3059; baseline 0.004 -21"><span class='ocrx_word' id='word_1_232' title='bbox 479 2983 586 3038; x_wconf 91' lang='lat' dir='ltr'><strong>Cur</strong></span> <span class='ocrx_word' id='word_1_233' title='bbox 614 2994 792 3040; x_wconf 81' lang='lat' dir='ltr'><strong>autent</strong></span> <span class='ocrx_word' id='word_1_234' title='bbox 838 2986 952 3042; x_wconf 67' lang='lat' dir='ltr'><strong>btet;</strong></span> <span class='ocrx_word' id='word_1_235' title='bbox 995 2987 1256 3043; x_wconf 89' lang='lat' dir='ltr'><strong>adversus</strong></span> <span class='ocrx_word' id='word_1_236' title='bbox 1285 2990 1511 3044; x_wconf 86' lang='lat' dir='ltr'><strong>salutem</strong></span> <span class='ocrx_word' id='word_1_237' title='bbox 1545 2997 1687 3043; x_wconf 91' lang='lat' dir='ltr'><strong>tuam</strong></span> <span class='ocrx_word' id='word_1_238' title='bbox 1735 2990 2073 3059; x_wconf 71' lang='lat' dir='ltr'><strong>prmtendis?</strong></span> 
     </span>
    </p>
   </div>
   <div class='ocr_carea' id='block_1_31' title="bbox 481 3076 2067 3152">
    <p class='ocr_par' dir='ltr' id='par_1_31' title="bbox 481 3076 2067 3152">
     <span class='ocr_line' id='line_1_31' title="bbox 481 3076 2067 3152; baseline 0.004 -22"><span class='ocrx_word' id='word_1_239' title='bbox 481 3076 817 3147; x_wconf 86' lang='lat' dir='ltr'><strong>lmpossibile</strong></span> <span class='ocrx_word' id='word_1_240' title='bbox 848 3080 988 3134; x_wconf 89' lang='lat' dir='ltr'><strong>enim</strong></span> <span class='ocrx_word' id='word_1_241' title='bbox 1020 3091 1119 3144; x_wconf 90' lang='lat' dir='ltr'><strong>est,</strong></span> <span class='ocrx_word' id='word_1_242' title='bbox 1157 3083 1506 3151; x_wconf 89' lang='lat' dir='ltr'><strong>impossibile,</strong></span> <span class='ocrx_word' id='word_1_243' title='bbox 1542 3095 1599 3136; x_wconf 91' lang='lat' dir='ltr'><strong>ut</strong></span> <span class='ocrx_word' id='word_1_244' title='bbox 1629 3092 1782 3152; x_wconf 92' lang='lat' dir='ltr'><strong>puto,</strong></span> <span class='ocrx_word' id='word_1_245' title='bbox 1801 3093 1903 3147; x_wconf 91' lang='lat' dir='ltr'><strong>est,</strong></span> <span class='ocrx_word' id='word_1_246' title='bbox 1922 3099 2067 3149; x_wconf 89' lang='lat' dir='ltr'><strong>eum,</strong></span> 
     </span>
    </p>
   </div>
   <div class='ocr_carea' id='block_1_32' title="bbox 475 3171 2067 3244">
    <p class='ocr_par' dir='ltr' id='par_1_32' title="bbox 475 3171 2067 3244">
     <span class='ocr_line' id='line_1_32' title="bbox 475 3171 2067 3244; baseline 0.004 -22"><span class='ocrx_word' id='word_1_247' title='bbox 475 3171 564 3239; x_wconf 88' lang='lat' dir='ltr'><strong>qui</strong></span> <span class='ocrx_word' id='word_1_248' title='bbox 594 3172 682 3225; x_wconf 86' lang='lat' dir='ltr'><strong>tali</strong></span> <span class='ocrx_word' id='word_1_249' title='bbox 714 3186 809 3241; x_wconf 89' lang='lat' dir='ltr'><strong>spe</strong></span> <span class='ocrx_word' id='word_1_250' title='bbox 840 3171 1004 3226; x_wconf 92' lang='lat' dir='ltr'><strong>fultus</strong></span> <span class='ocrx_word' id='word_1_251' title='bbox 1032 3173 1245 3237; x_wconf 81' lang='lat' dir='ltr'><strong>differt,</strong></span> <span class='ocrx_word' id='word_1_252' title='bbox 1290 3182 1571 3228; x_wconf 88' lang='lat' dir='ltr'><strong>strenuum</strong></span> <span class='ocrx_word' id='word_1_253' title='bbox 1597 3173 1722 3244; x_wconf 91' lang='lat' dir='ltr'><strong>quid</strong></span> <span class='ocrx_word' id='word_1_254' title='bbox 1750 3185 1842 3228; x_wconf 92' lang='lat' dir='ltr'><strong>aut</strong></span> <span class='ocrx_word' id='word_1_255' title='bbox 1870 3175 2067 3229; x_wconf 86' lang='lat' dir='ltr'><strong>bonum</strong></span> 
     </span>
    </p>
   </div>
   <div class='ocr_carea' id='block_1_33' title="bbox 477 3263 2065 3334">
    <p class='ocr_par' dir='ltr' id='par_1_33' title="bbox 477 3263 2065 3334">
     <span class='ocr_line' id='line_1_33' title="bbox 477 3263 2065 3334; baseline 0.003 -19"><span class='ocrx_word' id='word_1_256' title='bbox 477 3264 708 3330; x_wconf 90' lang='lat' dir='ltr'><strong>operari.</strong></span> <span class='ocrx_word' id='word_1_257' title='bbox 735 3263 813 3316; x_wconf 86' lang='lat' dir='ltr'><strong>Tu</strong></span> <span class='ocrx_word' id='word_1_258' title='bbox 845 3278 973 3318; x_wconf 86' lang='lat' dir='ltr'><strong>vero</strong></span> <span class='ocrx_word' id='word_1_259' title='bbox 1007 3278 1105 3317; x_wconf 90' lang='lat' dir='ltr'><strong>cur</strong></span> <span class='ocrx_word' id='word_1_260' title='bbox 1133 3273 1336 3319; x_wconf 91' lang='lat' dir='ltr'><strong>tantum</strong></span> <span class='ocrx_word' id='word_1_261' title='bbox 1368 3275 1570 3320; x_wconf 92' lang='lat' dir='ltr'><strong>metum</strong></span> <span class='ocrx_word' id='word_1_262' title='bbox 1602 3266 1830 3334; x_wconf 91' lang='lat' dir='ltr'><strong>suscipis</strong></span> <span class='ocrx_word' id='word_1_263' title='bbox 1850 3308 1864 3329; x_wconf 90' lang='lat'><strong>,</strong></span> <span class='ocrx_word' id='word_1_264' title='bbox 1893 3277 1948 3322; x_wconf 92' lang='lat' dir='ltr'><strong>et</strong></span> <span class='ocrx_word' id='word_1_265' title='bbox 1983 3268 2065 3320; x_wconf 82' lang='lat' dir='ltr'><strong>in-</strong></span> 
     </span>
    </p>
   </div>
   <div class='ocr_carea' id='block_1_34' title="bbox 473 3352 2064 3422">
    <p class='ocr_par' dir='ltr' id='par_1_34' title="bbox 473 3352 2064 3422">
     <span class='ocr_line' id='line_1_34' title="bbox 473 3352 2064 3422; baseline 0.006 -18"><span class='ocrx_word' id='word_1_266' title='bbox 473 3361 679 3406; x_wconf 90' lang='lat' dir='ltr'><strong>certum</strong></span> <span class='ocrx_word' id='word_1_267' title='bbox 714 3352 947 3406; x_wconf 85' lang='lat' dir='ltr'><strong>futurum</strong></span> <span class='ocrx_word' id='word_1_268' title='bbox 973 3355 1302 3422; x_wconf 72' lang='lat' dir='ltr'><strong>prmtendis?</strong></span> <span class='ocrx_word' id='word_1_269' title='bbox 1334 3369 1431 3411; x_wconf 88' lang='lat' dir='ltr'><strong>cur</strong></span> <span class='ocrx_word' id='word_1_270' title='bbox 1461 3371 1565 3411; x_wconf 90' lang='lat' dir='ltr'><strong>non</strong></span> <span class='ocrx_word' id='word_1_271' title='bbox 1599 3365 1797 3412; x_wconf 90' lang='lat' dir='ltr'><strong>metum</strong></span> <span class='ocrx_word' id='word_1_272' title='bbox 1831 3359 1984 3413; x_wconf 92' lang='lat' dir='ltr'><strong>illum</strong></span> <span class='ocrx_word' id='word_1_273' title='bbox 2012 3362 2064 3414; x_wconf 88' lang='lat' dir='ltr'><strong>itt</strong></span> 
     </span>
    </p>
   </div>
   <div class='ocr_carea' id='block_1_35' title="bbox 475 3441 2066 3517">
    <p class='ocr_par' dir='ltr' id='par_1_35' title="bbox 475 3441 2066 3517">
     <span class='ocr_line' id='line_1_35' title="bbox 475 3441 2066 3517; baseline 0.005 -22"><span class='ocrx_word' id='word_1_274' title='bbox 475 3441 709 3496; x_wconf 85' lang='lat' dir='ltr'><strong>laborem</strong></span> <span class='ocrx_word' id='word_1_275' title='bbox 733 3451 786 3497; x_wconf 90' lang='lat' dir='ltr'><strong>et</strong></span> <span class='ocrx_word' id='word_1_276' title='bbox 810 3442 1142 3511; x_wconf 80' lang='lat' dir='ltr'><strong>diligentiam</strong></span> <span class='ocrx_word' id='word_1_277' title='bbox 1173 3455 1365 3512; x_wconf 89' lang='lat' dir='ltr'><strong>mutas,</strong></span> <span class='ocrx_word' id='word_1_278' title='bbox 1393 3458 1449 3501; x_wconf 90' lang='lat' dir='ltr'><strong>ut</strong></span> <span class='ocrx_word' id='word_1_279' title='bbox 1480 3448 1554 3502; x_wconf 87' lang='lat' dir='ltr'><strong>sis</strong></span> <span class='ocrx_word' id='word_1_280' title='bbox 1580 3462 1807 3517; x_wconf 89' lang='lat' dir='ltr'><strong>magnus</strong></span> <span class='ocrx_word' id='word_1_281' title='bbox 1827 3457 1882 3504; x_wconf 90' lang='lat' dir='ltr'><strong>et</strong></span> <span class='ocrx_word' id='word_1_282' title='bbox 1905 3451 2066 3503; x_wconf 84' lang='lat' dir='ltr'><strong>mira-</strong></span> 
     </span>
    </p>
   </div>
   <div class='ocr_carea' id='block_1_36' title="bbox 472 3535 2065 3613">
    <p class='ocr_par' dir='ltr' id='par_1_36' title="bbox 472 3535 2065 3613">
     <span class='ocr_line' id='line_1_36' title="bbox 472 3535 2065 3613; baseline 0.006 -25"><span class='ocrx_word' id='word_1_283' title='bbox 472 3535 640 3590; x_wconf 79' lang='lat' dir='ltr'><strong>bilis?</strong></span> <span class='ocrx_word' id='word_1_284' title='bbox 668 3545 846 3590; x_wconf 92' lang='lat' dir='ltr'><strong>utrum</strong></span> <span class='ocrx_word' id='word_1_285' title='bbox 877 3537 1067 3593; x_wconf 91' lang='lat' dir='ltr'><strong>melius</strong></span> <span class='ocrx_word' id='word_1_286' title='bbox 1091 3549 1193 3606; x_wconf 88' lang='lat' dir='ltr'><strong>est,</strong></span> <span class='ocrx_word' id='word_1_287' title='bbox 1219 3540 1428 3606; x_wconf 91' lang='lat' dir='ltr'><strong>timere,</strong></span> <span class='ocrx_word' id='word_1_288' title='bbox 1457 3556 1526 3595; x_wconf 90' lang='lat' dir='ltr'><strong>an</strong></span> <span class='ocrx_word' id='word_1_289' title='bbox 1556 3541 1841 3596; x_wconf 84' lang='lat' dir='ltr'><strong>laborare?</strong></span> <span class='ocrx_word' id='word_1_290' title='bbox 1862 3542 1918 3597; x_wconf 93' lang='lat' dir='ltr'><strong>Si</strong></span> <span class='ocrx_word' id='word_1_291' title='bbox 1944 3544 2065 3613; x_wconf 91' lang='lat' dir='ltr'><strong>quis</strong></span> 
     </span>
    </p>
   </div>
   <div class='ocr_carea' id='block_1_37' title="bbox 473 3628 2061 3704">
    <p class='ocr_par' dir='ltr' id='par_1_37' title="bbox 473 3628 2061 3704">
     <span class='ocr_line' id='line_1_37' title="bbox 473 3628 2061 3704; baseline 0.006 -24"><span class='ocrx_word' id='word_1_292' title='bbox 473 3634 522 3681; x_wconf 92' lang='lat' dir='ltr'><strong>te</strong></span> <span class='ocrx_word' id='word_1_293' title='bbox 547 3628 836 3683; x_wconf 86' lang='lat' dir='ltr'><strong>collocaret</strong></span> <span class='ocrx_word' id='word_1_294' title='bbox 861 3630 1091 3685; x_wconf 90' lang='lat' dir='ltr'><strong>otiosum</strong></span> <span class='ocrx_word' id='word_1_295' title='bbox 1137 3631 1188 3686; x_wconf 93' lang='lat' dir='ltr'><strong>in</strong></span> <span class='ocrx_word' id='word_1_296' title='bbox 1216 3631 1378 3685; x_wconf 91' lang='lat' dir='ltr'><strong>domo</strong></span> <span class='ocrx_word' id='word_1_297' title='bbox 1402 3633 1571 3688; x_wconf 66' lang='lat' dir='ltr'><strong>ruinae</strong></span> <span class='ocrx_word' id='word_1_298' title='bbox 1597 3634 1841 3704; x_wconf 87' lang='lat' dir='ltr'><strong>proxima</strong></span> <span class='ocrx_word' id='word_1_299' title='bbox 1865 3676 1880 3700; x_wconf 94' lang='lat'><strong>,</strong></span> <span class='ocrx_word' id='word_1_300' title='bbox 1911 3635 2061 3690; x_wconf 61' lang='lat' dir='ltr'><strong>dice-</strong></span> 
     </span>
    </p>
   </div>
   <div class='ocr_carea' id='block_1_38' title="bbox 472 3718 2061 3797">
    <p class='ocr_par' dir='ltr' id='par_1_38' title="bbox 472 3718 2061 3797">
     <span class='ocr_line' id='line_1_38' title="bbox 472 3718 2061 3797; baseline 0.006 -25"><span class='ocrx_word' id='word_1_301' title='bbox 472 3727 690 3788; x_wconf 82' lang='lat' dir='ltr'><strong>retque,</strong></span> <span class='ocrx_word' id='word_1_302' title='bbox 735 3718 1003 3790; x_wconf 86' lang='lat' dir='ltr'><strong>Exspecta</strong></span> <span class='ocrx_word' id='word_1_303' title='bbox 1057 3724 1228 3778; x_wconf 80' lang='lat' dir='ltr'><strong>donec</strong></span> <span class='ocrx_word' id='word_1_304' title='bbox 1263 3726 1591 3794; x_wconf 89' lang='lat' dir='ltr'><strong>contignatio</strong></span> <span class='ocrx_word' id='word_1_305' title='bbox 1626 3726 1737 3795; x_wconf 91' lang='lat' dir='ltr'><strong>jam</strong></span> <span class='ocrx_word' id='word_1_306' title='bbox 1796 3727 1967 3797; x_wconf 88' lang='lat' dir='ltr'><strong>putris</strong></span> <span class='ocrx_word' id='word_1_307' title='bbox 2010 3729 2061 3782; x_wconf 92' lang='lat' dir='ltr'><strong>in</strong></span> 
     </span>
    </p>
   </div>
   <div class='ocr_carea' id='block_1_39' title="bbox 470 3815 2058 3891">
    <p class='ocr_par' dir='ltr' id='par_1_39' title="bbox 470 3815 2058 3891">
     <span class='ocr_line' id='line_1_39' title="bbox 470 3815 2058 3891; baseline 0.004 -25"><span class='ocrx_word' id='word_1_308' title='bbox 470 3824 630 3882; x_wconf 86' lang='lat' dir='ltr'><strong>caput</strong></span> <span class='ocrx_word' id='word_1_309' title='bbox 663 3823 808 3868; x_wconf 93' lang='lat' dir='ltr'><strong>tuum</strong></span> <span class='ocrx_word' id='word_1_310' title='bbox 838 3815 994 3869; x_wconf 85' lang='lat' dir='ltr'><strong>cadat</strong></span> <span class='ocrx_word' id='word_1_311' title='bbox 1015 3816 1160 3886; x_wconf 87' lang='lat' dir='ltr'><strong>(nam</strong></span> <span class='ocrx_word' id='word_1_312' title='bbox 1183 3815 1320 3872; x_wconf 88' lang='lat' dir='ltr'><strong>forte</strong></span> <span class='ocrx_word' id='word_1_313' title='bbox 1346 3817 1524 3884; x_wconf 90' lang='lat' dir='ltr'><strong>cadet,</strong></span> <span class='ocrx_word' id='word_1_314' title='bbox 1553 3818 1690 3874; x_wconf 91' lang='lat' dir='ltr'><strong>forte</strong></span> <span class='ocrx_word' id='word_1_315' title='bbox 1713 3835 1818 3874; x_wconf 92' lang='lat' dir='ltr'><strong>non</strong></span> <span class='ocrx_word' id='word_1_316' title='bbox 1845 3819 2058 3891; x_wconf 90' lang='lat' dir='ltr'><strong>cadet);</strong></span> 
     </span>
    </p>
   </div>
   <div class='ocr_carea' id='block_1_40' title="bbox 470 3905 2057 3976">
    <p class='ocr_par' dir='ltr' id='par_1_40' title="bbox 470 3905 2057 3976">
     <span class='ocr_line' id='line_1_40' title="bbox 470 3905 2057 3976; baseline 0.004 -17"><span class='ocrx_word' id='word_1_317' title='bbox 470 3906 552 3959; x_wconf 89' lang='lat' dir='ltr'><strong>sin</strong></span> <span class='ocrx_word' id='word_1_318' title='bbox 584 3921 688 3959; x_wconf 92' lang='lat' dir='ltr'><strong>non</strong></span> <span class='ocrx_word' id='word_1_319' title='bbox 718 3905 911 3975; x_wconf 84' lang='lat' dir='ltr'><strong>placet,</strong></span> <span class='ocrx_word' id='word_1_320' title='bbox 935 3922 1182 3976; x_wconf 88' lang='lat' dir='ltr'><strong>operare,</strong></span> <span class='ocrx_word' id='word_1_321' title='bbox 1208 3917 1261 3963; x_wconf 90' lang='lat' dir='ltr'><strong>et</strong></span> <span class='ocrx_word' id='word_1_322' title='bbox 1288 3909 1339 3963; x_wconf 90' lang='lat' dir='ltr'><strong>in</strong></span> <span class='ocrx_word' id='word_1_323' title='bbox 1361 3909 1555 3964; x_wconf 90' lang='lat' dir='ltr'><strong>tutiore</strong></span> <span class='ocrx_word' id='word_1_324' title='bbox 1577 3909 1754 3964; x_wconf 89' lang='lat' dir='ltr'><strong>habita</strong></span> <span class='ocrx_word' id='word_1_325' title='bbox 1783 3910 2019 3965; x_wconf 88' lang='lat' dir='ltr'><strong>thalamo</strong></span> <span class='ocrx_word' id='word_1_326' title='bbox 2044 3929 2057 3964; x_wconf 90' lang='lat'><strong>:</strong></span> 
     </span>
    </p>
   </div>
   <div class='ocr_carea' id='block_1_41' title="bbox 468 3999 2057 4074">
    <p class='ocr_par' dir='ltr' id='par_1_41' title="bbox 468 3999 2057 4074">
     <span class='ocr_line' id='line_1_41' title="bbox 468 3999 2057 4074; baseline 0.005 -24"><span class='ocrx_word' id='word_1_327' title='bbox 468 4006 642 4051; x_wconf 88' lang='lat' dir='ltr'><strong>utrum</strong></span> <span class='ocrx_word' id='word_1_328' title='bbox 675 4000 848 4068; x_wconf 85' lang='lat' dir='ltr'><strong>potius</strong></span> <span class='ocrx_word' id='word_1_329' title='bbox 876 3999 1103 4068; x_wconf 80' lang='lat' dir='ltr'><strong>eligeres</strong></span> <span class='ocrx_word' id='word_1_330' title='bbox 1125 4043 1140 4068; x_wconf 93' lang='lat'><strong>,</strong></span> <span class='ocrx_word' id='word_1_331' title='bbox 1173 4001 1412 4058; x_wconf 89' lang='lat' dir='ltr'><strong>otiumne</strong></span> <span class='ocrx_word' id='word_1_332' title='bbox 1440 4003 1570 4058; x_wconf 92' lang='lat' dir='ltr'><strong>illud</strong></span> <span class='ocrx_word' id='word_1_333' title='bbox 1603 4004 1795 4059; x_wconf 88' lang='lat' dir='ltr'><strong>timore</strong></span> <span class='ocrx_word' id='word_1_334' title='bbox 1820 4004 2057 4074; x_wconf 89' lang='lat' dir='ltr'><strong>plenum,</strong></span> 
     </span>
    </p>
   </div>
   <div class='ocr_carea' id='block_1_42' title="bbox 463 4091 2061 4164">
    <p class='ocr_par' dir='ltr' id='par_1_42' title="bbox 463 4091 2061 4164">
     <span class='ocr_line' id='line_1_42' title="bbox 463 4091 2061 4164; baseline 0.004 -21"><span class='ocrx_word' id='word_1_335' title='bbox 463 4103 532 4144; x_wconf 86' lang='lat' dir='ltr'><strong>an</strong></span> <span class='ocrx_word' id='word_1_336' title='bbox 576 4091 811 4147; x_wconf 90' lang='lat' dir='ltr'><strong>laborem</strong></span> <span class='ocrx_word' id='word_1_337' title='bbox 843 4108 937 4164; x_wconf 83' lang='lat' dir='ltr'><strong>Spe</strong></span> <span class='ocrx_word' id='word_1_338' title='bbox 969 4094 1199 4149; x_wconf 87' lang='lat' dir='ltr'><strong>fultum?</strong></span> <span class='ocrx_word' id='word_1_339' title='bbox 1226 4095 1300 4150; x_wconf 91' lang='lat' dir='ltr'><strong>lta</strong></span> <span class='ocrx_word' id='word_1_340' title='bbox 1328 4105 1383 4151; x_wconf 90' lang='lat' dir='ltr'><strong>et</strong></span> <span class='ocrx_word' id='word_1_341' title='bbox 1433 4111 1575 4152; x_wconf 90' lang='lat' dir='ltr'><strong>nunc</strong></span> <span class='ocrx_word' id='word_1_342' title='bbox 1604 4095 1783 4151; x_wconf 87' lang='lat' dir='ltr'><strong>facito.</strong></span> <span class='ocrx_word' id='word_1_343' title='bbox 1816 4097 1947 4150; x_wconf 84' lang='lat' dir='ltr'><strong>Nam</strong></span> <span class='ocrx_word' id='word_1_344' title='bbox 1979 4097 2061 4150; x_wconf 87' lang='lat' dir='ltr'><strong>in-</strong></span> 
     </span>
    </p>
   </div>
   <div class='ocr_carea' id='block_1_43' title="bbox 466 4184 2057 4256">
    <p class='ocr_par' dir='ltr' id='par_1_43' title="bbox 466 4184 2057 4256">
     <span class='ocr_line' id='line_1_43' title="bbox 466 4184 2057 4256; baseline 0.004 -22"><span class='ocrx_word' id='word_1_345' title='bbox 466 4193 673 4236; x_wconf 90' lang='lat' dir='ltr'><strong>certum</strong></span> <span class='ocrx_word' id='word_1_346' title='bbox 720 4184 849 4238; x_wconf 90' lang='lat' dir='ltr'><strong>illud</strong></span> <span class='ocrx_word' id='word_1_347' title='bbox 897 4184 1131 4252; x_wconf 85' lang='lat' dir='ltr'><strong>futurum</strong></span> <span class='ocrx_word' id='word_1_348' title='bbox 1158 4227 1172 4250; x_wconf 93' lang='lat'><strong>,</strong></span> <span class='ocrx_word' id='word_1_349' title='bbox 1213 4196 1296 4240; x_wconf 93' lang='lat' dir='ltr'><strong>est</strong></span> <span class='ocrx_word' id='word_1_350' title='bbox 1324 4188 1474 4256; x_wconf 90' lang='lat' dir='ltr'><strong>quasi</strong></span> <span class='ocrx_word' id='word_1_351' title='bbox 1521 4187 1712 4241; x_wconf 92' lang='lat' dir='ltr'><strong>domus</strong></span> <span class='ocrx_word' id='word_1_352' title='bbox 1753 4187 1805 4240; x_wconf 91' lang='lat' dir='ltr'><strong>in</strong></span> <span class='ocrx_word' id='word_1_353' title='bbox 1847 4189 2057 4240; x_wconf 91' lang='lat' dir='ltr'><strong>ruinam</strong></span> 
     </span>
    </p>
   </div>
   <div class='ocr_carea' id='block_1_44' title="bbox 470 4277 2059 4346">
    <p class='ocr_par' dir='ltr' id='par_1_44' title="bbox 470 4277 2059 4346">
     <span class='ocr_line' id='line_1_44' title="bbox 470 4277 2059 4346; baseline 0.003 -18"><span class='ocrx_word' id='word_1_354' title='bbox 470 4290 697 4345; x_wconf 86' lang='lat' dir='ltr'><strong>vergens</strong></span> <span class='ocrx_word' id='word_1_355' title='bbox 725 4295 739 4339; x_wconf 89' lang='lat'><strong>;</strong></span> <span class='ocrx_word' id='word_1_356' title='bbox 773 4277 860 4329; x_wconf 90' lang='lat' dir='ltr'><strong>illa</strong></span> <span class='ocrx_word' id='word_1_357' title='bbox 895 4292 1025 4331; x_wconf 90' lang='lat' dir='ltr'><strong>vero</strong></span> <span class='ocrx_word' id='word_1_358' title='bbox 1055 4279 1332 4346; x_wconf 88' lang='lat' dir='ltr'><strong>operatio,</strong></span> <span class='ocrx_word' id='word_1_359' title='bbox 1361 4279 1461 4333; x_wconf 90' lang='lat' dir='ltr'><strong>etsi</strong></span> <span class='ocrx_word' id='word_1_360' title='bbox 1491 4279 1780 4343; x_wconf 87' lang='lat' dir='ltr'><strong>laboriosa,</strong></span> <span class='ocrx_word' id='word_1_361' title='bbox 1803 4279 2059 4332; x_wconf 88' lang='lat' dir='ltr'><strong>securita-</strong></span> 
     </span>
    </p>
   </div>
   <div class='ocr_carea' id='block_1_45' title="bbox 469 4364 853 4431">
    <p class='ocr_par' dir='ltr' id='par_1_45' title="bbox 469 4364 853 4431">
     <span class='ocr_line' id='line_1_45' title="bbox 469 4364 853 4431; baseline 0 -13"><span class='ocrx_word' id='word_1_362' title='bbox 469 4374 573 4419; x_wconf 86' lang='lat' dir='ltr'><strong>tem</strong></span> <span class='ocrx_word' id='word_1_363' title='bbox 605 4364 853 4431; x_wconf 88' lang='lat' dir='ltr'><strong>spondet.</strong></span> 
     </span>
    </p>
   </div>
   <div class='ocr_carea' id='block_1_46' title="bbox 541 4455 2059 4525">
    <p class='ocr_par' dir='ltr' id='par_1_46' title="bbox 541 4455 2059 4525">
     <span class='ocr_line' id='line_1_46' title="bbox 541 4455 2059 4525; baseline 0.002 -18"><span class='ocrx_word' id='word_1_364' title='bbox 541 4455 592 4507; x_wconf 92' lang='lat'><strong>7.</strong></span> <span class='ocrx_word' id='word_1_365' title='bbox 634 4455 798 4509; x_wconf 82' lang='lat' dir='ltr'><strong>Absit</strong></span> <span class='ocrx_word' id='word_1_366' title='bbox 839 4470 967 4525; x_wconf 89' lang='lat' dir='ltr'><strong>ergo</strong></span> <span class='ocrx_word' id='word_1_367' title='bbox 1007 4465 1064 4510; x_wconf 94' lang='lat' dir='ltr'><strong>ut</strong></span> <span class='ocrx_word' id='word_1_368' title='bbox 1099 4457 1150 4511; x_wconf 94' lang='lat' dir='ltr'><strong>in</strong></span> <span class='ocrx_word' id='word_1_369' title='bbox 1196 4465 1395 4511; x_wconf 90' lang='lat' dir='ltr'><strong>tantam</strong></span> <span class='ocrx_word' id='word_1_370' title='bbox 1439 4457 1811 4516; x_wconf 82' lang='lat' dir='ltr'><strong>necessitatem</strong></span> <span class='ocrx_word' id='word_1_371' title='bbox 1857 4458 2059 4512; x_wconf 64' lang='lat' dir='ltr'><strong>incida-</strong></span> 
     </span>
    </p>
   </div>
   <div class='ocr_carea' id='block_1_47' title="bbox 467 4548 2055 4619">
    <p class='ocr_par' dir='ltr' id='par_1_47' title="bbox 467 4548 2055 4619">
     <span class='ocr_line' id='line_1_47' title="bbox 467 4548 2055 4619; baseline 0.002 -18"><span class='ocrx_word' id='word_1_372' title='bbox 467 4561 621 4610; x_wconf 90' lang='lat' dir='ltr'><strong>mus,</strong></span> <span class='ocrx_word' id='word_1_373' title='bbox 653 4556 711 4600; x_wconf 90' lang='lat' dir='ltr'><strong>ut</strong></span> <span class='ocrx_word' id='word_1_374' title='bbox 746 4558 867 4616; x_wconf 87' lang='lat' dir='ltr'><strong>post</strong></span> <span class='ocrx_word' id='word_1_375' title='bbox 913 4548 1186 4603; x_wconf 88' lang='lat' dir='ltr'><strong>lavacrum</strong></span> <span class='ocrx_word' id='word_1_376' title='bbox 1219 4563 1521 4619; x_wconf 89' lang='lat' dir='ltr'><strong>peccemus.</strong></span> <span class='ocrx_word' id='word_1_377' title='bbox 1567 4551 1816 4604; x_wconf 86' lang='lat' dir='ltr'><strong>Attamen</strong></span> <span class='ocrx_word' id='word_1_378' title='bbox 1857 4551 1902 4604; x_wconf 87' lang='lat' dir='ltr'><strong>si</strong></span> <span class='ocrx_word' id='word_1_379' title='bbox 1928 4550 2055 4619; x_wconf 86' lang='lat' dir='ltr'><strong>quid</strong></span> 
     </span>
    </p>
   </div>
   <div class='ocr_carea' id='block_1_48' title="bbox 467 4637 2056 4711">
    <p class='ocr_par' dir='ltr' id='par_1_48' title="bbox 467 4637 2056 4711">
     <span class='ocr_line' id='line_1_48' title="bbox 467 4637 2056 4711; baseline 0.001 -18"><span class='ocrx_word' id='word_1_380' title='bbox 467 4638 644 4693; x_wconf 88' lang='lat' dir='ltr'><strong>simile</strong></span> <span class='ocrx_word' id='word_1_381' title='bbox 672 4638 879 4692; x_wconf 74' lang='lat' dir='ltr'><strong>accidat</strong></span> <span class='ocrx_word' id='word_1_382' title='bbox 902 4680 916 4704; x_wconf 93' lang='lat'><strong>,</strong></span> <span class='ocrx_word' id='word_1_383' title='bbox 955 4655 1022 4695; x_wconf 91' lang='lat' dir='ltr'><strong>ne</strong></span> <span class='ocrx_word' id='word_1_384' title='bbox 1050 4640 1127 4695; x_wconf 90' lang='lat' dir='ltr'><strong>sic</strong></span> <span class='ocrx_word' id='word_1_385' title='bbox 1153 4640 1371 4711; x_wconf 90' lang='lat' dir='ltr'><strong>quidem</strong></span> <span class='ocrx_word' id='word_1_386' title='bbox 1401 4640 1774 4710; x_wconf 86' lang='lat' dir='ltr'><strong>desperemus.</strong></span> <span class='ocrx_word' id='word_1_387' title='bbox 1806 4637 2056 4696; x_wconf 89' lang='lat' dir='ltr'><strong>Clemens</strong></span> 
     </span>
    </p>
   </div>
   <div class='ocr_carea' id='block_1_49' title="bbox 466 4731 2054 4802">
    <p class='ocr_par' dir='ltr' id='par_1_49' title="bbox 466 4731 2054 4802">
     <span class='ocr_line' id='line_1_49' title="bbox 466 4731 2054 4802; baseline 0.003 -16"><span class='ocrx_word' id='word_1_388' title='bbox 466 4731 610 4786; x_wconf 87' lang='lat' dir='ltr'><strong>enim</strong></span> <span class='ocrx_word' id='word_1_389' title='bbox 641 4740 723 4787; x_wconf 78' lang='lat' dir='ltr'><strong>est</strong></span> <span class='ocrx_word' id='word_1_390' title='bbox 770 4732 1043 4796; x_wconf 88' lang='lat' dir='ltr'><strong>Dominus,</strong></span> <span class='ocrx_word' id='word_1_391' title='bbox 1076 4735 1373 4802; x_wconf 89' lang='lat' dir='ltr'><strong>multasque</strong></span> <span class='ocrx_word' id='word_1_392' title='bbox 1419 4733 1572 4789; x_wconf 91' lang='lat' dir='ltr'><strong>nobis</strong></span> <span class='ocrx_word' id='word_1_393' title='bbox 1599 4735 1744 4790; x_wconf 88' lang='lat' dir='ltr'><strong>dedit</strong></span> <span class='ocrx_word' id='word_1_394' title='bbox 1784 4735 2054 4790; x_wconf 88' lang='lat' dir='ltr'><strong>remissio-</strong></span> 
     </span>
    </p>
   </div>
   <div class='ocr_carea' id='block_1_50' title="bbox 471 4824 2056 4895">
    <p class='ocr_par' dir='ltr' id='par_1_50' title="bbox 471 4824 2056 4895">
     <span class='ocr_line' id='line_1_50' title="bbox 471 4824 2056 4895; baseline 0.001 -16"><span class='ocrx_word' id='word_1_395' title='bbox 471 4825 555 4879; x_wconf 85' lang='lat' dir='ltr'><strong>nis</strong></span> <span class='ocrx_word' id='word_1_396' title='bbox 595 4832 777 4894; x_wconf 78' lang='lat' dir='ltr'><strong>postea</strong></span> <span class='ocrx_word' id='word_1_397' title='bbox 819 4824 1168 4894; x_wconf 73' lang='lat' dir='ltr'><strong>impetranda:</strong></span> <span class='ocrx_word' id='word_1_398' title='bbox 1208 4827 1342 4880; x_wconf 87' lang='lat' dir='ltr'><strong>vias.</strong></span> <span class='ocrx_word' id='word_1_399' title='bbox 1376 4825 1643 4881; x_wconf 67' lang='lat' dir='ltr'><strong>Caeterum</strong></span> <span class='ocrx_word' id='word_1_400' title='bbox 1684 4827 1824 4880; x_wconf 91' lang='lat' dir='ltr'><strong>sicut</strong></span> <span class='ocrx_word' id='word_1_401' title='bbox 1866 4827 1938 4892; x_wconf 92' lang='lat' dir='ltr'><strong>ii,</strong></span> <span class='ocrx_word' id='word_1_402' title='bbox 1965 4827 2056 4895; x_wconf 91' lang='lat' dir='ltr'><strong>qui</strong></span> 
     </span>
    </p>
   </div>
   <div class='ocr_carea' id='block_1_51' title="bbox 469 4918 2052 4989">
    <p class='ocr_par' dir='ltr' id='par_1_51' title="bbox 469 4918 2052 4989">
     <span class='ocr_line' id='line_1_51' title="bbox 469 4918 2052 4989; baseline 0 -17"><span class='ocrx_word' id='word_1_403' title='bbox 469 4927 591 4988; x_wconf 90' lang='lat' dir='ltr'><strong>post</strong></span> <span class='ocrx_word' id='word_1_404' title='bbox 619 4918 893 4972; x_wconf 84' lang='lat' dir='ltr'><strong>lavacrum</strong></span> <span class='ocrx_word' id='word_1_405' title='bbox 920 4929 1161 4988; x_wconf 87' lang='lat' dir='ltr'><strong>peccant,</strong></span> <span class='ocrx_word' id='word_1_406' title='bbox 1190 4922 1404 4989; x_wconf 81' lang='lat' dir='ltr'><strong>gravius</strong></span> <span class='ocrx_word' id='word_1_407' title='bbox 1427 4919 1748 4989; x_wconf 91' lang='lat' dir='ltr'><strong>puniuntur,</strong></span> <span class='ocrx_word' id='word_1_408' title='bbox 1785 4934 1942 4989; x_wconf 89' lang='lat' dir='ltr'><strong>quam</strong></span> <span class='ocrx_word' id='word_1_409' title='bbox 1968 4933 2052 4973; x_wconf 87' lang='lat' dir='ltr'><strong>ca-</strong></span> 
     </span>
    </p>
   </div>
   <div class='ocr_carea' id='block_1_52' title="bbox 470 5008 2050 5080">
    <p class='ocr_par' dir='ltr' id='par_1_52' title="bbox 470 5008 2050 5080">
     <span class='ocr_line' id='line_1_52' title="bbox 470 5008 2050 5080; baseline 0.001 -18"><span class='ocrx_word' id='word_1_410' title='bbox 470 5008 776 5064; x_wconf 89' lang='lat' dir='ltr'><strong>techumeni</strong></span> <span class='ocrx_word' id='word_1_411' title='bbox 811 5027 823 5062; x_wconf 95' lang='lat'><strong>:</strong></span> <span class='ocrx_word' id='word_1_412' title='bbox 857 5010 932 5063; x_wconf 94' lang='lat' dir='ltr'><strong>sic</strong></span> <span class='ocrx_word' id='word_1_413' title='bbox 959 5009 1046 5079; x_wconf 89' lang='lat' dir='ltr'><strong>qui</strong></span> <span class='ocrx_word' id='word_1_414' title='bbox 1079 5010 1256 5064; x_wconf 91' lang='lat' dir='ltr'><strong>sciunt</strong></span> <span class='ocrx_word' id='word_1_415' title='bbox 1282 5010 1612 5080; x_wconf 69' lang='lat' dir='ltr'><strong>paenitentia:</strong></span> <span class='ocrx_word' id='word_1_416' title='bbox 1645 5023 1766 5064; x_wconf 90' lang='lat' dir='ltr'><strong>esse</strong></span> <span class='ocrx_word' id='word_1_417' title='bbox 1796 5008 2050 5076; x_wconf 90' lang='lat' dir='ltr'><strong>remedia,</strong></span> 
     </span>
    </p>
   </div>
   <div class='ocr_carea' id='block_1_53' title="bbox 472 5099 2055 5170">
    <p class='ocr_par' dir='ltr' id='par_1_53' title="bbox 472 5099 2055 5170">
     <span class='ocr_line' id='line_1_53' title="bbox 472 5099 2055 5170; baseline 0 -17"><span class='ocrx_word' id='word_1_418' title='bbox 472 5114 571 5153; x_wconf 89' lang='lat' dir='ltr'><strong>nec</strong></span> <span class='ocrx_word' id='word_1_419' title='bbox 615 5100 678 5153; x_wconf 90' lang='lat' dir='ltr'><strong>iis</strong></span> <span class='ocrx_word' id='word_1_420' title='bbox 709 5100 784 5154; x_wconf 91' lang='lat' dir='ltr'><strong>uti</strong></span> <span class='ocrx_word' id='word_1_421' title='bbox 834 5100 1040 5167; x_wconf 84' lang='lat' dir='ltr'><strong>volunt,</strong></span> <span class='ocrx_word' id='word_1_422' title='bbox 1073 5100 1320 5170; x_wconf 79' lang='lat' dir='ltr'><strong>graviora</strong></span> <span class='ocrx_word' id='word_1_423' title='bbox 1364 5101 1647 5157; x_wconf 75' lang='lat' dir='ltr'><strong>patientur.</strong></span> <span class='ocrx_word' id='word_1_424' title='bbox 1677 5100 1888 5167; x_wconf 82' lang='lat' dir='ltr'><strong>Quanto</strong></span> <span class='ocrx_word' id='word_1_425' title='bbox 1912 5099 2055 5154; x_wconf 89' lang='lat' dir='ltr'><strong>enim</strong></span> 
     </span>
    </p>
   </div>
   <div class='ocr_carea' id='block_1_54' title="bbox 472 5189 2055 5262">
    <p class='ocr_par' dir='ltr' id='par_1_54' title="bbox 472 5189 2055 5262">
     <span class='ocr_line' id='line_1_54' title="bbox 472 5189 2055 5262; baseline 0 -18"><span class='ocrx_word' id='word_1_426' title='bbox 472 5189 643 5260; x_wconf 84' lang='lat' dir='ltr'><strong>major</strong></span> <span class='ocrx_word' id='word_1_427' title='bbox 671 5199 754 5245; x_wconf 89' lang='lat' dir='ltr'><strong>est</strong></span> <span class='ocrx_word' id='word_1_428' title='bbox 784 5191 874 5245; x_wconf 89' lang='lat' dir='ltr'><strong>Dei</strong></span> <span class='ocrx_word' id='word_1_429' title='bbox 901 5191 1181 5247; x_wconf 89' lang='lat' dir='ltr'><strong>clementia</strong></span> <span class='ocrx_word' id='word_1_430' title='bbox 1203 5234 1218 5259; x_wconf 92' lang='lat'><strong>,</strong></span> <span class='ocrx_word' id='word_1_431' title='bbox 1242 5201 1389 5248; x_wconf 90' lang='lat' dir='ltr'><strong>tanto</strong></span> <span class='ocrx_word' id='word_1_432' title='bbox 1417 5207 1584 5262; x_wconf 83' lang='lat' dir='ltr'><strong>magis</strong></span> <span class='ocrx_word' id='word_1_433' title='bbox 1614 5192 1930 5261; x_wconf 87' lang='lat' dir='ltr'><strong>supplicium</strong></span> <span class='ocrx_word' id='word_1_434' title='bbox 1961 5205 2055 5245; x_wconf 90' lang='lat' dir='ltr'><strong>au-</strong></span> 
     </span>
    </p>
   </div>
   <div class='ocr_carea' id='block_1_55' title="bbox 471 5284 2054 5356">
    <p class='ocr_par' dir='ltr' id='par_1_55' title="bbox 471 5284 2054 5356">
     <span class='ocr_line' id='line_1_55' title="bbox 471 5284 2054 5356; baseline 0.001 -18"><span class='ocrx_word' id='word_1_435' title='bbox 471 5291 626 5350; x_wconf 80' lang='lat' dir='ltr'><strong>getur</strong></span> <span class='ocrx_word' id='word_1_436' title='bbox 647 5326 662 5350; x_wconf 91' lang='lat'><strong>,</strong></span> <span class='ocrx_word' id='word_1_437' title='bbox 694 5285 738 5338; x_wconf 91' lang='lat' dir='ltr'><strong>si</strong></span> <span class='ocrx_word' id='word_1_438' title='bbox 772 5299 875 5339; x_wconf 92' lang='lat' dir='ltr'><strong>non</strong></span> <span class='ocrx_word' id='word_1_439' title='bbox 918 5286 1005 5339; x_wconf 91' lang='lat' dir='ltr'><strong>illa</strong></span> <span class='ocrx_word' id='word_1_440' title='bbox 1034 5297 1093 5341; x_wconf 89' lang='lat' dir='ltr'><strong>ut</strong></span> <span class='ocrx_word' id='word_1_441' title='bbox 1130 5295 1341 5356; x_wconf 89' lang='lat' dir='ltr'><strong>oportet</strong></span> <span class='ocrx_word' id='word_1_442' title='bbox 1373 5297 1605 5341; x_wconf 88' lang='lat' dir='ltr'><strong>utamur.</strong></span> <span class='ocrx_word' id='word_1_443' title='bbox 1643 5285 1780 5352; x_wconf 86' lang='lat' dir='ltr'><strong>Quid</strong></span> <span class='ocrx_word' id='word_1_444' title='bbox 1816 5284 1949 5339; x_wconf 90' lang='lat' dir='ltr'><strong>dicis</strong></span> <span class='ocrx_word' id='word_1_445' title='bbox 1975 5325 1989 5351; x_wconf 93' lang='lat'><strong>,</strong></span> <span class='ocrx_word' id='word_1_446' title='bbox 2021 5299 2054 5339; x_wconf 91' lang='grc' dir='ltr'><strong>ο</strong></span> 
     </span>
    </p>
   </div>
   <div class='ocr_carea' id='block_1_56' title="bbox 471 5373 2055 5445">
    <p class='ocr_par' dir='ltr' id='par_1_56' title="bbox 471 5373 2055 5445">
     <span class='ocr_line' id='line_1_56' title="bbox 471 5373 2055 5445; baseline 0.001 -17"><span class='ocrx_word' id='word_1_447' title='bbox 471 5373 677 5428; x_wconf 85' lang='lat' dir='ltr'><strong>homo?</strong></span> <span class='ocrx_word' id='word_1_448' title='bbox 715 5373 898 5429; x_wconf 87' lang='lat' dir='ltr'><strong>Tantis</strong></span> <span class='ocrx_word' id='word_1_449' title='bbox 939 5376 1129 5445; x_wconf 87' lang='lat' dir='ltr'><strong>plenus</strong></span> <span class='ocrx_word' id='word_1_450' title='bbox 1165 5377 1319 5430; x_wconf 88' lang='lat' dir='ltr'><strong>malis</strong></span> <span class='ocrx_word' id='word_1_451' title='bbox 1355 5392 1417 5432; x_wconf 88' lang='lat' dir='ltr'><strong>ac</strong></span> <span class='ocrx_word' id='word_1_452' title='bbox 1457 5377 1763 5445; x_wconf 84' lang='lat' dir='ltr'><strong>deploratus</strong></span> <span class='ocrx_word' id='word_1_453' title='bbox 1793 5418 1807 5442; x_wconf 94' lang='lat'><strong>,</strong></span> <span class='ocrx_word' id='word_1_454' title='bbox 1851 5377 2055 5430; x_wconf 89' lang='lat' dir='ltr'><strong>amicus</strong></span> 
     </span>
    </p>
   </div>
   <div class='ocr_carea' id='block_1_57' title="bbox 470 5466 2054 5534">
    <p class='ocr_par' dir='ltr' id='par_1_57' title="bbox 470 5466 2054 5534">
     <span class='ocr_line' id='line_1_57' title="bbox 470 5466 2054 5534; baseline 0 -14"><span class='ocrx_word' id='word_1_455' title='bbox 470 5474 691 5534; x_wconf 89' lang='lat' dir='ltr'><strong>repente</strong></span> <span class='ocrx_word' id='word_1_456' title='bbox 724 5466 892 5522; x_wconf 88' lang='lat' dir='ltr'><strong>factus</strong></span> <span class='ocrx_word' id='word_1_457' title='bbox 919 5482 995 5532; x_wconf 90' lang='lat' dir='ltr'><strong>es,</strong></span> <span class='ocrx_word' id='word_1_458' title='bbox 1024 5476 1078 5523; x_wconf 90' lang='lat' dir='ltr'><strong>et</strong></span> <span class='ocrx_word' id='word_1_459' title='bbox 1105 5467 1169 5521; x_wconf 92' lang='lat' dir='ltr'><strong>ad</strong></span> <span class='ocrx_word' id='word_1_460' title='bbox 1192 5468 1407 5523; x_wconf 89' lang='lat' dir='ltr'><strong>culmen</strong></span> <span class='ocrx_word' id='word_1_461' title='bbox 1437 5469 1656 5522; x_wconf 84' lang='lat' dir='ltr'><strong>honoris</strong></span> <span class='ocrx_word' id='word_1_462' title='bbox 1680 5478 1917 5534; x_wconf 88' lang='lat' dir='ltr'><strong>evectus,</strong></span> <span class='ocrx_word' id='word_1_463' title='bbox 1948 5482 2054 5521; x_wconf 91' lang='lat' dir='ltr'><strong>non</strong></span> 
     </span>
    </p>
   </div>
   <div class='ocr_carea' id='block_1_58' title="bbox 470 5557 2053 5627">
    <p class='ocr_par' dir='ltr' id='par_1_58' title="bbox 470 5557 2053 5627">
     <span class='ocr_line' id='line_1_58' title="bbox 470 5557 2053 5627; baseline 0 -15"><span class='ocrx_word' id='word_1_464' title='bbox 470 5573 533 5612; x_wconf 81' lang='lat' dir='ltr'><strong>ex</strong></span> <span class='ocrx_word' id='word_1_465' title='bbox 563 5558 790 5627; x_wconf 86' lang='lat' dir='ltr'><strong>propriis</strong></span> <span class='ocrx_word' id='word_1_466' title='bbox 826 5559 1095 5614; x_wconf 85' lang='lat' dir='ltr'><strong>laboribus</strong></span> <span class='ocrx_word' id='word_1_467' title='bbox 1113 5601 1125 5623; x_wconf 95' lang='lat'><strong>,</strong></span> <span class='ocrx_word' id='word_1_468' title='bbox 1159 5559 1252 5614; x_wconf 88' lang='lat' dir='ltr'><strong>sed</strong></span> <span class='ocrx_word' id='word_1_469' title='bbox 1285 5575 1351 5613; x_wconf 80' lang='lat' dir='ltr'><strong>ex</strong></span> <span class='ocrx_word' id='word_1_470' title='bbox 1379 5559 1521 5613; x_wconf 92' lang='lat' dir='ltr'><strong>dono</strong></span> <span class='ocrx_word' id='word_1_471' title='bbox 1543 5560 1667 5624; x_wconf 90' lang='lat' dir='ltr'><strong>Dei,</strong></span> <span class='ocrx_word' id='word_1_472' title='bbox 1693 5570 1747 5614; x_wconf 90' lang='lat' dir='ltr'><strong>et</strong></span> <span class='ocrx_word' id='word_1_473' title='bbox 1775 5573 1960 5613; x_wconf 90' lang='lat' dir='ltr'><strong>rursus</strong></span> <span class='ocrx_word' id='word_1_474' title='bbox 1985 5557 2053 5612; x_wconf 89' lang='lat' dir='ltr'><strong>ad</strong></span> 
     </span>
    </p>
   </div>
   <div class='ocr_carea' id='block_1_59' title="bbox 475 5648 2054 5720">
    <p class='ocr_par' dir='ltr' id='par_1_59' title="bbox 475 5648 2054 5720">
     <span class='ocr_line' id='line_1_59' title="bbox 475 5648 2054 5720; baseline 0.001 -17"><span class='ocrx_word' id='word_1_475' title='bbox 475 5652 750 5720; x_wconf 79' lang='lat' dir='ltr'><strong>pristinam</strong></span> <span class='ocrx_word' id='word_1_476' title='bbox 809 5668 1056 5707; x_wconf 83' lang='lat' dir='ltr'><strong>reversus</strong></span> <span class='ocrx_word' id='word_1_477' title='bbox 1106 5668 1162 5707; x_wconf 88' lang='lat' dir='ltr'><strong>es</strong></span> <span class='ocrx_word' id='word_1_478' title='bbox 1215 5651 1594 5720; x_wconf 81' lang='lat' dir='ltr'><strong>turpitudinem</strong></span> <span class='ocrx_word' id='word_1_479' title='bbox 1626 5693 1639 5714; x_wconf 91' lang='lat'><strong>,</strong></span> <span class='ocrx_word' id='word_1_480' title='bbox 1676 5651 1881 5706; x_wconf 88' lang='lat' dir='ltr'><strong>etiamsi</strong></span> <span class='ocrx_word' id='word_1_481' title='bbox 1927 5648 2054 5704; x_wconf 87' lang='lat' dir='ltr'><strong>hinc</strong></span> 
     </span>
    </p>
   </div>
   <div class='ocr_carea' id='block_1_60' title="bbox 471 5741 2053 5812">
    <p class='ocr_par' dir='ltr' id='par_1_60' title="bbox 471 5741 2053 5812">
     <span class='ocr_line' id='line_1_60' title="bbox 471 5741 2053 5812; baseline 0.001 -19"><span class='ocrx_word' id='word_1_482' title='bbox 471 5752 707 5812; x_wconf 71' lang='lat' dir='ltr'><strong>gnvnter</strong></span> <span class='ocrx_word' id='word_1_483' title='bbox 733 5744 1052 5799; x_wconf 83' lang='lat' dir='ltr'><strong>cruciandus</strong></span> <span class='ocrx_word' id='word_1_484' title='bbox 1084 5743 1196 5797; x_wconf 86' lang='lat' dir='ltr'><strong>sis:</strong></span> <span class='ocrx_word' id='word_1_485' title='bbox 1238 5741 1328 5798; x_wconf 88' lang='lat' dir='ltr'><strong>ille</strong></span> <span class='ocrx_word' id='word_1_486' title='bbox 1358 5756 1485 5798; x_wconf 88' lang='lat' dir='ltr'><strong>vero</strong></span> <span class='ocrx_word' id='word_1_487' title='bbox 1539 5757 1712 5812; x_wconf 81' lang='lat' dir='ltr'><strong>neque</strong></span> <span class='ocrx_word' id='word_1_488' title='bbox 1767 5742 1842 5794; x_wconf 81' lang='lat' dir='ltr'><strong>sic</strong></span> <span class='ocrx_word' id='word_1_489' title='bbox 1896 5755 2053 5794; x_wconf 87' lang='lat' dir='ltr'><strong>aver-</strong></span> 
     </span>
    </p>
   </div>
   <div class='ocr_carea' id='block_1_61' title="bbox 2205 429 3791 520">
    <p class='ocr_par' dir='ltr' id='par_1_61' title="bbox 2205 429 3791 520">
     <span class='ocr_line' id='line_1_61' title="bbox 2205 429 3791 520; baseline 0.019 -43"><span class='ocrx_word' id='word_1_490' title='bbox 2205 438 2296 478; x_wconf 89' lang='lat' dir='ltr'><strong>sus</strong></span> <span class='ocrx_word' id='word_1_491' title='bbox 2345 436 2424 480; x_wconf 91' lang='lat' dir='ltr'><strong>est</strong></span> <span class='ocrx_word' id='word_1_492' title='bbox 2451 443 2466 491; x_wconf 88' lang='lat'><strong>;</strong></span> <span class='ocrx_word' id='word_1_493' title='bbox 2496 429 2589 483; x_wconf 89' lang='lat' dir='ltr'><strong>sed</strong></span> <span class='ocrx_word' id='word_1_494' title='bbox 2645 432 2792 486; x_wconf 89' lang='lat' dir='ltr'><strong>mille</strong></span> <span class='ocrx_word' id='word_1_495' title='bbox 2843 436 3032 492; x_wconf 89' lang='lat' dir='ltr'><strong>salutis</strong></span> <span class='ocrx_word' id='word_1_496' title='bbox 3077 454 3237 496; x_wconf 90' lang='lat' dir='ltr'><strong>ansas</strong></span> <span class='ocrx_word' id='word_1_497' title='bbox 3285 442 3427 500; x_wconf 89' lang='lat' dir='ltr'><strong>Deus</strong></span> <span class='ocrx_word' id='word_1_498' title='bbox 3467 447 3618 504; x_wconf 85' lang='lat' dir='ltr'><strong>dedit</strong></span> <span class='ocrx_word' id='word_1_499' title='bbox 3646 490 3660 512; x_wconf 90' lang='lat'><strong>,</strong></span> <span class='ocrx_word' id='word_1_500' title='bbox 3695 465 3791 520; x_wconf 85' lang='lat' dir='ltr'><strong>per</strong></span> 
     </span>
    </p>
   </div>
   <div class='ocr_carea' id='block_1_62' title="bbox 2201 522 3788 610">
    <p class='ocr_par' dir='ltr' id='par_1_62' title="bbox 2201 522 3788 610">
     <span class='ocr_line' id='line_1_62' title="bbox 2201 522 3788 610; baseline 0.021 -46"><span class='ocrx_word' id='word_1_501' title='bbox 2201 528 2334 583; x_wconf 87' lang='lat' dir='ltr'><strong>quas</strong></span> <span class='ocrx_word' id='word_1_502' title='bbox 2387 522 2590 574; x_wconf 86' lang='lat' dir='ltr'><strong>amicus</strong></span> <span class='ocrx_word' id='word_1_503' title='bbox 2640 523 2890 580; x_wconf 85' lang='lat' dir='ltr'><strong>efticiaris</strong></span> <span class='ocrx_word' id='word_1_504' title='bbox 2938 545 2954 582; x_wconf 92' lang='lat'><strong><em>:</em></strong></span> <span class='ocrx_word' id='word_1_505' title='bbox 3007 537 3063 584; x_wconf 93' lang='lat' dir='ltr'><strong>tu</strong></span> <span class='ocrx_word' id='word_1_506' title='bbox 3113 547 3244 586; x_wconf 90' lang='lat' dir='ltr'><strong>vero</strong></span> <span class='ocrx_word' id='word_1_507' title='bbox 3306 550 3374 590; x_wconf 88' lang='lat' dir='ltr'><strong>ne</strong></span> <span class='ocrx_word' id='word_1_508' title='bbox 3435 538 3512 592; x_wconf 92' lang='lat' dir='ltr'><strong>sic</strong></span> <span class='ocrx_word' id='word_1_509' title='bbox 3571 541 3788 610; x_wconf 88' lang='lat' dir='ltr'><strong>quidem</strong></span> 
     </span>
    </p>
   </div>
   <div class='ocr_carea' id='block_1_63' title="bbox 2201 605 3787 693">
    <p class='ocr_par' dir='ltr' id='par_1_63' title="bbox 2201 605 3787 693">
     <span class='ocr_line' id='line_1_63' title="bbox 2201 605 3787 693; baseline 0.019 -35"><span class='ocrx_word' id='word_1_510' title='bbox 2201 605 2280 660; x_wconf 88' lang='lat' dir='ltr'><strong>vis</strong></span> <span class='ocrx_word' id='word_1_511' title='bbox 2321 607 2557 665; x_wconf 88' lang='lat' dir='ltr'><strong>laborem</strong></span> <span class='ocrx_word' id='word_1_512' title='bbox 2611 618 2906 686; x_wconf 74' lang='lat' dir='ltr'><strong>susripere.</strong></span> <span class='ocrx_word' id='word_1_513' title='bbox 2969 621 3038 675; x_wconf 88' lang='lat' dir='ltr'><strong>Et</strong></span> <span class='ocrx_word' id='word_1_514' title='bbox 3087 639 3190 693; x_wconf 83' lang='lat' dir='ltr'><strong>qua</strong></span> <span class='ocrx_word' id='word_1_515' title='bbox 3245 627 3455 682; x_wconf 88' lang='lat' dir='ltr'><strong>tandem</strong></span> <span class='ocrx_word' id='word_1_516' title='bbox 3503 605 3654 687; x_wconf 79' lang='lat' dir='ltr'><strong>venia</strong></span> <span class='ocrx_word' id='word_1_517' title='bbox 3705 634 3787 688; x_wconf 91' lang='lat' dir='ltr'><strong>di-</strong></span> 
     </span>
    </p>
   </div>
   <div class='ocr_carea' id='block_1_64' title="bbox 2199 702 3783 790">
    <p class='ocr_par' dir='ltr' id='par_1_64' title="bbox 2199 702 3783 790">
     <span class='ocr_line' id='line_1_64' title="bbox 2199 702 3783 790; baseline 0.017 -38"><span class='ocrx_word' id='word_1_518' title='bbox 2199 714 2333 770; x_wconf 88' lang='lat' dir='ltr'><strong>gnus</strong></span> <span class='ocrx_word' id='word_1_519' title='bbox 2378 702 2529 757; x_wconf 86' lang='lat' dir='ltr'><strong>eris?</strong></span> <span class='ocrx_word' id='word_1_520' title='bbox 2573 709 2842 772; x_wconf 87' lang='lat' dir='ltr'><strong>quomodo</strong></span> <span class='ocrx_word' id='word_1_521' title='bbox 2869 725 2975 765; x_wconf 91' lang='lat' dir='ltr'><strong>non</strong></span> <span class='ocrx_word' id='word_1_522' title='bbox 3003 721 3055 767; x_wconf 91' lang='lat' dir='ltr'><strong>te</strong></span> <span class='ocrx_word' id='word_1_523' title='bbox 3071 715 3192 782; x_wconf 89' lang='lat' dir='ltr'><strong>jure</strong></span> <span class='ocrx_word' id='word_1_524' title='bbox 3215 718 3443 786; x_wconf 87' lang='lat' dir='ltr'><strong>gentiles</strong></span> <span class='ocrx_word' id='word_1_525' title='bbox 3482 721 3783 790; x_wconf 87' lang='lat' dir='ltr'><strong>derideant,</strong></span> 
     </span>
    </p>
   </div>
   <div class='ocr_carea' id='block_1_65' title="bbox 2198 795 3786 879">
    <p class='ocr_par' dir='ltr' id='par_1_65' title="bbox 2198 795 3786 879">
     <span class='ocr_line' id='line_1_65' title="bbox 2198 795 3786 879; baseline 0.014 -33"><span class='ocrx_word' id='word_1_526' title='bbox 2198 807 2296 847; x_wconf 83' lang='lat' dir='ltr'><strong>ceu</strong></span> <span class='ocrx_word' id='word_1_527' title='bbox 2329 795 2504 848; x_wconf 87' lang='lat' dir='ltr'><strong>fucmn</strong></span> <span class='ocrx_word' id='word_1_528' title='bbox 2549 801 2851 869; x_wconf 88' lang='lat' dir='ltr'><strong>quempiam</strong></span> <span class='ocrx_word' id='word_1_529' title='bbox 2894 811 3096 859; x_wconf 88' lang='lat' dir='ltr'><strong>temere</strong></span> <span class='ocrx_word' id='word_1_530' title='bbox 3128 807 3428 879; x_wconf 88' lang='lat' dir='ltr'><strong>frustraque</strong></span> <span class='ocrx_word' id='word_1_531' title='bbox 3466 812 3731 869; x_wconf 90' lang='lat' dir='ltr'><strong>viventem</strong></span> <span class='ocrx_word' id='word_1_532' title='bbox 3763 818 3786 869; x_wconf 81' lang='lat'><strong>.’</strong></span> 
     </span>
    </p>
   </div>
   <div class='ocr_carea' id='block_1_66' title="bbox 2195 882 3781 974">
    <p class='ocr_par' dir='ltr' id='par_1_66' title="bbox 2195 882 3781 974">
     <span class='ocr_line' id='line_1_66' title="bbox 2195 882 3781 974; baseline 0.015 -37"><span class='ocrx_word' id='word_1_533' title='bbox 2195 882 2328 938; x_wconf 86' lang='lat' dir='ltr'><strong>Nam</strong></span> <span class='ocrx_word' id='word_1_534' title='bbox 2360 887 2405 940; x_wconf 89' lang='lat' dir='ltr'><strong>si</strong></span> <span class='ocrx_word' id='word_1_535' title='bbox 2429 886 2603 954; x_wconf 90' lang='lat' dir='ltr'><strong>valet,</strong></span> <span class='ocrx_word' id='word_1_536' title='bbox 2626 890 2891 961; x_wconf 90' lang='lat' dir='ltr'><strong>inquiunt,</strong></span> <span class='ocrx_word' id='word_1_537' title='bbox 2921 894 3259 966; x_wconf 86' lang='lat' dir='ltr'><strong>philosophia</strong></span> <span class='ocrx_word' id='word_1_538' title='bbox 3287 909 3463 954; x_wconf 86' lang='lat' dir='ltr'><strong>vestra</strong></span> <span class='ocrx_word' id='word_1_539' title='bbox 3485 944 3500 967; x_wconf 94' lang='lat'><strong>,</strong></span> <span class='ocrx_word' id='word_1_540' title='bbox 3531 904 3655 974; x_wconf 89' lang='lat' dir='ltr'><strong>quid</strong></span> <span class='ocrx_word' id='word_1_541' title='bbox 3681 906 3781 960; x_wconf 89' lang='lat' dir='ltr'><strong>sibi</strong></span> 
     </span>
    </p>
   </div>
   <div class='ocr_carea' id='block_1_67' title="bbox 2196 975 3782 1052">
    <p class='ocr_par' dir='ltr' id='par_1_67' title="bbox 2196 975 3782 1052">
     <span class='ocr_line' id='line_1_67' title="bbox 2196 975 3782 1052; baseline 0.015 -23"><span class='ocrx_word' id='word_1_542' title='bbox 2196 975 2309 1030; x_wconf 90' lang='lat' dir='ltr'><strong>vult</strong></span> <span class='ocrx_word' id='word_1_543' title='bbox 2339 976 2423 1032; x_wconf 88' lang='lat' dir='ltr'><strong>illa</strong></span> <span class='ocrx_word' id='word_1_544' title='bbox 2442 993 2546 1033; x_wconf 91' lang='lat' dir='ltr'><strong>non</strong></span> <span class='ocrx_word' id='word_1_545' title='bbox 2572 980 2897 1038; x_wconf 85' lang='lat' dir='ltr'><strong>initiatorum</strong></span> <span class='ocrx_word' id='word_1_546' title='bbox 2919 988 3202 1043; x_wconf 89' lang='lat' dir='ltr'><strong>multitudo</strong></span> <span class='ocrx_word' id='word_1_547' title='bbox 3219 992 3242 1044; x_wconf 69' lang='grc' dir='ltr'><strong>ἰδ’</strong></span> <span class='ocrx_word' id='word_1_548' title='bbox 3270 989 3530 1048; x_wconf 65' lang='lat' dir='ltr'><strong>Prmelara</strong></span> <span class='ocrx_word' id='word_1_549' title='bbox 3545 1005 3691 1051; x_wconf 90' lang='lat' dir='ltr'><strong>certe</strong></span> <span class='ocrx_word' id='word_1_550' title='bbox 3710 1005 3782 1052; x_wconf 85' lang='lat' dir='ltr'><strong>at-</strong></span> 
     </span>
    </p>
   </div>
   <div class='ocr_carea' id='block_1_68' title="bbox 2194 1072 3780 1155">
    <p class='ocr_par' dir='ltr' id='par_1_68' title="bbox 2194 1072 3780 1155">
     <span class='ocr_line' id='line_1_68' title="bbox 2194 1072 3780 1155; baseline 0.016 -34"><span class='ocrx_word' id='word_1_551' title='bbox 2194 1081 2299 1137; x_wconf 88' lang='lat' dir='ltr'><strong>que</strong></span> <span class='ocrx_word' id='word_1_552' title='bbox 2323 1072 2617 1139; x_wconf 88' lang='lat' dir='ltr'><strong>expetenda</strong></span> <span class='ocrx_word' id='word_1_553' title='bbox 2636 1077 2907 1146; x_wconf 87' lang='lat' dir='ltr'><strong>mysteria.</strong></span> <span class='ocrx_word' id='word_1_554' title='bbox 2935 1079 3042 1135; x_wconf 85' lang='lat' dir='ltr'><strong>Sed</strong></span> <span class='ocrx_word' id='word_1_555' title='bbox 3072 1081 3247 1137; x_wconf 92' lang='lat' dir='ltr'><strong>nullus</strong></span> <span class='ocrx_word' id='word_1_556' title='bbox 3264 1094 3563 1155; x_wconf 81' lang='lat' dir='ltr'><strong>exspectet,</strong></span> <span class='ocrx_word' id='word_1_557' title='bbox 3583 1098 3642 1142; x_wconf 93' lang='lat' dir='ltr'><strong>ut</strong></span> <span class='ocrx_word' id='word_1_558' title='bbox 3659 1090 3780 1145; x_wconf 85' lang='lat' dir='ltr'><strong>ani-</strong></span> 
     </span>
    </p>
   </div>
   <div class='ocr_carea' id='block_1_69' title="bbox 2194 1164 3778 1251">
    <p class='ocr_par' dir='ltr' id='par_1_69' title="bbox 2194 1164 3778 1251">
     <span class='ocr_line' id='line_1_69' title="bbox 2194 1164 3778 1251; baseline 0.016 -39"><span class='ocrx_word' id='word_1_559' title='bbox 2194 1174 2334 1214; x_wconf 89' lang='lat' dir='ltr'><strong>mam</strong></span> <span class='ocrx_word' id='word_1_560' title='bbox 2374 1177 2540 1231; x_wconf 87' lang='lat' dir='ltr'><strong>agens</strong></span> <span class='ocrx_word' id='word_1_561' title='bbox 2578 1164 2847 1223; x_wconf 89' lang='lat' dir='ltr'><strong>lavacrum</strong></span> <span class='ocrx_word' id='word_1_562' title='bbox 2879 1172 3121 1241; x_wconf 88' lang='lat' dir='ltr'><strong>accipiat.</strong></span> <span class='ocrx_word' id='word_1_563' title='bbox 3168 1174 3283 1230; x_wconf 87' lang='lat' dir='ltr'><strong>Non</strong></span> <span class='ocrx_word' id='word_1_564' title='bbox 3319 1178 3461 1232; x_wconf 89' lang='lat' dir='ltr'><strong>enim</strong></span> <span class='ocrx_word' id='word_1_565' title='bbox 3493 1185 3778 1251; x_wconf 83' lang='lat' dir='ltr'><strong>mysterio-</strong></span> 
     </span>
    </p>
   </div>
   <div class='ocr_carea' id='block_1_70' title="bbox 2193 1255 3780 1340">
    <p class='ocr_par' dir='ltr' id='par_1_70' title="bbox 2193 1255 3780 1340">
     <span class='ocr_line' id='line_1_70' title="bbox 2193 1255 3780 1340; baseline 0.016 -38"><span class='ocrx_word' id='word_1_566' title='bbox 2193 1264 2310 1304; x_wconf 90' lang='lat' dir='ltr'><strong>rum</strong></span> <span class='ocrx_word' id='word_1_567' title='bbox 2337 1258 2546 1321; x_wconf 90' lang='lat' dir='ltr'><strong>tempus</strong></span> <span class='ocrx_word' id='word_1_568' title='bbox 2577 1255 2706 1311; x_wconf 92' lang='lat' dir='ltr'><strong>illud</strong></span> <span class='ocrx_word' id='word_1_569' title='bbox 2733 1267 2835 1324; x_wconf 88' lang='lat' dir='ltr'><strong>est,</strong></span> <span class='ocrx_word' id='word_1_570' title='bbox 2866 1262 2959 1314; x_wconf 90' lang='lat' dir='ltr'><strong>sed</strong></span> <span class='ocrx_word' id='word_1_571' title='bbox 2983 1271 3423 1320; x_wconf 86' lang='lat' dir='ltr'><strong>testamentorum</strong></span> <span class='ocrx_word' id='word_1_572' title='bbox 3450 1286 3463 1322; x_wconf 90' lang='lat'>:</span> <span class='ocrx_word' id='word_1_573' title='bbox 3493 1274 3780 1340; x_wconf 80' lang='lat' dir='ltr'><strong>mysterio-</strong></span> 
     </span>
    </p>
   </div>
   <div class='ocr_carea' id='block_1_71' title="bbox 2192 1351 3773 1425">
    <p class='ocr_par' dir='ltr' id='par_1_71' title="bbox 2192 1351 3773 1425">
     <span class='ocr_line' id='line_1_71' title="bbox 2192 1351 3773 1425; baseline 0.016 -33"><span class='ocrx_word' id='word_1_574' title='bbox 2192 1354 2308 1394; x_wconf 91' lang='lat' dir='ltr'><strong>rum</strong></span> <span class='ocrx_word' id='word_1_575' title='bbox 2354 1351 2534 1398; x_wconf 89' lang='lat' dir='ltr'><strong>autem</strong></span> <span class='ocrx_word' id='word_1_576' title='bbox 2565 1353 2774 1416; x_wconf 90' lang='lat' dir='ltr'><strong>tempus</strong></span> <span class='ocrx_word' id='word_1_577' title='bbox 2802 1359 2885 1404; x_wconf 90' lang='lat' dir='ltr'><strong>est</strong></span> <span class='ocrx_word' id='word_1_578' title='bbox 2924 1353 3126 1408; x_wconf 88' lang='lat' dir='ltr'><strong>sanitas</strong></span> <span class='ocrx_word' id='word_1_579' title='bbox 3165 1358 3420 1412; x_wconf 87' lang='lat' dir='ltr'><strong>mentiqu</strong></span> <span class='ocrx_word' id='word_1_580' title='bbox 3453 1401 3467 1425; x_wconf 95' lang='lat'><strong>,</strong></span> <span class='ocrx_word' id='word_1_581' title='bbox 3500 1369 3554 1414; x_wconf 87' lang='lat' dir='ltr'><strong>et</strong></span> <span class='ocrx_word' id='word_1_582' title='bbox 3579 1363 3773 1418; x_wconf 78' lang='lat' dir='ltr'><strong>anima:</strong></span> 
     </span>
    </p>
   </div>
   <div class='ocr_carea' id='block_1_72' title="bbox 2192 1433 3776 1508">
    <p class='ocr_par' dir='ltr' id='par_1_72' title="bbox 2192 1433 3776 1508">
     <span class='ocr_line' id='line_1_72' title="bbox 2192 1433 3776 1508; baseline 0.016 -26"><span class='ocrx_word' id='word_1_583' title='bbox 2192 1433 2564 1499; x_wconf 88' lang='lat' dir='ltr'><strong>temperantia.</strong></span> <span class='ocrx_word' id='word_1_584' title='bbox 2600 1435 2694 1491; x_wconf 94' lang='lat' dir='ltr'><strong>Dic</strong></span> <span class='ocrx_word' id='word_1_585' title='bbox 2723 1439 2866 1494; x_wconf 92' lang='lat' dir='ltr'><strong>enim</strong></span> <span class='ocrx_word' id='word_1_586' title='bbox 2899 1442 3028 1496; x_wconf 92' lang='lat' dir='ltr'><strong>mihi</strong></span> <span class='ocrx_word' id='word_1_587' title='bbox 3065 1463 3077 1496; x_wconf 89' lang='lat'><strong>:</strong></span> <span class='ocrx_word' id='word_1_588' title='bbox 3110 1446 3154 1498; x_wconf 90' lang='lat' dir='ltr'><strong>si</strong></span> <span class='ocrx_word' id='word_1_589' title='bbox 3188 1456 3504 1504; x_wconf 88' lang='lat' dir='ltr'><strong>testamenta</strong></span> <span class='ocrx_word' id='word_1_590' title='bbox 3535 1466 3640 1505; x_wconf 91' lang='lat' dir='ltr'><strong>non</strong></span> <span class='ocrx_word' id='word_1_591' title='bbox 3663 1454 3776 1508; x_wconf 88' lang='lat' dir='ltr'><strong>vult</strong></span> 
     </span>
    </p>
   </div>
   <div class='ocr_carea' id='block_1_73' title="bbox 2190 1524 3778 1606">
    <p class='ocr_par' dir='ltr' id='par_1_73' title="bbox 2190 1524 3778 1606">
     <span class='ocr_line' id='line_1_73' title="bbox 2190 1524 3778 1606; baseline 0.015 -31"><span class='ocrx_word' id='word_1_592' title='bbox 2190 1524 2311 1591; x_wconf 91' lang='lat' dir='ltr'><strong>quis</strong></span> <span class='ocrx_word' id='word_1_593' title='bbox 2331 1524 2408 1579; x_wconf 92' lang='lat' dir='ltr'><strong>sic</strong></span> <span class='ocrx_word' id='word_1_594' title='bbox 2436 1525 2660 1582; x_wconf 84' lang='lat' dir='ltr'><strong>affectus</strong></span> <span class='ocrx_word' id='word_1_595' title='bbox 2685 1531 2865 1595; x_wconf 90' lang='lat' dir='ltr'><strong>edere,</strong></span> <span class='ocrx_word' id='word_1_596' title='bbox 2899 1533 2993 1588; x_wconf 90' lang='lat' dir='ltr'><strong>sed</strong></span> <span class='ocrx_word' id='word_1_597' title='bbox 3026 1544 3080 1589; x_wconf 89' lang='lat' dir='ltr'><strong>et</strong></span> <span class='ocrx_word' id='word_1_598' title='bbox 3106 1537 3150 1590; x_wconf 90' lang='lat' dir='ltr'><strong>si</strong></span> <span class='ocrx_word' id='word_1_599' title='bbox 3179 1539 3438 1606; x_wconf 89' lang='lat' dir='ltr'><strong>ediderit,</strong></span> <span class='ocrx_word' id='word_1_600' title='bbox 3472 1557 3654 1597; x_wconf 77' lang='lat' dir='ltr'><strong>ansam</strong></span> <span class='ocrx_word' id='word_1_601' title='bbox 3685 1545 3778 1598; x_wconf 92' lang='lat' dir='ltr'><strong>dat</strong></span> 
     </span>
    </p>
   </div>
   <div class='ocr_carea' id='block_1_74' title="bbox 2191 1617 3778 1697">
    <p class='ocr_par' dir='ltr' id='par_1_74' title="bbox 2191 1617 3778 1697">
     <span class='ocr_line' id='line_1_74' title="bbox 2191 1617 3778 1697; baseline 0.016 -30"><span class='ocrx_word' id='word_1_602' title='bbox 2191 1623 2374 1683; x_wconf 90' lang='lat' dir='ltr'><strong>postea</strong></span> <span class='ocrx_word' id='word_1_603' title='bbox 2421 1617 2699 1688; x_wconf 89' lang='lat' dir='ltr'><strong>litigandi;</strong></span> <span class='ocrx_word' id='word_1_604' title='bbox 2733 1622 2960 1695; x_wconf 88' lang='lat' dir='ltr'><strong>ideoque</strong></span> <span class='ocrx_word' id='word_1_605' title='bbox 2998 1629 3087 1697; x_wconf 90' lang='lat' dir='ltr'><strong>qui</strong></span> <span class='ocrx_word' id='word_1_606' title='bbox 3129 1639 3389 1686; x_wconf 86' lang='lat' dir='ltr'><strong>testantur</strong></span> <span class='ocrx_word' id='word_1_607' title='bbox 3430 1635 3543 1690; x_wconf 57' lang='lat' dir='ltr'><strong>haec</strong></span> <span class='ocrx_word' id='word_1_608' title='bbox 3573 1638 3778 1693; x_wconf 89' lang='lat' dir='ltr'><strong>addunt</strong></span> 
     </span>
    </p>
   </div>
   <div class='ocr_carea' id='block_1_75' title="bbox 2189 1708 3771 1798">
    <p class='ocr_par' dir='ltr' id='par_1_75' title="bbox 2189 1708 3771 1798">
     <span class='ocr_line' id='line_1_75' title="bbox 2189 1708 3771 1798; baseline 0.017 -40"><span class='ocrx_word' id='word_1_609' title='bbox 2189 1708 2348 1763; x_wconf 88' lang='lat' dir='ltr'><strong>verba</strong></span> <span class='ocrx_word' id='word_1_610' title='bbox 2375 1727 2388 1762; x_wconf 90' lang='lat'><strong>:</strong></span> <span class='ocrx_word' id='word_1_611' title='bbox 2423 1710 2536 1780; x_wconf 86' lang='lat' dir='ltr'><strong>Ego</strong></span> <span class='ocrx_word' id='word_1_612' title='bbox 2576 1714 2760 1770; x_wconf 88' lang='lat' dir='ltr'><strong>vivens</strong></span> <span class='ocrx_word' id='word_1_613' title='bbox 2782 1757 2796 1782; x_wconf 92' lang='lat'><strong>,</strong></span> <span class='ocrx_word' id='word_1_614' title='bbox 2841 1727 2896 1773; x_wconf 88' lang='lat' dir='ltr'><strong>et</strong></span> <span class='ocrx_word' id='word_1_615' title='bbox 2932 1731 3110 1776; x_wconf 89' lang='lat' dir='ltr'><strong>mente</strong></span> <span class='ocrx_word' id='word_1_616' title='bbox 3139 1725 3322 1780; x_wconf 87' lang='lat' dir='ltr'><strong>valens</strong></span> <span class='ocrx_word' id='word_1_617' title='bbox 3349 1743 3464 1781; x_wconf 89' lang='lat' dir='ltr'><strong>mea</strong></span> <span class='ocrx_word' id='word_1_618' title='bbox 3497 1729 3724 1798; x_wconf 89' lang='lat' dir='ltr'><strong>dispono</strong></span> <span class='ocrx_word' id='word_1_619' title='bbox 3756 1749 3771 1785; x_wconf 90' lang='lat'>:</span> 
     </span>
    </p>
   </div>
   <div class='ocr_carea' id='block_1_76' title="bbox 2187 1799 3774 1884">
    <p class='ocr_par' dir='ltr' id='par_1_76' title="bbox 2187 1799 3774 1884">
     <span class='ocr_line' id='line_1_76' title="bbox 2187 1799 3774 1884; baseline 0.017 -34"><span class='ocrx_word' id='word_1_620' title='bbox 2187 1799 2457 1866; x_wconf 86' lang='lat' dir='ltr'><strong>quomodo</strong></span> <span class='ocrx_word' id='word_1_621' title='bbox 2483 1802 2546 1866; x_wconf 93' lang='lat' dir='ltr'><strong>is,</strong></span> <span class='ocrx_word' id='word_1_622' title='bbox 2574 1804 2662 1873; x_wconf 92' lang='lat' dir='ltr'><strong>qui</strong></span> <span class='ocrx_word' id='word_1_623' title='bbox 2689 1807 2770 1860; x_wconf 93' lang='lat' dir='ltr'><strong>sui</strong></span> <span class='ocrx_word' id='word_1_624' title='bbox 2795 1822 3015 1878; x_wconf 87' lang='lat' dir='ltr'><strong>compos</strong></span> <span class='ocrx_word' id='word_1_625' title='bbox 3041 1827 3144 1865; x_wconf 91' lang='lat' dir='ltr'><strong>non</strong></span> <span class='ocrx_word' id='word_1_626' title='bbox 3172 1823 3274 1879; x_wconf 91' lang='lat' dir='ltr'><strong>est,</strong></span> <span class='ocrx_word' id='word_1_627' title='bbox 3303 1819 3494 1884; x_wconf 89' lang='lat' dir='ltr'><strong>poterit</strong></span> <span class='ocrx_word' id='word_1_628' title='bbox 3522 1832 3774 1878; x_wconf 86' lang='lat' dir='ltr'><strong>accurate</strong></span> 
     </span>
    </p>
   </div>
   <div class='ocr_carea' id='block_1_77' title="bbox 2187 1895 3768 1966">
    <p class='ocr_par' dir='ltr' id='par_1_77' title="bbox 2187 1895 3768 1966">
     <span class='ocr_line' id='line_1_77' title="bbox 2187 1895 3768 1966; baseline 0.013 -21"><span class='ocrx_word' id='word_1_629' title='bbox 2187 1895 2455 1963; x_wconf 88' lang='lat' dir='ltr'><strong>mysteriis</strong></span> <span class='ocrx_word' id='word_1_630' title='bbox 2476 1896 2716 1953; x_wconf 87' lang='lat' dir='ltr'><strong>initiari?</strong></span> <span class='ocrx_word' id='word_1_631' title='bbox 2747 1899 2802 1954; x_wconf 88' lang='lat' dir='ltr'><strong>Si</strong></span> <span class='ocrx_word' id='word_1_632' title='bbox 2831 1902 2974 1955; x_wconf 90' lang='lat' dir='ltr'><strong>enim</strong></span> <span class='ocrx_word' id='word_1_633' title='bbox 3006 1903 3074 1958; x_wconf 90' lang='lat' dir='ltr'><strong>de</strong></span> <span class='ocrx_word' id='word_1_634' title='bbox 3102 1907 3446 1961; x_wconf 75' lang='lat' dir='ltr'><strong>smcularibns</strong></span> <span class='ocrx_word' id='word_1_635' title='bbox 3475 1911 3632 1964; x_wconf 88' lang='lat' dir='ltr'><strong>rebus</strong></span> <span class='ocrx_word' id='word_1_636' title='bbox 3662 1929 3768 1966; x_wconf 87' lang='lat' dir='ltr'><strong>non</strong></span> 
     </span>
    </p>
   </div>
   <div class='ocr_carea' id='block_1_78' title="bbox 2185 1985 3769 2066">
    <p class='ocr_par' dir='ltr' id='par_1_78' title="bbox 2185 1985 3769 2066">
     <span class='ocr_line' id='line_1_78' title="bbox 2185 1985 3769 2066; baseline 0.01 -26"><span class='ocrx_word' id='word_1_637' title='bbox 2185 1985 2367 2042; x_wconf 87' lang='lat' dir='ltr'><strong>sinunt</strong></span> <span class='ocrx_word' id='word_1_638' title='bbox 2389 1997 2624 2044; x_wconf 68' lang='lat' dir='ltr'><strong>externae</strong></span> <span class='ocrx_word' id='word_1_639' title='bbox 2651 1991 2796 2061; x_wconf 88' lang='lat' dir='ltr'><strong>leges</strong></span> <span class='ocrx_word' id='word_1_640' title='bbox 2825 1996 3005 2049; x_wconf 90' lang='lat' dir='ltr'><strong>testari</strong></span> <span class='ocrx_word' id='word_1_641' title='bbox 3030 2011 3150 2050; x_wconf 90' lang='lat' dir='ltr'><strong>eum</strong></span> <span class='ocrx_word' id='word_1_642' title='bbox 3178 2039 3190 2061; x_wconf 94' lang='lat'><strong>,</strong></span> <span class='ocrx_word' id='word_1_643' title='bbox 3217 1999 3304 2066; x_wconf 90' lang='lat' dir='ltr'><strong>qui</strong></span> <span class='ocrx_word' id='word_1_644' title='bbox 3335 2001 3553 2054; x_wconf 91' lang='lat' dir='ltr'><strong>omnino</strong></span> <span class='ocrx_word' id='word_1_645' title='bbox 3583 2011 3769 2058; x_wconf 86' lang='lat' dir='ltr'><strong>mente</strong></span> 
     </span>
    </p>
   </div>
   <div class='ocr_carea' id='block_1_79' title="bbox 2186 2080 3769 2161">
    <p class='ocr_par' dir='ltr' id='par_1_79' title="bbox 2186 2080 3769 2161">
     <span class='ocr_line' id='line_1_79' title="bbox 2186 2080 3769 2161; baseline 0.011 -31"><span class='ocrx_word' id='word_1_646' title='bbox 2186 2093 2291 2132; x_wconf 91' lang='lat' dir='ltr'><strong>non</strong></span> <span class='ocrx_word' id='word_1_647' title='bbox 2316 2080 2489 2135; x_wconf 90' lang='lat' dir='ltr'><strong>valeat</strong></span> <span class='ocrx_word' id='word_1_648' title='bbox 2513 2123 2528 2146; x_wconf 90' lang='lat'><strong>,</strong></span> <span class='ocrx_word' id='word_1_649' title='bbox 2565 2096 2687 2137; x_wconf 92' lang='lat' dir='ltr'><strong>cum</strong></span> <span class='ocrx_word' id='word_1_650' title='bbox 2717 2091 2893 2139; x_wconf 89' lang='lat' dir='ltr'><strong>tamen</strong></span> <span class='ocrx_word' id='word_1_651' title='bbox 2921 2086 2988 2140; x_wconf 91' lang='lat' dir='ltr'><strong>de</strong></span> <span class='ocrx_word' id='word_1_652' title='bbox 3013 2087 3125 2142; x_wconf 90' lang='lat' dir='ltr'><strong>suis</strong></span> <span class='ocrx_word' id='word_1_653' title='bbox 3151 2087 3495 2145; x_wconf 87' lang='lat' dir='ltr'><strong>facultatibus</strong></span> <span class='ocrx_word' id='word_1_654' title='bbox 3522 2094 3769 2161; x_wconf 68' lang='lat' dir='ltr'><strong>prmscri-</strong></span> 
     </span>
    </p>
   </div>
   <div class='ocr_carea' id='block_1_80' title="bbox 2185 2171 3767 2252">
    <p class='ocr_par' dir='ltr' id='par_1_80' title="bbox 2185 2171 3767 2252">
     <span class='ocr_line' id='line_1_80' title="bbox 2185 2171 3767 2252; baseline 0.011 -30"><span class='ocrx_word' id='word_1_655' title='bbox 2185 2181 2370 2239; x_wconf 86' lang='lat' dir='ltr'><strong>pturus</strong></span> <span class='ocrx_word' id='word_1_656' title='bbox 2401 2171 2470 2225; x_wconf 90' lang='lat' dir='ltr'><strong>sit</strong></span> <span class='ocrx_word' id='word_1_657' title='bbox 2498 2189 2512 2225; x_wconf 89' lang='lat'><strong>:</strong></span> <span class='ocrx_word' id='word_1_658' title='bbox 2544 2174 2817 2242; x_wconf 91' lang='lat' dir='ltr'><strong>quomodo</strong></span> <span class='ocrx_word' id='word_1_659' title='bbox 2846 2175 2914 2230; x_wconf 89' lang='lat' dir='ltr'><strong>de</strong></span> <span class='ocrx_word' id='word_1_660' title='bbox 2941 2193 3108 2246; x_wconf 88' lang='lat' dir='ltr'><strong>regno</strong></span> <span class='ocrx_word' id='word_1_661' title='bbox 3127 2179 3381 2234; x_wconf 64' lang='lat' dir='ltr'><strong>caelorum</strong></span> <span class='ocrx_word' id='word_1_662' title='bbox 3411 2181 3583 2252; x_wconf 92' lang='lat' dir='ltr'><strong>deque</strong></span> <span class='ocrx_word' id='word_1_663' title='bbox 3610 2198 3767 2239; x_wconf 83' lang='lat' dir='ltr'><strong>arca-</strong></span> 
     </span>
    </p>
   </div>
   <div class='ocr_carea' id='block_1_81' title="bbox 2186 2261 3766 2345">
    <p class='ocr_par' dir='ltr' id='par_1_81' title="bbox 2186 2261 3766 2345">
     <span class='ocr_line' id='line_1_81' title="bbox 2186 2261 3766 2345; baseline 0.011 -30"><span class='ocrx_word' id='word_1_664' title='bbox 2186 2261 2267 2315; x_wconf 91' lang='lat' dir='ltr'><strong>nis</strong></span> <span class='ocrx_word' id='word_1_665' title='bbox 2295 2261 2401 2317; x_wconf 90' lang='lat' dir='ltr'><strong>illis</strong></span> <span class='ocrx_word' id='word_1_666' title='bbox 2428 2263 2584 2320; x_wconf 91' lang='lat' dir='ltr'><strong>bonis</strong></span> <span class='ocrx_word' id='word_1_667' title='bbox 2615 2265 2889 2321; x_wconf 90' lang='lat' dir='ltr'><strong>institutus</strong></span> <span class='ocrx_word' id='word_1_668' title='bbox 2915 2270 3115 2337; x_wconf 88' lang='lat' dir='ltr'><strong>poteris</strong></span> <span class='ocrx_word' id='word_1_669' title='bbox 3143 2271 3287 2327; x_wconf 88' lang='lat' dir='ltr'><strong>clare</strong></span> <span class='ocrx_word' id='word_1_670' title='bbox 3315 2274 3490 2328; x_wconf 90' lang='lat' dir='ltr'><strong>omnia</strong></span> <span class='ocrx_word' id='word_1_671' title='bbox 3528 2275 3766 2345; x_wconf 90' lang='lat' dir='ltr'><strong>discere,</strong></span> 
     </span>
    </p>
   </div>
   <div class='ocr_carea' id='block_1_82' title="bbox 2182 2356 3767 2436">
    <p class='ocr_par' dir='ltr' id='par_1_82' title="bbox 2182 2356 3767 2436">
     <span class='ocr_line' id='line_1_82' title="bbox 2182 2356 3767 2436; baseline 0.011 -30"><span class='ocrx_word' id='word_1_672' title='bbox 2182 2368 2303 2407; x_wconf 89' lang='lat' dir='ltr'><strong>cum</strong></span> <span class='ocrx_word' id='word_1_673' title='bbox 2329 2369 2473 2423; x_wconf 74' lang='lat' dir='ltr'><strong>saepe</strong></span> <span class='ocrx_word' id='word_1_674' title='bbox 2501 2356 2571 2410; x_wconf 90' lang='lat' dir='ltr'><strong>ob</strong></span> <span class='ocrx_word' id='word_1_675' title='bbox 2598 2359 2842 2412; x_wconf 91' lang='lat' dir='ltr'><strong>morbum</strong></span> <span class='ocrx_word' id='word_1_676' title='bbox 2870 2369 3046 2415; x_wconf 87' lang='lat' dir='ltr'><strong>mente</strong></span> <span class='ocrx_word' id='word_1_677' title='bbox 3072 2372 3259 2431; x_wconf 90' lang='lat' dir='ltr'><strong>captus</strong></span> <span class='ocrx_word' id='word_1_678' title='bbox 3280 2365 3353 2420; x_wconf 93' lang='lat' dir='ltr'><strong>sis</strong></span> <span class='ocrx_word' id='word_1_679' title='bbox 3373 2366 3398 2418; x_wconf 66' lang='grc' dir='ltr'><em>ἲ</em></span> <span class='ocrx_word' id='word_1_680' title='bbox 3425 2367 3767 2436; x_wconf 85' lang='lat' dir='ltr'><strong>quandonam</strong></span> 
     </span>
    </p>
   </div>
   <div class='ocr_carea' id='block_1_83' title="bbox 2181 2445 3766 2523">
    <p class='ocr_par' dir='ltr' id='par_1_83' title="bbox 2181 2445 3766 2523">
     <span class='ocr_line' id='line_1_83' title="bbox 2181 2445 3766 2523; baseline 0.013 -28"><span class='ocrx_word' id='word_1_681' title='bbox 2181 2445 2343 2499; x_wconf 88' lang='lat' dir='ltr'><strong>verba</strong></span> <span class='ocrx_word' id='word_1_682' title='bbox 2372 2445 2460 2498; x_wconf 91' lang='lat' dir='ltr'><strong>illa</strong></span> <span class='ocrx_word' id='word_1_683' title='bbox 2491 2445 2703 2501; x_wconf 89' lang='lat' dir='ltr'><strong>Christo</strong></span> <span class='ocrx_word' id='word_1_684' title='bbox 2735 2448 2880 2504; x_wconf 92' lang='lat' dir='ltr'><strong>dices</strong></span> <span class='ocrx_word' id='word_1_685' title='bbox 2907 2491 2922 2515; x_wconf 90' lang='lat'><strong>,</strong></span> <span class='ocrx_word' id='word_1_686' title='bbox 2954 2452 3312 2522; x_wconf 80' lang='lat' dir='ltr'><strong>Consepultus</strong></span> <span class='ocrx_word' id='word_1_687' title='bbox 3341 2470 3464 2510; x_wconf 92' lang='lat' dir='ltr'><strong>cum</strong></span> <span class='ocrx_word' id='word_1_688' title='bbox 3490 2458 3580 2513; x_wconf 92' lang='lat' dir='ltr'><strong>illo</strong></span> <span class='ocrx_word' id='word_1_689' title='bbox 3602 2500 3616 2523; x_wconf 90' lang='lat'><strong>,</strong></span> <span class='ocrx_word' id='word_1_690' title='bbox 3644 2475 3766 2515; x_wconf 92' lang='lat' dir='ltr'><strong>cum</strong></span> 
     </span>
    </p>
   </div>
   <div class='ocr_carea' id='block_1_84' title="bbox 2177 2532 3769 2612">
    <p class='ocr_par' dir='ltr' id='par_1_84' title="bbox 2177 2532 3769 2612">
     <span class='ocr_line' id='line_1_84' title="bbox 2177 2532 3769 2612; baseline 0.015 -29"><span class='ocrx_word' id='word_1_691' title='bbox 2177 2532 2286 2600; x_wconf 92' lang='lat' dir='ltr'><strong>jam</strong></span> <span class='ocrx_word' id='word_1_692' title='bbox 2314 2535 2637 2604; x_wconf 89' lang='lat' dir='ltr'><strong>migraturus</strong></span> <span class='ocrx_word' id='word_1_693' title='bbox 2661 2537 2775 2592; x_wconf 85' lang='lat' dir='ltr'><strong>sis?</strong></span> <span class='ocrx_word' id='word_1_694' title='bbox 2799 2539 2931 2595; x_wconf 88' lang='lat' dir='ltr'><strong>Nam</strong></span> <span class='ocrx_word' id='word_1_695' title='bbox 2953 2551 3007 2596; x_wconf 92' lang='lat' dir='ltr'><strong>et</strong></span> <span class='ocrx_word' id='word_1_696' title='bbox 3036 2545 3290 2612; x_wconf 88' lang='lat' dir='ltr'><strong>operibus</strong></span> <span class='ocrx_word' id='word_1_697' title='bbox 3319 2557 3372 2601; x_wconf 92' lang='lat' dir='ltr'><strong>et</strong></span> <span class='ocrx_word' id='word_1_698' title='bbox 3398 2548 3576 2603; x_wconf 89' lang='lat' dir='ltr'><strong>verbis</strong></span> <span class='ocrx_word' id='word_1_699' title='bbox 3605 2550 3769 2607; x_wconf 85' lang='lat' dir='ltr'><strong>bene-</strong></span> 
     </span>
    </p>
   </div>
   <div class='ocr_carea' id='block_1_85' title="bbox 2180 2625 3768 2708">
    <p class='ocr_par' dir='ltr' id='par_1_85' title="bbox 2180 2625 3768 2708">
     <span class='ocr_line' id='line_1_85' title="bbox 2180 2625 3768 2708; baseline 0.014 -32"><span class='ocrx_word' id='word_1_700' title='bbox 2180 2625 2411 2679; x_wconf 90' lang='lat' dir='ltr'><strong>volentia</strong></span> <span class='ocrx_word' id='word_1_701' title='bbox 2444 2627 2514 2680; x_wconf 92' lang='lat' dir='ltr'><strong>illi</strong></span> <span class='ocrx_word' id='word_1_702' title='bbox 2547 2629 2848 2686; x_wconf 76' lang='lat' dir='ltr'><strong>exhibenda</strong></span> <span class='ocrx_word' id='word_1_703' title='bbox 2877 2641 2979 2686; x_wconf 91' lang='lat' dir='ltr'><strong>est.</strong></span> <span class='ocrx_word' id='word_1_704' title='bbox 3011 2634 3090 2689; x_wconf 90' lang='lat' dir='ltr'><strong>Tu</strong></span> <span class='ocrx_word' id='word_1_705' title='bbox 3121 2651 3247 2692; x_wconf 89' lang='lat' dir='ltr'><strong>vero</strong></span> <span class='ocrx_word' id='word_1_706' title='bbox 3276 2639 3495 2708; x_wconf 89' lang='lat' dir='ltr'><strong>perinde</strong></span> <span class='ocrx_word' id='word_1_707' title='bbox 3524 2641 3675 2708; x_wconf 89' lang='lat' dir='ltr'><strong>facis,</strong></span> <span class='ocrx_word' id='word_1_708' title='bbox 3704 2659 3768 2700; x_wconf 90' lang='lat' dir='ltr'><strong>ac</strong></span> 
     </span>
    </p>
   </div>
   <div class='ocr_carea' id='block_1_86' title="bbox 2179 2715 3767 2798">
    <p class='ocr_par' dir='ltr' id='par_1_86' title="bbox 2179 2715 3767 2798">
     <span class='ocr_line' id='line_1_86' title="bbox 2179 2715 3767 2798; baseline 0.013 -30"><span class='ocrx_word' id='word_1_709' title='bbox 2179 2715 2221 2768; x_wconf 91' lang='lat' dir='ltr'><strong>si</strong></span> <span class='ocrx_word' id='word_1_710' title='bbox 2250 2716 2368 2784; x_wconf 90' lang='lat' dir='ltr'><strong>quis</strong></span> <span class='ocrx_word' id='word_1_711' title='bbox 2393 2720 2627 2786; x_wconf 89' lang='lat' dir='ltr'><strong>postulet</strong></span> <span class='ocrx_word' id='word_1_712' title='bbox 2655 2722 2883 2779; x_wconf 90' lang='lat' dir='ltr'><strong>adscribi</strong></span> <span class='ocrx_word' id='word_1_713' title='bbox 2913 2726 3115 2780; x_wconf 67' lang='lat' dir='ltr'><strong>militia:</strong></span> <span class='ocrx_word' id='word_1_714' title='bbox 3136 2769 3150 2792; x_wconf 90' lang='lat'><strong>,</strong></span> <span class='ocrx_word' id='word_1_715' title='bbox 3177 2744 3295 2782; x_wconf 88' lang='lat' dir='ltr'><strong>cum</strong></span> <span class='ocrx_word' id='word_1_716' title='bbox 3318 2730 3429 2798; x_wconf 91' lang='lat' dir='ltr'><strong>jam</strong></span> <span class='ocrx_word' id='word_1_717' title='bbox 3459 2731 3651 2785; x_wconf 89' lang='lat' dir='ltr'><strong>bellum</strong></span> <span class='ocrx_word' id='word_1_718' title='bbox 3682 2745 3767 2788; x_wconf 87' lang='lat' dir='ltr'><strong>est</strong></span> 
     </span>
    </p>
   </div>
   <div class='ocr_carea' id='block_1_87' title="bbox 2180 2809 3762 2891">
    <p class='ocr_par' dir='ltr' id='par_1_87' title="bbox 2180 2809 3762 2891">
     <span class='ocr_line' id='line_1_87' title="bbox 2180 2809 3762 2891; baseline 0.012 -30"><span class='ocrx_word' id='word_1_719' title='bbox 2180 2809 2488 2865; x_wconf 86' lang='lat' dir='ltr'><strong>solvendum</strong></span> <span class='ocrx_word' id='word_1_720' title='bbox 2523 2831 2537 2875; x_wconf 86' lang='lat'><strong>;</strong></span> <span class='ocrx_word' id='word_1_721' title='bbox 2580 2823 2672 2868; x_wconf 89' lang='lat' dir='ltr'><strong>aut</strong></span> <span class='ocrx_word' id='word_1_722' title='bbox 2720 2816 2766 2870; x_wconf 88' lang='lat' dir='ltr'><strong>si</strong></span> <span class='ocrx_word' id='word_1_723' title='bbox 2809 2817 3006 2872; x_wconf 91' lang='lat' dir='ltr'><strong>athleta</strong></span> <span class='ocrx_word' id='word_1_724' title='bbox 3049 2828 3156 2872; x_wconf 93' lang='lat' dir='ltr'><strong>tum</strong></span> <span class='ocrx_word' id='word_1_725' title='bbox 3196 2830 3373 2874; x_wconf 90' lang='lat' dir='ltr'><strong>vestes</strong></span> <span class='ocrx_word' id='word_1_726' title='bbox 3411 2833 3613 2891; x_wconf 84' lang='lat' dir='ltr'><strong>exuat,</strong></span> <span class='ocrx_word' id='word_1_727' title='bbox 3640 2840 3762 2880; x_wconf 91' lang='lat' dir='ltr'><strong>cum</strong></span> 
     </span>
    </p>
   </div>
   <div class='ocr_carea' id='block_1_88' title="bbox 2178 2907 3765 2979">
    <p class='ocr_par' dir='ltr' id='par_1_88' title="bbox 2178 2907 3765 2979">
     <span class='ocr_line' id='line_1_88' title="bbox 2178 2907 3765 2979; baseline 0.012 -27"><span class='ocrx_word' id='word_1_728' title='bbox 2178 2910 2511 2968; x_wconf 88' lang='lat' dir='ltr'><strong>spectatores</strong></span> <span class='ocrx_word' id='word_1_729' title='bbox 2554 2915 2796 2974; x_wconf 89' lang='lat' dir='ltr'><strong>surgunt.</strong></span> <span class='ocrx_word' id='word_1_730' title='bbox 2829 2907 2962 2961; x_wconf 84' lang='lat' dir='ltr'><strong>Nam</strong></span> <span class='ocrx_word' id='word_1_731' title='bbox 2991 2909 3110 2963; x_wconf 92' lang='lat' dir='ltr'><strong>ideo</strong></span> <span class='ocrx_word' id='word_1_732' title='bbox 3149 2925 3297 2964; x_wconf 92' lang='lat' dir='ltr'><strong>arma</strong></span> <span class='ocrx_word' id='word_1_733' title='bbox 3324 2915 3491 2967; x_wconf 84' lang='lat' dir='ltr'><strong>sumis</strong></span> <span class='ocrx_word' id='word_1_734' title='bbox 3513 2955 3528 2979; x_wconf 91' lang='lat'><strong>,</strong></span> <span class='ocrx_word' id='word_1_735' title='bbox 3559 2931 3662 2970; x_wconf 91' lang='lat' dir='ltr'><strong>non</strong></span> <span class='ocrx_word' id='word_1_736' title='bbox 3705 2926 3765 2972; x_wconf 91' lang='lat' dir='ltr'><strong>ut</strong></span> 
     </span>
    </p>
   </div>
   <div class='ocr_carea' id='block_1_89' title="bbox 2178 2992 3761 3069">
    <p class='ocr_par' dir='ltr' id='par_1_89' title="bbox 2178 2992 3761 3069">
     <span class='ocr_line' id='line_1_89' title="bbox 2178 2992 3761 3069; baseline 0.014 -28"><span class='ocrx_word' id='word_1_737' title='bbox 2178 2992 2420 3058; x_wconf 89' lang='lat' dir='ltr'><strong>protinus</strong></span> <span class='ocrx_word' id='word_1_738' title='bbox 2441 2992 2718 3063; x_wconf 90' lang='lat' dir='ltr'><strong>aufugias;</strong></span> <span class='ocrx_word' id='word_1_739' title='bbox 2748 2998 2841 3050; x_wconf 90' lang='lat' dir='ltr'><strong>sed</strong></span> <span class='ocrx_word' id='word_1_740' title='bbox 2871 3009 2928 3051; x_wconf 92' lang='lat' dir='ltr'><strong>ut</strong></span> <span class='ocrx_word' id='word_1_741' title='bbox 2953 2998 3059 3052; x_wconf 91' lang='lat' dir='ltr'><strong>illis</strong></span> <span class='ocrx_word' id='word_1_742' title='bbox 3100 3001 3387 3058; x_wconf 89' lang='lat' dir='ltr'><strong>instructus</strong></span> <span class='ocrx_word' id='word_1_743' title='bbox 3411 3046 3424 3069; x_wconf 95' lang='lat'><strong>,</strong></span> <span class='ocrx_word' id='word_1_744' title='bbox 3451 3016 3633 3061; x_wconf 89' lang='lat' dir='ltr'><strong>contra</strong></span> <span class='ocrx_word' id='word_1_745' title='bbox 3663 3008 3761 3063; x_wconf 89' lang='lat' dir='ltr'><strong>ho-</strong></span> 
     </span>
    </p>
   </div>
   <div class='ocr_carea' id='block_1_90' title="bbox 2175 3088 3759 3165">
    <p class='ocr_par' dir='ltr' id='par_1_90' title="bbox 2175 3088 3759 3165">
     <span class='ocr_line' id='line_1_90' title="bbox 2175 3088 3759 3165; baseline 0.012 -30"><span class='ocrx_word' id='word_1_746' title='bbox 2175 3091 2312 3136; x_wconf 92' lang='lat' dir='ltr'><strong>stem</strong></span> <span class='ocrx_word' id='word_1_747' title='bbox 2363 3093 2619 3153; x_wconf 67' lang='lat' dir='ltr'><strong>troptenm</strong></span> <span class='ocrx_word' id='word_1_748' title='bbox 2667 3088 2862 3157; x_wconf 87' lang='lat' dir='ltr'><strong>erigas.</strong></span> <span class='ocrx_word' id='word_1_749' title='bbox 2915 3089 3081 3144; x_wconf 78' lang='lat' dir='ltr'><strong>Nemo</strong></span> <span class='ocrx_word' id='word_1_750' title='bbox 3131 3101 3275 3159; x_wconf 89' lang='lat' dir='ltr'><strong>putet</strong></span> <span class='ocrx_word' id='word_1_751' title='bbox 3328 3095 3759 3165; x_wconf 86' lang='lat' dir='ltr'><strong>intempestivum</strong></span> 
     </span>
    </p>
   </div>
   <div class='ocr_carea' id='block_1_91' title="bbox 2175 3173 3759 3260">
    <p class='ocr_par' dir='ltr' id='par_1_91' title="bbox 2175 3173 3759 3260">
     <span class='ocr_line' id='line_1_91' title="bbox 2175 3173 3759 3260; baseline 0.011 -33"><span class='ocrx_word' id='word_1_752' title='bbox 2175 3173 2319 3229; x_wconf 91' lang='lat' dir='ltr'><strong>hunc</strong></span> <span class='ocrx_word' id='word_1_753' title='bbox 2366 3191 2668 3232; x_wconf 90' lang='lat' dir='ltr'><strong>sermonem</strong></span> <span class='ocrx_word' id='word_1_754' title='bbox 2715 3194 2876 3247; x_wconf 88' lang='lat' dir='ltr'><strong>esse,</strong></span> <span class='ocrx_word' id='word_1_755' title='bbox 2925 3183 3046 3252; x_wconf 90' lang='lat' dir='ltr'><strong>quia</strong></span> <span class='ocrx_word' id='word_1_756' title='bbox 3098 3199 3202 3238; x_wconf 92' lang='lat' dir='ltr'><strong>non</strong></span> <span class='ocrx_word' id='word_1_757' title='bbox 3249 3186 3302 3239; x_wconf 92' lang='lat' dir='ltr'><strong>in</strong></span> <span class='ocrx_word' id='word_1_758' title='bbox 3343 3187 3759 3260; x_wconf 89' lang='lat' dir='ltr'><strong>Quadragesima</strong></span> 
     </span>
    </p>
   </div>
   <div class='ocr_carea' id='block_1_92' title="bbox 2175 3271 3757 3348">
    <p class='ocr_par' dir='ltr' id='par_1_92' title="bbox 2175 3271 3757 3348">
     <span class='ocr_line' id='line_1_92' title="bbox 2175 3271 3757 3348; baseline 0.01 -29"><span class='ocrx_word' id='word_1_759' title='bbox 2175 3282 2317 3322; x_wconf 91' lang='lat' dir='ltr'><strong>nunc</strong></span> <span class='ocrx_word' id='word_1_760' title='bbox 2345 3283 2530 3323; x_wconf 89' lang='lat' dir='ltr'><strong>sumus</strong></span> <span class='ocrx_word' id='word_1_761' title='bbox 2557 3271 2655 3341; x_wconf 86' lang='grc' dir='ltr'><strong>(α).</strong></span> <span class='ocrx_word' id='word_1_762' title='bbox 2691 3271 2814 3326; x_wconf 88' lang='lat' dir='ltr'><strong>Ideo</strong></span> <span class='ocrx_word' id='word_1_763' title='bbox 2859 3291 2960 3327; x_wconf 89' lang='lat' dir='ltr'><strong>nan</strong></span> <span class='ocrx_word' id='word_1_764' title='bbox 2985 3291 3090 3344; x_wconf 89' lang='lat' dir='ltr'><strong>que</strong></span> <span class='ocrx_word' id='word_1_765' title='bbox 3129 3275 3428 3331; x_wconf 87' lang='lat' dir='ltr'><strong>discrucior</strong></span> <span class='ocrx_word' id='word_1_766' title='bbox 3453 3319 3467 3344; x_wconf 93' lang='lat'><strong>,</strong></span> <span class='ocrx_word' id='word_1_767' title='bbox 3518 3281 3657 3348; x_wconf 89' lang='lat' dir='ltr'><strong>quod</strong></span> <span class='ocrx_word' id='word_1_768' title='bbox 3705 3282 3757 3335; x_wconf 90' lang='lat' dir='ltr'><strong>in</strong></span> 
     </span>
    </p>
   </div>
   <div class='ocr_carea' id='block_1_93' title="bbox 2174 3360 3758 3433">
    <p class='ocr_par' dir='ltr' id='par_1_93' title="bbox 2174 3360 3758 3433">
     <span class='ocr_line' id='line_1_93' title="bbox 2174 3360 3758 3433; baseline 0.008 -20"><span class='ocrx_word' id='word_1_769' title='bbox 2174 3360 2368 3415; x_wconf 89' lang='lat' dir='ltr'><strong>talibus</strong></span> <span class='ocrx_word' id='word_1_770' title='bbox 2415 3363 2575 3418; x_wconf 85' lang='lat' dir='ltr'><strong>rebus</strong></span> <span class='ocrx_word' id='word_1_771' title='bbox 2619 3373 2828 3433; x_wconf 91' lang='lat' dir='ltr'><strong>tempus</strong></span> <span class='ocrx_word' id='word_1_772' title='bbox 2870 3367 3186 3422; x_wconf 88' lang='lat' dir='ltr'><strong>observetis.</strong></span> <span class='ocrx_word' id='word_1_773' title='bbox 3232 3368 3440 3424; x_wconf 82' lang='lat' dir='ltr'><strong>Etenim</strong></span> <span class='ocrx_word' id='word_1_774' title='bbox 3481 3371 3758 3426; x_wconf 90' lang='lat' dir='ltr'><strong>eunuchus</strong></span> 
     </span>
    </p>
   </div>
   <div class='ocr_carea' id='block_1_94' title="bbox 2171 3451 3753 3526">
    <p class='ocr_par' dir='ltr' id='par_1_94' title="bbox 2171 3451 3753 3526">
     <span class='ocr_line' id='line_1_94' title="bbox 2171 3451 3753 3526; baseline 0.006 -22"><span class='ocrx_word' id='word_1_775' title='bbox 2171 3451 2263 3505; x_wconf 91' lang='lat' dir='ltr'><strong>ille</strong></span> <span class='ocrx_word' id='word_1_776' title='bbox 2287 3459 2341 3506; x_wconf 91' lang='lat' dir='ltr'><strong>et</strong></span> <span class='ocrx_word' id='word_1_777' title='bbox 2368 3452 2628 3508; x_wconf 87' lang='lat' dir='ltr'><strong>barbarus</strong></span> <span class='ocrx_word' id='word_1_778' title='bbox 2655 3456 2756 3509; x_wconf 92' lang='lat' dir='ltr'><strong>iter</strong></span> <span class='ocrx_word' id='word_1_779' title='bbox 2785 3472 2948 3526; x_wconf 87' lang='lat' dir='ltr'><strong>agens</strong></span> <span class='ocrx_word' id='word_1_780' title='bbox 2979 3499 2992 3521; x_wconf 95' lang='lat'><strong>,</strong></span> <span class='ocrx_word' id='word_1_781' title='bbox 3027 3458 3198 3512; x_wconf 87' lang='lat' dir='ltr'><strong>media</strong></span> <span class='ocrx_word' id='word_1_782' title='bbox 3230 3461 3283 3513; x_wconf 91' lang='lat' dir='ltr'><strong>in</strong></span> <span class='ocrx_word' id='word_1_783' title='bbox 3311 3461 3393 3514; x_wconf 90' lang='lat' dir='ltr'><strong>via</strong></span> <span class='ocrx_word' id='word_1_784' title='bbox 3419 3476 3540 3515; x_wconf 88' lang='lat' dir='ltr'><strong>cum</strong></span> <span class='ocrx_word' id='word_1_785' title='bbox 3573 3473 3753 3526; x_wconf 89' lang='lat' dir='ltr'><strong>esset,</strong></span> 
     </span>
    </p>
   </div>
   <div class='ocr_carea' id='block_1_95' title="bbox 2172 3549 3755 3621">
    <p class='ocr_par' dir='ltr' id='par_1_95' title="bbox 2172 3549 3755 3621">
     <span class='ocr_line' id='line_1_95' title="bbox 2172 3549 3755 3621; baseline 0.006 -24"><span class='ocrx_word' id='word_1_786' title='bbox 2172 3553 2382 3614; x_wconf 91' lang='lat' dir='ltr'><strong>tempus</strong></span> <span class='ocrx_word' id='word_1_787' title='bbox 2419 3561 2524 3599; x_wconf 93' lang='lat' dir='ltr'><strong>non</strong></span> <span class='ocrx_word' id='word_1_788' title='bbox 2554 3549 2840 3617; x_wconf 82' lang='lat' dir='ltr'><strong>exquisivit</strong></span> <span class='ocrx_word' id='word_1_789' title='bbox 2869 3549 3006 3618; x_wconf 84' lang='lat' dir='ltr'><strong>(Act.</strong></span> <span class='ocrx_word' id='word_1_790' title='bbox 3038 3549 3091 3604; x_wconf 92' lang='lat'><strong>8.</strong></span> <span class='ocrx_word' id='word_1_791' title='bbox 3120 3549 3213 3621; x_wconf 75' lang='grc'><strong>27)</strong></span> <span class='ocrx_word' id='word_1_792' title='bbox 3247 3569 3261 3604; x_wconf 89' lang='lat'><strong>:</strong></span> <span class='ocrx_word' id='word_1_793' title='bbox 3296 3567 3395 3606; x_wconf 91' lang='lat' dir='ltr'><strong>nec</strong></span> <span class='ocrx_word' id='word_1_794' title='bbox 3423 3562 3605 3607; x_wconf 90' lang='lat' dir='ltr'><strong>custos</strong></span> <span class='ocrx_word' id='word_1_795' title='bbox 3633 3569 3755 3607; x_wconf 86' lang='lat' dir='ltr'><strong>car-</strong></span> 
     </span>
    </p>
   </div>
   <div class='ocr_carea' id='block_1_96' title="bbox 2169 3638 3757 3713">
    <p class='ocr_par' dir='ltr' id='par_1_96' title="bbox 2169 3638 3757 3713">
     <span class='ocr_line' id='line_1_96' title="bbox 2169 3638 3757 3713; baseline 0.006 -21"><span class='ocrx_word' id='word_1_796' title='bbox 2169 3638 2307 3692; x_wconf 90' lang='lat' dir='ltr'><strong>ceris</strong></span> <span class='ocrx_word' id='word_1_797' title='bbox 2336 3638 2447 3702; x_wconf 90' lang='lat' dir='ltr'><strong>ille,</strong></span> <span class='ocrx_word' id='word_1_798' title='bbox 2479 3640 2618 3694; x_wconf 88' lang='lat' dir='ltr'><strong>inter</strong></span> <span class='ocrx_word' id='word_1_799' title='bbox 2645 3641 2850 3697; x_wconf 89' lang='lat' dir='ltr'><strong>vinctos</strong></span> <span class='ocrx_word' id='word_1_800' title='bbox 2875 3683 2889 3706; x_wconf 97' lang='lat'><strong>,</strong></span> <span class='ocrx_word' id='word_1_801' title='bbox 2921 3657 3042 3696; x_wconf 92' lang='lat' dir='ltr'><strong>cum</strong></span> <span class='ocrx_word' id='word_1_802' title='bbox 3084 3644 3398 3713; x_wconf 87' lang='lat' dir='ltr'><strong>magistrum</strong></span> <span class='ocrx_word' id='word_1_803' title='bbox 3427 3647 3630 3701; x_wconf 83' lang='lat' dir='ltr'><strong>videret</strong></span> <span class='ocrx_word' id='word_1_804' title='bbox 3657 3647 3757 3701; x_wconf 83' lang='lat' dir='ltr'><strong>ﬂa-</strong></span> 
     </span>
    </p>
   </div>
   <div class='ocr_carea' id='block_1_97' title="bbox 2167 3729 3754 3802">
    <p class='ocr_par' dir='ltr' id='par_1_97' title="bbox 2167 3729 3754 3802">
     <span class='ocr_line' id='line_1_97' title="bbox 2167 3729 3754 3802; baseline 0.007 -20"><span class='ocrx_word' id='word_1_805' title='bbox 2167 3729 2321 3799; x_wconf 86' lang='lat' dir='ltr'><strong>gellis</strong></span> <span class='ocrx_word' id='word_1_806' title='bbox 2347 3744 2544 3784; x_wconf 60' lang='lat' dir='ltr'><strong>caesum</strong></span> <span class='ocrx_word' id='word_1_807' title='bbox 2577 3739 2632 3786; x_wconf 92' lang='lat' dir='ltr'><strong>et</strong></span> <span class='ocrx_word' id='word_1_808' title='bbox 2668 3732 2900 3788; x_wconf 92' lang='lat' dir='ltr'><strong>vinctum</strong></span> <span class='ocrx_word' id='word_1_809' title='bbox 2926 3775 2941 3802; x_wconf 93' lang='lat'><strong>,</strong></span> <span class='ocrx_word' id='word_1_810' title='bbox 2972 3744 3025 3789; x_wconf 90' lang='lat' dir='ltr'><strong>et</strong></span> <span class='ocrx_word' id='word_1_811' title='bbox 3075 3735 3128 3789; x_wconf 93' lang='lat' dir='ltr'><strong>in</strong></span> <span class='ocrx_word' id='word_1_812' title='bbox 3173 3750 3391 3792; x_wconf 88' lang='lat' dir='ltr'><strong>carcere</strong></span> <span class='ocrx_word' id='word_1_813' title='bbox 3443 3753 3754 3794; x_wconf 89' lang='lat' dir='ltr'><strong>mansurum</strong></span> 
     </span>
    </p>
   </div>
   <div class='ocr_carea' id='block_1_98' title="bbox 2172 3819 3748 3896">
    <p class='ocr_par' dir='ltr' id='par_1_98' title="bbox 2172 3819 3748 3896">
     <span class='ocr_line' id='line_1_98' title="bbox 2172 3819 3748 3896; baseline 0.008 -23"><span class='ocrx_word' id='word_1_814' title='bbox 2172 3822 2191 3892; x_wconf 97' lang='lat'>(</span> <span class='ocrx_word' id='word_1_815' title='bbox 2222 3819 2309 3874; x_wconf 85' lang='lat' dir='ltr'><strong>Id.</strong></span> <span class='ocrx_word' id='word_1_816' title='bbox 2342 3821 2429 3876; x_wconf 77' lang='grc'><strong>16.</strong></span> <span class='ocrx_word' id='word_1_817' title='bbox 2461 3821 2531 3877; x_wconf 75' lang='grc'><strong>29</strong></span> <span class='ocrx_word' id='word_1_818' title='bbox 2561 3821 2603 3894; x_wconf 94' lang='grc'><strong>).</strong></span> <span class='ocrx_word' id='word_1_819' title='bbox 2631 3823 2730 3879; x_wconf 80' lang='lat' dir='ltr'><strong>llic</strong></span> <span class='ocrx_word' id='word_1_820' title='bbox 2757 3835 2934 3880; x_wconf 90' lang='lat' dir='ltr'><strong>autem</strong></span> <span class='ocrx_word' id='word_1_821' title='bbox 2967 3825 3204 3896; x_wconf 91' lang='lat' dir='ltr'><strong>plerique</strong></span> <span class='ocrx_word' id='word_1_822' title='bbox 3224 3866 3238 3888; x_wconf 90' lang='lat'><strong>,</strong></span> <span class='ocrx_word' id='word_1_823' title='bbox 3271 3843 3377 3883; x_wconf 91' lang='lat' dir='ltr'><strong>non</strong></span> <span class='ocrx_word' id='word_1_824' title='bbox 3408 3827 3460 3882; x_wconf 90' lang='lat' dir='ltr'><strong>in</strong></span> <span class='ocrx_word' id='word_1_825' title='bbox 3492 3845 3710 3884; x_wconf 90' lang='lat' dir='ltr'><strong>carcere</strong></span> <span class='ocrx_word' id='word_1_826' title='bbox 3734 3871 3748 3894; x_wconf 85' lang='lat'><strong>,</strong></span> 
     </span>
    </p>
   </div>
   <div class='ocr_carea' id='block_1_99' title="bbox 2167 3913 3753 3989">
    <p class='ocr_par' dir='ltr' id='par_1_99' title="bbox 2167 3913 3753 3989">
     <span class='ocr_line' id='line_1_99' title="bbox 2167 3913 3753 3989; baseline 0.006 -22"><span class='ocrx_word' id='word_1_827' title='bbox 2167 3928 2276 3969; x_wconf 91' lang='lat' dir='ltr'><strong>non</strong></span> <span class='ocrx_word' id='word_1_828' title='bbox 2301 3913 2354 3969; x_wconf 92' lang='lat' dir='ltr'><strong>in</strong></span> <span class='ocrx_word' id='word_1_829' title='bbox 2382 3914 2467 3969; x_wconf 89' lang='lat' dir='ltr'><strong>via</strong></span> <span class='ocrx_word' id='word_1_830' title='bbox 2504 3916 2801 3982; x_wconf 80' lang='lat' dir='ltr'><strong>conStituti,</strong></span> <span class='ocrx_word' id='word_1_831' title='bbox 2831 3916 3084 3972; x_wconf 76' lang='lat' dir='ltr'><strong>differunt</strong></span> <span class='ocrx_word' id='word_1_832' title='bbox 3108 3960 3122 3984; x_wconf 93' lang='lat'><strong>,</strong></span> <span class='ocrx_word' id='word_1_833' title='bbox 3167 3919 3325 3989; x_wconf 91' lang='lat' dir='ltr'><strong>idque</strong></span> <span class='ocrx_word' id='word_1_834' title='bbox 3355 3919 3420 3974; x_wconf 89' lang='lat' dir='ltr'><strong>ad</strong></span> <span class='ocrx_word' id='word_1_835' title='bbox 3451 3930 3753 3977; x_wconf 84' lang='lat' dir='ltr'><strong>extremum</strong></span> 
     </span>
    </p>
   </div>
   <div class='ocr_carea' id='block_1_100' title="bbox 2166 4005 2764 4074">
    <p class='ocr_par' dir='ltr' id='par_1_100' title="bbox 2166 4005 2764 4074">
     <span class='ocr_line' id='line_1_100' title="bbox 2166 4005 2764 4074; baseline 0.003 -16"><span class='ocrx_word' id='word_1_836' title='bbox 2166 4021 2334 4074; x_wconf 91' lang='lat' dir='ltr'><strong>usque</strong></span> <span class='ocrx_word' id='word_1_837' title='bbox 2370 4005 2491 4058; x_wconf 75' lang='lat' dir='ltr'><strong>vita:</strong></span> <span class='ocrx_word' id='word_1_838' title='bbox 2522 4006 2764 4060; x_wconf 92' lang='lat' dir='ltr'><strong>halitum.</strong></span> 
     </span>
    </p>
   </div>
   <div class='ocr_carea' id='block_1_101' title="bbox 2236 4096 3753 4171">
    <p class='ocr_par' dir='ltr' id='par_1_101' title="bbox 2236 4096 3753 4171">
     <span class='ocr_line' id='line_1_101' title="bbox 2236 4096 3753 4171; baseline 0.006 -20"><span class='ocrx_word' id='word_1_839' title='bbox 2236 4097 2289 4152; x_wconf 91' lang='lat'><strong>8.</strong></span> <span class='ocrx_word' id='word_1_840' title='bbox 2331 4096 2595 4168; x_wconf 82' lang='lat' dir='ltr'><strong>Baptisma</strong></span> <span class='ocrx_word' id='word_1_841' title='bbox 2655 4115 2756 4154; x_wconf 85' lang='lat' dir='ltr'><strong>non</strong></span> <span class='ocrx_word' id='word_1_842' title='bbox 2808 4098 3431 4171; x_wconf 74' lang='lat' dir='ltr'><strong>differendum—Quod</strong></span> <span class='ocrx_word' id='word_1_843' title='bbox 3486 4104 3529 4158; x_wconf 93' lang='lat' dir='ltr'><strong>si</strong></span> <span class='ocrx_word' id='word_1_844' title='bbox 3577 4105 3753 4160; x_wconf 88' lang='lat' dir='ltr'><strong>adhuc</strong></span> 
     </span>
    </p>
   </div>
   <div class='ocr_carea' id='block_1_102' title="bbox 2163 4190 3750 4263">
    <p class='ocr_par' dir='ltr' id='par_1_102' title="bbox 2163 4190 3750 4263">
     <span class='ocr_line' id='line_1_102' title="bbox 2163 4190 3750 4263; baseline 0.006 -21"><span class='ocrx_word' id='word_1_845' title='bbox 2163 4190 2388 4259; x_wconf 88' lang='lat' dir='ltr'><strong>ambigis</strong></span> <span class='ocrx_word' id='word_1_846' title='bbox 2415 4206 2538 4243; x_wconf 90' lang='lat' dir='ltr'><strong>num</strong></span> <span class='ocrx_word' id='word_1_847' title='bbox 2569 4190 2816 4246; x_wconf 87' lang='lat' dir='ltr'><strong>Christus</strong></span> <span class='ocrx_word' id='word_1_848' title='bbox 2839 4193 2910 4247; x_wconf 91' lang='lat' dir='ltr'><strong>sit</strong></span> <span class='ocrx_word' id='word_1_849' title='bbox 2937 4193 3094 4257; x_wconf 89' lang='lat' dir='ltr'><strong>Deus,</strong></span> <span class='ocrx_word' id='word_1_850' title='bbox 3130 4194 3259 4249; x_wconf 91' lang='lat' dir='ltr'><strong>foris</strong></span> <span class='ocrx_word' id='word_1_851' title='bbox 3302 4206 3462 4263; x_wconf 90' lang='lat' dir='ltr'><strong>stato,</strong></span> <span class='ocrx_word' id='word_1_852' title='bbox 3496 4214 3594 4252; x_wconf 92' lang='lat' dir='ltr'><strong>nec</strong></span> <span class='ocrx_word' id='word_1_853' title='bbox 3619 4198 3750 4251; x_wconf 83' lang='lat' dir='ltr'><strong>divi-</strong></span> 
     </span>
    </p>
   </div>
   <div class='ocr_carea' id='block_1_103' title="bbox 2164 4279 3752 4352">
    <p class='ocr_par' dir='ltr' id='par_1_103' title="bbox 2164 4279 3752 4352">
     <span class='ocr_line' id='line_1_103' title="bbox 2164 4279 3752 4352; baseline 0.006 -19"><span class='ocrx_word' id='word_1_854' title='bbox 2164 4295 2229 4333; x_wconf 88' lang='lat' dir='ltr'><strong>na</strong></span> <span class='ocrx_word' id='word_1_855' title='bbox 2277 4279 2438 4334; x_wconf 89' lang='lat' dir='ltr'><strong>verba</strong></span> <span class='ocrx_word' id='word_1_856' title='bbox 2490 4280 2697 4348; x_wconf 89' lang='lat' dir='ltr'><strong>audias,</strong></span> <span class='ocrx_word' id='word_1_857' title='bbox 2744 4299 2914 4352; x_wconf 88' lang='lat' dir='ltr'><strong>neque</strong></span> <span class='ocrx_word' id='word_1_858' title='bbox 2967 4285 3106 4338; x_wconf 92' lang='lat' dir='ltr'><strong>inter</strong></span> <span class='ocrx_word' id='word_1_859' title='bbox 3134 4287 3544 4341; x_wconf 87' lang='lat' dir='ltr'><strong>catechumenos</strong></span> <span class='ocrx_word' id='word_1_860' title='bbox 3574 4297 3624 4342; x_wconf 92' lang='lat' dir='ltr'><strong>te</strong></span> <span class='ocrx_word' id='word_1_861' title='bbox 3652 4303 3752 4342; x_wconf 90' lang='lat' dir='ltr'><strong>an-</strong></span> 
     </span>
    </p>
   </div>
   <div class='ocr_carea' id='block_1_104' title="bbox 2165 4371 3748 4448">
    <p class='ocr_par' dir='ltr' id='par_1_104' title="bbox 2165 4371 3748 4448">
     <span class='ocr_line' id='line_1_104' title="bbox 2165 4371 3748 4448; baseline 0.004 -24"><span class='ocrx_word' id='word_1_862' title='bbox 2165 4385 2417 4424; x_wconf 82' lang='lat' dir='ltr'><strong>numercs</strong></span> <span class='ocrx_word' id='word_1_863' title='bbox 2447 4388 2460 4424; x_wconf 90' lang='lat'>:</span> <span class='ocrx_word' id='word_1_864' title='bbox 2488 4371 2567 4425; x_wconf 90' lang='lat' dir='ltr'><strong>sin</strong></span> <span class='ocrx_word' id='word_1_865' title='bbox 2595 4371 2820 4426; x_wconf 73' lang='lat' dir='ltr'><strong>confidis</strong></span> <span class='ocrx_word' id='word_1_866' title='bbox 2841 4414 2854 4438; x_wconf 94' lang='lat'><strong>,</strong></span> <span class='ocrx_word' id='word_1_867' title='bbox 2886 4383 2940 4426; x_wconf 91' lang='lat' dir='ltr'><strong>et</strong></span> <span class='ocrx_word' id='word_1_868' title='bbox 2967 4374 3066 4428; x_wconf 91' lang='lat' dir='ltr'><strong>hoc</strong></span> <span class='ocrx_word' id='word_1_869' title='bbox 3098 4377 3263 4443; x_wconf 90' lang='lat' dir='ltr'><strong>probe</strong></span> <span class='ocrx_word' id='word_1_870' title='bbox 3288 4379 3588 4445; x_wconf 86' lang='lat' dir='ltr'><strong>cognoscis,</strong></span> <span class='ocrx_word' id='word_1_871' title='bbox 3621 4378 3748 4448; x_wconf 90' lang='lat' dir='ltr'><strong>quid</strong></span> 
     </span>
    </p>
   </div>
   <div class='ocr_carea' id='block_1_105' title="bbox 2163 4464 3746 4538">
    <p class='ocr_par' dir='ltr' id='par_1_105' title="bbox 2163 4464 3746 4538">
     <span class='ocr_line' id='line_1_105' title="bbox 2163 4464 3746 4538; baseline 0.003 -20"><span class='ocrx_word' id='word_1_872' title='bbox 2163 4464 2468 4518; x_wconf 87' lang='lat' dir='ltr'><strong>cunctaris?</strong></span> <span class='ocrx_word' id='word_1_873' title='bbox 2497 4479 2591 4518; x_wconf 90' lang='lat' dir='ltr'><strong>cur</strong></span> <span class='ocrx_word' id='word_1_874' title='bbox 2620 4464 2820 4534; x_wconf 88' lang='lat' dir='ltr'><strong>refugis</strong></span> <span class='ocrx_word' id='word_1_875' title='bbox 2849 4473 2903 4519; x_wconf 91' lang='lat' dir='ltr'><strong>et</strong></span> <span class='ocrx_word' id='word_1_876' title='bbox 2932 4467 3111 4536; x_wconf 88' lang='lat' dir='ltr'><strong>segnis</strong></span> <span class='ocrx_word' id='word_1_877' title='bbox 3132 4469 3234 4522; x_wconf 90' lang='lat' dir='ltr'><strong>es?</strong></span> <span class='ocrx_word' id='word_1_878' title='bbox 3266 4467 3486 4529; x_wconf 85' lang='lat' dir='ltr'><strong>Vereor,</strong></span> <span class='ocrx_word' id='word_1_879' title='bbox 3519 4470 3746 4538; x_wconf 86' lang='lat' dir='ltr'><strong>inquies,</strong></span> 
     </span>
    </p>
   </div>
   <div class='ocr_carea' id='block_1_106' title="bbox 2165 4554 3750 4624">
    <p class='ocr_par' dir='ltr' id='par_1_106' title="bbox 2165 4554 3750 4624">
     <span class='ocr_line' id='line_1_106' title="bbox 2165 4554 3750 4624; baseline 0.003 -14"><span class='ocrx_word' id='word_1_880' title='bbox 2165 4574 2231 4610; x_wconf 90' lang='lat' dir='ltr'><strong>ne</strong></span> <span class='ocrx_word' id='word_1_881' title='bbox 2260 4571 2498 4624; x_wconf 90' lang='lat' dir='ltr'><strong>peccem.</strong></span> <span class='ocrx_word' id='word_1_882' title='bbox 2529 4554 2681 4621; x_wconf 90' lang='lat' dir='ltr'><strong>Quod</strong></span> <span class='ocrx_word' id='word_1_883' title='bbox 2725 4570 2854 4609; x_wconf 88' lang='lat' dir='ltr'><strong>vero</strong></span> <span class='ocrx_word' id='word_1_884' title='bbox 2884 4556 3119 4610; x_wconf 91' lang='lat' dir='ltr'><strong>deterius</strong></span> <span class='ocrx_word' id='word_1_885' title='bbox 3148 4566 3230 4611; x_wconf 90' lang='lat' dir='ltr'><strong>est</strong></span> <span class='ocrx_word' id='word_1_886' title='bbox 3259 4573 3362 4612; x_wconf 91' lang='lat' dir='ltr'><strong>non</strong></span> <span class='ocrx_word' id='word_1_887' title='bbox 3393 4561 3594 4612; x_wconf 88' lang='lat' dir='ltr'><strong>vereris</strong></span> <span class='ocrx_word' id='word_1_888' title='bbox 3626 4599 3640 4624; x_wconf 94' lang='lat'><strong>,</strong></span> <span class='ocrx_word' id='word_1_889' title='bbox 3681 4575 3750 4614; x_wconf 90' lang='lat' dir='ltr'><strong>ne</strong></span> 
     </span>
    </p>
   </div>
   <div class='ocr_carea' id='block_1_107' title="bbox 2163 4648 3748 4722">
    <p class='ocr_par' dir='ltr' id='par_1_107' title="bbox 2163 4648 3748 4722">
     <span class='ocr_line' id='line_1_107' title="bbox 2163 4648 3748 4722; baseline 0.001 -18"><span class='ocrx_word' id='word_1_890' title='bbox 2163 4665 2282 4704; x_wconf 91' lang='lat' dir='ltr'><strong>cum</strong></span> <span class='ocrx_word' id='word_1_891' title='bbox 2313 4650 2470 4704; x_wconf 91' lang='lat' dir='ltr'><strong>tantis</strong></span> <span class='ocrx_word' id='word_1_892' title='bbox 2512 4649 2738 4703; x_wconf 90' lang='lat' dir='ltr'><strong>sarcinis</strong></span> <span class='ocrx_word' id='word_1_893' title='bbox 2783 4649 2874 4703; x_wconf 91' lang='lat' dir='ltr'><strong>illo</strong></span> <span class='ocrx_word' id='word_1_894' title='bbox 2908 4648 3111 4704; x_wconf 82' lang='lat' dir='ltr'><strong>abeas?</strong></span> <span class='ocrx_word' id='word_1_895' title='bbox 3138 4650 3253 4704; x_wconf 83' lang='lat' dir='ltr'><strong>Non</strong></span> <span class='ocrx_word' id='word_1_896' title='bbox 3286 4651 3427 4705; x_wconf 88' lang='lat' dir='ltr'><strong>enim</strong></span> <span class='ocrx_word' id='word_1_897' title='bbox 3468 4668 3565 4722; x_wconf 90' lang='lat' dir='ltr'><strong>par</strong></span> <span class='ocrx_word' id='word_1_898' title='bbox 3594 4653 3748 4721; x_wconf 88' lang='lat' dir='ltr'><strong>culpa</strong></span> 
     </span>
    </p>
   </div>
   <div class='ocr_carea' id='block_1_108' title="bbox 2163 4740 3817 4813">
    <p class='ocr_par' dir='ltr' id='par_1_108' title="bbox 2163 4740 3817 4813">
     <span class='ocr_line' id='line_1_108' title="bbox 2163 4740 3817 4813; baseline 0.001 -16"><span class='ocrx_word' id='word_1_899' title='bbox 2163 4751 2245 4797; x_wconf 89' lang='lat' dir='ltr'><strong>est</strong></span> <span class='ocrx_word' id='word_1_900' title='bbox 2271 4741 2597 4810; x_wconf 89' lang='lat' dir='ltr'><strong>propositam</strong></span> <span class='ocrx_word' id='word_1_901' title='bbox 2624 4740 2848 4809; x_wconf 88' lang='lat' dir='ltr'><strong>gratiam</strong></span> <span class='ocrx_word' id='word_1_902' title='bbox 2877 4756 2983 4794; x_wconf 91' lang='lat' dir='ltr'><strong>non</strong></span> <span class='ocrx_word' id='word_1_903' title='bbox 3009 4743 3219 4811; x_wconf 84' lang='lat' dir='ltr'><strong>assequi</strong></span> <span class='ocrx_word' id='word_1_904' title='bbox 3247 4784 3262 4808; x_wconf 89' lang='lat'><strong>,</strong></span> <span class='ocrx_word' id='word_1_905' title='bbox 3299 4753 3354 4797; x_wconf 90' lang='lat' dir='ltr'><strong>et</strong></span> <span class='ocrx_word' id='word_1_906' title='bbox 3381 4759 3491 4797; x_wconf 91' lang='lat' dir='ltr'><strong>rem</strong></span> <span class='ocrx_word' id='word_1_907' title='bbox 3528 4759 3750 4813; x_wconf 83' lang='lat' dir='ltr'><strong>aggres-</strong></span> <span class='ocrx_word' id='word_1_908' title='bbox 3814 4803 3817 4806; x_wconf 96' lang='lat'><em>_</em></span> 
     </span>
    </p>
   </div>
   <div class='ocr_carea' id='block_1_109' title="bbox 2163 4831 3749 4902">
    <p class='ocr_par' dir='ltr' id='par_1_109' title="bbox 2163 4831 3749 4902">
     <span class='ocr_line' id='line_1_109' title="bbox 2163 4831 3749 4902; baseline -0.001 -15"><span class='ocrx_word' id='word_1_909' title='bbox 2163 4849 2306 4897; x_wconf 91' lang='lat' dir='ltr'><strong>sum,</strong></span> <span class='ocrx_word' id='word_1_910' title='bbox 2339 4831 2532 4886; x_wconf 74' lang='lat' dir='ltr'><strong>frustra</strong></span> <span class='ocrx_word' id='word_1_911' title='bbox 2564 4841 2814 4886; x_wconf 89' lang='lat' dir='ltr'><strong>conatum</strong></span> <span class='ocrx_word' id='word_1_912' title='bbox 2838 4848 2978 4887; x_wconf 87' lang='lat' dir='ltr'><strong>esse.</strong></span> <span class='ocrx_word' id='word_1_913' title='bbox 3015 4833 3106 4887; x_wconf 89' lang='lat' dir='ltr'><strong>Dic</strong></span> <span class='ocrx_word' id='word_1_914' title='bbox 3131 4832 3290 4895; x_wconf 89' lang='lat' dir='ltr'><strong>mihi,</strong></span> <span class='ocrx_word' id='word_1_915' title='bbox 3317 4835 3362 4887; x_wconf 91' lang='lat' dir='ltr'><strong>si</strong></span> <span class='ocrx_word' id='word_1_916' title='bbox 3391 4834 3749 4902; x_wconf 78' lang='lat' dir='ltr'><strong>redarguaris,</strong></span> 
     </span>
    </p>
   </div>
   <div class='ocr_carea' id='block_1_110' title="bbox 2163 4927 3749 4994">
    <p class='ocr_par' dir='ltr' id='par_1_110' title="bbox 2163 4927 3749 4994">
     <span class='ocr_line' id='line_1_110' title="bbox 2163 4927 3749 4994; baseline -0.004 -10"><span class='ocrx_word' id='word_1_917' title='bbox 2163 4943 2256 4984; x_wconf 84' lang='lat' dir='ltr'><strong>Cur</strong></span> <span class='ocrx_word' id='word_1_918' title='bbox 2287 4941 2391 4980; x_wconf 90' lang='lat' dir='ltr'><strong>non</strong></span> <span class='ocrx_word' id='word_1_919' title='bbox 2436 4927 2728 4980; x_wconf 89' lang='lat' dir='ltr'><strong>accesseris</strong></span> <span class='ocrx_word' id='word_1_920' title='bbox 2753 4968 2766 4991; x_wconf 93' lang='lat'><strong>,</strong></span> <span class='ocrx_word' id='word_1_921' title='bbox 2793 4941 2890 4979; x_wconf 90' lang='lat' dir='ltr'><strong>cur</strong></span> <span class='ocrx_word' id='word_1_922' title='bbox 2921 4941 3024 4978; x_wconf 91' lang='lat' dir='ltr'><strong>non</strong></span> <span class='ocrx_word' id='word_1_923' title='bbox 3072 4938 3218 4980; x_wconf 89' lang='lat' dir='ltr'><strong>recte</strong></span> <span class='ocrx_word' id='word_1_924' title='bbox 3268 4943 3376 4979; x_wconf 89' lang='lat' dir='ltr'><strong>rem</strong></span> <span class='ocrx_word' id='word_1_925' title='bbox 3421 4927 3707 4994; x_wconf 85' lang='lat' dir='ltr'><strong>perfeceris</strong></span> <span class='ocrx_word' id='word_1_926' title='bbox 3733 4968 3749 4992; x_wconf 89' lang='lat'><strong>,</strong></span> 
     </span>
    </p>
   </div>
   <div class='ocr_carea' id='block_1_111' title="bbox 2164 5014 3749 5087">
    <p class='ocr_par' dir='ltr' id='par_1_111' title="bbox 2164 5014 3749 5087">
     <span class='ocr_line' id='line_1_111' title="bbox 2164 5014 3749 5087; baseline 0.001 -17"><span class='ocrx_word' id='word_1_927' title='bbox 2164 5017 2287 5087; x_wconf 84' lang='lat' dir='ltr'><strong>quid</strong></span> <span class='ocrx_word' id='word_1_928' title='bbox 2329 5017 2528 5072; x_wconf 84' lang='lat' dir='ltr'><strong>dices?</strong></span> <span class='ocrx_word' id='word_1_929' title='bbox 2575 5015 2688 5070; x_wconf 91' lang='lat' dir='ltr'><strong>lllic</strong></span> <span class='ocrx_word' id='word_1_930' title='bbox 2735 5016 2879 5070; x_wconf 89' lang='lat' dir='ltr'><strong>enim</strong></span> <span class='ocrx_word' id='word_1_931' title='bbox 2937 5014 3078 5068; x_wconf 73' lang='lat' dir='ltr'><strong>forte</strong></span> <span class='ocrx_word' id='word_1_932' title='bbox 3132 5015 3354 5085; x_wconf 73' lang='lat' dir='ltr'><strong>illegare</strong></span> <span class='ocrx_word' id='word_1_933' title='bbox 3402 5029 3584 5084; x_wconf 88' lang='lat' dir='ltr'><strong>posses</strong></span> <span class='ocrx_word' id='word_1_934' title='bbox 3613 5030 3749 5071; x_wconf 80' lang='lat' dir='ltr'><strong>O&#39;iUS</strong></span> 
     </span>
    </p>
   </div>
   <div class='ocr_carea' id='block_1_112' title="bbox 2166 5107 3748 5180">
    <p class='ocr_par' dir='ltr' id='par_1_112' title="bbox 2166 5107 3748 5180">
     <span class='ocr_line' id='line_1_112' title="bbox 2166 5107 3748 5180; baseline -0.002 -16"><span class='ocrx_word' id='word_1_935' title='bbox 2166 5119 2554 5180; x_wconf 64' lang='lat' dir='ltr'><strong>praeceptorum</strong></span> <span class='ocrx_word' id='word_1_936' title='bbox 2583 5109 2596 5140; x_wconf 83' lang='grc'>¹</span> <span class='ocrx_word' id='word_1_937' title='bbox 2622 5117 2676 5163; x_wconf 91' lang='lat' dir='ltr'><strong>et</strong></span> <span class='ocrx_word' id='word_1_938' title='bbox 2699 5109 2944 5173; x_wconf 87' lang='lat' dir='ltr'><strong>virtutis;</strong></span> <span class='ocrx_word' id='word_1_939' title='bbox 2969 5107 3055 5161; x_wconf 88' lang='lat' dir='ltr'><strong>hic</strong></span> <span class='ocrx_word' id='word_1_940' title='bbox 3082 5121 3208 5161; x_wconf 85' lang='lat' dir='ltr'><strong>vero</strong></span> <span class='ocrx_word' id='word_1_941' title='bbox 3236 5107 3363 5160; x_wconf 89' lang='lat' dir='ltr'><strong>nihil</strong></span> <span class='ocrx_word' id='word_1_942' title='bbox 3393 5108 3584 5161; x_wconf 88' lang='lat' dir='ltr'><strong>simile.</strong></span> <span class='ocrx_word' id='word_1_943' title='bbox 3617 5107 3748 5163; x_wconf 86' lang='lat' dir='ltr'><strong>Gra-</strong></span> 
     </span>
    </p>
   </div>
   <div class='ocr_carea' id='block_1_113' title="bbox 2168 5198 3748 5272">
    <p class='ocr_par' dir='ltr' id='par_1_113' title="bbox 2168 5198 3748 5272">
     <span class='ocr_line' id='line_1_113' title="bbox 2168 5198 3748 5272; baseline -0.004 -14"><span class='ocrx_word' id='word_1_944' title='bbox 2168 5205 2237 5258; x_wconf 89' lang='lat' dir='ltr'><strong>tia</strong></span> <span class='ocrx_word' id='word_1_945' title='bbox 2263 5203 2404 5258; x_wconf 91' lang='lat' dir='ltr'><strong>enim</strong></span> <span class='ocrx_word' id='word_1_946' title='bbox 2445 5211 2528 5257; x_wconf 90' lang='lat' dir='ltr'><strong>est</strong></span> <span class='ocrx_word' id='word_1_947' title='bbox 2570 5204 2732 5272; x_wconf 89' lang='lat' dir='ltr'><strong>gratis</strong></span> <span class='ocrx_word' id='word_1_948' title='bbox 2765 5200 2900 5256; x_wconf 70' lang='lat' dir='ltr'><strong>dans</strong></span> <span class='ocrx_word' id='word_1_949' title='bbox 2947 5199 3267 5254; x_wconf 89' lang='lat' dir='ltr'><strong>libertatem.</strong></span> <span class='ocrx_word' id='word_1_950' title='bbox 3321 5198 3518 5254; x_wconf 78' lang='lat' dir='ltr'><strong>Verum</strong></span> <span class='ocrx_word' id='word_1_951' title='bbox 3551 5199 3748 5263; x_wconf 89' lang='lat' dir='ltr'><strong>times,</strong></span> 
     </span>
    </p>
   </div>
   <div class='ocr_carea' id='block_1_114' title="bbox 2163 5289 3748 5367">
    <p class='ocr_par' dir='ltr' id='par_1_114' title="bbox 2163 5289 3748 5367">
     <span class='ocr_line' id='line_1_114' title="bbox 2163 5289 3748 5367; baseline -0.007 -16"><span class='ocrx_word' id='word_1_952' title='bbox 2163 5314 2233 5353; x_wconf 83' lang='lat' dir='ltr'><strong>ne</strong></span> <span class='ocrx_word' id='word_1_953' title='bbox 2260 5296 2492 5367; x_wconf 81' lang='lat' dir='ltr'><strong>pecces?</strong></span> <span class='ocrx_word' id='word_1_954' title='bbox 2522 5296 2634 5352; x_wconf 83' lang='lat' dir='ltr'><strong>Hoc</strong></span> <span class='ocrx_word' id='word_1_955' title='bbox 2665 5305 2783 5364; x_wconf 89' lang='lat' dir='ltr'><strong>post</strong></span> <span class='ocrx_word' id='word_1_956' title='bbox 2821 5293 3081 5363; x_wconf 88' lang='lat' dir='ltr'><strong>baptisma</strong></span> <span class='ocrx_word' id='word_1_957' title='bbox 3109 5289 3294 5347; x_wconf 87' lang='lat' dir='ltr'><strong>dicito.</strong></span> <span class='ocrx_word' id='word_1_958' title='bbox 3325 5291 3474 5346; x_wconf 87' lang='lat' dir='ltr'><strong>Tunc</strong></span> <span class='ocrx_word' id='word_1_959' title='bbox 3500 5289 3625 5344; x_wconf 91' lang='lat' dir='ltr'><strong>time</strong></span> <span class='ocrx_word' id='word_1_960' title='bbox 3644 5331 3658 5352; x_wconf 88' lang='lat'><strong>,</strong></span> <span class='ocrx_word' id='word_1_961' title='bbox 3694 5300 3748 5341; x_wconf 81' lang='grc' dir='ltr'><strong>ιιι</strong></span> 
     </span>
    </p>
   </div>
   <div class='ocr_carea' id='block_1_115' title="bbox 2165 5384 3747 5455">
    <p class='ocr_par' dir='ltr' id='par_1_115' title="bbox 2165 5384 3747 5455">
     <span class='ocr_line' id='line_1_115' title="bbox 2165 5384 3747 5455; baseline -0.008 -10"><span class='ocrx_word' id='word_1_962' title='bbox 2165 5404 2348 5445; x_wconf 91' lang='lat' dir='ltr'><strong>serves</strong></span> <span class='ocrx_word' id='word_1_963' title='bbox 2393 5387 2694 5443; x_wconf 89' lang='lat' dir='ltr'><strong>libertatem</strong></span> <span class='ocrx_word' id='word_1_964' title='bbox 2721 5428 2734 5450; x_wconf 94' lang='lat'><strong>,</strong></span> <span class='ocrx_word' id='word_1_965' title='bbox 2777 5401 2935 5455; x_wconf 89' lang='lat' dir='ltr'><strong>quam</strong></span> <span class='ocrx_word' id='word_1_966' title='bbox 2980 5384 3270 5454; x_wconf 88' lang='lat' dir='ltr'><strong>accepisti;</strong></span> <span class='ocrx_word' id='word_1_967' title='bbox 3315 5397 3419 5436; x_wconf 90' lang='lat' dir='ltr'><strong>non</strong></span> <span class='ocrx_word' id='word_1_968' title='bbox 3448 5390 3504 5435; x_wconf 94' lang='lat' dir='ltr'><strong>ut</strong></span> <span class='ocrx_word' id='word_1_969' title='bbox 3543 5389 3747 5435; x_wconf 90' lang='lat' dir='ltr'><strong>tantum</strong></span> 
     </span>
    </p>
   </div>
   <div class='ocr_carea' id='block_1_116' title="bbox 2165 5471 3747 5551">
    <p class='ocr_par' dir='ltr' id='par_1_116' title="bbox 2165 5471 3747 5551">
     <span class='ocr_line' id='line_1_116' title="bbox 2165 5471 3747 5551; baseline -0.009 -14"><span class='ocrx_word' id='word_1_970' title='bbox 2165 5483 2363 5537; x_wconf 89' lang='lat' dir='ltr'><strong>donum</strong></span> <span class='ocrx_word' id='word_1_971' title='bbox 2393 5479 2558 5551; x_wconf 89' lang='lat' dir='ltr'><strong>gratis</strong></span> <span class='ocrx_word' id='word_1_972' title='bbox 2603 5492 2708 5532; x_wconf 90' lang='lat' dir='ltr'><strong>non</strong></span> <span class='ocrx_word' id='word_1_973' title='bbox 2750 5477 3002 5548; x_wconf 87' lang='lat' dir='ltr'><strong>accipias.</strong></span> <span class='ocrx_word' id='word_1_974' title='bbox 3030 5476 3180 5530; x_wconf 86' lang='lat' dir='ltr'><strong>Nunc</strong></span> <span class='ocrx_word' id='word_1_975' title='bbox 3209 5485 3388 5529; x_wconf 91' lang='lat' dir='ltr'><strong>autem</strong></span> <span class='ocrx_word' id='word_1_976' title='bbox 3416 5483 3542 5528; x_wconf 72' lang='lat' dir='ltr'><strong>ante</strong></span> <span class='ocrx_word' id='word_1_977' title='bbox 3568 5471 3747 5541; x_wconf 81' lang='lat' dir='ltr'><strong>bapti-</strong></span> 
     </span>
    </p>
   </div>
   <div class='ocr_carea' id='block_1_117' title="bbox 2230 5617 3634 5680">
    <p class='ocr_par' dir='ltr' id='par_1_117' title="bbox 2230 5617 3634 5680">
     <span class='ocr_line' id='line_1_117' title="bbox 2230 5617 3634 5680; baseline -0.007 -12"><span class='ocrx_word' id='word_1_978' title='bbox 2230 5622 2244 5652; x_wconf 78' lang='grc' dir='ltr'>ί</span> <span class='ocrx_word' id='word_1_979' title='bbox 2282 5620 2419 5668; x_wconf 86' lang='lat' dir='ltr'><strong>Alius</strong></span> <span class='ocrx_word' id='word_1_980' title='bbox 2443 5617 2582 5680; x_wconf 84' lang='lat' dir='ltr'><strong>legit,</strong></span> <span class='ocrx_word' id='word_1_981' title='bbox 2609 5619 2882 5680; x_wconf 75' lang='lat' dir='ltr'><strong>aﬂ&#39;ertuum,</strong></span> <span class='ocrx_word' id='word_1_982' title='bbox 2907 5621 3404 5680; x_wconf 62' lang='lat' dir='ltr'><strong>pro,_prtrcep_tortun.</strong></span> <span class='ocrx_word' id='word_1_983' title='bbox 3432 5672 3444 5680; x_wconf 90' lang='lat'><em>_</em></span> <span class='ocrx_word' id='word_1_984' title='bbox 3499 5671 3510 5680; x_wconf 89' lang='lat'>_</span> <span class='ocrx_word' id='word_1_985' title='bbox 3601 5670 3634 5680; x_wconf 28' lang='grc' dir='ltr'><em>Α</em></span> 
     </span>
    </p>
   </div>
   <div class='ocr_carea' id='block_1_118' title="bbox 2227 5671 3746 5743">
    <p class='ocr_par' dir='ltr' id='par_1_118' title="bbox 2227 5671 3746 5743">
     <span class='ocr_line' id='line_1_118' title="bbox 2227 5671 3746 5743; baseline -0.009 -12"><span class='ocrx_word' id='word_1_986' title='bbox 2227 5684 2298 5743; x_wconf 77' lang='lat' dir='ltr'><strong>(tt)</strong></span> <span class='ocrx_word' id='word_1_987' title='bbox 2335 5682 2387 5730; x_wconf 85' lang='lat' dir='ltr'><strong>In</strong></span> <span class='ocrx_word' id='word_1_988' title='bbox 2409 5671 2781 5741; x_wconf 52' lang='lat' dir='ltr'><strong>Qua7lragt&#39;2&#39;sima</strong></span> <span class='ocrx_word' id='word_1_989' title='bbox 2805 5671 2986 5743; x_wconf 74' lang='lat' dir='ltr'><strong>quippe</strong></span> <span class='ocrx_word' id='word_1_990' title='bbox 2997 5671 3066 5725; x_wconf 42' lang='lat' dir='ltr'><strong>&#39;d&#39;e</strong></span> <span class='ocrx_word' id='word_1_991' title='bbox 3084 5671 3476 5727; x_wconf 36' lang='lat' dir='ltr'><strong>ttcrt&#39;differcndo</strong></span> <span class='ocrx_word' id='word_1_992' title='bbox 3499 5671 3746 5732; x_wconf 61' lang='lat' dir='ltr'><strong>baptismo</strong></span> 
     </span>
    </p>
   </div>
   <div class='ocr_carea' id='block_1_119' title="bbox 2166 5743 2699 5796">
    <p class='ocr_par' dir='ltr' id='par_1_119' title="bbox 2166 5743 2699 5796">
     <span class='ocr_line' id='line_1_119' title="bbox 2166 5743 2699 5796; baseline 0.006 -3"><span class='ocrx_word' id='word_1_993' title='bbox 2166 5747 2435 5796; x_wconf 80' lang='lat' dir='ltr'><strong>concionari</strong></span> <span class='ocrx_word' id='word_1_994' title='bbox 2459 5743 2699 5796; x_wconf 82' lang='lat' dir='ltr'><strong>solebant.</strong></span> 
     </span>
    </p>
   </div>
  </div>
