4040 6212
456 309 527 361 25
1175 314 1234 365 8.
1273 310 1559 366 JOANNIS
1595 308 2079 367 CHRYSOSTOMI
2116 312 2434 368 ARCIIIEI’.
2474 310 3023 368 CONSTANTINOP.
3603 310 3676 365 26

451 416 689 488 ἀγαθῶν.
748 421 869 485 Πῶς
923 423 1098 477 οἴεσθε
1133 424 1424 495 ὀδυνῶμαι,
1473 427 1601 479 ὅταν
1640 427 1858 480 ἀκούσω
1884 468 1898 489 ,
1933 428 2014 478 ὃτι

451 505 695 576 ἀμύητός
718 523 804 567 τις
834 507 1110 577 ἀπηνέχθη
1145 508 1410 573 ἐντεῦθεν,
1459 508 1557 572 τάς
1586 512 1888 580 ἀφορήτους
1930 511 2014 561 ἐν·

448 590 585 643 νοῶν
614 590 863 652 κολάσεις
906 590 1136 654 ἐκείνας,
1171 590 1267 659 τὴν
1303 591 1673 661 ἀπαραίτητον
1706 592 2009 662 τιμωρίανς

449 672 567 734 πῶς
609 672 873 743 δάκνομαι
924 673 1116 735 πάλιν,
1157 674 1283 725 ὅταν
1340 674 1555 743 ἐτέρους
1591 675 1682 727 ἴδω
1732 675 1865 744 πρὸς
1914 675 2011 738 τάς

447 753 681 822 ἐσχάτας
712 755 1006 822 φθάνοντας
1026 754 1315 817 ἀναπνοὰς,
1346 756 1437 807 καὶ
1479 756 1611 825 μηδὲ
1634 755 1878 808 ἐντεῦθεν
1905 773 2011 808 σω-

446 835 861 903 φρονιζομένους
884 850 897 897 ;
918 836 1013 887 Διά
1037 852 1116 888 τοι
1142 836 1299 888 τοῦτο
1328 835 1497 889 πολλά
1528 837 1625 905 τῆς
1653 837 1857 906 δωρεᾶς
1883 836 2009 889 ταύ-

444 931 543 983 της
573 915 766 978 ἀνάξια
791 916 1015 979 γίνεται.
1046 916 1173 968 Δέον
1202 916 1308 987 γάρ
1333 917 1715 987 εὐφραίνεσθαι
1735 959 1749 981 ,
1797 920 1888 971 καὶ
1920 935 2009 988 χο·

443 995 644 1066 ρεύειν,
677 998 771 1050 καὶ
803 997 1032 1068 χαίρειν.
1061 998 1151 1050 καὶ
1175 998 1565 1067 στεφανοῦσθαι
1610 1013 1658 1064 α,
1694 1001 1877 1070 ἐτέρου
1914 1018 2011 1069 μυ-

442 1078 912 1148 σταγωγουμένου,
943 1081 1070 1133 ὅταν
1104 1081 1311 1153 ἀκούσῃ
1332 1071 1440 1134 τοῦ’
1466 1083 1761 1152 κάμνοντος
1795 1085 1826 1153 ἡ
1851 1082 2004 1154 γυνὴ,

437 1160 519 1211 ὅτι
550 1160 704 1211 τοῦτο
725 1161 1031 1231 ἐπέσκηψεν
1066 1164 1093 1215 6
1134 1164 1337 1233 ίατρὸς,
1370 1164 1442 1228 ὡς
1480 1165 1571 1218 ἐπὶ
1605 1165 1757 1235 κακῷ
1780 1164 1883 1219 τινι
1916 1185 2008 1219 κα-

436 1241 764 1295 τακόπτεται
789 1241 817 1281 δ
854 1246 947 1296 καὶ
978 1244 1184 1313 θρηνεῖ,
1232 1247 1326 1298 καὶ
1358 1248 1595 1299 κωκυτοὶ
1625 1249 1718 1300 καὶ
1770 1249 2006 1318 οἰμωγαὶ¹

436 1324 711 1393 πανταχοῦ
767 1328 863 1395 τῆς
894 1325 1070 1388 οἰκίας
1129 1326 1206 1389 ὡς
1257 1328 1348 1380 ἐπὶ
1398 1328 1703 1381 καταδίκων
1742 1329 1851 1381 τῶν
1906 1331 2005 1398 τὴν

435 1405 669 1475 ἐσχάτην
715 1406 1074 1477 ἀπαγομένων
1128 1408 1263 1461 ὁδόν.
1326 1410 1438 1462 Καὶ
1471 1412 1676 1472 ἐκεῖνος
1728 1411 1785 1463 δὲ
1844 1411 2005 1463 πάλιν

433 1489 551 1540 τότε
586 1500 607 1526 ο
639 1489 885 1541 όδυνᾶται
914 1489 1095 1554 πλέον,
1137 1492 1239 1543 κᾶν
1264 1492 1527 1563 ἀνενέγκη
1556 1492 1663 1544 ἀπὸ
1701 1493 1801 1561 τῆς
1826 1494 2006 1563 ἀρρω-

434 1572 603 1632 στίας,
637 1570 1012 1640 χαλεπώτερον
1042 1572 1198 1639 ἀλγεῖ
1248 1573 1323 1636 ώς
1349 1573 1731 1644 ἐπηρεασθείς.
1786 1573 2002 1643 Ἐπειδὴ

430 1651 537 1721 γὰρ
567 1652 627 1703 ού
666 1652 1076 1722 παρεσκεύαστο
1114 1653 1249 1723 πρὸς
1265 1656 1485 1725 ἀρετὴν,
1509 1655 1657 1708 ὀκνεῖ
1684 1654 1885 1720 λοιπὸν,
1904 1656 1996 1707 καὶ

429 1732 713 1785 ἀναδύεται
742 1733 880 1803 πρὸς
906 1735 1030 1797 τοὺς
1054 1735 1267 1802 ἀγῶνας
1289 1737 1411 1799 τοὺς
1430 1736 1568 1804 μετὰ
1588 1735 1776 1788 ταῦτα.
1812 1737 1996 1806 Ὁρᾷς,

427 1811 516 1867 οἷα
545 1817 572 1867 ό
600 1815 843 1879 διάϐολος
872 1819 1271 1882 κατασκευάζει
1308 1821 1698 1890 μηχανήματα,
1741 1821 1871 1888 ὅσην
1899 1818 1996 1890 τὴν

426 1897 706 1967 αἰσχύνην,
734 1899 855 1951 ὅσον
884 1898 977 1951 τὸν
1027 1900 1274 1967 γέλωτα;
1339 1900 1767 1970 Ἀπαλλαγῶμεν
1817 1901 1995 1955 τοίνυν

422 1978 613 2030 τούτου
651 1977 761 2049 [ιι]
782 1978 876 2030 τοῦ
909 1979 1166 2046 γέλωτος·
1192 1981 1447 2051 ζήσωμεν
1469 1984 1542 2045 ὡς
1561 1986 1589 2035 6
1615 1982 1845 2052 Χριστὸς
1874 1982 1995 2036 ἐκέ·

424 2057 599 2111 λιυσε.
626 2060 724 2112 Διά
745 2059 902 2113 τοῦτο
930 2060 1095 2113 ἔδωκε
1127 2061 1187 2113 τὸ
1209 2062 1512 2132 βάπτισμα,
1541 2065 1639 2134 ούχ
1683 2064 1768 2115 ἵνα
1804 2063 1997 2116 λαϐόν-

422 2154 514 2200 τες
536 2141 880 2211 ἀπέλθωμεν,
920 2143 1034 2195 ἀλλ’
1070 2144 1156 2196 ἵνα
1200 2144 1553 2215 ὲπιζήσαντες
1589 2146 1835 2216 καρποὺς
1878 2149 1997 2199 ἐπι-

422 2220 744 2292 δειξώμεθα.
774 2225 899 2287 Πῶς
936 2227 1101 2295 ὲρείς,
1137 2227 1510 2297 Καρποφόρει,
1545 2227 1623 2297 τῷ
1655 2228 1889 2291 ἀπιόντι,
1919 2228 1996 2298 τῷ

424 2306 747 2369 ἐκκοπέντι;
781 2308 881 2359 οὐκ
900 2308 1160 2377 ἤκουσας,
1192 2310 1274 2361 ὅτι
1319 2308 1371 2360 '0
1412 2310 1639 2377 καρπὸς
1683 2311 1789 2364 τοῦ
1816 2313 1998 2365 Πνεύ-

488 2466 514 2559 ξ
536 2465 707 2537 ψοτει.
736 2467 1056 2559 εύφραξχεσθαξ
1093 2470 1173 2559 xal‘c
1192 2469 1385 2559 εχαίρειν
1406 2470 1487 2559 Iaca!
1508 2485 1642 2529 στεφ.
1684 2467 1713 2507 ἲ)
1736 2468 1875 2517 Alius
1898 2485 1989 2516 κα-

512 2541 725 2559 δαισιν-εφη.
907 2544 983 2559 λη
1019 2544 1031 2559 .
1054 2541 1139 2559 ε...
1213 2545 1239 2559 ..
1314 2542 1400 2559 Arn

422 2528 749 2601 ταθρύπτεται.
800 2528 839 2559 ⁷⁸
865 2529 985 2577 Τότε
1018 2530 1165 2578 ἀθεεὶ
1192 2528 1241 2577 iii
1267 2528 1439 2578 Morel.

2110 428 2296 493 ματός
2349 427 2519 479 ἐστιν
2563 425 2784 493 ἀγάπη,
2839 425 3013 492 χαρὰ,
3047 422 3248 491 είρήνη
3274 440 3293 485 ;
3316 423 3439 486 Πῶς
3484 415 3580 474 οῦν
3608 419 3678 474 τά

2114 509 2332 561 ἐναντία
2370 509 2611 575 γίνεται;
2646 508 2752 559 Καὶ
2797 506 2905 577 γάρ
2950 507 2983 576 ἡ
3030 505 3167 575 γυνὴ
3210 505 3515 575 παρέστηκε
3551 520 3679 554 πεν-

2113 588 2300 651 θοῦσα,
2349 590 2436 642 ὅτε
2472 591 2681 659 χαίρειν
2728 588 2832 640 ἔδει
2857 605 2870 617 ·
2909 587 2977 640 τά
3032 587 3199 639 τέκνα
3236 587 3549 656 ὀδυρόμενα,
3586 586 3677 637 ὅτε

2118 670 2435 739 συνήδεσθαι
2471 672 2637 739 ἐχρῆν
2660 687 2675 701 ’
2721 670 2883 733 αὐτὸς
2925 670 2954 721 6
2990 669 3243 739 κείμενος
3288 668 3677 736 ἐσκοτωμένος,

2112 752 2340 823 θορύϐου
2381 739 2564 822 γέμων
2595 754 2687 805 καὶ
2718 754 2981 822 ταραχῆς,
3017 754 3104 805 ὅτε
3135 750 3523 821 πανηγυρίζειν
3547 750 3675 801 ἔδει·

2110 834 2346 904 ἀθυμίας
2367 834 2790 904 πεπληρωμένος
2818 834 3040 902 πολλῆς,
3063 833 3151 886 διά
3178 833 3275 901 τὴν
3295 829 3558 901 ὀρφανίαν
3570 830 3682 882 τῶν
3711 898 3723 909 .

2108 916 2335 975 τέκνων,
2370 918 2455 969 διὰ
2477 918 2575 985 τὴν
2607 917 2833 986 χηρείαν
2863 916 2963 984 τῆς
2985 916 3259 983 γυναικὸς,
3300 914 3389 966 διά
3412 912 3511 982 τὴν
3550 914 3680 982 ἐρη-

2112 998 2238 1067 μίαν
2265 999 2364 1068 τῆς
2396 999 2590 1061 οίκίας.
2630 997 2787 1050 Οῦτω
2835 1015 2918 1060 τις
2944 997 3269 1067 προέρχεται
3324 992 3678 1064 μυστηρίοις;

2108 1078 2227 1131 εἰπέ
2258 1096 2346 1148 μοι
2369 1096 2383 1111 ο
2409 1079 2580 1142 οὕτως
2604 1079 2833 1132 ἅπτεται
2879 1079 3160 1148 τραπέζης
3186 1079 3369 1146 ίερᾶς;
3400 1075 3570 1129 ταῦτα
3592 1076 3682 1126 ἀν·

2107 1161 2271 1224 εκτά;
2319 1161 2438 1214 Κᾶν
2479 1162 2576 1231 μὲν
2606 1162 2859 1231 βασιλεὺς
2896 1162 3082 1231 πέμψῃ
3117 1162 3441 1231 γράμματα,
3468 1159 3595 1219 τοὺς
3620 1159 3678 1209 ἐν

2105 1242 2462 1314 δεσμωτηρίῳ
2493 1244 2655 1305 λύων,
2688 1244 2992 1314 εὐφροσύνη
3042 1246 3133 1295 καὶ
3180 1242 3355 1312 χαρά⁶
3402 1242 3431 1292 ὁ
3461 1240 3516 1291 δὲ
3544 1239 3677 1301 Θεὸς

2105 1325 2452 1393 καταπέμπει
2476 1326 2537 1378 τὸ
2571 1325 2793 1395 Πνεῦμα
2816 1326 2872 1391 ἐξ
2896 1326 3160 1397 οὐρανῶν,
3187 1324 3310 1394 οὐχὶ
3339 1322 3676 1389 ἐλλείμματα

2104 1408 2421 1475 χρημάτων,
2478 1406 2595 1459 ἀλλ’
2627 1406 2895 1476 ὁλόκληρα
2924 1408 3300 1477 ἁμαρτήματα
3335 1403 3633 1471 συγχωρῶν
3656 1419 3670 1432 ·

2104 1488 2199 1538 καὶ
2224 1488 2422 1550 πάντες
2455 1488 2703 1558 θρηνεῖτε
2731 1490 2825 1541 καὶ
2852 1489 3139 1558 όδύρεσθε;
3191 1487 3286 1550 Τίς
3324 1488 3358 1556 ἡ
3390 1484 3678 1553 ἀνωμαλία

2104 1568 2281 1639 αῦτη;
2320 1568 2485 1621 Οὔπω
2536 1569 2645 1640 γάρ
2683 1569 2845 1638 λέγω,
2902 1572 2984 1623 ὅτι
3033 1571 3129 1622 καὶ
3167 1571 3378 1639 νεκροῖς
3431 1567 3672 1637 ἐπεχύθη

2105 1648 2267 1721 ὕδωρ,
2302 1651 2397 1703 καὶ
2425 1651 2493 1703 τά
2536 1653 2669 1718 ἆγια
2719 1653 2919 1723 ἐρρίφη
2970 1653 3049 1711 είς
3073 1652 3207 1721 γῆν·
3239 1651 3349 1703 ἀλλ’
3379 1649 3476 1718 ούχ
3512 1650 3675 1718 ἡμεῖς

2100 1732 2303 1784 τούτων
2347 1735 2528 1796 αῖτιοι,
2580 1735 2695 1787 ἀλλ’
2734 1736 2783 1786 οἱ
2827 1734 3158 1802 ἀγνώμονες.
3218 1734 3310 1786 Διὸ
3371 1730 3675 1801 παρακαλῶ

2100 1812 2278 1866 πάντα
2307 1816 2543 1883 ἀφέντας
2569 1816 2866 1885 συστρέψαι
2895 1816 3119 1876 ἐαυτοῦς
3145 1815 3237 1867 καὶ
3283 1814 3563 1883 προσιέναι
3595 1812 3673 1880 τῷ

2102 1895 2434 1967 βαπτίσματι
2471 1898 2608 1967 μετά
2626 1898 2653 1937 ά
2685 1898 2991 1969 προθυμίας
3014 1898 3249 1965 ἀπάσης,
3273 1897 3360 1950 ἵνα
3388 1898 3482 1948 καὶ
3511 1897 3568 1948 ἐν
3593 1894 3673 1964 τῷ

2099 1979 2329 2049 παρόντι
2364 1980 2562 2051 πολλὴν
2592 1981 2989 2048 ἐπιδειξάμενοι
3025 1979 3287 2048 σπουδὴν,
3318 1978 3417 2046 τῆς
3447 1975 3673 2047 μελλοῦ-

2100 2076 2197 2129 σης
2245 2060 2498 2131 τύχωμεν
2531 2062 2841 2132 παρρησίας
2862 2078 2875 2093 ·
2903 2058 2971 2132 ἦς
3006 2062 3217 2128 γένοιτο
3268 2060 3475 2121 πάντας
3522 2060 3672 2125 ἡμᾶς

2098 2141 2392 2210 ἐπιτυχεῖν,
2422 2144 2605 2213 χάριτι
2630 2145 2724 2196 καὶ
2752 2144 3128 2213 φιλανθρωπίᾳ
3148 2141 3239 2194 τοῦ
3276 2141 3480 2211 Κυρίου
3512 2138 3673 2209 ἡμῶν

2108 2222 2283 2293 Ἰησοῦ
2336 2226 2595 2296 Χριστοῦ,
2631 2221 2675 2293 ᾧ
2708 2228 2753 2297 ἡ,
2774 2225 2901 2291 δόξα
2950 2227 3046 2279 καὶ
3087 2226 3148 2278 τὸ
3201 2226 3401 2295 κράτος
3438 2225 3518 2287 είς
3546 2222 3672 2284 τοὺς

2097 2306 2299 2369 αίῶνας
2330 2308 2438 2359 τῶν
2478 2306 2707 2361 αίώνων.
2751 2309 2944 2378 Ἀμήν.

2157 2471 2575 2537 (μίας-ἀφέντες,
2598 2474 2963 2537 ’σπουδάσωμενγ
2988 2476 3053 2537 μή
3072 2474 3277 2537 ἀμύητοι
3321 2473 3407 2537 τοῦ
3434 2471 3669 2537 παρόντος

2093 2530 2308 2580 ἀπελθεῖν
2352 2530 2474 2595 βίον,
2518 2530 2640 2583 ἀλλά
2684 2535 2769 2583 τοῦ
2823 2530 3148 2598 βαπτίσματος
3190 2530 3422 2597 ἐπιτυχεῖν
3470 2530 3607 2595 μετά.

2132 2782 2755 2793 mm

1895 2950 2133 3005 ΟΜῐΛῐΑ
2175 2952 2249 3006 Β’.

411 3049 477 3123 Ol
499 3048 615 3116 μὲν
643 3047 757 3123 οὖν
783 3054 1186 3123 συνελθόντες
1216 3056 1533 3122 ἐπηρώτων
1561 3055 1746 3108 αὑτὸν
1777 3057 1987 3123 λέγον-

490 3134 586 3182 τες
609 3135 621 3146 ·
660 3120 853 3201 ιςύριξ,
874 3124 925 3174 εί
1043 3122 1123 3187 τῷ
1143 3120 1340 3201 χρόνω
1364 3125 1550 3201 τούτῳ
1580 3120 1986 3178 ἀποκαθιστά-

487 3204 609 3251 νεις
638 3188 753 3255 τὴν
776 3190 1103 3251 βασιλείαν
1133 3188 1212 3256 τῷ
1241 3188 1476 3259 Ἰσραήλ
1502 3208 1521 3254 ;

486 3296 553 3349 α’.
571 3297 739 3349 Ὅταν
756 3316 807 3349 τι
828 3299 1090 3367 μέλλωσιν
1107 3302 1314 3370 ἐρωτᾷν
1329 3301 1379 3352 οἱ
1396 3300 1649 3370 μαθηταὶ,
1671 3300 1804 3370 όμοῦ
1825 3318 1989 3371 προσ-

414 3380 685 3449 έρχονται.
724 3380 891 3433 Τοῦτο
917 3382 973 3433 δὲ
1005 3382 1268 3445 ποιοῦσιν,
1308 3384 1393 3433 ἵνα
1418 3381 1494 3452 τῷ
1518 3382 1711 3450 πλήθει
1738 3383 1988 3453 δυσωπή-

415 3479 599 3515 σωσιν.
633 3462 889 3534 ᾝδεισαν
914 3464 1041 3534 γὰρ.
1070 3465 1235 3517 ὅτιτὸ
1273 3464 1465 3536 πρώην
1494 3468 1624 3537 παρ’
1648 3467 1811 3519 αὐτοῦ
1834 3469 1986 3538 εἰρη-

414 3544 597 3612 μένον,
628 3546 709 3597 ὂτι
746 3546 954 3612 Οὐδείς
981 3542 1104 3599 οἵδε
1129 3546 1244 3615 τὴν
1268 3548 1499 3616 ἡμέραν
1520 3586 1535 3609 ,
1562 3548 1983 3619 διακρουομένου

408 3622 498 3697 ἦν,
534 3630 633 3682 οὐκ
664 3629 1000 3697 ἀγνοοῦντος,
1026 3630 1141 3682 ἀλλ’
1168 3630 1600 3700 ἀναϐαλλομένου
1628 3631 1725 3703 τὴν
1752 3633 1983 3701 ἀπόκρι-

413 3727 498 3762 σιν
518 3726 531 3741 ’
555 3711 675 3764 ὅθεν
703 3712 864 3765 πάλιν
894 3714 1303 3783 προσέρχονται,
1335 3714 1427 3764 καὶ
1458 3714 1753 3783 ἐρωτῶσιν.
1783 3716 1895 3767 Ούκ
1918 3715 1982 3768 ἂν

408 3790 465 3842 δὲ
500 3790 808 3863 ἠρώτησαν,
838 3794 891 3846 εί
914 3811 976 3861 γε
1007 3794 1174 3856 ὅντως
1202 3790 1338 3864 ἦσαν
1364 3797 1739 3864 πεπεισμένοι.
1764 3796 1981 3866 Ἐπειδὴ

408 3873 517 3942 γὰρ
542 3874 799 3943 ἥκουσαν.
852 3878 931 3929 ὅτι
979 3876 1200 3945 Πνεῦμα
1262 3875 1512 3943 μέλλουσι
1557 3876 1871 3947 λαμϐάνειν,
1907 3879 1981 3941 ὡς

408 3953 549 4017 ἄξιοι
577 3956 760 4010 λοιπὸν
784 3959 935 4020 ὄντες
966 3958 1158 4029 ἤθελον
1190 3959 1399 4027 μαθεῖν,
1430 3959 1524 4011 καὶ
1561 3961 1699 4027 πρὸς
1738 3962 1981 4015 ἀπαλλα-

408 4036 510 4105 γὴν
528 4034 665 4108 ἦσαν
685 4041 909 4109 ἕτοιμοι.
936 4041 1008 4093 Οὐ
1037 4042 1143 4111 γάρ
1170 4040 1450 4093 ἐϐούλοντο
1473 4042 1718 4095 καθεῖναι
1748 4044 1979 4106 ἑαυτοὺς

407 4122 487 4183 είς
533 4122 828 4186 κινδύνους,
881 4122 1017 4175 ἀλλά
1063 4123 1431 4176 ἀναπνεῦσαι·
1462 4124 1597 4176 διότι
1627 4125 1684 4176 ού
1714 4124 1885 4194 μικρά
1910 4120 1978 4196 ἦν

405 4203 474 4257 τά
509 4204 891 4273 συμϐεϐηκότα
934 4206 1135 4266 αὐτοῖς,
1176 4206 1311 4257 ἀλλά
1350 4206 1479 4273 περὶ
1524 4206 1629 4258 τῶν
1677 4207 1919 4275 ἐσχάτων
1949 4210 1977 4260 6

407 4285 649 4347 κίνδυνος
702 4286 1113 4355 ἐπεκρεμάσθη.
1159 4287 1324 4339 Οὐδὲν
1380 4284 1471 4339 οῦν
1527 4287 1674 4357 αύτῷ
1707 4289 1836 4358 περὶ
1882 4289 1974 4343 τοῦ

409 4367 724 4437 Πνεύματος
776 4368 1039 4430 εἰπόντες.
1092 4368 1337 4437 ἐρωτῶσι
1369 4368 1650 4436 λέγοντες’
1688 4373 1885 4439 Κύριε,
1924 4376 1977 4426 εί

404 4450 475 4502 ἐν
495 4447 574 4512 τῷ
592 4450 788 4517 χρόνῳ
804 4450 990 4514 τούτῳ
1014 4450 1512 4517 ἀποκαθιστάνεις
1528 4452 1640 4518 τὴν
1651 4453 1980 4517 ,ϐασιλείαν

404 4529 485 4594 τῷ
532 4531 817 4598 ’1σραή.ί;
863 4532 972 4585 Καὶ
995 4531 1094 4585 ούκ
1142 4528 1314 4596 εἶπον,
1346 4535 1518 4600 Πότε;
1570 4535 1724 4602 ἀλλὰ,
1759 4537 1819 4589 Et
1849 4535 1972 4602 νῦν;

406 4612 570 4680 φησίν
591 4628 604 4640 ·
638 4612 807 4677 οὕτως
834 4612 1139 4684 ἐπεθύμουν
1163 4616 1259 4683 τὴν
1288 4617 1498 4685 ἡμέραν
1528 4616 1735 4686 μαθεῖν.
1766 4618 1856 4670 Διὸ
1882 4618 1975 4671 καὶ

409 4693 547 4763 μετὰ
577 4694 816 4757 πλείονος
870 4696 1128 4766 προσίασι
1168 4696 1265 4765 τῆς
1302 4698 1483 4768 τιμῆς.
1561 4699 1713 4767 Ἐμοὶ
1745 4699 1801 4753 δὲ
1830 4699 1978 4753 δοκεῖ

403 4776 523 4829 οὐδὲ
543 4777 913 4847 τετρανῶσθαί
940 4796 1056 4838 πως
1078 4780 1279 4842 αὐτοῖς,
1298 4779 1379 4840 τίς
1398 4796 1525 4831 ποτε
1546 4776 1613 4850 ἦν
1640 4783 1672 4850 η
1708 4781 1970 4850 βασιλείαο

403 4858 555 4913 οῦπω
576 4859 683 4929 γὰρ
703 4855 771 4929 ἦν
796 4860 856 4912 τὸ
883 4858 995 4931 [15]
1026 4860 1249 4929 Πνεῦμα
1274 4861 1485 4925 διδάξαν
1513 4864 1725 4926 αύτούς.
1747 4865 1854 4916 Καὶ
1873 4867 1974 4918 ούκ

405 4938 576 5006 εἶπον,
609 4942 745 4995 Πότε
778 4941 949 4994 ταῦτα
970 4941 1152 5005 ἐσταις
1192 4942 1327 4994 ἀλλὰ
1352 4943 1436 5007 τί;
1471 4946 1536 4997 El
1564 4945 1634 4997 ἐν
1663 4945 1742 5010 τῷ
1777 4947 1973 5014 χρόνῳ

404 5027 590 5089 τεύτῳ
606 5024 1103 5090 ἀποκαθιστάνεις
1120 5024 1236 5091 τὴν
1249 5026 1577 5089 ,βασιλείαν
1590 5026 1670 5092 τῷ
1693 5028 1937 5096 Ἰσραήλ
1952 5047 1970 5093 ;

401 5109 476 5169 ὡς
508 5108 608 5176 ήδη
645 5109 1081 5161 ἐκπεπωκυῖαν.
1107 5107 1292 5162 Ταῦτα
1322 5107 1463 5161 οὕτω
1488 5110 1863 5173 πυνθάνονται,
1889 5111 1972 5163 ὅτι

404 5192 530 5255 περὶ
563 5188 631 5240 τά
654 5188 887 5257 αίσθητά
910 5188 989 5241 ἔτι
1028 5188 1310 5251 διέκειντο,
1339 5192 1383 5243 εί
1420 5190 1513 5243 καὶ
1558 5192 1631 5261 μὴ
1665 5191 1863 5261 ὁμοίως
1895 5192 1971 5255 ὡς

400 5268 665 5338 πρότερον
685 5285 697 5296 ο
724 5270 845 5321 οὐδὲ
867 5270 975 5340 γάρ
993 5271 1203 5323 οὐδέπω
1224 5274 1512 5342 γεγένηντο
1532 5272 1791 5342 βελτίους.
1816 5273 1971 5326 Οῦτω

398 5350 584 5404 λοιπὸν
614 5343 759 5403 οῦτοι
795 5352 1017 5421 μείζονα
1049 5354 1178 5422 περὶ
1208 5354 1376 5406 αύτοῦ
1415 5355 1791 5423 ἐφαντάζοντο.
1817 5356 1969 5408 Ἐπεὶ

398 5430 491 5487 οὖν
522 5435 858 5504 ἀνήχθησαν,
891 5436 985 5487 καὶ
1009 5435 1170 5498 αὐτὸς
1194 5437 1514 5506 ἀνηγμένως
1532 5440 1716 5501 αὐτοῖς
1736 5439 1970 5506 διαλέγε-

400 5534 507 5569 ται.
542 5517 735 5568 υύκέτι
768 5519 878 5588 γάρ
907 5517 1053 5584 λέγει
1076 5519 1212 5587 πρὸς
1249 5520 1462 5583 αὐτοὺς,
1496 5520 1576 5573 ὅτι
1606 5521 1756 5573 Οὑδὲ
1776 5525 1807 5575 ό
1834 5521 1965 5585 Υἱὸς

400 5595 522 5651 εἶδε
542 5598 653 5666 τὴν
677 5600 903 5668 ἡμέραν
920 5616 933 5630 ο
958 5600 1090 5653 ἀλλὰ
1115 5600 1198 5666 τί;
1236 5604 1355 5669 Οὐχ
1388 5601 1552 5670 ὑμῶν
1588 5604 1717 5656 ἐστι
1745 5603 1963 5672 γνῶναι

405 5684 659 5749 χρίνομς
690 5684 725 5749 ἢ
751 5684 1008 5750 καιροὺς,
1034 5685 1140 5750 οὓς
1172 5688 1205 5738 ό
1241 5685 1443 5751 Πατὴρ
1470 5686 1632 5739 ἔθετο
1655 5687 1724 5739 ἐν
1750 5686 1824 5753 τῇ
1851 5687 1964 5752 ἰδίᾳ

402 5767 667 5830 ἐξουσίᾳ.
691 5767 926 5830 Μείζονα
957 5769 1176 5830 αἰτεῖτε,
1210 5768 1358 5836 φησί.
1404 5768 1512 5819 Καὶ
1553 5769 1657 5838 μὴν
1705 5769 1804 5839 ἤδη
1830 5768 1964 5838 ἔμοι-

408 5846 494 5897 θον
534 5849 624 5897 καὶ
656 5846 689 5900 ἃ
735 5848 911 5919 πολλῷ
946 5848 1165 5921 μείζονα
1194 5847 1280 5923 ἦν.
1324 5851 1432 5902 Καὶ
1483 5851 1568 5905 ἵνα
1601 5851 1777 5923 μάθῃς
1806 5849 1960 5904 τοῦτο

2091 3059 2358 3131 ἀκριϐῶς,
2393 3059 2494 3131 ὅρα
2540 3060 2683 3112 πόσα
2732 3054 3177 3129 ἀπαριθμοῦμαι.
3207 3055 3273 3109 Τί
3304 3056 3506 3125 μεῖζον,
3542 3056 3668 3110 εἰπέ

2094 3159 2204 3211 μοι,
2235 3141 2328 3195 τοῦ
2360 3142 2553 3212 μαθεῖν
2575 3142 2772 3204 αὐτοὺς
2797 3141 2940 3211 άπερ
2969 3138 3205 3208 ἔμαθον;
3250 3138 3495 3208 Ἕμαθον
3511 3138 3664 3207 γοῦν,

2088 3223 2168 3275 ὅτι
2205 3223 2333 3283 Υίὸς
2350 3222 2445 3277 τοῦ
2480 3222 2616 3276 Θεοῦ
2648 3224 2783 3286 ἐστι,
2822 3223 2918 3275 καὶ
2949 3221 3077 3273 Υίὸν
3125 3220 3239 3289 ἔχει
3265 3221 3293 3272 6
3322 3220 3456 3281 Θεὸς
3481 3222 3667 3290 ὁμότι-

2092 3322 2191 3373 μον
2210 3322 2222 3335 ·
2246 3305 2567 3375 ἔμαθον,ὂτι
2598 3304 2893 3367 ἀνάστασις
2926 3303 3109 3355 ἔσται·
3145 3302 3370 3371 ἔμαθον,
3400 3303 3481 3355 ὅτι
3503 3304 3663 3355 ἀνελ-

2088 3386 2195 3439 Θὼν
2228 3388 2481 3441 ἐκάθισεν
2510 3389 2568 3440 ἐν
2594 3387 2741 3457 δεξιᾷ
2769 3387 2861 3441 τοῦ
2892 3386 3105 3457 Πατρός
3124 3401 3137 3415 ³
3162 3384 3223 3437 τὸ
3249 3384 3435 3438 τούτου
3464 3402 3663 3454 φρικω-

2085 3469 2335 3540 δέστερον
2354 3470 2573 3540 ἔμαθον,
2591 3472 2673 3523 ὅτι
2697 3470 2835 3539 σὰρξ
2862 3470 2973 3523 ἀνω
2994 3468 3250 3536 κάθηται,
3288 3468 3383 3520 καὶ
3422 3486 3661 3538 προσκυ-

2084 3558 2255 3609 νεῖται
2284 3556 2389 3608 ύπὸ
2428 3555 2673 3621 ἀγγέλων
2695 3571 2707 3584 ·
2754 3554 2977 3622 ἔμαθον,
3016 3553 3099 3605 ὃτι
3128 3551 3248 3621 ἥξει
3277 3551 3438 3604 πάλιν
3476 3555 3660 3621 κρῖναι

2085 3636 2262 3690 πάντα
2292 3636 2380 3688 τὸν
2406 3636 2608 3705 κόσμον
2627 3651 2642 3665 ⁸
2676 3634 2898 3703 ἔμαθον,
2921 3636 3001 3688 ὅτι
3030 3632 3285 3702 μέλλουσι
3316 3632 3659 3686 καθεδεῖσθαι

2084 3718 2179 3771 καὶ
2199 3720 2351 3771 αὐτοὶ
2374 3720 2493 3772 τότε
2522 3718 2704 3788 κριταὶ
2729 3717 2836 3771 τῶν
2860 3716 3067 3781 δώδεκα
3094 3716 3275 3784 φυλῶν
3298 3716 3389 3769 τοῦ
3420 3717 3655 3787 ’ῐσραηλο

2084 3800 2305 3870 ἔμαθον,
2359 3802 2440 3854 ὅτι
2490 3799 2728 3853 Ἰουδαῖοι
2760 3798 3113 3851 ἐκϐάλλονται
3144 3812 3193 3861 ιι,
3227 3800 3277 3851 οί
3310 3799 3365 3850 δὲ
3401 3797 3459 3863 ἐξ
3487 3800 3659 3854 ἐθνῶν

2082 3884 2538 3953 ἀντεισέρχονται.
2564 3883 2637 3935 Τὸ
2663 3881 2833 3935 ταῦτα
2868 3881 3063 3933 είδέναι
3085 3882 3167 3933 ὅτι
3191 3881 3364 3943 ἔσται,
3403 3883 3544 3951 μέγα
3561 3898 3574 3910 ’
3596 3884 3658 3936 τὸ

2081 3965 2136 4018 δὲ
2165 3960 2375 4035 μαθεῖν,
2406 3966 2486 4017 ὅτι
2524 3963 2830 4033 βασιλεύσει
2865 3980 2949 4026 τις
2979 3963 3012 4033 η
3040 3963 3099 4015 τὸ
3128 3964 3278 4023 πότε,
3310 3964 3461 4016 οὐδὲν
3490 3966 3651 4034 μέγα.

2085 4047 2293 4115 Ἐμαθε
2312 4046 2521 4108 Παῦλος
2543 4046 2578 4099 ἀ
2603 4046 2703 4099 οὐκ
2726 4047 2843 4113 ὲξδν
2865 4045 3137 4117 ἀνθρώπῳ
3162 4048 3393 4115 λαλῆσαι
3417 4061 3432 4076 ⁸
3456 4046 3526 4099 τὰ
3550 4049 3655 4117 πρὸ
3680 4070 3717 4097 ς»

2079 4127 2172 4180 τοῦ
2206 4129 2411 4198 κόσμου
2445 4130 2660 4182 ἅπαντα
2692 4129 2881 4197 ἔμαθε.
2914 4130 2979 4181 Τί
3004 4129 3197 4199 μαθεῖν
3229 4128 3650 4199 δυσκολώτερον,

2078 4210 2177 4279 τὴν
2206 4211 2399 4282 ἀρχὴν,
2430 4212 2462 4282 ἢ
2498 4212 2557 4264 τὸ
2582 4211 2732 4275 τέλος
2774 4211 2811 4250 μδ
2838 4227 2852 4277 ;
2885 4210 3143 4283 Εὔδηλον,
3178 4214 3260 4265 ὅτι
3311 4213 3372 4265 τὸ
3416 4212 3651 4283 πρῶτον.

2079 4292 2286 4344 Οὐκοῦν
2306 4292 2462 4345 τοῦτο
2487 4292 2729 4362 Μωῦσῆς
2763 4293 2953 4363 ἔμαθε,
2993 4296 3085 4347 καὶ
3116 4294 3266 4357 πότε,
3298 4294 3389 4347 καὶ
3417 4294 3521 4363 πρὸ
3553 4295 3652 4346 πός

2081 4390 2188 4426 σων
2226 4373 2454 4444 χρόνων,
2493 4374 2732 4429 δείκνυσι
2772 4375 2837 4430 δι’
2864 4369 2938 4428 ὧν
2978 4376 3292 4446 ἀριθμεῖτά
3325 4376 3441 4444 ἔτη.
3482 4374 3654 4427 Τοῦτο

2078 4456 2172 4507 καὶ
2203 4457 2475 4525 Σολομῶν,
2507 4457 2589 4510 διὸ
2630 4460 2724 4511 καὶ
2752 4458 2906 4526 ἔλεγε
2927 4476 2940 4490 ο
2970 4460 3381 4527 Μνημονεύσω
3442 4457 3515 4510 τὰ
3545 4458 3649 4510 ἀπ’

2076 4536 2309 4603 αἰῶνος.
2345 4538 2471 4592 ’Ότι
2500 4538 2678 4592 τοίνυν
2710 4541 2876 4608 ἐγγύς
2904 4542 3052 4593 ἐστιν
3072 4579 3086 4600 ,
3130 4541 3275 4592 ῐσασι
3314 4537 3450 4607 μετὰ
3476 4536 3651 4590 ταῦτα

2078 4623 2170 4674 καὶ
2198 4614 2372 4674 οὗτοισ
2406 4621 2595 4692 ὥσπερ
2622 4623 2714 4675 καὶ
2738 4624 2769 4674 6
2822 4622 3049 4684 Παῦλος,
3082 4621 3255 4687 λέγων
3280 4636 3293 4649 ·
3345 4620 3406 4672 ’0
3432 4619 3652 4686 Κύριος

2074 4703 2274 4771 ἐγγὺς,
2300 4701 2496 4771 μηδὲν
2512 4704 2851 4773 μεριμνᾶτε.
2900 4703 3056 4756 Ἀλλά
3100 4702 3220 4755 τότε
3250 4702 3350 4755 οὐκ
3381 4701 3649 4768 ἔγνωσαν,

2074 4786 2251 4838 καίτοι
2278 4786 2534 4850 λαϐόντες
2571 4791 2865 4859 τεκμήρια.
2926 4788 2982 4839 '0
3016 4786 3073 4839 δέ
3102 4785 3333 4855 Χριστὸς
3356 4785 3543 4852 ὥσπερ
3570 4780 3653 4837 εἷ-

2074 4887 2198 4935 πεν,
2236 4872 2317 4923 Οὐ
2333 4871 2485 4939 μετὰ
2530 4872 2765 4933 πολλὰς
2804 4871 3028 4933 ταύτας
3072 4868 3313 4937 ἡμέρας,
3347 4868 3651 4935 ἀγρυπνεῖν

2073 4952 2272 5015 αὐτοὺς
2308 4952 2647 5022 βουλόμενος,
2682 4952 2776 5003 καὶ
2798 4952 2897 5003 οὐκ
2923 4951 3160 5019 ἐδήλωσε
3194 4948 3444 5017 φανερῶς
3463 4966 3477 4980 ο
3504 4949 3652 5005 οὕτω

2073 5036 2167 5087 καὶ
2193 5034 2288 5087 νῦν
2304 5038 2468 5088 ποιεῖ.
2490 5033 2702 5095 ’Ἄλλως
2732 5033 2810 5097 δὲ,
2840 5033 2931 5085 καὶ
2952 5034 3147 5085 ἐκεῖνοι
3179 5030 3411 5085 ἐνταῦθα
3432 5033 3493 5085 οὐ
3519 5036 3652 5103 περὶ

2074 5117 2405 5181 συντελείας,
2437 5116 2575 5168 ἀλλά
2619 5116 2747 5184 περὶ
2793 5114 3069 5183 βασιλείας
3116 5114 3364 5185 ἐρωτῶσι
3384 5133 3397 5146 ·
3428 5114 3508 5169 διὸ
3536 5118 3647 5179 καὶ,

2074 5202 2144 5253 El
2174 5200 2244 5251 ἐν
2266 5198 2345 5263 τῷ
2383 5210 2405 5237 ο
2432 5202 2630 5267 χρόνῳ
2649 5199 2839 5263 τούτῳ
2863 5198 3369 5266 ἀποκαθιστάνεις
3400 5200 3517 5267 τὴν
3541 5200 3652 5263 ,ϐα-

2070 5282 2311 5334 σιλείαν
2341 5280 2420 5346 τῷ
2453 5281 2731 5350 Ὶσραήλξ
2761 5281 2966 5349 ελεγον.
3012 5281 3071 5335 ’0
3119 5282 3176 5335 δὲ
3206 5284 3328 5336 οὐδὲ
3361 5284 3518 5338 τοῦτο
3546 5285 3649 5336 αύ-

2070 5368 2182 5427 τοῖς
2224 5364 2539 5434 ἐξεκάλυψε.
2598 5365 2732 5434 Περὶ
2762 5365 2818 5418 δὲ
2851 5364 2945 5418 τοῦ
2978 5365 3164 5429 τέλους
3195 5368 3286 5420 καὶ
3318 5367 3422 5437 πρὸ
3451 5366 3645 5419 τούτου

2069 5446 2225 5499 τοῦτο
2252 5446 2479 5517 ἠρώτων
2500 5465 2512 5478 ι
2548 5447 2661 5500 ἀλλ’
2683 5450 2781 5518 οὐχ
2798 5447 2986 5521 ὥσπερ
3016 5451 3131 5503 ἐκεί
3160 5451 3492 5522 ἀπεκρίνατο
3520 5467 3647 5517 σιρο-

2138 5616 2163 5643 ⁸
2188 5615 2293 5679 Duo
2316 5628 2430 5679 mss.
2460 5617 2546 5670 ἔξω
2572 5618 2837 5679 βάλλονται.
2863 5619 2971 5667 Mox
2999 5620 3143 5667 iidem
3167 5620 3305 5666 ἐθνῶν
3329 5618 3641 5679 εἰσέρχονται.

2073 5674 2102 5745 β
2145 5678 2283 5724 Alius
2321 5674 2699 5745 δυσκολώτερον,
2737 5684 2767 5736 ἠ
2795 5682 2943 5745 nam
2984 5682 3013 5736 ἢ
3054 5681 3112 5745 τόΔ
3146 5681 3292 5745 τέλος.
3341 5674 3647 5745 ΙηΐιίρἈυηιιε

2078 5744 2224 5784 lotam
2249 5740 2430 5785 seriem
2456 5747 2609 5787 mulal
2628 5742 2735 5788 sine
2761 5738 3048 5789 ulla'é'ensus
3068 5740 3370 5787 diversilale.
3442 5740 3463 5766 ε
3485 5738 3641 5791 Savil.

2072 5799 2355 5907 {tag‘éxlejivm
2396 5800 2450 5846 οὐ
2475 5803 2580 5864 περὶ
2610 5808 2692 5859 τῆς
2714 5804 2915 5851 καθόλου
2950 5801 3089 5848 αὐτὸν
3121 5802 3317 5862 ἠρώτων
3355 5799 3643 5866 συντελέας,

2072 5872 2127 5905 αλ
2150 5877 2208 5907 κα.
2256 5862 2291 5907 ⁴ἰ
2316 5860 2361 5907 ἐν
2382 5862 2468 5907 τῶ.

2070 5860 2208 5917 ἀλλὰ,
2236 5862 2291 5907 Εἰ
2316 5860 2361 5908 ἐν
2382 5862 2468 5922 τῷ.
