4036 6212
252 336 312 391 π
1215 320 1281 377 ΙΝ
1323 316 1500 377 ACTA
1540 319 1785 376 APOST(

1893 320 2064 375 lliUlil.
2081 321 2312 380 HOMIL.
2356 324 2419 379 ΙΙ.
3401 319 3471 370 26

253 441 344 482 una
364 423 473 495 plus
497 435 577 484 es,
607 430 732 491 post
763 417 1025 487 baptisma
1054 414 1251 485 segnis.
1279 412 1385 466 Sed
1431 423 1637 480 tempus
1663 411 1801 478 Qua-

253 516 525 586 dngesimte
553 510 886 580 exspectas?
922 508 1037 575 Qua
1076 506 1144 561 de
1188 505 1391 560 causa?
1421 519 1543 556 num
1574 503 1800 572 amplius

249 607 352 675 quid
390 603 545 658 habet
577 602 705 656 illud
742 598 997 669 tempus?
1035 596 1272 666 Apostoli
1323 610 1554 664 namque
1593 610 1698 647 non
1740 594 1793 647 in

248 694 483 749 Pascitate
527 690 684 761 gratia
734 687 938 758 dignati
974 696 1122 751 sunt,
1151 685 1242 739 sed
1269 684 1375 738 alio
1403 694 1676 753 tempore:
1707 682 1794 736 illa

248 788 342 839 tria
369 794 423 838 et
439 783 653 852 quinque
678 780 847 835 millia
872 794 977 833 non
1000 780 1051 832 in
1083 776 1340 831 Pascliate
1364 776 1623 845 baptizata
1649 783 1793 838 sunt,

250 886 305 929 nt
347 889 501 944 neque
538 873 851 936 Cornelius,
893 870 1189 934 eunuchus,
1214 879 1266 923 et
1310 868 1400 922 alii
1438 868 1672 939 plurimi.
1720 867 1795 922 Ne

254 965 417 1031 itaque
436 973 634 1030 tempus
657 960 1061 1031 exspeciemus,
1090 968 1145 1014 ut
1176 974 1243 1013 ne
1266 966 1576 1012 cunctantes
1604 966 1657 1011 et
1695 957 1796 1010 dif-

256 1057 470 1116 ferentes.
501 1054 653 1108 vacui
685 1064 741 1109 et
765 1063 1016 1123 expertes
1046 1062 1309 1107 tantorum
1341 1052 1601 1106 bonorum
1634 1052 1793 1106 abea-

253 1159 368 1196 litus.
392 1144 651 1210 Quantum
698 1145 893 1212 putatis
940 1159 1028 1198 me
1065 1142 1374 1197 discruciari
1407 1181 1421 1207 ,
1468 1155 1587 1195 cum
1635 1142 1794 1196 audio

241 1236 520 1303 quempiam
550 1249 654 1288 non
693 1234 960 1288 initiatum
997 1234 1194 1288 obiisse
1215 1274 1228 1296 ,
1261 1242 1315 1286 et
1339 1233 1515 1301 cogito
1543 1232 1796 1286 intolera—

236 1327 350 1380 bilia
374 1327 459 1379 illa
486 1326 735 1395 supplicia
759 1325 1227 1393 inevitabilemqne
1248 1324 1540 1377 cruciatum
1559 1322 1585 1375 ?
1611 1336 1793 1375 rursus

238 1431 384 1481 quam
412 1430 596 1485 angor,
623 1430 743 1468 cum
784 1416 919 1469 alios
950 1415 1104 1468 rideo
1131 1414 1194 1466 ad
1226 1422 1524 1467 extremum
1568 1412 1789 1465 halitum

239 1503 495 1570 deductos,
526 1522 637 1559 non
670 1516 846 1559 tamen
890 1504 1251 1574 resipiscere?
1297 1503 1420 1558 Ideo
1456 1502 1614 1556 multa
1664 1503 1792 1557 fiunt

240 1594 327 1647 hoc
352 1603 479 1647 tanto
498 1596 647 1649 dono
686 1597 918 1666 indigna.
953 1598 1023 1650 At
1060 1610 1181 1649 cum
1208 1603 1481 1666 oporteret
1508 1594 1783 1663 gaudere,

234 1683 430 1737 choreas
452 1701 642 1755 agere,
674 1686 866 1750 lauari,
890 1685 1156 1747 coronari,
1185 1700 1302 1738 cum
1332 1683 1591 1757 quispiam
1622 1683 1791 1737 initia-

237 1784 340 1837 tur;
364 1774 571 1844 quando
596 1776 784 1845 :rgroti
814 1790 949 1829 uxor
974 1775 1142 1839 audit,
1171 1774 1221 1828 id
1246 1790 1275 1826 a
1302 1772 1512 1827 medico
1536 1782 1789 1829 statutum

234 1864 393 1930 fuisse,
416 1868 566 1937 quasi
599 1869 652 1921 in
684 1881 879 1937 magno
909 1866 1202 1921 infortunio
1228 1865 1470 1934 plangit,
1503 1874 1555 1917 et
1590 1863 1791 1917 lamen-

233 1963 353 2006 tatur
372 1955 442 2024 (a)
470 1973 485 2009 :
514 1956 641 2009 hinc
662 1957 893 2026 gemitus
912 1965 967 2010 et
986 1955 1213 2025 ejulatus
1230 1969 1332 2031 per
1359 1962 1522 2011 totam
1549 1952 1787 2015 domum,

228 2061 281 2099 ac
318 2048 360 2100 si
402 2046 685 2101 damnatus
726 2048 989 2117 quispiam
1030 2046 1097 2101 ad
1139 2060 1325 2101 necem
1351 2045 1652 2103 duceretur.
1699 2042 1790 2097 llle

227 2151 425 2204 quoque
450 2147 578 2190 tunc
600 2138 768 2207 magis
796 2138 943 2192 dolet
962 2178 977 2202 ,
1009 2145 1064 2191 et
1088 2135 1130 2189 si
1154 2151 1182 2188 a
1214 2134 1401 2189 morbo
1430 2134 1786 2198 convalescat,

225 2224 431 2288 pravius
454 2227 717 2279 cruciatur
734 2266 748 2290 ,
774 2242 834 2279 ac
860 2228 903 2279 si
942 2240 1133 2296 magno
1153 2225 1375 2279 allectus
1402 2232 1544 2278 esset
1570 2222 1787 2277 damno.

223 2314 345 2379 Quia
366 2316 505 2367 enim
528 2330 632 2369 non
662 2325 774 2369 erat
801 2316 866 2368 ad
891 2316 1138 2369 virtutem
1159 2322 1493 2384 praeparatus
1513 2354 1527 2375 ,
1557 2313 1791 2382 segniter

220 2403 321 2470 agit
346 2402 598 2474 deinceps
620 2445 636 2468 ,
678 2414 733 2459 et
770 2406 1056 2460 certamina
1108 2404 1316 2475 refugit.
1348 2404 1534 2465 \‘ideu‘
1563 2411 1790 2473 quantas

222 2493 495 2546 machinas
521 2495 765 2548 diabolus
801 2504 1056 2565 apparet,
1089 2505 1346 2564 quantum
1384 2480 1591 2557 risum,
1622 2506 1789 2562 quan-

220 2592 326 2635 tum
358 2582 689 2638 ludibrium?
720 2585 798 2640 Ab
825 2585 919 2639 hoc
948 2586 1129 2654 itaque
1175 2583 1407 2638 ludibrio
1452 2597 1551 2638 nos
1590 2582 1788 2637 subdu-

275 2710 348 2771 (α)
374 2718 503 2776 Tunc
528 2714 695 2774 utique
717 2712 878 2776 multi,
903 2726 1025 2775 quos
1049 2712 1337 2776 frequenter
1360 2710 1789 2776 carpunt_Cltryso-

221 2778 414 2831 ﬂauius,
438 2772 735 2835 Augustinus
758 2772 943 2835 aliique
964 2772 1158 2833 Patres;
1180 2772 1468 2835 baptismum
1496 2772 1791 2835 differebant

219 2844 369 2892 usque
392 2832 643 2896 adiutimis
660 2832 936 2883 articulum.
968 2836 1010 2883 si
1031 2832 1221 2896 quando
1248 2832 1399 2896 igitur
1418 2832 1598 2881 medici
1622 2846 1789 2881 mone-

218 2901 329 2938 rent
368 2893 716 2952 periclitantem
750 2893 1062 2956 coujugatuni
1107 2893 1439 2956 baptizandutn
1479 2906 1621 2956 esse,
1660 2905 1787 2941 uxor

220 2964 361 3017 quasi
402 2967 514 3005 mox
553 2958 774 3004 amissura
814 2954 1002 3015 vit-uin,
1031 2954 1238 3017 ejttlatus
1274 2968 1475 3017 magnos
1492 2954 1709 3017 edebat;
1732 2961 1789 3002 ut

221 3014 372 3079 etiam
415 3025 540 3063 nunc
572 3027 698 3079 sepe
735 3017 1003 3078 contingit,
1024 3014 1213 3079 quando
1235 3014 1376 3079 aegro
1391 3014 1687 3065 conferenda
1712 3020 1790 3062 est

222 3078 449 3123 extrema
474 3078 638 3126 unctio.

223 3182 259 3192 -

1905 428 2086 468 camus
2115 432 2128 469 :
2163 417 2398 469 vivamus
2425 425 2480 470 ut
2509 416 2761 486 praecepit
2779 414 3044 472 Christus.
3075 415 3196 472 Ideo
3218 417 3479 488 baptisma

1915 504 2050 559 icdit
2070 545 2085 571 ,
2118 521 2220 559 non
2252 517 2306 560 ut
2332 508 2510 560 statim
2541 505 2891 561 abscedamus
2913 547 2928 572 ,
2956 506 3051 562 sed
3081 516 3138 561 ut
3166 518 3285 575 post
3311 508 3481 578 bapti-

1902 612 2076 650 smum
2098 599 2337 652 viventes
2351 597 2550 652 fructus
2571 596 2919 665 proferamus.
2934 599 3215 664 Quomodo
3235 600 3451 653 abeunti

1878 697 1958 742 et
1986 689 2167 744 exciso
2212 691 2356 744 dices
2376 733 2389 755 ,
2421 688 2743 745 Fructilica?
2773 705 2877 745 non
2908 691 3120 758 audisti,
3149 692 3290 763 quod
3338 692 3473 746 Fru-

1902 791 2011 833 ctus
2041 781 2266 850 Spiritus
2305 784 2389 845 sit,
2417 784 2624 849 caritas,
2657 783 2919 854 gaudium,
2948 799 3051 853 pax
3074 782 3216 852 (Gal.
3248 786 3301 839 5.
3333 784 3427 855 22)
3451 786 3476 837 '2

1902 869 2180 936 Quomodo
2228 871 2386 941 igitur
2434 872 2698 926 contraria
2742 872 3047 926 eveniunt?
3091 872 3299 928 Etenim
3346 889 3480 928 uxor

1901 958 2077 1012 adstat
2101 959 2305 1028 lugens,
2331 976 2450 1014 cum
2478 961 2709 1029 gaudere
2732 968 3036 1029 oporteret;
3067 960 3218 1015 liberi
3246 961 3476 1029 plorant.

1901 1063 2021 1102 cum
2052 1051 2301 1118 gratulari
2337 1067 2430 1120 par
2458 1059 2639 1106 esset:
2670 1052 2714 1105 is
2736 1051 2849 1121 ipse
2873 1052 2959 1121 qui
2980 1053 3124 1119 jacet
3150 1051 3474 1106 obtenebra-

1902 1139 2743 1209 tus,tumultuacperturbatione
2774 1142 2962 1211 plenus
2988 1150 3101 1208 est,
3147 1157 3268 1197 cum
3312 1156 3477 1212 opor-

1902 1241 2037 1287 teret
2070 1231 2261 1286 festum
2290 1248 2489 1301 agere;
2522 1232 2573 1286 in
2606 1248 2838 1289 maerore
2866 1243 3026 1296 totus,
3057 1234 3195 1303 quod
3225 1233 3363 1289 ﬁlios
3385 1249 3479 1288 or-

1900 1322 1997 1375 bos
2044 1324 2342 1392 relinquat,
2378 1337 2596 1376 uxorem
2644 1322 2875 1387 viduam,
2926 1324 3141 1377 domum
3187 1323 3476 1377 desertam.

1898 1410 2033 1465 Num
2082 1413 2160 1465 sic
2184 1451 2199 1473 ,
2243 1427 2445 1481 quwso,
2476 1412 2750 1467 acceditur
2790 1413 2856 1467 ad
2893 1413 3186 1483 mysteria?
3225 1429 3351 1467 num
3402 1416 3481 1468 sic

1899 1503 2077 1557 aditur
2102 1519 2249 1557 saera
2282 1519 2463 1557 mensa
2487 1504 2509 1557 ?
2538 1503 2772 1558 haeccine
2797 1504 3059 1559 ferenda?
3087 1504 3143 1559 Si
3183 1503 3479 1573 Imperator

1900 1592 2076 1646 missis
2126 1593 2291 1647 literis
2319 1594 2525 1647 vinctos
2552 1594 2604 1647 in
2632 1609 2846 1649 carcere
2884 1594 3088 1655 solvat.
3118 1594 3367 1664 gaudium
3396 1606 3478 1649 est

1898 1700 1962 1739 ac
2005 1685 2186 1738 laetitia
2218 1702 2231 1738 :
2267 1686 2407 1740 Deus
2452 1695 2629 1740 autem
2680 1686 2846 1740 mittit
2890 1686 3147 1755 Spiritum
3195 1686 3260 1740 de
3288 1687 3475 1750 emlis,

1898 1790 2005 1828 non
2048 1776 2288 1844 pecuniae
2318 1775 2604 1845 reliquias,
2637 1775 2730 1829 sed
2763 1776 3006 1829 universa
3037 1785 3249 1843 peccata
3278 1776 3479 1830 condo.

1897 1880 2050 1929 nans,
2077 1881 2367 1935 omnesque
2392 1866 2583 1935 lugetis
2608 1874 2663 1921 et
2689 1865 3034 1936 ingemiscitis
3054 1866 3077 1918 ?
3101 1865 3230 1932 Qua:
3256 1876 3337 1919 est
3366 1864 3478 1919 haec

1899 1957 2229 2026 inrequalitas
2251 1958 2273 2010 ?
2292 1956 2537 2009 Nondum
2557 1955 2698 2010 enim
2721 1956 2861 2021 dico,
2888 1954 3029 2023 quod
3058 1955 3280 2007 mortuis
3302 1953 3476 2008 infusa

1896 2049 2140 2115 sitaqua,
2172 2055 2226 2100 et
2255 2045 2393 2115 quod
2418 2053 2601 2099 sancta
2631 2046 2869 2113 projecta
2895 2045 3001 2097 sint
3028 2043 3079 2096 in
3105 2052 3300 2097 terram
3327 2059 3341 2095 :
3365 2058 3471 2095 non

1897 2139 2038 2192 enim
2066 2150 2164 2191 nos
2195 2137 2246 2189 in
2274 2150 2433 2190 causa
2456 2149 2662 2197 sumus,
2691 2133 2785 2188 sed
2815 2133 3003 2203 ingrati
3022 2132 3259 2202 quidam.
3290 2133 3479 2187 Proin-

1896 2227 1964 2283 de
1992 2242 2125 2298 rogo
2149 2268 2164 2289 ,
2194 2235 2254 2280 ut
2292 2225 2539 2279 omnibus
2565 2224 2779 2279 omissis
2804 2223 3161 2292 nosmetipsos
3193 2232 3476 2278 converta-

1898 2333 2016 2372 mus
2040 2360 2055 2384 ,
2096 2326 2150 2373 et
2174 2332 2293 2372 eum
2322 2317 2465 2370 onmi
2494 2315 2770 2369 alacritate
2797 2314 2863 2368 ad
2896 2315 3214 2383 baptismum
3256 2314 3477 2369 acceda-

1895 2424 2052 2474 mus;
2077 2419 2135 2463 ut
2154 2424 2273 2463 cum
2296 2410 2313 2439 ί
2336 2408 2387 2461 in
2412 2406 2660 2477 praesenti
2681 2406 2787 2461 vita
2812 2421 3055 2475 magnam
3078 2405 3478 2461 exitibuerimtts

1899 2501 2269 2571 diligentiam,
2300 2497 2531 2552 futuram
2575 2512 2967 2567 consequamur
3004 2496 3247 2551 ﬁduciam
3273 2516 3285 2551 :
3316 2512 3477 2566 quam

1895 2607 1993 2648 nos
2041 2606 2228 2646 omnes
2266 2590 2476 2659 assequi
2516 2590 2810 2659 contingat,
2840 2590 3010 2659 gratia
3054 2597 3109 2643 et
3153 2589 3476 2659 benignitate

1897 2682 2105 2738 Domini
2134 2681 2300 2735 nostri
2330 2680 2459 2733 Jesu
2484 2679 2707 2745 Christi,
2730 2680 2815 2733 cui
2841 2680 3010 2749 gloria
3038 2689 3093 2734 et
3113 2679 3393 2751 imperium
3421 2680 3473 2733 in

1895 2773 2086 2829 Saecula
2131 2770 2469 2826 sceculorum.
2502 2770 2694 2822 Amen.

1959 2951 1975 2979 ι
2012 2943 2149 3010 Alius
2442 2946 2517 3010 ait,
2538 2939 2762 3010 cantibus
2795 2937 3001 3010 omissis,
3021 2938 3147 3010 illud
3155 2953 3395 3010 cruentus
3415 2955 3475 3010 ne

1893 3014 2004 3061 ante
2024 3002 2338 3067 initiationem
2356 3015 2421 3055 ea:
2442 3002 2535 3059 hac
2558 3002 2659 3067 vita
2673 3002 3001 3067 egrediantur,
3028 3002 3322 3063 Baptismum
3338 3003 3470 3053 σει-ί-

1895 3081 2010 3133 pere
2031 3061 2304 3130 festinantes
2327 3077 2436 3114 cum
2457 3062 2588 3114 omni
2610 3061 2861 3114 alaEritate
2882 3074 2902 3125 ;
2924 3068 2975 3111 ut
2991 3061 3120 3121 cuni,
3155 3071 3257 3112 etc.

1585 3244 1930 3309 HOMILIA
1970 3244 2051 3311 ΙΙ.

220 3387 336 3441 Car.
373 3389 422 3441 1.
451 3405 501 3440 r.
528 3389 582 3444 6.
633 3388 802 3460 Igitur
852 3391 935 3459 qui
983 3398 1353 3452 convenerant,
1405 3388 1787 3457 interrogabant

286 3494 398 3529 οιιιι
448 3479 657 3532 dicentes
682 3496 701 3534 :
724 3480 957 3547 Domine,
999 3480 1123 3535 siin
1166 3488 1388 3549 tempore
1424 3479 1522 3532 hoc
1563 3477 1788 3531 restitues

290 3580 503 3633 regnum
526 3567 719 3621 lucet?

289 3655 341 3707 1.
388 3654 634 3725 Discipuli
655 3657 1021 3729 interrogaturi
1043 3658 1200 3713 simul
1215 3658 1434 3718 adeunt,
1474 3656 1788 3711 utmultitu-

208 3742 347 3797 diuis
374 3747 671 3801 reverentia
696 3750 1099 3817 responsionem
1121 3748 1417 3803 obtineant.
1447 3745 1697 3802 Sciebant
1734 3745 1785 3799 id

202 3834 341 3903 quod
388 3851 562 3906 nuper
606 3836 836 3903 dixerat,
887 3837 1051 3892 Nemo
1095 3839 1230 3893 novit
1262 3838 1395 3895 diem
1421 3836 1650 3906 (Matth.
1690 3833 1782 3889 21.

205 3922 341 3991 56),
372 3925 693 3995 repellentis
719 3928 906 3994 fuisse,
946 3944 1116 3999 neque
1144 3929 1457 3999 ignorantis,
1511 3926 1604 3981 sed
1629 3924 1783 3981 diﬂ'e-

202 4018 359 4070 tentis
386 4018 807 4086 responsionem
833 4019 1006 4075 :unde
1027 4018 1505 4081 rursusaccedunt,
1535 4026 1589 4073 et
1618 4018 1782 4072 inter-

203 4118 401 4174 rogant.
447 4107 571 4162 Non
607 4117 791 4163 autem
827 4109 1266 4179 interrogassent,
1297 4110 1398 4166 nisi
1426 4109 1478 4163 id
1503 4124 1629 4164 vere
1657 4123 1781 4179 per-

196 4207 405 4253 m
422 4198 767 4254 habuissent.
794 4201 929 4267 Quia
952 4203 1093 4256 enim
1122 4202 1420 4268 audierant,
1452 4216 1511 4257 se
1530 4201 1782 4271 Spiritum

198 4298 429 4344 nam
452 4300 780 4360 accepturos
799 4307 921 4348 esse
951 4302 1008 4348 ut
1020 4291 1131 4362 jam
1150 4294 1296 4363 digni
1318 4295 1371 4349 id
1400 4293 1646 4348 volebant
1663 4292 1769 4348 edi-

196 4390 357 4445 tum.
375 4382 495 4450 jam
510 4384 695 4451 .parati
719 4383 787 4437 ad
812 4384 1111 4440 libertatem
1126 4386 1492 4441 obtinendam.
1508 4384 1623 4439 Non
1639 4384 1780 4439 enim

196 4469 433 4525 valebant
451 4487 523 4527 se
545 4472 599 4527 in
621 4474 860 4544 pericula
880 4473 1166 4545 conjicere,
1189 4474 1283 4530 sed
1306 4476 1478 4544 potius
1490 4474 1778 4543 respirare,

195 4570 253 4611 ω
276 4563 418 4630 quod
449 4579 569 4617 non
592 4565 782 4634 exigua
809 4576 1011 4633 essent,
1040 4584 1158 4637 qua:
1176 4567 1282 4625 illis
1300 4567 1655 4636 contigerant,
1682 4565 1779 4620 sed

192 4651 255 4703 de
273 4657 539 4709 extremis
573 4656 858 4725 periclitati
886 4668 1086 4714 essent.
1126 4657 1265 4713 Nihil
1304 4657 1464 4727 igitur
1490 4657 1558 4713 de
1582 4657 1779 4727 Spiritu

189 4737 414 4812 laqueti,
459 4748 548 4800 sic
594 4748 965 4819 interrogant:
999 4748 1236 4813 Domine,
1283 4751 1327 4803 si
1358 4752 1410 4802 in
1448 4761 1667 4819 (corpore
1688 4749 1783 4805 hoc

188 4833 413 4890 raris-ta
437 4854 663 4908 regnum
689 4837 855 4893 Israel
874 4842 900 4895 γ
926 4840 1041 4896 Non
1069 4841 1341 4906 dixerunt,
1368 4840 1636 4906 Quando?
1662 4841 1777 4907 sed,

191 4922 279 4974 An
308 4941 450 4981 -οε
469 4931 501 4981 Υ
545 4929 686 4986 adeo
707 4930 1083 4987 desiderabant
1106 4933 1247 4987 diem
1274 4947 1615 5002 cognoscere.
1658 4933 1782 4989 Ideo

180 5013 369 5067 multo
390 5030 511 5072 tua
528 5019 741 5075 honore
768 5021 986 5077 adeunt.
1014 5022 1152 5078 Puto
1179 5030 1357 5077 autem
1386 5022 1506 5077 illos
1534 5038 1639 5078 non
1666 5024 1778 5079 cla-

174 5119 237 5157 re
280 5104 509 5161 novin:
534 5151 547 5174 ,
591 5111 869 5182 quodnam
908 5114 1201 5170 essetillud
1251 5129 1470 5185 regnum
1502 5132 1516 5169 :
1546 5117 1779 5173 nondum

166 5196 320 5250 enim
370 5195 611 5267 Spiritu
638 5202 765 5255 illos
792 5203 1062 5259 docuerat.
1102 5204 1214 5259 Nec
1239 5205 1507 5271 dixerunt,
1546 5205 1780 5274 Quando

167 5285 281 5343 hc
302 5301 480 5346 erunt
506 5293 529 5345 ?
557 5294 655 5349 sed
674 5295 803 5364 quid
831 5295 856 5346 9
894 5296 955 5351 Si
981 5296 1032 5350 in
1063 5306 1287 5368 tattpore
1315 5297 1411 5351 hoc
1438 5298 1666 5353 restitues
1693 5315 1778 5353 re-

161 5395 321 5448 με·
370 5381 557 5437 [uel
582 5385 610 5438 1
636 5394 822 5454 utpote
863 5387 1006 5456 quod
1052 5388 1163 5457 jam
1200 5389 1495 5444 exciderat.
1543 5388 1666 5445 Hzec
1706 5390 1777 5444 ita

163 5473 556 5540 adnitantur,
594 5477 725 5547 quia
751 5492 874 5547 erga
906 5480 1174 5536 sensibilia
1201 5480 1376 5538 adhuc
1395 5481 1570 5539 allecti
1596 5491 1773 5549 erant,

159 5566 253 5617 cui
282 5584 403 5620 ιιηιι
438 5575 712 5636 quantum
740 5578 892 5624 antea
926 5570 1201 5628 :nondum
1241 5574 1383 5631 enim
1420 5574 1675 5630 meliores
1701 5573 1778 5627 fa-

160 5658 221 5707 ui
243 5668 435 5711 erant.
457 5658 558 5713 Sic
582 5659 803 5715 demum
829 5660 884 5716 1ιί
906 5660 1105 5731 majora
1122 5664 1187 5721 de
1210 5668 1296 5726 illo
1320 5665 1763 5739 imaginabantur.

1896 3385 2026 3454 Quia
2067 3384 2228 3455 igitur
2258 3384 2329 3439 ad
2368 3383 2560 3443 altiora
2590 3383 2828 3452 provecti
2859 3393 3032 3447 erant.
3078 3392 3141 3439 .et
3166 3384 3281 3455 ipse
3305 3385 3476 3441 subli-

1890 3476 2029 3530 mius
2054 3489 2148 3530 eos
2168 3474 2472 3545 alloquitur.
2494 3473 2610 3531 Non
2641 3474 2751 3545 jam
2770 3477 2919 3531 enim
2950 3476 3016 3535 ita
3044 3473 3175 3533 dicit
3199 3477 3302 3531 illis
3326 3494 3340 3533 :
3370 3476 3479 3531 Ne-

1890 3584 1984 3638 que
2012 3567 2182 3622 Filius
2208 3568 2341 3621 diem
2383 3567 2518 3623 norit
2549 3568 2567 3637 (
2594 3566 2759 3621 Marc.
2789 3568 2876 3623 15.
2908 3567 2979 3623 32
3006 3567 3024 3637 )
3049 3584 3065 3633 ;
3095 3568 3189 3622 sed
3219 3569 3385 3638 quid?
3417 3571 3470 3622 7.

1894 3659 2013 3714 Non
2033 3669 2105 3713 est
2120 3669 2336 3714 vestrum
2356 3676 2501 3713 nosse
2535 3670 2762 3729 tempora
2781 3660 2857 3713 vel
2880 3671 3151 3725 momenta,
3179 3678 3293 3732 qua
3320 3662 3478 3716 Pater

1890 3750 2056 3819 posuit
2094 3750 2146 3802 in
2184 3766 2278 3804 sua
2324 3759 2584 3817 potestate.
2617 3748 2816 3817 Majora
2850 3791 2868 3817 ,
2908 3749 3080 3819 inquit
3110 3791 3125 3814 ,
3172 3753 3473 3820 postulatis.

1891 3839 2048 3908 Atqui
2101 3838 2257 3906 longe
2303 3838 2539 3905 majora,
2584 3838 2791 3905 inquies
2822 3879 2841 3906 ,
2892 3841 3003 3909 jam
3048 3840 3364 3897 didicerant.
3406 3842 3474 3899 Ut

1888 3938 2065 3986 autem
2114 3928 2215 3982 hoc
2267 3938 2518 3982 accurate
2562 3927 2760 3992 discas,
2788 3931 3060 4000 perpende
3104 3947 3263 4000 quam
3306 3934 3473 3988 multa

1889 4032 2218 4075 recenseam.
2258 4016 2417 4085 Quid,
2448 4030 2649 4086 quaeso,
2677 4016 2849 4084 majus
2876 4018 2963 4081 iis,
2987 4033 3108 4087 quae
3135 4018 3475 4075 didicerant?

1887 4110 1991 4181 Ipsi
2022 4124 2351 4180 nempeesse
2370 4108 2564 4164 Filium
2598 4108 2713 4172 Dei,
2742 4122 2862 4169 esse
2887 4107 3032 4165 Patri
3058 4106 3264 4167 honore
3291 4124 3471 4178 parem

1886 4203 2185 4258 didicerant
2237 4204 2255 4273 (
2283 4199 2443 4256 Joan.
2473 4202 2527 4257 5.
2563 4202 2647 4256 17.
2676 4198 2776 4271 19)
2806 4217 2820 4265 ;
2868 4199 3316 4259 resurrectionem
3350 4202 3475 4258 lore

1888 4306 1905 4364 (
1931 4293 2117 4348 Matth.
2140 4295 2224 4348 i7.
2248 4293 2312 4365 9)
2334 4334 2349 4355 ,
2380 4294 2552 4363 ipsum
2573 4292 3238 4353 ascendentem-sessumm
3250 4293 3327 4357 ad
3345 4293 3472 4351 dex-

1888 4395 2051 4441 teram
2078 4383 2291 4453 Patris(
2308 4383 2434 4441 Luc.
2460 4383 2550 4439 ξε.
2578 4384 2667 4440 69.
2714 4383 2883 4440 Μαι-ο.
2915 4384 3005 4441 16.
3030 4384 3104 4441 19
3124 4383 3323 4456 ).1ὶθιιι
3348 4388 3471 4443 item

1880 4476 2054 4545 magis
2082 4474 2399 4544 stupendum
2424 4472 2744 4539 didicerant,
2781 4474 2923 4545 quod
2964 4489 3093 4534 caro
3120 4492 3353 4547 superne
3382 4493 3470 4533 se-

1883 4565 2028 4633 deat,
2072 4575 2127 4621 et
2166 4565 2421 4621 adoretur
2446 4566 2514 4621 ab
2547 4566 2769 4636 angelis,
2817 4567 2957 4636 quod
2991 4569 3181 4625 iterum
3213 4579 3473 4631 uenturus

1886 4656 1955 4710 sit
1973 4655 2810 4725 judicaremundumuniversum
2838 4658 3051 4724 (Matth.
3080 4661 3174 4717 16.
3203 4662 3294 4725 27.
3334 4663 3464 4717 Lur.

1876 4747 1978 4804 '2].
2009 4746 2077 4804 27
2106 4750 2123 4820 )
2154 4766 2167 4802 :
2199 4748 2517 4815 didicerant,
2558 4751 2700 4820 quod
2741 4752 2838 4820 ipsi
2867 4767 3089 4823 quoque
3117 4762 3242 4809 tunc
3270 4757 3469 4819 sessuri

1882 4852 2065 4898 essent
2087 4843 2298 4913 judiees
2326 4843 2609 4905 duodecim
2643 4844 2876 4902 tribuum
2921 4845 3081 4901 Israel
3110 4846 3343 4916 (Matth.
3379 4848 3465 4901 i9.

1883 4931 1991 5004 23)
2020 4951 2033 4987 :
2060 4934 2358 4990 didicerant
2376 4934 2590 4991 Iudaeos
2610 4935 2903 5005 ejiciendus
2922 4951 3069 5002 esse,
3099 4945 3257 5006 atque
3281 4951 3466 4992 eorum

1886 5024 2006 5079 loco
2038 5025 2373 5093 ingressurus
2394 5025 2636 5099 3ge.nttss(
2660 5025 2784 5079 Luc.
2812 5025 2902 5080 21.
2932 5026 3003 5081 24
3023 5026 3063 5096 ).
3112 5026 3327 5083 Discere
3355 5028 3468 5083 haec

1884 5115 2057 5170 futura
2082 5129 2224 5181 esse,
2250 5130 2502 5185 magnum
2534 5123 2638 5179 est;
2667 5115 2877 5170 discere
2894 5130 3021 5173 vero
3040 5158 3055 5183 ,
3086 5117 3468 5187 .aliquemesso

1883 5219 2245 5279 regnaturum,
2283 5219 2339 5266 et
2356 5210 2574 5281 quando
2611 5210 2662 5266 id
2697 5212 2927 5280 accidet,
2968 5230 3076 5269 non
3116 5216 3187 5272 ita
3212 5234 3463 5289 maguum

1882 5312 1984 5358 cst.
2016 5303 2208 5358 Didicit
2233 5303 2430 5358 Paulus
2459 5319 2581 5374 qua:
2610 5320 2714 5360 non
2746 5305 2943 5363 licebat
2969 5306 3173 5365 homini
3200 5311 3342 5379 loqui
3370 5312 3463 5381 (2.

1882 5393 2000 5448 Cor.
2028 5394 2113 5449 12.
2142 5396 2177 5449 ι
2197 5394 2238 5465 ),
2259 5394 2437 5450 omnia
2465 5411 2583 5465 qua:
2606 5397 2862 5455 mundum
2892 5397 3033 5455 hunc
3054 5413 3460 5470 praecesserant.

1883 5483 2068 5540 Utrum
2110 5485 2321 5543 discere
2350 5485 2729 5545 dil‘liciliusest
2750 5528 2765 5555 ,
2818 5491 3138 5562 principium
3158 5509 3225 5546 an
3248 5494 3411 5553 linem
3438 5491 3461 5542 9

1881 5574 2089 5647 Liquet,
2121 5576 2269 5645 prius
2288 5590 2408 5633 esse
2434 5578 2728 5634 difﬁcilius.
2751 5578 2913 5649 Atqui
2940 5581 2991 5635 id
3020 5581 3228 5652 Moyses
3254 5581 3457 5643 didicit,

1881 5676 1932 5722 at
1959 5667 2172 5740 quando
2198 5678 2252 5726 et
2280 5680 2483 5741 quanto
2512 5680 2636 5729 ante
2664 5681 2907 5740 tempore
2924 5670 3185 5733 declarat,
3211 5685 3333 5724 cum
3358 5683 3457 5722 an-
