4026 6216
482 442 553 505 ΞἸ
1202 430 1259 486 S.
1296 423 1575 484 JOANNIS
1608 407 2085 477 CHRYSOSTOMI
2130 402 2445 459 ARCIIIEP.
2473 389 3004 453 CONSTANTINOP.
3670 381 3739 436 28

488 580 585 617 nos
609 560 901 615 enumerat.
963 550 1076 606 Hoc
1113 555 1169 602 et
1221 544 1474 600 Salomon
1520 534 1761 595 sciebat;
1792 527 1914 581 ideo
1939 522 2012 574 ait
2043 537 2055 570 ς

487 613 895 709 commemorabo
911 661 990 709 ea,
1010 656 1123 712 quis
1143 642 1346 712 fuerunt
1369 650 1401 686 α
1418 630 1601 686 sarculo
1620 622 1804 692 (Eccli.
1827 619 1915 671 5|.
1953 613 2060 681 il).

489 742 639 811 Quod
664 753 824 809 porro
855 735 1112 790 Dominus
1140 744 1305 802 prope
1331 725 1431 789 sit,
1486 721 1540 774 lii
1569 712 1757 787 postea
1782 712 2063 766 noverunt,

491 843 549 889 ut
602 793 683 886 et,
711 829 926 891 Paulus,
961 826 1047 895 qui
1095 793 1534 877 dicitiDominus
1590 819 1745 875 prope
1790 809 1890 862 est,
1939 793 2069 848 nihil

499 923 707 999 solliciti
750 922 862 976 sitis
908 917 1165 988 (Philipp.
1191 914 1248 967 4.
1276 911 1329 965 5.
1359 907 1457 977 6).
1500 901 1608 958 Sed
1652 908 1777 952 tunc
1820 904 1926 945 non
1969 900 2071 939 no-

497 984 717 1081 verant:
751 1011 960 1066 tametsi
990 984 1137 1077 signa
1165 1006 1272 1073 jam
1306 999 1641 1066 acceperant.
1698 984 1941 1040 Christus
1972 992 2070 1029 au-

497 1122 605 1165 tem
660 1115 719 1161 ut
773 1104 941 1166 dixit,
989 1069 1110 1152 Non
1162 1069 1275 1165 post
1323 1091 1505 1144 multos
1560 1084 1651 1136 hos
1697 1078 1802 1130 dies
1833 1115 1848 1139 ,
1888 1069 2073 1123 volens

497 1202 620 1254 illos
660 1197 844 1266 vigiles
889 1206 1028 1258 esse,
1073 1202 1174 1243 nec
1201 1184 1474 1241 evidenter
1500 1190 1612 1230 rem
1641 1164 1928 1226 declaravit
1962 1179 1974 1213 :
2004 1159 2074 1241 ita

501 1301 558 1345 et
579 1304 719 1343 nunc
745 1286 887 1341 facit.
917 1283 997 1337 Illi
1036 1289 1212 1334 autem
1255 1275 1339 1328 hic
1370 1286 1473 1325 non
1496 1267 1564 1321 de
1594 1254 2071 1319 consummatione,

501 1381 598 1437 sed
632 1380 700 1435 de
720 1392 885 1448 regno
917 1376 1282 1439 interrogant;
1320 1364 1547 1431 ideoque
1579 1354 1826 1410 dicebant
1857 1365 1872 1401 :
1915 1345 1975 1400 Si
2022 1342 2077 1393 in

502 1483 729 1541 tempore
783 1470 877 1521 hoc
937 1465 1165 1518 restitues
1229 1470 1437 1528 regnum
1499 1446 1664 1503 Israel
1695 1444 1749 1496 “2
1801 1440 1893 1494 Ille
1951 1446 2079 1488 vero

511 1576 685 1631 neque
735 1559 784 1613 id
829 1559 909 1612 eis
950 1551 1224 1609 revelavit.
1266 1526 1341 1602 De
1382 1546 1484 1598 (ine
1526 1548 1703 1594 autem
1743 1531 1967 1587 antehac
2001 1526 2080 1579 in-

506 1646 882 1723 terrugabant;
932 1647 1024 1703 sed
1069 1661 1174 1699 non
1215 1634 1658 1712 quemadmodum
1695 1628 1803 1682 illic
1844 1618 2082 1676 severius

509 1743 818 1814 respondit,
867 1713 1299 1793 abducensillos,
1348 1744 1415 1783 ue
1445 1729 1688 1795 putarent
1714 1713 2081 1772 liberationem

511 1852 631 1891 esse
661 1835 907 1897 vit-inani,
942 1838 995 1883 et
1022 1826 1249 1894 conjecit
1279 1823 1395 1875 illos
1427 1820 1476 1872 in
1509 1810 1742 1885 pericula
1775 1824 1787 1859 :
1819 1805 1889 1858 ita
1920 1810 1972 1855 et
1998 1798 2086 1851 hic

514 1929 660 1989 facit,
716 1923 808 1978 Sed
855 1918 1199 1975 mansuetius.
1230 1913 1307 1967 Ne
1329 1915 1573 1980 putarent
1594 1900 1734 1957 enim
1760 1894 1859 1950 sibi
1895 1898 2085 1946 contu-

518 2110 640 2165 audi
670 2105 935 2178 quomodo
962 2102 1139 2155 statim
1165 2098 1267 2150 illis
1295 2092 1609 2163 polliceatur
1633 2098 1691 2137 se
1719 2075 1914 2146 aliquid
1938 2072 2092 2126 datu-

516 2162 656 2266 rum,
684 2162 875 2268 dequo
900 2193 1208 2265 gauderent.
1236 2162 1473 2252 subjecit
1501 2178 1656 2247 igitur
1695 2190 1708 2225 :
1734 2170 1787 2225 8.
1823 2165 1927 2221 Sed
1955 2162 2091 2216 acci-

519 2294 664 2362 pietis
689 2292 920 2345 virtutem
950 2277 1340 2353 supervenientis
1366 2274 1418 2326 in
1454 2285 1537 2324 vos
1566 2263 1790 2336 Spiritus
1832 2254 2014 2316 sancti,
2048 2261 2095 2304 et

1468 2359 1476 2362 ‘
1659 2354 1669 2362 '
1709 2350 1730 2362 '
1793 2349 1804 2362 ⁸
1945 2352 1975 2362 ,Α
2002 2340 2071 2362 ο-

521 2340 662 2362 ν--η-
772 2340 799 2341 η
1015 2340 1024 2353 .

520 2383 657 2435 eritis
678 2379 799 2431 mihi
827 2386 972 2429 testes
992 2374 1044 2425 in
1063 2367 1365 2428 Jerusalem,
1391 2371 1436 2413 et
1462 2359 1514 2412 in
1536 2354 1669 2410 omni
1695 2349 1903 2413 Iudaea,
1930 2352 1975 2397 et
1997 2340 2099 2396 Sa-

524 2470 707 2536 maria,
744 2474 790 2521 et
816 2480 971 2534 usque
998 2462 1064 2514 ad
1095 2459 1327 2512 ultimum
1371 2462 1533 2504 terrm.
1581 2443 1778 2498 Deinde
1810 2453 1877 2492 ne
1914 2445 2099 2489 rursus

528 2564 699 2629 ipsum
715 2559 1125 2623 interrogarent,
1141 2546 1318 2603 statim
1332 2545 1632 2607 assumptus
1643 2524 2102 2596 est.Quemadmo—

510 2653 653 2711 .dum
677 2651 836 2720 igitur
857 2619 964 2701 illic
977 2650 1119 2697 metu
1143 2640 1286 2709 ipsos
1308 2628 1697 2691 obtenebravit,
1715 2637 1836 2679 eum
1863 2619 2015 2682 dixit,
2042 2629 2102 2669 se

512 2742 739 2803 .nescire
770 2759 783 2795 :
812 2737 889 2792 sic
916 2744 970 2791 et
1000 2734 1099 2787 hoc
1120 2732 1235 2785 loco
1252 2725 1429 2782 statim
1459 2727 1783 2787 assumptus,
1806 2721 1865 2767 ut
1887 2709 2100 2764 dicitur.

532 2835 695 2891 Multo
723 2844 950 2900 namque
978 2826 1055 2882 rei
1077 2820 1342 2879 desiderio
1368 2815 1703 2876 tenebantur,
1736 2821 1908 2877 neque
1936 2802 2105 2859 desti-

535 2926 754 2987 tissent;
770 2935 833 2974 ac
860 2930 1077 2973 necessc
1097 2909 1380 2968 admodum
1401 2913 1534 2971 erat,
1561 2917 1628 2957 ne
1649 2901 1846 2955 scirent
1870 2896 1941 2959 id,
1966 2890 2107 2963 quod

509 3016 675 3090 ﬁscire
699 3010 1002 3081 cupiebant.
1049 3006 1142 3059 Dic
1164 3002 1305 3058 enim
1328 2996 1480 3064 milii,
1519 2992 1645 3065 quid
1675 2990 1851 3045 minus
1888 2984 2111 3040 credunt

537 3104 783 3176 gentiles,
810 3116 876 3155 an
897 3100 1122 3152 futuram
1150 3088 1681 3148 consummationem,
1714 3095 1780 3134 an
1807 3075 1949 3147 quod
1975 3075 2111 3127 Deus

542 3198 704 3251 homo
732 3192 900 3246 factus
925 3189 1013 3253 sit,
1042 3193 1097 3240 et
1124 3200 1188 3239 ex
1218 3180 1449 3251 Virginis
1472 3184 1624 3231 utero
1649 3168 1924 3242 prodierit,
1956 3172 2114 3232 atque

544 3308 666 3347 cum
694 3300 855 3344 carne
883 3281 951 3335 ab
981 3277 1283 3333 hominibus
1316 3275 1460 3326 visus
1505 3268 1622 3324 sit?
1665 3276 1842 3319 annon
1888 3259 1990 3313 hoc
2018 3270 2115 3327 po-

547 3379 836 3437 stremum?
850 3379 929 3433 Ita
942 3384 1088 3431 certe
1100 3365 1643 3427 dicturuscsNerum
1655 3354 1920 3427 pudetmc
1933 3348 2031 3402 hac
2050 3343 2119 3400 de

545 3487 604 3527 re
632 3485 775 3539 sazpe
801 3460 1130 3535 loqui,quasi
1157 3458 1225 3514 de
1254 3454 1465 3526 negotio
1490 3447 1741 3522 quopiam
1762 3439 2116 3498 indit‘ferente.

548 3563 753 3617 Rursus
781 3573 846 3613 ne
871 3555 1127 3619 dicerent,
1173 3547 1280 3603 Cur
1324 3525 1438 3602 rem
1474 3535 1802 3611 suSpeudis?
1854 3533 1950 3596 ait,
1996 3525 2123 3593 ρυω

552 3652 710 3706 Pater
740 3653 902 3720 posuit
930 3648 981 3700 in
1007 3661 1100 3699 sua
1118 3648 1380 3707 potestate.
1434 3633 1590 3702 Atqui
1618 3644 1721 3684 una
1758 3634 1841 3680 est
1869 3621 2042 3677 Patris
2071 3625 2124 3672 et

549 3746 671 3801 Filii
702 3716 955 3813 potestas,
985 3746 1042 3791 ut
1068 3750 1189 3790 cum
1220 3731 1351 3786 dicit
1378 3746 1390 3782 :
1413 3726 1557 3781 Sicut
1574 3722 1704 3776 enim
1724 3716 1879 3770 Pater
1901 3720 2126 3768 mortuos

546 3837 754 3892 suscitat
777 3841 825 3888 et
845 3829 1075 3897 viviﬁoat,
1106 3826 1177 3878 ita
1195 3832 1240 3877 et
1263 3819 1429 3874 Filius
1447 3830 1569 3887 quos
1586 3813 1688 3867 vult
1707 3808 1921 3875 viviﬁcat
1946 3804 2123 3876 (Joan.

558 3929 615 3985 ὅ.
647 3928 763 3998 21).
810 3924 866 3978 Si
915 3893 1035 3976 cium
1083 3913 1293 3986 operari
1342 3914 1574 3980 oportet,
1621 3917 1741 3957 cum
1794 3897 1981 3954 eadem
2023 3893 2132 3962 agit

554 3993 811 4092 potestate
842 4056 857 4079 ,
908 4027 1086 4066 annon
1149 4021 1273 4063 cum
1340 4002 1479 4057 scire
1530 3995 1803 4067 quidpiam
1858 3993 2115 4058 oportet,

554 4128 675 4169 cum
722 4108 911 4165 eadem
959 4104 1061 4158 scit
1111 4094 1419 4170 potestate?
1463 4092 1713 4145 Attamen
1763 4085 1918 4148 longe
1960 4073 2131 4141 majus

555 4216 639 4261 est
666 4211 904 4259 mortuos
932 4196 1209 4256 suscitare,
1250 4200 1408 4259 quam
1439 4182 1577 4237 scire
1604 4177 1746 4231 illam
1771 4172 1934 4225 diem.
1979 4161 2133 4231 Quod

559 4298 604 4351 si
633 4296 706 4356 id,
730 4290 871 4360 quod
892 4289 1064 4353 majus
1082 4252 1332 4345 est,rcu-m
1362 4277 1620 4341 potestate
1637 4264 1780 4328 facit,
1800 4271 1975 4312 annon
1998 4252 2133 4307 mul-

560 4396 616 4439 to
646 4380 813 4449 magis
840 4376 999 4429 faciet
1023 4382 1077 4426 et
1097 4363 1367 4421 alterum?

629 4477 685 4529 2.
725 4435 923 4525 icrum
970 4473 1029 4518 ut
1074 4476 1187 4515 rem
1229 4452 1465 4515 discatis,
1493 4445 1739 4515 exemplo
1782 4440 1935 4496 vobis
1985 4435 2132 4491 illam

560 4564 865 4626 declarabo.
894 4559 1045 4615 Sicut
1086 4567 1205 4607 cum
1235 4548 1488 4605 infantem
1527 4539 1769 4594 videmus
1800 4534 2096 4604 plorantem
2117 4565 2135 4593 ,

565 4677 630 4716 ac
654 4672 797 4727 szrpe
817 4650 1083 4722 quidpiam
1110 4660 1141 4698 a
1170 4640 1322 4697 nobis
1344 4642 1612 4706 petentem
1635 4629 1737 4683 sibi
1761 4640 1867 4681 non
1888 4631 2138 4677 necessa-

564 4754 725 4817 rium,
758 4747 811 4802 id
842 4742 1169 4799 occultamus
1193 4776 1208 4801 ,
1241 4741 1539 4797 vacuasque
1572 4723 1644 4777 illi
1684 4734 1873 4775 manus
1901 4710 2140 4769 ostendi-

566 4860 707 4908 mus,
755 4839 1035 4896 dicentes,
1088 4829 1229 4883 Ecce
1283 4838 1388 4878 non
1441 4818 1744 4873 habemus:
1807 4812 1877 4864 ita
1930 4814 1985 4860 et
2030 4804 2145 4874 ipse

566 4899 822 5005 apostolis
853 4927 994 4982 fecit.
1022 4921 1217 4976 Verum
1244 4924 1304 4971 ut
1347 4912 1520 4967 infans
1560 4906 1687 4970 ille,
1718 4903 1764 4959 si
1790 4899 1922 4956 nihil
1964 4906 2149 4952 osten-

568 5028 777 5088 damus,
805 5023 966 5076 instat
995 5011 1281 5085 plorando,
1316 5021 1375 5061 se
1415 5002 1659 5057 delusum
1694 4995 1912 5056 videns,
1943 5003 2146 5057 nosque

564 5115 898 5171 discedlmus
940 5108 1219 5163 dicentes:
1257 5099 1424 5152 Vocat
1472 5106 1558 5146 me
1597 5086 1899 5159 quispiam,
1931 5091 1985 5135 et
2031 5079 2146 5146 ejus

571 5211 713 5282 quod
759 5207 971 5278 petebat
1010 5204 1168 5263 loco,
1199 5192 1341 5250 aliud
1386 5186 1655 5261 quidpiam
1704 5181 1777 5234 illi
1826 5176 2056 5237 damus,
2090 5179 2150 5223 ut

573 5258 695 5359 eum
724 5258 874 5354 artali
899 5290 1163 5348 desiderio
1192 5258 1477 5347 avocemus
1500 5319 1516 5343 ,
1544 5285 1599 5331 et
1622 5270 1898 5329 laudantes
1928 5263 1979 5318 id
2007 5258 2147 5331 quod

578 5396 767 5449 damus
792 5401 902 5458 prie
932 5398 992 5438 rc
1037 5376 1278 5450 quaesita,
1306 5371 1482 5427 statim
1520 5382 1617 5421 nos
1661 5359 2003 5418 subducimus
2036 5370 2046 5405 :
2075 5351 2154 5406 sic

580 5489 703 5543 fecit
730 5446 996 5540 Cliristus.
1019 5446 1097 5529 Illi
1122 5470 1365 5537 accipere
1385 5460 1695 5532 quaerebant
1720 5473 1735 5520 ;
1764 5453 1849 5506 hic
1869 5465 1928 5504 se
1960 5446 2155 5500 habere

579 5578 813 5651 negavit.
860 5573 1106 5627 Attamen
1150 5559 1323 5631 primo
1367 5549 1664 5610 deterruit;
1711 5553 1764 5601 at
1804 5542 1923 5611 quia
1972 5547 2156 5589 “ursus

650 5742 668 5773 ι
701 5739 756 5790 lu
780 5732 953 5787 savllio
986 5729 1059 5779 sic
1084 5726 1266 5790 legitur
1289 5730 1305 5789 ξ
1332 5713 1408 5790 tlli
1447 5673 2157 5790 amerinum:

577 5764 1059 5861 tionclilntagr'rlogaril:
1069 5764 1267 5849 8ῖᾶξῖΞῖ
1287 5764 1343 5830 in
1370 5782 1577 5836 tempore
1601 5766 1689 5815 hoc
1717 5764 1934 5811 restitues
1960 5764 2160 5817 regnum

581 5866 811 5922 Israel!)

2171 512 2501 584 qurerebant,
2530 510 2717 562 iterum
2760 505 2890 560 dixit
2917 517 2977 558 se
3019 515 3126 556 non
3155 498 3373 554 habere.
3396 498 3590 554 Verum
3633 492 3741 564 iam

2176 619 2282 657 non
2316 601 2544 660 territat,
2579 597 2672 652 sed
2711 605 2990 666 postquam
3031 588 3264 644 ostendit
3291 587 3341 640 id
3364 587 3499 655 quod
3528 587 3743 642 fecerat,

2175 694 2330 748 aliert
2382 688 2708 761 probabilem
2748 698 2997 747 causam;
3033 680 3219 743 Pater,
3245 676 3448 744 inquit,
3491 674 3653 743 possit
3694 671 3747 723 in

2181 803 2269 839 sua
2286 792 2544 855 potestate.
2578 779 2712 847 Quid
2751 777 2913 848 ergo?
2941 790 3006 829 an
3039 785 3093 828 tu
3121 770 3298 826 nescis
3327 783 3411 832 ea,
3437 782 3551 836 quze
3579 765 3750 819 Patris

2179 877 2337 930 sunt?
2364 891 2430 928 an
2460 875 2631 943 ipsum
2662 871 2823 934 nosti,
2853 879 2909 923 et
2934 881 3053 937 qua:
3080 865 3197 933 ejus
3235 870 3361 916 sunt
3390 858 3637 929 ignoras?
3665 856 3751 909 Di-

2183 966 2300 1020 xisti
2334 983 2347 1019 :
2382 963 2545 1017 Nemo
2575 963 2709 1015 novit
2732 959 2939 1012 Patrem
2965 958 3063 1011 nisi
3094 954 3261 1009 Filius
3289 953 3310 1021 (
3336 950 3458 1003 Luc.
3491 948 3576 1001 10.
3602 946 3670 1001 ΞΩ
3695 945 3752 1016 );

2182 1068 2255 1121 et,
2300 1057 2524 1125 Spiritus
2550 1054 2719 1107 omnia
2746 1059 2997 1105 scrutatur
3021 1089 3035 1113 ,
3070 1048 3216 1100 etiant
3250 1041 3507 1113 profunda
3533 1038 3627 1092 Dei
3656 1038 3673 1103 (
3706 1039 3755 1090 1.

2184 1148 2301 1201 Cor.
2330 1147 2383 1200 2.
2421 1147 2481 1200 lO
2511 1147 2565 1214 );
2594 1153 2647 1198 et
2674 1155 2728 1196 tu
2757 1158 2823 1196 ue
2853 1141 2953 1194 hoc
2997 1137 3210 1208 quidem
3244 1132 3421 1190 nosti?
3448 1132 3615 1186 Absit.
3647 1129 3761 1182 Non

2186 1249 2242 1292 ut
2286 1238 2386 1292 hoc
2412 1236 2741 1306 suspicemur
2766 1274 2781 1299 ,
2816 1233 2885 1287 ita
2919 1233 3165 1299 loquutus
3192 1236 3303 1287 est;
3334 1223 3431 1279 sed
3463 1237 3520 1277 se
3559 1220 3762 1275 nescire

2188 1328 2421 1392 simulat,
2478 1336 2537 1380 ut
2594 1326 2714 1379 illos
2773 1324 2841 1377 ab
2906 1320 3272 1390 intempestiva
3327 1314 3619 1386 quaestione
3670 1312 3760 1362 ali-

2189 1421 2367 1475 ducat.
2400 1419 2516 1473 Non
2564 1419 2677 1471 ausi
2707 1425 2833 1473 sunt
2875 1430 3002 1484 ergo
3051 1415 3242 1467 iterum
3293 1411 3641 1474 interrogare,
3684 1386 3762 1455 inc

2191 1510 2475 1563 audirent:
2515 1506 2579 1559 Et
2623 1523 2709 1560 vos
2750 1505 3039 1574 insipientes
3083 1501 3199 1555 estis
3229 1498 3458 1570 (Matth.
3494 1496 3578 1550 15.
3615 1492 3679 1546 16
3702 1489 3764 1559 )?

2192 1599 2355 1654 Multo
2407 1598 2548 1652 enim
2598 1596 2767 1665 magis
2815 1595 2961 1648 illum
3012 1606 3150 1646 nunc
3208 1587 3554 1650 metuebant,
3608 1594 3765 1650 quam

2194 1699 2368 1742 antea.
2428 1687 2533 1741 Sed
2585 1687 2840 1756 accipietis
2908 1684 3140 1738 virtutem
3193 1676 3584 1750 supervenientis
3640 1672 3767 1739 Spi-

2195 1782 2321 1834 ritus
2370 1780 2533 1833 sancti
2582 1780 2636 1831 in
2683 1794 2768 1831 vos
2798 1776 2819 1849 (
2850 1775 3014 1829 Marc.
3048 1776 3101 1827 7.
3131 1773 3197 1827 {8
3230 1777 3267 1841 ).
3318 1764 3769 1837 Quemadmodum

2196 1873 2335 1928 enim
2390 1872 2498 1926 illic
2552 1885 2657 1924 non
2710 1869 2777 1923 ad
2830 1869 3146 1935 interrogata
3206 1860 3480 1931 respondit
3534 1859 3553 1928 (
3581 1857 3769 1911 docto-

2198 1965 2271 2018 ris
2317 1964 2459 2017 enim
2507 1972 2623 2028 est,
2655 1975 2760 2015 non
2810 1958 2950 2029 quod
3005 1957 3118 2009 vult
3164 1951 3475 2020 discipulus,
3508 1948 3599 2001 sed
3631 1944 3772 2015 quod

2202 2056 2300 2125 ipsi
2333 2055 2564 2125 expedit,
2590 2054 2787 2108 docere
2811 2052 2829 2122 )
2854 2068 2868 2105 :
2901 2052 2971 2105 ita
2999 2058 3052 2103 et
3082 2062 3236 2108 nunc,
3265 2060 3383 2113 quae
3410 2043 3614 2096 discere
3641 2052 3773 2105 Opus

2201 2156 2317 2201 erat
2356 2146 2629 2216 praedicit,
2666 2159 2735 2198 ne
2789 2140 3066 2196 turbentur
3096 2157 3108 2191 :
3138 2137 3361 2191 fortasse
3409 2132 3529 2201 quia
3581 2125 3773 2182 inﬁrmi

2203 2248 2379 2293 erant.
2402 2237 2472 2294 Ut
2503 2246 2676 2291 autem
2708 2234 2953 2289 fiduciam
2984 2230 3151 2293 indat,
3184 2229 3418 2297 ipsorum
3450 2222 3653 2276 animos
3676 2217 3779 2271 eri—

2206 2332 2318 2399 git,
2341 2339 2396 2383 et
2423 2343 2648 2382 onerosa
2683 2328 2838 2381 texit.
2864 2325 2995 2391 Quia
3043 2322 3183 2376 enim
3215 2318 3372 2389 paulo
3404 2322 3521 2384 post
3552 2313 3668 2366 illos
3700 2324 3781 2363 re-

2208 2422 2427 2476 licturus
2448 2429 2583 2481 erat,
2606 2418 2734 2471 nihil
2760 2416 2886 2485 ipsis
2911 2426 3159 2482 asperum
3185 2406 3499 2474 simpliciter
3525 2400 3783 2471 loquitur;

2209 2511 2303 2564 sed
2329 2509 2494 2579 quid?
2522 2508 2655 2562 Cum
2684 2506 2913 2560 admixta
2945 2502 3100 2557 laude
3129 2501 3348 2554 molesta
3380 2496 3585 2564 mitigat
3613 2508 3627 2557 ;
3659 2506 3721 2545 ac
3743 2489 3786 2544 si

2210 2602 2452 2657 diceret:
2481 2599 2558 2654 Ne
2590 2597 2851 2664 timcatis;
2878 2610 2998 2650 nam
3043 2591 3313 2659 Accipietis
3351 2589 3585 2642 virtutem
3613 2597 3789 2636 svver-

2212 2694 2452 2748 venientis
2492 2692 2717 2762 Spiritus
2755 2688 2915 2743 sancti
2941 2688 2991 2739 in
3020 2701 3122 2749 vos,
3151 2692 3197 2737 et
3226 2680 3362 2735 eritis
3402 2677 3528 2730 mihi
3571 2683 3714 2729 testes
3739 2672 3791 2724 in

2214 2786 2499 2840 Jerusalem
2524 2824 2538 2850 ,
2572 2793 2619 2837 et
2644 2783 2695 2835 in
2721 2781 2857 2835 omni
2879 2777 3063 2831 ludam
3085 2816 3100 2839 ,
3125 2785 3170 2828 et
3196 2771 3453 2827 Samaria.
3478 2766 3611 2834 Quia
3655 2763 3792 2818 enim

2217 2877 2423 2931 dixerat
2448 2918 2464 2940 ,
2490 2876 2553 2928 In
2585 2875 2715 2928 viam
2741 2870 2961 2942 gentium
3005 2883 3067 2919 ne
3116 2862 3356 2923 abieritis,
3381 2870 3425 2913 et
3467 2860 3521 2911 in
3549 2856 3796 2911 civitatem

2219 2967 2660 3022 Samaritanorum
2702 2978 2763 3014 ne
2803 2957 3105 3013 intraveritis
3131 2955 3150 3023 (
3179 2952 3364 3005 Matth.
3394 2950 3483 3004 10.
3518 2949 3551 3004 5
3578 2946 3595 3014 )
3621 2963 3635 3009 ;
3664 2956 3800 2998 nunc

2222 3073 2354 3113 vero
2379 3056 2492 3110 vult
2528 3068 2621 3110 eos
2653 3051 2940 3122 praidicare
2969 3050 3020 3102 iu
3044 3044 3186 3101 omni
3214 3042 3396 3098 Judara
3437 3050 3489 3095 et
3519 3037 3756 3095 Samaria
3782 3051 3797 3099 ;

2222 3167 2341 3221 quin
2374 3161 2498 3204 tunc
2525 3164 2628 3204 non
2655 3148 2880 3210 dixerat,
2906 3145 2993 3198 hic
3029 3140 3265 3203 addidit,
3300 3136 3365 3190 Et
3394 3150 3548 3203 usque
3586 3132 3655 3185 ad
3679 3130 3803 3184 ulti-

2224 3259 2362 3295 mum
2393 3252 2557 3295 terrae.
2592 3239 2676 3303 Et,
2726 3236 2865 3308 quod
2911 3234 3148 3290 omnium
3192 3225 3645 3283 terribilissimtun
3690 3228 3805 3274 erat

2222 3338 2496 3405 loquutus,
2528 3345 2596 3385 ue
2626 3342 2811 3383 rursus
2840 3327 2986 3381 illum
3027 3324 3452 3389 interrogarent,
3482 3314 3536 3368 9.
3580 3311 3811 3364 Videnti-

2225 3426 2319 3479 btts
2364 3424 2466 3478 illis
2507 3423 2725 3476 elevatus
2763 3427 2873 3484 est,
2906 3425 2951 3470 et
2981 3413 3135 3467 nubes
3161 3408 3375 3478 suscepit
3404 3420 3515 3459 eum
3559 3402 3621 3454 ab
3647 3400 3810 3453 oculis

2230 3532 2422 3570 eorum.
2450 3512 2638 3567 Viden'
2666 3524 2762 3565 eos
2800 3507 3121 3578 praedicasse
3157 3509 3212 3556 et
3241 3496 3546 3566 implevisse
3574 3504 3808 3559 evange-

2231 3609 2404 3664 lium?
2428 3607 2569 3662 Vere
2613 3620 2725 3659 rem
2759 3614 3002 3671 magnam
3034 3595 3181 3650 dedit
3228 3591 3352 3644 illis.
3385 3588 3480 3642 Ubi
3514 3583 3768 3638 timuistis
3794 3621 3810 3645 ,

2234 3702 2441 3772 inquit,
2473 3711 2666 3767 nempe
2693 3692 3041 3761 Jerosolyma:
3068 3728 3081 3751 ,
3114 3685 3184 3740 ibi
3218 3682 3389 3751 primo
3418 3675 3704 3747 prmdicate
3722 3715 3737 3737 ,
3762 3680 3814 3725 et

2237 3762 2437 3864 postea
2451 3762 2618 3859 usque
2654 3786 2720 3841 ad
2744 3784 2985 3838 ultimum
3020 3788 3193 3831 terrm.
3228 3770 3430 3826 Deinde
3456 3766 3523 3820 ad
3552 3766 3706 3819 [idem
3735 3762 3813 3816 fa-

2237 3860 2479 3939 ciendam
2509 3881 2591 3941 iis,
2614 3890 2732 3945 quae
2759 3873 2986 3934 dixerat,
3025 3862 3318 3918 Videntibus
3342 3861 3445 3914 illis
3474 3860 3691 3911 elevatus
3722 3861 3813 3915 est,

2240 3974 2428 4039 inquit.
2456 3970 2569 4023 Non
2601 3966 2704 4019 illis
2742 3959 3045 4015 videntibus
3074 3952 3397 4013 resurrexit,
3428 3948 3555 4010 sed,
3586 3947 3703 4000 Illis
3744 3945 3819 3997 ri-

2241 4062 2468 4118 dentibus
2494 4059 2712 4113 elevatus
2736 4061 2843 4116 est;
2873 4050 2993 4119 quia
3024 4060 3197 4114 neque
3242 4050 3487 4111 aspectus
3520 4040 3605 4093 hic
3644 4034 3818 4090 omnia

2241 4155 2431 4226 potuit.
2458 4148 2589 4204 Nam
2642 4137 3049 4200 resurrectionis
3095 4137 3252 4189 linem
3300 4131 3582 4194 viderunt,
3614 4126 3821 4181 initium

2244 4262 2348 4301 non
2378 4245 2539 4305 item;
2571 4232 2951 4305 assumptionis
3000 4243 3128 4284 vero
3168 4225 3375 4280 initium
3421 4220 3688 4284 viderunt,
3716 4230 3821 4269 nun

2242 4350 2377 4390 vero
2400 4333 2580 4387 linem.
2614 4326 2803 4382 Inutile
2847 4335 3076 4391 namque
3120 4318 3304 4371 fuisset
3349 4315 3401 4367 in
3431 4306 3826 4364 resurrectione

2246 4427 2455 4484 initium
2489 4423 2690 4485 videre,
2721 4419 2837 4488 ipso
2867 4420 3132 4486 praesente
3159 4409 3249 4478 qui
3271 4407 3382 4458 hinc
3410 4403 3739 4468 loqueretur,
3770 4402 3827 4447 et

2246 4522 2493 4594 sepulcro
2509 4486 2825 4573 testificante
2845 4511 3015 4579 ipsum
3042 4504 3112 4558 ibi
3130 4504 3238 4571 jam
3260 4512 3363 4552 nou
3386 4506 3507 4547 esse
3539 4506 3551 4542 :
3585 4486 3676 4541 sed
3705 4498 3827 4552 qua:

2249 4610 2666 4681 assumptiouem
2715 4609 2934 4671 sequuta
2982 4601 3126 4657 sunt,
3149 4588 3311 4644 verbo
3360 4582 3568 4636 discere
3610 4582 3829 4644 oporte-

2248 4705 2360 4761 bat.
2386 4664 2520 4768 Qiiia
2550 4696 2692 4751 enim
2722 4664 2826 4747 non
2861 4690 3105 4757 poterant
3132 4677 3272 4734 oculi
3297 4673 3361 4727 ad
3393 4677 3593 4724 tantam
3621 4664 3827 4734 pertin-

2248 4809 2376 4867 gere
2401 4786 2793 4848 celsitudinem,
2823 4793 2921 4834 nec
2946 4775 3141 4830 docere
3169 4784 3236 4823 an
3262 4767 3315 4820 in
3344 4760 3556 4824 caelum,
3587 4772 3653 4809 an
3675 4752 3827 4823 quasi

2976 4866 2981 4867 ν
3118 4860 3166 4867 -·
3201 4858 3220 4867 -
3288 4865 3295 4867 μ
3426 4852 3480 4867 νο.
3536 4843 3684 4867 n----s
3717 4844 3827 4867 2......

2251 4843 2522 4944 {didicit-tm
2549 4843 2868 4933 ascenderit,
2900 4866 3022 4922 vide
3045 4860 3169 4932 quid
3198 4858 3390 4912 factum
3417 4852 3506 4904 sit.
3535 4843 3685 4913 Quod
3717 4844 3835 4912 ipse

2251 4978 2408 5033 Jcsus
2451 4979 2634 5034 esset,
2681 4961 2922 5019 sciebant
2948 4970 3012 5010 ex
3039 4954 3104 5006 iis
3126 4991 3141 5016 ,
3171 4961 3289 5016 quae
3315 4942 3379 4996 ad
3408 4940 3553 5009 ipsos
3583 4936 3834 5003 loquutus

2256 5072 2453 5130 fuerat;
2501 5058 2681 5133 procul
2708 5067 2835 5109 vero
2866 5048 3094 5119 positum
3127 5055 3231 5094 non
3272 5038 3516 5106 poterant
3541 5028 3711 5083 oculis
3738 5036 3833 5077 co-

2256 5113 2453 5130 ...-._-,
2504 5113 2619 5133 Γπ
2869 5113 2881 5119 _

2255 5171 2556 5235 gnoscere;
2588 5147 2728 5221 quod
2762 5153 2939 5199 autem
2983 5138 3034 5192 iu
3079 5132 3267 5188 czelum
3298 5131 3580 5193 susceptus
3618 5127 3707 5183 srt,
3734 5113 3831 5184 ipsi

2927 5230 2961 5235 “’
2993 5228 3051 5235 “’“
3074 5226 3089 5235 ⁸
3328 5233 3337 5235 Α
3368 5217 3413 5235 ¹-
3446 5213 3716 5235 --Α--ει--ηυι
3744 5205 3811 5235 εἷο

2259 5205 2443 5324 lpostea
2467 5205 2768 5301 docuerunt
2791 5226 3126 5304 augeli.V'ide
3153 5217 3422 5293 quomodo
3446 5213 3716 5286 provisum
3744 5205 3834 5270 sit,

2263 5354 2319 5401 ut
2345 5357 2449 5397 non
2474 5335 2673 5407 Spiritu
2698 5328 2873 5385 omnia
2900 5366 2915 5389 ,
2941 5320 3035 5377 sed
3061 5315 3304 5389 quaedam
3337 5308 3507 5365 oculis
3548 5315 3839 5361 cerneren-

2264 5448 2365 5492 tur.
2396 5434 2505 5488 Cur
2530 5435 2707 5482 autem
2734 5419 2905 5474 nubcs
2934 5408 3167 5479 suscepit
3191 5402 3357 5462 eum?
3384 5402 3496 5456 Hoc
3523 5408 3734 5466 quoque
3764 5391 3841 5445 si-

2263 5540 2426 5597 gnum
2454 5528 2589 5580 erat,
2612 5516 2787 5584 ipsum
2810 5504 3118 5562 ascendisse
3146 5498 3199 5551 in
3229 5494 3436 5549 czelum.
3459 5489 3573 5542 Non
3601 5485 3756 5554 ignis.
3787 5487 3845 5531 ut

3121 5591 3131 5597 ‘
3161 5590 3174 5597 '
3243 5586 3278 5597 "
3390 5581 3423 5597 Λ
3474 5580 3489 5597 l
3510 5579 3525 5597 Ι
3553 5576 3572 5597 ι
3624 5570 3714 5597 ..ΛΑ
3744 5585 3811 5597 η,-

2686 5614 2874 5658 currus
2904 5598 3088 5666 igneus
3114 5590 3202 5659 (ὁ.
3234 5586 3361 5654 Reg.
3390 5581 3443 5634 9..
3468 5579 3528 5631 il
3553 5576 3598 5642 ),
3623 5570 3715 5626 sed
3744 5585 3844 5667 nu-

2272 5657 2459 5679 unus",
2491 5657 2661 5678 ..-Ἰ-ν
2701 5657 2709 5658 κ
2922 5657 2949 5666 ν
3124 5657 3129 5659 η

2272 5713 2366 5764 bes
2395 5700 2629 5769 suscepit
2667 5708 2826 5756 eum;
2862 5685 3004 5760 quod
3032 5690 3149 5738 erat
3175 5677 3289 5734 ραιιί
3319 5667 3616 5742 symbolum
3641 5703 3657 5728 ,
3686 5669 3743 5715 ut
3771 5657 3847 5711 ait

3662 5752 3677 5769 Ι
3707 5748 3822 5769 ΠΑ-Ι

2272 5748 2692 5870 prophetanm
2720 5748 2895 5856 posuit.
2910 5780 2964 5833 in
3012 5772 3141 5828 nube
3191 5776 3448 5821 ascensum
3492 5770 3634 5813 suum
3659 5752 3680 5823 (
3702 5748 3845 5804 Psal.
