  <div class='ocr_page' id='page_1' title='image "/cluster/home/n/w/nwhite01/storage/ocr_20150623/60/hvd.32044073501942/036.png"; bbox 0 0 4036 6212; ppageno 0'>
   <div class='ocr_carea' id='block_1_1' title="bbox 318 188 3569 272">
    <p class='ocr_par' dir='ltr' id='par_1_1' title="bbox 318 188 3569 272">
     <span class='ocr_line' id='line_1_1' title="bbox 318 188 3569 272; baseline 0.007 -34"><span class='ocrx_word' id='word_1_1' title='bbox 318 194 378 249; x_wconf 69' lang='grc' dir='ltr'><em>ω</em></span> <span class='ocrx_word' id='word_1_2' title='bbox 1331 188 1395 246; x_wconf 80' lang='lat' dir='ltr'><strong>IN</strong></span> <span class='ocrx_word' id='word_1_3' title='bbox 1430 190 1608 245; x_wconf 77' lang='lat' dir='ltr'><strong>ACTA</strong></span> <span class='ocrx_word' id='word_1_4' title='bbox 1650 188 2414 252; x_wconf 78' lang='lat' dir='ltr'><strong>APOSTOLORUM.HOMIL.</strong></span> <span class='ocrx_word' id='word_1_5' title='bbox 2451 198 2517 254; x_wconf 79' lang='lat' dir='ltr'><strong>il.</strong></span> <span class='ocrx_word' id='word_1_6' title='bbox 3500 214 3569 272; x_wconf 74' lang='grc' dir='ltr'>ω</span> 
     </span>
    </p>
   </div>
   <div class='ocr_carea' id='block_1_2' title="bbox 319 306 1884 380">
    <p class='ocr_par' dir='ltr' id='par_1_2' title="bbox 319 306 1884 380">
     <span class='ocr_line' id='line_1_2' title="bbox 319 306 1884 380; baseline -0.003 -14"><span class='ocrx_word' id='word_1_7' title='bbox 319 312 423 366; x_wconf 66' lang='grc' dir='ltr'><strong>ΗΒ.</strong></span> <span class='ocrx_word' id='word_1_8' title='bbox 449 308 504 380; x_wconf 75' lang='lat'><strong>3)</strong></span> <span class='ocrx_word' id='word_1_9' title='bbox 574 322 902 377; x_wconf 79' lang='lat' dir='ltr'><strong>quamquam</strong></span> <span class='ocrx_word' id='word_1_10' title='bbox 945 306 1049 362; x_wconf 89' lang='lat' dir='ltr'><strong>boc</strong></span> <span class='ocrx_word' id='word_1_11' title='bbox 1091 307 1156 361; x_wconf 85' lang='lat' dir='ltr'><strong>de</strong></span> <span class='ocrx_word' id='word_1_12' title='bbox 1186 306 1344 361; x_wconf 82' lang='lat' dir='ltr'><strong>Patre</strong></span> <span class='ocrx_word' id='word_1_13' title='bbox 1385 308 1584 361; x_wconf 86' lang='lat' dir='ltr'><strong>dictum</strong></span> <span class='ocrx_word' id='word_1_14' title='bbox 1627 317 1729 362; x_wconf 89' lang='lat' dir='ltr'><strong>est.</strong></span> <span class='ocrx_word' id='word_1_15' title='bbox 1762 308 1884 363; x_wconf 87' lang='lat' dir='ltr'><strong>Ideo</strong></span> 
     </span>
    </p>
   </div>
   <div class='ocr_carea' id='block_1_3' title="bbox 312 398 1883 470">
    <p class='ocr_par' dir='ltr' id='par_1_3' title="bbox 312 398 1883 470">
     <span class='ocr_line' id='line_1_3' title="bbox 312 398 1883 470; baseline -0.003 -13"><span class='ocrx_word' id='word_1_16' title='bbox 312 404 443 469; x_wconf 81' lang='lat' dir='ltr'><strong>dicit,</strong></span> <span class='ocrx_word' id='word_1_17' title='bbox 468 401 520 454; x_wconf 88' lang='lat' dir='ltr'><strong>In</strong></span> <span class='ocrx_word' id='word_1_18' title='bbox 563 398 735 465; x_wconf 78' lang='lat' dir='ltr'><strong>nube,</strong></span> <span class='ocrx_word' id='word_1_19' title='bbox 768 398 1051 454; x_wconf 83' lang='lat' dir='ltr'><strong>declarans</strong></span> <span class='ocrx_word' id='word_1_20' title='bbox 1078 398 1130 452; x_wconf 91' lang='lat' dir='ltr'><strong>id</strong></span> <span class='ocrx_word' id='word_1_21' title='bbox 1179 413 1298 453; x_wconf 89' lang='lat' dir='ltr'><strong>esse</strong></span> <span class='ocrx_word' id='word_1_22' title='bbox 1326 398 1381 452; x_wconf 92' lang='lat' dir='ltr'><strong>in</strong></span> <span class='ocrx_word' id='word_1_23' title='bbox 1414 400 1660 470; x_wconf 84' lang='lat' dir='ltr'><strong>symbolo</strong></span> <span class='ocrx_word' id='word_1_24' title='bbox 1688 399 1883 453; x_wconf 78' lang='lat' dir='ltr'><strong>divinze</strong></span> 
     </span>
    </p>
   </div>
   <div class='ocr_carea' id='block_1_4' title="bbox 312 488 1878 562">
    <p class='ocr_par' dir='ltr' id='par_1_4' title="bbox 312 488 1878 562">
     <span class='ocr_line' id='line_1_4' title="bbox 312 488 1878 562; baseline -0.001 -19"><span class='ocrx_word' id='word_1_25' title='bbox 312 491 541 562; x_wconf 50' lang='lat' dir='ltr'><strong>pilentis</strong></span> <span class='ocrx_word' id='word_1_26' title='bbox 571 510 587 547; x_wconf 91' lang='lat'>:</span> <span class='ocrx_word' id='word_1_27' title='bbox 622 506 803 559; x_wconf 85' lang='lat' dir='ltr'><strong>neque</strong></span> <span class='ocrx_word' id='word_1_28' title='bbox 844 490 989 543; x_wconf 90' lang='lat' dir='ltr'><strong>enim</strong></span> <span class='ocrx_word' id='word_1_29' title='bbox 1020 488 1122 543; x_wconf 90' lang='lat' dir='ltr'><strong>alia</strong></span> <span class='ocrx_word' id='word_1_30' title='bbox 1152 489 1318 544; x_wconf 83' lang='lat' dir='ltr'><strong>virtus</strong></span> <span class='ocrx_word' id='word_1_31' title='bbox 1350 489 1456 543; x_wconf 89' lang='lat' dir='ltr'><strong>ulla</strong></span> <span class='ocrx_word' id='word_1_32' title='bbox 1505 490 1556 543; x_wconf 92' lang='lat' dir='ltr'><strong>in</strong></span> <span class='ocrx_word' id='word_1_33' title='bbox 1584 490 1722 543; x_wconf 88' lang='lat' dir='ltr'><strong>nube</strong></span> <span class='ocrx_word' id='word_1_34' title='bbox 1748 504 1878 542; x_wconf 78' lang='lat' dir='ltr'><strong>con-</strong></span> 
     </span>
    </p>
   </div>
   <div class='ocr_carea' id='block_1_5' title="bbox 310 580 1879 653">
    <p class='ocr_par' dir='ltr' id='par_1_5' title="bbox 310 580 1879 653">
     <span class='ocr_line' id='line_1_5' title="bbox 310 580 1879 653; baseline -0.004 -14"><span class='ocrx_word' id='word_1_35' title='bbox 310 585 537 653; x_wconf 86' lang='lat' dir='ltr'><strong>spicitur.</strong></span> <span class='ocrx_word' id='word_1_36' title='bbox 590 581 723 636; x_wconf 74' lang='lat' dir='ltr'><strong>Audi</strong></span> <span class='ocrx_word' id='word_1_37' title='bbox 779 596 969 635; x_wconf 80' lang='lat' dir='ltr'><strong>rursus</strong></span> <span class='ocrx_word' id='word_1_38' title='bbox 1024 580 1151 649; x_wconf 90' lang='lat' dir='ltr'><strong>quid</strong></span> <span class='ocrx_word' id='word_1_39' title='bbox 1202 581 1339 633; x_wconf 90' lang='lat' dir='ltr'><strong>alius</strong></span> <span class='ocrx_word' id='word_1_40' title='bbox 1386 581 1644 650; x_wconf 86' lang='lat' dir='ltr'><strong>propheta</strong></span> <span class='ocrx_word' id='word_1_41' title='bbox 1690 580 1879 635; x_wconf 90' lang='lat' dir='ltr'><strong>dicat:</strong></span> 
     </span>
    </p>
   </div>
   <div class='ocr_carea' id='block_1_6' title="bbox 312 670 1661 741">
    <p class='ocr_par' dir='ltr' id='par_1_6' title="bbox 312 670 1661 741">
     <span class='ocr_line' id='line_1_6' title="bbox 312 670 1661 741; baseline -0.004 -11"><span class='ocrx_word' id='word_1_42' title='bbox 312 677 551 730; x_wconf 68' lang='lat' dir='ltr'><strong>Dominus</strong></span> <span class='ocrx_word' id='word_1_43' title='bbox 569 675 696 727; x_wconf 80' lang='lat' dir='ltr'><strong>sedet</strong></span> <span class='ocrx_word' id='word_1_44' title='bbox 718 689 874 741; x_wconf 85' lang='lat' dir='ltr'><strong>super</strong></span> <span class='ocrx_word' id='word_1_45' title='bbox 895 673 1076 725; x_wconf 81' lang='lat' dir='ltr'><strong>nubem</strong></span> <span class='ocrx_word' id='word_1_46' title='bbox 1106 671 1259 724; x_wconf 80' lang='lat' dir='ltr'><strong>levem</strong></span> <span class='ocrx_word' id='word_1_47' title='bbox 1287 670 1438 741; x_wconf 88' lang='lat' dir='ltr'><strong>(lsai.</strong></span> <span class='ocrx_word' id='word_1_48' title='bbox 1469 672 1556 725; x_wconf 83' lang='grc'><strong>19.</strong></span> <span class='ocrx_word' id='word_1_49' title='bbox 1586 672 1661 740; x_wconf 77' lang='grc'><strong>1).</strong></span> 
     </span>
    </p>
   </div>
   <div class='ocr_carea' id='block_1_7' title="bbox 383 761 1876 835">
    <p class='ocr_par' dir='ltr' id='par_1_7' title="bbox 383 761 1876 835">
     <span class='ocr_line' id='line_1_7' title="bbox 383 761 1876 835; baseline -0.005 -13"><span class='ocrx_word' id='word_1_50' title='bbox 383 769 440 823; x_wconf 77' lang='lat'><strong>3.</strong></span> <span class='ocrx_word' id='word_1_51' title='bbox 476 765 599 821; x_wconf 86' lang='lat' dir='ltr'><strong>Cum</strong></span> <span class='ocrx_word' id='word_1_52' title='bbox 622 779 747 835; x_wconf 85' lang='lat' dir='ltr'><strong>ergo</strong></span> <span class='ocrx_word' id='word_1_53' title='bbox 774 764 842 818; x_wconf 89' lang='lat' dir='ltr'><strong>de</strong></span> <span class='ocrx_word' id='word_1_54' title='bbox 870 779 927 817; x_wconf 91' lang='lat' dir='ltr'><strong>re</strong></span> <span class='ocrx_word' id='word_1_55' title='bbox 950 804 968 828; x_wconf 96' lang='lat'><strong>,</strong></span> <span class='ocrx_word' id='word_1_56' title='bbox 1000 778 1159 832; x_wconf 87' lang='lat' dir='ltr'><strong>quam</strong></span> <span class='ocrx_word' id='word_1_57' title='bbox 1199 764 1558 817; x_wconf 77' lang='lat' dir='ltr'><strong>necessariam</strong></span> <span class='ocrx_word' id='word_1_58' title='bbox 1604 761 1876 830; x_wconf 87' lang='lat' dir='ltr'><strong>putabant,</strong></span> 
     </span>
    </p>
   </div>
   <div class='ocr_carea' id='block_1_8' title="bbox 322 854 1879 929">
    <p class='ocr_par' dir='ltr' id='par_1_8' title="bbox 322 854 1879 929">
     <span class='ocr_line' id='line_1_8' title="bbox 322 854 1879 929; baseline -0.006 -14"><span class='ocrx_word' id='word_1_59' title='bbox 322 866 721 929; x_wconf 79' lang='lat' dir='ltr'><strong>interrogarent,</strong></span> <span class='ocrx_word' id='word_1_60' title='bbox 769 871 1001 925; x_wconf 86' lang='lat' dir='ltr'><strong>cumque</strong></span> <span class='ocrx_word' id='word_1_61' title='bbox 1043 855 1200 909; x_wconf 91' lang='lat' dir='ltr'><strong>dictis</strong></span> <span class='ocrx_word' id='word_1_62' title='bbox 1246 854 1529 909; x_wconf 87' lang='lat' dir='ltr'><strong>admodum</strong></span> <span class='ocrx_word' id='word_1_63' title='bbox 1578 854 1764 907; x_wconf 89' lang='lat' dir='ltr'><strong>intenti</strong></span> <span class='ocrx_word' id='word_1_64' title='bbox 1790 867 1879 907; x_wconf 88' lang='lat' dir='ltr'><strong>es-</strong></span> 
     </span>
    </p>
   </div>
   <div class='ocr_carea' id='block_1_9' title="bbox 325 945 1880 1013">
    <p class='ocr_par' dir='ltr' id='par_1_9' title="bbox 325 945 1880 1013">
     <span class='ocr_line' id='line_1_9' title="bbox 325 945 1880 1013; baseline -0.005 -8"><span class='ocrx_word' id='word_1_65' title='bbox 325 961 462 1013; x_wconf 87' lang='lat' dir='ltr'><strong>sent,</strong></span> <span class='ocrx_word' id='word_1_66' title='bbox 488 960 533 1004; x_wconf 87' lang='lat' dir='ltr'><strong>et</strong></span> <span class='ocrx_word' id='word_1_67' title='bbox 574 947 828 1002; x_wconf 79' lang='lat' dir='ltr'><strong>concitati</strong></span> <span class='ocrx_word' id='word_1_68' title='bbox 876 961 976 1000; x_wconf 89' lang='lat' dir='ltr'><strong>nec</strong></span> <span class='ocrx_word' id='word_1_69' title='bbox 1017 945 1377 1000; x_wconf 74' lang='lat' dir='ltr'><strong>dormitantes</strong></span> <span class='ocrx_word' id='word_1_70' title='bbox 1399 986 1415 1013; x_wconf 92' lang='lat'><strong>,</strong></span> <span class='ocrx_word' id='word_1_71' title='bbox 1448 947 1549 1000; x_wconf 85' lang='lat' dir='ltr'><strong>hoc</strong></span> <span class='ocrx_word' id='word_1_72' title='bbox 1576 946 1787 999; x_wconf 90' lang='lat' dir='ltr'><strong>accidit.</strong></span> <span class='ocrx_word' id='word_1_73' title='bbox 1821 945 1880 999; x_wconf 84' lang='lat' dir='ltr'><strong>In</strong></span> 
     </span>
    </p>
   </div>
   <div class='ocr_carea' id='block_1_10' title="bbox 327 1036 1880 1110">
    <p class='ocr_par' dir='ltr' id='par_1_10' title="bbox 327 1036 1880 1110">
     <span class='ocr_line' id='line_1_10' title="bbox 327 1036 1880 1110; baseline -0.003 -16"><span class='ocrx_word' id='word_1_74' title='bbox 327 1050 482 1095; x_wconf 76' lang='lat' dir='ltr'><strong>tuante</strong></span> <span class='ocrx_word' id='word_1_75' title='bbox 524 1053 737 1110; x_wconf 84' lang='lat' dir='ltr'><strong>quoque</strong></span> <span class='ocrx_word' id='word_1_76' title='bbox 792 1038 960 1091; x_wconf 83' lang='lat' dir='ltr'><strong>nubes</strong></span> <span class='ocrx_word' id='word_1_77' title='bbox 1012 1046 1230 1105; x_wconf 76' lang='lat' dir='ltr'><strong>propter</strong></span> <span class='ocrx_word' id='word_1_78' title='bbox 1279 1037 1450 1106; x_wconf 86' lang='lat' dir='ltr'><strong>ipsum</strong></span> <span class='ocrx_word' id='word_1_79' title='bbox 1492 1046 1627 1101; x_wconf 89' lang='lat' dir='ltr'><strong>erat,</strong></span> <span class='ocrx_word' id='word_1_80' title='bbox 1670 1036 1880 1106; x_wconf 90' lang='lat' dir='ltr'><strong>quando</strong></span> 
     </span>
    </p>
   </div>
   <div class='ocr_carea' id='block_1_11' title="bbox 317 1129 1876 1202">
    <p class='ocr_par' dir='ltr' id='par_1_11' title="bbox 317 1129 1876 1202">
     <span class='ocr_line' id='line_1_11' title="bbox 317 1129 1876 1202; baseline -0.002 -16"><span class='ocrx_word' id='word_1_81' title='bbox 317 1135 501 1202; x_wconf 70' lang='lat' dir='ltr'><strong>Moyses</strong></span> <span class='ocrx_word' id='word_1_82' title='bbox 530 1132 802 1201; x_wconf 84' lang='lat' dir='ltr'><strong>ingressus</strong></span> <span class='ocrx_word' id='word_1_83' title='bbox 843 1140 926 1184; x_wconf 88' lang='lat' dir='ltr'><strong>est</strong></span> <span class='ocrx_word' id='word_1_84' title='bbox 982 1130 1036 1183; x_wconf 89' lang='lat' dir='ltr'><strong>in</strong></span> <span class='ocrx_word' id='word_1_85' title='bbox 1082 1129 1361 1198; x_wconf 76' lang='lat' dir='ltr'><strong>caliginem</strong></span> <span class='ocrx_word' id='word_1_86' title='bbox 1391 1131 1410 1197; x_wconf 89' lang='lat'>(</span> <span class='ocrx_word' id='word_1_87' title='bbox 1443 1129 1609 1183; x_wconf 72' lang='lat' dir='ltr'><strong>Exod.</strong></span> <span class='ocrx_word' id='word_1_88' title='bbox 1636 1131 1722 1185; x_wconf 77' lang='grc'><strong>35.</strong></span> <span class='ocrx_word' id='word_1_89' title='bbox 1749 1131 1781 1183; x_wconf 88' lang='grc'><strong>9</strong></span> <span class='ocrx_word' id='word_1_90' title='bbox 1813 1129 1832 1199; x_wconf 95' lang='grc'><strong>)</strong></span> <span class='ocrx_word' id='word_1_91' title='bbox 1860 1145 1876 1195; x_wconf 93' lang='lat'><strong>;</strong></span> 
     </span>
    </p>
   </div>
   <div class='ocr_carea' id='block_1_12' title="bbox 308 1221 1878 1295">
    <p class='ocr_par' dir='ltr' id='par_1_12' title="bbox 308 1221 1878 1295">
     <span class='ocr_line' id='line_1_12' title="bbox 308 1221 1878 1295; baseline -0.002 -16"><span class='ocrx_word' id='word_1_92' title='bbox 308 1224 393 1279; x_wconf 80' lang='lat' dir='ltr'><strong>sed</strong></span> <span class='ocrx_word' id='word_1_93' title='bbox 416 1239 518 1278; x_wconf 88' lang='lat' dir='ltr'><strong>non</strong></span> <span class='ocrx_word' id='word_1_94' title='bbox 546 1233 763 1292; x_wconf 85' lang='lat' dir='ltr'><strong>prepter</strong></span> <span class='ocrx_word' id='word_1_95' title='bbox 790 1223 937 1275; x_wconf 91' lang='lat' dir='ltr'><strong>illum</strong></span> <span class='ocrx_word' id='word_1_96' title='bbox 970 1221 1140 1276; x_wconf 89' lang='lat' dir='ltr'><strong>nubes</strong></span> <span class='ocrx_word' id='word_1_97' title='bbox 1164 1229 1300 1275; x_wconf 90' lang='lat' dir='ltr'><strong>erat.</strong></span> <span class='ocrx_word' id='word_1_98' title='bbox 1334 1221 1428 1275; x_wconf 91' lang='lat' dir='ltr'><strong>llle</strong></span> <span class='ocrx_word' id='word_1_99' title='bbox 1450 1236 1577 1295; x_wconf 80' lang='lat' dir='ltr'><strong>vero</strong></span> <span class='ocrx_word' id='word_1_100' title='bbox 1616 1237 1721 1276; x_wconf 92' lang='lat' dir='ltr'><strong>non</strong></span> <span class='ocrx_word' id='word_1_101' title='bbox 1747 1222 1878 1276; x_wconf 90' lang='lat' dir='ltr'><strong>sim-</strong></span> 
     </span>
    </p>
   </div>
   <div class='ocr_carea' id='block_1_13' title="bbox 310 1312 1875 1381">
    <p class='ocr_par' dir='ltr' id='par_1_13' title="bbox 310 1312 1875 1381">
     <span class='ocr_line' id='line_1_13' title="bbox 310 1312 1875 1381; baseline 0.003 -18"><span class='ocrx_word' id='word_1_102' title='bbox 310 1316 510 1381; x_wconf 72' lang='lat' dir='ltr'><strong>pliciter</strong></span> <span class='ocrx_word' id='word_1_103' title='bbox 532 1315 683 1373; x_wconf 86' lang='lat' dir='ltr'><strong>dixit,</strong></span> <span class='ocrx_word' id='word_1_104' title='bbox 722 1313 889 1376; x_wconf 74' lang='lat' dir='ltr'><strong>Vada,</strong></span> <span class='ocrx_word' id='word_1_105' title='bbox 919 1328 988 1366; x_wconf 90' lang='lat' dir='ltr'><strong>ne</strong></span> <span class='ocrx_word' id='word_1_106' title='bbox 1032 1328 1239 1367; x_wconf 88' lang='lat' dir='ltr'><strong>rursum</strong></span> <span class='ocrx_word' id='word_1_107' title='bbox 1278 1312 1562 1378; x_wconf 86' lang='lat' dir='ltr'><strong>dolerent;</strong></span> <span class='ocrx_word' id='word_1_108' title='bbox 1593 1312 1686 1368; x_wconf 86' lang='lat' dir='ltr'><strong>sed</strong></span> <span class='ocrx_word' id='word_1_109' title='bbox 1724 1313 1875 1378; x_wconf 79' lang='lat' dir='ltr'><strong>dixit,</strong></span> 
     </span>
    </p>
   </div>
   <div class='ocr_carea' id='block_1_14' title="bbox 314 1402 1877 1475">
    <p class='ocr_par' dir='ltr' id='par_1_14' title="bbox 314 1402 1877 1475">
     <span class='ocr_line' id='line_1_14' title="bbox 314 1402 1877 1475; baseline 0.002 -18"><span class='ocrx_word' id='word_1_110' title='bbox 314 1405 543 1474; x_wconf 59' lang='lat' dir='ltr'><strong>Sp‘rilum</strong></span> <span class='ocrx_word' id='word_1_111' title='bbox 595 1405 740 1458; x_wconf 82' lang='lat' dir='ltr'><strong>mitto</strong></span> <span class='ocrx_word' id='word_1_112' title='bbox 772 1402 975 1475; x_wconf 78' lang='lat' dir='ltr'><strong>(Ioan.</strong></span> <span class='ocrx_word' id='word_1_113' title='bbox 1006 1404 1093 1459; x_wconf 81' lang='lat' dir='ltr'><strong>l6.</strong></span> <span class='ocrx_word' id='word_1_114' title='bbox 1136 1405 1190 1462; x_wconf 84' lang='lat'><strong>5.</strong></span> <span class='ocrx_word' id='word_1_115' title='bbox 1244 1404 1349 1475; x_wconf 90' lang='lat'><strong>7).</strong></span> <span class='ocrx_word' id='word_1_116' title='bbox 1402 1404 1555 1470; x_wconf 86' lang='lat' dir='ltr'><strong>Quod</strong></span> <span class='ocrx_word' id='word_1_117' title='bbox 1598 1414 1774 1459; x_wconf 88' lang='lat' dir='ltr'><strong>autem</strong></span> <span class='ocrx_word' id='word_1_118' title='bbox 1825 1406 1877 1460; x_wconf 88' lang='lat' dir='ltr'><strong>in</strong></span> 
     </span>
    </p>
   </div>
   <div class='ocr_carea' id='block_1_15' title="bbox 311 1494 1877 1564">
    <p class='ocr_par' dir='ltr' id='par_1_15' title="bbox 311 1494 1877 1564">
     <span class='ocr_line' id='line_1_15' title="bbox 311 1494 1877 1564; baseline 0.001 -15"><span class='ocrx_word' id='word_1_119' title='bbox 311 1496 474 1549; x_wconf 63' lang='lat' dir='ltr'><strong>eadem</strong></span> <span class='ocrx_word' id='word_1_120' title='bbox 497 1495 673 1549; x_wconf 80' lang='lat' dir='ltr'><strong>abiret</strong></span> <span class='ocrx_word' id='word_1_121' title='bbox 696 1536 710 1558; x_wconf 88' lang='lat'><strong>,</strong></span> <span class='ocrx_word' id='word_1_122' title='bbox 746 1495 877 1564; x_wconf 87' lang='lat' dir='ltr'><strong>ipsis</strong></span> <span class='ocrx_word' id='word_1_123' title='bbox 910 1494 1080 1549; x_wconf 90' lang='lat' dir='ltr'><strong>oculis</strong></span> <span class='ocrx_word' id='word_1_124' title='bbox 1109 1494 1429 1549; x_wconf 87' lang='lat' dir='ltr'><strong>didicerunt.</strong></span> <span class='ocrx_word' id='word_1_125' title='bbox 1457 1494 1645 1564; x_wconf 77' lang='lat' dir='ltr'><strong>Papae,</strong></span> <span class='ocrx_word' id='word_1_126' title='bbox 1679 1503 1877 1564; x_wconf 84' lang='lat' dir='ltr'><strong>quanto</strong></span> 
     </span>
    </p>
   </div>
   <div class='ocr_carea' id='block_1_16' title="bbox 306 1582 1877 1654">
    <p class='ocr_par' dir='ltr' id='par_1_16' title="bbox 306 1582 1877 1654">
     <span class='ocr_line' id='line_1_16' title="bbox 306 1582 1877 1654; baseline 0.001 -16"><span class='ocrx_word' id='word_1_127' title='bbox 306 1586 589 1654; x_wconf 80' lang='lat' dir='ltr'><strong>spectaculo</strong></span> <span class='ocrx_word' id='word_1_128' title='bbox 642 1584 845 1653; x_wconf 81' lang='lat' dir='ltr'><strong>dignati</strong></span> <span class='ocrx_word' id='word_1_129' title='bbox 890 1584 1051 1638; x_wconf 87' lang='lat' dir='ltr'><strong>sunt!</strong></span> <span class='ocrx_word' id='word_1_130' title='bbox 1081 1582 1167 1640; x_wconf 80' lang='grc'><strong>10.</strong></span> <span class='ocrx_word' id='word_1_131' title='bbox 1203 1582 1425 1654; x_wconf 88' lang='lat' dir='ltr'><strong>Cumque</strong></span> <span class='ocrx_word' id='word_1_132' title='bbox 1447 1585 1778 1652; x_wconf 86' lang='lat' dir='ltr'><strong>intuerentur,</strong></span> <span class='ocrx_word' id='word_1_133' title='bbox 1798 1586 1877 1640; x_wconf 85' lang='lat' dir='ltr'><strong>in-</strong></span> 
     </span>
    </p>
   </div>
   <div class='ocr_carea' id='block_1_17' title="bbox 304 1678 1877 1748">
    <p class='ocr_par' dir='ltr' id='par_1_17' title="bbox 304 1678 1877 1748">
     <span class='ocr_line' id='line_1_17' title="bbox 304 1678 1877 1748; baseline 0.004 -17"><span class='ocrx_word' id='word_1_134' title='bbox 304 1679 425 1748; x_wconf 90' lang='lat' dir='ltr'><strong>quit,</strong></span> <span class='ocrx_word' id='word_1_135' title='bbox 454 1680 502 1732; x_wconf 79' lang='lat' dir='ltr'><strong>in</strong></span> <span class='ocrx_word' id='word_1_136' title='bbox 528 1678 717 1733; x_wconf 61' lang='lat' dir='ltr'><strong>ca’lum</strong></span> <span class='ocrx_word' id='word_1_137' title='bbox 756 1688 953 1733; x_wconf 78' lang='lat' dir='ltr'><strong>euntem</strong></span> <span class='ocrx_word' id='word_1_138' title='bbox 980 1679 1124 1733; x_wconf 87' lang='lat' dir='ltr'><strong>illum</strong></span> <span class='ocrx_word' id='word_1_139' title='bbox 1144 1720 1160 1745; x_wconf 95' lang='lat'><strong>,</strong></span> <span class='ocrx_word' id='word_1_140' title='bbox 1186 1695 1298 1733; x_wconf 87' lang='lat' dir='ltr'><strong>ecce</strong></span> <span class='ocrx_word' id='word_1_141' title='bbox 1324 1680 1424 1733; x_wconf 90' lang='lat' dir='ltr'><strong>duo</strong></span> <span class='ocrx_word' id='word_1_142' title='bbox 1454 1680 1549 1733; x_wconf 86' lang='lat' dir='ltr'><strong>viri</strong></span> <span class='ocrx_word' id='word_1_143' title='bbox 1577 1681 1877 1738; x_wconf 68' lang='lat' dir='ltr'><strong>adstiterant</strong></span> 
     </span>
    </p>
   </div>
   <div class='ocr_carea' id='block_1_18' title="bbox 305 1768 1876 1842">
    <p class='ocr_par' dir='ltr' id='par_1_18' title="bbox 305 1768 1876 1842">
     <span class='ocr_line' id='line_1_18' title="bbox 305 1768 1876 1842; baseline 0.004 -21"><span class='ocrx_word' id='word_1_144' title='bbox 305 1770 395 1822; x_wconf 83' lang='lat' dir='ltr'><strong>illis</strong></span> <span class='ocrx_word' id='word_1_145' title='bbox 417 1772 463 1821; x_wconf 78' lang='lat' dir='ltr'><strong>in</strong></span> <span class='ocrx_word' id='word_1_146' title='bbox 483 1780 615 1823; x_wconf 73' lang='lat' dir='ltr'><strong>reste</strong></span> <span class='ocrx_word' id='word_1_147' title='bbox 644 1770 763 1822; x_wconf 90' lang='lat' dir='ltr'><strong>alba</strong></span> <span class='ocrx_word' id='word_1_148' title='bbox 784 1810 799 1833; x_wconf 94' lang='lat'><strong>,</strong></span> <span class='ocrx_word' id='word_1_149' title='bbox 830 1770 917 1838; x_wconf 85' lang='lat' dir='ltr'><strong>qui</strong></span> <span class='ocrx_word' id='word_1_150' title='bbox 937 1778 982 1822; x_wconf 89' lang='lat' dir='ltr'><strong>et</strong></span> <span class='ocrx_word' id='word_1_151' title='bbox 1012 1769 1247 1822; x_wconf 74' lang='lat' dir='ltr'><strong>dixerunt</strong></span> <span class='ocrx_word' id='word_1_152' title='bbox 1288 1786 1309 1824; x_wconf 89' lang='lat'><strong><em>:</em></strong></span> <span class='ocrx_word' id='word_1_153' title='bbox 1353 1768 1457 1822; x_wconf 87' lang='lat' dir='ltr'><strong>Viri</strong></span> <span class='ocrx_word' id='word_1_154' title='bbox 1485 1769 1686 1825; x_wconf 72' lang='lat' dir='ltr'><strong>Gali/mi</strong></span> <span class='ocrx_word' id='word_1_155' title='bbox 1706 1812 1721 1836; x_wconf 96' lang='lat'><strong>,</strong></span> <span class='ocrx_word' id='word_1_156' title='bbox 1754 1773 1876 1842; x_wconf 88' lang='lat' dir='ltr'><strong>quid</strong></span> 
     </span>
    </p>
   </div>
   <div class='ocr_carea' id='block_1_19' title="bbox 304 1858 1875 1933">
    <p class='ocr_par' dir='ltr' id='par_1_19' title="bbox 304 1858 1875 1933">
     <span class='ocr_line' id='line_1_19' title="bbox 304 1858 1875 1933; baseline 0.003 -20"><span class='ocrx_word' id='word_1_157' title='bbox 304 1865 431 1914; x_wconf 80' lang='lat' dir='ltr'><strong>statis</strong></span> <span class='ocrx_word' id='word_1_158' title='bbox 454 1863 759 1928; x_wconf 82' lang='lat' dir='ltr'><strong>aspicientes</strong></span> <span class='ocrx_word' id='word_1_159' title='bbox 801 1861 853 1913; x_wconf 91' lang='lat' dir='ltr'><strong>in</strong></span> <span class='ocrx_word' id='word_1_160' title='bbox 899 1859 1122 1913; x_wconf 61' lang='lat' dir='ltr'><strong>caelum?</strong></span> <span class='ocrx_word' id='word_1_161' title='bbox 1150 1858 1248 1912; x_wconf 74' lang='lat' dir='ltr'><strong>llic</strong></span> <span class='ocrx_word' id='word_1_162' title='bbox 1274 1859 1447 1925; x_wconf 69' lang='lat' dir='ltr'><strong>Iesus,</strong></span> <span class='ocrx_word' id='word_1_163' title='bbox 1478 1862 1563 1928; x_wconf 87' lang='lat' dir='ltr'><strong>qui</strong></span> <span class='ocrx_word' id='word_1_164' title='bbox 1590 1877 1875 1933; x_wconf 81' lang='lat' dir='ltr'><strong>assumptus</strong></span> 
     </span>
    </p>
   </div>
   <div class='ocr_carea' id='block_1_20' title="bbox 299 1951 1875 2024">
    <p class='ocr_par' dir='ltr' id='par_1_20' title="bbox 299 1951 1875 2024">
     <span class='ocr_line' id='line_1_20' title="bbox 299 1951 1875 2024; baseline 0.003 -19"><span class='ocrx_word' id='word_1_165' title='bbox 299 1964 365 2005; x_wconf 78' lang='lat' dir='ltr'><strong>est</strong></span> <span class='ocrx_word' id='word_1_166' title='bbox 389 1969 418 2003; x_wconf 90' lang='lat' dir='ltr'><strong>a</strong></span> <span class='ocrx_word' id='word_1_167' title='bbox 443 1953 580 2004; x_wconf 67' lang='lat' dir='ltr'><strong>vobis</strong></span> <span class='ocrx_word' id='word_1_168' title='bbox 608 1952 663 2003; x_wconf 85' lang='lat' dir='ltr'><strong>in</strong></span> <span class='ocrx_word' id='word_1_169' title='bbox 701 1952 901 2004; x_wconf 64' lang='lat' dir='ltr'><strong>celaui.</strong></span> <span class='ocrx_word' id='word_1_170' title='bbox 936 1951 1426 2005; x_wconf 88' lang='lat' dir='ltr'><strong>Demonstrantium</strong></span> <span class='ocrx_word' id='word_1_171' title='bbox 1456 1967 1603 2007; x_wconf 91' lang='lat' dir='ltr'><strong>more</strong></span> <span class='ocrx_word' id='word_1_172' title='bbox 1648 1953 1875 2024; x_wconf 86' lang='lat' dir='ltr'><strong>loquun-</strong></span> 
     </span>
    </p>
   </div>
   <div class='ocr_carea' id='block_1_21' title="bbox 304 2042 1870 2111">
    <p class='ocr_par' dir='ltr' id='par_1_21' title="bbox 304 2042 1870 2111">
     <span class='ocr_line' id='line_1_21' title="bbox 304 2042 1870 2111; baseline 0.003 -16"><span class='ocrx_word' id='word_1_173' title='bbox 304 2053 378 2096; x_wconf 90' lang='lat' dir='ltr'><strong>tur</strong></span> <span class='ocrx_word' id='word_1_174' title='bbox 398 2062 411 2099; x_wconf 88' lang='lat'>:</span> <span class='ocrx_word' id='word_1_175' title='bbox 438 2042 554 2108; x_wconf 80' lang='lat' dir='ltr'><strong>Hic,</strong></span> <span class='ocrx_word' id='word_1_176' title='bbox 573 2042 662 2110; x_wconf 75' lang='lat' dir='ltr'><strong>qui</strong></span> <span class='ocrx_word' id='word_1_177' title='bbox 683 2050 975 2109; x_wconf 77' lang='lat' dir='ltr'><strong>assumptus</strong></span> <span class='ocrx_word' id='word_1_178' title='bbox 1004 2052 1076 2095; x_wconf 89' lang='lat' dir='ltr'><strong>est</strong></span> <span class='ocrx_word' id='word_1_179' title='bbox 1100 2059 1130 2093; x_wconf 92' lang='lat' dir='ltr'><strong>a</strong></span> <span class='ocrx_word' id='word_1_180' title='bbox 1154 2043 1288 2095; x_wconf 82' lang='lat' dir='ltr'><strong>vobis</strong></span> <span class='ocrx_word' id='word_1_181' title='bbox 1308 2043 1360 2095; x_wconf 91' lang='lat' dir='ltr'><strong>in</strong></span> <span class='ocrx_word' id='word_1_182' title='bbox 1382 2043 1579 2109; x_wconf 76' lang='lat' dir='ltr'><strong>etclam,</strong></span> <span class='ocrx_word' id='word_1_183' title='bbox 1603 2045 1674 2097; x_wconf 86' lang='lat' dir='ltr'><strong>sic</strong></span> <span class='ocrx_word' id='word_1_184' title='bbox 1694 2047 1870 2111; x_wconf 85' lang='lat' dir='ltr'><strong>veniet,</strong></span> 
     </span>
    </p>
   </div>
   <div class='ocr_carea' id='block_1_22' title="bbox 300 2132 1871 2199">
    <p class='ocr_par' dir='ltr' id='par_1_22' title="bbox 300 2132 1871 2199">
     <span class='ocr_line' id='line_1_22' title="bbox 300 2132 1871 2199; baseline 0.005 -16"><span class='ocrx_word' id='word_1_185' title='bbox 300 2132 707 2199; x_wconf 78' lang='lat' dir='ltr'><strong>quentadmodum</strong></span> <span class='ocrx_word' id='word_1_186' title='bbox 756 2132 951 2185; x_wconf 77' lang='lat' dir='ltr'><strong>uidistis</strong></span> <span class='ocrx_word' id='word_1_187' title='bbox 994 2148 1113 2184; x_wconf 88' lang='lat' dir='ltr'><strong>eum</strong></span> <span class='ocrx_word' id='word_1_188' title='bbox 1161 2144 1358 2186; x_wconf 81' lang='lat' dir='ltr'><strong>euntem</strong></span> <span class='ocrx_word' id='word_1_189' title='bbox 1415 2134 1467 2187; x_wconf 87' lang='lat' dir='ltr'><strong>in</strong></span> <span class='ocrx_word' id='word_1_190' title='bbox 1514 2135 1716 2190; x_wconf 72' lang='lat' dir='ltr'><strong>cwlum.</strong></span> <span class='ocrx_word' id='word_1_191' title='bbox 1765 2137 1871 2191; x_wconf 86' lang='lat' dir='ltr'><strong>lte-</strong></span> 
     </span>
    </p>
   </div>
   <div class='ocr_carea' id='block_1_23' title="bbox 305 2220 1875 2294">
    <p class='ocr_par' dir='ltr' id='par_1_23' title="bbox 305 2220 1875 2294">
     <span class='ocr_line' id='line_1_23' title="bbox 305 2220 1875 2294; baseline 0.005 -22"><span class='ocrx_word' id='word_1_192' title='bbox 305 2237 414 2273; x_wconf 89' lang='lat' dir='ltr'><strong>rum</strong></span> <span class='ocrx_word' id='word_1_193' title='bbox 461 2220 577 2274; x_wconf 63' lang='grc' dir='ltr'><strong>ιΑ-ια</strong></span> <span class='ocrx_word' id='word_1_194' title='bbox 620 2224 824 2288; x_wconf 84' lang='lat' dir='ltr'><strong>species</strong></span> <span class='ocrx_word' id='word_1_195' title='bbox 873 2230 976 2275; x_wconf 89' lang='lat' dir='ltr'><strong>est.</strong></span> <span class='ocrx_word' id='word_1_196' title='bbox 1033 2222 1218 2292; x_wconf 87' lang='lat' dir='ltr'><strong>Angeli</strong></span> <span class='ocrx_word' id='word_1_197' title='bbox 1261 2223 1401 2277; x_wconf 91' lang='lat' dir='ltr'><strong>enim</strong></span> <span class='ocrx_word' id='word_1_198' title='bbox 1444 2225 1655 2294; x_wconf 91' lang='lat' dir='ltr'><strong>quidam</strong></span> <span class='ocrx_word' id='word_1_199' title='bbox 1701 2226 1875 2280; x_wconf 81' lang='lat' dir='ltr'><strong>homi-</strong></span> 
     </span>
    </p>
   </div>
   <div class='ocr_carea' id='block_1_24' title="bbox 303 2309 1873 2379">
    <p class='ocr_par' dir='ltr' id='par_1_24' title="bbox 303 2309 1873 2379">
     <span class='ocr_line' id='line_1_24' title="bbox 303 2309 1873 2379; baseline 0.005 -17"><span class='ocrx_word' id='word_1_200' title='bbox 303 2325 421 2365; x_wconf 87' lang='lat' dir='ltr'><strong>num</strong></span> <span class='ocrx_word' id='word_1_201' title='bbox 461 2311 637 2379; x_wconf 85' lang='lat' dir='ltr'><strong>specie</strong></span> <span class='ocrx_word' id='word_1_202' title='bbox 684 2311 960 2364; x_wconf 82' lang='lat' dir='ltr'><strong>adstantes</strong></span> <span class='ocrx_word' id='word_1_203' title='bbox 1007 2309 1300 2365; x_wconf 79' lang='lat' dir='ltr'><strong>dixerunt:</strong></span> <span class='ocrx_word' id='word_1_204' title='bbox 1346 2312 1451 2366; x_wconf 85' lang='lat' dir='ltr'><strong>Viri</strong></span> <span class='ocrx_word' id='word_1_205' title='bbox 1488 2313 1706 2368; x_wconf 63' lang='lat' dir='ltr'><strong>Galilei.</strong></span> <span class='ocrx_word' id='word_1_206' title='bbox 1742 2315 1873 2370; x_wconf 88' lang='lat' dir='ltr'><strong>Fide</strong></span> 
     </span>
    </p>
   </div>
   <div class='ocr_carea' id='block_1_25' title="bbox 302 2400 1868 2471">
    <p class='ocr_par' dir='ltr' id='par_1_25' title="bbox 302 2400 1868 2471">
     <span class='ocr_line' id='line_1_25' title="bbox 302 2400 1868 2471; baseline 0.006 -19"><span class='ocrx_word' id='word_1_207' title='bbox 302 2400 436 2470; x_wconf 78' lang='lat' dir='ltr'><strong>digni</strong></span> <span class='ocrx_word' id='word_1_208' title='bbox 488 2414 633 2457; x_wconf 86' lang='lat' dir='ltr'><strong>certe</strong></span> <span class='ocrx_word' id='word_1_209' title='bbox 682 2402 991 2456; x_wconf 74' lang='lat' dir='ltr'><strong>videbantur</strong></span> <span class='ocrx_word' id='word_1_210' title='bbox 1030 2416 1149 2456; x_wconf 92' lang='lat' dir='ltr'><strong>cum</strong></span> <span class='ocrx_word' id='word_1_211' title='bbox 1198 2403 1473 2471; x_wconf 86' lang='lat' dir='ltr'><strong>dicerent,</strong></span> <span class='ocrx_word' id='word_1_212' title='bbox 1512 2404 1615 2459; x_wconf 83' lang='lat' dir='ltr'><strong>Viri</strong></span> <span class='ocrx_word' id='word_1_213' title='bbox 1649 2406 1868 2463; x_wconf 76' lang='lat' dir='ltr'><strong>Galiltei.</strong></span> 
     </span>
    </p>
   </div>
   <div class='ocr_carea' id='block_1_26' title="bbox 306 2491 1873 2563">
    <p class='ocr_par' dir='ltr' id='par_1_26' title="bbox 306 2491 1873 2563">
     <span class='ocr_line' id='line_1_26' title="bbox 306 2491 1873 2563; baseline 0.004 -17"><span class='ocrx_word' id='word_1_214' title='bbox 306 2495 319 2522; x_wconf 87' lang='lat'>&#39;</span> <span class='ocrx_word' id='word_1_215' title='bbox 349 2491 371 2562; x_wconf 87' lang='lat'>[</span> <span class='ocrx_word' id='word_1_216' title='bbox 402 2493 481 2547; x_wconf 80' lang='lat' dir='ltr'><strong>Ad</strong></span> <span class='ocrx_word' id='word_1_217' title='bbox 528 2493 650 2563; x_wconf 88' lang='lat' dir='ltr'><strong>quid</strong></span> <span class='ocrx_word' id='word_1_218' title='bbox 703 2494 845 2547; x_wconf 85' lang='lat' dir='ltr'><strong>enim</strong></span> <span class='ocrx_word' id='word_1_219' title='bbox 934 2495 1159 2562; x_wconf 87' lang='lat' dir='ltr'><strong>patriam</strong></span> <span class='ocrx_word' id='word_1_220' title='bbox 1210 2506 1635 2563; x_wconf 89' lang='lat' dir='ltr'><strong>memorassent,</strong></span> <span class='ocrx_word' id='word_1_221' title='bbox 1670 2498 1770 2552; x_wconf 88' lang='lat' dir='ltr'><strong>nisi</strong></span> <span class='ocrx_word' id='word_1_222' title='bbox 1815 2507 1873 2552; x_wconf 90' lang='lat' dir='ltr'><strong>ut</strong></span> 
     </span>
    </p>
   </div>
   <div class='ocr_carea' id='block_1_27' title="bbox 302 2589 1870 2663">
    <p class='ocr_par' dir='ltr' id='par_1_27' title="bbox 302 2589 1870 2663">
     <span class='ocr_line' id='line_1_27' title="bbox 302 2589 1870 2663; baseline 0.003 -19"><span class='ocrx_word' id='word_1_223' title='bbox 302 2591 460 2646; x_wconf 86' lang='lat' dir='ltr'><strong>tidem</strong></span> <span class='ocrx_word' id='word_1_224' title='bbox 486 2591 724 2645; x_wconf 74' lang='lat' dir='ltr'><strong>facerent</strong></span> <span class='ocrx_word' id='word_1_225' title='bbox 748 2589 814 2663; x_wconf 85' lang='lat'><strong>?]</strong></span> <span class='ocrx_word' id='word_1_226' title='bbox 841 2590 915 2645; x_wconf 83' lang='lat' dir='ltr'><strong>Ex</strong></span> <span class='ocrx_word' id='word_1_227' title='bbox 950 2592 1133 2661; x_wconf 86' lang='lat' dir='ltr'><strong>specie</strong></span> <span class='ocrx_word' id='word_1_228' title='bbox 1169 2605 1380 2661; x_wconf 90' lang='lat' dir='ltr'><strong>quoque</strong></span> <span class='ocrx_word' id='word_1_229' title='bbox 1426 2593 1543 2646; x_wconf 93' lang='lat' dir='ltr'><strong>illos</strong></span> <span class='ocrx_word' id='word_1_230' title='bbox 1568 2594 1631 2646; x_wconf 89' lang='lat' dir='ltr'><strong>ad</strong></span> <span class='ocrx_word' id='word_1_231' title='bbox 1659 2609 1716 2647; x_wconf 90' lang='lat' dir='ltr'><strong>se</strong></span> <span class='ocrx_word' id='word_1_232' title='bbox 1743 2608 1870 2648; x_wconf 81' lang='lat' dir='ltr'><strong>con-</strong></span> 
     </span>
    </p>
   </div>
   <div class='ocr_carea' id='block_1_28' title="bbox 302 2683 1866 2752">
    <p class='ocr_par' dir='ltr' id='par_1_28' title="bbox 302 2683 1866 2752">
     <span class='ocr_line' id='line_1_28' title="bbox 302 2683 1866 2752; baseline -0.001 -14"><span class='ocrx_word' id='word_1_233' title='bbox 302 2685 595 2747; x_wconf 79' lang='lat' dir='ltr'><strong>vertebant,</strong></span> <span class='ocrx_word' id='word_1_234' title='bbox 641 2684 977 2738; x_wconf 85' lang='lat' dir='ltr'><strong>declaranles</strong></span> <span class='ocrx_word' id='word_1_235' title='bbox 1021 2698 1083 2739; x_wconf 89' lang='lat' dir='ltr'><strong>se</strong></span> <span class='ocrx_word' id='word_1_236' title='bbox 1125 2683 1194 2749; x_wconf 88' lang='lat' dir='ltr'><strong>de</strong></span> <span class='ocrx_word' id='word_1_237' title='bbox 1236 2683 1381 2737; x_wconf 75' lang='lat' dir='ltr'><strong>cadis</strong></span> <span class='ocrx_word' id='word_1_238' title='bbox 1425 2698 1546 2738; x_wconf 61' lang='grc' dir='ltr'><strong>θεδο</strong></span> <span class='ocrx_word' id='word_1_239' title='bbox 1586 2687 1866 2752; x_wconf 77' lang='lat' dir='ltr'><strong>profectos.</strong></span> 
     </span>
    </p>
   </div>
   <div class='ocr_carea' id='block_1_29' title="bbox 302 2773 1867 2846">
    <p class='ocr_par' dir='ltr' id='par_1_29' title="bbox 302 2773 1867 2846">
     <span class='ocr_line' id='line_1_29' title="bbox 302 2773 1867 2846; baseline 0.001 -15"><span class='ocrx_word' id='word_1_240' title='bbox 302 2777 402 2831; x_wconf 88' lang='lat' dir='ltr'><strong>Cur</strong></span> <span class='ocrx_word' id='word_1_241' title='bbox 429 2793 531 2831; x_wconf 88' lang='lat' dir='ltr'><strong>non</strong></span> <span class='ocrx_word' id='word_1_242' title='bbox 557 2777 666 2845; x_wconf 83' lang='lat' dir='ltr'><strong>ipse</strong></span> <span class='ocrx_word' id='word_1_243' title='bbox 694 2773 943 2831; x_wconf 83' lang='lat' dir='ltr'><strong>Christus</strong></span> <span class='ocrx_word' id='word_1_244' title='bbox 983 2778 1098 2830; x_wconf 74' lang='lat' dir='ltr'><strong>luce</strong></span> <span class='ocrx_word' id='word_1_245' title='bbox 1145 2775 1275 2846; x_wconf 89' lang='lat' dir='ltr'><strong>ipsis</strong></span> <span class='ocrx_word' id='word_1_246' title='bbox 1328 2775 1562 2844; x_wconf 86' lang='lat' dir='ltr'><strong>loquitur</strong></span> <span class='ocrx_word' id='word_1_247' title='bbox 1584 2817 1597 2839; x_wconf 92' lang='lat'><strong>,</strong></span> <span class='ocrx_word' id='word_1_248' title='bbox 1626 2777 1719 2829; x_wconf 89' lang='lat' dir='ltr'><strong>sed</strong></span> <span class='ocrx_word' id='word_1_249' title='bbox 1769 2792 1867 2832; x_wconf 91' lang='lat' dir='ltr'><strong>an-</strong></span> 
     </span>
    </p>
   </div>
   <div class='ocr_carea' id='block_1_30' title="bbox 306 2872 1870 2946">
    <p class='ocr_par' dir='ltr' id='par_1_30' title="bbox 306 2872 1870 2946">
     <span class='ocr_line' id='line_1_30' title="bbox 306 2872 1870 2946; baseline -0.002 -16"><span class='ocrx_word' id='word_1_250' title='bbox 306 2877 451 2946; x_wconf 85' lang='lat' dir='ltr'><strong>geli?</strong></span> <span class='ocrx_word' id='word_1_251' title='bbox 478 2876 621 2929; x_wconf 84' lang='lat' dir='ltr'><strong>Prius</strong></span> <span class='ocrx_word' id='word_1_252' title='bbox 648 2877 750 2929; x_wconf 89' lang='lat' dir='ltr'><strong>illis</strong></span> <span class='ocrx_word' id='word_1_253' title='bbox 780 2874 961 2929; x_wconf 91' lang='lat' dir='ltr'><strong>omnia</strong></span> <span class='ocrx_word' id='word_1_254' title='bbox 991 2872 1217 2938; x_wconf 79' lang='lat' dir='ltr'><strong>dixerat,</strong></span> <span class='ocrx_word' id='word_1_255' title='bbox 1243 2872 1353 2940; x_wconf 89' lang='lat' dir='ltr'><strong>jam</strong></span> <span class='ocrx_word' id='word_1_256' title='bbox 1379 2887 1505 2926; x_wconf 88' lang='lat' dir='ltr'><strong>vero</strong></span> <span class='ocrx_word' id='word_1_257' title='bbox 1530 2886 1623 2939; x_wconf 83' lang='lat' dir='ltr'><strong>per</strong></span> <span class='ocrx_word' id='word_1_258' title='bbox 1651 2874 1870 2941; x_wconf 86' lang='lat' dir='ltr'><strong>angelos</strong></span> 
     </span>
    </p>
   </div>
   <div class='ocr_carea' id='block_1_31' title="bbox 313 2964 1871 3032">
    <p class='ocr_par' dir='ltr' id='par_1_31' title="bbox 313 2964 1871 3032">
     <span class='ocr_line' id='line_1_31' title="bbox 313 2964 1871 3032; baseline -0.002 -11"><span class='ocrx_word' id='word_1_259' title='bbox 313 2968 413 3021; x_wconf 87' lang='lat' dir='ltr'><strong>illis</strong></span> <span class='ocrx_word' id='word_1_260' title='bbox 454 2968 503 3020; x_wconf 91' lang='lat' dir='ltr'><strong>in</strong></span> <span class='ocrx_word' id='word_1_261' title='bbox 530 2967 833 3020; x_wconf 86' lang='lat' dir='ltr'><strong>memoriam</strong></span> <span class='ocrx_word' id='word_1_262' title='bbox 884 2973 1099 3018; x_wconf 84' lang='lat' dir='ltr'><strong>revocat</strong></span> <span class='ocrx_word' id='word_1_263' title='bbox 1136 2979 1197 3020; x_wconf 91' lang='lat' dir='ltr'><strong>ea</strong></span> <span class='ocrx_word' id='word_1_264' title='bbox 1225 3005 1239 3027; x_wconf 90' lang='lat'><strong>,</strong></span> <span class='ocrx_word' id='word_1_265' title='bbox 1270 2980 1388 3032; x_wconf 76' lang='lat' dir='ltr'><strong>qua:</strong></span> <span class='ocrx_word' id='word_1_266' title='bbox 1434 2964 1730 3018; x_wconf 88' lang='lat' dir='ltr'><strong>audierant.</strong></span> <span class='ocrx_word' id='word_1_267' title='bbox 1760 2964 1871 3018; x_wconf 83' lang='lat' dir='ltr'><strong>Nec</strong></span> 
     </span>
    </p>
   </div>
   <div class='ocr_carea' id='block_1_32' title="bbox 310 3054 1867 3125">
    <p class='ocr_par' dir='ltr' id='par_1_32' title="bbox 310 3054 1867 3125">
     <span class='ocr_line' id='line_1_32' title="bbox 310 3054 1867 3125; baseline -0.001 -16"><span class='ocrx_word' id='word_1_268' title='bbox 310 3057 564 3123; x_wconf 84' lang='lat' dir='ltr'><strong>dixerunt,</strong></span> <span class='ocrx_word' id='word_1_269' title='bbox 586 3058 749 3125; x_wconf 87' lang='lat' dir='ltr'><strong>Quem</strong></span> <span class='ocrx_word' id='word_1_270' title='bbox 773 3056 980 3110; x_wconf 72' lang='lat' dir='ltr'><strong>vidistis</strong></span> <span class='ocrx_word' id='word_1_271' title='bbox 1021 3065 1376 3125; x_wconf 82' lang='lat' dir='ltr'><strong>assumptum,</strong></span> <span class='ocrx_word' id='word_1_272' title='bbox 1409 3054 1500 3108; x_wconf 92' lang='lat' dir='ltr'><strong>sed</strong></span> <span class='ocrx_word' id='word_1_273' title='bbox 1526 3096 1543 3121; x_wconf 93' lang='lat'><strong>,</strong></span> <span class='ocrx_word' id='word_1_274' title='bbox 1576 3054 1790 3108; x_wconf 83' lang='lat' dir='ltr'><strong>Euntem</strong></span> <span class='ocrx_word' id='word_1_275' title='bbox 1815 3057 1867 3108; x_wconf 83' lang='lat' dir='ltr'><strong>in</strong></span> 
     </span>
    </p>
   </div>
   <div class='ocr_carea' id='block_1_33' title="bbox 307 3148 1867 3216">
    <p class='ocr_par' dir='ltr' id='par_1_33' title="bbox 307 3148 1867 3216">
     <span class='ocr_line' id='line_1_33' title="bbox 307 3148 1867 3216; baseline -0.001 -11"><span class='ocrx_word' id='word_1_276' title='bbox 307 3152 512 3211; x_wconf 64' lang='lat' dir='ltr'><strong>celum;</strong></span> <span class='ocrx_word' id='word_1_277' title='bbox 536 3160 587 3204; x_wconf 90' lang='lat' dir='ltr'><strong>ut</strong></span> <span class='ocrx_word' id='word_1_278' title='bbox 611 3149 927 3205; x_wconf 83' lang='lat' dir='ltr'><strong>ostendatur</strong></span> <span class='ocrx_word' id='word_1_279' title='bbox 949 3149 1363 3216; x_wconf 88' lang='lat' dir='ltr'><strong>assumptionem</strong></span> <span class='ocrx_word' id='word_1_280' title='bbox 1396 3148 1561 3213; x_wconf 87' lang='lat' dir='ltr'><strong>illam,</strong></span> <span class='ocrx_word' id='word_1_281' title='bbox 1593 3151 1867 3203; x_wconf 80' lang='lat' dir='ltr'><strong>ascensio-</strong></span> 
     </span>
    </p>
   </div>
   <div class='ocr_carea' id='block_1_34' title="bbox 305 3238 1864 3294">
    <p class='ocr_par' dir='ltr' id='par_1_34' title="bbox 305 3238 1864 3294">
     <span class='ocr_line' id='line_1_34' title="bbox 305 3238 1864 3294; baseline 0.001 -2"><span class='ocrx_word' id='word_1_282' title='bbox 305 3256 419 3293; x_wconf 81' lang='lat' dir='ltr'><strong>nem</strong></span> <span class='ocrx_word' id='word_1_283' title='bbox 444 3239 600 3294; x_wconf 80' lang='lat' dir='ltr'><strong>fuisse</strong></span> <span class='ocrx_word' id='word_1_284' title='bbox 642 3258 656 3293; x_wconf 86' lang='lat'><strong>:</strong></span> <span class='ocrx_word' id='word_1_285' title='bbox 701 3240 880 3293; x_wconf 87' lang='lat' dir='ltr'><strong>carnis</strong></span> <span class='ocrx_word' id='word_1_286' title='bbox 911 3248 1089 3292; x_wconf 87' lang='lat' dir='ltr'><strong>autem</strong></span> <span class='ocrx_word' id='word_1_287' title='bbox 1117 3247 1197 3292; x_wconf 78' lang='lat' dir='ltr'><strong>est</strong></span> <span class='ocrx_word' id='word_1_288' title='bbox 1227 3238 1447 3291; x_wconf 90' lang='lat' dir='ltr'><strong>assumi.</strong></span> <span class='ocrx_word' id='word_1_289' title='bbox 1481 3238 1603 3292; x_wconf 91' lang='lat' dir='ltr'><strong>ldeo</strong></span> <span class='ocrx_word' id='word_1_290' title='bbox 1636 3238 1821 3294; x_wconf 90' lang='lat' dir='ltr'><strong>dicunt</strong></span> <span class='ocrx_word' id='word_1_291' title='bbox 1851 3259 1864 3293; x_wconf 89' lang='lat'><strong>:</strong></span> 
     </span>
    </p>
   </div>
   <div class='ocr_carea' id='block_1_35' title="bbox 310 3328 1865 3397">
    <p class='ocr_par' dir='ltr' id='par_1_35' title="bbox 310 3328 1865 3397">
     <span class='ocr_line' id='line_1_35' title="bbox 310 3328 1865 3397; baseline 0.002 -15"><span class='ocrx_word' id='word_1_292' title='bbox 310 3332 402 3396; x_wconf 80' lang='lat' dir='ltr'><strong>Qui</strong></span> <span class='ocrx_word' id='word_1_293' title='bbox 427 3341 703 3397; x_wconf 76' lang='lat' dir='ltr'><strong>assumptus</strong></span> <span class='ocrx_word' id='word_1_294' title='bbox 732 3340 806 3385; x_wconf 85' lang='lat' dir='ltr'><strong>est</strong></span> <span class='ocrx_word' id='word_1_295' title='bbox 829 3347 861 3382; x_wconf 90' lang='lat' dir='ltr'><strong>a</strong></span> <span class='ocrx_word' id='word_1_296' title='bbox 884 3329 1039 3388; x_wconf 78' lang='lat' dir='ltr'><strong>vobis.</strong></span> <span class='ocrx_word' id='word_1_297' title='bbox 1064 3329 1135 3383; x_wconf 85' lang='lat' dir='ltr'><strong>sic</strong></span> <span class='ocrx_word' id='word_1_298' title='bbox 1170 3330 1326 3383; x_wconf 83' lang='lat' dir='ltr'><strong>ueniet</strong></span> <span class='ocrx_word' id='word_1_299' title='bbox 1353 3344 1371 3381; x_wconf 90' lang='lat'><strong><em>:</em></strong></span> <span class='ocrx_word' id='word_1_300' title='bbox 1399 3343 1502 3382; x_wconf 90' lang='lat' dir='ltr'><strong>non</strong></span> <span class='ocrx_word' id='word_1_301' title='bbox 1533 3370 1549 3393; x_wconf 96' lang='lat'><strong>,</strong></span> <span class='ocrx_word' id='word_1_302' title='bbox 1593 3328 1827 3385; x_wconf 84' lang='lat' dir='ltr'><strong>Mittctur</strong></span> <span class='ocrx_word' id='word_1_303' title='bbox 1849 3371 1865 3395; x_wconf 94' lang='lat'><strong>,</strong></span> 
     </span>
    </p>
   </div>
   <div class='ocr_carea' id='block_1_36' title="bbox 308 3418 1867 3490">
    <p class='ocr_par' dir='ltr' id='par_1_36' title="bbox 308 3418 1867 3490">
     <span class='ocr_line' id='line_1_36' title="bbox 308 3418 1867 3490; baseline -0.001 -13"><span class='ocrx_word' id='word_1_304' title='bbox 308 3423 420 3485; x_wconf 78' lang='lat' dir='ltr'><strong>sed,</strong></span> <span class='ocrx_word' id='word_1_305' title='bbox 454 3421 635 3476; x_wconf 71' lang='lat' dir='ltr'><strong>Veniet.</strong></span> <span class='ocrx_word' id='word_1_306' title='bbox 661 3423 776 3489; x_wconf 90' lang='lat' dir='ltr'><strong>Qua</strong></span> <span class='ocrx_word' id='word_1_307' title='bbox 806 3421 860 3474; x_wconf 90' lang='lat' dir='ltr'><strong>in</strong></span> <span class='ocrx_word' id='word_1_308' title='bbox 899 3437 958 3475; x_wconf 89' lang='lat' dir='ltr'><strong>re</strong></span> <span class='ocrx_word' id='word_1_309' title='bbox 983 3435 1113 3490; x_wconf 89' lang='lat' dir='ltr'><strong>ergo</strong></span> <span class='ocrx_word' id='word_1_310' title='bbox 1140 3420 1312 3473; x_wconf 91' lang='lat' dir='ltr'><strong>minor</strong></span> <span class='ocrx_word' id='word_1_311' title='bbox 1337 3429 1418 3475; x_wconf 90' lang='lat' dir='ltr'><strong>est</strong></span> <span class='ocrx_word' id='word_1_312' title='bbox 1445 3418 1653 3475; x_wconf 85' lang='lat' dir='ltr'><strong>Filius?</strong></span> <span class='ocrx_word' id='word_1_313' title='bbox 1696 3419 1867 3476; x_wconf 83' lang='lat' dir='ltr'><strong>Nubes</strong></span> 
     </span>
    </p>
   </div>
   <div class='ocr_carea' id='block_1_37' title="bbox 317 3509 1861 3579">
    <p class='ocr_par' dir='ltr' id='par_1_37' title="bbox 317 3509 1861 3579">
     <span class='ocr_line' id='line_1_37' title="bbox 317 3509 1861 3579; baseline -0.001 -15"><span class='ocrx_word' id='word_1_314' title='bbox 317 3513 519 3577; x_wconf 69' lang='lat' dir='ltr'><strong>suscepit</strong></span> <span class='ocrx_word' id='word_1_315' title='bbox 547 3528 669 3564; x_wconf 64' lang='lat' dir='ltr'><strong>aut.</strong></span> <span class='ocrx_word' id='word_1_316' title='bbox 705 3510 899 3575; x_wconf 75' lang='lat' dir='ltr'><strong>Recte;</strong></span> <span class='ocrx_word' id='word_1_317' title='bbox 927 3510 1041 3579; x_wconf 85' lang='lat' dir='ltr'><strong>ipse</strong></span> <span class='ocrx_word' id='word_1_318' title='bbox 1083 3509 1223 3564; x_wconf 88' lang='lat' dir='ltr'><strong>enim</strong></span> <span class='ocrx_word' id='word_1_319' title='bbox 1250 3509 1490 3563; x_wconf 82' lang='lat' dir='ltr'><strong>ascendit</strong></span> <span class='ocrx_word' id='word_1_320' title='bbox 1533 3509 1586 3562; x_wconf 88' lang='lat' dir='ltr'><strong>in</strong></span> <span class='ocrx_word' id='word_1_321' title='bbox 1630 3510 1822 3562; x_wconf 86' lang='lat' dir='ltr'><strong>nubem</strong></span> <span class='ocrx_word' id='word_1_322' title='bbox 1848 3529 1861 3563; x_wconf 88' lang='lat'>:</span> 
     </span>
    </p>
   </div>
   <div class='ocr_carea' id='block_1_38' title="bbox 316 3598 1861 3669">
    <p class='ocr_par' dir='ltr' id='par_1_38' title="bbox 316 3598 1861 3669">
     <span class='ocr_line' id='line_1_38' title="bbox 316 3598 1861 3669; baseline 0.003 -18"><span class='ocrx_word' id='word_1_323' title='bbox 316 3600 554 3667; x_wconf 84' lang='lat' dir='ltr'><strong>quoniam</strong></span> <span class='ocrx_word' id='word_1_324' title='bbox 584 3598 677 3663; x_wconf 78' lang='lat' dir='ltr'><strong>Qui</strong></span> <span class='ocrx_word' id='word_1_325' title='bbox 695 3600 934 3661; x_wconf 81' lang='lat' dir='ltr'><strong>ascendit,</strong></span> <span class='ocrx_word' id='word_1_326' title='bbox 961 3601 1071 3667; x_wconf 82' lang='lat' dir='ltr'><strong>ipse</strong></span> <span class='ocrx_word' id='word_1_327' title='bbox 1094 3608 1167 3653; x_wconf 89' lang='lat' dir='ltr'><strong>est</strong></span> <span class='ocrx_word' id='word_1_328' title='bbox 1184 3599 1270 3669; x_wconf 91' lang='lat' dir='ltr'><strong>qui</strong></span> <span class='ocrx_word' id='word_1_329' title='bbox 1293 3599 1547 3653; x_wconf 84' lang='lat' dir='ltr'><strong>descendit</strong></span> <span class='ocrx_word' id='word_1_330' title='bbox 1570 3599 1785 3669; x_wconf 82' lang='lat' dir='ltr'><strong>(Ep/tes.</strong></span> <span class='ocrx_word' id='word_1_331' title='bbox 1808 3602 1861 3655; x_wconf 75' lang='grc'><strong>4.</strong></span> 
     </span>
    </p>
   </div>
   <div class='ocr_carea' id='block_1_39' title="bbox 310 3689 1864 3760">
    <p class='ocr_par' dir='ltr' id='par_1_39' title="bbox 310 3689 1864 3760">
     <span class='ocr_line' id='line_1_39' title="bbox 310 3689 1864 3760; baseline 0 -16"><span class='ocrx_word' id='word_1_332' title='bbox 310 3690 415 3756; x_wconf 76' lang='lat' dir='ltr'><strong>l0).</strong></span> <span class='ocrx_word' id='word_1_333' title='bbox 444 3690 843 3754; x_wconf 75' lang='lat' dir='ltr'><strong>Animadverte,</strong></span> <span class='ocrx_word' id='word_1_334' title='bbox 877 3689 1145 3757; x_wconf 82' lang='lat' dir='ltr'><strong>quomodo</strong></span> <span class='ocrx_word' id='word_1_335' title='bbox 1174 3689 1274 3743; x_wconf 87' lang='lat' dir='ltr'><strong>alia</strong></span> <span class='ocrx_word' id='word_1_336' title='bbox 1306 3690 1597 3744; x_wconf 88' lang='lat' dir='ltr'><strong>secundum</strong></span> <span class='ocrx_word' id='word_1_337' title='bbox 1628 3690 1864 3760; x_wconf 90' lang='lat' dir='ltr'><strong>discipu-</strong></span> 
     </span>
    </p>
   </div>
   <div class='ocr_carea' id='block_1_40' title="bbox 305 3780 1863 3848">
    <p class='ocr_par' dir='ltr' id='par_1_40' title="bbox 305 3780 1863 3848">
     <span class='ocr_line' id='line_1_40' title="bbox 305 3780 1863 3848; baseline -0.001 -13"><span class='ocrx_word' id='word_1_338' title='bbox 305 3782 465 3835; x_wconf 86' lang='lat' dir='ltr'><strong>lorum</strong></span> <span class='ocrx_word' id='word_1_339' title='bbox 511 3791 736 3836; x_wconf 88' lang='lat' dir='ltr'><strong>mentem</strong></span> <span class='ocrx_word' id='word_1_340' title='bbox 766 3781 1010 3836; x_wconf 88' lang='lat' dir='ltr'><strong>dicantur</strong></span> <span class='ocrx_word' id='word_1_341' title='bbox 1034 3822 1049 3845; x_wconf 92' lang='lat'><strong>,</strong></span> <span class='ocrx_word' id='word_1_342' title='bbox 1090 3780 1190 3833; x_wconf 89' lang='lat' dir='ltr'><strong>alia</strong></span> <span class='ocrx_word' id='word_1_343' title='bbox 1232 3781 1522 3834; x_wconf 87' lang='lat' dir='ltr'><strong>secundum</strong></span> <span class='ocrx_word' id='word_1_344' title='bbox 1554 3780 1863 3848; x_wconf 87' lang='lat' dir='ltr'><strong>dignitatem</strong></span> 
     </span>
    </p>
   </div>
   <div class='ocr_carea' id='block_1_41' title="bbox 303 3868 1862 3941">
    <p class='ocr_par' dir='ltr' id='par_1_41' title="bbox 303 3868 1862 3941">
     <span class='ocr_line' id='line_1_41' title="bbox 303 3868 1862 3941; baseline -0.001 -16"><span class='ocrx_word' id='word_1_345' title='bbox 303 3872 405 3925; x_wconf 85' lang='lat' dir='ltr'><strong>Dei.</strong></span> <span class='ocrx_word' id='word_1_346' title='bbox 425 3873 817 3941; x_wconf 88' lang='lat' dir='ltr'><strong>Sublimiorque</strong></span> <span class='ocrx_word' id='word_1_347' title='bbox 843 3870 1058 3926; x_wconf 88' lang='lat' dir='ltr'><strong>demum</strong></span> <span class='ocrx_word' id='word_1_348' title='bbox 1091 3868 1227 3923; x_wconf 85' lang='lat' dir='ltr'><strong>facta</strong></span> <span class='ocrx_word' id='word_1_349' title='bbox 1254 3879 1335 3923; x_wconf 93' lang='lat' dir='ltr'><strong>est</strong></span> <span class='ocrx_word' id='word_1_350' title='bbox 1360 3885 1512 3924; x_wconf 89' lang='lat' dir='ltr'><strong>mens</strong></span> <span class='ocrx_word' id='word_1_351' title='bbox 1539 3868 1862 3924; x_wconf 84' lang='lat' dir='ltr'><strong>videntium:</strong></span> 
     </span>
    </p>
   </div>
   <div class='ocr_carea' id='block_1_42' title="bbox 298 3960 1862 4031">
    <p class='ocr_par' dir='ltr' id='par_1_42' title="bbox 298 3960 1862 4031">
     <span class='ocr_line' id='line_1_42' title="bbox 298 3960 1862 4031; baseline 0.001 -17"><span class='ocrx_word' id='word_1_352' title='bbox 298 3976 355 4017; x_wconf 78' lang='lat' dir='ltr'><strong>ac</strong></span> <span class='ocrx_word' id='word_1_353' title='bbox 376 3962 589 4016; x_wconf 84' lang='lat' dir='ltr'><strong>secundi</strong></span> <span class='ocrx_word' id='word_1_354' title='bbox 619 3962 878 4015; x_wconf 84' lang='lat' dir='ltr'><strong>adventus</strong></span> <span class='ocrx_word' id='word_1_355' title='bbox 908 3975 1013 4015; x_wconf 90' lang='lat' dir='ltr'><strong>non</strong></span> <span class='ocrx_word' id='word_1_356' title='bbox 1043 3976 1256 4031; x_wconf 88' lang='lat' dir='ltr'><strong>parvam</strong></span> <span class='ocrx_word' id='word_1_357' title='bbox 1289 3960 1394 4014; x_wconf 90' lang='lat' dir='ltr'><strong>illis</strong></span> <span class='ocrx_word' id='word_1_358' title='bbox 1423 3960 1568 4014; x_wconf 89' lang='lat' dir='ltr'><strong>dedit</strong></span> <span class='ocrx_word' id='word_1_359' title='bbox 1592 3960 1862 4028; x_wconf 89' lang='lat' dir='ltr'><strong>notitiam;</strong></span> 
     </span>
    </p>
   </div>
   <div class='ocr_carea' id='block_1_43' title="bbox 298 4049 1861 4121">
    <p class='ocr_par' dir='ltr' id='par_1_43' title="bbox 298 4049 1861 4121">
     <span class='ocr_line' id='line_1_43' title="bbox 298 4049 1861 4121; baseline -0.002 -14"><span class='ocrx_word' id='word_1_360' title='bbox 298 4052 412 4107; x_wconf 83' lang='lat' dir='ltr'><strong>illud</strong></span> <span class='ocrx_word' id='word_1_361' title='bbox 437 4054 600 4115; x_wconf 84' lang='lat' dir='ltr'><strong>enim,</strong></span> <span class='ocrx_word' id='word_1_362' title='bbox 630 4052 722 4106; x_wconf 91' lang='lat' dir='ltr'><strong>Sic</strong></span> <span class='ocrx_word' id='word_1_363' title='bbox 764 4052 941 4117; x_wconf 79' lang='lat' dir='ltr'><strong>veniet,</strong></span> <span class='ocrx_word' id='word_1_364' title='bbox 971 4050 1073 4105; x_wconf 85' lang='lat' dir='ltr'><strong>hoc</strong></span> <span class='ocrx_word' id='word_1_365' title='bbox 1101 4049 1361 4120; x_wconf 80' lang='lat' dir='ltr'><strong>signiﬁcat</strong></span> <span class='ocrx_word' id='word_1_366' title='bbox 1395 4067 1408 4104; x_wconf 89' lang='lat'><strong>:</strong></span> <span class='ocrx_word' id='word_1_367' title='bbox 1436 4064 1555 4103; x_wconf 89' lang='lat' dir='ltr'><strong>cum</strong></span> <span class='ocrx_word' id='word_1_368' title='bbox 1600 4064 1823 4121; x_wconf 92' lang='lat' dir='ltr'><strong>corpore</strong></span> <span class='ocrx_word' id='word_1_369' title='bbox 1847 4092 1861 4115; x_wconf 95' lang='lat'><strong>,</strong></span> 
     </span>
    </p>
   </div>
   <div class='ocr_carea' id='block_1_44' title="bbox 297 4142 1864 4212">
    <p class='ocr_par' dir='ltr' id='par_1_44' title="bbox 297 4142 1864 4212">
     <span class='ocr_line' id='line_1_44' title="bbox 297 4142 1864 4212; baseline -0.001 -14"><span class='ocrx_word' id='word_1_370' title='bbox 297 4144 454 4212; x_wconf 81' lang='lat' dir='ltr'><strong>inquit</strong></span> <span class='ocrx_word' id='word_1_371' title='bbox 483 4163 497 4198; x_wconf 91' lang='lat'>:</span> <span class='ocrx_word' id='word_1_372' title='bbox 527 4144 658 4199; x_wconf 88' lang='lat' dir='ltr'><strong>illud</strong></span> <span class='ocrx_word' id='word_1_373' title='bbox 684 4144 828 4199; x_wconf 91' lang='lat' dir='ltr'><strong>enim</strong></span> <span class='ocrx_word' id='word_1_374' title='bbox 875 4143 1059 4197; x_wconf 89' lang='lat' dir='ltr'><strong>audire</strong></span> <span class='ocrx_word' id='word_1_375' title='bbox 1097 4142 1388 4211; x_wconf 88' lang='lat' dir='ltr'><strong>optabant;</strong></span> <span class='ocrx_word' id='word_1_376' title='bbox 1421 4150 1471 4196; x_wconf 88' lang='lat' dir='ltr'><strong>ct</strong></span> <span class='ocrx_word' id='word_1_377' title='bbox 1499 4142 1638 4210; x_wconf 89' lang='lat' dir='ltr'><strong>quod</strong></span> <span class='ocrx_word' id='word_1_378' title='bbox 1674 4143 1864 4197; x_wconf 91' lang='lat' dir='ltr'><strong>iterum</strong></span> 
     </span>
    </p>
   </div>
   <div class='ocr_carea' id='block_1_45' title="bbox 296 4231 1867 4302">
    <p class='ocr_par' dir='ltr' id='par_1_45' title="bbox 296 4231 1867 4302">
     <span class='ocr_line' id='line_1_45' title="bbox 296 4231 1867 4302; baseline 0.001 -15"><span class='ocrx_word' id='word_1_379' title='bbox 296 4235 425 4290; x_wconf 77' lang='lat' dir='ltr'><strong>nube</strong></span> <span class='ocrx_word' id='word_1_380' title='bbox 446 4244 633 4290; x_wconf 78' lang='lat' dir='ltr'><strong>vectus</strong></span> <span class='ocrx_word' id='word_1_381' title='bbox 661 4233 727 4287; x_wconf 87' lang='lat' dir='ltr'><strong>ad</strong></span> <span class='ocrx_word' id='word_1_382' title='bbox 770 4234 1025 4302; x_wconf 88' lang='lat' dir='ltr'><strong>judicium</strong></span> <span class='ocrx_word' id='word_1_383' title='bbox 1074 4243 1330 4286; x_wconf 86' lang='lat' dir='ltr'><strong>venturus</strong></span> <span class='ocrx_word' id='word_1_384' title='bbox 1385 4232 1474 4285; x_wconf 88' lang='lat' dir='ltr'><strong>sit.</strong></span> <span class='ocrx_word' id='word_1_385' title='bbox 1512 4231 1577 4283; x_wconf 83' lang='lat' dir='ltr'><strong>Et</strong></span> <span class='ocrx_word' id='word_1_386' title='bbox 1604 4249 1719 4287; x_wconf 84' lang='lat' dir='ltr'><strong>ecce</strong></span> <span class='ocrx_word' id='word_1_387' title='bbox 1743 4276 1756 4297; x_wconf 92' lang='lat'><strong>,</strong></span> <span class='ocrx_word' id='word_1_388' title='bbox 1787 4235 1867 4289; x_wconf 87' lang='lat' dir='ltr'><strong>in-</strong></span> 
     </span>
    </p>
   </div>
   <div class='ocr_carea' id='block_1_46' title="bbox 294 4322 1866 4393">
    <p class='ocr_par' dir='ltr' id='par_1_46' title="bbox 294 4322 1866 4393">
     <span class='ocr_line' id='line_1_46' title="bbox 294 4322 1866 4393; baseline 0.001 -15"><span class='ocrx_word' id='word_1_389' title='bbox 294 4329 416 4391; x_wconf 72' lang='lat' dir='ltr'><strong>quit,</strong></span> <span class='ocrx_word' id='word_1_390' title='bbox 447 4328 551 4379; x_wconf 75' lang='lat' dir='ltr'><strong>duo</strong></span> <span class='ocrx_word' id='word_1_391' title='bbox 579 4327 671 4379; x_wconf 64' lang='lat' dir='ltr'><strong>viri</strong></span> <span class='ocrx_word' id='word_1_392' title='bbox 698 4326 1018 4378; x_wconf 71' lang='lat' dir='ltr'><strong>adstiterant.</strong></span> <span class='ocrx_word' id='word_1_393' title='bbox 1062 4322 1168 4377; x_wconf 90' lang='lat' dir='ltr'><strong>Cur</strong></span> <span class='ocrx_word' id='word_1_394' title='bbox 1195 4323 1328 4376; x_wconf 81' lang='lat' dir='ltr'><strong>dixit</strong></span> <span class='ocrx_word' id='word_1_395' title='bbox 1353 4364 1367 4383; x_wconf 87' lang='lat'><strong>.</strong></span> <span class='ocrx_word' id='word_1_396' title='bbox 1408 4322 1513 4375; x_wconf 83' lang='lat' dir='ltr'><strong>Viri</strong></span> <span class='ocrx_word' id='word_1_397' title='bbox 1536 4324 1560 4375; x_wconf 85' lang='lat'><strong>?</strong></span> <span class='ocrx_word' id='word_1_398' title='bbox 1588 4324 1720 4390; x_wconf 89' lang='lat' dir='ltr'><strong>Quia</strong></span> <span class='ocrx_word' id='word_1_399' title='bbox 1750 4340 1866 4393; x_wconf 89' lang='lat' dir='ltr'><strong>per-</strong></span> 
     </span>
    </p>
   </div>
   <div class='ocr_carea' id='block_1_47' title="bbox 293 4413 1862 4483">
    <p class='ocr_par' dir='ltr' id='par_1_47' title="bbox 293 4413 1862 4483">
     <span class='ocr_line' id='line_1_47' title="bbox 293 4413 1862 4483; baseline -0.002 -13"><span class='ocrx_word' id='word_1_400' title='bbox 293 4416 472 4470; x_wconf 76' lang='lat' dir='ltr'><strong>lectam</strong></span> <span class='ocrx_word' id='word_1_401' title='bbox 503 4416 744 4470; x_wconf 80' lang='lat' dir='ltr'><strong>virorum</strong></span> <span class='ocrx_word' id='word_1_402' title='bbox 775 4413 1002 4469; x_wconf 76' lang='lat' dir='ltr'><strong>formam</strong></span> <span class='ocrx_word' id='word_1_403' title='bbox 1031 4413 1488 4483; x_wconf 56' lang='lat' dir='ltr'><strong>repraesentabant</strong></span> <span class='ocrx_word' id='word_1_404' title='bbox 1510 4452 1526 4475; x_wconf 95' lang='lat'><strong>,</strong></span> <span class='ocrx_word' id='word_1_405' title='bbox 1559 4428 1625 4465; x_wconf 88' lang='lat' dir='ltr'><strong>ne</strong></span> <span class='ocrx_word' id='word_1_406' title='bbox 1652 4413 1724 4465; x_wconf 89' lang='lat' dir='ltr'><strong>illi</strong></span> <span class='ocrx_word' id='word_1_407' title='bbox 1767 4413 1862 4467; x_wconf 83' lang='lat' dir='ltr'><strong>ob-</strong></span> 
     </span>
    </p>
   </div>
   <div class='ocr_carea' id='block_1_48' title="bbox 295 4503 1862 4575">
    <p class='ocr_par' dir='ltr' id='par_1_48' title="bbox 295 4503 1862 4575">
     <span class='ocr_line' id='line_1_48' title="bbox 295 4503 1862 4575; baseline 0 -18"><span class='ocrx_word' id='word_1_408' title='bbox 295 4515 673 4575; x_wconf 83' lang='lat' dir='ltr'><strong>stupescerent.</strong></span> <span class='ocrx_word' id='word_1_409' title='bbox 700 4504 800 4569; x_wconf 88' lang='lat' dir='ltr'><strong>Qui</strong></span> <span class='ocrx_word' id='word_1_410' title='bbox 821 4516 868 4557; x_wconf 87' lang='lat' dir='ltr'><strong>et</strong></span> <span class='ocrx_word' id='word_1_411' title='bbox 892 4504 1145 4567; x_wconf 73' lang='lat' dir='ltr'><strong>dixerunt,</strong></span> <span class='ocrx_word' id='word_1_412' title='bbox 1175 4503 1311 4569; x_wconf 83' lang='lat' dir='ltr'><strong>Quid</strong></span> <span class='ocrx_word' id='word_1_413' title='bbox 1329 4503 1471 4557; x_wconf 84' lang='lat' dir='ltr'><strong>statis</strong></span> <span class='ocrx_word' id='word_1_414' title='bbox 1494 4503 1790 4572; x_wconf 86' lang='lat' dir='ltr'><strong>aspicientes</strong></span> <span class='ocrx_word' id='word_1_415' title='bbox 1810 4506 1862 4557; x_wconf 88' lang='lat' dir='ltr'><strong>in</strong></span> 
     </span>
    </p>
   </div>
   <div class='ocr_carea' id='block_1_49' title="bbox 296 4592 1862 4659">
    <p class='ocr_par' dir='ltr' id='par_1_49' title="bbox 296 4592 1862 4659">
     <span class='ocr_line' id='line_1_49' title="bbox 296 4592 1862 4659; baseline 0.001 -13"><span class='ocrx_word' id='word_1_416' title='bbox 296 4599 505 4651; x_wconf 72' lang='lat' dir='ltr'><strong>edam?</strong></span> <span class='ocrx_word' id='word_1_417' title='bbox 530 4595 702 4651; x_wconf 88' lang='lat' dir='ltr'><strong>Simul</strong></span> <span class='ocrx_word' id='word_1_418' title='bbox 755 4594 1179 4648; x_wconf 81' lang='lat' dir='ltr'><strong>blandientium&#39;</strong></span> <span class='ocrx_word' id='word_1_419' title='bbox 1230 4592 1389 4647; x_wconf 86' lang='lat' dir='ltr'><strong>verba</strong></span> <span class='ocrx_word' id='word_1_420' title='bbox 1439 4603 1628 4659; x_wconf 88' lang='lat' dir='ltr'><strong>erant,</strong></span> <span class='ocrx_word' id='word_1_421' title='bbox 1657 4602 1711 4648; x_wconf 88' lang='lat' dir='ltr'><strong>et</strong></span> <span class='ocrx_word' id='word_1_422' title='bbox 1758 4609 1862 4650; x_wconf 88' lang='lat' dir='ltr'><strong>non</strong></span> 
     </span>
    </p>
   </div>
   <div class='ocr_carea' id='block_1_50' title="bbox 298 4684 1865 4754">
    <p class='ocr_par' dir='ltr' id='par_1_50' title="bbox 298 4684 1865 4754">
     <span class='ocr_line' id='line_1_50' title="bbox 298 4684 1865 4754; baseline 0.003 -17"><span class='ocrx_word' id='word_1_423' title='bbox 298 4696 462 4741; x_wconf 67' lang='lat' dir='ltr'><strong>huic&quot;</strong></span> <span class='ocrx_word' id='word_1_424' title='bbox 509 4687 800 4740; x_wconf 89' lang='lat' dir='ltr'><strong>sinentium</strong></span> <span class='ocrx_word' id='word_1_425' title='bbox 848 4686 955 4740; x_wconf 91' lang='lat' dir='ltr'><strong>cito</strong></span> <span class='ocrx_word' id='word_1_426' title='bbox 1000 4694 1311 4753; x_wconf 78' lang='lat' dir='ltr'><strong>exspectare</strong></span> <span class='ocrx_word' id='word_1_427' title='bbox 1355 4685 1581 4739; x_wconf 87' lang='lat' dir='ltr'><strong>reditum</strong></span> <span class='ocrx_word' id='word_1_428' title='bbox 1628 4684 1763 4754; x_wconf 85' lang='lat' dir='ltr'><strong>ejus.</strong></span> <span class='ocrx_word' id='word_1_429' title='bbox 1801 4686 1865 4741; x_wconf 87' lang='lat' dir='ltr'><strong>lli</strong></span> 
     </span>
    </p>
   </div>
   <div class='ocr_carea' id='block_1_51' title="bbox 293 4773 1861 4845">
    <p class='ocr_par' dir='ltr' id='par_1_51' title="bbox 293 4773 1861 4845">
     <span class='ocr_line' id='line_1_51' title="bbox 293 4773 1861 4845; baseline 0 -14"><span class='ocrx_word' id='word_1_430' title='bbox 293 4778 423 4844; x_wconf 79' lang='lat' dir='ltr'><strong>quod</strong></span> <span class='ocrx_word' id='word_1_431' title='bbox 450 4776 625 4845; x_wconf 70' lang='lat' dir='ltr'><strong>majus</strong></span> <span class='ocrx_word' id='word_1_432' title='bbox 652 4785 733 4831; x_wconf 82' lang='lat' dir='ltr'><strong>est</strong></span> <span class='ocrx_word' id='word_1_433' title='bbox 759 4774 962 4841; x_wconf 88' lang='lat' dir='ltr'><strong>dicunt,</strong></span> <span class='ocrx_word' id='word_1_434' title='bbox 1002 4773 1143 4844; x_wconf 83' lang='lat' dir='ltr'><strong>quod</strong></span> <span class='ocrx_word' id='word_1_435' title='bbox 1181 4788 1307 4827; x_wconf 89' lang='lat' dir='ltr'><strong>vero</strong></span> <span class='ocrx_word' id='word_1_436' title='bbox 1357 4776 1531 4828; x_wconf 88' lang='lat' dir='ltr'><strong>minus</strong></span> <span class='ocrx_word' id='word_1_437' title='bbox 1562 4790 1668 4829; x_wconf 89' lang='lat' dir='ltr'><strong>non</strong></span> <span class='ocrx_word' id='word_1_438' title='bbox 1702 4777 1861 4831; x_wconf 88' lang='lat' dir='ltr'><strong>item:</strong></span> 
     </span>
    </p>
   </div>
   <div class='ocr_carea' id='block_1_52' title="bbox 302 4864 1863 4933">
    <p class='ocr_par' dir='ltr' id='par_1_52' title="bbox 302 4864 1863 4933">
     <span class='ocr_line' id='line_1_52' title="bbox 302 4864 1863 4933; baseline 0.003 -17"><span class='ocrx_word' id='word_1_439' title='bbox 302 4866 459 4933; x_wconf 68' lang='lat' dir='ltr'><strong>ipsum</strong></span> <span class='ocrx_word' id='word_1_440' title='bbox 486 4869 565 4922; x_wconf 85' lang='lat' dir='ltr'><strong>sic</strong></span> <span class='ocrx_word' id='word_1_441' title='bbox 594 4875 875 4923; x_wconf 77' lang='lat' dir='ltr'><strong>venturum</strong></span> <span class='ocrx_word' id='word_1_442' title='bbox 898 4906 913 4932; x_wconf 93' lang='lat'><strong>,</strong></span> <span class='ocrx_word' id='word_1_443' title='bbox 946 4874 995 4922; x_wconf 85' lang='lat' dir='ltr'><strong>et</strong></span> <span class='ocrx_word' id='word_1_444' title='bbox 1026 4880 1091 4921; x_wconf 83' lang='lat' dir='ltr'><strong>ex</strong></span> <span class='ocrx_word' id='word_1_445' title='bbox 1138 4864 1273 4918; x_wconf 75' lang='lat' dir='ltr'><strong>cat-lo</strong></span> <span class='ocrx_word' id='word_1_446' title='bbox 1302 4865 1716 4933; x_wconf 86' lang='lat' dir='ltr'><strong>exspectandum</strong></span> <span class='ocrx_word' id='word_1_447' title='bbox 1743 4882 1863 4922; x_wconf 84' lang='lat' dir='ltr'><strong>esse</strong></span> 
     </span>
    </p>
   </div>
   <div class='ocr_carea' id='block_1_53' title="bbox 311 4957 1862 5031">
    <p class='ocr_par' dir='ltr' id='par_1_53' title="bbox 311 4957 1862 5031">
     <span class='ocr_line' id='line_1_53' title="bbox 311 4957 1862 5031; baseline -0.001 -16"><span class='ocrx_word' id='word_1_448' title='bbox 311 4958 500 5028; x_wconf 56' lang='lat' dir='ltr'><strong>dicunt;</strong></span> <span class='ocrx_word' id='word_1_449' title='bbox 527 4958 866 5031; x_wconf 78' lang='lat' dir='ltr'><strong>quandonam</strong></span> <span class='ocrx_word' id='word_1_450' title='bbox 898 4973 1062 5023; x_wconf 88' lang='lat' dir='ltr'><strong>vero,</strong></span> <span class='ocrx_word' id='word_1_451' title='bbox 1103 4957 1153 5012; x_wconf 89' lang='lat' dir='ltr'><strong>id</strong></span> <span class='ocrx_word' id='word_1_452' title='bbox 1196 4965 1393 5013; x_wconf 69' lang='lat' dir='ltr'><strong>uit-ent.</strong></span> <span class='ocrx_word' id='word_1_453' title='bbox 1425 4958 1505 5013; x_wconf 84' lang='lat' dir='ltr'><strong>Ab</strong></span> <span class='ocrx_word' id='word_1_454' title='bbox 1553 4959 1643 5014; x_wconf 92' lang='lat' dir='ltr'><strong>illo</strong></span> <span class='ocrx_word' id='word_1_455' title='bbox 1685 4969 1862 5014; x_wconf 88' lang='lat' dir='ltr'><strong>autem</strong></span> 
     </span>
    </p>
   </div>
   <div class='ocr_carea' id='block_1_54' title="bbox 361 5179 1863 5238">
    <p class='ocr_par' dir='ltr' id='par_1_54' title="bbox 361 5179 1863 5238">
     <span class='ocr_line' id='line_1_54' title="bbox 361 5179 1863 5238; baseline 0 -8"><span class='ocrx_word' id='word_1_456' title='bbox 361 5183 377 5215; x_wconf 81' lang='grc'><strong><em>⁸</em></strong></span> <span class='ocrx_word' id='word_1_457' title='bbox 411 5186 490 5238; x_wconf 56' lang='lat' dir='ltr'><strong>alui</strong></span> <span class='ocrx_word' id='word_1_458' title='bbox 510 5182 746 5231; x_wconf 60' lang='lat' dir='ltr'><strong>cluditur</strong></span> <span class='ocrx_word' id='word_1_459' title='bbox 766 5179 957 5229; x_wconf 80' lang='lat' dir='ltr'><strong>uncinis</strong></span> <span class='ocrx_word' id='word_1_460' title='bbox 994 5179 1129 5229; x_wconf 85' lang='lat' dir='ltr'><strong>locus</strong></span> <span class='ocrx_word' id='word_1_461' title='bbox 1170 5180 1243 5229; x_wconf 90' lang='lat' dir='ltr'><strong>sic</strong></span> <span class='ocrx_word' id='word_1_462' title='bbox 1264 5179 1469 5228; x_wconf 83' lang='lat' dir='ltr'><strong>habetur</strong></span> <span class='ocrx_word' id='word_1_463' title='bbox 1508 5181 1554 5227; x_wconf 89' lang='lat' dir='ltr'><strong>in</strong></span> <span class='ocrx_word' id='word_1_464' title='bbox 1598 5180 1863 5231; x_wconf 66' lang='lat' dir='ltr'><strong>Grtecom</strong></span> 
     </span>
    </p>
   </div>
   <div class='ocr_carea' id='block_1_55' title="bbox 292 5246 1863 5311">
    <p class='ocr_par' dir='ltr' id='par_1_55' title="bbox 292 5246 1863 5311">
     <span class='ocr_line' id='line_1_55' title="bbox 292 5246 1863 5311; baseline -0.003 -17"><span class='ocrx_word' id='word_1_465' title='bbox 292 5256 358 5305; x_wconf 67' lang='grc' dir='ltr'><strong>νιν</strong></span> <span class='ocrx_word' id='word_1_466' title='bbox 373 5253 441 5293; x_wconf 72' lang='lat' dir='ltr'><strong>is.</strong></span> <span class='ocrx_word' id='word_1_467' title='bbox 459 5256 547 5294; x_wconf 56' lang='lat' dir='ltr'><strong>uti</strong></span> <span class='ocrx_word' id='word_1_468' title='bbox 565 5252 707 5311; x_wconf 52' lang='lat' dir='ltr'><strong>usque</strong></span> <span class='ocrx_word' id='word_1_469' title='bbox 729 5255 797 5311; x_wconf 51' lang='lat' dir='ltr'><strong>seu</strong></span> <span class='ocrx_word' id='word_1_470' title='bbox 817 5249 977 5303; x_wconf 55' lang='lat' dir='ltr'><strong>usque</strong></span> <span class='ocrx_word' id='word_1_471' title='bbox 996 5254 1133 5302; x_wconf 68' lang='grc' dir='ltr'><strong>μίαν,</strong></span> <span class='ocrx_word' id='word_1_472' title='bbox 1158 5254 1392 5311; x_wconf 39' lang='lat' dir='ltr'><strong>epiros“</strong></span> <span class='ocrx_word' id='word_1_473' title='bbox 1414 5246 1456 5311; x_wconf 58' lang='lat' dir='ltr'><strong>il.</strong></span> <span class='ocrx_word' id='word_1_474' title='bbox 1476 5268 1486 5297; x_wconf 70' lang='grc' dir='ltr'><strong>ε</strong></span> <span class='ocrx_word' id='word_1_475' title='bbox 1509 5254 1712 5311; x_wconf 80' lang='lat' dir='ltr'><strong>quorum</strong></span> <span class='ocrx_word' id='word_1_476' title='bbox 1750 5254 1863 5311; x_wconf 88' lang='lat' dir='ltr'><strong>sen-</strong></span> 
     </span>
    </p>
   </div>
   <div class='ocr_carea' id='block_1_56' title="bbox 292 5300 1861 5415">
    <p class='ocr_par' dir='ltr' id='par_1_56' title="bbox 292 5300 1861 5415">
     <span class='ocr_line' id='line_1_56' title="bbox 292 5300 1861 5415; baseline -0.003 -60"><span class='ocrx_word' id='word_1_477' title='bbox 292 5300 376 5355; x_wconf 63' lang='lat' dir='ltr'><strong>sit</strong></span> <span class='ocrx_word' id='word_1_478' title='bbox 398 5316 475 5356; x_wconf 75' lang='lat' dir='ltr'><strong>est</strong></span> <span class='ocrx_word' id='word_1_479' title='bbox 510 5320 521 5351; x_wconf 90' lang='lat'>:</span> <span class='ocrx_word' id='word_1_480' title='bbox 548 5305 667 5364; x_wconf 80' lang='lat' dir='ltr'><strong>Quid</strong></span> <span class='ocrx_word' id='word_1_481' title='bbox 691 5300 822 5351; x_wconf 83' lang='lat' dir='ltr'><strong>enim</strong></span> <span class='ocrx_word' id='word_1_482' title='bbox 845 5300 1034 5373; x_wconf 68' lang='lat' dir='ltr'><strong>necesse</strong></span> <span class='ocrx_word' id='word_1_483' title='bbox 1066 5308 1170 5351; x_wconf 86' lang='lat' dir='ltr'><strong>erat</strong></span> <span class='ocrx_word' id='word_1_484' title='bbox 1194 5306 1209 5361; x_wconf 94' lang='lat'><strong>(</strong></span> <span class='ocrx_word' id='word_1_485' title='bbox 1234 5300 1499 5415; x_wconf 53' lang='lat' dir='ltr'><strong>diSCIJiulus</strong></span> <span class='ocrx_word' id='word_1_486' title='bbox 1528 5300 1580 5371; x_wconf 38' lang='lat'><strong>),.</strong></span> <span class='ocrx_word' id='word_1_487' title='bbox 1605 5301 1688 5364; x_wconf 81' lang='lat' dir='ltr'><strong>qui</strong></span> <span class='ocrx_word' id='word_1_488' title='bbox 1731 5309 1861 5371; x_wconf 76' lang='lat' dir='ltr'><strong>certe</strong></span> 
     </span>
     <span class='ocr_line' id='line_1_57' title="bbox 293 5360 1859 5415; baseline -0.001 0"><span class='ocrx_word' id='word_1_489' title='bbox 293 5369 501 5415; x_wconf 68' lang='lat' dir='ltr'><strong>patriam</strong></span> <span class='ocrx_word' id='word_1_490' title='bbox 522 5377 657 5415; x_wconf 72' lang='lat' dir='ltr'><strong>suam</strong></span> <span class='ocrx_word' id='word_1_491' title='bbox 704 5370 896 5415; x_wconf 85' lang='lat' dir='ltr'><strong>norant.</strong></span> <span class='ocrx_word' id='word_1_492' title='bbox 920 5360 1051 5415; x_wconf 71' lang='lat' dir='ltr'><strong>tusus</strong></span> <span class='ocrx_word' id='word_1_493' title='bbox 1071 5376 1241 5415; x_wconf 82' lang='lat' dir='ltr'><strong>nomen</strong></span> <span class='ocrx_word' id='word_1_494' title='bbox 1265 5376 1327 5412; x_wconf 86' lang='lat' dir='ltr'><strong>au</strong></span> <span class='ocrx_word' id='word_1_495' title='bbox 1368 5375 1459 5415; x_wconf 82' lang='lat' dir='ltr'><strong>tre,</strong></span> <span class='ocrx_word' id='word_1_496' title='bbox 1488 5375 1581 5412; x_wconf 79' lang='lat' dir='ltr'><strong>mss</strong></span> <span class='ocrx_word' id='word_1_497' title='bbox 1607 5370 1657 5412; x_wconf 90' lang='lat' dir='ltr'><strong>ut</strong></span> <span class='ocrx_word' id='word_1_498' title='bbox 1676 5363 1859 5415; x_wconf 83' lang='lat' dir='ltr'><strong>anaelts</strong></span> 
     </span>
    </p>
   </div>
   <div class='ocr_carea' id='block_1_57' title="bbox 293 5360 1859 5457">
    <p class='ocr_par' dir='ltr' id='par_1_57' title="bbox 293 5360 1859 5457">
     <span class='ocr_line' id='line_1_58' title="bbox 293 5360 1859 5457; baseline 0 -44"><span class='ocrx_word' id='word_1_499' title='bbox 293 5360 657 5457; x_wconf 41' lang='lat' dir='ltr'><strong>itm</strong></span> <span class='ocrx_word' id='word_1_500' title='bbox 704 5370 896 5419; x_wconf 85' lang='lat' dir='ltr'><strong>norant.</strong></span> <span class='ocrx_word' id='word_1_501' title='bbox 920 5360 1051 5421; x_wconf 80' lang='lat' dir='ltr'><strong>illius</strong></span> <span class='ocrx_word' id='word_1_502' title='bbox 1071 5360 1241 5415; x_wconf 79' lang='lat' dir='ltr'><strong>nomen</strong></span> <span class='ocrx_word' id='word_1_503' title='bbox 1265 5360 1459 5421; x_wconf 82' lang='lat' dir='ltr'><strong>audire,</strong></span> <span class='ocrx_word' id='word_1_504' title='bbox 1488 5360 1581 5412; x_wconf 82' lang='lat' dir='ltr'><strong>nisi</strong></span> <span class='ocrx_word' id='word_1_505' title='bbox 1607 5360 1657 5412; x_wconf 82' lang='lat' dir='ltr'><strong>ut</strong></span> <span class='ocrx_word' id='word_1_506' title='bbox 1676 5363 1859 5428; x_wconf 81' lang='lat' dir='ltr'><strong>angelis</strong></span> 
     </span>
    </p>
   </div>
   <div class='ocr_carea' id='block_1_58' title="bbox 289 5426 1857 5549">
    <p class='ocr_par' dir='ltr' id='par_1_58' title="bbox 289 5426 1857 5549">
     <span class='ocr_line' id='line_1_59' title="bbox 289 5426 1753 5478; baseline -0.001 -3"><span class='ocrx_word' id='word_1_507' title='bbox 289 5426 543 5478; x_wconf 66' lang='lat' dir='ltr'><strong>dederat!</strong></span> <span class='ocrx_word' id='word_1_508' title='bbox 570 5426 594 5475; x_wconf 83' lang='lat'><strong>.’</strong></span> <span class='ocrx_word' id='word_1_509' title='bbox 1743 5426 1753 5428; x_wconf 57' lang='grc'>⁷</span> 
     </span>
     <span class='ocr_line' id='line_1_60' title="bbox 352 5484 1857 5549; baseline -0.001 -14"><span class='ocrx_word' id='word_1_510' title='bbox 352 5489 374 5518; x_wconf 80' lang='grc'><em>³</em></span> <span class='ocrx_word' id='word_1_511' title='bbox 419 5486 475 5535; x_wconf 91' lang='lat' dir='ltr'><strong>ln</strong></span> <span class='ocrx_word' id='word_1_512' title='bbox 499 5494 657 5536; x_wconf 57' lang='lat' dir='ltr'><strong>Grato</strong></span> <span class='ocrx_word' id='word_1_513' title='bbox 679 5485 858 5549; x_wconf 75' lang='lat' dir='ltr'><strong>legitur</strong></span> <span class='ocrx_word' id='word_1_514' title='bbox 882 5497 1152 5549; x_wconf 59' lang='grc' dir='ltr'><strong>ιολιειυάντων.</strong></span> <span class='ocrx_word' id='word_1_515' title='bbox 1175 5485 1316 5549; x_wconf 79' lang='lat' dir='ltr'><strong>Alius</strong></span> <span class='ocrx_word' id='word_1_516' title='bbox 1332 5486 1515 5549; x_wconf 75' lang='lat' dir='ltr'><strong>legisse</strong></span> <span class='ocrx_word' id='word_1_517' title='bbox 1537 5484 1727 5533; x_wconf 86' lang='lat' dir='ltr'><strong>videtur</strong></span> <span class='ocrx_word' id='word_1_518' title='bbox 1743 5497 1857 5533; x_wconf 68' lang='grc' dir='ltr'><strong>κολα-</strong></span> 
     </span>
    </p>
   </div>
   <div class='ocr_carea' id='block_1_59' title="bbox 290 5545 1833 5617">
    <p class='ocr_par' dir='ltr' id='par_1_59' title="bbox 290 5545 1833 5617">
     <span class='ocr_line' id='line_1_61' title="bbox 290 5545 1833 5617; baseline -0.001 -23"><span class='ocrx_word' id='word_1_519' title='bbox 290 5560 437 5617; x_wconf 60' lang='grc' dir='ltr'><strong>ςθιυ,</strong></span> <span class='ocrx_word' id='word_1_520' title='bbox 457 5550 538 5617; x_wconf 73' lang='lat' dir='ltr'><strong>qui</strong></span> <span class='ocrx_word' id='word_1_521' title='bbox 562 5549 709 5597; x_wconf 70' lang='lat' dir='ltr'><strong>vertit</strong></span> <span class='ocrx_word' id='word_1_522' title='bbox 736 5545 1089 5617; x_wconf 61' lang='lat' dir='ltr'><strong>castigandum.</strong></span> <span class='ocrx_word' id='word_1_523' title='bbox 1122 5555 1282 5617; x_wconf 44' lang='lat' dir='ltr'><strong>nostra</strong></span> <span class='ocrx_word' id='word_1_524' title='bbox 1305 5545 1584 5617; x_wconf 33' lang='lat' dir='ltr'><strong>lectiq‘culn</strong></span> <span class='ocrx_word' id='word_1_525' title='bbox 1606 5549 1833 5617; x_wconf 67' lang='lat' dir='ltr'><strong>sequenti</strong></span> 
     </span>
    </p>
   </div>
   <div class='ocr_carea' id='block_1_60' title="bbox 292 5607 1851 5670">
    <p class='ocr_par' dir='ltr' id='par_1_60' title="bbox 292 5607 1851 5670">
     <span class='ocr_line' id='line_1_62' title="bbox 292 5607 1851 5670; baseline -0.002 -13"><span class='ocrx_word' id='word_1_526' title='bbox 292 5610 382 5657; x_wconf 64' lang='lat' dir='ltr'><strong>bis</strong></span> <span class='ocrx_word' id='word_1_527' title='bbox 401 5607 560 5670; x_wconf 67' lang='lat' dir='ltr'><strong>magis</strong></span> <span class='ocrx_word' id='word_1_528' title='bbox 578 5607 1087 5666; x_wconf 69' lang='lat' dir='ltr'><strong>consentisc&#39;tidetur.</strong></span> <span class='ocrx_word' id='word_1_529' title='bbox 1118 5609 1200 5659; x_wconf 81' lang='lat' dir='ltr'><strong>lita</strong></span> <span class='ocrx_word' id='word_1_530' title='bbox 1226 5619 1384 5660; x_wconf 76' lang='lat' dir='ltr'><strong>tamen</strong></span> <span class='ocrx_word' id='word_1_531' title='bbox 1410 5608 1502 5660; x_wconf 77' lang='lat' dir='ltr'><strong>alia</strong></span> <span class='ocrx_word' id='word_1_532' title='bbox 1527 5608 1645 5657; x_wconf 77' lang='lat' dir='ltr'><strong>ferri</strong></span> <span class='ocrx_word' id='word_1_533' title='bbox 1668 5607 1851 5669; x_wconf 72' lang='lat' dir='ltr'><strong>posset.</strong></span> 
     </span>
    </p>
   </div>
   <div class='ocr_carea' id='block_1_61' title="bbox 1991 314 3565 394">
    <p class='ocr_par' dir='ltr' id='par_1_61' title="bbox 1991 314 3565 394">
     <span class='ocr_line' id='line_1_63' title="bbox 1991 314 3565 394; baseline 0.016 -31"><span class='ocrx_word' id='word_1_534' title='bbox 1991 314 2297 379; x_wconf 84' lang='lat' dir='ltr'><strong>spectaculo</strong></span> <span class='ocrx_word' id='word_1_535' title='bbox 2324 323 2595 386; x_wconf 86' lang='lat' dir='ltr'><strong>evocatos,</strong></span> <span class='ocrx_word' id='word_1_536' title='bbox 2622 318 2779 375; x_wconf 84' lang='lat' dir='ltr'><strong>dictis</strong></span> <span class='ocrx_word' id='word_1_537' title='bbox 2824 324 2939 379; x_wconf 90' lang='lat' dir='ltr'><strong>suis</strong></span> <span class='ocrx_word' id='word_1_538' title='bbox 2975 335 3205 383; x_wconf 84' lang='lat' dir='ltr'><strong>attentos</strong></span> <span class='ocrx_word' id='word_1_539' title='bbox 3233 331 3481 394; x_wconf 87' lang='lat' dir='ltr'><strong>reddunt.</strong></span> <span class='ocrx_word' id='word_1_540' title='bbox 3512 351 3565 389; x_wconf 86' lang='lat' dir='ltr'><strong>ut</strong></span> 
     </span>
    </p>
   </div>
   <div class='ocr_carea' id='block_1_62' title="bbox 1989 407 3566 496">
    <p class='ocr_par' dir='ltr' id='par_1_62' title="bbox 1989 407 3566 496">
     <span class='ocr_line' id='line_1_64' title="bbox 1989 407 3566 496; baseline 0.017 -39"><span class='ocrx_word' id='word_1_541' title='bbox 1989 420 2057 458; x_wconf 90' lang='lat' dir='ltr'><strong>ne</strong></span> <span class='ocrx_word' id='word_1_542' title='bbox 2087 407 2337 473; x_wconf 88' lang='lat' dir='ltr'><strong>quoniam</strong></span> <span class='ocrx_word' id='word_1_543' title='bbox 2365 409 2645 465; x_wconf 89' lang='lat' dir='ltr'><strong>Dominum</strong></span> <span class='ocrx_word' id='word_1_544' title='bbox 2667 412 2777 482; x_wconf 89' lang='lat' dir='ltr'><strong>jam</strong></span> <span class='ocrx_word' id='word_1_545' title='bbox 2807 417 2988 473; x_wconf 87' lang='lat' dir='ltr'><strong>videre</strong></span> <span class='ocrx_word' id='word_1_546' title='bbox 3017 435 3124 475; x_wconf 91' lang='lat' dir='ltr'><strong>non</strong></span> <span class='ocrx_word' id='word_1_547' title='bbox 3154 430 3399 489; x_wconf 83' lang='lat' dir='ltr'><strong>poterant</strong></span> <span class='ocrx_word' id='word_1_548' title='bbox 3425 467 3441 491; x_wconf 85' lang='lat'><strong>,</strong></span> <span class='ocrx_word' id='word_1_549' title='bbox 3470 443 3566 496; x_wconf 89' lang='lat' dir='ltr'><strong>pu-</strong></span> 
     </span>
    </p>
   </div>
   <div class='ocr_carea' id='block_1_63' title="bbox 1991 497 3563 581">
    <p class='ocr_par' dir='ltr' id='par_1_63' title="bbox 1991 497 3563 581">
     <span class='ocr_line' id='line_1_65' title="bbox 1991 497 3563 581; baseline 0.017 -35"><span class='ocrx_word' id='word_1_550' title='bbox 1991 500 2164 549; x_wconf 89' lang='lat' dir='ltr'><strong>tarent</strong></span> <span class='ocrx_word' id='word_1_551' title='bbox 2223 497 2392 565; x_wconf 89' lang='lat' dir='ltr'><strong>ipsum</strong></span> <span class='ocrx_word' id='word_1_552' title='bbox 2446 514 2552 556; x_wconf 90' lang='lat' dir='ltr'><strong>non</strong></span> <span class='ocrx_word' id='word_1_553' title='bbox 2603 506 2951 570; x_wconf 85' lang='lat' dir='ltr'><strong>ascendisse;</strong></span> <span class='ocrx_word' id='word_1_554' title='bbox 2998 519 3160 581; x_wconf 89' lang='lat' dir='ltr'><strong>utque</strong></span> <span class='ocrx_word' id='word_1_555' title='bbox 3211 514 3329 570; x_wconf 90' lang='lat' dir='ltr'><strong>illos</strong></span> <span class='ocrx_word' id='word_1_556' title='bbox 3384 519 3563 573; x_wconf 86' lang='lat' dir='ltr'><strong>verbis</strong></span> 
     </span>
    </p>
   </div>
   <div class='ocr_carea' id='block_1_64' title="bbox 1988 587 3561 676">
    <p class='ocr_par' dir='ltr' id='par_1_64' title="bbox 1988 587 3561 676">
     <span class='ocr_line' id='line_1_66' title="bbox 1988 587 3561 676; baseline 0.017 -37"><span class='ocrx_word' id='word_1_557' title='bbox 1988 587 2098 641; x_wconf 90' lang='lat' dir='ltr'><strong>suis</strong></span> <span class='ocrx_word' id='word_1_558' title='bbox 2170 592 2576 658; x_wconf 68' lang='lat' dir='ltr'><strong>prmmunirent.</strong></span> <span class='ocrx_word' id='word_1_559' title='bbox 2650 594 2781 649; x_wconf 86' lang='lat' dir='ltr'><strong>Nam</strong></span> <span class='ocrx_word' id='word_1_560' title='bbox 2831 599 2874 651; x_wconf 88' lang='lat' dir='ltr'><strong>si</strong></span> <span class='ocrx_word' id='word_1_561' title='bbox 2920 602 3064 668; x_wconf 90' lang='lat' dir='ltr'><strong>prius</strong></span> <span class='ocrx_word' id='word_1_562' title='bbox 3114 603 3404 675; x_wconf 90' lang='lat' dir='ltr'><strong>dicebant,</strong></span> <span class='ocrx_word' id='word_1_563' title='bbox 3450 610 3561 676; x_wconf 87' lang='lat' dir='ltr'><strong>Quo</strong></span> 
     </span>
    </p>
   </div>
   <div class='ocr_carea' id='block_1_65' title="bbox 1989 678 3557 769">
    <p class='ocr_par' dir='ltr' id='par_1_65' title="bbox 1989 678 3557 769">
     <span class='ocr_line' id='line_1_67' title="bbox 1989 678 3557 769; baseline 0.018 -41"><span class='ocrx_word' id='word_1_564' title='bbox 1989 678 2129 769; x_wconf 71' lang='lat' dir='ltr'><strong>uadis</strong></span> <span class='ocrx_word' id='word_1_565' title='bbox 2165 678 2358 748; x_wconf 86' lang='lat' dir='ltr'><strong>(Joan.</strong></span> <span class='ocrx_word' id='word_1_566' title='bbox 2390 683 2476 737; x_wconf 79' lang='lat' dir='ltr'><strong>l3.</strong></span> <span class='ocrx_word' id='word_1_567' title='bbox 2502 684 2570 740; x_wconf 83' lang='lat'><strong>56</strong></span> <span class='ocrx_word' id='word_1_568' title='bbox 2592 684 2655 755; x_wconf 67' lang='lat'><strong>)7</strong></span> <span class='ocrx_word' id='word_1_569' title='bbox 2704 688 2872 742; x_wconf 87' lang='lat' dir='ltr'><strong>multo</strong></span> <span class='ocrx_word' id='word_1_570' title='bbox 2901 693 3067 761; x_wconf 87' lang='lat' dir='ltr'><strong>magis</strong></span> <span class='ocrx_word' id='word_1_571' title='bbox 3096 711 3237 751; x_wconf 90' lang='lat' dir='ltr'><strong>nunc</strong></span> <span class='ocrx_word' id='word_1_572' title='bbox 3275 684 3557 769; x_wconf 78' lang='lat' dir='ltr'><strong>dixissent,</strong></span> 
     </span>
    </p>
   </div>
   <div class='ocr_carea' id='block_1_66' title="bbox 1990 767 3565 853">
    <p class='ocr_par' dir='ltr' id='par_1_66' title="bbox 1990 767 3565 853">
     <span class='ocr_line' id='line_1_68' title="bbox 1990 767 3565 853; baseline 0.017 -33"><span class='ocrx_word' id='word_1_573' title='bbox 1990 767 2133 821; x_wconf 88' lang='lat' dir='ltr'><strong>Num</strong></span> <span class='ocrx_word' id='word_1_574' title='bbox 2186 770 2237 824; x_wconf 89' lang='lat' dir='ltr'><strong>in</strong></span> <span class='ocrx_word' id='word_1_575' title='bbox 2296 782 2519 840; x_wconf 86' lang='lat' dir='ltr'><strong>tempore</strong></span> <span class='ocrx_word' id='word_1_576' title='bbox 2563 776 2660 829; x_wconf 82' lang='lat' dir='ltr'><strong>hoc</strong></span> <span class='ocrx_word' id='word_1_577' title='bbox 2700 780 2930 835; x_wconf 80' lang='lat' dir='ltr'><strong>restitues</strong></span> <span class='ocrx_word' id='word_1_578' title='bbox 2984 799 3193 853; x_wconf 88' lang='lat' dir='ltr'><strong>regnum</strong></span> <span class='ocrx_word' id='word_1_579' title='bbox 3242 786 3451 843; x_wconf 81' lang='lat' dir='ltr'><strong>Israel?</strong></span> <span class='ocrx_word' id='word_1_580' title='bbox 3490 767 3565 846; x_wconf 79' lang='lat' dir='ltr'><strong>lla</strong></span> 
     </span>
    </p>
   </div>
   <div class='ocr_carea' id='block_1_67' title="bbox 1987 858 3564 943">
    <p class='ocr_par' dir='ltr' id='par_1_67' title="bbox 1987 858 3564 943">
     <span class='ocr_line' id='line_1_69' title="bbox 1987 858 3564 943; baseline 0.016 -33"><span class='ocrx_word' id='word_1_581' title='bbox 1987 858 2126 912; x_wconf 90' lang='lat' dir='ltr'><strong>illius</strong></span> <span class='ocrx_word' id='word_1_582' title='bbox 2156 865 2617 917; x_wconf 82' lang='lat' dir='ltr'><strong>mansuetudinem</strong></span> <span class='ocrx_word' id='word_1_583' title='bbox 2640 879 2919 934; x_wconf 84' lang='lat' dir='ltr'><strong>noverant,</strong></span> <span class='ocrx_word' id='word_1_584' title='bbox 2939 880 2997 925; x_wconf 93' lang='lat' dir='ltr'><strong>ut</strong></span> <span class='ocrx_word' id='word_1_585' title='bbox 3018 883 3138 940; x_wconf 87' lang='lat' dir='ltr'><strong>post</strong></span> <span class='ocrx_word' id='word_1_586' title='bbox 3160 878 3459 943; x_wconf 84' lang='lat' dir='ltr'><strong>passionem</strong></span> <span class='ocrx_word' id='word_1_587' title='bbox 3477 881 3564 935; x_wconf 84' lang='lat' dir='ltr'><strong>in-</strong></span> 
     </span>
    </p>
   </div>
   <div class='ocr_carea' id='block_1_68' title="bbox 1988 955 3557 1037">
    <p class='ocr_par' dir='ltr' id='par_1_68' title="bbox 1988 955 3557 1037">
     <span class='ocr_line' id='line_1_70' title="bbox 1988 955 3557 1037; baseline 0.016 -34"><span class='ocrx_word' id='word_1_588' title='bbox 1988 959 2316 1019; x_wconf 85' lang='lat' dir='ltr'><strong>terrogarent</strong></span> <span class='ocrx_word' id='word_1_589' title='bbox 2344 955 2510 1018; x_wconf 90' lang='lat' dir='ltr'><strong>illum,</strong></span> <span class='ocrx_word' id='word_1_590' title='bbox 2545 956 2686 1012; x_wconf 82' lang='lat' dir='ltr'><strong>Nunt</strong></span> <span class='ocrx_word' id='word_1_591' title='bbox 2714 961 2944 1016; x_wconf 86' lang='lat' dir='ltr'><strong>restitues</strong></span> <span class='ocrx_word' id='word_1_592' title='bbox 2973 964 3001 1018; x_wconf 79' lang='lat'><strong>?</strong></span> <span class='ocrx_word' id='word_1_593' title='bbox 3028 967 3187 1033; x_wconf 85' lang='lat' dir='ltr'><strong>Atqui</strong></span> <span class='ocrx_word' id='word_1_594' title='bbox 3218 969 3363 1037; x_wconf 90' lang='lat' dir='ltr'><strong>prius</strong></span> <span class='ocrx_word' id='word_1_595' title='bbox 3408 972 3557 1027; x_wconf 86' lang='lat' dir='ltr'><strong>dixe-</strong></span> 
     </span>
    </p>
   </div>
   <div class='ocr_carea' id='block_1_69' title="bbox 1986 1045 3566 1124">
    <p class='ocr_par' dir='ltr' id='par_1_69' title="bbox 1986 1045 3566 1124">
     <span class='ocr_line' id='line_1_71' title="bbox 1986 1045 3566 1124; baseline 0.016 -29"><span class='ocrx_word' id='word_1_596' title='bbox 1986 1052 2067 1096; x_wconf 88' lang='lat' dir='ltr'><strong>rat</strong></span> <span class='ocrx_word' id='word_1_597' title='bbox 2097 1045 2219 1107; x_wconf 90' lang='lat' dir='ltr'><strong>illis,</strong></span> <span class='ocrx_word' id='word_1_598' title='bbox 2250 1046 2482 1101; x_wconf 77' lang='lat' dir='ltr'><strong>Audituri</strong></span> <span class='ocrx_word' id='word_1_599' title='bbox 2508 1051 2623 1105; x_wconf 87' lang='lat' dir='ltr'><strong>estis</strong></span> <span class='ocrx_word' id='word_1_600' title='bbox 2644 1052 2773 1106; x_wconf 91' lang='lat' dir='ltr'><strong>bella</strong></span> <span class='ocrx_word' id='word_1_601' title='bbox 2809 1064 2855 1107; x_wconf 88' lang='lat' dir='ltr'><strong>et</strong></span> <span class='ocrx_word' id='word_1_602' title='bbox 2880 1057 3142 1124; x_wconf 89' lang='lat' dir='ltr'><strong>opiniones</strong></span> <span class='ocrx_word' id='word_1_603' title='bbox 3167 1058 3407 1118; x_wconf 88' lang='lat' dir='ltr'><strong>bellorum</strong></span> <span class='ocrx_word' id='word_1_604' title='bbox 3433 1080 3452 1118; x_wconf 90' lang='lat'><strong><em>:</em></strong></span> <span class='ocrx_word' id='word_1_605' title='bbox 3476 1072 3566 1120; x_wconf 86' lang='lat' dir='ltr'><strong>sed</strong></span> 
     </span>
    </p>
   </div>
   <div class='ocr_carea' id='block_1_70' title="bbox 1986 1134 3567 1222">
    <p class='ocr_par' dir='ltr' id='par_1_70' title="bbox 1986 1134 3567 1222">
     <span class='ocr_line' id='line_1_72' title="bbox 1986 1134 3567 1222; baseline 0.015 -36"><span class='ocrx_word' id='word_1_606' title='bbox 1986 1134 2207 1187; x_wconf 88' lang='lat' dir='ltr'><strong>nondum</strong></span> <span class='ocrx_word' id='word_1_607' title='bbox 2234 1137 2353 1203; x_wconf 82' lang='lat' dir='ltr'><strong>ﬁnis</strong></span> <span class='ocrx_word' id='word_1_608' title='bbox 2382 1136 2591 1208; x_wconf 78' lang='lat' dir='ltr'><strong>(Marc.</strong></span> <span class='ocrx_word' id='word_1_609' title='bbox 2619 1141 2705 1195; x_wconf 79' lang='lat' dir='ltr'><strong>l3.</strong></span> <span class='ocrx_word' id='word_1_610' title='bbox 2735 1142 2832 1213; x_wconf 88' lang='lat'><strong>7),</strong></span> <span class='ocrx_word' id='word_1_611' title='bbox 2863 1161 3036 1216; x_wconf 90' lang='lat' dir='ltr'><strong>neque</strong></span> <span class='ocrx_word' id='word_1_612' title='bbox 3077 1148 3410 1222; x_wconf 81' lang='lat' dir='ltr'><strong>Jerosolynia</strong></span> <span class='ocrx_word' id='word_1_613' title='bbox 3442 1164 3567 1211; x_wconf 90' lang='lat' dir='ltr'><strong>tunc</strong></span> 
     </span>
    </p>
   </div>
   <div class='ocr_carea' id='block_1_71' title="bbox 1984 1225 3566 1310">
    <p class='ocr_par' dir='ltr' id='par_1_71' title="bbox 1984 1225 3566 1310">
     <span class='ocr_line' id='line_1_73' title="bbox 1984 1225 3566 1310; baseline 0.016 -33"><span class='ocrx_word' id='word_1_614' title='bbox 1984 1225 2240 1291; x_wconf 85' lang='lat' dir='ltr'><strong>capietur.</strong></span> <span class='ocrx_word' id='word_1_615' title='bbox 2267 1227 2417 1282; x_wconf 86' lang='lat' dir='ltr'><strong>Nunc</strong></span> <span class='ocrx_word' id='word_1_616' title='bbox 2453 1240 2631 1287; x_wconf 88' lang='lat' dir='ltr'><strong>autem</strong></span> <span class='ocrx_word' id='word_1_617' title='bbox 2675 1233 2743 1288; x_wconf 88' lang='lat' dir='ltr'><strong>de</strong></span> <span class='ocrx_word' id='word_1_618' title='bbox 2786 1250 2951 1306; x_wconf 87' lang='lat' dir='ltr'><strong>regno</strong></span> <span class='ocrx_word' id='word_1_619' title='bbox 2978 1238 3337 1310; x_wconf 86' lang='lat' dir='ltr'><strong>interregant,</strong></span> <span class='ocrx_word' id='word_1_620' title='bbox 3364 1260 3467 1301; x_wconf 89' lang='lat' dir='ltr'><strong>non</strong></span> <span class='ocrx_word' id='word_1_621' title='bbox 3499 1248 3566 1303; x_wconf 89' lang='lat' dir='ltr'><strong>de</strong></span> 
     </span>
    </p>
   </div>
   <div class='ocr_carea' id='block_1_72' title="bbox 1984 1320 3561 1399">
    <p class='ocr_par' dir='ltr' id='par_1_72' title="bbox 1984 1320 3561 1399">
     <span class='ocr_line' id='line_1_74' title="bbox 1984 1320 3561 1399; baseline 0.018 -31"><span class='ocrx_word' id='word_1_622' title='bbox 1984 1320 2464 1376; x_wconf 90' lang='lat' dir='ltr'><strong>consummatione.</strong></span> <span class='ocrx_word' id='word_1_623' title='bbox 2494 1323 2743 1395; x_wconf 85' lang='lat' dir='ltr'><strong>Alioquin</strong></span> <span class='ocrx_word' id='word_1_624' title='bbox 2775 1343 2902 1383; x_wconf 87' lang='lat' dir='ltr'><strong>vero</strong></span> <span class='ocrx_word' id='word_1_625' title='bbox 2946 1342 3066 1399; x_wconf 90' lang='lat' dir='ltr'><strong>post</strong></span> <span class='ocrx_word' id='word_1_626' title='bbox 3109 1340 3561 1396; x_wconf 88' lang='lat' dir='ltr'><strong>resurrectionem</strong></span> 
     </span>
    </p>
   </div>
   <div class='ocr_carea' id='block_1_73' title="bbox 1985 1408 3562 1496">
    <p class='ocr_par' dir='ltr' id='par_1_73' title="bbox 1985 1408 3562 1496">
     <span class='ocr_line' id='line_1_75' title="bbox 1985 1408 3562 1496; baseline 0.018 -38"><span class='ocrx_word' id='word_1_627' title='bbox 1985 1421 2089 1460; x_wconf 95' lang='lat' dir='ltr'><strong>non</strong></span> <span class='ocrx_word' id='word_1_628' title='bbox 2147 1408 2331 1479; x_wconf 87' lang='lat' dir='ltr'><strong>longos</strong></span> <span class='ocrx_word' id='word_1_629' title='bbox 2382 1426 2502 1466; x_wconf 93' lang='lat' dir='ltr'><strong>cum</strong></span> <span class='ocrx_word' id='word_1_630' title='bbox 2561 1412 2666 1470; x_wconf 88' lang='lat' dir='ltr'><strong>illis</strong></span> <span class='ocrx_word' id='word_1_631' title='bbox 2721 1433 2996 1476; x_wconf 88' lang='lat' dir='ltr'><strong>sermones</strong></span> <span class='ocrx_word' id='word_1_632' title='bbox 3046 1422 3226 1480; x_wconf 87' lang='lat' dir='ltr'><strong>habet.</strong></span> <span class='ocrx_word' id='word_1_633' title='bbox 3276 1426 3436 1496; x_wconf 83' lang='lat' dir='ltr'><strong>Igitur</strong></span> <span class='ocrx_word' id='word_1_634' title='bbox 3486 1432 3562 1487; x_wconf 88' lang='lat' dir='ltr'><strong>illi</strong></span> 
     </span>
    </p>
   </div>
   <div class='ocr_carea' id='block_1_74' title="bbox 1982 1499 3561 1590">
    <p class='ocr_par' dir='ltr' id='par_1_74' title="bbox 1982 1499 3561 1590">
     <span class='ocr_line' id='line_1_76' title="bbox 1982 1499 3561 1590; baseline 0.016 -40"><span class='ocrx_word' id='word_1_635' title='bbox 1982 1499 2127 1553; x_wconf 90' lang='lat' dir='ltr'><strong>velut</strong></span> <span class='ocrx_word' id='word_1_636' title='bbox 2177 1501 2542 1559; x_wconf 85' lang='lat' dir='ltr'><strong>celebritatem</strong></span> <span class='ocrx_word' id='word_1_637' title='bbox 2596 1518 2915 1577; x_wconf 88' lang='lat' dir='ltr'><strong>sperantes,</strong></span> <span class='ocrx_word' id='word_1_638' title='bbox 2971 1525 3371 1582; x_wconf 85' lang='lat' dir='ltr'><strong>percontantur.</strong></span> <span class='ocrx_word' id='word_1_639' title='bbox 3441 1520 3561 1590; x_wconf 91' lang='lat' dir='ltr'><strong>Ipse</strong></span> 
     </span>
    </p>
   </div>
   <div class='ocr_carea' id='block_1_75' title="bbox 1983 1592 3562 1678">
    <p class='ocr_par' dir='ltr' id='par_1_75' title="bbox 1983 1592 3562 1678">
     <span class='ocr_line' id='line_1_77' title="bbox 1983 1592 3562 1678; baseline 0.018 -38"><span class='ocrx_word' id='word_1_640' title='bbox 1983 1603 2110 1643; x_wconf 86' lang='lat' dir='ltr'><strong>vero</strong></span> <span class='ocrx_word' id='word_1_641' title='bbox 2153 1606 2258 1644; x_wconf 93' lang='lat' dir='ltr'><strong>non</strong></span> <span class='ocrx_word' id='word_1_642' title='bbox 2309 1592 2543 1649; x_wconf 89' lang='lat' dir='ltr'><strong>declarat</strong></span> <span class='ocrx_word' id='word_1_643' title='bbox 2591 1611 2657 1650; x_wconf 89' lang='lat' dir='ltr'><strong>an</strong></span> <span class='ocrx_word' id='word_1_644' title='bbox 2700 1601 3043 1658; x_wconf 87' lang='lat' dir='ltr'><strong>restituturus</strong></span> <span class='ocrx_word' id='word_1_645' title='bbox 3091 1606 3160 1663; x_wconf 86' lang='lat' dir='ltr'><strong>sit</strong></span> <span class='ocrx_word' id='word_1_646' title='bbox 3209 1623 3395 1663; x_wconf 89' lang='lat' dir='ltr'><strong>necne.</strong></span> <span class='ocrx_word' id='word_1_647' title='bbox 3432 1610 3562 1678; x_wconf 63' lang='lat' dir='ltr'><strong>Quae</strong></span> 
     </span>
    </p>
   </div>
   <div class='ocr_carea' id='block_1_76' title="bbox 1981 1684 3565 1762">
    <p class='ocr_par' dir='ltr' id='par_1_76' title="bbox 1981 1684 3565 1762">
     <span class='ocr_line' id='line_1_78' title="bbox 1981 1684 3565 1762; baseline 0.016 -27"><span class='ocrx_word' id='word_1_648' title='bbox 1981 1684 2271 1739; x_wconf 87' lang='lat' dir='ltr'><strong>necessitas</strong></span> <span class='ocrx_word' id='word_1_649' title='bbox 2299 1686 2461 1751; x_wconf 89' lang='lat' dir='ltr'><strong>enim,</strong></span> <span class='ocrx_word' id='word_1_650' title='bbox 2493 1699 2550 1743; x_wconf 93' lang='lat' dir='ltr'><strong>ut</strong></span> <span class='ocrx_word' id='word_1_651' title='bbox 2577 1688 2653 1745; x_wconf 91' lang='lat' dir='ltr'><strong>illi</strong></span> <span class='ocrx_word' id='word_1_652' title='bbox 2681 1691 2783 1746; x_wconf 90' lang='lat' dir='ltr'><strong>hoc</strong></span> <span class='ocrx_word' id='word_1_653' title='bbox 2822 1694 3132 1753; x_wconf 88' lang='lat' dir='ltr'><strong>discerent?</strong></span> <span class='ocrx_word' id='word_1_654' title='bbox 3169 1699 3291 1755; x_wconf 92' lang='lat' dir='ltr'><strong>ldeo</strong></span> <span class='ocrx_word' id='word_1_655' title='bbox 3317 1701 3418 1758; x_wconf 88' lang='lat' dir='ltr'><strong>hoc</strong></span> <span class='ocrx_word' id='word_1_656' title='bbox 3451 1721 3565 1762; x_wconf 83' lang='lat' dir='ltr'><strong>ine-</strong></span> 
     </span>
    </p>
   </div>
   <div class='ocr_carea' id='block_1_77' title="bbox 1984 1776 3561 1859">
    <p class='ocr_par' dir='ltr' id='par_1_77' title="bbox 1984 1776 3561 1859">
     <span class='ocr_line' id='line_1_79' title="bbox 1984 1776 3561 1859; baseline 0.015 -33"><span class='ocrx_word' id='word_1_657' title='bbox 1984 1781 2190 1830; x_wconf 87' lang='lat' dir='ltr'><strong>tuentes</strong></span> <span class='ocrx_word' id='word_1_658' title='bbox 2236 1776 2311 1831; x_wconf 90' lang='lat' dir='ltr'><strong>illi</strong></span> <span class='ocrx_word' id='word_1_659' title='bbox 2354 1794 2461 1832; x_wconf 93' lang='lat' dir='ltr'><strong>non</strong></span> <span class='ocrx_word' id='word_1_660' title='bbox 2508 1778 2643 1836; x_wconf 80' lang='lat' dir='ltr'><strong>ultra</strong></span> <span class='ocrx_word' id='word_1_661' title='bbox 2684 1782 2915 1839; x_wconf 87' lang='lat' dir='ltr'><strong>dicunt:</strong></span> <span class='ocrx_word' id='word_1_662' title='bbox 2954 1788 3103 1853; x_wconf 83' lang='lat' dir='ltr'><strong>Quod</strong></span> <span class='ocrx_word' id='word_1_663' title='bbox 3144 1791 3561 1859; x_wconf 84' lang='lat' dir='ltr'><strong>signumadven-</strong></span> 
     </span>
    </p>
   </div>
   <div class='ocr_carea' id='block_1_78' title="bbox 1980 1867 3558 1955">
    <p class='ocr_par' dir='ltr' id='par_1_78' title="bbox 1980 1867 3558 1955">
     <span class='ocr_line' id='line_1_80' title="bbox 1980 1867 3558 1955; baseline 0.016 -38"><span class='ocrx_word' id='word_1_664' title='bbox 1980 1873 2058 1955; x_wconf 67' lang='lat' dir='ltr'><strong>tus</strong></span> <span class='ocrx_word' id='word_1_665' title='bbox 2086 1867 2176 1931; x_wconf 91' lang='lat' dir='ltr'><strong>tui,</strong></span> <span class='ocrx_word' id='word_1_666' title='bbox 2208 1877 2253 1920; x_wconf 91' lang='lat' dir='ltr'><strong>et</strong></span> <span class='ocrx_word' id='word_1_667' title='bbox 2282 1873 2723 1926; x_wconf 85' lang='lat' dir='ltr'><strong>consummationis</strong></span> <span class='ocrx_word' id='word_1_668' title='bbox 2751 1878 2923 1930; x_wconf 70' lang='lat' dir='ltr'><strong>saeculi</strong></span> <span class='ocrx_word' id='word_1_669' title='bbox 2954 1878 3164 1949; x_wconf 69' lang='lat' dir='ltr'><strong>(Matt/1.</strong></span> <span class='ocrx_word' id='word_1_670' title='bbox 3197 1882 3285 1937; x_wconf 67' lang='lat'><strong>24.</strong></span> <span class='ocrx_word' id='word_1_671' title='bbox 3314 1885 3412 1955; x_wconf 77' lang='lat'><strong>5)?</strong></span> <span class='ocrx_word' id='word_1_672' title='bbox 3440 1886 3558 1952; x_wconf 83' lang='lat' dir='ltr'><strong>sed,</strong></span> 
     </span>
    </p>
   </div>
   <div class='ocr_carea' id='block_1_79' title="bbox 1983 1952 3561 2032">
    <p class='ocr_par' dir='ltr' id='par_1_79' title="bbox 1983 1952 3561 2032">
     <span class='ocr_line' id='line_1_81' title="bbox 1983 1952 3561 2032; baseline 0.016 -26"><span class='ocrx_word' id='word_1_673' title='bbox 1983 1952 2123 2006; x_wconf 80' lang='lat' dir='ltr'><strong>Nam</strong></span> <span class='ocrx_word' id='word_1_674' title='bbox 2173 1957 2400 2011; x_wconf 85' lang='lat' dir='ltr'><strong>restitues</strong></span> <span class='ocrx_word' id='word_1_675' title='bbox 2427 1976 2639 2030; x_wconf 87' lang='lat' dir='ltr'><strong>regnum</strong></span> <span class='ocrx_word' id='word_1_676' title='bbox 2665 1960 2875 2018; x_wconf 81' lang='lat' dir='ltr'><strong>Israel?</strong></span> <span class='ocrx_word' id='word_1_677' title='bbox 2917 1968 3303 2026; x_wconf 82' lang='lat' dir='ltr'><strong>Existimabam</strong></span> <span class='ocrx_word' id='word_1_678' title='bbox 3330 1952 3471 2029; x_wconf 83' lang='lat' dir='ltr'><strong>enim</strong></span> <span class='ocrx_word' id='word_1_679' title='bbox 3508 1977 3561 2032; x_wconf 91' lang='lat' dir='ltr'><strong>id</strong></span> 
     </span>
    </p>
   </div>
   <div class='ocr_carea' id='block_1_80' title="bbox 1974 2044 3561 2122">
    <p class='ocr_par' dir='ltr' id='par_1_80' title="bbox 1974 2044 3561 2122">
     <span class='ocr_line' id='line_1_82' title="bbox 1974 2044 3561 2122; baseline 0.015 -24"><span class='ocrx_word' id='word_1_680' title='bbox 1974 2044 2082 2113; x_wconf 89' lang='lat' dir='ltr'><strong>jam</strong></span> <span class='ocrx_word' id='word_1_681' title='bbox 2113 2045 2322 2101; x_wconf 85' lang='lat' dir='ltr'><strong>adesse.</strong></span> <span class='ocrx_word' id='word_1_682' title='bbox 2354 2049 2471 2117; x_wconf 84' lang='lat' dir='ltr'><strong>lpse</strong></span> <span class='ocrx_word' id='word_1_683' title='bbox 2503 2065 2630 2105; x_wconf 89' lang='lat' dir='ltr'><strong>vero</strong></span> <span class='ocrx_word' id='word_1_684' title='bbox 2661 2055 2710 2106; x_wconf 86' lang='lat' dir='ltr'><strong>in</strong></span> <span class='ocrx_word' id='word_1_685' title='bbox 2740 2055 3005 2122; x_wconf 74' lang='lat' dir='ltr'><strong>parabolis</strong></span> <span class='ocrx_word' id='word_1_686' title='bbox 3028 2062 3336 2117; x_wconf 86' lang='lat' dir='ltr'><strong>ostenderat</strong></span> <span class='ocrx_word' id='word_1_687' title='bbox 3366 2065 3414 2119; x_wconf 90' lang='lat' dir='ltr'><strong>id</strong></span> <span class='ocrx_word' id='word_1_688' title='bbox 3454 2081 3561 2122; x_wconf 91' lang='lat' dir='ltr'><strong>non</strong></span> 
     </span>
    </p>
   </div>
   <div class='ocr_carea' id='block_1_81' title="bbox 1978 2139 3562 2220">
    <p class='ocr_par' dir='ltr' id='par_1_81' title="bbox 1978 2139 3562 2220">
     <span class='ocr_line' id='line_1_83' title="bbox 1978 2139 3562 2220; baseline 0.015 -33"><span class='ocrx_word' id='word_1_689' title='bbox 1978 2150 2144 2205; x_wconf 89' lang='lat' dir='ltr'><strong>prope</strong></span> <span class='ocrx_word' id='word_1_690' title='bbox 2171 2151 2292 2191; x_wconf 92' lang='lat' dir='ltr'><strong>esse</strong></span> <span class='ocrx_word' id='word_1_691' title='bbox 2320 2155 2333 2190; x_wconf 90' lang='lat'>:</span> <span class='ocrx_word' id='word_1_692' title='bbox 2365 2147 2418 2193; x_wconf 90' lang='lat' dir='ltr'><strong>et</strong></span> <span class='ocrx_word' id='word_1_693' title='bbox 2442 2139 2551 2208; x_wconf 90' lang='lat' dir='ltr'><strong>jam</strong></span> <span class='ocrx_word' id='word_1_694' title='bbox 2580 2141 2664 2196; x_wconf 91' lang='lat' dir='ltr'><strong>ubi</strong></span> <span class='ocrx_word' id='word_1_695' title='bbox 2690 2143 3102 2215; x_wconf 84' lang='lat' dir='ltr'><strong>interrogarunt,</strong></span> <span class='ocrx_word' id='word_1_696' title='bbox 3133 2152 3441 2220; x_wconf 89' lang='lat' dir='ltr'><strong>respondet,</strong></span> <span class='ocrx_word' id='word_1_697' title='bbox 3464 2156 3562 2209; x_wconf 79' lang='lat' dir='ltr'><strong>Ac-</strong></span> 
     </span>
    </p>
   </div>
   <div class='ocr_carea' id='block_1_82' title="bbox 1977 2227 3559 2305">
    <p class='ocr_par' dir='ltr' id='par_1_82' title="bbox 1977 2227 3559 2305">
     <span class='ocr_line' id='line_1_84' title="bbox 1977 2227 3559 2305; baseline 0.014 -26"><span class='ocrx_word' id='word_1_698' title='bbox 1977 2227 2170 2297; x_wconf 87' lang='lat' dir='ltr'><strong>cipietis</strong></span> <span class='ocrx_word' id='word_1_699' title='bbox 2211 2230 2437 2283; x_wconf 82' lang='lat' dir='ltr'><strong>uirtutem</strong></span> <span class='ocrx_word' id='word_1_700' title='bbox 2471 2236 2863 2300; x_wconf 86' lang='lat' dir='ltr'><strong>supervenientis</strong></span> <span class='ocrx_word' id='word_1_701' title='bbox 2902 2235 3126 2305; x_wconf 87' lang='lat' dir='ltr'><strong>Spiritus</strong></span> <span class='ocrx_word' id='word_1_702' title='bbox 3168 2244 3332 2296; x_wconf 87' lang='lat' dir='ltr'><strong>sancti</strong></span> <span class='ocrx_word' id='word_1_703' title='bbox 3370 2246 3424 2297; x_wconf 85' lang='lat' dir='ltr'><strong>in</strong></span> <span class='ocrx_word' id='word_1_704' title='bbox 3453 2261 3559 2303; x_wconf 83' lang='lat' dir='ltr'><strong>vos.</strong></span> 
     </span>
    </p>
   </div>
   <div class='ocr_carea' id='block_1_83' title="bbox 1976 2317 3559 2403">
    <p class='ocr_par' dir='ltr' id='par_1_83' title="bbox 1976 2317 3559 2403">
     <span class='ocr_line' id='line_1_85' title="bbox 1976 2317 3559 2403; baseline 0.015 -34"><span class='ocrx_word' id='word_1_705' title='bbox 1976 2317 2355 2374; x_wconf 85' lang='lat' dir='ltr'><strong>Animadverte</strong></span> <span class='ocrx_word' id='word_1_706' title='bbox 2382 2322 2521 2389; x_wconf 85' lang='lat' dir='ltr'><strong>quod</strong></span> <span class='ocrx_word' id='word_1_707' title='bbox 2544 2323 2761 2391; x_wconf 81' lang='lat' dir='ltr'><strong>dixerit,</strong></span> <span class='ocrx_word' id='word_1_708' title='bbox 2784 2325 3214 2396; x_wconf 84' lang='lat' dir='ltr'><strong>Supervenientis,</strong></span> <span class='ocrx_word' id='word_1_709' title='bbox 3236 2348 3362 2398; x_wconf 92' lang='lat' dir='ltr'><strong>non,</strong></span> <span class='ocrx_word' id='word_1_710' title='bbox 3382 2334 3559 2403; x_wconf 82' lang='lat' dir='ltr'><strong>Missi;</strong></span> 
     </span>
    </p>
   </div>
   <div class='ocr_carea' id='block_1_84' title="bbox 1977 2409 3559 2499">
    <p class='ocr_par' dir='ltr' id='par_1_84' title="bbox 1977 2409 3559 2499">
     <span class='ocr_line' id='line_1_86' title="bbox 1977 2409 3559 2499; baseline 0.015 -38"><span class='ocrx_word' id='word_1_711' title='bbox 1977 2417 2033 2462; x_wconf 92' lang='lat' dir='ltr'><strong>ut</strong></span> <span class='ocrx_word' id='word_1_712' title='bbox 2059 2424 2239 2478; x_wconf 91' lang='lat' dir='ltr'><strong>parem</strong></span> <span class='ocrx_word' id='word_1_713' title='bbox 2280 2409 2538 2468; x_wconf 84' lang='lat' dir='ltr'><strong>honorem</strong></span> <span class='ocrx_word' id='word_1_714' title='bbox 2571 2416 2897 2473; x_wconf 88' lang='lat' dir='ltr'><strong>ostenderet.</strong></span> <span class='ocrx_word' id='word_1_715' title='bbox 2928 2419 3206 2487; x_wconf 87' lang='lat' dir='ltr'><strong>Quomodo</strong></span> <span class='ocrx_word' id='word_1_716' title='bbox 3243 2440 3372 2496; x_wconf 85' lang='lat' dir='ltr'><strong>ergo</strong></span> <span class='ocrx_word' id='word_1_717' title='bbox 3392 2469 3407 2493; x_wconf 96' lang='lat'><strong>,</strong></span> <span class='ocrx_word' id='word_1_718' title='bbox 3441 2428 3559 2499; x_wconf 89' lang='lat' dir='ltr'><strong>Spi-</strong></span> 
     </span>
    </p>
   </div>
   <div class='ocr_carea' id='block_1_85' title="bbox 1978 2502 3560 2577">
    <p class='ocr_par' dir='ltr' id='par_1_85' title="bbox 1978 2502 3560 2577">
     <span class='ocr_line' id='line_1_87' title="bbox 1978 2502 3560 2577; baseline 0.015 -23"><span class='ocrx_word' id='word_1_719' title='bbox 1978 2502 2109 2556; x_wconf 88' lang='lat' dir='ltr'><strong>ritus</strong></span> <span class='ocrx_word' id='word_1_720' title='bbox 2136 2505 2305 2559; x_wconf 88' lang='lat' dir='ltr'><strong>sancti</strong></span> <span class='ocrx_word' id='word_1_721' title='bbox 2336 2506 2549 2565; x_wconf 83' lang='lat' dir='ltr'><strong>inimice</strong></span> <span class='ocrx_word' id='word_1_722' title='bbox 2570 2549 2587 2575; x_wconf 90' lang='lat'><strong>,</strong></span> <span class='ocrx_word' id='word_1_723' title='bbox 2617 2509 2783 2567; x_wconf 84' lang='lat' dir='ltr'><strong>audes</strong></span> <span class='ocrx_word' id='word_1_724' title='bbox 2824 2512 2969 2567; x_wconf 91' lang='lat' dir='ltr'><strong>illum</strong></span> <span class='ocrx_word' id='word_1_725' title='bbox 2998 2514 3178 2571; x_wconf 88' lang='lat' dir='ltr'><strong>dicere</strong></span> <span class='ocrx_word' id='word_1_726' title='bbox 3217 2524 3560 2577; x_wconf 81' lang='lat' dir='ltr'><strong>creaturam?</strong></span> 
     </span>
    </p>
   </div>
   <div class='ocr_carea' id='block_1_86' title="bbox 1975 2590 3560 2673">
    <p class='ocr_par' dir='ltr' id='par_1_86' title="bbox 1975 2590 3560 2673">
     <span class='ocr_line' id='line_1_88' title="bbox 1975 2590 3560 2673; baseline 0.013 -28"><span class='ocrx_word' id='word_1_727' title='bbox 1975 2590 2042 2646; x_wconf 85' lang='lat' dir='ltr'><strong>Et</strong></span> <span class='ocrx_word' id='word_1_728' title='bbox 2066 2594 2203 2647; x_wconf 88' lang='lat' dir='ltr'><strong>eritis</strong></span> <span class='ocrx_word' id='word_1_729' title='bbox 2229 2596 2354 2648; x_wconf 73' lang='lat' dir='ltr'><strong>milii</strong></span> <span class='ocrx_word' id='word_1_730' title='bbox 2378 2606 2543 2652; x_wconf 88' lang='lat' dir='ltr'><strong>testes.</strong></span> <span class='ocrx_word' id='word_1_731' title='bbox 2575 2599 3003 2673; x_wconf 78' lang='lat' dir='ltr'><strong>Assumptionem</strong></span> <span class='ocrx_word' id='word_1_732' title='bbox 3026 2607 3378 2666; x_wconf 88' lang='lat' dir='ltr'><strong>subindicavit</strong></span> <span class='ocrx_word' id='word_1_733' title='bbox 3404 2631 3417 2665; x_wconf 86' lang='lat'><strong>:</strong></span> <span class='ocrx_word' id='word_1_734' title='bbox 3450 2614 3560 2668; x_wconf 91' lang='lat' dir='ltr'><strong>imo</strong></span> 
     </span>
    </p>
   </div>
   <div class='ocr_carea' id='block_1_87' title="bbox 1976 2686 3554 2762">
    <p class='ocr_par' dir='ltr' id='par_1_87' title="bbox 1976 2686 3554 2762">
     <span class='ocr_line' id='line_1_89' title="bbox 1976 2686 3554 2762; baseline 0.015 -27"><span class='ocrx_word' id='word_1_735' title='bbox 1976 2686 2149 2752; x_wconf 89' lang='lat' dir='ltr'><strong>potius</strong></span> <span class='ocrx_word' id='word_1_736' title='bbox 2181 2686 2233 2738; x_wconf 93' lang='lat' dir='ltr'><strong>id</strong></span> <span class='ocrx_word' id='word_1_737' title='bbox 2258 2728 2273 2751; x_wconf 93' lang='lat'><strong>,</strong></span> <span class='ocrx_word' id='word_1_738' title='bbox 2306 2688 2447 2755; x_wconf 87' lang='lat' dir='ltr'><strong>quod</strong></span> <span class='ocrx_word' id='word_1_739' title='bbox 2488 2691 2598 2756; x_wconf 89' lang='lat' dir='ltr'><strong>jam</strong></span> <span class='ocrx_word' id='word_1_740' title='bbox 2629 2692 2948 2762; x_wconf 87' lang='lat' dir='ltr'><strong>audierant,</strong></span> <span class='ocrx_word' id='word_1_741' title='bbox 2978 2696 3029 2751; x_wconf 93' lang='lat' dir='ltr'><strong>in</strong></span> <span class='ocrx_word' id='word_1_742' title='bbox 3062 2709 3293 2755; x_wconf 89' lang='lat' dir='ltr'><strong>mentem</strong></span> <span class='ocrx_word' id='word_1_743' title='bbox 3322 2715 3554 2759; x_wconf 80' lang='lat' dir='ltr'><strong>revocat.</strong></span> 
     </span>
    </p>
   </div>
   <div class='ocr_carea' id='block_1_88' title="bbox 1974 2773 3558 2852">
    <p class='ocr_par' dir='ltr' id='par_1_88' title="bbox 1974 2773 3558 2852">
     <span class='ocr_line' id='line_1_90' title="bbox 1974 2773 3558 2852; baseline 0.015 -24"><span class='ocrx_word' id='word_1_744' title='bbox 1974 2773 2089 2828; x_wconf 88' lang='lat' dir='ltr'><strong>Jam</strong></span> <span class='ocrx_word' id='word_1_745' title='bbox 2118 2784 2397 2831; x_wconf 89' lang='lat' dir='ltr'><strong>ostensum</strong></span> <span class='ocrx_word' id='word_1_746' title='bbox 2422 2788 2505 2833; x_wconf 90' lang='lat' dir='ltr'><strong>est</strong></span> <span class='ocrx_word' id='word_1_747' title='bbox 2534 2781 2704 2847; x_wconf 90' lang='lat' dir='ltr'><strong>ipsum</strong></span> <span class='ocrx_word' id='word_1_748' title='bbox 2737 2784 2789 2837; x_wconf 92' lang='lat' dir='ltr'><strong>iu</strong></span> <span class='ocrx_word' id='word_1_749' title='bbox 2819 2787 2982 2842; x_wconf 67' lang='lat' dir='ltr'><strong>caelos</strong></span> <span class='ocrx_word' id='word_1_750' title='bbox 3024 2792 3351 2849; x_wconf 83' lang='lat' dir='ltr'><strong>ascendisse.</strong></span> <span class='ocrx_word' id='word_1_751' title='bbox 3387 2796 3558 2852; x_wconf 78' lang='lat' dir='ltr'><strong>Nubes</strong></span> 
     </span>
    </p>
   </div>
   <div class='ocr_carea' id='block_1_89' title="bbox 1974 2866 3557 2956">
    <p class='ocr_par' dir='ltr' id='par_1_89' title="bbox 1974 2866 3557 2956">
     <span class='ocr_line' id='line_1_91' title="bbox 1974 2866 3557 2956; baseline 0.015 -39"><span class='ocrx_word' id='word_1_752' title='bbox 1974 2874 2021 2918; x_wconf 86' lang='lat' dir='ltr'><strong>et</strong></span> <span class='ocrx_word' id='word_1_753' title='bbox 2046 2866 2211 2936; x_wconf 79' lang='lat' dir='ltr'><strong>caligo</strong></span> <span class='ocrx_word' id='word_1_754' title='bbox 2249 2869 2340 2927; x_wconf 80' lang='lat' dir='ltr'><strong>sub</strong></span> <span class='ocrx_word' id='word_1_755' title='bbox 2366 2868 2576 2937; x_wconf 81' lang='lat' dir='ltr'><strong>pedibus</strong></span> <span class='ocrx_word' id='word_1_756' title='bbox 2606 2872 2718 2941; x_wconf 82' lang='lat' dir='ltr'><strong>ejus</strong></span> <span class='ocrx_word' id='word_1_757' title='bbox 2746 2873 2764 2942; x_wconf 90' lang='lat'>(</span> <span class='ocrx_word' id='word_1_758' title='bbox 2804 2872 2946 2927; x_wconf 88' lang='lat' dir='ltr'><strong>Psal.</strong></span> <span class='ocrx_word' id='word_1_759' title='bbox 2980 2878 3066 2932; x_wconf 84' lang='lat'><strong>96.</strong></span> <span class='ocrx_word' id='word_1_760' title='bbox 3097 2880 3194 2949; x_wconf 84' lang='lat'><strong>2),</strong></span> <span class='ocrx_word' id='word_1_761' title='bbox 3231 2882 3421 2951; x_wconf 80' lang='lat' dir='ltr'><strong>inquit,</strong></span> <span class='ocrx_word' id='word_1_762' title='bbox 3451 2903 3557 2956; x_wconf 92' lang='lat' dir='ltr'><strong>quo</strong></span> 
     </span>
    </p>
   </div>
   <div class='ocr_carea' id='block_1_90' title="bbox 1974 2957 3558 3042">
    <p class='ocr_par' dir='ltr' id='par_1_90' title="bbox 1974 2957 3558 3042">
     <span class='ocr_line' id='line_1_92' title="bbox 1974 2957 3558 3042; baseline 0.013 -31"><span class='ocrx_word' id='word_1_763' title='bbox 1974 2957 2304 3027; x_wconf 85' lang='lat' dir='ltr'><strong>signiﬁcatur</strong></span> <span class='ocrx_word' id='word_1_764' title='bbox 2334 2960 2463 3016; x_wconf 92' lang='lat' dir='ltr'><strong>illud</strong></span> <span class='ocrx_word' id='word_1_765' title='bbox 2491 2980 2503 3016; x_wconf 92' lang='lat'><strong><em>:</em></strong></span> <span class='ocrx_word' id='word_1_766' title='bbox 2540 2961 2715 3017; x_wconf 81' lang='lat' dir='ltr'><strong>Nubes</strong></span> <span class='ocrx_word' id='word_1_767' title='bbox 2745 2968 2962 3033; x_wconf 82' lang='lat' dir='ltr'><strong>suscepit</strong></span> <span class='ocrx_word' id='word_1_768' title='bbox 2987 2985 3096 3021; x_wconf 88' lang='lat' dir='ltr'><strong>eum</strong></span> <span class='ocrx_word' id='word_1_769' title='bbox 3127 3012 3142 3035; x_wconf 91' lang='lat'><strong>,</strong></span> <span class='ocrx_word' id='word_1_770' title='bbox 3169 2987 3363 3042; x_wconf 83' lang='lat' dir='ltr'><strong>nempe</strong></span> <span class='ocrx_word' id='word_1_771' title='bbox 3398 2978 3558 3031; x_wconf 69' lang='lat' dir='ltr'><strong>cano-</strong></span> 
     </span>
    </p>
   </div>
   <div class='ocr_carea' id='block_1_91' title="bbox 1970 3051 3560 3127">
    <p class='ocr_par' dir='ltr' id='par_1_91' title="bbox 1970 3051 3560 3127">
     <span class='ocr_line' id='line_1_93' title="bbox 1970 3051 3560 3127; baseline 0.014 -25"><span class='ocrx_word' id='word_1_772' title='bbox 1970 3064 2091 3111; x_wconf 48' lang='lat' dir='ltr'><strong>,rum</strong></span> <span class='ocrx_word' id='word_1_773' title='bbox 2160 3051 2439 3107; x_wconf 87' lang='lat' dir='ltr'><strong>Dominum</strong></span> <span class='ocrx_word' id='word_1_774' title='bbox 2491 3070 2504 3106; x_wconf 91' lang='lat'><strong>:</strong></span> <span class='ocrx_word' id='word_1_775' title='bbox 2553 3069 2731 3123; x_wconf 81' lang='lat' dir='ltr'><strong>regem</strong></span> <span class='ocrx_word' id='word_1_776' title='bbox 2788 3072 3016 3127; x_wconf 87' lang='lat' dir='ltr'><strong>namque</strong></span> <span class='ocrx_word' id='word_1_777' title='bbox 3072 3059 3306 3117; x_wconf 84' lang='lat' dir='ltr'><strong>declarat</strong></span> <span class='ocrx_word' id='word_1_778' title='bbox 3370 3081 3560 3123; x_wconf 88' lang='lat' dir='ltr'><strong>currus</strong></span> 
     </span>
    </p>
   </div>
   <div class='ocr_carea' id='block_1_92' title="bbox 1972 3142 3556 3221">
    <p class='ocr_par' dir='ltr' id='par_1_92' title="bbox 1972 3142 3556 3221">
     <span class='ocr_line' id='line_1_94' title="bbox 1972 3142 3556 3221; baseline 0.012 -27"><span class='ocrx_word' id='word_1_779' title='bbox 1972 3142 2151 3209; x_wconf 79' lang='lat' dir='ltr'><strong>regius</strong></span> <span class='ocrx_word' id='word_1_780' title='bbox 2196 3158 2209 3196; x_wconf 88' lang='lat'><strong>:</strong></span> <span class='ocrx_word' id='word_1_781' title='bbox 2257 3144 2335 3198; x_wconf 88' lang='lat' dir='ltr'><strong>sic</strong></span> <span class='ocrx_word' id='word_1_782' title='bbox 2392 3144 2467 3199; x_wconf 92' lang='lat' dir='ltr'><strong>illi</strong></span> <span class='ocrx_word' id='word_1_783' title='bbox 2523 3146 2722 3201; x_wconf 92' lang='lat' dir='ltr'><strong>missus</strong></span> <span class='ocrx_word' id='word_1_784' title='bbox 2776 3156 2859 3202; x_wconf 92' lang='lat' dir='ltr'><strong>est</strong></span> <span class='ocrx_word' id='word_1_785' title='bbox 2895 3164 3085 3205; x_wconf 89' lang='lat' dir='ltr'><strong>currus</strong></span> <span class='ocrx_word' id='word_1_786' title='bbox 3137 3154 3333 3221; x_wconf 83' lang='lat' dir='ltr'><strong>regius,</strong></span> <span class='ocrx_word' id='word_1_787' title='bbox 3378 3166 3435 3210; x_wconf 92' lang='lat' dir='ltr'><strong>ut</strong></span> <span class='ocrx_word' id='word_1_788' title='bbox 3490 3175 3556 3214; x_wconf 85' lang='lat' dir='ltr'><strong>ne</strong></span> 
     </span>
    </p>
   </div>
   <div class='ocr_carea' id='block_1_93' title="bbox 1972 3230 3553 3317">
    <p class='ocr_par' dir='ltr' id='par_1_93' title="bbox 1972 3230 3553 3317">
     <span class='ocr_line' id='line_1_95' title="bbox 1972 3230 3553 3317; baseline 0.013 -35"><span class='ocrx_word' id='word_1_789' title='bbox 1972 3230 2099 3297; x_wconf 90' lang='lat' dir='ltr'><strong>quid</strong></span> <span class='ocrx_word' id='word_1_790' title='bbox 2131 3232 2282 3289; x_wconf 86' lang='lat' dir='ltr'><strong>triste</strong></span> <span class='ocrx_word' id='word_1_791' title='bbox 2311 3232 2640 3302; x_wconf 86' lang='lat' dir='ltr'><strong>loqueretur,</strong></span> <span class='ocrx_word' id='word_1_792' title='bbox 2686 3251 2817 3290; x_wconf 87' lang='lat' dir='ltr'><strong>neve</strong></span> <span class='ocrx_word' id='word_1_793' title='bbox 2856 3237 2904 3290; x_wconf 90' lang='lat' dir='ltr'><strong>id</strong></span> <span class='ocrx_word' id='word_1_794' title='bbox 2947 3240 3050 3293; x_wconf 91' lang='lat' dir='ltr'><strong>illis</strong></span> <span class='ocrx_word' id='word_1_795' title='bbox 3084 3243 3384 3311; x_wconf 90' lang='lat' dir='ltr'><strong>accideret,</strong></span> <span class='ocrx_word' id='word_1_796' title='bbox 3415 3248 3553 3317; x_wconf 86' lang='lat' dir='ltr'><strong>quod</strong></span> 
     </span>
    </p>
   </div>
   <div class='ocr_carea' id='block_1_94' title="bbox 1971 3322 3549 3410">
    <p class='ocr_par' dir='ltr' id='par_1_94' title="bbox 1971 3322 3549 3410">
     <span class='ocr_line' id='line_1_96' title="bbox 1971 3322 3549 3410; baseline 0.01 -34"><span class='ocrx_word' id='word_1_797' title='bbox 1971 3322 2187 3386; x_wconf 77' lang='lat' dir='ltr'><strong>Eliszeo,</strong></span> <span class='ocrx_word' id='word_1_798' title='bbox 2208 3322 2601 3394; x_wconf 87' lang='lat' dir='ltr'><strong>qui,assumpto</strong></span> <span class='ocrx_word' id='word_1_799' title='bbox 2629 3327 2903 3396; x_wconf 49' lang='lat' dir='ltr'><strong>magistro,</strong></span> <span class='ocrx_word' id='word_1_800' title='bbox 2944 3331 3171 3387; x_wconf 91' lang='lat' dir='ltr'><strong>tunicam</strong></span> <span class='ocrx_word' id='word_1_801' title='bbox 3203 3334 3415 3391; x_wconf 64' lang='lat' dir='ltr'><strong>discidit</strong></span> <span class='ocrx_word' id='word_1_802' title='bbox 3463 3337 3549 3410; x_wconf 70' lang='grc'><strong>(4.</strong></span> 
     </span>
    </p>
   </div>
   <div class='ocr_carea' id='block_1_95' title="bbox 1973 3415 3556 3500">
    <p class='ocr_par' dir='ltr' id='par_1_95' title="bbox 1973 3415 3556 3500">
     <span class='ocr_line' id='line_1_97' title="bbox 1973 3415 3556 3500; baseline 0.009 -29"><span class='ocrx_word' id='word_1_803' title='bbox 1973 3415 2099 3485; x_wconf 87' lang='lat' dir='ltr'><strong>Reg.</strong></span> <span class='ocrx_word' id='word_1_804' title='bbox 2130 3415 2184 3468; x_wconf 88' lang='lat'><strong>2.</strong></span> <span class='ocrx_word' id='word_1_805' title='bbox 2222 3416 2331 3485; x_wconf 82' lang='lat' dir='ltr'><strong>l2).</strong></span> <span class='ocrx_word' id='word_1_806' title='bbox 2362 3416 2497 3484; x_wconf 90' lang='lat' dir='ltr'><strong>Quid</strong></span> <span class='ocrx_word' id='word_1_807' title='bbox 2524 3433 2648 3472; x_wconf 89' lang='lat' dir='ltr'><strong>vero</strong></span> <span class='ocrx_word' id='word_1_808' title='bbox 2668 3419 2853 3475; x_wconf 89' lang='lat' dir='ltr'><strong>dicunt</strong></span> <span class='ocrx_word' id='word_1_809' title='bbox 2875 3423 3087 3493; x_wconf 79' lang='lat' dir='ltr'><strong>angeli?</strong></span> <span class='ocrx_word' id='word_1_810' title='bbox 3137 3424 3234 3480; x_wconf 86' lang='lat' dir='ltr'><strong>llic</strong></span> <span class='ocrx_word' id='word_1_811' title='bbox 3263 3428 3431 3493; x_wconf 75' lang='lat' dir='ltr'><strong>Iesus,</strong></span> <span class='ocrx_word' id='word_1_812' title='bbox 3467 3434 3556 3500; x_wconf 87' lang='lat' dir='ltr'><strong>qui</strong></span> 
     </span>
    </p>
   </div>
   <div class='ocr_carea' id='block_1_96' title="bbox 1969 3511 3555 3583">
    <p class='ocr_par' dir='ltr' id='par_1_96' title="bbox 1969 3511 3555 3583">
     <span class='ocr_line' id='line_1_98' title="bbox 1969 3511 3555 3583; baseline 0.009 -22"><span class='ocrx_word' id='word_1_813' title='bbox 1969 3520 2254 3576; x_wconf 86' lang='lat' dir='ltr'><strong>assmnptus</strong></span> <span class='ocrx_word' id='word_1_814' title='bbox 2281 3518 2351 3562; x_wconf 87' lang='lat' dir='ltr'><strong>est</strong></span> <span class='ocrx_word' id='word_1_815' title='bbox 2380 3526 2411 3561; x_wconf 91' lang='lat' dir='ltr'><strong>a</strong></span> <span class='ocrx_word' id='word_1_816' title='bbox 2438 3511 2573 3563; x_wconf 82' lang='lat' dir='ltr'><strong>vobis</strong></span> <span class='ocrx_word' id='word_1_817' title='bbox 2597 3511 2649 3563; x_wconf 87' lang='lat' dir='ltr'><strong>in</strong></span> <span class='ocrx_word' id='word_1_818' title='bbox 2679 3512 2859 3566; x_wconf 73' lang='lat' dir='ltr'><strong>ccelum</strong></span> <span class='ocrx_word' id='word_1_819' title='bbox 2883 3514 2956 3566; x_wconf 86' lang='lat' dir='ltr'><strong>sic</strong></span> <span class='ocrx_word' id='word_1_820' title='bbox 2985 3515 3179 3581; x_wconf 84' lang='lat' dir='ltr'><strong>veniet;</strong></span> <span class='ocrx_word' id='word_1_821' title='bbox 3198 3528 3271 3583; x_wconf 82' lang='lat' dir='ltr'><strong>et,</strong></span> <span class='ocrx_word' id='word_1_822' title='bbox 3304 3518 3434 3573; x_wconf 85' lang='lat' dir='ltr'><strong>Ecce</strong></span> <span class='ocrx_word' id='word_1_823' title='bbox 3453 3522 3555 3576; x_wconf 86' lang='lat' dir='ltr'><strong>duo</strong></span> 
     </span>
    </p>
   </div>
   <div class='ocr_carea' id='block_1_97' title="bbox 1970 3596 3551 3672">
    <p class='ocr_par' dir='ltr' id='par_1_97' title="bbox 1970 3596 3551 3672">
     <span class='ocr_line' id='line_1_99' title="bbox 1970 3596 3551 3672; baseline 0.009 -23"><span class='ocrx_word' id='word_1_824' title='bbox 1970 3599 2061 3650; x_wconf 84' lang='lat' dir='ltr'><strong>viri</strong></span> <span class='ocrx_word' id='word_1_825' title='bbox 2084 3598 2381 3653; x_wconf 83' lang='lat' dir='ltr'><strong>adstiterunt</strong></span> <span class='ocrx_word' id='word_1_826' title='bbox 2402 3596 2521 3653; x_wconf 85' lang='lat' dir='ltr'><strong>illis.</strong></span> <span class='ocrx_word' id='word_1_827' title='bbox 2550 3599 2678 3656; x_wconf 84' lang='lat' dir='ltr'><strong>Jure</strong></span> <span class='ocrx_word' id='word_1_828' title='bbox 2702 3602 2939 3672; x_wconf 88' lang='lat' dir='ltr'><strong>quidem.</strong></span> <span class='ocrx_word' id='word_1_829' title='bbox 2968 3604 3099 3659; x_wconf 88' lang='lat' dir='ltr'><strong>Nam</strong></span> <span class='ocrx_word' id='word_1_830' title='bbox 3127 3612 3178 3661; x_wconf 87' lang='lat' dir='ltr'><strong>in</strong></span> <span class='ocrx_word' id='word_1_831' title='bbox 3209 3624 3302 3662; x_wconf 88' lang='lat' dir='ltr'><strong>ore</strong></span> <span class='ocrx_word' id='word_1_832' title='bbox 3328 3610 3551 3665; x_wconf 87' lang='lat' dir='ltr'><strong>duorum</strong></span> 
     </span>
    </p>
   </div>
   <div class='ocr_carea' id='block_1_98' title="bbox 1970 3690 3553 3767">
    <p class='ocr_par' dir='ltr' id='par_1_98' title="bbox 1970 3690 3553 3767">
     <span class='ocr_line' id='line_1_100' title="bbox 1970 3690 3553 3767; baseline 0.009 -25"><span class='ocrx_word' id='word_1_833' title='bbox 1970 3690 2183 3747; x_wconf 79' lang='lat' dir='ltr'><strong>testium</strong></span> <span class='ocrx_word' id='word_1_834' title='bbox 2213 3690 2372 3745; x_wconf 84' lang='lat' dir='ltr'><strong>stabit</strong></span> <span class='ocrx_word' id='word_1_835' title='bbox 2401 3706 2560 3745; x_wconf 87' lang='lat' dir='ltr'><strong>oume</strong></span> <span class='ocrx_word' id='word_1_836' title='bbox 2586 3693 2803 3747; x_wconf 86' lang='lat' dir='ltr'><strong>verbum</strong></span> <span class='ocrx_word' id='word_1_837' title='bbox 2837 3695 2853 3765; x_wconf 98' lang='lat'>(</span> <span class='ocrx_word' id='word_1_838' title='bbox 2879 3694 3027 3749; x_wconf 89' lang='lat' dir='ltr'><strong>Deut.</strong></span> <span class='ocrx_word' id='word_1_839' title='bbox 3059 3698 3146 3752; x_wconf 84' lang='lat' dir='ltr'><strong>l7.</strong></span> <span class='ocrx_word' id='word_1_840' title='bbox 3174 3698 3251 3767; x_wconf 77' lang='lat' dir='ltr'><strong>li).</strong></span> <span class='ocrx_word' id='word_1_841' title='bbox 3283 3699 3349 3752; x_wconf 85' lang='lat' dir='ltr'><strong>Et</strong></span> <span class='ocrx_word' id='word_1_842' title='bbox 3381 3701 3432 3754; x_wconf 80' lang='lat' dir='ltr'><strong>lii</strong></span> <span class='ocrx_word' id='word_1_843' title='bbox 3458 3716 3553 3756; x_wconf 81' lang='lat' dir='ltr'><strong>ea-</strong></span> 
     </span>
    </p>
   </div>
   <div class='ocr_carea' id='block_1_99' title="bbox 1969 3780 3556 3857">
    <p class='ocr_par' dir='ltr' id='par_1_99' title="bbox 1969 3780 3556 3857">
     <span class='ocr_line' id='line_1_101' title="bbox 1969 3780 3556 3857; baseline 0.009 -24"><span class='ocrx_word' id='word_1_844' title='bbox 1969 3780 2089 3835; x_wconf 90' lang='lat' dir='ltr'><strong>dem</strong></span> <span class='ocrx_word' id='word_1_845' title='bbox 2124 3782 2233 3848; x_wconf 84' lang='lat' dir='ltr'><strong>ipsa</strong></span> <span class='ocrx_word' id='word_1_846' title='bbox 2264 3782 2570 3849; x_wconf 86' lang='lat' dir='ltr'><strong>loquuntur.</strong></span> <span class='ocrx_word' id='word_1_847' title='bbox 2603 3782 2669 3836; x_wconf 90' lang='lat' dir='ltr'><strong>In</strong></span> <span class='ocrx_word' id='word_1_848' title='bbox 2706 3796 2853 3849; x_wconf 83' lang='lat' dir='ltr'><strong>veste,</strong></span> <span class='ocrx_word' id='word_1_849' title='bbox 2889 3787 3094 3856; x_wconf 87' lang='lat' dir='ltr'><strong>inquit,</strong></span> <span class='ocrx_word' id='word_1_850' title='bbox 3121 3790 3257 3844; x_wconf 89' lang='lat' dir='ltr'><strong>alba.</strong></span> <span class='ocrx_word' id='word_1_851' title='bbox 3289 3791 3556 3857; x_wconf 87' lang='lat' dir='ltr'><strong>Quemad—</strong></span> 
     </span>
    </p>
   </div>
   <div class='ocr_carea' id='block_1_100' title="bbox 1969 3872 3555 3947">
    <p class='ocr_par' dir='ltr' id='par_1_100' title="bbox 1969 3872 3555 3947">
     <span class='ocr_line' id='line_1_102' title="bbox 1969 3872 3555 3947; baseline 0.007 -21"><span class='ocrx_word' id='word_1_852' title='bbox 1969 3872 2184 3926; x_wconf 89' lang='lat' dir='ltr'><strong>modum</strong></span> <span class='ocrx_word' id='word_1_853' title='bbox 2208 3872 2319 3939; x_wconf 90' lang='lat' dir='ltr'><strong>jam</strong></span> <span class='ocrx_word' id='word_1_854' title='bbox 2346 3881 2470 3927; x_wconf 88' lang='lat' dir='ltr'><strong>ante</strong></span> <span class='ocrx_word' id='word_1_855' title='bbox 2498 3873 2563 3926; x_wconf 89' lang='lat' dir='ltr'><strong>ad</strong></span> <span class='ocrx_word' id='word_1_856' title='bbox 2604 3886 3006 3931; x_wconf 90' lang='lat' dir='ltr'><strong>mouumentmn</strong></span> <span class='ocrx_word' id='word_1_857' title='bbox 3036 3880 3281 3947; x_wconf 86' lang='lat' dir='ltr'><strong>angelum</strong></span> <span class='ocrx_word' id='word_1_858' title='bbox 3312 3882 3555 3937; x_wconf 87' lang='lat' dir='ltr'><strong>viderant</strong></span> 
     </span>
    </p>
   </div>
   <div class='ocr_carea' id='block_1_101' title="bbox 1971 3961 3553 4037">
    <p class='ocr_par' dir='ltr' id='par_1_101' title="bbox 1971 3961 3553 4037">
     <span class='ocr_line' id='line_1_103' title="bbox 1971 3961 3553 4037; baseline 0.005 -18"><span class='ocrx_word' id='word_1_859' title='bbox 1971 3964 2022 4019; x_wconf 89' lang='lat' dir='ltr'><strong>in</strong></span> <span class='ocrx_word' id='word_1_860' title='bbox 2048 3962 2281 4019; x_wconf 87' lang='lat' dir='ltr'><strong>vestibus</strong></span> <span class='ocrx_word' id='word_1_861' title='bbox 2309 3961 2518 4031; x_wconf 84' lang='lat' dir='ltr'><strong>lulgidis</strong></span> <span class='ocrx_word' id='word_1_862' title='bbox 2543 4004 2557 4027; x_wconf 84' lang='lat'><strong>,</strong></span> <span class='ocrx_word' id='word_1_863' title='bbox 2586 3964 2673 4031; x_wconf 91' lang='lat' dir='ltr'><strong>qui</strong></span> <span class='ocrx_word' id='word_1_864' title='bbox 2714 3967 2955 4032; x_wconf 69' lang='lat' dir='ltr'><strong>prmdixit</strong></span> <span class='ocrx_word' id='word_1_865' title='bbox 2987 3969 3090 4021; x_wconf 76' lang='lat' dir='ltr'><strong>illis</strong></span> <span class='ocrx_word' id='word_1_866' title='bbox 3120 3970 3243 4037; x_wconf 90' lang='lat' dir='ltr'><strong>quid</strong></span> <span class='ocrx_word' id='word_1_867' title='bbox 3293 3972 3347 4025; x_wconf 95' lang='lat' dir='ltr'><strong>in</strong></span> <span class='ocrx_word' id='word_1_868' title='bbox 3373 3973 3553 4027; x_wconf 90' lang='lat' dir='ltr'><strong>animo</strong></span> 
     </span>
    </p>
   </div>
   <div class='ocr_carea' id='block_1_102' title="bbox 1969 4052 3553 4127">
    <p class='ocr_par' dir='ltr' id='par_1_102' title="bbox 1969 4052 3553 4127">
     <span class='ocr_line' id='line_1_104' title="bbox 1969 4052 3553 4127; baseline 0.006 -20"><span class='ocrx_word' id='word_1_869' title='bbox 1969 4062 2243 4109; x_wconf 87' lang='lat' dir='ltr'><strong>versarent</strong></span> <span class='ocrx_word' id='word_1_870' title='bbox 2267 4052 2284 4123; x_wconf 95' lang='lat'>(</span> <span class='ocrx_word' id='word_1_871' title='bbox 2318 4052 2503 4106; x_wconf 80' lang='lat' dir='ltr'><strong>Matth.</strong></span> <span class='ocrx_word' id='word_1_872' title='bbox 2533 4052 2620 4108; x_wconf 89' lang='lat'><strong>28.</strong></span> <span class='ocrx_word' id='word_1_873' title='bbox 2649 4055 2737 4108; x_wconf 79' lang='lat'><strong>25.</strong></span> <span class='ocrx_word' id='word_1_874' title='bbox 2770 4056 2820 4108; x_wconf 74' lang='grc' dir='ltr'><strong>ι.</strong></span> <span class='ocrx_word' id='word_1_875' title='bbox 2853 4057 2886 4110; x_wconf 82' lang='grc'>5</span> <span class='ocrx_word' id='word_1_876' title='bbox 2913 4059 2930 4123; x_wconf 91' lang='grc'>)</span> <span class='ocrx_word' id='word_1_877' title='bbox 2957 4074 2969 4110; x_wconf 88' lang='lat'>:</span> <span class='ocrx_word' id='word_1_878' title='bbox 2996 4057 3073 4110; x_wconf 89' lang='lat' dir='ltr'><strong>sic</strong></span> <span class='ocrx_word' id='word_1_879' title='bbox 3098 4067 3153 4111; x_wconf 90' lang='lat' dir='ltr'><strong>et</strong></span> <span class='ocrx_word' id='word_1_880' title='bbox 3176 4062 3553 4127; x_wconf 86' lang='lat' dir='ltr'><strong>assumptionis</strong></span> 
     </span>
    </p>
   </div>
   <div class='ocr_carea' id='block_1_103' title="bbox 1968 4146 3550 4220">
    <p class='ocr_par' dir='ltr' id='par_1_103' title="bbox 1968 4146 3550 4220">
     <span class='ocr_line' id='line_1_105' title="bbox 1968 4146 3550 4220; baseline 0.002 -18"><span class='ocrx_word' id='word_1_881' title='bbox 1968 4147 2083 4215; x_wconf 87' lang='lat' dir='ltr'><strong>ejus</strong></span> <span class='ocrx_word' id='word_1_882' title='bbox 2116 4161 2290 4215; x_wconf 70' lang='lat' dir='ltr'><strong>praeco</strong></span> <span class='ocrx_word' id='word_1_883' title='bbox 2318 4146 2539 4213; x_wconf 77' lang='lat' dir='ltr'><strong>angelus</strong></span> <span class='ocrx_word' id='word_1_884' title='bbox 2568 4157 2671 4200; x_wconf 81' lang='lat' dir='ltr'><strong>est.</strong></span> <span class='ocrx_word' id='word_1_885' title='bbox 2700 4146 2849 4213; x_wconf 86' lang='lat' dir='ltr'><strong>Quod</strong></span> <span class='ocrx_word' id='word_1_886' title='bbox 2898 4148 3057 4201; x_wconf 89' lang='lat' dir='ltr'><strong>etiam</strong></span> <span class='ocrx_word' id='word_1_887' title='bbox 3104 4148 3377 4218; x_wconf 76' lang='lat' dir='ltr'><strong>propheta:</strong></span> <span class='ocrx_word' id='word_1_888' title='bbox 3406 4165 3550 4220; x_wconf 65' lang='lat' dir='ltr'><strong>swpe</strong></span> 
     </span>
    </p>
   </div>
   <div class='ocr_carea' id='block_1_104' title="bbox 1970 4239 3556 4312">
    <p class='ocr_par' dir='ltr' id='par_1_104' title="bbox 1970 4239 3556 4312">
     <span class='ocr_line' id='line_1_106' title="bbox 1970 4239 3556 4312; baseline 0.003 -21"><span class='ocrx_word' id='word_1_889' title='bbox 1970 4239 2343 4309; x_wconf 53' lang='lat' dir='ltr'><strong>praedixerant,</strong></span> <span class='ocrx_word' id='word_1_890' title='bbox 2360 4248 2415 4293; x_wconf 89' lang='lat' dir='ltr'><strong>ut</strong></span> <span class='ocrx_word' id='word_1_891' title='bbox 2434 4251 2486 4295; x_wconf 85' lang='lat' dir='ltr'><strong>et</strong></span> <span class='ocrx_word' id='word_1_892' title='bbox 2504 4254 2566 4293; x_wconf 90' lang='lat' dir='ltr'><strong>ea</strong></span> <span class='ocrx_word' id='word_1_893' title='bbox 2588 4256 2703 4309; x_wconf 72' lang='lat' dir='ltr'><strong>qua:</strong></span> <span class='ocrx_word' id='word_1_894' title='bbox 2726 4241 3171 4297; x_wconf 88' lang='lat' dir='ltr'><strong>resurrectionem</strong></span> <span class='ocrx_word' id='word_1_895' title='bbox 3194 4243 3524 4312; x_wconf 77' lang='lat' dir='ltr'><strong>spectabant‘</strong></span> <span class='ocrx_word' id='word_1_896' title='bbox 3548 4289 3556 4296; x_wconf 93' lang='lat'><strong>.</strong></span> 
     </span>
    </p>
   </div>
   <div class='ocr_carea' id='block_1_105' title="bbox 2040 4331 3548 4402">
    <p class='ocr_par' dir='ltr' id='par_1_105' title="bbox 2040 4331 3548 4402">
     <span class='ocr_line' id='line_1_107' title="bbox 2040 4331 3548 4402; baseline 0.003 -15"><span class='ocrx_word' id='word_1_897' title='bbox 2040 4333 2093 4387; x_wconf 68' lang='grc'><strong>4.</strong></span> <span class='ocrx_word' id='word_1_898' title='bbox 2128 4331 2334 4402; x_wconf 89' lang='lat' dir='ltr'><strong>Ubique</strong></span> <span class='ocrx_word' id='word_1_899' title='bbox 2361 4333 2531 4401; x_wconf 87' lang='lat' dir='ltr'><strong>angeli</strong></span> <span class='ocrx_word' id='word_1_900' title='bbox 2557 4334 2723 4388; x_wconf 90' lang='lat' dir='ltr'><strong>nuntii</strong></span> <span class='ocrx_word' id='word_1_901' title='bbox 2749 4345 2872 4387; x_wconf 91' lang='lat' dir='ltr'><strong>sunt</strong></span> <span class='ocrx_word' id='word_1_902' title='bbox 2901 4350 2913 4385; x_wconf 92' lang='lat'><strong>:</strong></span> <span class='ocrx_word' id='word_1_903' title='bbox 2947 4333 3025 4388; x_wconf 90' lang='lat' dir='ltr'><strong>sic</strong></span> <span class='ocrx_word' id='word_1_904' title='bbox 3063 4334 3114 4388; x_wconf 93' lang='lat' dir='ltr'><strong>in</strong></span> <span class='ocrx_word' id='word_1_905' title='bbox 3147 4335 3346 4402; x_wconf 88' lang='lat' dir='ltr'><strong>natali,</strong></span> <span class='ocrx_word' id='word_1_906' title='bbox 3378 4337 3454 4390; x_wconf 85' lang='lat' dir='ltr'><strong>sic</strong></span> <span class='ocrx_word' id='word_1_907' title='bbox 3482 4339 3548 4392; x_wconf 85' lang='lat' dir='ltr'><strong>ad</strong></span> 
     </span>
    </p>
   </div>
   <div class='ocr_carea' id='block_1_106' title="bbox 1972 4424 3548 4497">
    <p class='ocr_par' dir='ltr' id='par_1_106' title="bbox 1972 4424 3548 4497">
     <span class='ocr_line' id='line_1_108' title="bbox 1972 4424 3548 4497; baseline 0.004 -18"><span class='ocrx_word' id='word_1_908' title='bbox 1972 4424 2187 4479; x_wconf 78' lang='lat' dir='ltr'><strong>Mariam</strong></span> <span class='ocrx_word' id='word_1_909' title='bbox 2209 4465 2224 4489; x_wconf 92' lang='lat'><strong>,</strong></span> <span class='ocrx_word' id='word_1_910' title='bbox 2256 4424 2333 4478; x_wconf 90' lang='lat' dir='ltr'><strong>sic</strong></span> <span class='ocrx_word' id='word_1_911' title='bbox 2361 4427 2411 4477; x_wconf 89' lang='lat' dir='ltr'><strong>in</strong></span> <span class='ocrx_word' id='word_1_912' title='bbox 2456 4427 2846 4481; x_wconf 77' lang='lat' dir='ltr'><strong>resurrectione</strong></span> <span class='ocrx_word' id='word_1_913' title='bbox 2864 4465 2879 4491; x_wconf 93' lang='lat'><strong>,</strong></span> <span class='ocrx_word' id='word_1_914' title='bbox 2907 4427 3233 4497; x_wconf 88' lang='lat' dir='ltr'><strong>perindeque</strong></span> <span class='ocrx_word' id='word_1_915' title='bbox 3260 4429 3313 4483; x_wconf 91' lang='lat' dir='ltr'><strong>in</strong></span> <span class='ocrx_word' id='word_1_916' title='bbox 3339 4444 3548 4485; x_wconf 86' lang='lat' dir='ltr'><strong>assmu-</strong></span> 
     </span>
    </p>
   </div>
   <div class='ocr_carea' id='block_1_107' title="bbox 1972 4517 3546 4590">
    <p class='ocr_par' dir='ltr' id='par_1_107' title="bbox 1972 4517 3546 4590">
     <span class='ocr_line' id='line_1_109' title="bbox 1972 4517 3546 4590; baseline 0.004 -21"><span class='ocrx_word' id='word_1_917' title='bbox 1972 4517 2150 4585; x_wconf 90' lang='lat' dir='ltr'><strong>ptione</strong></span> <span class='ocrx_word' id='word_1_918' title='bbox 2173 4534 2185 4569; x_wconf 93' lang='lat'>:</span> <span class='ocrx_word' id='word_1_919' title='bbox 2207 4517 2313 4570; x_wconf 92' lang='lat' dir='ltr'><strong>imo</strong></span> <span class='ocrx_word' id='word_1_920' title='bbox 2339 4517 2497 4571; x_wconf 87' lang='lat' dir='ltr'><strong>etiam</strong></span> <span class='ocrx_word' id='word_1_921' title='bbox 2530 4518 2580 4571; x_wconf 91' lang='lat' dir='ltr'><strong>in</strong></span> <span class='ocrx_word' id='word_1_922' title='bbox 2609 4518 2846 4573; x_wconf 87' lang='lat' dir='ltr'><strong>secundo</strong></span> <span class='ocrx_word' id='word_1_923' title='bbox 2866 4518 3094 4573; x_wconf 86' lang='lat' dir='ltr'><strong>adventu</strong></span> <span class='ocrx_word' id='word_1_924' title='bbox 3123 4521 3294 4590; x_wconf 90' lang='lat' dir='ltr'><strong>angeli</strong></span> <span class='ocrx_word' id='word_1_925' title='bbox 3320 4536 3546 4590; x_wconf 70' lang='lat' dir='ltr'><strong>prmcur-</strong></span> 
     </span>
    </p>
   </div>
   <div class='ocr_carea' id='block_1_108' title="bbox 1970 4607 3547 4677">
    <p class='ocr_par' dir='ltr' id='par_1_108' title="bbox 1970 4607 3547 4677">
     <span class='ocr_line' id='line_1_110' title="bbox 1970 4607 3547 4677; baseline 0.003 -15"><span class='ocrx_word' id='word_1_926' title='bbox 1970 4619 2150 4662; x_wconf 83' lang='lat' dir='ltr'><strong>rentes</strong></span> <span class='ocrx_word' id='word_1_927' title='bbox 2179 4608 2517 4662; x_wconf 84' lang='lat' dir='ltr'><strong>videbuntur.</strong></span> <span class='ocrx_word' id='word_1_928' title='bbox 2542 4607 2673 4663; x_wconf 89' lang='lat' dir='ltr'><strong>Cum</strong></span> <span class='ocrx_word' id='word_1_929' title='bbox 2701 4607 2964 4664; x_wconf 79' lang='lat' dir='ltr'><strong>dixissent</strong></span> <span class='ocrx_word' id='word_1_930' title='bbox 2998 4619 3172 4664; x_wconf 90' lang='lat' dir='ltr'><strong>autem</strong></span> <span class='ocrx_word' id='word_1_931' title='bbox 3191 4652 3207 4677; x_wconf 91' lang='lat'><strong>,</strong></span> <span class='ocrx_word' id='word_1_932' title='bbox 3239 4609 3339 4665; x_wconf 81' lang='lat' dir='ltr'><strong>Hie</strong></span> <span class='ocrx_word' id='word_1_933' title='bbox 3356 4610 3509 4666; x_wconf 83' lang='lat' dir='ltr'><strong>Jesus</strong></span> <span class='ocrx_word' id='word_1_934' title='bbox 3533 4654 3547 4677; x_wconf 92' lang='lat'><strong>,</strong></span> 
     </span>
    </p>
   </div>
   <div class='ocr_carea' id='block_1_109' title="bbox 1969 4700 3550 4773">
    <p class='ocr_par' dir='ltr' id='par_1_109' title="bbox 1969 4700 3550 4773">
     <span class='ocr_line' id='line_1_111' title="bbox 1969 4700 3550 4773; baseline 0.005 -21"><span class='ocrx_word' id='word_1_935' title='bbox 1969 4700 2052 4767; x_wconf 87' lang='lat' dir='ltr'><strong>qui</strong></span> <span class='ocrx_word' id='word_1_936' title='bbox 2081 4710 2365 4770; x_wconf 84' lang='lat' dir='ltr'><strong>assumptus</strong></span> <span class='ocrx_word' id='word_1_937' title='bbox 2391 4710 2463 4753; x_wconf 89' lang='lat' dir='ltr'><strong>est</strong></span> <span class='ocrx_word' id='word_1_938' title='bbox 2484 4718 2515 4753; x_wconf 90' lang='lat' dir='ltr'><strong>a</strong></span> <span class='ocrx_word' id='word_1_939' title='bbox 2542 4702 2698 4765; x_wconf 84' lang='lat' dir='ltr'><strong>vobis,</strong></span> <span class='ocrx_word' id='word_1_940' title='bbox 2730 4716 2797 4755; x_wconf 80' lang='lat' dir='ltr'><strong>ne</strong></span> <span class='ocrx_word' id='word_1_941' title='bbox 2820 4710 3223 4757; x_wconf 86' lang='lat' dir='ltr'><strong>consternarent</strong></span> <span class='ocrx_word' id='word_1_942' title='bbox 3243 4704 3385 4771; x_wconf 90' lang='lat' dir='ltr'><strong>illos,</strong></span> <span class='ocrx_word' id='word_1_943' title='bbox 3410 4705 3550 4773; x_wconf 88' lang='lat' dir='ltr'><strong>adji-</strong></span> 
     </span>
    </p>
   </div>
   <div class='ocr_carea' id='block_1_110' title="bbox 1969 4792 3548 4865">
    <p class='ocr_par' dir='ltr' id='par_1_110' title="bbox 1969 4792 3548 4865">
     <span class='ocr_line' id='line_1_112' title="bbox 1969 4792 3548 4865; baseline 0.006 -20"><span class='ocrx_word' id='word_1_944' title='bbox 1969 4792 2132 4853; x_wconf 88' lang='lat' dir='ltr'><strong>ciunt,</strong></span> <span class='ocrx_word' id='word_1_945' title='bbox 2167 4792 2255 4846; x_wconf 90' lang='lat' dir='ltr'><strong>Sic</strong></span> <span class='ocrx_word' id='word_1_946' title='bbox 2280 4794 2455 4846; x_wconf 86' lang='lat' dir='ltr'><strong>veniet.</strong></span> <span class='ocrx_word' id='word_1_947' title='bbox 2481 4792 2698 4846; x_wconf 88' lang='lat' dir='ltr'><strong>Paulum</strong></span> <span class='ocrx_word' id='word_1_948' title='bbox 2720 4795 3048 4862; x_wconf 78' lang='lat' dir='ltr'><strong>tespirarunt</strong></span> <span class='ocrx_word' id='word_1_949' title='bbox 3070 4794 3347 4851; x_wconf 86' lang='lat' dir='ltr'><strong>audientes</strong></span> <span class='ocrx_word' id='word_1_950' title='bbox 3377 4798 3548 4865; x_wconf 85' lang='lat' dir='ltr'><strong>ipsum</strong></span> 
     </span>
    </p>
   </div>
   <div class='ocr_carea' id='block_1_111' title="bbox 1969 4883 3546 4946">
    <p class='ocr_par' dir='ltr' id='par_1_111' title="bbox 1969 4883 3546 4946">
     <span class='ocr_line' id='line_1_113' title="bbox 1969 4883 3546 4946; baseline 0.004 -7"><span class='ocrx_word' id='word_1_951' title='bbox 1969 4883 2262 4939; x_wconf 89' lang='lat' dir='ltr'><strong>rediturum</strong></span> <span class='ocrx_word' id='word_1_952' title='bbox 2282 4898 2420 4944; x_wconf 87' lang='lat' dir='ltr'><strong>esse.</strong></span> <span class='ocrx_word' id='word_1_953' title='bbox 2441 4894 2489 4938; x_wconf 91' lang='lat' dir='ltr'><strong>et</strong></span> <span class='ocrx_word' id='word_1_954' title='bbox 2508 4884 2584 4938; x_wconf 90' lang='lat' dir='ltr'><strong>sic</strong></span> <span class='ocrx_word' id='word_1_955' title='bbox 2604 4884 2919 4946; x_wconf 89' lang='lat' dir='ltr'><strong>rediturum,</strong></span> <span class='ocrx_word' id='word_1_956' title='bbox 2944 4901 3039 4938; x_wconf 88' lang='lat' dir='ltr'><strong>nec</strong></span> <span class='ocrx_word' id='word_1_957' title='bbox 3061 4886 3387 4940; x_wconf 85' lang='lat' dir='ltr'><strong>inaccessum</strong></span> <span class='ocrx_word' id='word_1_958' title='bbox 3412 4886 3546 4945; x_wconf 82' lang='lat' dir='ltr'><strong>fore.</strong></span> 
     </span>
    </p>
   </div>
   <div class='ocr_carea' id='block_1_112' title="bbox 1970 4974 3546 5047">
    <p class='ocr_par' dir='ltr' id='par_1_112' title="bbox 1970 4974 3546 5047">
     <span class='ocr_line' id='line_1_114' title="bbox 1970 4974 3546 5047; baseline 0.004 -19"><span class='ocrx_word' id='word_1_959' title='bbox 1970 4974 2099 5030; x_wconf 81' lang='lat' dir='ltr'><strong>illud</strong></span> <span class='ocrx_word' id='word_1_960' title='bbox 2131 4990 2276 5035; x_wconf 86' lang='lat' dir='ltr'><strong>vero.</strong></span> <span class='ocrx_word' id='word_1_961' title='bbox 2310 4974 2351 5027; x_wconf 86' lang='grc' dir='ltr'><em>Α</em></span> <span class='ocrx_word' id='word_1_962' title='bbox 2382 4975 2547 5038; x_wconf 72' lang='lat' dir='ltr'><strong>vobis,</strong></span> <span class='ocrx_word' id='word_1_963' title='bbox 2581 4989 2685 5028; x_wconf 89' lang='lat' dir='ltr'><strong>non</strong></span> <span class='ocrx_word' id='word_1_964' title='bbox 2716 4976 2831 5029; x_wconf 89' lang='lat' dir='ltr'><strong>sine</strong></span> <span class='ocrx_word' id='word_1_965' title='bbox 2860 4990 3015 5029; x_wconf 90' lang='lat' dir='ltr'><strong>causa</strong></span> <span class='ocrx_word' id='word_1_966' title='bbox 3046 4975 3284 5039; x_wconf 89' lang='lat' dir='ltr'><strong>additur;</strong></span> <span class='ocrx_word' id='word_1_967' title='bbox 3313 4976 3404 5031; x_wconf 86' lang='lat' dir='ltr'><strong>sed</strong></span> <span class='ocrx_word' id='word_1_968' title='bbox 3431 4979 3546 5047; x_wconf 74' lang='lat' dir='ltr'><strong>ejus</strong></span> 
     </span>
    </p>
   </div>
   <div class='ocr_carea' id='block_1_113' title="bbox 1967 5065 3549 5140">
    <p class='ocr_par' dir='ltr' id='par_1_113' title="bbox 1967 5065 3549 5140">
     <span class='ocr_line' id='line_1_115' title="bbox 1967 5065 3549 5140; baseline 0.004 -21"><span class='ocrx_word' id='word_1_969' title='bbox 1967 5082 2087 5135; x_wconf 81' lang='lat' dir='ltr'><strong>erga</strong></span> <span class='ocrx_word' id='word_1_970' title='bbox 2118 5066 2237 5120; x_wconf 92' lang='lat' dir='ltr'><strong>illos</strong></span> <span class='ocrx_word' id='word_1_971' title='bbox 2264 5081 2501 5121; x_wconf 88' lang='lat' dir='ltr'><strong>amorem</strong></span> <span class='ocrx_word' id='word_1_972' title='bbox 2540 5065 2807 5130; x_wconf 88' lang='lat' dir='ltr'><strong>declarat,</strong></span> <span class='ocrx_word' id='word_1_973' title='bbox 2839 5076 2891 5118; x_wconf 94' lang='lat' dir='ltr'><strong>et</strong></span> <span class='ocrx_word' id='word_1_974' title='bbox 2929 5065 3244 5120; x_wconf 87' lang='lat' dir='ltr'><strong>electionem</strong></span> <span class='ocrx_word' id='word_1_975' title='bbox 3276 5068 3508 5137; x_wconf 90' lang='lat' dir='ltr'><strong>ipsorum</strong></span> <span class='ocrx_word' id='word_1_976' title='bbox 3528 5114 3549 5140; x_wconf 88' lang='lat'><strong>,</strong></span> 
     </span>
    </p>
   </div>
   <div class='ocr_carea' id='block_1_114' title="bbox 1970 5154 3549 5229">
    <p class='ocr_par' dir='ltr' id='par_1_114' title="bbox 1970 5154 3549 5229">
     <span class='ocr_line' id='line_1_116' title="bbox 1970 5154 3549 5229; baseline 0.002 -19"><span class='ocrx_word' id='word_1_977' title='bbox 1970 5157 2243 5225; x_wconf 90' lang='lat' dir='ltr'><strong>innuitque</strong></span> <span class='ocrx_word' id='word_1_978' title='bbox 2274 5171 2376 5209; x_wconf 92' lang='lat' dir='ltr'><strong>non</strong></span> <span class='ocrx_word' id='word_1_979' title='bbox 2406 5154 2709 5207; x_wconf 83' lang='lat' dir='ltr'><strong>relicturum</strong></span> <span class='ocrx_word' id='word_1_980' title='bbox 2739 5167 2857 5207; x_wconf 88' lang='lat' dir='ltr'><strong>esse</strong></span> <span class='ocrx_word' id='word_1_981' title='bbox 2876 5170 2969 5207; x_wconf 91' lang='lat' dir='ltr'><strong>eos</strong></span> <span class='ocrx_word' id='word_1_982' title='bbox 2989 5170 3122 5223; x_wconf 84' lang='lat' dir='ltr'><strong>quos</strong></span> <span class='ocrx_word' id='word_1_983' title='bbox 3143 5156 3321 5229; x_wconf 87' lang='lat' dir='ltr'><strong>elegit.</strong></span> <span class='ocrx_word' id='word_1_984' title='bbox 3354 5160 3549 5215; x_wconf 78' lang='lat' dir='ltr'><strong>Resur-</strong></span> 
     </span>
    </p>
   </div>
   <div class='ocr_carea' id='block_1_115' title="bbox 1967 5243 3546 5319">
    <p class='ocr_par' dir='ltr' id='par_1_115' title="bbox 1967 5243 3546 5319">
     <span class='ocr_line' id='line_1_117' title="bbox 1967 5243 3546 5319; baseline 0.002 -18"><span class='ocrx_word' id='word_1_985' title='bbox 1967 5248 2220 5301; x_wconf 71' lang='lat' dir='ltr'><strong>rec-tionis</strong></span> <span class='ocrx_word' id='word_1_986' title='bbox 2236 5261 2364 5314; x_wconf 85' lang='lat' dir='ltr'><strong>ergo</strong></span> <span class='ocrx_word' id='word_1_987' title='bbox 2378 5258 2488 5298; x_wconf 74' lang='lat' dir='ltr'><strong>sua:</strong></span> <span class='ocrx_word' id='word_1_988' title='bbox 2507 5243 2617 5314; x_wconf 88' lang='lat' dir='ltr'><strong>ipse</strong></span> <span class='ocrx_word' id='word_1_989' title='bbox 2633 5244 2782 5300; x_wconf 85' lang='lat' dir='ltr'><strong>testis</strong></span> <span class='ocrx_word' id='word_1_990' title='bbox 2800 5243 2897 5300; x_wconf 81' lang='lat' dir='ltr'><strong>fuit</strong></span> <span class='ocrx_word' id='word_1_991' title='bbox 2914 5244 3045 5319; x_wconf 88' lang='lat' dir='ltr'><strong>(imo</strong></span> <span class='ocrx_word' id='word_1_992' title='bbox 3062 5260 3267 5311; x_wconf 82' lang='lat' dir='ltr'><strong>eorum.</strong></span> <span class='ocrx_word' id='word_1_993' title='bbox 3288 5264 3407 5318; x_wconf 77' lang='lat' dir='ltr'><strong>qua:</strong></span> <span class='ocrx_word' id='word_1_994' title='bbox 3422 5260 3546 5306; x_wconf 86' lang='lat' dir='ltr'><strong>ante</strong></span> 
     </span>
    </p>
   </div>
   <div class='ocr_carea' id='block_1_116' title="bbox 2032 5422 3541 5489">
    <p class='ocr_par' dir='ltr' id='par_1_116' title="bbox 2032 5422 3541 5489">
     <span class='ocr_line' id='line_1_118' title="bbox 2032 5422 3541 5489; baseline -0.001 -16"><span class='ocrx_word' id='word_1_995' title='bbox 2032 5424 2047 5457; x_wconf 75' lang='grc' dir='ltr'><strong>ι</strong></span> <span class='ocrx_word' id='word_1_996' title='bbox 2083 5423 2225 5473; x_wconf 72' lang='lat' dir='ltr'><strong>Alius</strong></span> <span class='ocrx_word' id='word_1_997' title='bbox 2256 5424 2327 5471; x_wconf 89' lang='lat' dir='ltr'><strong>sic</strong></span> <span class='ocrx_word' id='word_1_998' title='bbox 2362 5422 2714 5489; x_wconf 71' lang='lat' dir='ltr'><strong>habet;_Quod_</strong></span> <span class='ocrx_word' id='word_1_999' title='bbox 2738 5432 2899 5489; x_wconf 74' lang='lat' dir='ltr'><strong>autem</strong></span> <span class='ocrx_word' id='word_1_1000' title='bbox 2932 5424 3178 5489; x_wconf 79' lang='lat' dir='ltr'><strong>praplteta:</strong></span> <span class='ocrx_word' id='word_1_1001' title='bbox 3202 5426 3335 5476; x_wconf 83' lang='lat' dir='ltr'><strong>illaut</strong></span> <span class='ocrx_word' id='word_1_1002' title='bbox 3360 5439 3541 5476; x_wconf 76' lang='lat' dir='ltr'><strong>assmu-</strong></span> 
     </span>
    </p>
   </div>
   <div class='ocr_carea' id='block_1_117' title="bbox 1966 5482 3539 5550">
    <p class='ocr_par' dir='ltr' id='par_1_117' title="bbox 1966 5482 3539 5550">
     <span class='ocr_line' id='line_1_119' title="bbox 1966 5482 3539 5550; baseline -0.001 -16"><span class='ocrx_word' id='word_1_1003' title='bbox 1966 5485 2171 5550; x_wconf 84' lang='lat' dir='ltr'><strong>ptionem</strong></span> <span class='ocrx_word' id='word_1_1004' title='bbox 2194 5496 2286 5533; x_wconf 89' lang='lat' dir='ltr'><strong>non</strong></span> <span class='ocrx_word' id='word_1_1005' title='bbox 2299 5482 2623 5550; x_wconf 66' lang='lat' dir='ltr'><strong>prtedixerint</strong></span> <span class='ocrx_word' id='word_1_1006' title='bbox 2647 5484 2766 5550; x_wconf 78' lang='lat' dir='ltr'><strong>nihil</strong></span> <span class='ocrx_word' id='word_1_1007' title='bbox 2789 5482 3068 5550; x_wconf 66' lang='lat' dir='ltr'><strong>parandum</strong></span> <span class='ocrx_word' id='word_1_1008' title='bbox 3096 5498 3112 5534; x_wconf 92' lang='lat'><em>:</em></span> <span class='ocrx_word' id='word_1_1009' title='bbox 3137 5497 3539 5550; x_wconf 75' lang='lat' dir='ltr'><strong>supervacaneum</strong></span> 
     </span>
    </p>
   </div>
   <div class='ocr_carea' id='block_1_118' title="bbox 1965 5546 3538 5610">
    <p class='ocr_par' dir='ltr' id='par_1_118' title="bbox 1965 5546 3538 5610">
     <span class='ocr_line' id='line_1_120' title="bbox 1965 5546 3538 5610; baseline -0.005 -13"><span class='ocrx_word' id='word_1_1010' title='bbox 1965 5546 2092 5597; x_wconf 79' lang='lat' dir='ltr'><strong>enim</strong></span> <span class='ocrx_word' id='word_1_1011' title='bbox 2125 5552 2229 5595; x_wconf 86' lang='lat' dir='ltr'><strong>erat</strong></span> <span class='ocrx_word' id='word_1_1012' title='bbox 2274 5548 2335 5610; x_wconf 78' lang='lat' dir='ltr'><strong>de</strong></span> <span class='ocrx_word' id='word_1_1013' title='bbox 2369 5546 2455 5595; x_wconf 84' lang='lat' dir='ltr'><strong>illa</strong></span> <span class='ocrx_word' id='word_1_1014' title='bbox 2490 5546 2741 5610; x_wconf 83' lang='lat' dir='ltr'><strong>speciatim</strong></span> <span class='ocrx_word' id='word_1_1015' title='bbox 2782 5546 2911 5610; x_wconf 87' lang='lat' dir='ltr'><strong>loqui</strong></span> <span class='ocrx_word' id='word_1_1016' title='bbox 2937 5583 2951 5606; x_wconf 88' lang='lat'><strong>,</strong></span> <span class='ocrx_word' id='word_1_1017' title='bbox 2993 5546 3381 5610; x_wconf 78' lang='lat' dir='ltr'><strong>quandoquidem</strong></span> <span class='ocrx_word' id='word_1_1018' title='bbox 3412 5546 3538 5610; x_wconf 81' lang='lat' dir='ltr'><strong>_ipsa</strong></span> 
     </span>
    </p>
   </div>
   <div class='ocr_carea' id='block_1_119' title="bbox 1969 5604 3501 5671">
    <p class='ocr_par' dir='ltr' id='par_1_119' title="bbox 1969 5604 3501 5671">
     <span class='ocr_line' id='line_1_121' title="bbox 1969 5604 3501 5671; baseline -0.004 -15"><span class='ocrx_word' id='word_1_1019' title='bbox 1969 5616 2013 5656; x_wconf 85' lang='lat' dir='ltr'><strong>et</strong></span> <span class='ocrx_word' id='word_1_1020' title='bbox 2038 5608 2325 5657; x_wconf 80' lang='lat' dir='ltr'><strong>resurrectio</strong></span> <span class='ocrx_word' id='word_1_1021' title='bbox 2348 5620 2443 5656; x_wconf 84' lang='lat' dir='ltr'><strong>una</strong></span> <span class='ocrx_word' id='word_1_1022' title='bbox 2460 5616 2504 5657; x_wconf 84' lang='lat' dir='ltr'><strong>ct</strong></span> <span class='ocrx_word' id='word_1_1023' title='bbox 2521 5609 2692 5657; x_wconf 84' lang='lat' dir='ltr'><strong>eadem</strong></span> <span class='ocrx_word' id='word_1_1024' title='bbox 2714 5604 3501 5671; x_wconf 72' lang='lat' dir='ltr'><strong>cogitatioiw&#39;comprehsndantur.</strong></span> 
     </span>
    </p>
   </div>
  </div>
