4036 6212
175 157 231 213 33
1194 134 1260 192 IN
1298 132 1479 191 acra
1518 126 2288 189 APOSTOLORUMJIOMIL.
2327 129 2414 187 ιιι.
3366 133 3438 192 ει

181 282 317 331 licere
360 260 676 337 debuisti”
719 260 863 330 Ergo
907 265 963 313 te
1013 252 1087 309 ab
1120 252 1222 308 hoc
1258 264 1475 306 carcere
1524 248 1754 303 liberare

178 362 425 437 epos-tun?
450 356 707 427 Alioquin
733 366 866 406 vero
893 350 1034 404 Deus
1061 362 1167 399 non
1196 353 1372 414 potest
1400 342 1614 395 vincere
1641 355 1744 393 ma-

176 428 363 515 teriam,
390 449 498 505 nisi
527 461 651 501 cum
681 444 773 498 illa
802 441 1108 495 misceatur.
1141 435 1256 489 Non
1292 440 1468 503 potest
1497 430 1641 484 enim
1677 428 1748 481 illi

179 544 473 614 pracipere.
498 538 678 592 donec
710 547 835 587 eum
868 530 955 584 illa
987 526 1179 588 luerit,
1209 539 1271 576 ac
1298 537 1394 591 per
1423 529 1586 574 totam
1631 533 1751 585 pcr-

175 608 341 690 radat.
364 630 411 688 0
432 626 851 685 imbecillitatem
874 623 889 675 '.
916 620 1029 673 Rex
1051 612 1362 683 imperando
1388 610 1513 665 facit
1537 608 1747 672 omnia;

174 728 305 780 Dens
332 737 473 777 vero
498 719 644 773 malis
669 728 775 769 non
805 709 1071 779 imperat?
1102 708 1157 760 In
1184 718 1415 766 summa,
1446 701 1547 755 nisi
1579 707 1749 752 matc-

175 832 249 870 na
285 815 421 869 boni
452 809 727 878 cuiuspiam
777 810 923 857 esset
961 799 1262 867 particeps,
1309 792 1600 846 subsistere
1645 803 1749 840 non

176 917 384 978 posset.
428 902 600 957 Malitia
639 900 783 952 enim
823 892 1118 947 subsistere
1157 886 1375 955 nequit,
1421 880 1524 936 nisi
1569 880 1749 933 virtuti

176 969 562 1052 admisceatur:
610 985 833 1057 proinde
878 981 978 1035 nisi
1020 979 1203 1033 fuisset
1248 973 1483 1028 admixta
1532 969 1747 1031 virtuti,

174 1090 376 1158 jamdiu
402 1084 645 1153 periisset
670 1095 683 1129 :
714 1091 835 1131 nam
868 1074 981 1127 haec
1004 1080 1085 1125 est
1109 1068 1368 1122 malorum
1390 1062 1645 1117 Conditio.
1671 1061 1751 1115 Sit

177 1153 424 1247 quispiam
453 1171 710 1229 lascivus,
750 1166 840 1235 qui
885 1163 967 1218 sui
1010 1163 1272 1228 impotens
1301 1154 1523 1209 omnino
1551 1153 1654 1218 sit,
1680 1166 1748 1205 an

173 1243 306 1322 vivet
334 1268 525 1321 decem
550 1262 698 1317 dies?
726 1259 809 1313 Sit
833 1258 971 1310 latro
999 1251 1291 1323 quispiam,
1322 1246 1414 1316 qui
1442 1244 1586 1298 nulla
1617 1243 1749 1297 reti-

172 1372 328 1417 nente
351 1357 668 1413 conscientia
694 1353 748 1406 in
771 1361 960 1404 omnes
982 1346 1251 1411 etiamque
1281 1340 1331 1392 in
1354 1335 1750 1392 consceleratos

170 1461 453 1521 grassetur,
485 1461 609 1499 num
640 1442 829 1496 vixerit
850 1437 1111 1492 omnino?
1140 1433 1221 1487 Sit
1245 1428 1436 1497 aliquis
1463 1426 1548 1480 fur
1577 1425 1750 1493 impu-

171 1517 315 1597 dens.
344 1541 430 1610 qui
458 1540 573 1591 sine
600 1535 802 1590 rubore
831 1531 1004 1600 palam
1032 1527 1254 1587 foretur,
1283 1535 1407 1575 nunt
1436 1517 1528 1572 diu
1560 1530 1748 1584 super-

173 1645 280 1687 stes
303 1606 436 1685 erit?
460 1628 714 1683 Malorum
739 1632 925 1677 natura
950 1618 1071 1672 talis
1098 1624 1199 1677 est,
1230 1622 1293 1667 ut
1312 1610 1412 1664 nisi
1436 1606 1559 1663 boni
1590 1606 1747 1675 quid-

178 1725 311 1792 piam
337 1720 571 1782 habeant,
601 1728 751 1772 stare
781 1728 883 1768 non
910 1710 1150 1781 possint:
1181 1708 1259 1759 sic
1285 1703 1371 1758 illa
1402 1702 1641 1792 Deus,gut
1670 1696 1745 1751 illi

177 1790 372 1878 dicunt,
401 1810 694 1867 constituit.
721 1806 804 1862 Sit
827 1803 1018 1858 civitas
1046 1797 1411 1867 improborum
1441 1790 1743 1853 hominum,

177 1920 235 1956 an
265 1904 418 1957 stabit
455 1898 749 1971 umquam?
789 1897 948 1950 Stent
981 1890 1143 1957 mali,
1175 1903 1281 1941 non
1320 1888 1507 1940 contra
1537 1881 1740 1943 bonos,
1807 1934 1818 1945 ,

1212 2021 1393 2028 ._.——.——

181 2024 986 2048 ___________.—

172 2259 288 2313 Car.
340 2258 391 2311 Ι.
432 2272 484 2308 v.
517 2254 605 2309 12.
635 2251 777 2306 Tum:
817 2246 1007 2301 reversi
1043 2242 1258 2309 πίσειοῆ
1307 2235 1676 2304 Jerosolgmum
1712 2244 1747 2279 tt

232 2356 398 2401 monte
450 2346 538 2416 qui
559 2351 764 2397 vocatur
792 2338 1001 2401 Oliaeti,
1042 2334 1217 2404 quiest
1247 2332 1393 2398 iuxta
1434 2324 1740 2387 Jerusalem,

229 2439 428 2493 sabbati
473 2437 662 2488 habens
697 2436 809 2486 iter.

232 2533 284 2585 i.
323 2528 491 2593 Tunc,
536 2527 730 2596 inquit,
768 2522 941 2576 reversi
980 2530 1119 2574 sunt.
1150 2517 1320 2582 Tunc,
1363 2508 1745 2583 quandonam?

176 2624 449 2690 Postquam
510 2619 598 2673 illa
640 2613 944 2672 audierant.
997 2628 1104 2665 non
1138 2611 1279 2663 enim
1327 2607 1433 2660 alio
1484 2602 1644 2658 modo
1694 2601 1744 2655 id

176 2712 563 2773 stationis-ent,
619 2708 721 2761 nisi
774 2706 911 2760 alter
961 2703 1222 2755 adventus
1287 2698 1390 2752 illis
1450 2696 1745 2765 promissus

178 2803 375 2857 fuisset.
415 2801 633 2856 Videtur
676 2809 855 2852 autent
906 2794 1035 2848 mihi
1072 2792 1187 2847 hzrc
1230 2791 1282 2844 itt
1326 2788 1551 2844 sabbato
1597 2793 1745 2854 gesta

180 2894 359 2948 fuisse.
406 2892 609 2960 Alioqui
642 2906 749 2943 non
796 2887 1027 2955 Spatium
1067 2882 1275 2937 itineris
1317 2880 1396 2935 sic
1424 2877 1743 2938 indicasset,

181 2988 223 3038 Α
250 2996 413 3037 monte
448 2984 528 3053 qui
553 2983 735 3034 dicitur
781 2978 986 3042 Oliveti,
1014 2976 1100 3046 qui
1124 2983 1204 3027 est
1232 2974 1388 3042 juxta
1424 2968 1742 3028 Jerusalem,

182 3076 373 3129 sabbati
399 3075 574 3127 habens
598 3076 733 3136 iter;
766 3070 867 3124 nisi
918 3067 1283 3138 prmscriptum
1332 3056 1747 3115 fuissetitineris

186 3177 421 3244 spatium,
474 3171 609 3238 quod
664 3168 846 3238 peragi
886 3172 1078 3234 posset
1129 3163 1179 3215 in
1239 3159 1329 3213 die
1376 3154 1599 3211 sabbati.
1658 3152 1745 3244 15.

194 3242 250 3317 ει
286 3282 392 3317 cant
432 3264 736 3325 introissent,
794 3260 846 3311 in
897 3253 1207 3309 carunculam
1262 3248 1617 3310 ascenderunt,
1667 3242 1750 3296 ubi

194 3367 323 3412 erant
360 3363 713 3425 permanentes.
749 3351 889 3419 Ergo
919 3356 1037 3417 post
1066 3340 1509 3398 resurrectionem
1535 3336 1752 3391 ieroso-

197 3452 347 3518 lymis
373 3448 661 3499 manebant.
699 3441 900 3505 Petrus,
929 3448 975 3492 et
1002 3435 1239 3497 Iacobus,
1269 3442 1315 3486 et
1355 3430 1597 3485 Ioannes.
1635 3425 1749 3480 Non

190 3516 304 3607 jam
330 3538 417 3590 hic
442 3538 582 3589 solus
604 3550 717 3588 cum
739 3533 905 3586 fratre
930 3538 1268 3586 numeratur;
1315 3520 1407 3576 sed
1430 3530 1485 3574 et
1511 3516 1753 3572 Andreas

191 3646 308 3682 cum
342 3626 537 3689 Petro;
568 3633 613 3679 et
636 3625 877 3687 Andreas,
902 3619 1170 3686 Philippus
1200 3625 1245 3669 et
1278 3612 1517 3672 Thomas,
1543 3607 1756 3661 Bttrtlto-

191 3722 391 3773 [murras
421 3729 469 3770 et
500 3717 781 3776 lauimus,
816 3712 1037 3765 Iacobus
1066 3706 1283 3776 Alpluei,
1315 3712 1361 3756 et
1391 3702 1571 3757 Simon
1612 3697 1756 3750 Zelo-

192 3824 255 3865 τις
292 3824 339 3865 ει
382 3808 551 3863 ludas
601 3807 802 3861 Jacobi.
866 3804 1028 3858 Recte
1074 3798 1366 3867 discipulos
1416 3790 1750 3848 memoravit.

190 3906 307 3968 Quia
350 3904 495 3957 enim
532 3899 670 3953 alius
714 3895 965 3966 prodidit,
997 3892 1131 3945 alius
1158 3886 1405 3958 negavit‘
1427 3925 1442 3949 ,
1472 3884 1612 3936 alius
1646 3895 1753 3934 non

193 3994 441 4056 credidit;
493 3990 731 4045 declarat
775 4001 983 4047 omnes,
1036 3997 1144 4036 uno
1194 3985 1419 4046 excepto
1464 3975 1753 4043 proditore,

191 4088 351 4140 saltus
416 4085 601 4138 fuisse.
660 4081 751 4135 H.
826 4076 897 4131 Ili
957 4091 1127 4129 onmes
1184 4078 1330 4126 erant
1388 4076 1757 4138 perseverantes

193 4178 482 4229 unanimiter
509 4175 563 4226 in
588 4172 816 4225 oratione
838 4178 886 4221 et
923 4164 1273 4234 deprecatione
1307 4176 1423 4213 cum
1447 4158 1752 4211 mulieribus.

194 4266 357 4323 Recte.
404 4265 652 4336 “agnum
689 4262 829 4316 enint
872 4258 1042 4311 oratio
1079 4256 1241 4310 telunt
1282 4261 1364 4307 est
1405 4251 1457 4305 itt
1504 4248 1756 4303 tcntatio-

196 4360 353 4425 sibus,
380 4368 441 4413 et
460 4356 526 4411 ad
550 4356 655 4410 hoc
677 4368 707 4406 a
738 4351 989 4420 Magistro
1014 4362 1113 4401 suo
1132 4345 1262 4399 satis
1284 4342 1488 4397 fuerant
1510 4337 1756 4394 instituti.

198 4454 425 4524 Alioquin
455 4464 583 4506 vero
604 4461 842 4519 praesens
872 4440 1093 4497 tentatio
1133 4437 1200 4493 ad
1227 4437 1329 4491 hoc
1368 4435 1489 4489 illos
1510 4433 1756 4487 ducebat.

198 4521 412 4615 Ideoque
438 4537 745 4599 ascendunt
774 4537 826 4589 itt
863 4531 1230 4589 cenaculum:
1282 4525 1565 4581 admodqu
1617 4521 1758 4576 enim

196 4634 437 4686 timebant
463 4629 702 4684 Judtntts.
745 4625 869 4678 Cum
893 4620 1206 4675 mulieribus.
1248 4617 1366 4673 lam
1389 4618 1531 4671 enim
1553 4615 1763 4668 dixerat

196 4724 301 4778 illas
348 4724 533 4778 Iesum
583 4729 837 4787 sequutas
888 4714 1077 4768 fuisse.
1132 4709 1199 4764 Et
1231 4708 1587 4763 Mariamatre
1613 4704 1759 4765 Iesu,

200 4828 239 4867 rt
268 4836 370 4869 cui
400 4813 645 4886 fratribus
672 4813 782 4879 ejus
812 4807 986 4875 (Joatt.
1019 4804 1101 4860 l9.
1132 4804 1245 4871 26).
1290 4801 1566 4869 Quomodo
1585 4808 1762 4851 autem

202 4908 388 4958 «litium
413 4916 513 4969 est,
558 4900 879 4968 discipulum
912 4912 1028 4950 eam
1076 4904 1202 4949 tunc
1243 4893 1294 4946 in
1344 4906 1436 4943 sua
1456 4886 1763 4958 recepisse?

197 4994 308 5048 Sed
362 5011 472 5047 eunt
527 4997 909 5061 congregasset
958 4986 1077 5039 illos
1142 4982 1407 5042 Christus,
1461 4992 1584 5033 cum
1637 4975 1764 5046 ipsis

193 5089 393 5141 iterum
438 5086 515 5139 illa
570 5080 907 5138 versabatur.
964 5077 1025 5131 fit
1067 5093 1181 5128 cum
1226 5073 1469 5145 fratribus
1508 5072 1638 5139 ejus.
1692 5068 1766 5121 De

192 5178 253 5231 iis
302 5178 553 5247 loquitur,
594 5176 686 5245 qui
721 5176 867 5241 prius
916 5183 1019 5223 non
1057 5167 1346 5222 credebant
1385 5165 1436 5217 in
1482 5180 1622 5218 eum.
1676 5161 1762 5215 15.

192 5266 258 5319 ει
301 5270 355 5320 in
404 5267 579 5320 diebus
623 5263 748 5322 illis.
795 5276 1004 5330 surgens
1072 5257 1257 5311 Petrus
1306 5256 1359 5309 in
1403 5255 1566 5308 medio
1609 5251 1763 5305 disci-

191 5359 427 5426 ρίου-ιιι
476 5358 627 5410 dixit.
676 5353 875 5423 Utpote
923 5353 1154 5416 fervens,
1187 5349 1271 5403 cui
1310 5364 1439 5419 grex
1484 5364 1512 5399 ει
1554 5345 1768 5399 Christo

194 5516 271 5623 τῇς
308 5512 607 5577 Mida”
644 5510 864 5575 negavit,
898 5508 1077 5559 desunt
1113 5509 1163 5558 in
1207 5505 1493 5570 qnﬂmsdaut
1518 5498 1768 5563 exempla-

263 5589 339 5623 ιι.

263 5589 339 5628 Ι.

1862 247 1957 302 sed
1987 255 2173 302 contra
2212 246 2449 317 seipsos,
2483 258 2628 305 certe
2654 259 2798 308 stare
2825 263 3115 324 nequeunt.
3150 254 3277 314 Vere
3297 261 3453 316 stulti

1858 340 1982 409 facti
2008 348 2124 392 sunt
2142 380 2156 402 ,
2195 355 2311 393 cum
2349 339 2520 393 dicunt
2544 358 2599 394 se
2621 358 2730 396 esse
2750 346 2999 415 sapientes
3035 347 3209 410 (Rom.
3241 351 3294 404 ι.
3324 350 3437 420 2‘2),

1853 428 1906 481 Si
1950 444 2145 497 corpus
2176 431 2373 484 malum
2400 441 2515 493 est,
2560 432 2751 488 frustra
2780 436 2917 491 facta
2955 449 3079 494 sunt
3116 456 3294 496 omnia
3320 460 3440 514 quia

1852 522 2274 590 couSpiciuntu-r,
2306 540 2463 594 aqua,
2488 534 2626 579 terra
2650 568 2667 589 ,
2692 529 2794 595 sol,
2824 545 2938 584 aer.
2966 533 3097 587 Nam
3126 545 3179 588 et
3204 550 3297 590 aer
3319 552 3442 590 cor-

1856 626 1954 678 pus
1976 620 2059 666 est
2077 613 2115 677 ί,
2136 613 2344 667 etiamsi
2375 630 2479 668 non
2526 615 2750 671 densum
2768 627 2821 672 et
2859 622 3105 679 solidum.
3127 623 3437 694 Opportune

1852 718 1980 771 ergo
2024 704 2278 758 dicatur:
2332 704 2683 760 Narraveruttt
2732 709 2856 761 mihi
2900 712 3057 781 iniqui
3103 714 3439 782 fabulatioues

1854 791 2026 861 (Paul.
2060 795 2179 849 “8.
2207 796 2321 866 85).
2358 797 2553 852 Verum
2581 800 2695 854 haec
2723 817 2789 856 ne
2818 802 3128 871 toleremus,
3158 808 3252 861 sed
3281 824 3439 863 aures

1852 884 2053 938 abillis
2087 896 2413 941 avertamus.
2462 890 2556 943 Est
2595 892 2767 956 enim,
2809 903 2893 947 est
2936 896 3115 965 utique
3153 913 3437 967 corporum

1853 978 2195 1029 resurrectio.
2245 978 2359 1033 Hoc
2404 979 2641 1034 declarat
2694 984 3001 1049 sepulcrum
3047 986 3436 1059 Jerosolymis,

1855 1082 2062 1121 necnon
2092 1068 2314 1138 lignum,
2337 1072 2420 1123 cui
2446 1072 2541 1125 fuit
2567 1074 2836 1142 alligatus,
2874 1086 2929 1129 ut
2956 1076 3178 1147 ﬂagellis
3202 1081 3440 1135 medere-

1855 1165 1961 1209 tur.
1990 1156 2308 1213 Comedimus
2336 1161 2490 1222 enim,
2524 1162 2711 1231 inquit,
2740 1176 2786 1217 et
2808 1166 3020 1222 bibimus
3044 1186 3158 1222 cum
3182 1171 3272 1223 illo
3300 1168 3436 1242 (Act.

1854 1246 1940 1300 10.
1968 1247 2080 1316 Μ).
2107 1247 2405 1305 Credamus
2431 1267 2558 1321 ergo
2581 1258 2979 1323 resurrectioni,
3010 1269 3065 1315 et
3095 1277 3213 1329 qua:
3240 1262 3338 1315 hac
3358 1262 3441 1316 di-

1851 1351 1953 1404 gna
1985 1339 2092 1392 sint
2126 1356 2433 1408 operemur,
2471 1355 2527 1398 ut
2557 1345 2731 1400 futura
2762 1363 3155 1420 consequamur
3178 1354 3312 1408 bona
3333 1396 3348 1419 ,
3384 1356 3437 1409 itt

1853 1426 2064 1481 Christo
2088 1429 2215 1484 Jesu
2244 1432 2472 1488 Domino
2498 1448 2699 1501 nostro,
2732 1440 2949 1507 quicum
2976 1441 3119 1498 Patri
3144 1454 3197 1497 et
3218 1444 3437 1513 Spiritui

1851 1529 2039 1574 sancto
2068 1522 2258 1590 gloria.
2293 1525 2574 1594 imperium
2593 1570 2608 1593 ,
2639 1529 2832 1597 honor,
2868 1548 3010 1588 nunc
3038 1544 3092 1589 et
3120 1550 3351 1606 semper,
3380 1548 3437 1593 et

1853 1610 1907 1664 in
1936 1613 2129 1668 saecula
2152 1616 2490 1672 saeculorum.
2526 1622 2721 1675 Amen.

1920 1764 2138 1837 ignoret.
2178 1766 2381 1837 legituu
2405 1785 2549 1836 aqua,
2588 1781 2723 1825 terra
2739 1812 2753 1837 ,
2778 1776 2866 1837 sol,
2901 1776 3058 1829 homo.
3083 1789 3203 1832 Nam
3224 1787 3271 1833 et
3292 1783 3432 1835 homo

1850 1835 2024 1886 corpus
2041 1833 2111 1876 est
2130 1841 2150 1889 ;
2172 1830 2317 1880 male.

996 2018 1525 2033 —-——-—'E——__V
1551 2012 3406 2045 VMW

1518 2082 1861 2148 HOMILIA
1907 2083 2016 2144 ΙΙΙ.

1854 2232 2199 2287 concreditus
2223 2244 2361 2303 erat,
2390 2247 2550 2309 atque
2583 2251 2641 2295 ttt
2670 2243 2879 2314 primus
2906 2246 2958 2299 in
2985 2247 3174 2312 choro.
3226 2252 3430 2320 primus

1850 2333 2063 2391 semper
2098 2338 2403 2382 semionem
2450 2331 2657 2386 orditur
2692 2332 2843 2403 (Erat
2884 2347 3053 2391 autem
3092 2339 3237 2393 turba
3272 2344 3436 2394 Itami-

1850 2431 1973 2467 nunt
2025 2418 2179 2471 simul
2216 2419 2321 2487 fere
2363 2431 2560 2475 centum
2613 2425 2857 2494 viginti):
2906 2428 2993 2481 16.
3064 2428 3171 2483 Viri
3228 2436 3433 2502 fratres,

1851 2510 2110 2572 oportebat
2166 2510 2370 2579 impleri
2428 2512 2749 2585 Scriptttram
2797 2521 2950 2583 Itane,
2998 2538 3147 2589 quam
3200 2525 3438 2592 pra'dixit

1853 2597 2076 2667 Spiritus
2113 2612 2334 2655 sanctus.
2380 2603 2486 2657 Cur
2516 2622 2620 2659 non
2657 2609 2805 2662 solus
2834 2625 2862 2662 a
2904 2609 3118 2667 Christo
3167 2615 3340 2684 petiit,
3375 2626 3433 2669 ut

1854 2690 1952 2743 sibi
1998 2689 2152 2743 daret
2180 2691 2409 2760 aliquem
2446 2695 2498 2747 iit
2552 2696 2725 2751 locum
2771 2698 2959 2753 Jndzc?
3001 2717 3096 2755 cur
3149 2704 3273 2758 item
3321 2722 3428 2760 non

1854 2796 1949 2848 per
1990 2783 2196 2850 seipsos
2231 2782 2550 2838 electionem
2583 2786 2824 2841 faciunt?
2866 2789 2982 2843 Jam
3029 2792 3217 2847 Petrus
3258 2797 3437 2863 seipse

1855 2872 2046 2925 melior
2076 2873 2243 2927 lactus
2268 2882 2405 2928 erat.
2441 2875 2529 2929 Sic
2559 2890 2689 2945 ergo
2714 2876 2779 2929 ad
2814 2879 3045 2945 priorem
3081 2886 3431 2950 qmestionent

1855 2968 2322 3035 respondendum:
2372 2986 2470 3025 cur
2507 2983 2685 3027 autem
2725 2988 2831 3028 non
2861 2976 3197 3044 simpliciter,
3230 2979 3324 3032 sed
3367 2995 3434 3033 cx

1856 3060 2182 3115 revelatione
2211 3061 2462 3117 choreum
2494 3064 2704 3134 impleri
2738 3069 3077 3137 postularim,
3125 3069 3259 3123 duas
3306 3086 3434 3124 catt-

1855 3164 1944 3205 sas
1968 3151 2273 3206 all'eremus.
2304 3153 2477 3208 Prima
2507 3166 2606 3219 est,
2641 3157 2783 3227 quod
2814 3160 2934 3213 aliis
2964 3159 3124 3214 rebus
3158 3161 3434 3215 incumbe-

1857 3254 1998 3310 rent;
2018 3246 2271 3313 sccunda,
2294 3249 2435 3317 quod
2458 3248 2559 3303 hoc
2576 3251 2863 3305 maximum
2883 3262 3023 3307 esset
3042 3263 3434 3323 argumentum,

1856 3335 2126 3392 Christum
2170 3339 2276 3394 illis
2318 3340 2527 3396 adesse.
2588 3340 2653 3397 Ut
2703 3343 2845 3397 enim
2889 3358 3125 3413 praesens
3173 3345 3431 3415 eligebat,

1859 3427 1929 3481 ita
1980 3438 2033 3483 et
2096 3429 2310 3484 absens.
2367 3431 2477 3485 Nec
2550 3447 2732 3502 parum
2779 3433 2831 3487 id
2885 3433 2951 3488 ad
3018 3436 3437 3491 consolationem

1858 3520 2185 3575 eonferebat.
2235 3520 2370 3577 Vide
2410 3532 2589 3577 autem
2620 3524 2889 3594 quomodo
2916 3524 3107 3581 Petrus
3135 3528 3312 3581 omnia
3363 3544 3428 3583 ex

1857 3612 2129 3666 cmnmuni
2187 3614 2450 3667 sententia
2479 3612 2657 3677 faciat,
2699 3614 2938 3684 nihilque
2959 3631 3081 3670 cum
3110 3619 3432 3673 auctoritate

1859 3703 1941 3756 vel
1982 3717 2101 3756 cum
2169 3703 2413 3773 imperio.
2480 3704 2663 3773 Neque
2712 3706 3025 3776 simpliciter
3070 3708 3236 3763 dixit:
3299 3708 3443 3763 Loco

1859 3792 2010 3846 Juda:
2045 3794 2185 3846 hunc
2231 3794 2495 3862 eligimus;
2543 3795 2637 3849 sed
2670 3798 2953 3850 consolans
2985 3798 3105 3851 illos
3152 3814 3315 3867 super
3351 3815 3441 3862 eo,

1860 3882 2000 3953 quod
2050 3882 2336 3945 acciderat,
2371 3884 2491 3937 vide
2528 3886 2796 3953 quomodo
2823 3901 3125 3941 sermonem
3157 3898 3439 3957 temperet.

1861 3974 2043 4044 Neque
2064 3974 2204 4029 enim
2225 3975 2428 4029 facinus
2452 3976 2577 4030 illud
2595 3989 2808 4044 parvam
2833 3977 2936 4028 illis
2953 3979 3440 4031 consternationem

1863 4066 2135 4130 attulerat;
2167 4074 2219 4119 et
2244 4080 2311 4120 ne
2342 4065 2570 4120 mireris.
2604 4064 2733 4118 Nam
2762 4066 2804 4118 si
2841 4064 2967 4119 illud
3001 4065 3264 4133 hodieque
3287 4066 3439 4119 multi

1864 4164 2101 4221 versant,
2145 4154 2271 4226 quid
2323 4166 2448 4210 tunc
2502 4155 2606 4210 illis
2650 4155 2911 4209 accidisse
2961 4154 3297 4225 putandum?
3332 4153 3445 4209 Viri

1864 4254 2067 4319 fratres,
2120 4247 2310 4318 inquit.
2357 4247 2414 4303 Si
2463 4248 2717 4302 Dominus
2750 4247 2870 4302 illos
2915 4247 3107 4302 fratres
3134 4246 3444 4316 appellavit,

1866 4343 2032 4395 multo
2080 4341 2246 4410 magis
2296 4340 2412 4395 hic:
2465 4339 2585 4394 ideo
2633 4340 2987 4409 praesentibus
3043 4340 3315 4405 omnibus,
3369 4341 3449 4397 sio

1865 4437 1985 4489 illos
2010 4433 2221 4488 affatur.
2266 4431 2405 4489 Ecce
2450 4431 2701 4486 Ecclesia:
2727 4431 3038 4500 dignitatem
3068 4439 3122 4485 et
3149 4431 3447 4499 angelicum

1867 4538 2084 4587 statum.
2128 4526 2315 4581 Nullus
2365 4534 2482 4579 erat
2514 4523 2584 4579 ibi
2613 4523 2681 4578 ab
2718 4523 2835 4577 aliis
2877 4522 3139 4588 divulsus,
3174 4539 3278 4577 non
3311 4538 3445 4590 mas,

1867 4636 1973 4673 non
2004 4618 2219 4673 femina.
2277 4617 2432 4671 Tales
2461 4630 2601 4669 nunc
2644 4615 2802 4669 etiam
2860 4613 3126 4669 Ecclesias
3152 4627 3270 4668 esse
3301 4613 3447 4668 volo.

1866 4713 2033 4767 Nemo
2078 4710 2146 4765 ibi
2194 4711 2447 4764 smculare
2490 4707 2758 4777 quidpiam
2795 4708 3054 4771 curabat;
3104 4707 3281 4760 nullus
3330 4716 3447 4761 erat

1867 4803 1934 4859 de
1990 4821 2049 4858 re
2093 4802 2383 4857 domestica
2429 4798 2711 4854 sollicitus.
2763 4796 2990 4851 Tantum
3048 4797 3170 4851 boni
3219 4796 3448 4851 afferunt

1871 4896 2209 4960 tentationes,
2274 4902 2476 4947 tantum
2544 4908 2815 4947 :erumma:
2864 4892 3090 4944 lucrum.
3169 4886 3448 4956 Oportebat

1870 4990 2070 5058 impleri
2140 4988 2457 5056 Scripturam
2508 4985 2655 5047 hanc,
2702 4998 2853 5048 quam
2914 4979 3147 5051 pra’dixit
3223 4976 3449 5046 Spiritus

1870 5092 2093 5137 sanctus.
2124 5081 2349 5149 Semper
2399 5078 2705 5133 consolatur
2753 5088 2847 5128 eos
2891 5088 2918 5125 a
2951 5070 3314 5141 prtedictione.
3359 5067 3451 5127 Sio

1871 5174 2030 5229 etiam
2081 5172 2323 5227 Christus
2369 5168 2565 5236 ubique
2596 5164 2738 5220 facit.
2803 5163 3109 5230 Eodemque
3158 5161 3318 5217 modo
3362 5161 3449 5217 hic

1871 5265 2106 5321 ostendit
2143 5263 2274 5318 niltil
2313 5258 2632 5328 stupendum
2664 5254 2944 5322 accidisse,
3000 5254 3091 5310 sed
3144 5253 3285 5324 quod
3335 5252 3447 5321 jam

1876 5357 2182 5431 praedictum
2232 5353 2423 5407 fuerat.
2469 5350 2761 5421 Oportebat,
2811 5349 3001 5419 inquit,
3051 5346 3250 5416 impleri
3305 5343 3452 5397 Scri-

1872 5463 2075 5522 ptaram
2120 5447 2275 5510 Itane,
2300 5458 2451 5514 quant
2490 5440 2725 5513 prtedixit
2766 5437 2990 5509 Spiritus
3031 5445 3235 5491 sanctus
3279 5445 3362 5499 per
3389 5444 3450 5487 os

1882 5540 2061 5597 David.
2092 5538 2205 5595 Non
2245 5542 2356 5601 ait:
2387 5534 2552 5592 David
2581 5532 2738 5597 dixit,
2782 5528 2899 5596 sed,
2924 5526 3153 5605 Spiritus
3178 5536 3274 5593 per
3298 5530 3444 5575 euut-
