4040 6212
549 241 618 297 55
1221 230 1280 285 s.
1318 225 1601 284 JOANNIS
1635 218 2122 279 CHRYSOSTOMI
2160 224 2477 280 ARCllIEP.
2518 224 3049 284 CONSTANTINOP.
3732 243 3801 297 δα

550 355 677 410 vide
699 352 883 409 statim
908 349 965 405 in
1008 345 1234 405 exordio
1276 344 1425 409 libri,
1457 357 1564 413 qua
1612 348 1798 393 utatur
1845 338 2118 392 doctrina.

550 446 747 502 Cernis
778 458 908 499 vero
937 456 1025 496 me
1058 455 1165 494 non
1197 437 1316 493 sine
1345 448 1513 490 causa
1549 433 1603 485 in
1628 430 1900 500 principio
1940 428 2125 497 Operis

552 537 781 600 dixisse,
818 534 966 589 hunc
997 532 1194 586 librum
1222 541 1344 582 esse
1392 524 1631 593 Spiritus
1674 522 1850 579 sancti
1902 519 2113 575 institu-

553 639 689 683 tum.
714 629 888 693 Quam
917 625 1181 696 pra'dixit,
1213 620 1410 691 inquit,
1448 617 1681 686 Spiritus
1708 625 1923 668 sanctus
1950 627 2041 678 per
2069 628 2126 665 os

552 719 745 774 David.
774 720 1175 779 Animadverte,
1228 711 1508 783 quomodo
1535 711 1857 780 praphetam
1894 706 1999 762 sibi
2036 722 2129 761 ac-

550 800 879 863 commodet,
932 799 1206 867 ipsumque
1254 797 1306 849 in
1352 795 1583 849 medimn
1633 794 1893 857 adducat;
1951 795 2127 848 sciens

550 890 679 959 ipsis
692 891 818 944 utile
838 890 970 950 fore,
990 887 1128 956 quod
1151 887 1266 942 hmc
1280 902 1312 940 a
1332 886 1545 950 Davide,
1562 900 1666 939 non
1689 885 1757 939 ab
1774 885 1879 938 alio
1894 883 2126 953 prophe-

552 990 601 1032 ta
619 980 757 1033 dicta
772 981 896 1032 sint.
930 978 1002 1029 De
1025 977 1186 1043 Juda,
1211 978 1400 1046 inquit,
1416 978 1500 1041 qui
1516 978 1612 1047 fuit
1633 976 1757 1029 dum.
1778 976 1876 1029 Hic
1894 990 2125 1045 perpen-

550 1067 618 1123 de
660 1068 758 1121 viri
802 1067 1210 1137 philosophiam.
1240 1066 1353 1120 Non
1406 1066 1783 1120 contumeliam
1823 1064 1971 1130 dicit,
2020 1080 2126 1118 non

551 1161 791 1222 insultat,
828 1175 927 1213 nec
965 1168 1121 1213 vocat
1158 1160 1443 1212 scelestum
1480 1167 1567 1211 aut
1593 1156 1998 1219 exsecrandum;
2032 1156 2127 1210 sed

546 1267 661 1305 rem
683 1251 993 1319 simpliciter
1011 1259 1211 1314 narrat,
1236 1265 1333 1303 nec
1354 1260 1504 1303 vocat
1522 1264 1644 1302 eum
1664 1248 2008 1317 proditorem;
2032 1249 2123 1305 sed

546 1343 597 1396 iu
628 1343 761 1394 alios
782 1344 983 1397 crimen
1009 1343 1289 1410 detorquet
1318 1351 1573 1408 quantum
1618 1348 1811 1409 potest.
1846 1341 1921 1392 Ac
1951 1354 2124 1409 neque

544 1434 663 1488 illos
684 1434 1029 1489 vehementer
1046 1433 1296 1502 exagitat.
1319 1433 1417 1499 Qui
1448 1433 1560 1497 fuit,
1584 1432 1771 1501 inquit,
1794 1431 1902 1484 dua:
1928 1448 2121 1497 eorum,

543 1525 629 1593 qui
657 1524 1136 1592 comprehenderunt
1162 1522 1356 1576 Jesum.
1384 1526 1461 1576 Ac
1490 1524 1795 1591 priusquam
1819 1520 1980 1587 dicat,
2034 1521 2124 1574 ubi

546 1617 645 1670 hoc
668 1616 973 1685 prmdixerit
1005 1613 1187 1678 David,
1210 1623 1521 1682 narratqum
1543 1612 1726 1667 fecerit
1743 1611 1926 1675 Judas,
1964 1620 2021 1664 ut
2058 1626 2124 1665 ex

546 1704 896 1773 pra-sentibus
936 1703 1110 1757 futura
1154 1702 1381 1766 indicet,
1431 1701 1781 1771 ostendatque
1817 1701 1989 1770 ipsum
2013 1700 2121 1768 jam

544 1809 728 1864 poenas
768 1792 1001 1847 dedisse.
1031 1794 1118 1847 l7.
1161 1792 1261 1858 Qui
1299 1802 1684 1845 connumeratus
1712 1799 1819 1844 erat
1857 1790 1909 1842 in
1949 1790 2117 1855 nobis,

541 1894 585 1938 et
609 1885 811 1939 sortitus
835 1894 907 1937 est
928 1892 1109 1937 sortem
1130 1883 1392 1936 ministerii
1422 1883 1590 1951 hujus.
1614 1880 1703 1936 18.
1738 1879 1801 1933 Ει
1824 1880 1902 1933 hic
1922 1880 2120 1949 quidem

546 1976 766 2045 possedit
793 1992 971 2047 agrum
998 1977 1060 2029 de
1086 1976 1311 2028 mercede
1334 1975 1630 2044 iniquitatis.
1660 1973 1913 2026 Moralem
1945 1970 2122 2025 reddit

542 2081 838 2120 sermonem
864 2105 881 2131 ,
912 2076 966 2118 et
988 2065 1216 2119 latenter
1242 2064 1538 2120 subindicat
1564 2104 1579 2128 ,
1611 2079 1723 2117 rem
1754 2078 1873 2117 esse
1898 2062 1962 2116 ad
1994 2078 2118 2117 cor-

543 2157 833 2226 reptioncm
890 2165 1090 2224 aptam.
1140 2153 1256 2208 Non
1319 2154 1451 2208 dicit
1494 2153 1743 2217 Judams,
1802 2152 1896 2206 sed
1949 2153 2118 2221 ipsum

544 2244 841 2311 possedisse
885 2258 1095 2313 agrum.
1139 2244 1271 2310 Quia
1320 2243 1463 2297 enim
1516 2241 1900 2296 imbecillorum
1951 2241 2116 2295 animi

538 2348 642 2386 non
677 2334 743 2385 ita
776 2332 954 2386 futura
982 2342 1037 2385 ut
1068 2332 1346 2400 praesentia
1379 2330 1707 2399 perSpiciunt
1726 2371 1740 2393 ,
1770 2329 1837 2384 de
1866 2330 2116 2397 praesenti

540 2421 743 2474 ultione
789 2421 1037 2489 loquitur.
1072 2419 1135 2471 Et
1165 2435 1435 2487 suspensus
1464 2421 1654 2487 crepuit
1697 2420 1909 2471 medius.
1954 2421 2118 2474 Recte

537 2525 643 2563 non
672 2509 724 2562 in
750 2517 969 2578 peccato
989 2549 1004 2573 ,
1032 2508 1124 2562 sed
1150 2509 1200 2561 in
1227 2509 1423 2561 ultione
1449 2508 1661 2561 insistit.
1692 2507 1760 2559 Et
1784 2508 1943 2572 e/I'usa
1968 2517 2112 2573 sunt,

537 2596 744 2669 inquit,
776 2599 945 2651 omnia
986 2600 1173 2651 viscera
1219 2598 1348 2666 ejus.
1382 2597 1494 2651 Hoc
1544 2597 1648 2651 illis
1695 2598 2115 2652 consolationem

534 2687 808 2742 alferebat.
841 2687 928 2742 I9.
968 2687 1031 2740 Et
1058 2696 1229 2740 notum
1279 2689 1470 2755 factum
1515 2694 1588 2738 est
1614 2685 1842 2738 omnibus
1882 2685 2118 2739 habitan-

544 2780 677 2833 tibus
705 2777 1025 2843 Jerusalem,
1081 2778 1152 2830 ita
1195 2787 1249 2829 ut
1289 2777 1633 2846 appellaretur
1671 2792 1791 2846 ager
1832 2775 1919 2829 ille
1942 2775 2120 2846 lingua

534 2885 707 2924 eorum
733 2868 1006 2921 Aceldama
1024 2908 1036 2931 ,
1067 2867 1162 2919 hoc
1185 2878 1287 2933 est,
1314 2882 1435 2935 ager
1461 2862 1745 2936 sanguinis.

604 2961 659 3015 2.
706 2959 875 3015 Judaei
916 2974 1042 3028 ergo
1082 2959 1182 3013 hoc
1224 2973 1415 3012 nomen
1458 2971 1585 3026 agro
1621 2957 1855 3022 dedere,
1898 2973 2006 3013 non
2047 2958 2119 3013 ob

537 3067 725 3122 agrum
773 3052 979 3120 ipsum,
1018 3049 1111 3103 sed
1142 3049 1212 3105 ob
1234 3048 1426 3103 'Jndam
1462 3065 1475 3100 :
1509 3064 1631 3101 nam
1671 3048 1716 3102 is
1758 3062 1887 3115 agro
1924 3062 2117 3102 nomen

538 3130 847 3196 indidit.'Et
877 3150 1037 3196 testes
1064 3138 1220 3191 aﬂert
1248 3138 1490 3191 inimicos
1517 3154 1530 3191 :
1562 3137 1612 3191 id
1652 3139 1794 3190 enim
1823 3138 2114 3205 signiﬁcat,

537 3247 661 3287 cum
688 3231 815 3284 dicit
838 3271 852 3296 ,
896 3230 1039 3298 ipsos
1061 3228 1432 3296 appellavisse,
1470 3235 1526 3281 et
1564 3240 1683 3281 cum
1710 3226 1888 3292 addit,
1918 3225 2117 3297 Lingua

534 3339 727 3377 eorum.
760 3320 959 3374 Deinde
983 3328 1102 3388 post
1125 3328 1395 3385 eventum,
1420 3318 1660 3386 apposite
1685 3317 1996 3387 prophetam
2023 3317 2117 3370 ad-

534 3412 680 3465 ducit
707 3410 888 3464 dicens
919 3427 931 3463 :
963 3408 1053 3464 20.
1085 3408 1347 3476 Scriptum
1373 3418 1443 3461 est
1470 3408 1601 3461 enim
1630 3407 1681 3460 in
1720 3408 1846 3461 libro
1882 3406 2116 3461 Psalmo-

533 3516 647 3553 rum
669 3516 687 3553 :
724 3498 838 3551 Fiat
865 3499 1190 3555 commoratio
1231 3513 1403 3550 eorum
1442 3497 1668 3562 deserta,
1709 3507 1754 3549 et
1795 3514 1895 3549 non
1934 3498 1995 3549 sit
2030 3498 2116 3566 qui

534 3589 771 3642 inhabitet
796 3590 848 3641 in
870 3605 928 3641 ea
956 3586 1124 3659 (Psal.
1155 3587 1241 3643 68.
1273 3586 1388 3656 26).
1413 3586 1526 3640 IIoc
1547 3586 1614 3640 de
1639 3602 1766 3656 agro
1788 3596 1841 3641 et
1864 3587 1931 3640 de
1955 3586 2116 3640 domo

538 3681 752 3736 dicitur.
786 3679 854 3733 Et
900 3680 1238 3749 episcopatum
1263 3680 1373 3747 ejus
1410 3678 1625 3745 accipiat
1655 3676 1818 3743 alter;
1861 3676 1959 3731 hoc
2002 3686 2111 3745 est,

538 3770 890 3839 principatum
911 3809 926 3833 ,
951 3766 1323 3821 sacerdotium.
1350 3765 1524 3834 Itaque
1546 3765 1662 3820 hmo
1687 3782 1790 3819 non
1814 3781 1933 3820 tneo
1961 3765 2112 3832 tium,

534 3858 627 3913 sed
654 3859 790 3926 ejus,
810 3858 898 3925 qui
923 3858 1033 3910 luce
1051 3855 1311 3925 prtedixit,
1334 3856 1576 3909 consilio.
1599 3855 1673 3909 Ne
1691 3856 1957 3909 videretur
1972 3856 2115 3910 enim

539 3962 783 4016 magnam
812 3960 922 4001 rem
952 3945 1193 4015 aggredi,
1226 3954 1279 3999 et
1303 3944 1513 4014 qualem
1541 3943 1784 3998 Christus
1813 3944 1925 4012 ipse
1961 3945 2116 3998 fecis-

538 4047 644 4103 set,
674 4035 981 4105 prophetam
1028 4043 1217 4088 testem
1243 4033 1477 4088 adhibet.
1503 4033 1595 4088 2I.
1630 4032 1839 4101 Oportet
1863 4050 2000 4104 ergo,
2029 4034 2113 4087 in-

539 4128 681 4196 quit,
710 4141 773 4179 ea:
795 4126 871 4178 his
894 4125 1032 4189 viris,
1060 4125 1144 4194 qui
1170 4126 1424 4177 nobiscum
1449 4132 1565 4177 sunt
1590 4123 1874 4193 congregati
1899 4124 1950 4175 in
1979 4124 2115 4176 omni

541 4226 780 4284 tempore.
813 4213 919 4268 Cur
946 4229 1065 4268 cum
1098 4214 1204 4267 illis
1229 4213 1332 4267 hoc
1355 4212 1750 4266 communicat?
1792 4211 1857 4266 Ut
1889 4227 1956 4266 ne
1976 4216 2114 4265 'con-

535 4308 713 4367 lentio,
730 4306 827 4356 hac
852 4305 917 4355 de
944 4318 1001 4355 re
1026 4303 1277 4364 oriretur,
1303 4311 1357 4354 et
1384 4316 1451 4354 ne
1471 4310 1656 4353 mutuo
1674 4301 1956 4369 litigarem.
1983 4300 2114 4355 Nam

533 4394 578 4446 si
626 4393 675 4445 id
719 4391 846 4458 ipsis
890 4389 1117 4452 accidit,
1162 4390 1330 4443 multo
1370 4389 1539 4457 magis
1578 4388 1684 4442 illis
1709 4389 1987 4444 accidisset
2015 4388 2113 4461 (a).

536 4481 647 4534 Iloc
674 4493 799 4533 vero
827 4492 1039 4545 semper
1070 4478 1294 4531 devitat.
1328 4478 1451 4531 Ideo
1482 4481 1533 4531 in
1576 4479 1834 4548 principio
1865 4479 2111 4549 dicebat,

547 4569 653 4623 Viri
681 4573 881 4638 fratres,
925 4576 1117 4635 oportet
1158 4568 1336 4637 eligere
1372 4584 1434 4621 ea:
1461 4567 1620 4621 nobis.
1651 4569 1964 4623 Multitudini
1992 4586 2115 4639 pcr-

541 4659 701 4713 tnittit
723 4655 1001 4726 judicium,
1033 4656 1189 4710 simul
1214 4671 1328 4722 cos,
1359 4657 1447 4725 qui
1474 4657 1824 4726 eligebantur,
1854 4674 2112 4713 veneran-

534 4747 633 4802 dos
658 4745 908 4810 reddens,
939 4760 1105 4815 seque
1135 4746 1370 4799 liberans
1394 4746 1460 4800 ab
1485 4745 1701 4809 invidia,
1732 4763 1850 4816 qua:
1888 4748 2114 4802 suboriri

540 4845 768 4908 poterat.
798 4834 927 4890 Nam
960 4835 1072 4890 haec
1111 4852 1298 4905 magna
1339 4851 1482 4906 saepe
1518 4837 1694 4891 solent
1733 4852 1919 4905 parere
1956 4840 2111 4893 mala.

539 4926 691 4993 Quod
719 4926 878 4996 igitur
907 4928 984 4981 sic
1012 4926 1125 4980 ﬁeri
1154 4934 1418 4994 oporteat,
1466 4926 1778 4996 prophetam
1803 4928 2015 4983 adducit
2041 4938 2119 4984 te-

539 5026 710 5071 stem:
740 5032 803 5070 ex
835 5016 1026 5087 quibus
1050 5030 1176 5070 vero
1196 5016 1507 5070 electionem
1522 5014 1635 5070 fieri
1660 5025 1921 5085 oporteat,
1949 5018 2115 5072 inter-

542 5116 779 5177 pretatur
807 5110 915 5177 ipse
951 5108 1152 5172 dicens,
1186 5107 1267 5161 Ea:
1293 5108 1374 5174 iis,
1416 5109 1502 5176 qui
1539 5109 1792 5161 nobiscum
1832 5110 2118 5179 congregati

544 5206 683 5260 sunt,
710 5197 762 5249 iu
788 5201 923 5251 omni
949 5210 1186 5268 tempore.
1211 5200 1266 5254 Si
1299 5200 1437 5253 enim
1460 5198 1714 5264 dixisset,
1740 5199 1933 5269 Dignos
1959 5216 2119 5270 opor-

547 5296 623 5339 tet
642 5285 849 5346 adesse.
872 5299 1093 5341 ca-teros
1114 5287 1377 5343 affecisset
1402 5291 1743 5345 contumelia.
1769 5289 1918 5345 Nunc
1941 5300 2116 5344 autem

545 5375 769 5443 tempori
814 5391 924 5428 rem
968 5377 1272 5441 commisit;
1321 5394 1417 5431 nec
1457 5379 1588 5433 dixit
1628 5378 1959 5449 simpliciter,
2020 5377 2121 5442 Qui

607 5485 681 5548 (α)
720 5484 774 5533 Id
796 5492 884 5549 est
907 5488 977 5543 ,εἰ
998 5486 1227 5549 apostolis
1251 5487 1419 5536 accidit
1437 5493 1490 5536 ut
1511 5487 1575 5537 de
1600 5491 1804 5549 primatu
1844 5486 2117 5549 contende-

546 5546 692 5618 rent;
712 5546 1041 5618 multomagis
1056 5546 1358 5618 acciderepo
1369 5557 1376 5567 '
1387 5556 1491 5618 erat
1507 5546 1702 5618 ._ut'qui
1727 5548 1946 5611 eligendi
1971 5555 2114 5598 erant

541 5610 590 5659 iu
611 5608 773 5658 locum
792 5608 947 5671 ludas,
966 5607 1093 5659 inter
1109 5619 1167 5657 se
1188 5607 1562 5657 contenderent.

2231 345 2517 413 congregati
2542 353 2677 410 sunt,
2705 345 2798 399 sed
2827 345 3057 411 addidit,
3088 345 3153 400 In
3183 350 3317 402 omni
3341 360 3580 421 tempore,
3600 369 3706 423 quo
3731 354 3808 407 in-

2226 433 2373 485 travit
2403 443 2448 486 et
2474 434 2624 487 exivit
2651 436 2783 489 inter
2806 452 2896 489 uos
2923 435 3173 491 Dominus
3195 437 3363 506 Jesus,
3390 441 3479 495 22.
3510 443 3754 511 incipiens
3780 460 3810 495 a
3834 496 3835 501 η

2226 520 2520 588 baptismate
2544 523 2775 590 Joannis,
2806 542 2958 596 usque
2992 528 3043 580 in
3070 528 3201 581 diem
3228 545 3325 596 qua
3350 542 3737 601 assumptusest
3779 551 3811 584 a

2228 614 2387 675 nobis,
2418 624 2587 668 testem
2617 618 2992 670 resurrectionis
3021 619 3128 687 ejus
3156 620 3411 672 nobiscum
3436 621 3545 687 ﬁeri
3571 638 3728 674 unum
3749 639 3812 676 ex

2229 703 2356 760 istis.
2387 705 2466 758 Ad
2492 706 2617 775 quid
2644 707 2814 761 illud?
2843 707 2920 763 Ne
2944 708 3141 763 chorus
3166 723 3390 763 numero
3418 718 3691 765 truncatus
3719 727 3805 766 es-

2229 804 2330 848 set.
2356 796 2491 863 Quid
2514 797 2681 866 ergo?
2702 814 2767 851 an
2793 799 3005 852 Petrum
3038 799 3210 867 ipsum
3231 800 3428 869 eligere
3453 815 3558 854 non
3580 799 3811 857 licebat?

2230 883 2447 939 Licebat
2474 887 2655 956 utique
2680 904 2693 952 ;
2723 887 2817 942 sed
2848 904 2915 942 ne
2943 888 3211 942 videretur
3249 889 3313 942 ad
3342 890 3563 958 gratiam
3595 890 3768 946 facere
3788 933 3804 957 ,

2229 975 2478 1030 abstinet.
2522 977 2768 1047 Alioquin
2816 993 2943 1031 vero
2988 978 3222 1032 nonduin
3271 979 3498 1047 Spiritus
3547 983 3807 1053 particeps

2231 1066 2486 1133 erat.,25.
2516 1065 2583 1119 Et
2609 1076 2917 1132 statuerunt,
2949 1068 3151 1137 inquit,
3184 1068 3333 1133 duos,
3364 1068 3577 1139 Josep/t,
3620 1071 3705 1139 qui
3731 1086 3810 1123 vo-

2229 1158 2725 1236 cabatur‘Barsabas,
2757 1160 2838 1226 qui
2868 1161 3249 1228 cognominatus
3275 1171 3346 1213 est
3372 1160 3571 1225 Justus,
3594 1173 3641 1214 et
3680 1162 3809 1215 Mat-

2230 1249 2409 1301 thiam.
2435 1248 2548 1301 Non
2590 1249 2701 1317 ipse
2741 1249 2859 1302 illos
2890 1249 3072 1301 statuit
3097 1289 3112 1314 ,
3156 1249 3249 1303 sed
3280 1264 3485 1304 omnes.
3515 1250 3807 1305 Consilium

2230 1355 2356 1394 vero
2382 1341 2493 1408 ipse
2519 1341 2757 1409 protulit,
2787 1339 3075 1411 ostendens
3103 1356 3210 1394 non
3235 1356 3387 1394 suum
3413 1355 3553 1407 esse,
3577 1340 3669 1395 sed
3692 1342 3807 1409 jam

2228 1433 2354 1485 olim
2387 1434 2437 1485 in
2470 1432 2742 1499 pr0phetia
2772 1432 2970 1521 etferri.
2992 1416 3184 1517 itaque
3229 1434 3492 1504 interpres
3519 1433 3617 1488 fuit
3638 1476 3653 1499 ,
3697 1450 3805 1487 non

2228 1530 2537 1590 praeceptor.
2563 1520 2754 1590 Joseplt
2780 1524 2865 1591 qui
2900 1516 3166 1576 uocabatur
3202 1522 3473 1590 Barsalms,
3500 1524 3587 1591 qui
3613 1540 3806 1594 cogno-

2227 1612 2444 1665 minatus
2498 1623 2571 1665 est
2621 1612 2821 1665 Justus.
2868 1612 3029 1667 Forte
3071 1612 3211 1681 quod
3245 1614 3424 1682 plures
3462 1616 3811 1683 cognomines

2225 1711 2419 1765 essent,
2448 1711 2728 1770 utrumque
2755 1703 2932 1771 posuit
2954 1720 2967 1755 :
2993 1717 3113 1756 nam
3140 1702 3280 1757 inter
3301 1704 3568 1773 apostolos
3594 1721 3808 1776 quoque

2225 1793 2523 1861 complures
2547 1802 2702 1847 erant
2737 1794 3104 1861 cognomines,
3134 1793 3365 1847 Jacobus
3407 1794 3649 1849 Zcbedazi
3668 1837 3682 1861 ,
3708 1796 3804 1850 Ja-

2223 1883 2388 1937 cubus
2416 1882 2619 1951 Alphazi
2637 1923 2652 1945 ,
2685 1882 2868 1937 Simon
2898 1883 3087 1937 Petrus
3106 1922 3120 1944 ,
3147 1882 3330 1937 Simon
3359 1882 3573 1938 Zelotcs
3593 1924 3607 1947 ,
3640 1884 3805 1940 Judas

2222 1973 2425 2038 Jacobi,
2453 1983 2508 2028 et
2532 1973 2695 2027 Judas
2724 1974 3021 2027 Iscariotes.
3049 1974 3295 2042 Alioquin
3323 1989 3449 2027 vero
3477 1983 3677 2043 poterat
3715 1992 3803 2044 ap-

2225 2066 2435 2133 pellatio
2463 2080 2582 2120 esse
2605 2066 2690 2119 vel
2718 2080 2786 2119 ex
2816 2066 2939 2118 vita:
2960 2065 3271 2124 mutatione,
3302 2064 3380 2118 vel
3420 2080 3484 2118 ex
3515 2065 3679 2134 ipsius
3710 2082 3806 2118 vo-

2224 2158 2444 2211 luntate.
2480 2175 2499 2207 ι
2518 2157 2847 2221 Statuerunt,
2871 2174 2891 2207 ι
2916 2156 3101 2225 inquit,
3127 2174 3145 2206 ε
3171 2155 3388 2223 Joseph,
3407 2156 3496 2225 qui
3520 2156 3805 2209 vocabatur

2222 2248 2482 2302 Barsabas
2502 2290 2518 2315 ,
2545 2249 2632 2317 qui
2660 2247 3064 2316 cognominatus
3083 2254 3165 2299 est
3188 2246 3390 2311 Justus,
3422 2254 3477 2300 et
3500 2246 3798 2300 Matthiam.

2220 2339 2310 2393 24.
2341 2357 2359 2391 ι
2390 2339 2458 2393 Ει
2478 2347 2694 2392 orantes
2713 2338 2963 2393 dixerunt
2988 2354 3002 2389 :
3027 2337 3126 2403 Tu,
3156 2336 3401 2402 Domine,
3419 2335 3686 2404 quicorda
3710 2351 3809 2388 uo-

2220 2431 2288 2484 sti
2324 2429 2556 2485 onmium
2581 2469 2599 2495 ,
2642 2428 2866 2482 ostende
2908 2442 3065 2496 quem
3109 2426 3336 2495 elegeris
3371 2441 3438 2480 cx
3484 2425 3564 2479 his
3594 2425 3805 2479 duobus

2221 2536 2413 2584 unum,
2443 2520 2533 2574 25.
2566 2520 2809 2587 accipere
2838 2527 3040 2572 sortem
3071 2517 3349 2571 ministerii
3390 2516 3548 2584 hujus
3582 2524 3637 2570 et
3674 2532 3805 2584 apo»

2220 2610 2446 2664 stolatus
2464 2651 2477 2672 ,
2510 2609 2579 2663 de
2607 2625 2713 2678 quo
2742 2609 3123 2676 praevaricatus
3148 2616 3229 2661 est
3248 2606 3410 2660 Judas
3429 2647 3444 2673 ,
3471 2615 3527 2659 ut
3554 2606 3721 2661 abiret
3747 2605 3801 2659 in

2221 2700 2395 2754 locum
2434 2715 2608 2754 suum.
2636 2718 2654 2751 ι
2690 2699 2853 2753 Recte
2882 2706 3182 2751 memorant
3212 2696 3351 2749 illius
3382 2705 3677 2763 peccatum,
3706 2695 3803 2749 de-

2219 2791 2483 2845 clarantes
2510 2804 2569 2843 sc
2594 2798 2779 2843 testem
2807 2802 3068 2857 quaarerc,
3096 2802 3198 2840 non
3221 2796 3474 2856 augentes
3496 2802 3799 2854 numerum,

2222 2880 2315 2935 sed
2348 2896 2452 2935 non
2490 2879 2729 2933 imminui
2766 2879 3022 2931 sinentes.
3053 2876 3143 2930 26.
3181 2897 3200 2928 ι
3225 2876 3291 2929 Ει
3328 2875 3589 2930 dederunt
3627 2883 3803 2930 sortes

2221 2970 2299 3023 eis
2344 2969 2612 3039 (nondum
2656 2967 2796 3020 enim
2843 2966 3069 3034 Spiritus
3104 2965 3260 3019 datus
3298 2965 3479 3035 erat),
3519 2974 3573 3020 et
3608 2966 3802 3020 cecidit

2221 3072 2341 3112 sors
2369 3072 2529 3124 super
2552 3053 2845 3118 Matthiam,
2875 3063 2928 3107 et
2957 3063 3336 3107 annumeratus
3365 3063 3447 3108 est
3474 3069 3595 3108 cum
3623 3055 3797 3109 unde-

2219 3148 2320 3201 cim
2348 3146 2623 3213 apostolis.
2650 3144 2833 3207 Tunc,
2864 3143 3066 3212 inquit,
3108 3144 3305 3198 reversi
3351 3154 3474 3198 sunt
3521 3144 3800 3216 Jerosoly-

2220 3252 2359 3291 tuam
2387 3251 2414 3286 a
2448 3243 2625 3288 monte
2643 3275 2657 3299 ,
2686 3234 2776 3303 qui
2804 3245 3021 3288 voratur
3046 3234 3234 3287 Oliveti
3258 3274 3275 3299 ,
3303 3236 3391 3302 qui
3422 3244 3504 3288 est
3527 3236 3677 3305 juxta
3705 3238 3799 3292 Je-

2221 3325 2575 3396 rosolymam,
2605 3324 2807 3377 sabbati
2845 3324 3047 3377 habens
3068 3324 3187 3377 iter.
3218 3343 3237 3375 ι
3265 3324 3377 3378 Hoc
3392 3324 3803 3381 aitutiunucrct

2220 3416 2362 3485 ipsos
2390 3429 2494 3468 non
2512 3415 2722 3483 longum
2750 3414 2848 3467 iter
2869 3414 3160 3482 suscipere,
3180 3428 3247 3469 ne
3273 3413 3397 3483 quid
3421 3415 3639 3468 terroris
3664 3417 3803 3470 acci-

2219 3511 2369 3566 deret
2400 3511 2745 3565 trementibus
2771 3509 2944 3562 adhuc
2966 3508 3092 3577 ipsis
3122 3517 3177 3562 et
3202 3506 3571 3561 metuentibus.
3604 3507 3797 3561 Etcum

2219 3602 2519 3666 introissent,
2539 3600 2866 3654 ascenderunt
2888 3600 2937 3651 in
2959 3601 3290 3651 creuaculum.
3323 3595 3435 3650 Non
3466 3596 3605 3649 enim
3629 3599 3797 3652 audc-

2220 3695 2348 3748 bant
2396 3695 2447 3747 in
2494 3693 2709 3748 civitate
2757 3705 3088 3759 comparere.
3138 3690 3204 3743 Et
3254 3696 3399 3743 recte
3441 3688 3797 3743 ascenderunt

2220 3786 2271 3840 in
2311 3785 2666 3848 cmnaculutn,
2710 3793 2766 3836 ut
2809 3797 2914 3836 non
2961 3780 3114 3835 facile
3166 3789 3308 3834 esset
3354 3780 3498 3847 ipsos
3547 3790 3825 3847 contpre-,

2220 3877 2472 3931 hendere.
2506 3874 2571 3928 Et
2618 3884 2781 3938 erant,
2843 3874 3045 3941 inquit,
3083 3882 3450 3941 perseverantes
3492 3871 3797 3924 unanimiter

2218 3970 2271 4023 in
2304 3971 2546 4022 oratione.
2594 3966 2781 4019 Vidcn’
2823 3979 2981 4034 quam
3010 3964 3193 4031 vigiles
3230 3971 3412 4016 essent
3458 3964 3509 4017 in
3554 3962 3796 4017 oratione

2220 4066 2647 4128 perseverantes,
2697 4055 2853 4123 idque
2886 4053 3203 4106 unanimiter
3236 4053 3383 4120 quasi
3426 4067 3532 4105 uno
3571 4052 3792 4106 eodem-

2218 4164 2321 4217 que
2364 4146 2581 4200 animo?
2620 4144 2743 4197 llaec
2783 4142 2890 4197 duo
2938 4142 3005 4196 de
3051 4142 3154 4195 illis
3207 4141 3538 4196 testiﬁcatur.
3594 4141 3793 4209 Joseph

2220 4237 2445 4290 furuisse
2504 4242 2739 4287 mortuus
2784 4239 2900 4285 erat
2947 4230 3082 4301 (a).
3138 4229 3253 4283 Non
3309 4230 3488 4293 enim,
3545 4228 3797 4283 fratribus

2218 4326 2574 4389 credentibus,
2621 4324 2733 4391 ipse
2779 4338 2884 4375 non
2929 4319 3263 4386 credidisset,
3305 4320 3394 4389 qui
3438 4326 3563 4373 ante
3607 4333 3798 4373 omnes

2218 4416 2535 4472 crediderat.
2566 4413 2722 4468 Certe
2753 4425 2856 4464 non
2890 4409 3162 4463 videbatur
3200 4422 3419 4477 nsquam
3460 4406 3546 4461 ille
3580 4406 3798 4461 Christo

2219 4516 2276 4561 ut
2304 4505 2502 4561 homini
2531 4501 2837 4567 attendere,
2880 4510 2937 4554 ut
2974 4499 3141 4554 Mater
3167 4499 3407 4559 dicebat,
3442 4486 3551 4566 Ego
3579 4504 3623 4549 et
3654 4504 3799 4564 pater

2220 4608 2332 4651 tuus
2354 4597 2578 4649 dolentes
2601 4593 2941 4660 quazrebamus
2965 4599 3012 4643 te
3037 4589 3196 4659 (Luc.
3223 4588 3278 4641 2.
3309 4586 3377 4641 48
3394 4586 3434 4655 ).
3465 4586 3646 4654 Itaque
3673 4594 3800 4639 ante

2219 4704 2404 4743 omnes
2436 4687 2522 4741 ille
2550 4684 2831 4739 Dominum
2860 4689 3100 4735 noverat.
3131 4677 3408 4733 Fratribus
3431 4690 3558 4731 vero
3583 4674 3797 4728 dicebat

2220 4778 2502 4833 Christus:
2536 4772 2655 4827 Non
2683 4781 2838 4837 potest
2885 4770 3098 4823 mundus
3141 4784 3228 4821 vos
3269 4766 3433 4819 odisse
3458 4805 3473 4831 ,
3514 4780 3590 4815 me
3629 4772 3801 4817 autem

2219 4868 2326 4922 odit
2356 4864 2541 4936 (Joan.
2574 4863 2626 4915 7.
2657 4863 2689 4916 7
2709 4864 2748 4931 ).
2782 4860 2913 4915 Vide
2938 4868 3112 4913 autem
3138 4856 3318 4911 Jacobi
3350 4852 3681 4907 modestiam.
3708 4849 3802 4905 Ille

2222 4970 2453 5025 namque
2480 4952 2935 5022 Jerosolymorum
2975 4947 3337 5015 episcopatum
3367 4941 3571 5008 accepit
3595 4980 3607 5001 ,
3638 4948 3693 4992 et
3723 4950 3804 4991 ta-

2224 5060 2346 5101 men
2374 5044 2460 5098 hic
2487 5041 2619 5097 nihil
2640 5040 2897 5108 loquitur.
2925 5036 3160 5089 Aliorum
3186 5046 3395 5102 quoque
3419 5029 3799 5097 discipulorum

2223 5152 2482 5192 summam
2514 5133 2867 5189 humilitatem
2896 5126 3195 5189 considera,
3224 5139 3329 5193 quo
3360 5131 3513 5191 pacto
3539 5120 3612 5173 illi
3653 5119 3794 5172 thro-

2226 5243 2349 5283 num
2388 5224 2730 5288 concedunt,
2772 5234 2943 5289 neque
2975 5217 3085 5287 jam
3124 5222 3306 5271 mutuo
3344 5212 3658 5279 disceptant.
3708 5206 3801 5260 Illa

2224 5319 2366 5374 enim
2395 5315 2635 5373 Ecclesia
2673 5314 2825 5383 quasi
2867 5310 2918 5364 in
2962 5308 3107 5364 cat-lis
3148 5305 3314 5376 posita
3357 5311 3506 5365 erat,
3547 5298 3804 5353 smculare

2228 5410 2359 5466 nihil
2388 5410 2610 5475 habens,
2642 5421 2747 5461 non
2780 5401 3068 5474 parietibus
3091 5441 3106 5465 ,
3147 5413 3252 5453 non
3280 5393 3659 5452 marmoribus,
3704 5386 3803 5440 sed

2291 5556 2365 5617 tui
2382 5543 2567 5604 Ioseph
2580 5553 2787 5607 Sponsus
2803 5540 2959 5597 Maria:
2980 5536 3169 5594 videtur
3186 5540 3403 5584 mortuus
3422 5528 3567 5583 fuisse
3589 5529 3700 5571 ante
3728 5535 3807 5571 as-

2236 5617 2527 5663 COQSIOIEIIL
