4026 6216
541 353 610 407 37
1225 348 1281 403 δ.
1320 347 1606 403 JOANNIS
1640 346 2131 402 cumsos'wm
2168 346 2489 405 ARCHIEP.
2533 330 3095 406 consnmmop;
3726 356 3791 412 ss

605 465 675 533 Υ.
694 463 839 533 Δῦτη
866 462 1088 533 πρόνοια
1102 461 1441 518 διδασκάλου.
1460 463 1685 533 Πρῶτος
1699 456 1856 525 οὗτος
1870 462 2122 514 διδάσκα-

534 549 627 601 λον
664 546 1017 614 κατέστησεν.
1064 542 1181 598 Οὐκ
1218 541 1391 608 εἶπεν,
1439 546 1522 597 ὅτι
1563 543 1891 611 ’Λρκοῦμεν
1913 542 2119 609 ἡμεῖς·

539 628 683 682 οὕτω
713 629 892 695 πάσης
919 626 1226 692 κενοδοξίας
1260 628 1417 690 ἐκτὸς
1452 623 1521 697 ἦν
1542 669 1556 689 ,
1594 628 1690 679 καὶ
1717 626 1854 696 πρὸς
1883 627 1941 677 ἓν
1974 623 2122 692 ἐώρα

537 710 719 781 μόνον,
747 708 927 764 καίτοι
977 710 1101 762 οὐδὲ
1149 710 1403 762 ίσότυπον
1437 710 1640 762 ἅπασιν
1677 706 1788 777 εἶχε
1823 707 1921 778 τὴν
1952 705 2122 759 κατά-

536 809 725 846 στασιν
781 792 896 846 ἀλλ’
916 793 1139 857 εἰκότως
1158 793 1331 846 ταῦτα
1351 792 1565 860 ἐγένετο
1576 791 1668 847 διὰ
1691 794 1786 861 τὴν
1803 790 2002 860 ἀρετὴν
2026 786 2121 840 τοῦ

534 874 727 944 ἀνδρός
746 890 759 903 ·
785 876 881 928 καὶ
908 875 989 928 ὃτι
1020 876 1140 927 τότε
1181 876 1214 943 ἡ
1249 874 1539 927 ἐπιστασία
1570 869 1660 943 ῆν,
1692 875 1753 926 οὐ
1786 873 1918 943 τιμὴ
1938 913 1953 933 ,
1983 870 2120 923 ἀλλά

535 962 763 1031 πρόνοια
803 961 913 1015 τῶν
956 960 1295 1030 ἀρχομένων.
1325 958 1497 1013 Τοῦτο
1542 957 1667 1012 οὔτε
1702 959 1828 1020 τοὺς
1863 956 2120 1027 αἱρουμέ-

534 1062 659 1109 νους
680 1045 852 1098 ἐποίει
878 1042 1198 1114 ἐπαίρεσθαι
1220 1058 1235 1072 ·
1260 1042 1353 1095 ἐπὶ
1374 1041 1479 1113 γὰρ
1499 1042 1776 1105 κινδύνους
1799 1041 2115 1097 ἐκαλοῦντο·

533 1126 656 1179 οὕτε
685 1127 811 1188 τοὺς
843 1125 919 1196 μὴ
971 1125 1293 1195 αἱρεθέντας
1345 1123 1421 1186 ὼς
1465 1124 1872 1194 ἀτιμασθέντας
1909 1122 2114 1189 ἀλγεῖν.

546 1208 686 1260 Ἀλλ’
727 1207 848 1278 οὐχὶ
888 1207 982 1259 νῦν
1010 1205 1154 1258 οὕτω
1192 1206 1422 1272 γίνεται,
1453 1205 1568 1258 ἀλλ’
1599 1206 1744 1259 ἅπαν
1787 1204 2115 1258 τούναντίον.

534 1290 675 1361 ὐρα
700 1289 829 1360 γὰρ,
867 1289 1061 1342 ἑκατὸν
1108 1290 1311 1341 εῐκοσιν
1351 1284 1513 1358 ἦσαν,
1562 1288 1655 1341 καὶ
1693 1288 1790 1339 Eva
1819 1289 1962 1339 αἰτεῖ
2012 1286 2118 1339 ἀπὸ

531 1374 730 1434 παντὸς
761 1372 853 1425 τοῦ
880 1372 1118 1443 πλήθους
1139 1387 1153 1400 ·
1199 1372 1442 1434 είκότως.
1473 1369 1696 1440 Πρῶτος
1734 1369 1828 1422 τοῦ
1868 1370 2120 1441 πράγμα-

531 1474 622 1519 τος
656 1456 923 1517 αύθεντεῖ,
968 1455 1062 1507 ἅτε
1093 1452 1252 1516 αὐτὸς
1297 1454 1505 1515 πάντας
1556 1452 1937 1524 ἐγχειρισθείς.
1974 1454 2118 1522 Πρὸς

531 1539 640 1609 γάρ
666 1538 850 1590 τοῦτον
878 1533 1030 1589 εἶπεν
1068 1538 1096 1588 6
1124 1535 1387 1605 Χριστός·
1418 1534 1529 1588 Καὶ
1555 1537 1635 1588 σύ
1660 1551 1805 1587 ποτε
1845 1533 2119 1601 ἐπιστρέ-

529 1624 674 1689 ψας,
713 1621 1005 1690 στήριξον
1040 1619 1183 1684 τοὺς
1220 1617 1523 1686 ἀδελφούς
1546 1632 1685 1673 σου.
1720 1619 1843 1671 ’Ότι
1872 1622 2117 1684 Κατηρι-

529 1703 830 1771 θμημένος
857 1700 955 1772 ἦν,
994 1703 1148 1772 φησὶ,
1179 1700 1301 1754 σὺν
1330 1699 1495 1768 ἡμῖν.
1526 1700 1625 1752 Διά
1658 1700 1815 1752 τοῦτο
1847 1702 2114 1771 προσήκει

529 1786 715 1856 ἐτερον
740 1784 1161 1856 προϐάλλεσθαι,
1191 1783 1330 1835 ῶστε
1364 1781 1618 1853 μάρτυρα
1640 1783 1888 1849 γενέσθαι
1917 1782 1995 1843 είς
2023 1780 2113 1832 τὸν

530 1868 739 1921 ἐκείνου
762 1869 944 1921 τόπον.
976 1869 1083 1919 Καὶ
1104 1868 1226 1937 ὅρα,
1250 1865 1367 1927 πῶς
1388 1865 1478 1917 τὸν
1505 1865 1822 1918 διδάσκαλον
1845 1866 2112 1943 μιμεῖται,

530 1950 804 2021 πανταχοῦ
839 1950 945 2002 ἀπὸ
985 1950 1094 2002 τῶν
1130 1950 1167 2000 Γ
1174 1948 1362 2017 ραφῶν
1384 1946 1772 2018 διαλεγόμενος
1794 1984 1809 2007 ,
1840 1946 1933 1999 καὶ
1961 1945 2112 1996 οὐδὲν

531 2033 662 2102 περὶ
707 2033 802 2084 τοῦ
842 2032 1081 2102 Χριστοῦ
1132 2031 1306 2098 λέγων
1340 2029 1571 2091 οὐδέπω,
1612 2029 1692 2081 ὅτι
1723 2030 1951 2095 προεῖπε
1984 2026 2113 2078 πολ-

531 2117 688 2179 λάκις
718 2115 899 2179 αὑτός.
932 2116 1042 2168 Καὶ
1072 2115 1131 2167 οὐ
1159 2114 1327 2182 λέγει,
1358 2112 1487 2165 ἔνθα
1504 2112 1602 2181 τῆς
1626 2111 1917 2183 προδοσίας
1944 2108 2111 2163 αὐτοῦ

532 2203 839 2272 μέμνηται·
910 2194 1043 2260 οἷον,
1083 2200 1285 2265 Στόμα
1344 2195 1718 2264 ἀμαρτωλοῦ,
1767 2194 1868 2247 καὶ
1912 2193 2113 2261 στόμα

532 2284 739 2337 δολίου
783 2282 876 2335 ἐπ’
912 2280 1020 2350 ἐμὲ
1053 2280 1340 2346 ἠνοίχθη·
1389 2278 1506 2332 ἀλλ’
1549 2277 1677 2331 ἔνθα
1720 2277 1818 2346 τῆς
1842 2275 2113 2345 τιμωρίας

533 2366 699 2420 αὑτοῦ
740 2366 899 2433 μόνον
922 2364 1021 2432 τὴν
1065 2363 1284 2431 μνήμην
1316 2363 1611 2429 ἐποιήσατο
1632 2376 1645 2388 ·
1689 2360 1848 2412 τοῦτο
1878 2358 1982 2431 γὰρ
2014 2359 2111 2411 αύ-

534 2452 661 2512 τοὺς
712 2448 851 2509 τέως
904 2446 1125 2513 ὠφέλει.
1173 2443 1343 2496 Τοῦτο
1397 2442 1631 2512 μάλιστα
1664 2442 1903 2497 δείκνυσι
1951 2441 2113 2494 πάλιν

537 2530 626 2585 τοῦ
664 2529 937 2583 Δεσπότου
966 2527 1071 2597 τὴν
1109 2525 1542 2597 φιλανθρωπίαν.
1580 2524 1703 2577 ’Ὀτι
1742 2526 2115 2592 Κατηριθμη-

534 2612 712 2679 μένος
733 2607 832 2679 ἦν,
864 2611 1019 2679 φησὶ,
1047 2608 1169 2661 σὺν
1191 2606 1356 2676 ἡμῖν,
1387 2606 1485 2660 καὶ
1530 2604 1713 2673 ἔλαχε
1738 2605 1843 2657 τὸν
1886 2603 2116 2671 κλῆρον

535 2695 642 2763 τῆς
665 2693 971 2758 διακονίας
995 2692 1237 2758 ταύτης.
1272 2690 1486 2760 Κλῆρον
1518 2688 1678 2742 αὐτὸν
1712 2686 1985 2756 πανταχοῦ
2026 2705 2117 2740 κα-

535 2780 633 2841 λεῖ,
661 2776 873 2837 δεικνὺς
903 2774 1003 2843 τῆς
1030 2772 1123 2826 τοῦ
1156 2772 1290 2825 Θεοῦ
1317 2774 1538 2843 χάριτος
1567 2771 1627 2823 τὸ
1654 2772 1761 2823 πᾶν
1787 2770 1867 2833 ὃν,
1899 2772 1991 2823 καὶ
2018 2770 2115 2839 τῆς

536 2860 784 2928 ἐκλογῆς,
826 2857 921 2910 καὶ
973 2857 1406 2927 ἀναμιμνήσκων
1454 2854 1653 2917 αὐτοὺς
1696 2854 1804 2907 τῶν
1850 2854 2115 2919 παλαιῶν,

536 2942 647 3015 [27]
701 2943 783 2994 ὅτι
817 2943 846 2994 6
900 2939 1030 3003 Θεὸς
1084 2940 1247 2992 αὑτὸν
1281 2937 1651 3008 ἐκληρώσατο,
1700 2938 1951 3005 καθάπερ
1992 2938 2118 2998 τοὺς

535 3029 788 3092 Λευῖτας,
816 3027 913 3082 καὶ
941 3026 1265 3096 ἐνδιατρίϐει
1294 3035 1312 3055 ⁸
1329 3029 1439 3087 τοῖς
1460 3025 1588 3095 περὶ
1610 3023 1792 3086 αὑτοῦ,
1815 3027 1842 3075 ό
1867 3025 1963 3094 τῆς
1989 3040 2119 3092 προ-

536 3111 716 3171 δοσίας
749 3108 941 3179 μισθὸς
974 3107 1133 3169 αὐτὸς
1165 3108 1256 3158 καὶ
1283 3106 1383 3174 τῆς
1407 3105 1679 3175 τιμωρίας
1708 3106 1897 3171 γέγονε
1922 3104 2118 3173 κήρυξ.

547 3192 877 3257 Ἐκτήσατο
915 3190 1045 3258 γάρ,
1094 3189 1246 3257 φησὶ,
1275 3190 1493 3255 χωρίον
1519 3188 1586 3239 ἐκ
1608 3188 1831 3255 μισθοῦ
1860 3187 1969 3253 τῆς
1997 3187 2121 3239 ἀδιο

538 3276 692 3338 χίας.
722 3274 866 3341 Ὅρα
902 3271 1018 3333 πῶς
1046 3270 1183 3321 Θεοῦ
1227 3270 1509 3338 οίκονομία
1547 3270 1607 3323 τὸ
1633 3270 1854 3337 γεγονὸς
1882 3267 1968 3337 ἦν.
2008 3268 2121 3336 Τῆς

538 3356 790 3419 ἀδικίας,
827 3353 978 3422 φησί.
1006 3351 1203 3403 Πολλαὶ
1225 3354 1279 3404 αί
1310 3351 1535 3416 ἀδικίαι,
1570 3351 1706 3404 ἀλλά
1743 3352 1944 3421 ταύτης
1972 3352 2120 3403 ούδέν

539 3436 765 3490 άδικώτε
776 3452 865 3506 ρον
894 3434 1082 3502 γέγονέ
1107 3450 1255 3496 ποτε,
1286 3433 1426 3486 ὥστε
1454 3432 1667 3497 ἀδικίας
1693 3430 1760 3504 ἧν
1784 3435 1845 3486 τὸ
1867 3437 2118 3505 πρᾶγμα.

539 3520 673 3589 Οὐχὶ
707 3517 762 3570 δέ
794 3519 954 3587 μόνον
983 3518 1098 3577 τοῖς
1134 3515 1371 3584 παροῦσι
1398 3514 1589 3583 γέγονε
1616 3515 1774 3585 δῆλον
1805 3518 1865 3568 τὸ
1893 3516 2119 3585 γενόμε-

540 3618 648 3667 νον,
677 3599 813 3652 ἀλλὰ
866 3598 959 3650 καὶ
1006 3599 1144 3649 πᾶσι
1170 3600 1284 3659 τοῖς
1319 3597 1457 3665 μετά
1500 3596 1693 3662 ταῦτα,
1730 3598 1870 3651 ὥστε
1896 3599 2121 3660 ἄκοντες

540 3684 829 3754 ὠνόμασαν
851 3682 949 3734 οὑκ
972 3680 1193 3743 εἰδότες,
1214 3678 1463 3749 καθάπερ
1490 3681 1585 3733 καὶ
1610 3682 1865 3749 Καῖάφας
1888 3682 2123 3753 προεφή.

540 3782 729 3819 τευσεν
775 3764 875 3816 οὐκ
917 3761 1091 3824 εἰδώς.
1138 3760 1197 3816 '0
1238 3761 1369 3824 Θεὸς
1398 3763 1596 3826 αὐτοὺς
1638 3760 2123 3831 ⁴ἡνάγκασεν”οῑ3τω

542 3846 769 3901 καλέσαι
826 3844 1105 3914 Ἐϐραϊστὶ
1145 3843 1473 3912 Ἀκελδαμά.
1515 3845 1649 3897 Ἀπὸ
1693 3846 1884 3898 τούτου
1930 3847 2022 3900 καὶ
2054 3846 2123 3899 τά

554 3930 829 3991 Ἰουδαίοις
852 3928 1065 3983 ἐπιέναι
1097 3927 1359 3997 μέλλοντα
1403 3927 1551 3980 κακά
1579 3928 1712 3999 δῆλα
1740 3924 1807 3999 ἦν
1827 3945 1840 3957 ·
1894 3930 1987 3982 καὶ
2011 3930 2120 3983 δεί-

544 4029 703 4067 κιυσι
752 4012 890 4074 τέως
933 4010 1032 4081 τὴν
1078 4010 1387 4081 πρόρρησιν
1426 4010 1749 4073 ἐξελθοῦσαν
1782 4014 1847 4063 ἐκ
1900 4014 2118 4083 μέρους,

542 4096 643 4165 τὴν
673 4095 703 4135 ιι
728 4094 991 4162 λέγουσαν
1010 4111 1022 4123 ·
1050 4096 1255 4149 Καλὸν
1274 4090 1353 4163 ἦν
1378 4092 1555 4158 αὐτῷ,
1586 4097 1640 4146 εἰ
1673 4097 1783 4147 οὐκ
1829 4094 2119 4162 ἐγεννήθη

545 4180 580 4233 ό
602 4176 914 4246 ἅνθρωπος
960 4174 1213 4242 ἐκεῖνος.
1266 4175 1378 4229 Καὶ
1428 4178 1557 4245 περὶ
1595 4176 1703 4228 τῶν
1753 4175 2019 4228 Ἰουδαίων
2054 4177 2122 4228 τὰ

548 4260 691 4314 αὐτά
734 4259 968 4333 ,ἁρμόζει
1015 4260 1214 4327 λέγειν.
1264 4260 1324 4311 Et
1353 4262 1459 4328 γὰρ
1510 4261 1538 4311 6
1572 4260 1860 4328 γενόμενος
1909 4259 2119 4328 ὀδηγὸς,

549 4340 728 4411 πολλῷ
764 4341 962 4411 μᾶλλον
1016 4343 1109 4393 καὶ
1149 4335 1317 4394 οῦτοι.
1380 4340 1515 4392 Ἀλλ’
1543 4340 1693 4391 ούδέν
1725 4339 1947 4401 τούτων,
1976 4341 2121 4409 λέγει

546 4424 705 4486 τέως.
734 4420 866 4475 Εἶτα
884 4422 1121 4486 δεικνὺς,
1140 4424 1222 4476 ὅτι
1244 4424 1372 4495 περ)⁸
1398 4420 1560 4473 αὑτοῦ
1584 4422 1806 4485 εἰκότως
1831 4422 1896 4475 ἂν
1914 4422 2122 4491 λέγοιτο

560 4505 884 4577 Ἀκελδαμά,
919 4506 1101 4573 ἐνάγει
1133 4517 1155 4544 ο
1190 4506 1280 4558 τὸν
1320 4507 1603 4575 προφήτην
1636 4505 1866 4573 λέγοντα
1888 4547 1902 4569 ,
1932 4510 2119 4574 Γενη-

551 4590 709 4657 θήτω
737 4592 775 4658 ἠ
829 4590 1084 4655 ἔπαυλις
1128 4589 1315 4642 αὐτοῦ
1344 4589 1585 4657 ἕρημος.
1623 4589 1688 4641 Τί
1722 4590 1827 4661 γάρ
1866 4592 2124 4661 ἐρημότε-

550 4692 641 4747 ρον
678 4674 771 4728 τοῦ
813 4676 983 4743 τάφον
1028 4672 1318 4741 γενέσθαις
1352 4672 1514 4724 Ὥστε
1550 4676 1643 4725 καὶ
1670 4676 1892 4737 εἰκότως
1923 4675 1988 4727 ἂν
2022 4676 2123 4728 αὑ·-

546 4758 643 4812 τοῦ
675 4757 897 4827 κληθείη
920 4756 981 4809 τὸ
1003 4756 1221 4826 χωρίον.
1257 4755 1314 4807 Ὀ
1337 4755 1442 4825 γὰρ
1465 4755 1763 4827 τὸτίμημα
1782 4757 2122 4823 καταϐαλὼν,

549 4842 599 4895 εί
639 4842 735 4894 καὶ
774 4841 950 4911 ἐτεροι
997 4841 1045 4891 οἱ
1080 4837 1415 4908 ἡγορακότες
1453 4833 1594 4901 εἶεν,
1630 4838 1794 4901 αὐτὸς
1825 4838 1890 4892 ἂν
1918 4840 2004 4908 εἴη
2046 4840 2126 4893 δί-

550 4942 704 4989 καιος
738 4921 1050 4992 λογίζεσθαι
1090 4921 1279 4991 κύριος
1314 4922 1646 4991 ἐρημώσεως
1678 4922 1939 4991 μεγάλης.
1977 4923 2124 4995 Αὕτη

552 5011 585 5079 ἡ
609 5011 890 5080 ἐρήμωσις
904 5006 1194 5076 προοίμιον
1219 5005 1319 5072 τῆς
1349 5004 1666 5070 Ἰουδαϊκῆς,
1696 5006 1831 5072 εῖγέ
1859 5025 1941 5069 τις
1974 5009 2131 5077 ἀκρι-

551 5092 662 5154 σῶς
682 5092 979 5156 ἐξετάσειε.
1004 5090 1113 5145 Καὶ
1143 5088 1253 5159 γὰρ
1275 5090 1469 5141 ἐκεῖνοι
1494 5089 1721 5152 ἑαυτοὺς
1738 5090 1955 5147 ¹ἀνεῖλον
1983 5091 2128 5162 λιμῷ

551 5172 649 5224 καὶ
671 5173 895 5235 πολλοὺς
922 5172 1250 5228 ἀπέκτειναν
1269 5212 1283 5235 ,
1311 5171 1404 5225 καὶ
1436 5170 1605 5237 τάφος
1634 5172 1853 5240 γέγονεν
1879 5176 1911 5245 ἡ
1938 5174 2091 5237 πόλις
2111 5213 2126 5237 ,

552 5253 661 5306 τῶν
707 5252 893 5317 ξένων,
940 5254 1055 5309 τῶν
1085 5253 1435 5323 στρωτιωτῶν
1455 5271 1468 5284 ·
1511 5254 1750 5318 ἐκείνους
1784 5256 1893 5330 γὰρ
1921 5258 2027 5311 οὐδ’
2062 5257 2128 5311 ἂν

552 5334 743 5389 εἴασαν
776 5336 1033 5403 ταφῆναι,
1064 5334 1185 5387 οὐδὲ
1218 5335 1325 5406 γὰρ
1360 5337 1537 5407 ταφῆς
1574 5338 2003 5410 κατηξιώθησαν.
2036 5341 2136 5396 Δεῖ

555 5412 668 5472 οὖν
693 5416 812 5470 τῶν
834 5415 1253 5469 συνελθόντων
1272 5416 1440 5483 ἡμῖν.
1464 5421 1651 5488 φησὶν,
1674 5420 1929 5488 ἀνδρῶν.
1960 5424 2127 5493 Ὅρα,

555 5501 670 5563 πῶς
728 5500 976 5570 βούλεται
1042 5497 1317 5561 αὐτόπτας
1381 5500 1578 5562 αὐτοὺς
1645 5499 1808 5557 εἶναι.
1872 5507 2129 5575 Καίτοιγε

555 5584 747 5652 ἔμελλε
770 5582 1100 5653 παρέσεσθαι
1126 5582 1186 5634 τὸ
1210 5581 1452 5652 Πνεῦμα·
1484 5583 1597 5636 ἀλλ’
1620 5587 1769 5655 ὅμως
1792 5588 1956 5658 πολλὴ
1977 5608 2131 5642 σπου.

554 5668 616 5738 δὴ
641 5668 766 5737 περὶ
794 5666 981 5719 τούτου
1008 5663 1095 5737 ἦν,
1127 5666 1253 5721 Τῶν
1271 5668 1693 5723 συνελθόντων
1712 5671 1856 5740 ἡμῖν
1873 5674 2125 5740 ἀνδρῶν,

619 5850 646 5878 ⁸
674 5849 847 5915 Ματρί.
866 5851 1045 5915 καᾴ-δτι
1066 5853 1369 5915 ἐνδιατρίϐει.
1483 5854 1655 5901 Morel.
1684 5853 1739 5902 ἐκ
1761 5854 1927 5915 μέρους
1948 5854 2127 5914 ἐκείνην

560 5910 663 5958 τήν.
738 5912 758 5940 ε
801 5911 878 5959 Sic
923 5911 1095 5963 Morel.
1124 5921 1175 5961 et
1204 5910 1319 5963 mss.
1345 5913 1499 5964 Savil.
1521 5915 1699 5973 ἐπάμι.

2219 464 2403 531 φησὶν,
2431 465 2502 517 ἐν
2523 468 2704 521 παντὶ
2737 469 2953 536 χρόνῳ,
2977 468 3047 519 ἐν
3068 461 3117 533 ᾧ
3135 467 3383 535 εισῆλθε
3407 468 3505 522 καί
3537 468 3793 537 ἐξῆλθεν

2230 544 2306 611 ‘9'
2340 545 2498 614 ἡμᾶς
2536 552 2568 601 ό
2587 551 2801 618 Κύριος
2843 551 3093 617 Ἰησοῦς.
3136 551 3415 603 Δείκνυσιν
3442 551 3639 616 αὐτοὺς
3668 570 3791 607 συν-

2222 629 2508 695 ῳκηκότας
2544 631 2694 700 αὑτῷ
2734 634 2833 700 οὐχ
2879 632 3065 694 ἁπλῶς
3102 632 3179 696 ώς
3212 631 3455 702 μαθητὰς
3500 635 3791 705 παρόντας.

2225 708 2367 775 Ἀρα
2394 710 2485 761 καὶ
2511 708 2570 774 ἐξ
2591 713 2763 781 ἀρχῆς
2787 715 2906 765 τότε
2940 713 3126 767 πολλοὶ⁵
3156 715 3593 784 παρηκολούθουν
3622 718 3791 785 αὐτῷ.

2223 786 2362 858 Ὅρα
2402 791 2554 857 γοῦν,
2580 794 2697 854 πῶς
2720 801 2876 846 τοῦτο
2914 795 3061 864 δηλοῖ
3089 795 3139 858 ἀ,
3170 797 3298 849 ὅταν
3345 797 3512 868 λέγῃ·
3548 793 3667 851 Ἦν
3708 795 3795 863 εἷς

2219 868 2287 921 ἐκ
2324 868 2441 923 τῶν
2468 873 2575 926 δύο
2606 874 2724 926 τῶν
2752 877 3143 931 ἀκουσάντων
3168 880 3328 945 παρὰ
3363 878 3664 941 Ἰωάννου,
3696 880 3793 932 καί

2219 951 2766 1039 ἀκολουθησάντων
2806 958 2886 1023 τῷ
2936 960 3160 1025 Ἰησοῦ.
3207 959 3304 1013 'E'r
3342 961 3521 1012 παντὶ
3556 963 3756 1039 χρόνῳ
3778 1003 3791 1024 ,

2220 1035 2405 1102 φησὶν,
2428 1035 2497 1087 ἐν
2518 1029 2568 1100 ᾧ
2585 1037 2833 1106 εἰσῆλθε
2852 1041 2949 1092 καὶ
2972 1040 3231 1109 ἐξῆλθεν
3252 1042 3343 1109 ἐφ’
3358 1041 3515 1109 ἡμᾶς
3535 1029 3795 1113 ὀΚύριος

2232 1116 2489 1184 Ἰησοῦς,
2514 1120 2842 1190 ἀρξάμενος
2867 1124 2984 1177 ἀπὸ
3016 1124 3122 1177 τοῦ
3146 1127 3568 1193 βαπτίσματος
3608 1126 3795 1180 Ἰωιὶν⁸

2217 1216 2350 1254 νου.
2372 1202 2589 1264 Καλῶς.
2622 1204 2702 1256 Τά
2736 1204 2847 1276 γὰρ
2877 1207 2983 1276 πρὸ
3006 1208 3197 1259 τούτου
3230 1208 3403 1270 οὐδεὶς
3439 1208 3552 1277 ⁴ᾔδει
3577 1208 3790 1277 μαθὼν,

2217 1281 2354 1334 ἀλλά
2382 1284 2655 1354 Πνεύματι
2680 1287 2998 1355 ἐμάνθανον.
3029 1288 3182 1353 Ἕως
3201 1287 3312 1355 τῆς
3333 1291 3571 1357 ἡμέρας,
3602 1292 3791 1360 φησὶν,

2214 1360 2291 1433 ἧς
2345 1367 2656 1435 ἀνελήφθη
2706 1370 2805 1436 ἀφ’
2840 1368 3027 1436 ημῶν,
3081 1370 3353 1438 μάρτυρα
3387 1372 3495 1439 τῆς
3537 1372 3793 1425 ἀναστάς

2216 1462 2371 1513 σεως
2404 1449 2591 1503 αὐτοῦ
2626 1449 2749 1502 σὺν
2783 1450 2928 1519 ημῖν
2956 1450 3231 1522 γενέσθαι
3251 1452 3358 1504 ἕνα
3390 1455 3632 1507 τούτων.
3676 1456 3795 1506 Οὐκ

2215 1527 2335 1583 εἷπε
2354 1571 2369 1594 ,
2419 1531 2542 1584 Τῶν
2578 1532 2785 1585 ἄλλων
2810 1533 3082 1601 μάρτυρα
3103 1575 3116 1596 ,
3164 1534 3297 1587 ἀλλά
3318 1576 3332 1596 ,
3373 1534 3488 1601 Τῆς
3530 1535 3795 1587 ἀναστά-

2214 1629 2369 1679 σεως
2396 1614 2565 1683 μόνης
2597 1614 2873 1685 μάρτυρα.
2915 1616 3025 1669 Καὶ
3058 1618 3168 1688 γάρ
3208 1616 3644 1687 ἀξιοπιστότερος
3667 1612 3738 1687 ἦν
3762 1619 3794 1668 6

2212 1696 2508 1765 δυνάμενος
2552 1697 2750 1759 εἰπεῖν,
2795 1698 2878 1750 ὅτι
2926 1698 3161 1761 Ἐκεῖνος
3190 1700 3218 1750 6
3252 1698 3463 1769 φαγὼν,
3504 1700 3598 1751 καὶ
3627 1696 3789 1760 πιὼν,

2213 1781 2306 1832 καὶ
2342 1778 2674 1850 σταυρωθεὶς
2697 1819 2712 1843 ,
2748 1780 2910 1843 αὐτὸς
2949 1781 3171 1850 ἀνέστη.
3203 1783 3364 1834 Ὥστε
3401 1782 3523 1835 οὔτε
3553 1784 3658 1835 τῶν
3683 1782 3793 1852 πρὸ

2211 1861 2399 1914 τούτου
2430 1862 2639 1931 χρόνων
2658 1901 2674 1924 ,
2702 1860 2824 1914 οὔτε
2872 1863 2983 1915 τῶν
3024 1865 3163 1932 μετὰ
3192 1864 3364 1917 ταῦτα
3396 1866 3501 1918 ἔδει
3537 1867 3792 1935 μάρτυρα

2212 1940 2350 1997 εἶναι
2378 1948 2473 1998 καὶ
2513 1955 2537 1982 ε
2574 1944 2683 1997 τῶν
2726 1945 2987 2014 σημείων.
3039 1946 3111 1997 Τὸ
3141 1946 3248 2014 γὰρ
3278 1945 3605 2016 ζητούμενον
3630 1948 3791 1999 τοῦτο

2210 2022 2299 2097 ἦν,
2331 2028 2364 2095 ἡ
2399 2027 2694 2091 ἀνάστασις
2718 2044 2731 2057 ·
2774 2029 2893 2082 ἐπεὶ
2929 2031 3112 2081 ἐκεῖνα
3154 2029 3291 2099 δῆλα
3334 2026 3403 2099 ἦν
3432 2032 3525 2082 καὶ
3578 2031 3789 2099 ώμολο-

2211 2110 2449 2179 γημένα,
2501 2109 2641 2179 αῦτη
2682 2110 2739 2162 δέ
2782 2110 2958 2181 λάθρα
2989 2113 3212 2179 γέγονε,
3239 2114 3335 2165 καὶ
3364 2114 3570 2176 τούτοις
3606 2118 3791 2182 μόνοις

2210 2189 2279 2263 ἦν
2311 2193 2471 2263 δήλη.
2498 2194 2609 2245 Καὶ
2633 2193 2692 2245 ού
2724 2193 2992 2260 λέγουσιν,
3030 2196 3114 2247 ὅτι
3147 2197 3400 2263 ’Δγγελοι
3441 2192 3590 2247 είπον
3634 2197 3786 2266 ἡμῖν,

2212 2277 2325 2329 ἀλλ’
2358 2278 2439 2329 ὃτι
2481 2277 2835 2346 Ἑωράκαμεν
2878 2275 2992 2349 [28]
3025 2280 3203 2347 ἡμεῖς.
3232 2279 3398 2331 Πόθεν
3440 2278 3634 2348 δῆλον;
3701 2278 3791 2344 Ἐξ

2216 2354 2291 2411 ὧν
2322 2358 2868 2430 θαυματουργοῦμεν.
2892 2360 2991 2411 Διά
3015 2358 3170 2413 τοῦτο
3195 2360 3425 2429 μάλιστα
3448 2362 3564 2411 τότε
3595 2359 3793 2425 αὐτοὺς

2214 2442 2561 2507 ἀξιοπίστους
2606 2442 2713 2494 ἔδει
2762 2438 2921 2495 εἶναι.
2986 2444 3094 2496 Καὶ
3136 2444 3429 2508 ἔστησαν,
3472 2442 3790 2514 φησὶ,δύο.

2216 2523 2369 2575 Διατί
2401 2525 2474 2593 μὴ
2504 2524 2767 2588 πολλούς;
2794 2523 2911 2576 Ἵνα
2945 2524 3020 2594 μὴ
3052 2524 3249 2593 μείζων
3270 2528 3303 2595 ἡ
3321 2526 3526 2594 ἀθυμία
3544 2525 3789 2595 γένηται,

2220 2606 2352 2675 μηδὲ
2384 2609 2463 2669 είς
2495 2607 2722 2670 πολλοὺς
2744 2606 2805 2658 τὸ
2832 2609 3062 2677 πρᾶγμα
3098 2611 3352 2678 περιστῇ.
3386 2609 3497 2677 Οὐχ
3528 2608 3711 2669 ἁπλῶς
3736 2608 3793 2659 δὲ

2217 2688 2570 2759 προστίθησιν
2611 2691 2840 2752 ἐκεῖνον,
2882 2689 3015 2742 ἀλλά
3060 2690 3306 2753 δεικνὺς,
3351 2691 3433 2743 ὅτι
3474 2690 3731 2752 πολλάκις
3767 2692 3796 2742 6

2218 2770 2371 2841 παρά
2400 2772 2709 2841 ἀνθρώποις
2734 2773 2934 2841 τίμιος,
2968 2771 3119 2840 παρὰ
3151 2772 3227 2841 τῷ
3251 2771 3368 2842 Θεῴ
3398 2772 3631 2824 ἐλάττων
3656 2773 3792 2824 ἐστί.

2218 2855 2329 2907 Καὶ
2368 2858 2518 2925 κοινῇ
2545 2856 2599 2906 δὲ
2638 2856 2834 2915 πάντες
2868 2854 3119 2923 εῦχονται
3144 2853 3423 2919 λέγοντες·
3458 2854 3561 2919 Σὺ,
3597 2856 3794 2920 Κύριε,

2218 2936 2669 3004 καρδιογνῶστα
2713 2937 2986 2999 πάντων,
3016 2936 3354 2999 ἀνάδειξον.
3386 2938 3456 2990 Σὺ
3480 2978 3493 2999 ,
3520 2939 3683 3007 φησὶ,
3720 2937 3795 3005 μὴ

2218 3021 2400 3089 ἡμεῖς.
2443 3020 2729 3089 Εὑκαίρως
2766 3018 3198 3090 καρδιογνώστην
3230 3018 3515 3081 καλοῦσιν,
3552 3020 3658 3072 ἀπὸ
3686 3020 3798 3089 γάρ

2218 3102 2408 3153 τούτου
2443 3102 2717 3171 αἱρεῖσθαι
2752 3102 2939 3171 ἐχρῆν,
2993 3100 3112 3169 οὐχὶ
3154 3101 3262 3152 τῶν
3310 3101 3508 3165 ἔξωθεν
3536 3101 3577 3154 ί.
3612 3100 3799 3163 Οὕτως

2222 3182 2522 3253 ἐθάρρουν,
2570 3184 2651 3235 ὅτι
2710 3186 2926 3246 πάντως
2964 3183 3060 3236 ἕνα
3103 3182 3185 3234 δεῖ
3226 3183 3501 3249 γενέσθαι.
3538 3185 3647 3235 Καὶ
3695 3184 3800 3235 οὐκ

2222 3260 2408 3327 εἶπον,
2457 3265 2710 3329 Ἔκλεξαι
2734 3306 2748 3329 ,
2790 3266 2955 3327 ἀλλά,
2995 3265 3290 3328 Ἀνάδειξον
3322 3266 3412 3317 τὸν
3464 3265 3797 3331 ἐκλεγέντα,

2222 3347 2408 3415 φησὶν,
2448 3349 2558 3400 Ὃν
2581 3348 2867 3412 ἐξελέξω·
2904 3348 3101 3410 εἰδότες
3150 3350 3327 3402 πάντα
3356 3348 3693 3418 προωρίσθαι
3718 3348 3801 3417 τῷ

2220 3433 2359 3502 Θεῷ.
2408 3434 2508 3486 Ἐκ
2534 3435 2759 3488 τούτων
2787 3432 2903 3485 τῶν
2929 3433 3037 3486 δύο
3074 3434 3182 3486 ἕνα
3201 3433 3411 3503 ,λαχεῖν
3435 3433 3543 3484 τὸν
3564 3431 3801 3501 κλῆρον

2220 3515 2333 3583 τῆς
2374 3514 2678 3580 διακονίας
2724 3517 2945 3583 ταύτης
3003 3517 3101 3568 καί
3150 3514 3517 3581 ἀποστολῆς.
3540 3510 3648 3566 Ἦν
3687 3514 3799 3583 γὰρ

2220 3600 2315 3651 καὶ
2347 3598 2480 3669 άλλη
2530 3598 2795 3653 διακονία.
2842 3599 2952 3653 Καὶ
2998 3599 3230 3654 ἔδωκαν
3274 3598 3477 3663 αὐτοῖς
3508 3601 3796 3665 κλήρους.

2224 3679 2393 3733 Οὔπω
2440 3681 2549 3752 γὰρ
2590 3682 2815 3743 ἐαυτοὺς
2873 3682 3057 3745 ἀξίους
3090 3691 3116 3728 κ
3167 3681 3395 3751 ἡγοῦντο
3451 3680 3543 3749 ἀφ’
3590 3680 3799 3733 ἐαυτῶν

2222 3763 2579 3827 ἐκλέξασθαι·
2621 3764 2701 3816 διὸ
2742 3764 2836 3817 καὶ
2879 3764 3090 3819 αἰτοῦσι
3126 3765 3216 3817 διά
3254 3781 3395 3827 τινος
3440 3764 3664 3834 σημείου
3693 3778 3799 3831 μα-

2222 3846 2355 3900 θεῖν.

2291 3929 2350 3981 6’.
2399 3929 2608 3991 Ἀλλως
2639 3928 2718 3991 δέ,
2773 3930 2822 3979 εί
2852 3928 2982 3981 ἔνθα
3019 3928 3142 3982 οὔτε
3189 3930 3344 3999 εύχὴ,
3376 3927 3499 3982 οὔτε
3528 3929 3798 3998 ἀξιόλογοι

2221 4012 2434 4082 ἄνδρες,
2457 4011 2659 4080 κλῆρος
2681 4011 2934 4063 τοσοῦτον
2956 4011 3156 4080 ἴσχυσε,
3181 4012 3266 4069 διὰ
3286 4012 3346 4064 τὸ
3374 4011 3432 4076 ἐξ
3458 4013 3624 4083 ὀρθῆς
3644 4014 3799 4080 γενέ-

2224 4097 2345 4148 σθαι
2381 4095 2607 4164 γνώμης
2657 4094 2749 4145 ἐπὶ
2778 4094 2871 4146 τοῦ
2912 4094 3084 4146 Ἰωνᾶ·
3120 4093 3301 4164 πολλῷ
3335 4096 3535 4163 μᾶλλον
3567 4096 3801 4149 ἐνταῦθα

2222 4178 2509 4248 ἐπλήρωσε
2542 4177 2630 4228 τὸν
2656 4176 2834 4246 χορὸν,
2866 4177 3133 4245 ἀπήρτισε
3165 4176 3263 4247 τὴν
3290 4179 3462 4243 τάξιν.
3494 4180 3602 4231 Καὶ
3628 4180 3658 4230 6
3682 4180 3802 4232 ἕτεο

2222 4278 2313 4330 ρος
2344 4261 2443 4311 οὐκ
2478 4259 2736 4329 ήλγησεν·
2797 4259 2856 4310 ού
2891 4258 2999 4330 γὰρ
3031 4258 3097 4313 ἂν
3143 4260 3465 4329 ἀπέκρυψαν
3508 4261 3579 4313 τά
3626 4264 3802 4315 οἰκεῖα

2222 4341 2579 4411 ἐλαττώματα
2610 4343 2659 4393 οἱ
2684 4340 3058 4394 ἀπόστολοιόἴ
3092 4358 3155 4408 γε
3203 4345 3331 4412 περὶ
3361 4343 3538 4395 αὐτῶν
3571 4342 3681 4395 τῶν
3709 4360 3801 4394 κο-

2225 4425 2464 4496 ρυφαίων
2492 4426 2667 4477 εἰπεῖν
2695 4425 2795 4477 οὐκ
2821 4424 3142 4494 ἀπέσχοντο,
3171 4426 3251 4477 ὅτι
3276 4424 3661 4493 ἡγανάκτησαν
3704 4425 3802 4477 ἀλ·

2222 4508 2405 4578 λαχοῦ·
2438 4508 2646 4577 καὶούχ
2672 4505 2838 4572 ἅπαξ,
2864 4508 2997 4561 ἀλλά
3028 4510 3120 4562 καὶ
3147 4507 3227 4569 δὶς
3247 4508 3340 4561 καὶ
3366 4506 3795 4567 πολλάκις.Τιύ-

2223 4610 2344 4655 τους
2370 4588 2462 4644 οὖν
2503 4593 2597 4644 καὶ
2631 4593 2789 4661 ἡμεῖς
2828 4590 3211 4659 μιμησώμεθα.
3264 4591 3376 4642 Οὐκ
3409 4589 3489 4641 ἐτι
3540 4606 3629 4658 μοι
3660 4590 3798 4659 πρὸς

2225 4678 2431 4739 πάντας
2461 4677 2489 4727 6
2524 4673 2701 4740 λόγος,
2738 4672 2873 4725 ἀλλά
2919 4672 3055 4742 πρὸς
3085 4674 3208 4736 τοὺς
3253 4671 3429 4743 ἀρχῆς
3454 4673 3797 4741 ἐφιεμένους.

2225 4760 2287 4812 Εἰ
2319 4756 2613 4820 πιστεύεις,
2642 4757 2723 4809 ὅτι
2749 4755 2885 4808 Θεοῦ
2909 4756 3058 4809 ἐστιν
3094 4755 3313 4824 ἐκλογὴ,
3380 4755 3454 4825 μὴ
3479 4755 3797 4823 ἀγανάκτει·

2226 4842 2417 4909 ἐκείνῳ
2438 4840 2545 4910 γὰρ
2578 4839 2935 4907 ἀγανακτεῖς,
2968 4839 3058 4891 καὶ
3094 4838 3230 4908 πρὸς
3264 4839 3467 4890 ἐκεῖνον
3499 4837 3802 4907 παροξύνῃ·

2226 4926 2433 4985 ἐκεῖνός
2463 4926 2611 4975 ἐστιν
2650 4924 2678 4974 6
2704 4922 3083 4990 ἐκλεξάμενος.
3113 4922 3179 4971 Et
3211 4920 3267 4971 δὲ
3307 4919 3466 4981 αὐτὸς
3495 4919 3591 4987 μὲν
3623 4919 3805 4982 ἐξελέ-

2229 5007 2372 5071 ξατο,
2400 5008 2464 5059 σὺ
2487 5006 2544 5058 δέ
2557 5007 2757 5075 τολμᾷς
2787 5005 2963 5074 τούτῳ
3015 5004 3371 5071 ἀγανακτεῖν,
3407 5001 3601 5053 ταύτὸν
3630 5005 3803 5065 ποιεῖς

2227 5089 2338 5144 οἷον
2368 5090 2568 5143 ὁΚάἳν.
2607 5090 2733 5141 Δέον
2763 5088 2872 5157 γὰρ
2915 5085 3299 5149 ἀποδέξασθαι,
3351 5086 3378 5137 6
3402 5085 3458 5138 δὲ
3478 5085 3558 5137 ὄτι
3588 5102 3803 5155 προετι-

2233 5174 2377 5245 μήθη
2408 5176 2441 5244 ἡ
2466 5174 2628 5227 θυσία
2654 5172 2750 5224 τοῦ
2810 5170 3063 5239 ἀδελφοῦ,
3104 5169 3370 5239 ἐλυπήθη·
3433 5170 3799 5239 ἠγανάκτησε,

2228 5259 2345 5311 δέον
2366 5256 2756 5327 κατανυγῆναι.
2798 5253 2940 5323 Ἐγὼ
2971 5254 3026 5307 δέ
3049 5254 3111 5305 οὐ
3151 5252 3308 5305 τοῦτο
3353 5252 3517 5321 λέγω,
3551 5253 3666 5306 ἀλλ’
3721 5254 3803 5305 ὃτι

2232 5341 2617 5412 συμφερόντως
2646 5335 2787 5391 οἶδεν
2813 5339 3115 5407 οἰκονομεῖν
3146 5337 3175 5389 6
3199 5336 3349 5399 Θεός.
3382 5336 3644 5396 Πολλάκις
3696 5336 3802 5404 γὰρ

2228 5424 2289 5476 τὸ
2322 5423 2420 5493 μὲν
2445 5418 2575 5493 ῆθος
2606 5419 3012 5490 ἐπιεικέστερος
3045 5421 3130 5483 σὺ,
3161 5420 3261 5472 οὐκ
3281 5419 3579 5489 ἐπιτήδειος
3596 5418 3671 5471 δέ.
3694 5418 3801 5470 Πά-

2230 5506 2311 5559 λιν
2336 5507 2449 5557 ἕστι
2481 5507 2563 5556 σοὶ
2599 5504 2697 5573 μὲν
2732 5504 2845 5570 βίος
2876 5504 3116 5571 ἄληπτος
3131 5504 3223 5554 καί
3254 5498 3381 5572 ἦθος
3403 5501 3722 5570 ἐλευθέριον,
3745 5501 3799 5551 ἐν

2293 5609 2319 5647 d
2345 5607 2521 5663 Verba,
2565 5608 2668 5661 πῶς
2708 5605 2852 5653 τοῦτο
2896 5606 3049 5662 δηλοῖ,
3095 5618 3154 5653 ex
3205 5619 3303 5652 uno
3343 5604 3449 5650 cod.
3472 5610 3798 5649 accesserunt.

2231 5674 2366 5723 Ευιτ.
2440 5674 2461 5697 ⁸³
2489 5669 2660 5717 Morel.
2686 5669 2803 5729 εἶναι
2824 5667 3089 5728 μόνον,καί.
3178 5664 3197 5703 τ
3225 5668 3355 5729 Hac,
3376 5665 3479 5729 οὐχὶ
3503 5665 3597 5729 τῶν
3620 5663 3798 5729 ἔξωθεν.

2227 5735 2409 5786 absunt
2462 5730 2522 5777 ab
2563 5728 2788 5777 omnibus
2811 5725 2925 5775 mss.
2956 5729 3164 5784 noslris;
3206 5728 3293 5774 sed
3320 5726 3562 5773 lnabmuur
3582 5725 3631 5770 iu
3655 5726 3804 5770 Savil.

2230 5801 2278 5844 et
2318 5793 2488 5841 Morel.
2515 5796 2569 5839 et
2591 5791 2724 5838 bene
2746 5790 3027 5851 quadranl._
3074 5792 3098 5827 8
3136 5791 3217 5851 Sjc
3231 5799 3355 5851 unu§
3376 5786 3483 5851 ςοςΙ.
3507 5782 3672 5832 Momf.
3697 5798 3803 5851 gu‘m

2230 5808 2278 5844 ΘΙ
2318 5808 2488 5841 ΜΟΓΕΙ.
2515 5808 2569 5839 Cl
2592 5808 2724 5838 DCI":
2746 5808 3002 5844 quauram.
3074 5808 3098 5827 ο
3136 5808 3217 5837 διε
3231 5808 3355 5835 unus
3376 5808 3483 5833 uvu.
3507 5808 3672 5832 muuu.

2229 5855 2467 5966 (ἐοηιηιιιι.
2491 5860 2543 5901 el
2565 5845 2891 5901 duobus'mss.
2912 5848 3114 5911 ἡγοῦντο
3136 5849 3253 5897 εἶναι
3274 5845 3358 5895 τοῦ
3384 5847 3460 5893 διά
3481 5861 3525 5895 τ.
3550 5862 3597 5894 σ.
3627 5845 3801 5909 μαθεῖν.

2274 5931 2365 5965 οιτ.

2274 5931 2365 5965 οιτ.
