4036 6212
163 248 218 302 37
1107 250 1174 307 IN
1211 249 1393 306 ACTA
1437 245 2206 307 Al’OSTOLORlJMJlOIlIL.
2247 249 2338 305 lli.
3358 263 3424 317 ω

156 389 318 432 ωτι-ι
358 372 450 443 qui
476 376 847 426 conveneram
876 364 1088 420 fervore
1126 363 1495 435 resplendens.
1537 362 1728 429 Erant,

156 467 337 535 inquit,
370 468 477 531 fere
499 470 704 516 cauum
747 458 943 527 viginti.
986 456 1148 511 Forte
1183 457 1517 526 septuaginta
1543 498 1556 520 ,
1598 470 1733 526 quos

153 557 518 623 iiscelegenl,
540 551 657 604 sive
676 549 769 601 alii
790 563 1003 618 quoque
1024 563 1087 601 ex
1104 547 1534 613 ferrentioribus,
1549 549 1733 617 quales

151 657 288 700 erant
313 644 522 713 Ioseph
549 653 605 697 et
628 640 879 695 Matthias
908 656 925 693 :
949 650 1002 693 et
1028 640 1281 694 mulieres
1305 639 1485 694 multa:
1508 657 1624 709 qua:
1648 655 1732 693 se-

147 739 448 805 quebantur
488 735 651 793 illum,
686 730 844 784 simul
879 730 1073 799 ubique
1099 729 1340 783 aderant.

211 828 266 881 3.
302 825 436 879 llaec
460 822 678 877 doctoris
708 818 1066 889 providentia.
1096 819 1304 873 Primus
1337 819 1422 873 hic
1451 818 1722 872 doctorem

146 918 447 970 Constituit.
476 914 579 967 Non
605 912 759 973 dixit,
794 911 901 964 Nos
943 910 1009 964 ad
1056 910 1351 964 docendmn
1393 909 1725 964 soflicimus:

147 1008 219 1061 ita
268 1006 448 1075 promi
487 1013 596 1058 erat
641 1018 671 1055 a
719 1017 850 1054 \nnu
881 1000 1072 1070 gloria,
1116 1009 1169 1054 et
1212 1001 1275 1052 ad
1321 1016 1481 1053 unum
1527 1009 1727 1053 Lautum

147 1098 446 1164 spectabat,
488 1108 808 1163 quamquam
844 1108 949 1145 non
1004 1092 1115 1159 pari
1145 1090 1313 1144 forma
1358 1092 1495 1159 apud
1541 1105 1727 1144 omnes

145 1191 261 1255 ejus
290 1190 492 1257 rigebat
526 1186 835 1239 auctoritas.
864 1184 972 1239 Sed
1008 1184 1128 1251 jure
1158 1183 1271 1236 hanc
1300 1184 1377 1237 sic
1408 1183 1728 1252 gerebantur

143 1282 207 1329 ob
233 1280 483 1330 virtutem
514 1276 645 1337 viri;
676 1284 729 1329 et
757 1274 898 1343 quod
929 1290 1069 1328 nunc
1093 1274 1404 1341 praefectura
1429 1288 1531 1327 non
1556 1274 1727 1327 honor

144 1376 298 1428 esset,
333 1367 426 1418 sed
458 1365 788 1433 providentia
832 1379 958 1432 erga
1006 1362 1265 1417 subditos.
1311 1364 1381 1416 Ea
1408 1379 1493 1417 res
1517 1379 1623 1416 non
1650 1365 1723 1417 si-

148 1459 301 1510 nebat
327 1459 522 1511 electos
549 1456 767 1518 eﬂ’erri;
799 1456 865 1509 ad
909 1457 1144 1524 pericula
1184 1456 1324 1509 enim
1354 1457 1679 1511 vocabantur
1707 1473 1723 1522 ;

149 1562 313 1613 neque
341 1561 433 1599 eos
460 1547 545 1612 qui
576 1548 738 1599 electi
773 1558 876 1599 nan
910 1545 1139 1608 fuerant,
1171 1554 1227 1599 ut
1256 1546 1602 1601 inhonoratos
1630 1549 1724 1601 do-

153 1636 280 1689 lere.
306 1641 373 1690 At
396 1652 525 1690 nuiic
562 1653 670 1690 non
702 1646 771 1689 tta
803 1652 862 1690 se
889 1652 975 1690 res
1006 1636 1183 1700 habet,
1213 1638 1304 1691 sed
1335 1646 1518 1690 contra
1548 1638 1724 1690 omni-

156 1742 244 1781 no.
280 1728 400 1781 \‘ide
426 1745 666 1797 namque,
696 1739 916 1783 centum
945 1730 1125 1796 viginti
1154 1738 1327 1794 erant,
1354 1739 1407 1784 et
1436 1746 1595 1783 unum
1627 1744 1723 1797 po-

162 1820 308 1871 stulat
334 1819 396 1870 ab
418 1822 557 1872 omni
588 1818 969 1882 multitudine;
1013 1829 1067 1873 et
1098 1820 1219 1887 jure
1252 1819 1485 1888 quidem.
1517 1819 1724 1873 Primus

160 1913 503 1966 auctoritatem
531 1912 694 1966 habet
722 1914 776 1967 in
806 1914 1040 1983 negotio,
1076 1924 1133 1966 ut
1151 1913 1236 1968 cui
1264 1930 1451 1967 omnes
1472 1916 1723 1969 commis-

163 2003 201 2055 si
230 2002 456 2056 fuissent.
508 2004 637 2057 Huic
683 2004 825 2057 enim
868 2002 1113 2059 Christus
1144 2006 1350 2059 dixerat
1394 2024 1407 2058 :
1448 2004 1513 2058 Et
1545 2006 1721 2059 tuati-

159 2096 337 2159 qsando
358 2111 639 2159 conrersus,
670 2096 921 2163 conﬁrma
956 2096 1139 2165 fratres
1167 2106 1277 2149 tuos
1308 2095 1458 2165 (Luc.
1488 2097 1577 2151 2‘2.
1607 2098 1717 2167 52).

156 2185 294 2251 Quia,
329 2187 520 2255 inquit,
542 2186 940 2241 Connumeratns
969 2198 1074 2241 erat
1094 2190 1146 2241 in
1172 2188 1333 2255 nobis,
1368 2189 1487 2244 idco
1510 2200 1721 2255 oportet

152 2277 297 2329 alium
326 2293 654 2346 proponere,
689 2280 781 2347 qui
816 2278 962 2332 illius
1007 2280 1125 2332 loco
1172 2280 1240 2332 sit
1286 2282 1454 2333 testis.
1486 2281 1549 2333 Et
1575 2282 1717 2347 vide,

152 2369 400 2435 quomodo
448 2369 721 2423 doctorem
768 2384 921 2423 suum
980 2371 1232 2433 imitatur,
1264 2372 1454 2441 ubique
1482 2388 1545 2425 ex
1575 2372 1719 2427 Scri-

153 2461 304 2526 pturis
330 2461 644 2523 disserens;
672 2476 768 2513 nec
790 2462 1069 2531 quidquam
1111 2462 1177 2516 de
1220 2462 1432 2517 Christo
1469 2464 1714 2533 loquens,

152 2550 269 2614 quod
300 2565 501 2617 nempe
528 2550 578 2601 id
607 2550 693 2604 ille
730 2566 865 2619 srcpe
891 2551 1241 2619 praedixisset.
1268 2552 1453 2623 Neque
1479 2554 1607 2608 dicit
1629 2555 1716 2609 ubi

152 2640 403 2707 Swiptura
430 2640 784 2710 proditionem
807 2642 922 2706 ejus
946 2652 1238 2707 memoret;
1269 2660 1480 2713 nempe,
1508 2644 1577 2699 0s
1598 2663 1717 2715 pec-

155 2733 315 2784 caloris
345 2741 391 2784 et
417 2749 471 2785 os
500 2732 663 2784 dolosi
688 2750 842 2800 super
885 2748 965 2784 me
1000 2732 1231 2793 apertum
1274 2744 1347 2787 est
1382 2733 1556 2806 (Psal.
1591 2736 1712 2791 108.

154 2821 222 2885 2;;
246 2823 335 2876 sed
363 2825 446 2877 ubi
473 2832 675 2878 tantum
709 2825 850 2877 illius
870 2825 1110 2893 supplicii
1141 2826 1381 2880 meminit
1407 2844 1421 2881 :
1446 2827 1545 2881 hoc
1570 2829 1713 2882 enim

156 2914 347 2966 interim
386 2914 503 2969 illus
545 2916 685 2969 scire
712 2914 955 2982 juvabat.
998 2915 1127 2969 Illud
1174 2932 1302 2971 vero
1339 2916 1567 2971 niaxime
1614 2918 1717 2972 Do-

157 3005 269 3056 mini
294 3006 661 3075 benignitatem
688 3007 947 3061 declarat.
978 3006 1261 3073 Quoniam,
1292 3009 1482 3078 inquit,
1509 3009 1714 3063 Connu-

157 3106 356 3147 πεττεία
380 3106 479 3148 erat
506 3097 559 3148 in
599 3096 760 3159 nobis,
791 3107 839 3149 et
865 3098 1072 3151 sortitus
1112 3108 1185 3151 est
1228 3107 1412 3152 sortem
1451 3099 1715 3154 ministerii

159 3187 315 3253 hujus.
342 3187 539 3242 Sortem
570 3190 769 3257 ubique
811 3202 983 3255 vocat,
1018 3190 1308 3245 ostendens
1336 3200 1502 3245 totum
1528 3206 1557 3245 a
1586 3208 1712 3261 gra-

163 3280 223 3328 tis
247 3279 331 3331 Dei
366 3291 411 3333 et
455 3282 522 3335 ab
558 3282 678 3350 ejus
724 3282 985 3336 electione
1028 3297 1147 3336 esse
1170 3324 1185 3347 ,
1215 3295 1267 3337 et
1294 3293 1472 3337 vetera
1502 3283 1630 3352 ipsis
1661 3286 1711 3339 in

161 3381 373 3422 mentem
397 3386 667 3435 revocans,
696 3372 839 3441 quod
871 3388 1063 3442 nempe
1087 3373 1227 3428 Deus
1253 3374 1380 3443 ipsis
1402 3385 1597 3429 sortem
1620 3376 1715 3431 dc-

158 3459 309 3523 derit,
339 3473 397 3515 ut
422 3464 543 3515 olim
562 3464 773 3519 Levitis.
809 3466 872 3519 Et
896 3466 1210 3519 immoratur
1231 3466 1293 3521 iis
1319 3483 1438 3536 quae
1465 3468 1714 3523 dicuntur

156 3549 222 3605 de
249 3550 407 3612 Juda,
431 3554 564 3620 quod
608 3571 784 3624 nempe
837 3556 1149 3624 proditionis
1194 3571 1421 3622 merces,
1468 3558 1712 3613 vindicta:

158 3644 216 3694 sit
242 3657 437 3710 pareo.
472 3641 716 3707 Possedit,
746 3648 939 3716 inquit,
963 3663 1141 3717 agrum
1170 3647 1233 3701 de
1270 3649 1495 3702 mercede
1527 3650 1713 3719 iniqui-

154 3733 275 3784 mis.
304 3733 430 3788 \‘ide
457 3737 721 3804 quomodo
749 3735 853 3791 hoc
888 3753 952 3791 ex
996 3736 1175 3791 divina
1204 3736 1607 3806 dispensatione
1632 3741 1711 3794 fa-

152 3837 276 3879 ctum
296 3827 467 3882 fuerit.
493 3826 805 3895 lniquitatis,
830 3831 1020 3898 inquit.
1046 3830 1222 3884 Multa:
1243 3841 1366 3885 sunt
1384 3831 1710 3900 iniquitates,

154 3919 233 3969 sed
258 3920 350 3973 hac
376 3920 507 3973 nihil
532 3921 766 3989 iniquius
795 3936 1043 3991 umquam
1075 3920 1270 3976 laetum
1288 3931 1387 3976 est.
1412 3920 1591 3992 itaque
1614 3923 1714 3976 ini-

152 4012 345 4075 quitatis
371 4022 490 4066 erat
515 4023 807 4083 negotium.
851 4014 960 4068 Nec
1003 4014 1354 4083 pra-sentibus
1385 4024 1585 4068 tantum
1614 4030 1714 4068 no-

155 4112 246 4153 tum
274 4103 388 4168 fuit,
420 4105 518 4159 sed
549 4106 711 4159 etiam
744 4106 971 4175 posteris
998 4107 1244 4160 omnibus
1286 4124 1300 4160 :
1330 4108 1401 4160 ita
1434 4116 1490 4159 ut
1519 4106 1601 4160 vel
1631 4107 1714 4161 in-

154 4194 229 4244 riti
266 4204 318 4247 et
361 4196 515 4249 inscii
563 4196 738 4249 locum
788 4197 1145 4262 nominarent,
1185 4196 1631 4266 quemadmodum
1661 4206 1717 4252 et

153 4282 353 4349 Caiphs
390 4286 736 4356 prophetavit
780 4289 999 4341 inscius.
1050 4288 1188 4342 Deus
1234 4290 1489 4361 compulit
1536 4304 1629 4342 eos
1660 4298 1718 4343 ut

158 4372 385 4431 “Cliniae
417 4393 617 4431 nomen
647 4378 837 4431 darent
864 4379 1168 4433 Aceldama.
1205 4378 1339 4433 llinc
1368 4379 1714 4434 declaraban-

157 4474 227 4515 tar
246 4469 372 4522 mala
401 4468 624 4523 Indzcos
654 4470 919 4523 invasura.
966 4472 1139 4539 Atque
1164 4469 1397 4524 ostendit
1427 4470 1563 4526 hanc
1592 4486 1715 4540 pro-

158 4556 361 4624 phetiam
390 4578 458 4616 ex
489 4571 641 4629 parte
662 4564 979 4633 completam
1008 4582 1021 4617 :
1050 4561 1246 4616 Bonum
1272 4573 1379 4617 erat
1402 4566 1465 4627 ei,
1498 4564 1541 4616 si
1568 4576 1716 4617 natus

154 4656 426 4720 mflisset
454 4657 610 4709 homo
629 4655 718 4709 ille
743 4654 954 4723 (Matth.
986 4656 1077 4709 26.
1107 4655 1223 4723 24).
1255 4656 1327 4711 De
1352 4655 1551 4709 Jndzeis
1580 4670 1715 4724 quo-

152 4758 243 4810 que
266 4748 448 4801 eadem
474 4748 655 4801 dieere
687 4762 781 4815 par
810 4759 912 4801 est.
946 4748 1151 4801 Etenim
1181 4748 1223 4801 si
1254 4747 1357 4799 dux
1384 4748 1569 4816 plexos
1599 4748 1714 4813 fuit,

154 4836 497 4906 multomagis
544 4837 622 4891 lii.
678 4836 781 4891 Sed
830 4837 1021 4890 horum
1066 4836 1199 4891 nihil
1244 4836 1417 4891 adhuc
1462 4840 1715 4907 loquitur.

154 4921 349 4977 Deinde
371 4928 657 4982 ostendens
694 4929 760 4982 de
787 4928 903 4996 ipso
928 4928 1048 4995 jure
1082 4928 1186 4981 dici
1234 4927 1359 4981 illud
1409 4928 1716 4994 Aceldama,

149 5016 351 5069 inducit
384 5021 689 5089 prophetam
717 5021 981 5078 dicentem
1013 5038 1027 5074 :
1061 5019 1181 5072 Fiat
1212 5020 1453 5073 habitatio
1488 5022 1597 5088 ejus
1624 5020 1717 5073 de-

148 5119 275 5159 serto
303 5108 465 5177 (Paul.
496 5112 588 5167 68.
629 5111 745 5179 26).
792 5111 928 5178 Quid
956 5113 1099 5166 enim
1131 5110 1395 5166 desertius
1433 5113 1719 5181 sepulcro?

150 5196 263 5252 Ideo
291 5201 367 5253 sic
402 5202 523 5270 jure
548 5201 734 5257 debuit
777 5217 904 5272 ager
944 5204 1145 5257 vocari.
1190 5202 1289 5267 Qui
1320 5202 1460 5255 enim
1490 5204 1719 5272 pretium

148 5293 458 5354 numeravit,
490 5294 697 5346 etiamsi
728 5294 815 5346 alii
858 5294 1108 5356 eruerint,
1154 5293 1242 5348 ille
1282 5293 1471 5346 merito
1510 5294 1717 5347 censeri

148 5382 292 5433 «tollet
319 5398 479 5435 caua
510 5400 632 5438 esse
664 5395 822 5437 tanta!
869 5385 1233 5438 desolatioois.
1279 5384 1403 5438 Hzcc
1435 5399 1595 5455 porro
1620 5384 1717 5437 de-

148 5472 323 5523 sudatio
370 5474 690 5543 principium
736 5486 816 5529 cst
858 5474 1091 5529 Judaicm
1122 5475 1488 5540 cholationis,
1531 5475 1573 5528 si
1602 5476 1720 5544 quis

150 5560 415 5631 αλῖεῡιιτ
446 5566 734 5634 expendat.
764 5566 894 5620 Nam
928 5576 982 5621 et
1030 5568 1124 5637 ipsi
1170 5570 1374 5638 scipsos
1412 5569 1549 5620 tame
1573 5567 1721 5621 occi-

155 5658 352 5721 ύσηιιῐ,
380 5660 690 5727 multosque
720 5660 1117 5739 interemerunt,
1151 5673 1199 5718 et
1230 5662 1355 5717 urhs
1389 5660 1511 5732 ipsa
1537 5661 1717 5727 sepul-

1847 377 1995 416 crum
2022 360 2119 415 fuit
2152 362 2420 432 hospitum
2448 372 2504 419 et
2526 364 2773 421 militum.
2802 367 2926 426 illos
2954 386 3081 428 vero
3109 389 3179 431 ne
3207 378 3421 448 sepeliri

1843 452 2057 522 quidem
2085 454 2353 520 sinebant,
2382 463 2438 508 ut
2466 456 2735 524 sepultura
2779 460 3044 532 indignos.
3086 465 3295 539 Oportet
3328 472 3423 542 igi-

1840 553 1941 607 tur,
1971 544 2157 613 inquit,
2187 562 2248 599 ea:
2272 546 2350 599 Itis
2396 548 2514 600 viris
2550 550 2639 618 qui
2677 550 2933 605 nobiscum
2966 569 3084 610 sunt
3109 564 3418 631 congregati.

1842 634 1991 698 Vide,
2006 638 2273 704 quomodo
2300 638 2410 691 vult
2432 640 2549 692 illos
2566 648 2727 693 testes
2745 643 2983 698 oculatos
3005 646 3183 707 fuisse.
3208 653 3418 705 etiamsi

1836 726 2160 781 adventuros
2204 740 2346 782 esset
2394 730 2624 797 Spiritus
2654 749 2666 784 :
2696 741 2927 788 attamen
2967 752 3212 806 magnam
3258 741 3417 811 hujus

1837 816 1911 869 rei
1938 832 2114 869 curam
2141 818 2385 873 habebat.
2417 818 2501 873 Ea:
2521 822 2657 885 viris,
2689 822 2874 891 inquit,
2906 826 2992 893 qui
3014 828 3270 883 nobiscum
3297 844 3417 886 sunt

1836 910 2144 977 congregati,
2175 910 2224 961 in
2254 911 2391 963 οηιηὶ
2418 920 2641 979 tempore
2664 930 2762 979 quo
2789 915 2992 968 intravit
3026 928 3076 971 et
3104 920 3251 972 exiuit
3288 923 3417 975 inter

1835 1013 1925 1051 nos
1947 998 2188 1052 Dominus
2207 999 2375 1054 Jesns.
2403 1002 2675 1071 Significat
2701 1004 2844 1073 ipsos
2869 1006 3133 1063 habitasse
3154 1025 3273 1064 cum
3298 1013 3413 1079 illo,

1833 1102 1932 1140 nec
1957 1089 2266 1156 simpliciter
2289 1092 2448 1145 fuisse
2476 1092 2781 1160 discipulos.
2812 1095 3070 1152 Nimirum
3098 1116 3126 1151 a
3158 1101 3417 1170 principio

1834 1179 1984 1231 inulti
2013 1181 2374 1248 sequebantur
2397 1197 2539 1235 eum.
2574 1183 2703 1237 Vide
2746 1186 2903 1253 igitur
2922 1190 3192 1256 quomodo
3226 1191 3366 1247 dicat
3398 1210 3412 1245 :

1832 1265 1960 1319 Erat
1990 1286 2121 1321 unus
2151 1287 2212 1323 ea:
2235 1272 2431 1325 duobus
2456 1273 2543 1340 qui
2563 1274 2828 1327 audierant
2844 1294 2878 1327 α
2904 1275 3127 1343 Joanne,
3150 1289 3196 1332 et
3213 1283 3414 1350 sequuti
3508 1272 3519 1288 ’

1830 1367 1944 1409 sunt
1969 1358 2143 1412 Jesum
2172 1360 2346 1427 (Joan.
2386 1365 2434 1417 l.
2476 1363 2589 1431 40).
2632 1363 2699 1417 1η
2751 1367 2888 1419 omni
2932 1377 3176 1438 tentpore,
3221 1372 3408 1441 inquit,

1829 1464 1927 1515 quo
1959 1450 2161 1503 intrarit
2192 1464 2236 1503 et
2262 1454 2412 1505 exivit
2441 1455 2571 1506 inter
2596 1472 2687 1508 nos
2717 1455 2964 1512 Dominus
2987 1457 3143 1513 Iesus
3168 1462 3411 1531 incipiens

1828 1554 1859 1589 a
1887 1540 2183 1606 baptismate
2207 1542 2442 1596 Joannis.
2474 1544 2636 1599 Reczc
2666 1547 2886 1611 etenim,
2916 1565 3035 1618 quae
3076 1553 3222 1619 prius
3259 1566 3407 1623 gesta

1829 1627 2056 1695 fuerant,
2089 1647 2246 1686 uerno
2283 1646 2499 1688 noverat
2528 1636 2769 1699 edoctus,
2808 1638 2898 1691 sed
2926 1655 2955 1692 a
2983 1641 3181 1710 Spiritu
3209 1644 3409 1700 didice-

1828 1731 1972 1774 runt.
2004 1719 2173 1785 Usque
2193 1724 2242 1775 in
2264 1724 2415 1790 diem,
2440 1725 2627 1794 inquit,
2654 1743 2754 1797 qua
2780 1743 3068 1799 assumptus
3094 1744 3165 1787 cst
3190 1753 3220 1787 a
3247 1738 3406 1804 nobis,

1827 1818 1997 1861 testem
2021 1814 2395 1868 resurrectionis
2423 1817 2531 1885 ejus
2571 1818 2824 1872 nobiscum
2858 1820 2968 1887 [ἱενὲ
3000 1838 3154 1876 unum
3192 1827 3405 1879 existis.

1826 1900 1938 1955 Non
1968 1904 2119 1968 dixit,
2151 1904 2477 1960 C:rterorum
2524 1918 2713 1962 testem
2739 1926 2754 1974 ;
2786 1913 2901 1976 sed,
2954 1912 3146 1968 Testem
3180 1932 3406 1969 resurre-

1825 1992 2023 2060 ctionis,
2056 2002 2280 2048 tantum.
2324 1996 2455 2050 Nam
2490 1998 2594 2051 fide
2621 1999 2833 2068 dignior
2861 2012 2974 2055 erat
3002 2004 3065 2063 is.
3100 2006 3189 2073 qui
3227 2006 3408 2062 dicere

1827 2096 2068 2154 poterat:
2102 2089 2201 2154 Qui
2247 2089 2457 2153 edebat,
2501 2091 2741 2157 bibebat,
2785 2102 2838 2147 et
2882 2096 3168 2150 crucifixus
3206 2107 3307 2163 est,
3360 2100 3407 2154 is

1826 2176 1938 2244 ipse
1987 2179 2297 2232 resurrexit.
2354 2180 2538 2249 Itaque
2584 2197 2756 2251 neque
2797 2186 3072 2251 prwteriti,
3106 2202 3277 2256 neque
3320 2204 3409 2245 se-

1824 2267 2032 2334 quentis
2062 2270 2335 2337 temporis,
2370 2286 2541 2340 neque
2572 2273 2843 2341 signorum
2878 2283 3066 2329 testctn
3097 2292 3218 2333 esse
3240 2294 3403 2349 opor-

1825 2360 1987 2426 tebat,
2018 2361 2110 2414 sed
2144 2365 2554 2417 resurrectionis
2586 2375 2813 2420 tantum.
2854 2366 2940 2420 Illa
2974 2384 3202 2439 namque
3227 2373 3404 2426 mani-

1824 2448 1953 2503 festa
2006 2460 2061 2505 et
2101 2451 2151 2504 in
2194 2452 2441 2506 confesso
2490 2465 2670 2517 erant;
2712 2458 3031 2510 resurrectio
3059 2466 3236 2513 autem
3266 2462 3403 2516 clam

1822 2542 1954 2596 facta
1986 2542 2179 2606 fuerat,
2211 2545 2397 2614 hisque
2426 2547 2597 2599 solum
2645 2559 2766 2600 nota
2796 2558 2931 2603 erat.
2960 2549 3142 2619 Neque
3171 2552 3353 2607 dicunt
3386 2572 3400 2607 :

1822 2634 2007 2702 Angcli
2048 2634 2298 2689 dixerunt
2330 2636 2510 2700 nobis;
2545 2637 2659 2698 sed.
2689 2638 2796 2692 Nos
2840 2637 3087 2695 vidimus.
3124 2641 3400 2699 Undenam

1820 2726 1870 2780 id
1904 2726 2241 2781 manifestum
2272 2728 2391 2782 est?
2422 2728 2498 2782 Ex
2538 2730 2806 2784 miraCulis
2846 2747 2966 2800 qua:
3001 2731 3243 2787 facimus.
3279 2735 3403 2791 ldco

1821 2824 1944 2868 tunc
1977 2816 2307 2884 potissimum
2357 2818 2473 2872 illos
2532 2818 2633 2872 lide
2666 2819 2854 2888 dignos
2888 2835 3007 2875 esse
3040 2824 3293 2889 Oportuit.
3338 2825 3401 2877 Et

1815 2916 2120 2973 statuerunt,
2156 2909 2346 2977 inquit,
2376 2910 2521 2962 duos.
2565 2908 2672 2964 Cur
2709 2926 2817 2964 non
2866 2911 3082 2981 plures?
3119 2911 3196 2966 Ne
3231 2915 3401 2982 major

1818 2999 1971 3055 fieret
1997 3000 2296 3055 animorum
2331 3002 2679 3071 perturbatio,
2716 3018 2847 3058 neve
2878 3019 2964 3059 res
2992 3006 3043 3059 in
3075 3007 3271 3060 multos
3295 3023 3393 3063 ex-

1818 3093 2147 3148 tenderetur.
2178 3092 2287 3148 Nec
2316 3094 2434 3147 sine
2471 3108 2628 3149 causa
2662 3094 2935 3150 Matthiam
2981 3098 3185 3167 adjicit.
3219 3102 3313 3156 sed
3345 3112 3403 3159 ut

1816 3186 2061 3240 ostendat
2080 3200 2224 3249 eum,
2248 3186 2334 3255 qui
2357 3186 2499 3255 apud
2526 3185 2766 3241 honiines
2789 3187 3115 3243 honorabilis
3134 3200 3237 3258 est,
3256 3194 3399 3262 apud

1819 3278 1983 3331 Deum
2034 3292 2155 3333 esse
2204 3277 2529 3333 inferiorem.
2570 3278 2639 3333 Et
2680 3279 2836 3334 simul
2885 3296 3073 3336 omnes
3116 3294 3401 3353 precantur

1816 3370 2076 3435 dicentes,
2109 3368 2206 3436 Tu,
2234 3370 2467 3435 Domine,
2497 3374 2583 3441 qui
2609 3373 2765 3425 corda
2789 3374 2918 3426 nosti
2950 3378 3196 3442 omnium,
3228 3388 3398 3433 osten-

1817 3459 1899 3511 de.
1942 3459 2059 3525 Tu,
2111 3476 2216 3514 non
2266 3476 2383 3514 nos.
2434 3460 2745 3530 Opportune
2784 3463 3025 3517 cordium
3072 3469 3398 3536 cognitorem

1817 3559 2009 3605 vocant
2040 3567 2054 3604 :
2083 3554 2150 3605 ab
2194 3552 2286 3605 illo
2330 3553 2473 3606 enim
2505 3554 2698 3608 electio
2734 3554 2969 3608 facienda
3000 3568 3134 3622 erat,
3179 3574 3284 3612 non
3332 3560 3400 3612 ab

1816 3644 1955 3697 aliis.
2008 3644 2095 3698 Sic
2142 3644 2481 3700 conlidenter
2535 3645 2906 3715 loquebantur,
2956 3649 3079 3718 quia
3120 3652 3402 3720 oportebat

1817 3735 2036 3788 omnino
2081 3750 2245 3788 unum
2290 3735 2433 3804 eligi.
2492 3734 2675 3805 Neque
2729 3737 2998 3799 dixerunt,
3054 3739 3229 3810 Elige;
3280 3743 3395 3807 sed,

1817 3824 2050 3879 Ostende
2103 3825 2328 3878 electum
2359 3864 2375 3889 ,
2424 3824 2583 3889 Quem
2621 3826 2868 3894 elegeris,
2917 3830 3122 3898 inquit:
3166 3832 3401 3889 scientes

1817 3918 1996 3968 omnia
2014 3929 2041 3967 a
2071 3914 2178 3968 Deo
2206 3913 2532 3983 prmdelinita
2555 3930 2693 3969 esse.
2717 3916 2801 3969 Ex
2823 3918 2899 3970 his
2922 3920 3115 3974 duobus
3137 3940 3293 3976 unum
3315 3941 3403 3976 ac-

1818 4008 1983 4077 cipere
2001 4015 2183 4060 sortem
2212 4006 2474 4058 ministerii
2502 4008 2652 4071 Itujns
2672 4017 2717 4059 et
2745 4009 3074 4073 apostolatus.
3100 4011 3232 4065 Erat
3257 4016 3399 4067 enim

1819 4100 1978 4153 etiam
2012 4098 2156 4153 aliud
2193 4097 2571 4152 ministerium.
2601 4096 2665 4149 Et
2689 4097 2933 4150 dederunt
2957 4109 3115 4153 sortes
3144 4103 3233 4155 eis.
3254 4103 3402 4156 Non-

1820 4190 1944 4244 dum
1964 4191 2104 4245 enim
2124 4207 2181 4243 sc
2202 4189 2393 4259 dignos
2413 4204 2532 4243 esse
2551 4188 2825 4257 putabant,
2841 4191 2931 4259 qui
2953 4206 3017 4244 ex
3044 4206 3167 4248 sese
3193 4195 3289 4261 ipsi
3323 4195 3401 4247 fa-

1821 4292 2004 4337 cerent
2021 4283 2336 4337 electionem
2361 4299 2374 4334 :
2399 4281 2519 4335 ideo
2542 4282 2763 4351 cupiunt
2790 4282 2969 4352 aliquo
2991 4283 3143 4353 signo
3167 4286 3401 4339 edoreri.

1895 4374 1947 4429 ι.
1979 4373 2227 4442 Alioquin
2261 4389 2407 4437 vero,
2439 4374 2483 4426 si
2526 4374 2611 4426 ubi
2645 4388 2744 4427 nec
2786 4375 3023 4443 precatio
3052 4385 3186 4440 erat,
3229 4392 3402 4447 neque

1823 4464 1963 4533 digni
1994 4464 2087 4517 viri
2129 4463 2371 4526 aderant,
2405 4472 2607 4516 tantum
2640 4463 2800 4518 valuit
2826 4480 2963 4528 sors,
2992 4480 3058 4518 eo
3084 4466 3225 4537 quod
3258 4480 3407 4522 recto

1823 4555 2002 4607 animo
2032 4554 2202 4614 lierel,
2245 4568 2435 4621 nempe
2472 4568 2634 4621 super
2678 4553 2810 4607 Jona
2842 4572 2855 4606 :
2907 4556 3073 4609 multo
3102 4559 3267 4627 magis
3296 4559 3401 4621 hic.

1824 4645 1912 4698 ubi
1943 4644 2165 4698 chorum
2208 4644 2465 4712 explevit,
2517 4643 2603 4697 ubi
2653 4643 2894 4699 ordinem
2947 4644 3187 4714 perfecit.
3224 4647 3408 4719 Neque

1824 4734 1960 4789 alter
1988 4734 2186 4799 doluit;
2217 4750 2321 4788 non
2349 4734 2492 4787 enim
2526 4733 2575 4787 id
2602 4735 2892 4789 tacuissent
2911 4737 3158 4803 apostoli,
3188 4739 3277 4807 qui
3301 4755 3407 4792 non

1825 4827 2195 4882 abstinuerunt
2218 4843 2247 4880 a
2280 4826 2573 4881 referendis
2602 4827 2760 4879 etiam
2786 4828 3171 4897 praecipuornm
3193 4841 3410 4897 aposto-

1828 4920 1997 4975 lorum
2026 4921 2186 4982 vittis,
2234 4920 2446 4987 quando
2496 4933 2688 4987 nempe
2733 4919 2988 4989 indignati
3031 4930 3157 4973 sunt
3186 4935 3290 4973 non
3319 4937 3406 4975 sc-

1828 5013 1953 5075 mel,
1985 5011 2080 5067 sed
2108 5011 2189 5065 bis
2217 5020 2271 5066 et
2296 5011 2512 5079 pluries.
2544 5012 2651 5063 llos
2694 5011 2868 5079 itaque
2893 5021 2948 5064 et
2977 5026 3075 5065 nos
3112 5012 3404 5066 imitemur.

1829 5103 1942 5158 Non
1989 5104 2237 5156 onmibus
2274 5103 2480 5170 loquor,
2522 5100 2615 5153 scd
2659 5101 2742 5161 iis,
2768 5101 2856 5168 qui
2892 5101 3243 5169 principatum
3281 5104 3413 5159 alle-

1830 5204 1992 5247 ctant.
2017 5194 2069 5247 Si
2096 5194 2272 5247 credis
2295 5190 2611 5246 electionem
2634 5206 2661 5241 a
2686 5190 2796 5243 Deo
2819 5205 2961 5255 esse,
2991 5207 3057 5245 ne
3082 5193 3370 5263 indigneris
3395 5215 3407 5251 :

1830 5287 2088 5341 adversus
2120 5286 2265 5338 illmn
2309 5283 2449 5336 enim
2496 5281 2787 5353 indigneris
2828 5295 2878 5339 et
2917 5285 3141 5339 irritaris
3170 5304 3183 5338 :
3214 5287 3301 5341 ille
3331 5297 3413 5342 est

1830 5381 1917 5441 cui
1968 5378 2149 5446 elegit.
2180 5375 2236 5433 Si
2260 5387 2436 5431 autem
2460 5378 2617 5445 elegit
2642 5378 2747 5440 ilI:-,
2773 5388 2825 5431 et
2846 5378 3199 5443 sicindignari
3224 5381 3408 5441 audes,

1832 5446 2060 5540 ldipsum
2089 5466 2221 5522 facis
2246 5464 2389 5535 quod
2411 5466 2564 5519 Cain.
2587 5464 2721 5519 Cum
2749 5466 2889 5520 cnim
2917 5471 3214 5536 approbare
3243 5482 3397 5534 Opor-

1832 5564 2038 5619 tuissct.
2072 5574 2211 5623 a'gre
2236 5568 2293 5614 et
2319 5558 2533 5628 indigne
2565 5558 2683 5611 tulit
2709 5558 2819 5620 ille,
2849 5558 2988 5627 quod
3020 5557 3197 5612 fratris
3221 5554 3303 5609 sui
3332 5553 3407 5602 vi-

1828 5652 2001 5709 ctima
2034 5656 2302 5715 acceptior
2329 5664 2468 5709 esset
2496 5670 2509 5718 ;
2551 5649 2764 5721 quando
2797 5646 3073 5722 cotnpuogi
3096 5636 3395 5711 οροτιυωι·
