4026 6216
559 324 630 378 δθ
1268 312 1324 368 S.
1363 308 1640 367 JOANNIS
1674 304 2139 365 CHRYSOSTOMI
2176 304 2495 362 ARCHIEP.
2535 304 3065 362 CONSTANTINOP.
3766 307 3833 362 ιο

560 433 672 504 Ego
697 443 825 486 vero
853 443 959 483 non
987 426 1089 481 hoe
1115 425 1255 491 dico,
1285 423 1379 479 sed
1404 422 1544 492 quod
1577 422 1715 475 Deus
1738 419 1871 474 sciat
1900 434 2011 473 rem
2032 416 2136 474 uti-

561 530 682 581 liter
722 525 1055 593 dispensare.
1101 518 1254 589 Smpe
1297 532 1525 587 namque
1564 525 1621 570 tu
1645 557 1660 580 ,
1693 515 1781 583 qui
1814 512 2050 567 moribus
2078 525 2139 567 es

562 614 991 679 modestioribns,
1024 628 1127 666 non
1156 622 1329 664 tamen
1358 609 1581 663 idoneus
1601 622 1680 662 es.
1714 606 1916 659 Rursus
1942 612 2027 658 est
2046 601 2141 659 tibi

564 709 669 761 vita
701 707 962 775 inculpata
985 716 1266 770 moresque
1293 699 1539 754 liberales
1565 706 1690 751 sunt
1719 714 1732 749 :
1769 710 1940 765 neque
1964 704 2140 750 tamen

564 798 618 852 in
648 796 884 852 Ecclesia
927 795 1039 847 lucc
1090 792 1219 846 satis
1259 799 1401 845 sunt.
1450 790 1697 859 Alioquin
1736 804 1866 844 vero
1902 788 2037 840 alius
2076 783 2144 838 ad

562 888 700 942 aliud
738 895 814 941 est
862 885 1102 939 idoneus.
1150 884 1339 936 Annon
1383 880 1552 945 vides,
1583 887 1834 949 quantam
1882 880 2137 932 harumce

564 994 741 1034 rerum
771 977 1030 1030 rationem
1060 973 1251 1027 habeat
1275 972 1453 1025 divina
1479 972 1789 1040 Scriptura?

635 1065 881 1133 Episcopi
896 1064 1132 1133 oﬁicium.
1145 1062 1337 1117 -—Sed
1352 1062 1547 1125 dicam,
1571 1077 1671 1131 qua
1692 1061 1757 1115 de
1773 1076 1931 1115 causa
1956 1060 2053 1115 hac
2078 1058 2148 1115 de

565 1173 622 1211 η
649 1154 865 1210 dissidia
895 1154 1136 1207 oriantur
1164 1170 1176 1204 :
1206 1153 1327 1222 quia
1357 1167 1548 1220 nempe
1584 1167 1687 1205 non
1731 1151 1879 1220 quasi
1911 1150 1975 1203 ad
2007 1165 2146 1219 prte-

563 1248 820 1303 fecluram
852 1256 905 1300 et
937 1246 1285 1313 patrocinium
1312 1244 1530 1297 fratrum
1555 1243 1874 1307 accedimus,
1900 1243 1991 1296 sed
2019 1256 2151 1311 qua—

563 1340 607 1393 si
639 1339 704 1392 ad
738 1338 995 1391 honorem
1027 1346 1080 1389 et
1111 1336 1372 1405 requiem.
1404 1334 1457 1389 Si
1482 1335 1647 1388 scires
1672 1334 1811 1387 enim
1840 1334 2147 1403 episcopum

565 1432 803 1483 omnium
835 1443 975 1493 esse,
1021 1432 1259 1481 omnium
1303 1442 1464 1482 onera
1519 1428 1657 1481 ferre
1691 1435 1978 1495 Oportere;
2007 1425 2148 1495 quod

565 1521 685 1574 aliis
710 1517 1063 1578 irascentihus
1090 1519 1243 1572 venia
1269 1518 1442 1579 detur,
1475 1517 1550 1570 illi
1578 1531 1706 1569 vero
1731 1515 1949 1569 minime
1968 1531 1983 1578 ;
2005 1514 2147 1584 quod

565 1612 685 1665 aliis
712 1611 1052 1681 peccantibus
1074 1609 1347 1664 excusatio
1377 1608 1562 1671 multa,
1593 1607 1691 1675 ipsi
1720 1622 1848 1661 vero
1876 1606 2013 1659 nulla
2040 1607 2145 1659 sit:

567 1702 632 1755 ad
666 1704 801 1756 hanc
830 1702 1141 1771 dignitatem
1175 1717 1279 1753 non
1329 1700 1671 1753 accurrisses.
1719 1697 1816 1751 Hie
1858 1697 1999 1751 enim
2028 1712 2149 1751 om-

569 1795 713 1847 nium
750 1794 943 1863 linguis
967 1793 1247 1859 expositus
1278 1800 1380 1855 est,
1412 1791 1651 1843 omnium
1674 1787 1902 1856 judicio,
1934 1787 2153 1854 sapien-

569 1884 696 1937 tium
720 1894 773 1937 et
805 1884 1165 1951 insipientium
1196 1899 1210 1933 :
1235 1880 1557 1950 quotitlianis
1583 1878 1723 1933 curis
1744 1878 2008 1939 atteritur,
2040 1877 2149 1932 imo

568 1984 623 2029 et
651 1976 924 2029 nocturnis
955 1992 967 2026 :
1003 1975 1288 2027 multorum
1320 1971 1463 2032 odio,
1496 1971 1782 2023 multorum
1826 1966 2033 2020 invidia:
2060 1980 2153 2035 pa-

571 2075 667 2119 tet.
693 2066 768 2119 Ne
795 2065 922 2118 mihi
951 2064 1094 2118 enim
1121 2064 1186 2117 de
1214 2063 1317 2116 illis
1346 2061 1597 2129 loquaris,
1621 2060 1707 2128 qui
1738 2058 1914 2112 omnia
1942 2056 2005 2109 ad
2028 2072 2153 2126 gra-

572 2159 698 2210 tiam
733 2158 950 2219 faciunt,
984 2163 1035 2208 et
1082 2154 1317 2208 dormire
1364 2151 1605 2220 cupiunt,
1643 2150 1731 2219 qui
1763 2149 1827 2202 ad
1862 2150 1961 2203 hoc
1990 2162 2149 2217 uegoo

573 2251 700 2302 titnu
729 2249 878 2317 quasi
908 2246 972 2300 ad
997 2248 1231 2316 requiem
1260 2245 1540 2301 accedunt.
1591 2244 1662 2297 De
1694 2242 1776 2296 his
1804 2258 1907 2295 non
1938 2241 2153 2309 loquor,

571 2340 665 2393 Sed
696 2339 763 2392 de
796 2339 879 2403 iis,
913 2339 1002 2407 qui
1048 2337 1264 2406 vigilant
1312 2350 1407 2403 pro
1459 2333 1737 2388 animabus
1788 2335 2014 2398 vestris,
2065 2333 2155 2402 qui

570 2428 903 2482 subditorum
933 2427 1157 2480 salutem
1181 2442 1291 2479 sua:
1318 2432 1667 2492 anteponunt.
1698 2424 1795 2477 Dic
1816 2424 1943 2477 mihi
1973 2442 1985 2477 :
2016 2424 2059 2477 si
2087 2424 2153 2490 is,

573 2521 662 2588 qui
694 2526 879 2573 decem
911 2518 1050 2572 ﬁlios
1093 2518 1251 2571 habet
1279 2517 1538 2579 subditos,
1574 2531 1756 2571 secum
1805 2531 2020 2585 semper
2058 2516 2157 2571 ha-

574 2612 825 2677 bitantes,
871 2612 986 2665 sine
1029 2609 1423 2664 intermissione
1466 2623 1649 2662 curam
1696 2608 1907 2679 illorum
1962 2606 2159 2663 habere

573 2705 814 2773 cogitur;
848 2704 910 2769 is,
941 2702 1027 2772 qui
1061 2710 1138 2756 tot
1163 2700 1343 2769 habet,
1371 2716 1477 2756 non
1504 2700 1603 2755 sub
1624 2716 1783 2754 mam.
1806 2700 2031 2769 positos.
2053 2715 2159 2756 non

573 2794 964 2859 cohabitantes,
997 2792 1090 2847 sed
1118 2793 1423 2848 auctoritati
1454 2808 1564 2848 suae
1602 2793 1982 2862 obsequentes,
2025 2809 2158 2862 qua-

575 2892 680 2943 lem
711 2904 830 2944 esse
859 2886 1107 2958 oportet?
1146 2887 1275 2952 Sed,
1327 2887 1554 2957 inquies,
1585 2886 1637 2939 in
1666 2885 1870 2940 honore
1915 2885 2158 2938 habetur.

574 2980 630 3034 ltt
668 2994 774 3048 quo
816 2978 1057 3032 honore?
1108 2977 1375 3045 Pauperes
1423 2975 1664 3030 vilissimi
1715 2975 1767 3027 in
1825 2976 1936 3029 foro
1989 2974 2158 3041 ipsum

576 3070 833 3125 conviciis
882 3070 1139 3122 lacerant.
1188 3068 1296 3119 Cur
1339 3080 1468 3132 ergo
1512 3065 1617 3117 illis
1658 3078 1759 3115 non
1793 3080 1852 3114 os
1882 3062 2161 3116 occludit?

577 3162 727 3217 Belle
750 3176 879 3214 sane
901 3176 916 3222 ;
938 3158 1029 3211 sed
1061 3173 1164 3209 non
1191 3171 1327 3225 opus
1343 3155 1579 3223 episcopi
1605 3168 1806 3206 narras.
1832 3154 2035 3207 Rursus
2059 3154 2160 3209 uisi

577 3252 824 3306 omnibus
853 3248 1123 3315 largiatur,
1144 3255 1249 3299 tam
1272 3244 1478 3308 otiosis,
1510 3260 1668 3314 quam
1701 3244 1785 3306 iis,
1818 3245 1905 3313 qui
1928 3259 2159 3313 operatio

581 3356 685 3404 tur,
724 3342 871 3396 mille
909 3340 1139 3408 undique
1172 3336 1630 3392 criminationibus
1669 3337 1942 3405 impetitur
1970 3351 2163 3393 :ucmo

580 3439 736 3491 timet
757 3436 901 3489 illum
925 3447 1178 3487 accusare
1207 3440 1261 3486 et
1276 3431 1568 3485 criminari.
1590 3430 1720 3484 Nam
1744 3446 1867 3500 erga
1898 3431 2164 3501 principes

580 3536 753 3582 metus
768 3524 1002 3586 cohibet,
1020 3537 1143 3592 erga
1168 3522 1265 3575 hos
1280 3520 1519 3576 minime.
1541 3521 1693 3591 Apud
1713 3521 1830 3575 illos
1845 3523 1984 3576 enim
2005 3522 2166 3579 timor

581 3618 674 3672 Dei
691 3616 818 3670 nihil
837 3614 997 3668 valet.
1022 3612 1149 3679 Quis
1161 3620 1545 3681 reprarseutare
1569 3612 1735 3681 possit
1755 3626 1937 3665 curam
1959 3612 2026 3665 de
2044 3627 2165 3665 ver-

582 3709 650 3762 ho
669 3716 723 3761 et
748 3704 1013 3768 doctrina,
1046 3700 1412 3755 difﬁcultatem
1442 3702 1493 3755 itt
1519 3702 1988 3756 ordinationibus?
2031 3702 2166 3757 For-

584 3808 635 3851 ta
666 3811 726 3851 se
745 3795 827 3849 vel
849 3810 948 3864 ego
968 3792 1256 3847 admodum
1279 3791 1576 3848 imbecillus
1599 3806 1737 3855 sum,
1763 3793 1943 3855 miser,
1965 3801 2019 3847 et
2046 3793 2165 3846 nul-

584 3888 687 3944 lius
706 3886 895 3957 pretii;
922 3886 1003 3940 vel
1022 3900 1109 3939 res
1126 3885 1196 3938 ita
1218 3898 1276 3939 se
1296 3883 1474 3944 habet.
1492 3894 1551 3936 ιιι
1566 3883 1705 3937 dico.
1726 3883 2033 3938 Sacerdotis
2052 3885 2166 3938 aui-

586 3996 670 4035 ma
686 3979 816 4033 nihil
833 3979 1051 4033 diﬁ'erta
1073 3977 1190 4030 navi
1218 3975 1464 4030 ﬁuclibus
1485 3976 1682 4044 agitata
1707 3976 1968 4044 :untlique
1985 3977 2169 4046 pungi-

586 4082 693 4133 tttr,
716 4071 785 4125 ab
804 4070 1009 4135 amicis,
1050 4071 1116 4122 ab
1143 4067 1405 4132 inimicis;
1433 4080 1463 4119 a
1494 4066 1627 4131 suis,
1657 4066 1723 4117 ab
1748 4066 1956 4117 alienis.
1979 4070 2167 4121 Annon

592 4164 740 4219 orbis
767 4159 1187 4229 estltnperatori
1214 4156 1455 4212 subditus
1475 4171 1491 4219 ;
1509 4154 1597 4209 hic
1629 4169 1758 4209 vero
1783 4169 1937 4208 unam
1967 4163 2168 4210 tantum

588 4256 856 4311 civitatem
897 4248 1081 4318 regit?
1129 4248 1199 4302 At
1226 4255 1372 4300 tanto
1402 4246 1634 4310 majores
1673 4251 1798 4296 sunt
1839 4242 1996 4311 hujus
2024 4243 2171 4297 solli-

588 4344 871 4405 citudines,
896 4345 1096 4407 quanto
1120 4335 1287 4402 majus
1309 4342 1391 4387 est
1410 4332 1630 4402 pelagus
1659 4340 1868 4386 tumens
1897 4348 1958 4387 ac
1987 4332 2170 4388 furens

587 4448 722 4499 aqua
756 4429 1006 4483 ﬂuminis.
1053 4426 1220 4490 Quam
1267 4422 1482 4478 tandem
1511 4424 1579 4476 ob
1609 4438 1823 4478 causam
1851 4425 1874 4477 ?
1903 4424 2033 4491 Quia
2064 4425 2169 4481 illic

588 4520 738 4576 multi
766 4527 887 4573 sunt
916 4515 1163 4577 ministri,
1199 4514 1483 4582 omniaque
1517 4513 1634 4584 lege
1677 4523 1732 4567 et
1766 4514 2015 4568 mandato
2046 4530 2171 4584 per-

588 4621 858 4681 aguntur;
905 4608 991 4663 hic
1016 4621 1145 4662 vero
1190 4620 1294 4661 non
1338 4605 1466 4661 item
1512 4622 1527 4659 :
1574 4620 1745 4674 neque
1785 4608 1925 4661 enim
1954 4607 2079 4662 licet
2105 4623 2173 4662 ex

594 4704 912 4759 auctoritate
947 4699 1237 4770 praecipere
1266 4714 1282 4762 ;
1322 4710 1506 4751 verum
1536 4696 1581 4750 si
1609 4696 1893 4751 admodum
1936 4704 2201 4752 commo—'

592 4806 808 4857 veatur,
855 4789 1088 4845 crudelis
1114 4786 1298 4852 audit;
1328 4786 1411 4840 sin
1442 4800 1627 4854 parum
1654 4828 1668 4851 ,
1701 4785 1923 4855 frigidus
1957 4786 2171 4841 dicitur.

598 4884 824 4954 Oportet
849 4890 1026 4935 autem
1065 4878 1179 4932 haec
1206 4877 1313 4932 duo
1342 4878 1606 4931 contraria
1629 4891 1949 4932 concurrere
1968 4919 1983 4941 ,
2017 4878 2086 4932 ita
2116 4886 2173 4933 ιιι

596 4990 696 5030 nec
736 4980 1093 5042 contemptus,
1124 4983 1223 5022 nec
1245 4966 1426 5022 odium
1454 4968 1733 5022 excitetur.
1764 4968 2008 5033 Alioquin
2046 4983 2175 5026 vero

599 5066 713 5135 ipsa
747 5063 953 5132 negotia
981 5066 1374 5128 prmoccupant.
1405 5057 1544 5124 Quot
1575 5058 1819 5111 homines
1855 5057 2060 5125 cogitur
2087 5058 2173 5112 of»

600 5152 837 5216 fendere,
865 5150 993 5205 velit
1018 5148 1149 5203 nolit
1173 5149 1196 5201 ?
1216 5149 1265 5201 iu
1298 5157 1425 5217 quot
1459 5146 1595 5201 alios
1621 5147 1813 5200 invitus
1839 5163 2025 5217 aspere
2053 5164 2181 5219 age-

611 5245 704 5301 re?
736 5245 847 5298 Non
897 5242 1002 5296 alio
1045 5242 1203 5296 modo
1233 5242 1439 5309 loquor,
1472 5255 1629 5309 quam
1677 5250 1733 5294 ut
1776 5239 1995 5294 allectus
2032 5256 2169 5296 sum.

602 5336 718 5388 Non
759 5332 954 5386 multos
998 5342 1124 5401 puto
1153 5329 1455 5384 sacerdotes
1494 5331 1669 5384 salvos
1708 5328 1821 5384 ﬁeri
1844 5370 1858 5394 ,
1888 5330 1980 5384 sed
2021 5330 2176 5398 longe
2208 5328 2209 5331 “

604 5428 776 5493 plures
806 5425 1003 5494 perire,
1028 5439 1132 5477 non
1163 5422 1263 5476 alia
1293 5420 1360 5474 de
1382 5436 1561 5481 causa,
1585 5436 1743 5489 quam
1773 5420 1913 5490 quod
1942 5436 2029 5474 res
2057 5436 2174 5475 ma-

590 5532 755 5585 gnum
807 5515 1035 5584 postulet
1074 5512 1331 5566 animum.
1364 5510 1538 5564 Multis
1577 5512 1720 5564 enim
1771 5511 2177 5568 necessitatibus

588 5625 621 5667 λ
670 5608 897 5678 propriis
947 5605 1161 5675 pellitur
1206 5602 1461 5667 moribus,
1505 5611 1558 5657 et
1604 5603 1895 5659 innumeris
1941 5602 2176 5671 nudique

593 5716 727 5771 opus
761 5698 917 5755 habet
952 5698 1138 5754 oculis.
1187 5693 1303 5751 Non
1350 5693 1498 5749 vides
1540 5708 1695 5762 quant
1736 5695 1898 5748 multa
1943 5705 2079 5762 opus
2107 5694 2175 5748 sit

2248 418 2501 491 episcopo
2528 420 2718 475 adesse
2745 420 2768 473 ?
2798 420 2867 475 Ut
2893 419 3135 475 doctrina
3172 419 3389 487 polleat,
3424 429 3479 474 ut
3506 420 3577 474 sit
3603 421 3833 489 patiens.

2246 518 2303 563 ut
2343 510 2553 565 ﬁdelem
2580 526 2880 566 sermonem
2914 512 2965 565 in
2995 511 3239 565 doctrina
3271 520 3451 565 servet
3484 513 3582 581 (1.
3614 511 3755 565 Tim.
3782 513 3839 568 5.

2245 601 2300 655 2.
2326 602 2430 656 Tit.
2462 604 2514 658 1.
2547 602 2624 674 7).
2662 603 2884 669 Quantae
2912 604 3013 658 hoc
3040 601 3409 657 difﬁcultatis?
3440 604 3680 657 Aliorum
3712 620 3840 673 pec-

2247 695 2379 749 catis
2420 695 2533 762 ipse
2581 695 2844 749 obnoxius
2892 706 2991 749 eSt.
3035 696 3150 749 Alia
3201 709 3309 748 non
3357 708 3636 757 memoro;
3665 695 3759 749 sed
3799 697 3842 749 si

2250 786 2331 839 vel
2360 801 2498 840 unus
2528 786 2747 841 decedat
2776 802 2880 840 non
2907 786 3162 852 initiatus,
3190 802 3374 840 annon
3403 786 3456 840 id
3489 793 3652 839 totam
3682 785 3847 853 ipsius

2249 879 2473 933 salutem
2501 879 2760 933 subvertit
2788 879 2810 931 ?
2839 878 3006 935 Unius
3035 880 3179 933 enim
3210 880 3408 931 anima:
3437 877 3704 946 pernicies
3732 885 3846 930 tan-

2252 980 2362 1021 tum
2393 978 2474 1023 est
2497 969 2779 1034 damnum,
2828 980 2882 1023 ut
2912 971 3060 1024 nullo
3102 971 3268 1039 possit
3312 970 3545 1038 exprimi
3575 983 3845 1022 sermone.

2253 1058 2307 1113 Si
2355 1060 2495 1113 enim
2540 1059 2656 1127 ejus
2700 1060 2846 1113 salus
2891 1061 3020 1114 tanti
3050 1072 3169 1121 est.
3212 1069 3269 1114 ut
3302 1075 3403 1129 pro
3432 1060 3521 1113 illa
3554 1059 3724 1113 Filius
3758 1059 3847 1112 Dei

2255 1151 2416 1205 homo
2447 1154 2616 1206 factus
2656 1163 2709 1206 et
2756 1162 2900 1207 tanta
2931 1168 3118 1222 passus
3146 1155 3251 1219 sit,
3297 1156 3418 1221 ejus
3457 1153 3729 1221 pernicies
3756 1166 3848 1204 co-

2254 1242 2359 1311 gita
2402 1252 2655 1310 quantum
2694 1242 2882 1297 afferet
2929 1245 3267 1313 supplicium.
3316 1243 3373 1298 Si
3426 1243 3508 1307 is,
3558 1258 3653 1311 per
3691 1258 3850 1310 quem

2254 1332 2391 1385 altus
2418 1335 2570 1399 perit,
2599 1332 2648 1385 iu
2674 1330 2772 1386 hac
2800 1334 2903 1386 vita
2933 1345 3103 1387 morte
3129 1334 3321 1402 dignus
3342 1343 3446 1395 est,
3482 1334 3652 1386 multo
3684 1333 3854 1401 magis

2256 1423 2364 1476 ille.
2408 1422 2486 1476 Ne
2526 1423 2653 1476 mihi
2684 1423 2901 1487 dixeris,
2948 1424 3193 1479 Peccavit
3223 1425 3514 1493 presbyter
3542 1434 3636 1477 aut
3668 1423 3852 1476 diaco-

2257 1530 2355 1568 nus
2388 1532 2402 1568 :
2438 1515 2550 1569 haec
2590 1518 2766 1570 omnia
2813 1517 2865 1570 in
2908 1528 3067 1587 caput
3108 1518 3473 1573 ordinaniium
3524 1518 3851 1571 referuntur.

2254 1607 2411 1661 Aliud
2462 1609 2652 1662 iterum
2701 1610 2840 1663 dico.
2884 1608 3171 1680 Contingit,
3203 1620 3257 1665 ιιι
3285 1613 3406 1681 quis
3450 1610 3851 1665 successionem

2252 1699 2480 1767 excipiat
2527 1700 2887 1768 improborum
2930 1702 3203 1756 hominum
3252 1722 3264 1756 :
3310 1703 3524 1757 dubitat
3566 1703 3694 1765 ille,
3728 1702 3854 1769 quid

2252 1791 2460 1845 consilii
2494 1806 2687 1861 capere
2718 1802 2959 1861 oporteat
2986 1797 3125 1848 circa
3157 1795 3424 1863 przeterita
3461 1802 3707 1860 peccata.
3740 1793 3856 1846 Duo

2254 1882 2396 1935 enim
2431 1893 2553 1935 sunt
2584 1884 2894 1951 prabcipitia.
2928 1895 3087 1952 atque
3115 1894 3324 1952 oportet
3367 1899 3549 1953 neque
3582 1884 3735 1937 illum
3769 1884 3855 1936 di-

2254 1974 2465 2027 mittere
2485 2015 2500 2039 ,
2543 1989 2715 2043 neque
2745 1975 2877 2027 alios
2907 1975 3195 2029 otl‘endere.
3226 1978 3304 2029 An
3336 1975 3743 2029 exscindeudus
3773 1983 3858 2027 est

2257 2064 2459 2130 prior?
2492 2063 2686 2118 Verum
2731 2080 2888 2119 causa
2936 2081 3039 2118 non
3091 2066 3256 2119 adest.
3305 2067 3385 2119 An
3444 2064 3802 2119 dimittendus
3832 2066 3857 2116 ?

2259 2156 2431 2209 Etiam
2458 2197 2473 2221 ,
2522 2157 2729 2225 inquies
2764 2175 2776 2210 ε
2812 2172 2932 2211 nam
2965 2158 3082 2226 ejus
3110 2170 3191 2211 est
3236 2155 3392 2226 culpa
3423 2158 3514 2226 qui
3560 2140 3861 2210 ordinavit.

2259 2246 2395 2311 Quid
2445 2247 2620 2316 ergo?
2664 2263 2766 2300 nou
2798 2256 3008 2316 Oportet
3050 2248 3329 2313 ordinare,
3375 2263 3552 2318 neque
3581 2247 3648 2300 ad
3691 2248 3856 2300 alium

2259 2337 2480 2407 gradum
2507 2337 2734 2391 evehere
2752 2338 2775 2389 ἶ)
2795 2338 2901 2392 Sed
2929 2338 3051 2392 hinc
3072 2339 3315 2393 outnihus
3342 2341 3518 2408 palam
3546 2339 3674 2400 erit,
3707 2338 3856 2391 illum

2259 2442 2380 2481 esse
2425 2427 2742 2496 improbum.
2794 2429 2974 2497 Itaque
3023 2444 3206 2483 rursus
3248 2431 3354 2483 alio
3397 2429 3629 2483 oﬁ'eudit
3675 2430 3855 2481 modo.

2258 2516 2396 2572 Num
2443 2519 2508 2571 ad
2555 2519 2806 2588 majorem
2852 2519 3071 2590 gradum
3124 2521 3522 2590 promovendos
3569 2521 3702 2575 est?
3746 2519 3858 2573 lloc

2262 2609 2434 2663 multo
2460 2609 2697 2664 deterius
2724 2621 2827 2664 est.

2327 2702 2383 2757 5.
2399 2700 2539 2756 Onus
2554 2703 2869 2772 episcOpalus
2881 2720 2980 2757 non
2994 2704 3229 2768 ambitur,
3244 2704 3332 2757 sed
3346 2704 3859 2773 dignitas.—itaque

2264 2793 2309 2847 si
2341 2795 2460 2860 quis
2487 2794 2551 2847 ad
2581 2809 2845 2847 summum
2887 2794 3247 2848 sacerdotium
3279 2798 3574 2850 accesserit
3607 2796 3752 2849 velut
3791 2795 3857 2849 ad

2265 2883 2715 2949 sollicitudinem,
2764 2899 2922 2937 nemo
2968 2884 3094 2937 illttd
3139 2885 3293 2939 facile
3347 2894 3672 2958 susceperit.
3709 2889 3859 2941 Nunc

2264 2980 2441 3026 autem
2483 2973 2623 3025 velut
2651 2984 2907 3027 externos
2950 2976 3290 3044 magistratus
3338 2978 3467 3033 illud
3514 2968 3854 3034 alTectamus.

2264 3060 2396 3114 Nam
2443 3073 2499 3115 ut
2542 3062 2708 3130 gloria
2748 3073 2802 3117 et
2841 3063 3043 3118 honore
3083 3066 3220 3134 apud
3253 3067 3496 3123 homines
3527 3071 3853 3134 afﬁciantur,

2263 3153 2401 3222 apud
2446 3154 2608 3209 Deum
2643 3156 2889 3223 perimus.
2927 3156 3076 3222 Quod
3120 3157 3337 3212 honoris
3384 3161 3650 3217 lucrum?
3695 3178 3857 3232 quam

2264 3246 2411 3300 clare
2442 3250 2698 3317 probatur
2724 3253 2849 3305 nihil
2882 3269 3001 3308 eSSe
3031 3255 3054 3306 ?
3080 3254 3301 3320 Quando
3329 3258 3694 3311 sacerdotium
3726 3274 3858 3313 con-

2265 3338 2513 3405 cupiscis,
2540 3355 2602 3394 ex
2633 3341 2858 3396 adverso
2886 3359 3022 3413 pone
3042 3345 3361 3415 gehennam,
3383 3350 3657 3417 perpende
3687 3352 3860 3404 ratio-

2268 3443 2363 3482 nes
2394 3430 2500 3484 illic
2531 3431 2829 3487 reddendas
2861 3453 2873 3487 :
2917 3451 2985 3490 ex
3026 3437 3254 3491 adverso
3287 3455 3422 3508 pone
3452 3440 3617 3493 vitam
3649 3456 3678 3505 ιι
3712 3442 3859 3495 curis

2268 3520 2514 3587 liberam,
2545 3537 2683 3592 pone
2711 3526 2955 3594 supplicii
2985 3543 3310 3582 mensuram.
3357 3530 3623 3596 Quoniam
3656 3532 3701 3585 si
3746 3533 3856 3600 pri~

2267 3615 2429 3668 vatim
2462 3628 2671 3683 pecces,
2701 3617 2828 3670 nihil
2858 3618 2962 3673 tale
2988 3634 3240 3688 passurus
3266 3636 3325 3675 es
3351 3624 3425 3676 :si
3451 3638 3581 3677 vero
3605 3624 3858 3679 sacerdos

2270 3707 2372 3770 sis,
2408 3708 2631 3775 periisti.
2661 3708 2842 3778 Cogita
2864 3752 2879 3775 ,
2910 3722 3105 3779 quanta
3139 3727 3352 3781 passus,
3386 3726 3585 3783 quanta
3619 3714 3857 3786 philoso-

2274 3798 2395 3865 phia
2423 3815 2549 3855 usus
2588 3803 2657 3854 sit
2692 3802 2919 3873 Moyses,
2952 3814 3147 3873 quanta
3175 3806 3478 3861 exhibuerit
3504 3808 3665 3870 bona.
3698 3817 3753 3862 et
3781 3819 3857 3861 ta.

2273 3904 2392 3943 tncn
2431 3890 2571 3958 quod
2604 3907 2763 3944 unum
2799 3901 3071 3960 peccatum
3102 3895 3400 3961 admiserit,
3432 3900 3629 3953 acerbe
3661 3899 3851 3968 plexos

2271 3989 2400 4044 est;
2447 3996 2510 4035 ac
2539 3984 2730 4037 merito
2763 4001 2776 4036 :
2806 3986 3055 4053 quoniam
3101 3988 3150 4041 id
3201 4004 3321 4042 cum
3371 3990 3599 4044 aliorum
3645 3991 3853 4060 jactura

2273 4071 2467 4127 factum
2500 4084 2603 4128 est.
2651 4074 2726 4143 (a)
2765 4075 2947 4146 Itaque
2986 4079 3261 4147 graviores
3307 4095 3492 4149 [uenas
3518 4083 3703 4147 dedit,
3748 4099 3854 4137 non

2272 4163 2411 4234 quod
2445 4165 2613 4234 palam
2644 4166 2840 4221 factum
2872 4169 2969 4233 sit,
3016 4170 3107 4225 sed
3139 4171 3278 4241 quod
3322 4173 3620 4228 sacerdotis
3666 4189 3857 4243 pecca-

2273 4262 2384 4308 tum
2416 4265 2577 4311 esset.
2610 4257 2724 4311 Non
2747 4258 2887 4312 enim
2917 4260 3027 4328 pari
3058 4262 3219 4317 modo
3250 4263 3528 4332 plectimur
3553 4280 3649 4333 pro
3678 4264 3852 4319 mani-

2274 4342 2425 4399 festis
2450 4357 2502 4399 et
2535 4361 2631 4416 pro
2659 4350 2901 4417 occultis.
2927 4349 3208 4406 Peccatum
3233 4354 3373 4408 enim
3401 4353 3539 4408 idem
3564 4364 3666 4416 est,
3698 4370 3855 4421 pmua

2276 4452 2381 4491 non
2434 4436 2663 4503 eadem;
2717 4440 2823 4493 imo
2869 4456 2934 4495 ne
2983 4454 3255 4509 peceatum
3294 4443 3505 4512 quidem
3549 4455 3633 4499 est
3661 4444 3849 4497 idem:

2276 4546 2450 4600 neque
2478 4532 2618 4585 enim
2673 4531 2813 4585 ident
2856 4544 2959 4600 est,
3005 4536 3213 4590 occulte
3260 4550 3520 4604 pecuare,
3569 4545 3623 4591 et
3680 4537 3853 4607 palam

2276 4624 2329 4678 id
2366 4625 2584 4680 audere.
2631 4624 2896 4696 Episcopo
2939 4638 3113 4684 autem
3161 4645 3263 4683 non
3292 4630 3413 4684 licet
3442 4630 3578 4685 clam
3610 4644 3850 4700 peccare.

2276 4714 2576 4786 Optandum
2613 4718 2754 4772 enim
2788 4720 2862 4775 illi
2891 4731 3036 4777 esset
3075 4739 3178 4776 non
3207 4733 3516 4791 peccantem
3544 4741 3574 4779 a
3602 4726 3851 4797 crimina-

2280 4809 2511 4863 tionibus
2542 4808 2791 4875 liberari;
2839 4820 3041 4867 tantum
3071 4814 3221 4869 abest
3250 4824 3305 4869 ιιι
3331 4831 3555 4884 peccans
3584 4817 3634 4871 id
3666 4817 3850 4887 possit.

2279 4898 2334 4956 Si
2366 4901 2643 4955 irascatur.
2676 4902 2719 4955 si
2765 4902 2949 4964 rideat,
3000 4906 3044 4957 si
3089 4906 3169 4959 vel
3225 4922 3319 4974 per
3349 4920 3592 4960 somnum
3624 4910 3851 4977 quietem

2280 5000 2514 5061 expetat,
2544 4993 2694 5046 multi
2721 4993 2975 5046 conviciis
3006 4994 3294 5061 incessunt,
3316 4997 3466 5050 multi
3490 4998 3850 5061 oﬁ‘enduntur,

2281 5083 2434 5137 multi
2468 5084 2611 5153 leges
2637 5084 3007 5153 praescribunt,
3038 5085 3189 5141 multi
3226 5089 3433 5157 priscos
3462 5100 3714 5160 repetunt
3742 5105 3852 5143 mc-

2281 5175 2449 5228 moria
2470 5216 2485 5240 ,
2530 5184 2584 5231 et
2620 5179 2869 5245 praesenti
2919 5177 3283 5248 improperaut
3313 5197 3326 5234 :
3359 5179 3568 5253 hocque
3599 5184 3787 5239 faciunt
3815 5182 3856 5244 ',

2348 5394 2363 5424 ι
2398 5390 2543 5447 Illud,
2577 5390 2759 5453 hocque
2780 5392 2979 5452 factum,
2998 5394 3145 5445 deest
3182 5396 3233 5445 in
3276 5397 3418 5447 Savil.
3446 5404 3499 5447 et
3530 5398 3581 5447 in
3606 5410 3704 5446 uno
3723 5394 3856 5451 (Ζοάιῖ

2283 5453 2371 5504 sed
2398 5454 2606 5502 habetur
2631 5452 2686 5500 in
2701 5452 2810 5502 aliis
2827 5454 2998 5515 Codd.,
3026 5464 3077 5505 et
3098 5456 3283 5507 lectum
3307 5466 3384 5508 est
3406 5460 3469 5507 ab
3490 5457 3707 5508 Erasmo.

2347 5515 2420 5576 (a)
2444 5521 2556 5579 Qua:
2576 5523 2874 5579 sequuntur,
2894 5517 3057 5565 vitiata
3078 5520 3206 5579 apud
3232 5520 3413 5577 Morel.,
3440 5533 3504 5569 ex
3527 5519 3700 5567 savﬂio
3726 5524 3775 5566 et
3798 5527 3859 5562 ιι

2284 5576 2616 5636 Manuscriptis
2637 5576 2865 5625 restituta
2890 5576 3267 5631 suut.l'u810rel.
3291 5582 3372 5644 qui
3486 5593 3632 5629 voces
3645 5579 3862 5643 quaedam

2285 5637 2667 5690 substituuntur,
2704 5649 2815 5690 qua:
2851 5640 3034 5689 seriem
3073 5647 3299 5690 turbant.
3346 5594 3471 5690 an}:
3500 5642 3691 5690 omissae
3723 5651 3862 5689 voces

2285 5637 2667 5700 substituuntur,
2704 5649 2815 5700 qua:
2851 5640 3034 5689 seriem
3073 5637 3323 5700 turbant,’
3346 5637 3453 5692 alite
3500 5637 3691 5692 omissae
3723 5651 3867 5689 voces

2285 5700 2466 5749 hiatum
2490 5697 2685 5749 edicere
2708 5697 2946 5753 videntur.
