4036 6212
212 215 270 271 ιι
1204 203 1272 261 IN
1311 203 1487 259 ACTA
1532 197 2058 256 APOSTOLURUM.
2113 198 2342 254 1103111..
2391 198 2479 256 1v.
3419 216 3489 272 ις

214 348 305 386 non
340 327 480 400 quod
514 326 639 381 illos
664 324 887 382 laudare
911 364 927 389 ,
955 321 1053 379 sed
1075 321 1219 394 quod
1263 322 1405 378 hunc
1433 318 1681 375 mordere
1709 332 1793 372 ve-

215 423 315 486 lint,
340 417 696 489 coepiscopos
721 426 777 471 et
806 415 1150 486 presbyteros
1178 422 1562 469 memorantes.
1601 410 1789 474 Dulce,

210 514 359 574 aiunt,
388 510 591 564 bellum
618 509 935 577 inexpertis.
969 508 1081 562 lloc
1103 517 1156 561 et
1181 520 1320 559 nunc
1346 504 1525 559 dicere
1551 519 1647 574 par
1673 511 1793 568 est;

211 605 307 659 imo
331 604 491 656 etiam
520 601 759 656 dicimus
786 610 1077 671 antequam
1102 600 1151 654 in
1180 610 1452 655 certamen
1477 598 1754 651 veniamus
1777 611 1792 661 ;

208 711 318 749 mm
347 706 531 750 autem
576 711 643 750 eo
680 694 935 748 venimus
958 734 973 757 ,
1006 708 1109 747 non
1151 708 1180 747 a
1218 692 1374 762 vulgo
1398 690 1792 761 eognoscimur.

207 788 321 843 Non
353 798 441 843 est
468 790 607 844 enim
644 788 755 856 jam
786 786 943 841 nobis
968 785 1166 841 bellum
1191 794 1375 839 contra
1409 800 1523 850 eos,
1553 784 1641 855 qui
1674 798 1796 852 pau-

209 895 367 948 peres
406 881 739 949 Opprimuut,
790 892 966 948 neque
1007 892 1223 948 gregem
1266 874 1648 937 defendimus;
1700 872 1794 927 sed

211 980 269 1022 ut
297 981 531 1039 pastores
553 971 625 1024 illi
649 970 719 1025 ab
746 969 1032 1024 Ezechiele
1077 967 1228 1039 (Cap.
1269 968 1357 1022 54.
1384 966 1444 1035 2)
1489 964 1790 1029 memorati,

213 1072 499 1115 maetamus
541 1073 596 1116 et
642 1061 983 1116 devoramus.
1014 1059 1146 1129 Quis
1185 1067 1426 1113 nostrum
1473 1067 1671 1110 tantam
1702 1071 1795 1110 cu-

211 1166 320 1205 ram
364 1151 590 1208 exhibet
631 1152 772 1207 circa
821 1167 1013 1222 greges
1058 1151 1278 1217 Christi,
1328 1160 1581 1220 quantam
1628 1149 1795 1205 .laeub

204 1243 336 1297 circa
363 1259 568 1313 greges
597 1243 797 1299 Labaui
824 1246 848 1297 ?
876 1245 999 1313 quis
1027 1243 1335 1297 describere
1381 1243 1547 1310 possit
1580 1249 1789 1296 noctur.

202 1348 320 1385 num
364 1334 556 1403 gelu?
605 1333 683 1390 Ne
724 1334 854 1388 mihi
904 1334 1105 1389 dixeris
1163 1334 1438 1403 pervigilia
1486 1343 1796 1402 tantamque

199 1425 491 1480 cxhibitam
518 1444 729 1483 curam.
754 1429 947 1484 Totum
979 1430 1139 1499 igitur
1165 1429 1492 1483 contrarium
1518 1438 1617 1482 est.
1651 1427 1795 1482 Con-

198 1518 339 1571 sules
373 1531 428 1573 et
464 1520 708 1588 prmfecti
748 1535 852 1574 non
886 1529 1034 1574 tanto
1063 1520 1311 1575 fruuntur
1342 1520 1566 1580 honore.
1596 1530 1794 1589 quanto

196 1606 242 1661 is
282 1610 367 1678 qui
417 1620 627 1678 [πείθει
672 1609 952 1665 Εεειεείίιι.
1006 1610 1062 1665 Si
1110 1611 1161 1664 in
1194 1610 1392 1680 regiam
1444 1610 1792 1680 ingrediatur,

199 1699 306 1767 quis
333 1701 555 1768 primus
600 1710 687 1755 est
712 1701 736 1754 ?
764 1702 808 1755 si
836 1700 974 1769 apud
1004 1712 1275 1756 matronas
1294 1743 1309 1767 ,
1351 1702 1395 1757 si
1429 1704 1480 1756 in
1511 1718 1792 1772 procerum

198 1791 346 1856 ades,
372 1810 546 1848 nemo
573 1795 650 1849 illi
686 1795 1049 1865 anteponitur.
1080 1796 1267 1851 Omnia
1300 1798 1572 1867 perierunt
1597 1808 1651 1852 et
1671 1813 1793 1852 cur-

202 1897 338 1952 rupta
363 1896 525 1940 sunt.
558 1887 689 1942 llaec
714 1886 856 1951 dico,
892 1904 997 1942 non
1029 1898 1087 1943 ut
1107 1904 1201 1943 vos
1233 1889 1436 1959 pudore
1465 1890 1790 1957 suffundam,

197 1976 279 2027 sed
325 1988 387 2029 ut
434 1987 680 2031 vestram
732 1978 1012 2033 cohibeam
1059 1981 1424 2050 cupiditatem.
1468 1981 1587 2048 Quo
1627 1983 1793 2038 uteris

198 2068 427 2131 uniscio,
464 2069 513 2121 si
539 2069 754 2124 ambias
781 2071 865 2124 vel
904 2085 1005 2137 per
1035 2080 1086 2126 te
1119 2071 1199 2126 vel
1228 2087 1323 2140 per
1358 2072 1524 2126 alium
1551 2073 1575 2127 ?
1600 2075 1792 2144 quibus

197 2160 353 2213 oculis
386 2162 658 2230 respicies
683 2178 806 2216 eum
833 2164 924 2234 qui
957 2164 1051 2218 tibi
1086 2164 1186 2218 fuit
1210 2166 1455 2221 auxilio?
1480 2166 1606 2237 quid
1637 2177 1792 2237 pote-

192 2251 259 2304 ris
297 2254 368 2307 ad
422 2255 505 2307 tui
544 2254 917 2312 defensionem
960 2258 1245 2327 proferre?
1290 2258 1422 2313 Nam
1466 2262 1555 2330 qui
1598 2260 1794 2315 invitus

194 2355 404 2398 mactus
459 2345 582 2409 fuit,
635 2348 865 2415 aliquam
912 2349 1071 2404 habet
1106 2350 1539 2416 excusationem,
1583 2353 1792 2407 etiamsi

194 2438 518 2508 pii-rumque
550 2440 641 2493 hic
668 2456 876 2511 quoque
900 2443 1099 2497 nullam
1129 2443 1323 2499 habeat
1344 2445 1553 2499 veniam
1584 2463 1598 2500 :
1630 2456 1793 2501 cane—

194 2542 297 2580 rum
329 2530 589 2597 aliquam
617 2540 790 2587 tamen
807 2535 1202 2591 excusationem
1227 2536 1406 2593 habet.
1432 2537 1637 2609 Cogita,
1665 2541 1791 2610 quid

196 2621 461 2675 acciderit
489 2620 721 2677 Simoni.
751 2625 883 2693 Quid
912 2628 1055 2682 enim
1082 2628 1266 2693 refert,
1302 2630 1345 2684 si
1377 2640 1653 2702 argentum
1685 2648 1792 2687 non

198 2712 406 2766 desieris
434 2732 451 2777 ;
488 2715 533 2767 si
558 2719 767 2785 argenti
796 2718 936 2782 loco,
962 2718 1218 2788 aduleris,
1249 2730 1303 2776 et
1333 2724 1610 2777 machinas
1638 2724 1794 2779 adhi-

204 2806 321 2860 beas
352 2810 377 2859 τ
408 2809 700 2878 Argentum
720 2821 861 2864 tuum
884 2822 1041 2865 tecum
1070 2815 1133 2867 sit
1155 2813 1206 2867 in
1228 2815 1558 2885 perditionem
1578 2817 1713 2884 (Act.
1736 2818 1789 2872 8.

200 2897 304 2965 9.0).
345 2900 461 2955 lloc
492 2904 568 2955 illi
596 2904 769 2966 dixit;
798 2903 984 2975 hisque
1008 2904 1151 2961 dicet
1185 2925 1197 2961 :
1232 2909 1466 2962 Ambitio
1493 2919 1666 2967 vestra
1696 2926 1793 2964 vo-

195 2998 401 3051 biscum
446 2994 512 3044 sit
546 2994 599 3047 in
633 2995 1005 3063 perditionem,
1033 3002 1154 3066 quia
1190 3002 1412 3068 putastis
1445 3018 1537 3055 vos
1565 3002 1792 3056 humana

202 3086 515 3141 cit-mitione
552 3088 759 3142 donum
812 3088 907 3141 Dei
957 3105 1304 3157 possessuros
1332 3107 1472 3146 esse.
1506 3095 1575 3147 At
1618 3095 1795 3149 nullus

207 3176 271 3229 bl
294 3193 319 3229 s
340 3187 423 3231 est
446 3180 471 3225 ἲ
498 3178 714 3235 Utinam
744 3198 851 3237 non
879 3180 976 3238 sit!
995 3180 1258 3255 CUpereni
1290 3199 1420 3239 sane
1452 3186 1638 3240 horum
1664 3188 1793 3241 nihil

207 3270 266 3318 ad
306 3284 402 3321 vos
430 3271 704 3337 pertinere
734 3289 749 3327 :
779 3289 919 3329 nunc
941 3285 1121 3331 autem
1152 3290 1218 3332 ex
1247 3275 1529 3330 verborum
1571 3278 1710 3331 serie
1741 3280 1795 3332 in

210 3357 303 3411 hos
326 3360 618 3417 incidimus
640 3378 942 3421 sermones.
973 3366 1157 3438 Neque
1185 3369 1354 3434 enim,
1376 3368 1591 3437 quando
1617 3370 1796 3424 avari-

210 3450 331 3503 tiam
358 3456 706 3521 insectamur,
728 3468 915 3513 contra
932 3474 1028 3515 vos
1049 3462 1339 3531 loquimur,
1360 3459 1453 3517 sed
1482 3476 1654 3531 neque
1677 3478 1799 3515 eon-

212 3548 295 3593 tra
329 3557 500 3595 unum
525 3546 749 3614 quidem.
780 3548 996 3605 Utinam
1026 3567 1155 3607 vero
1186 3553 1301 3607 hmc
1326 3554 1615 3623 pharmace
1640 3570 1667 3607 a
1698 3570 1797 3608 no-

206 3630 291 3685 bis
324 3630 523 3687 frustra
547 3648 793 3705 parentur
822 3656 837 3693 :
866 3640 981 3697 haec
996 3653 1121 3698 sunt
1143 3644 1471 3701 medicorum
1500 3658 1638 3713 vota,
1668 3647 1799 3702 nihil

206 3722 354 3775 aliud
395 3728 803 3796 postulantium,
831 3747 990 3801 quam
1041 3745 1094 3787 ut
1135 3744 1257 3803 post
1285 3736 1511 3792 multum
1557 3739 1797 3796 laborem

206 3816 443 3869 remedia
477 3818 671 3872 frustra
700 3831 881 3890 parata
914 3824 1280 3894 projieiantur.
1308 3827 1431 3882 llrec
1451 3839 1504 3883 et
1531 3844 1629 3884 nos
1649 3842 1800 3900 opta-

208 3917 345 3967 Inus,
378 3916 437 3960 nt
467 3909 628 3963 verba
657 3920 839 3965 nostra
870 3912 1069 3967 frustra
1114 3925 1171 3969 et
1201 3916 1251 3970 in
1283 3932 1462 3973 aerem
1503 3919 1716 3986 abeant,
1744 3930 1800 3977 et

209 3999 366 4052 vei-lu
406 4010 616 4057 tantum
645 4004 777 4057 sint.
813 4004 1076 4076 Equidem
1108 4020 1324 4078 paratus
1363 4026 1483 4066 sum
1525 4012 1590 4067 ad
1620 4015 1798 4069 omnia

206 4092 542 4157 sustinenda,
576 4103 637 4148 ut
665 4110 774 4151 non
804 4100 873 4152 sit
899 4110 1034 4168 opus
1063 4099 1178 4155 hinc
1214 4098 1413 4157 dicere.
1442 4103 1577 4171 Quin
1605 4106 1648 4160 si
1678 4106 1800 4162 vul-

210 4181 297 4244 tis,
325 4183 645 4254 tacebimus,
677 4187 805 4242 dum
833 4189 1105 4245 silentium
1148 4194 1217 4247 sit
1257 4193 1374 4249 sine
1411 4196 1669 4265 periculo.
1698 4198 1801 4254 Ne-

224 4309 581 4326 _—

1903 330 2008 384 que
2056 316 2199 370 enim
2240 324 2370 385 puto
2414 318 2717 389 quempiam
2750 322 3090 390 quantumvis
3132 339 3282 381 vanae
3308 328 3498 399 gloriae

1902 405 2175 477 cupidum,
2207 407 2309 461 nisi
2337 415 2491 463 vocet
2518 411 2811 464 necessitas
2834 451 2849 475 ,
2879 412 3013 467 velle
3040 413 3231 473 frustra
3262 432 3382 474 sese
3411 418 3496 475 ef-

1903 495 2063 552 ferre.
2090 496 2461 554 Concedemus
2487 498 2637 554 vobis
2657 498 2955 558 doctrinam
2982 521 2997 557 :
3025 503 3139 561 hare
3159 510 3354 579 quippe
3379 525 3493 564 ma-

1897 585 1985 656 jor
2009 587 2273 655 doctrina,
2298 605 2417 659 qua:
2438 590 2590 645 factis
2616 590 2790 646 docet.
2808 592 3248 667 Quandoquidem
3274 610 3327 655 et
3345 605 3489 671 opti-

1902 681 1975 735 mi
2019 681 2232 748 medici,
2278 684 2486 738 etiamsi
2512 699 2776 755 aegrorum
2811 689 2981 743 morbi
3014 692 3315 747 mercedem
3346 695 3479 764 ipsis

1903 773 2134 840 pariant,
2165 773 2355 828 malint
2401 778 2578 830 tamen
2622 777 2825 832 amicos
2864 793 2992 834 suos
3022 781 3157 836 bene
3183 784 3379 839 valere.
3416 784 3486 840 Et

1903 879 2001 918 nos
2026 867 2277 935 cupimus
2306 882 2499 922 omnes
2526 868 2663 923 bene
2689 870 2891 925 valere.
2920 871 3035 926 Non
3069 874 3211 927 enim
3242 879 3486 944 cupimus

1901 974 1999 1012 nos
2047 960 2298 1027 probatos
2341 975 2496 1027 esse,
2529 977 2624 1017 vos
2651 971 2831 1017 autem
2865 965 3144 1034 reprobus.
3182 966 3406 1033 Vellem,
3440 971 3487 1025 si

1902 1050 2013 1104 fieri
2038 1059 2252 1119 posset,
2283 1065 2457 1106 meam
2479 1067 2602 1123 erga
2628 1068 2724 1107 vos
2744 1055 3019 1109 caritatem
3048 1056 3175 1125 ipsis
3200 1057 3366 1113 oculis
3397 1074 3488 1113 ex-

1903 1139 2087 1195 hibere
2122 1159 2133 1193 :
2169 1143 2346 1197 nullus
2367 1144 2512 1198 enim
2547 1154 2729 1214 postea
2765 1162 2850 1201 me
2876 1148 3243 1219 redargueret,
3276 1151 3489 1206 etiamsi

1898 1247 2090 1302 aspero
2119 1248 2368 1290 sermone
2399 1245 2595 1291 uterer.
2645 1237 2775 1291 Nam
2803 1237 2937 1291 Fide
2970 1241 3201 1311 digniora
3228 1252 3347 1295 sunt
3375 1244 3489 1296 vut-

1899 1340 2019 1376 uera
2045 1324 2213 1390 amici,
2233 1342 2383 1396 quam
2406 1336 2683 1397 spontaneo
2704 1331 2875 1383 oscula
2896 1331 3085 1384 inimici
3101 1331 3280 1402 (Prov.
3303 1333 3389 1386 27.
3406 1334 3485 1404 ti}.

1900 1413 2041 1468 Nihil
2072 1416 2202 1470 mihi
2227 1416 2403 1472 carius
2432 1420 2607 1486 vobis,
2636 1435 2705 1475 ne
2726 1422 2837 1490 ipsa
2863 1422 3083 1492 quidem
3108 1424 3217 1478 lux.
3243 1424 3485 1496 Optarim

1899 1507 2041 1561 enim
2066 1508 2149 1563 vel
2177 1508 2374 1564 millies
2399 1513 2679 1577 exczecari,
2705 1514 2749 1567 si
2778 1514 2855 1568 sic
2883 1515 3092 1569 animas
3122 1529 3327 1571 vestras
3351 1533 3484 1573 con-

1900 1608 2107 1655 vertere
2151 1616 2359 1670 possem
2392 1623 2405 1657 :
2432 1604 2510 1656 sic
2546 1604 2675 1658 mihi
2704 1606 2848 1660 salus
2870 1616 3049 1662 vestra
3081 1608 3191 1679 ipsa
3221 1609 3340 1664 luce
3368 1611 3487 1665 dul-

1898 1693 2012 1747 cior
2051 1703 2152 1749 est.
2202 1694 2339 1761 Quid
2379 1696 2521 1750 enim
2568 1708 2792 1766 prosunt
2823 1699 2950 1754 mihi
2994 1701 3201 1757 salares
3241 1703 3396 1771 radii,
3439 1706 3486 1759 si

1898 1784 2052 1840 dolor
2092 1796 2313 1856 propter
2342 1804 2436 1842 vos
2479 1800 2663 1856 ortus,
2694 1792 2880 1847 oculos
2922 1795 3155 1849 tenebris
3198 1795 3487 1851 effundat?

1898 1875 2048 1932 Tunc
2076 1878 2163 1932 lux
2190 1878 2327 1933 bona
2359 1889 2467 1948 est,
2497 1883 2713 1951 quando
2738 1899 2857 1938 cum
2892 1885 3071 1940 laetitia
3099 1887 3278 1956 prodit
3310 1908 3323 1943 :
3348 1905 3489 1945 mte-

1897 1969 2033 2023 renti
2061 1970 2257 2040 quippe
2285 1972 2478 2027 anima:
2498 1974 2720 2028 molesta
2742 1987 2842 2031 est.
2867 1977 3018 2043 Quod
3047 1994 3175 2033 vero
3199 1996 3303 2034 non
3330 1996 3485 2037 men-

1898 2059 2020 2127 tiar,
2046 2062 2243 2115 utinam
2268 2077 2555 2133 numquam
2576 2065 2846 2136 contingat
2867 2070 3235 2136 experimento
3255 2073 3481 2126 discere.

1898 2147 2163 2205 Caeterum
2210 2153 2256 2207 si
2302 2154 2513 2224 quando
2564 2159 2849 2227 contigerit
2894 2162 3199 2230 quempiam
3244 2173 3481 2218 vestrum

1900 2255 2142 2309 peccare,
2173 2242 2458 2300 dormienti
2490 2247 2619 2302 mihi
2648 2249 2870 2317 adeste;
2898 2266 3135 2320 peream,
3170 2255 3214 2307 si
3246 2271 3351 2309 non
3386 2271 3481 2324 pa-

1898 2333 2136 2404 ralyticis
2189 2345 2281 2391 aut
2331 2347 2511 2394 mente
2544 2343 2715 2410 captis
2757 2344 2945 2398 similis
2997 2346 3134 2409 sim,
3189 2347 3483 2403 secundum

1900 2426 2271 2495 propheticum
2302 2428 2524 2497 dictum,
2560 2432 2626 2485 Et
2658 2433 2829 2488 tamen
2867 2438 3129 2491 oculorum
3170 2456 3395 2493 meorum
3436 2450 3486 2495 et

1897 2518 2065 2588 ipsum
2087 2538 2188 2575 non
2211 2532 2284 2575 est
2310 2539 2503 2577 mecum
2536 2526 2555 2597 (
2582 2523 2727 2581 Psal.
2762 2530 2850 2583 57.
2885 2530 2953 2585 10
2975 2530 3019 2601 ).
3051 2532 3182 2598 Quae
3212 2535 3354 2589 enim
3381 2550 3485 2590 no-

1900 2610 1984 2665 bis
2012 2627 2156 2681 spes,
2188 2614 2337 2670 vobis
2377 2632 2480 2671 non
2511 2619 2910 2687 proficientibus
2938 2623 2961 2676 ?
2987 2625 3106 2694 quis
3136 2642 3338 2682 maeror
3364 2644 3487 2684 esse

1900 2704 2090 2771 possit,
2121 2705 2273 2759 vobis
2325 2709 2580 2777 przcclare
2627 2713 2956 2780 agentibus?
2986 2716 3094 2770 Ceu
3138 2719 3239 2773 alis
3288 2721 3488 2776 instru-

1899 2805 2019 2850 ctus
2048 2796 2252 2865 videor,
2281 2814 2401 2854 cum
2435 2801 2557 2856 boni
2585 2804 2854 2872 quidpiam
2882 2806 2950 2861 de
2980 2809 3130 2878 vobis
3156 2812 3335 2865 audio.
3367 2812 3481 2866 Im-

1901 2889 2032 2957 plete
2056 2892 2299 2960 gaudium
2324 2909 2486 2947 meum
2516 2894 2537 2967 (
2570 2893 2797 2965 Philipp.
2840 2896 2894 2950 9..
2926 2898 2960 2950 2
3072 2901 3182 2955 lloe
3225 2904 3396 2958 solum
3428 2906 3480 2960 in

1900 2991 2024 3034 voto
2064 2982 2234 3036 habeo
2258 3025 2274 3049 ,
2307 2985 2447 3054 quod
2476 2985 2775 3041 desiderem
2816 2990 3107 3057 profectum
3139 3004 3391 3050 vestrum.
3425 2996 3481 3052 ln

1902 3070 2004 3126 hoc
2025 3088 2151 3127 vero
2170 3089 2291 3128 cum
2318 3077 2566 3131 omnibus
2586 3078 2825 3145 decerto,
2841 3083 2980 3151 quod
3007 3098 3101 3138 vos
3124 3100 3318 3152 amem,
3341 3090 3483 3159 quod

1901 3168 2230 3237 complectar
2263 3188 2276 3224 :
2310 3172 2429 3240 quia
2461 3188 2558 3227 vos
2586 3171 2715 3228 mihi
2757 3176 2934 3231 omnia
2966 3180 3116 3244 estis,
3148 3189 3202 3234 et
3231 3190 3400 3248 pater,
3430 3194 3487 3237 ct

1902 3267 2092 3327 mater,
2126 3270 2181 3315 et
2206 3260 2419 3329 fratres,
2442 3274 2493 3318 et
2517 3265 2630 3320 filii.
2660 3266 2735 3320 Ne
2759 3270 2953 3336 putetis
2972 3285 3156 3324 eorum
3185 3274 3481 3343 quidpiam,

1901 3367 2020 3421 qua:
2062 3369 2090 3406 a
2123 3368 2208 3409 me
2235 3354 2501 3423 dicuntur,
2532 3374 2597 3412 ex
2628 3358 2751 3413 odio
2774 3362 3056 3430 proficisci,
3091 3366 3182 3418 sed
3214 3364 3278 3419 ad
3307 3382 3490 3422 emen-

1902 3444 2171 3501 dationem
2204 3448 2414 3519 loquor.
2458 3449 2587 3504 Nam
2620 3449 2825 3519 Frater,
2870 3454 3058 3522 inquit,
3093 3458 3180 3521 qui
3213 3458 3486 3528 adjuvatur

1911 3555 1941 3590 a
1969 3541 2156 3609 fratre,
2197 3545 2344 3613 quasi
2368 3545 2543 3597 civitas
2583 3546 2731 3613 [irata
2757 3546 2776 3616 (
2800 3545 2955 3602 Prov.
2991 3548 3075 3602 18.
3110 3550 3176 3604 i9
3204 3549 3244 3619 ).
3276 3542 3355 3606 Ne
3386 3554 3485 3622 igi-

1907 3641 1991 3685 tur
2012 3633 2352 3701 indignemini
2379 3654 2391 3690 :
2419 3652 2591 3706 neque
2616 3638 2756 3692 enim
2783 3655 2883 3710 ego
2905 3656 3212 3697 sermonem
3244 3654 3479 3700 vestrum

1905 3733 2213 3798 contem_no,
2241 3726 2335 3779 sed
2367 3728 2559 3782 vellem
2591 3746 2620 3782 a
2654 3730 2808 3785 vobis
2849 3732 3145 3798 emendari,
3178 3735 3368 3790 vellem
3399 3737 3486 3791 di-

1900 3832 2073 3873 scere.
2093 3795 2324 3877 munies
2351 3818 2492 3872 enim
2540 3819 2730 3874 fratres
2769 3838 2974 3888 sumus,
3024 3840 3160 3880 unus
3199 3839 3281 3881 est
3308 3837 3491 3883 autem

1905 3910 2161 3980 Magister
2190 3919 2390 3963 noster.
2439 3908 2582 3964 Inter
2613 3910 2805 3967 fratres
2844 3929 2974 3969 vero
3004 3932 3101 3985 par
3136 3928 3239 3984 est,
3269 3929 3326 3973 ut
3355 3935 3495 3976 unus

1906 4004 2176 4075 praecipiat
2202 4043 2217 4065 ,
2263 4002 2351 4056 alii
2384 4004 2881 4081 obtemperenbNe
2923 4008 3080 4075 igitur
3119 4009 3490 4079 indignemini,

1905 4098 1999 4153 sed
2025 4097 2206 4152 omnia
2239 4096 2494 4148 faciamus
2520 4096 2584 4149 ad
2613 4096 2837 4165 gloriam
2871 4098 2959 4152 Dei
2990 4115 3005 4164 ;
3035 4100 3159 4169 quia
3192 4101 3289 4170 ipsi
3320 4100 3493 4168 gloria

1906 4196 1959 4250 iu
1987 4191 2182 4247 smeula
2205 4188 2543 4245 smeulorum.
2570 4190 2761 4243 Amen.

583 4316 3490 4344 ΜΨ

1638 4408 1981 4471 HOMILIA
2025 4409 2130 4470 ιν.

216 4536 341 4589 (Συ.
388 4534 444 4588 2.
488 4550 545 4588 ν.
594 4536 647 4591 1.
696 4536 763 4592 Et
804 4555 920 4592 cum
957 4541 1291 4610 compleretur
1331 4544 1437 4597 dies
1469 4543 1801 4611 Peutecostes,

283 4637 424 4680 σω
462 4644 639 4683 omnes
679 4632 871 4699 pariter
907 4633 959 4686 in
989 4634 1161 4687 eodem
1190 4636 1300 4689 loco
1330 4652 1347 4689 :
1371 4635 1426 4690 2.
1452 4646 1497 4689 et
1523 4640 1686 4707 [actus
1725 4649 1797 4693 est

286 4733 487 4785 repente
514 4722 578 4775 de
600 4724 727 4775 creto
757 4740 933 4779 sonus.

290 4811 343 4864 1.
395 4810 500 4865 Cur
546 4814 599 4866 in
638 4813 933 4871 Pentecoste
972 4820 1174 4872 advenit
1219 4818 1444 4888 Spiritus
1483 4833 1703 4879 sanctus.
1730 4854 1802 4865 —

221 4899 355 4965 Qu:
378 4914 455 4957 est
484 4903 599 4959 haec
632 4904 949 4963 Pentecoste
980 4912 1003 4961 ?
1044 4909 1176 4965 Cum
1223 4911 1330 4965 falx
1376 4914 1629 4968 mittenda
1660 4924 1805 4971 esset

224 4996 278 5045 in
329 5008 570 5062 messem,
620 5014 741 5053 cum
791 5000 994 5055 fructus
1031 5013 1215 5057 essent
1260 5005 1564 5074 colligendi.
1613 5006 1801 5062 Vidisti

220 5095 409 5155 typum
439 5086 507 5141 '3
548 5090 677 5146 Vide
713 5091 822 5160 jam
874 5095 1172 5149 veritatem.
1205 5092 1336 5149 Cum
1390 5096 1493 5151 falx
1537 5101 1802 5153 sermonis

218 5190 367 5234 esset
394 5180 744 5249 immittenda,
761 5200 881 5239 cum
914 5187 1104 5242 messis
1130 5187 1449 5257 colligenda,
1483 5198 1607 5244 tunc
1633 5189 1804 5261 Spiri-

224 5282 305 5325 tus
334 5283 391 5326 ut
417 5286 569 5329 acuta
598 5275 699 5330 falx
728 5275 959 5331 advolat.
993 5278 1127 5333 Audi
1155 5294 1386 5349 namque
1416 5281 1685 5335 Christum
1714 5285 1797 5336 di-

226 5375 431 5419 centem
464 5385 477 5419 :
512 5365 694 5421 Laut:
716 5369 887 5424 oculos
910 5380 1117 5437 vestros,
1141 5382 1187 5426 et
1210 5374 1371 5427 ridete
1398 5373 1645 5444 regiones,
1676 5374 1795 5442 quia

229 5456 351 5507 εισι·
378 5467 495 5509 sunt
522 5458 627 5521 iam
660 5459 729 5510 ad
768 5475 976 5514 messem
1006 5462 1178 5531 (Joaa.
1210 5465 1259 5521 4.
1294 5463 1365 5521 55
1394 5465 1415 5538 )
1446 5482 1460 5519 ε
1491 5479 1555 5519 ac
1593 5478 1801 5532 rursus,

290 5590 303 5664 _'
324 5589 386 5664 .lu
409 5605 507 5664 uno
526 5590 705 5664 Wire
728 5592 924 5664 li_omilia
945 5596 1016 5646 sic
1038 5597 1196 5664 incipit
1218 5620 1236 5655 :
1267 5601 1447 5655 Vidisti
1468 5607 1657 5663 typum.
1690 5611 1807 5660 (tua!

236 5656 296 5696 at
318 5652 419 5701 hoc
447 5662 720 5704 maternae
748 5653 773 5706 .’
796 5663 895 5705 etc.

1914 4550 2096 4605 Messi;
2113 4550 2312 4621 quidem
2330 4550 2513 4615 multa,
2537 4548 2757 4620 operarii
2775 4560 2944 4603 autem
2962 4551 3111 4620 pauci
3128 4550 3279 4619 (Luc.
3303 4552 3388 4608 10.
3412 4553 3490 4625 9.).

1910 4641 2093 4711 Itaque
2123 4641 2213 4695 ille
2242 4641 2388 4711 prior
2414 4641 2604 4695 falcem
2640 4641 2881 4694 immisit.
2918 4641 3011 4696 llle
3055 4644 3198 4696 cnim
3232 4644 3492 4713 primitias

1905 4732 1972 4785 ad
2016 4732 2202 4785 czelnm
2232 4732 2464 4793 advexit.
2496 4740 2675 4786 nostra
2703 4745 2975 4803 assumpta
3004 4742 3190 4788 natura
3222 4752 3235 4787 :
3270 4736 3497 4807 ideoque

1908 4823 2035 4876 illud
2067 4838 2297 4877 messem
2329 4824 2579 4892 appellat.
2614 4822 2739 4876 Cum
2783 4825 3135 4892 compleretur,
3170 4826 3365 4896 inquit,
3390 4827 3496 4881 dies

1911 4911 2265 4979 Pentecostes;
2298 4912 2398 4967 hoc
2422 4924 2524 4977 est,
2546 4929 2651 4967 non
2683 4924 2807 4968 ante
2832 4916 3202 4980 Pentecostcn,
3232 4917 3325 4969 sed
3352 4918 3495 4971 circa

1909 5003 2074 5073 ipsam
2099 5045 2113 5067 ,
2149 5014 2206 5058 ut
2241 5004 2311 5057 ita
2359 5004 2554 5070 dicam,
2597 5004 2970 5059 PenteCusten.
3017 5005 3308 5073 Oportebat
3349 5014 3492 5067 enim

1911 5095 2025 5149 hare
2070 5111 2257 5151 rursus
2296 5095 2415 5150 festi
2448 5105 2692 5165 tempore
2731 5098 3061 5165 contingere,
3109 5106 3167 5151 ut
3211 5096 3300 5169 qui
3347 5103 3495 5157 cruci

1907 5185 2103 5240 Christi
2156 5186 2457 5250 adfuerant,
2506 5187 2623 5241 lucc
2664 5202 2879 5258 quoque
2925 5189 3189 5245 viderent.
3224 5191 3291 5246 Et
3331 5194 3498 5264 factus

1907 5290 1979 5332 est
2021 5289 2225 5350 repente
2251 5280 2315 5334 de
2341 5280 2467 5333 ca'lo
2500 5296 2674 5334 sonus.
2704 5280 2814 5336 Cur
2842 5297 2945 5336 non
2982 5283 3030 5337 id
3060 5284 3175 5339 sine
3222 5288 3496 5341 sensibili.

1912 5372 2009 5425 lius
2037 5372 2202 5441 signis
2234 5372 2427 5426 factum
2450 5373 2568 5427 est?
2594 5374 2877 5442 Quoniam.
2906 5376 2949 5430 si
2978 5394 3035 5431 re
3065 5378 3142 5432 sic
3172 5388 3319 5447 gesta
3348 5379 3497 5434 dice-

1911 5463 2057 5521 bant.
2090 5463 2261 5518 Marto
2284 5464 2420 5533 pleni
2449 5475 2588 5535 sunt,
2620 5468 2720 5521 nisi
2760 5482 2847 5521 res
2874 5470 2951 5523 sic
2982 5470 3113 5524 facta
3141 5471 3346 5533 fuisset,
3372 5470 3495 5538 quid

1912 5572 2016 5611 non
2048 5557 2340 5613 dixissent?
2384 5557 2569 5629 Neque
2611 5560 2926 5630 simpliciter
2967 5577 3133 5617 sonus
3174 5561 3343 5616 factus
3391 5571 3492 5620 est.

1913 5649 2030 5716 sed,
2059 5649 2139 5706 De
2158 5649 2305 5707 cwlo.
2332 5649 2397 5703 Et
2424 5651 2551 5720 quia
2581 5650 2892 5722 repentinus
2918 5662 3054 5720 erat,
3083 5648 3331 5705 excitavit
3379 5644 3496 5699 illos
