4026 6216
463 286 531 340 ες
1198 274 1253 332 s.
1284 273 1562 332 JOANNIS
1597 268 2070 330 CIIRYSOSTOttl
2097 269 2413 328 AnClllEP.
2445 275 2975 335 CONSTANTINOP.
3677 274 3748 331 ﬂ

467 401 531 455 Et
553 399 759 472 replevit
776 406 930 452 totam
954 394 1183 448 domum.
1209 392 1453 463 Magnam
1480 392 1609 448 dicit
1636 391 1864 463 Spiritus
1890 391 2049 446 vehe—

466 494 743 549 mentiam.
782 485 1034 543 Attende.
1078 485 1278 539 Omnes
1328 483 1453 537 illuc
1497 483 1860 553 congregavit,
1899 495 1951 535 ut
1998 491 2052 535 et

467 595 755 656 pnescntes
784 578 1087 644 crederent,
1134 593 1197 632 ac
1225 576 1369 647 digni
1399 575 1832 630 ostenderentur.
1873 575 2052 642 Neque

468 680 567 733 hoc
596 684 821 738 tantum,
854 670 948 727 sed
987 680 1041 727 et
1064 668 1209 725 aliud
1250 669 1409 738 longe
1437 666 1729 722 terribilius
1757 665 1967 735 adjea-it.
1997 666 2049 717 5.

468 770 529 823 Et
552 775 898 837 apparuerunt
931 762 1034 816 illis
1065 760 1342 831 dispertita:
1374 760 1565 829 lingua
1608 766 1867 825 tamquam
1898 756 2049 826 ignis,

466 859 655 929 inquit.
706 857 870 911 Recte
917 854 1113 923 ubique
1155 852 1371 907 additur
1417 849 1570 915 illud,
1622 848 1941 918 Tamquam,
1986 862 2053 900 ne

464 951 589 1021 quid
616 948 871 1005 sensibile
894 946 962 1002 de
1006 945 1211 1015 Spiritu
1246 944 1542 999 existimes.
1576 942 1854 1010 Tamquam
1895 940 2048 1008 ignis,

465 1044 655 1113 inquit,
701 1051 757 1097 et
797 1050 1063 1109 tamquam
1107 1036 1345 1106 spiritus.
1392 1034 1507 1091 Non
1550 1045 1663 1090 erat
1705 1048 1834 1104 ergo
1865 1044 2053 1087 ventus

464 1133 777 1204 simpliciter
807 1146 900 1202 per
929 1144 1109 1184 aerem
1151 1128 1373 1183 edusus.
1402 1127 1535 1181 Nam
1566 1141 1686 1181 cum
1717 1124 1907 1181 Joanni
1936 1126 2054 1194 Spi-

464 1229 599 1282 ritus
624 1224 806 1281 debuit
833 1225 1188 1286 innotescere,
1208 1220 1358 1289 quasi
1390 1219 1441 1274 in
1472 1220 1653 1287 specie
1681 1217 1939 1271 columine
1963 1231 2052 1270 suo

466 1336 558 1389 pra
588 1320 784 1375 Christi
831 1328 991 1390 caput
1033 1317 1173 1372 venit
1215 1314 1410 1386 (Marc.
1453 1315 1505 1368 1.
1552 1313 1640 1368 10.
1682 1312 1810 1365 Lur.
1859 1312 1914 1366 3.
1958 1311 2049 1365 22.

463 1412 620 1467 Joau.
653 1414 702 1466 1.
728 1411 858 1481 52):
892 1424 1032 1465 nunc
1060 1422 1205 1472 vero,
1230 1421 1350 1462 cum
1386 1415 1492 1460 tota
1522 1403 1806 1459 multitudo
1826 1418 2050 1458 conver-

467 1504 622 1558 tenda
670 1512 833 1569 esset,
885 1512 1152 1571 tamquam
1201 1497 1344 1570 ignis
1392 1496 1558 1552 venit.
1608 1494 1851 1565 Seditque
1896 1509 2051 1563 supra

463 1594 690 1666 singulos
711 1609 919 1659 eorum;
949 1591 1000 1646 id
1049 1600 1151 1656 est,
1202 1589 1419 1655 mansit,
1462 1587 1762 1657 requievit;
1807 1601 1929 1640 nam
1960 1601 2051 1639 se-

464 1686 615 1748 dere,
642 1692 786 1738 stare
815 1692 869 1738 et
914 1696 1133 1737 manere
1173 1679 1463 1750 signiﬁcat.
1506 1677 1644 1745 Quid
1685 1678 1850 1732 vero?
1890 1691 1956 1730 an
1997 1674 2050 1730 in

464 1776 742 1832 duodecim
763 1784 966 1830 tantum
992 1774 1157 1840 venit,
1176 1787 1283 1827 non
1311 1772 1369 1826 in
1384 1770 1650 1825 caeteros?
1672 1768 2049 1839 Nequaquam;

463 1871 559 1926 sed
585 1869 732 1925 venit
758 1873 918 1923 etiam
958 1866 1011 1921 in
1052 1866 1171 1921 illos
1206 1874 1419 1921 centum
1449 1862 1660 1933 viginti.
1698 1861 1880 1931 Neque
1904 1858 2052 1915 enim

464 1965 580 2019 sine
600 1975 760 2023 causa
786 1960 976 2016 Petrus
1018 1957 1295 2029 propheta:
1325 1953 1688 2010 testimonium
1719 1951 1938 2022 protulit
1963 1949 2049 2005 div

462 2070 591 2115 Ceus
620 2072 633 2108 :
668 2054 734 2107 Et
753 2054 846 2108 erit
870 2052 923 2106 in
948 2051 1234 2107 novissimis
1256 2047 1453 2113 diebus,
1476 2048 1597 2101 dicit
1614 2045 1867 2100 Dominus
1889 2042 2046 2111 Deus,

462 2146 721 2214 e/fundam
746 2146 809 2200 de
832 2144 1034 2216 Spiritu
1062 2160 1174 2198 meo
1200 2159 1353 2212 super
1380 2157 1582 2196 omnem
1606 2155 1810 2194 carnem
1831 2155 1850 2195 :
1870 2148 1917 2192 et
1932 2154 2052 2209 pro—

462 2238 734 2304 plietabunt
762 2237 859 2306 ﬁlii
897 2235 1070 2302 vestri,
1103 2244 1153 2289 et
1180 2234 1303 2304 [ilia
1335 2242 1547 2297 vestris;
1578 2242 1625 2287 et
1658 2232 1871 2301 juvenes
1899 2231 2049 2285 vestri

461 2334 673 2389 risiones
693 2332 949 2397 ridebunt,
965 2340 1009 2384 et
1030 2345 1172 2385 senes
1190 2328 1337 2382 vestri
1349 2327 1545 2381 sonmia
1561 2326 1882 2380 somniabunt
1912 2323 2053 2393 (Joel

459 2425 514 2479 2.
547 2424 665 2495 28).
707 2421 1091 2478 Animadverte
1118 2433 1280 2488 porro
1325 2418 1470 2472 illum
1503 2432 1607 2471 non
1640 2416 1798 2471 modo
1835 2423 1893 2470 ut
1930 2431 2049 2485 per-

461 2516 697 2581 celleret,
729 2514 822 2570 sed
853 2513 1012 2569 etiam
1042 2520 1100 2567 ut
1124 2511 1291 2580 gratia
1324 2509 1577 2578 repleret,
1611 2508 1660 2561 in
1694 2508 1892 2578 Spiritu
1920 2522 2048 2560 san-

462 2617 548 2662 eto
575 2617 631 2662 et
659 2606 770 2677 igni
794 2604 1005 2661 venisse
1034 2622 1049 2658 :
1077 2601 1347 2672 subjungit
1367 2601 1531 2665 enim,
1563 2600 1617 2653 4.
1648 2599 1711 2652 Et
1735 2598 1911 2669 repleti
1932 2609 2050 2652 sunt

461 2716 631 2753 omnes
660 2697 859 2768 Spiritu
884 2704 1057 2750 sancto
1077 2736 1092 2760 ,
1133 2703 1179 2746 et
1210 2700 1464 2762 coeperunt
1493 2690 1628 2759 loqui
1657 2689 1808 2742 variis
1836 2689 2044 2760 linguis,

461 2799 609 2858 prout
640 2788 862 2859 Spiritus
891 2794 1094 2840 sanctus
1122 2784 1273 2838 dabat
1302 2782 1466 2850 eloqui
1495 2782 1619 2836 illis.
1660 2780 1774 2835 Non
1802 2780 1943 2835 aliud
1971 2781 2047 2834 si-

460 2899 620 2951 gnum
650 2879 933 2948 accipiunt.
962 2878 1054 2933 sed
1084 2876 1188 2932 hoc
1212 2876 1443 2945 primum
1468 2892 1482 2929 :
1514 2889 1708 2927 novum
1739 2873 1881 2927 enim
1908 2882 2042 2937 erat,

463 2991 562 3030 nec
601 2987 736 3043 opus
764 2970 861 3026 fuit
888 2971 993 3024 alio
1020 2970 1193 3039 signo.
1218 2967 1384 3033 Sedit,
1415 2967 1605 3035 inquit,
1638 2983 1793 3035 supra
1822 2966 2049 3037 singulos

460 3083 653 3120 rerum.
679 3065 817 3134 Ergo
845 3062 1003 3118 etiam
1043 3075 1204 3129 supra
1233 3060 1404 3123 illum,
1433 3060 1525 3130 qui
1557 3059 1760 3114 electus
1788 3074 1891 3112 non
1936 3060 2048 3113 lue—

460 3168 565 3213 rat.
611 3158 733 3213 Ideo
758 3172 861 3212 non
884 3154 993 3226 jam
1030 3152 1176 3207 dolet
1218 3150 1361 3222 quod
1404 3167 1511 3206 non
1544 3152 1746 3206 electus
1794 3151 1951 3205 fuerit
1990 3160 2048 3204 ut

458 3251 713 3308 Matthias
733 3249 846 3303 ’.Ιζι
878 3245 1058 3315 repleti
1079 3254 1217 3308 sunt,
1241 3244 1430 3313 inquit,
1455 3260 1646 3298 omnes.
1677 3244 1791 3298 Non
1822 3243 2047 3313 gratiam

459 3343 691 3412 Spiritus
719 3337 1033 3410 simpliciter
1072 3344 1413 3406 acceperunt,
1441 3334 1533 3390 scd
1562 3335 1649 3389 illa
1676 3335 1864 3403 repleti
1900 3343 2041 3387 sunt.

465 3434 533 3488 Et
563 3441 818 3503 coeperunt
844 3430 981 3501 loqui
1006 3430 1155 3483 variis
1178 3429 1388 3499 linguis,
1414 3438 1561 3496 prout
1591 3429 1813 3497 Spiritus
1844 3437 2046 3481 sanctus

463 3526 616 3579 dabat
638 3525 802 3593 eloqui
828 3524 950 3577 illis.
978 3522 1092 3577 Non
1126 3521 1367 3587 dixisset,
1415 3520 1623 3589 Omnes,
1653 3522 1777 3576 licet
1813 3534 2047 3591 praesen-

464 3627 545 3671 tes
567 3613 1017 3685 essentapostoli,
1064 3612 1164 3668 nisi
1210 3613 1297 3667 alii
1342 3628 1554 3684 quoque
1601 3613 1887 3683 participes
1915 3611 2045 3665 luis-

460 3718 601 3762 sent.
636 3707 883 3778 Alioquin
908 3716 1109 3771 autem,
1139 3721 1259 3759 eum
1308 3705 1426 3760 illos
1452 3714 1577 3759 ante
1615 3704 1925 3759 nominatim
1957 3719 2044 3758 re-

463 3798 784 3863 rcnatisset,
816 3811 920 3853 non
952 3796 1071 3850 illos
1097 3810 1236 3850 nunc
1265 3810 1386 3850 cum
1424 3794 1542 3849 aliis
1577 3794 1827 3864 iungeret
1863 3794 1915 3849 in
1947 3795 2049 3849 hoc

465 3890 699 3959 negatio.
724 3887 853 3943 Nam
876 3887 943 3953 si,
974 3886 1063 3941 ubi
1087 3885 1368 3941 dicendum
1398 3894 1602 3939 tantum
1630 3893 1748 3940 erat
1774 3885 2047 3956 apostolos

465 3983 721 4049 adfuisse,
752 3981 896 4050 ipsos
917 3979 1229 4035 nominatim
1257 3977 1544 4043 recensuit,
1580 3977 1746 4033 multo
1768 3977 1939 4048 magis
1961 3976 2048 4033 hic

466 4075 586 4129 illos
613 4071 964 4128 distinxisset.

538 4166 764 4235 Spiritus
808 4172 1015 4218 sanctus
1054 4162 1105 4215 in
1146 4170 1346 4216 orantes
1390 4158 1665 4214 descendit.
1692 4189 1764 4201 —-
1789 4160 2047 4215 Animad-

463 4268 614 4313 verte
638 4265 839 4317 autem,
881 4252 1149 4323 quomodo
1186 4267 1306 4306 eum
1336 4259 1682 4322 perseverant
1705 4251 1756 4305 in
1783 4252 2044 4318 oratione,

464 4363 585 4402 cum
626 4346 902 4399 caritatem
939 4351 1191 4406 servant,
1232 4351 1358 4396 tunc
1402 4343 1632 4411 Spiritus
1674 4342 1939 4397 adveniat.
1991 4343 2047 4397 In

468 4436 783 4492 meritoriam
823 4434 926 4488 illis
948 4440 1166 4487 revocat
1191 4433 1414 4487 alteram
1440 4434 1722 4501 visionem,
1747 4450 1867 4490 cum
1898 4435 2049 4504 dicit,

468 4529 746 4597 Tamquam
790 4526 941 4596 ignis.
1001 4524 1292 4594 Tamquam
1335 4524 1471 4595 ignis
1519 4526 1661 4580 enim
1704 4526 1949 4597 apparuit
1995 4527 2050 4581 in

470 4620 627 4675 rubo.
671 4616 835 4672 Proul
876 4616 1108 4688 Spiritus
1141 4625 1345 4671 sanctus
1387 4616 1538 4670 dabat
1560 4619 1722 4688 eloqui
1763 4619 1887 4675 illis.
1918 4619 2049 4673 Nam

466 4712 674 4784 eloquia
700 4725 886 4769 eorum
923 4709 1075 4780 quasi
1117 4709 1562 4779 apopbthegmata
1602 4719 1775 4764 erant.
1802 4711 1856 4765 5.
1885 4707 2053 4765 Erant

469 4815 636 4860 autem
665 4805 717 4858 in
743 4801 1053 4866 Jerusalem,
1083 4801 1274 4871 inquit,
1309 4800 1589 4856 habitantes
1611 4800 1785 4859 Judaei
1814 4804 1907 4858 viri
1936 4805 2050 4858 reli-

464 4898 613 4968 giosi.
635 4895 757 4951 [hec
783 4893 1040 4949 habitatio
1070 4893 1280 4964 signum
1310 4894 1579 4964 religionis
1601 4894 2051 4962 erat.Qnomodol

464 4993 598 5046 tium
630 5005 660 5046 e
689 4998 765 5044 tot
793 4986 1099 5043 nationibus
1125 4994 1323 5053 essent,
1353 4987 1602 5056 patriam,
1620 4987 1830 5054 domos,
1858 5003 2054 5058 cogna-

467 5092 552 5136 tos
592 5082 940 5151 reliquerant,
972 5088 1020 5134 et
1054 5077 1162 5133 illic
1200 5077 1527 5133 habitabant.
1569 5077 1700 5133 Nam
1745 5080 1859 5133 ait:
1896 5078 2057 5135 Erant

466 5174 521 5227 in
563 5172 853 5227 Jerusalem
899 5170 1179 5225 habitantes
1206 5167 1396 5233 Judazi,
1423 5170 1517 5224 viri
1554 5169 1800 5239 religiosi,
1826 5186 1889 5223 ea:
1917 5172 2056 5225 omni

467 5263 692 5328 natione,
733 5276 849 5331 quae
886 5263 977 5317 sub
1022 5262 1146 5317 celo
1185 5272 1278 5317 est.
1309 5261 1362 5317 6.
1389 5259 1552 5317 Facta
1595 5270 1763 5316 autem
1807 5262 1903 5316 hac
1941 5279 2058 5319 voce

468 5354 699 5408 convenit
727 5354 1017 5421 multitudo,
1039 5362 1085 5407 et
1109 5363 1277 5406 mente
1298 5355 1513 5423 confusa
1533 5360 1624 5407 est.
1649 5352 1784 5421 Quia
1811 5353 1863 5408 in
1896 5353 2061 5409 domo

475 5461 562 5501 res
589 5453 738 5516 gesta
763 5454 865 5512 cst,
895 5444 1016 5514 jure
1039 5444 1130 5514 qui
1156 5443 1285 5497 toris
1312 5450 1467 5498 erant
1485 5444 1856 5501 accumbam.
1884 5444 2059 5501 Mente

469 5537 694 5593 confusa
724 5547 808 5594 est
843 5535 1151 5592 multitudo.
1173 5533 1312 5603 Quid
1353 5534 1613 5605 signiﬁcat
1649 5535 1806 5608 illud,
1835 5536 2061 5610 Confusa

537 5677 555 5707 ι
592 5672 680 5723 Alii
716 5673 954 5735 legunt...
995 5689 1019 5719 ιι
1052 5684 1208 5735 supra
1248 5669 1479 5735 singulos
1501 5683 1689 5735 eorum.
1730 5689 1771 5735 s_
1794 5676 2061 5727 Considera

471 5737 590 5786 mihi
610 5732 846 5801 quantillo
868 5748 962 5785 non
979 5732 1137 5784 doleat
1169 5733 1296 5793 quod
1324 5732 1419 5784 non
1434 5733 1615 5785 electus
1637 5733 1812 5792 fuerit.

2157 394 2275 447 est?
2322 394 2590 465 Turbata,
2640 398 2900 455 admirata
2945 409 3046 457 est.
3093 401 3291 458 Deinde
3336 402 3746 460 admirationem

2158 486 2301 540 illam
2341 488 2622 544 declarans
2653 490 2724 544 ita
2759 494 2932 561 pergit
2965 511 2978 547 :
3012 493 3265 560 Quoniam
3308 496 3542 548 audiebat
3584 512 3744 548 unus-

2156 576 2366 645 quisque
2391 579 2566 648 lingua
2605 598 2697 633 sua
2722 582 2835 635 illos
2862 583 3140 652 loquentes.
3172 584 3224 636 7.
3253 581 3319 635 Et
3349 586 3582 637 conuenit
3607 586 3746 637 mul-

2157 667 2339 733 titudo,
2364 680 2407 722 et
2438 670 2567 722 inter
2596 688 2648 724 se
2670 673 2903 726 dicebant
2934 691 2951 726 :
2986 672 3174 728 Nonne
3201 692 3311 728 ecce
3338 676 3423 728 isti
3449 693 3642 732 omnem
3662 679 3748 746 Qui

2158 761 2449 828 loquuntur,
2502 759 2706 815 Galilwt'
2743 766 2907 818 sunt?
2932 765 3009 819 Ad
3037 767 3311 835 apostolos
3349 768 3528 820 statim
3578 770 3744 836 respi-

2157 849 2325 905 t‘ittnl.
2356 851 2408 904 8.
2454 851 2517 904 Et
2565 854 2814 920 quomodo
2843 872 2941 908 nos
2976 857 3212 909 audimus
3251 858 3595 926 unusquisque
3644 861 3746 911 lin-

2156 957 2308 1007 guam
2347 953 2585 1010 nostram,
2603 946 2653 997 in
2680 962 2778 1015 qua
2808 949 2915 1000 nati
2938 964 3111 1001 sumus
3128 948 3156 1001 ?
3184 947 3395 1013 Parthi,
3422 958 3468 1002 et
3495 949 3665 1014 Medi,
3698 964 3746 1004 et

2158 1034 2426 1103 Elamitw,
2461 1048 2506 1091 et
2549 1040 2639 1108 qui
2667 1039 2892 1094 habitant
2935 1040 3384 1110 diesepotamiant,
3414 1041 3652 1096 Judwmn
3697 1052 3746 1095 et

2156 1129 2569 1199 Cappadociam,
2633 1132 2851 1187 Pontum
2890 1146 2936 1187 et
2979 1134 3180 1198 Asiam,
3232 1134 3317 1189 l0.
3373 1134 3651 1206 Phrygiam
3697 1146 3745 1189 et

2160 1222 2522 1293 Pamphyliam
2546 1266 2563 1290 ,
2593 1224 2881 1296 {Egyptutu
2904 1235 2948 1279 et
2974 1238 3140 1295 partes
3169 1225 3361 1296 Libym,
3384 1238 3591 1296 quaest
3610 1231 3744 1280 rirru

2158 1314 2406 1385 Cyrenen,
2441 1329 2484 1369 et
2505 1319 2711 1371 advena:
2734 1318 2973 1382 Romani,
3006 1321 3062 1374 ll
3119 1318 3294 1372 Judaei
3327 1335 3521 1389 quoque
3546 1329 3590 1371 rt
3621 1337 3741 1384 pro-

2155 1408 2321 1478 selyti,
2354 1409 2519 1462 Cretes
2543 1422 2586 1462 et
2620 1410 2805 1462 Arabus
2834 1426 2853 1462 :
2872 1413 3107 1463 malimus
3145 1427 3227 1463 eos
3258 1410 3513 1479 loquentes
3560 1408 3748 1461 nostris

2157 1499 2343 1569 linguis
2383 1502 2637 1571 marginalia
2676 1501 2798 1556 Dei.
2839 1501 2923 1556 η.
2970 1502 3255 1571 Stupebant
3290 1512 3459 1555 autem
3503 1518 3673 1555 omnes
3697 1516 3744 1553 εἰ

2156 1592 2505 1653 mirabantur,
2546 1594 2613 1645 ad
2657 1593 2868 1647 int-irem
2916 1594 3135 1647 dicentes
3162 1609 3179 1646 :
3205 1592 3460 1660 Quidnam
3501 1593 3606 1645 vult
3650 1592 3742 1645 lio;

2156 1684 2294 1739 esse?
2319 1682 2487 1738 Viden
2509 1684 2633 1739 illos
2657 1684 2724 1737 ab
2748 1684 2967 1739 Oriente
2996 1686 3047 1737 in
3075 1684 3417 1739 Occidentem
3441 1699 3733 1739 accurren-

2157 1785 2237 1831 tes
2263 1776 2319 1828 ‘?
2343 1776 2426 1829 l3.
2454 1774 2556 1828 Alii
2580 1784 2770 1843 mitem,
2799 1775 2992 1846 inquit,
3026 1776 3287 1831 irridentes
3326 1776 3576 1842 ﬂabant,
3613 1775 3747 1842 Quis

2154 1878 2320 1921 musto
2344 1868 2480 1938 pleni
2503 1878 2639 1921 sunt.

2223 1960 2278 2014 2.
2309 1959 2355 2014 Ο
2381 1960 2678 2014 vesaniam!
2703 1974 2737 2016 ο
2766 1960 3035 2031 ingentem
3077 1959 3408 2030 nequitiam!
3452 1960 3611 2030 Atqui
3644 1974 3746 2015 ante

2154 2059 2363 2121 tempus
2390 2060 2506 2105 erat
2536 2052 2850 2105 virulentiam
2881 2062 2996 2105 crat
3020 2051 3160 2105 enim
3194 2052 3526 2106 Pentecoste.
3557 2051 3741 2120 Quod-

2152 2159 2257 2213 quc
2301 2143 2517 2213 gravius
2564 2153 2666 2206 est,
2715 2142 3091 2197 Conﬁtentihus
3138 2143 3411 2207 omnibus,
3459 2143 3738 2205 Romanis,

2154 2237 2457 2308 proselytis,
2480 2245 2532 2291 et
2559 2236 2693 2291 lut‘te
2717 2252 2781 2291 ex
2820 2237 2883 2291 iis
2921 2239 3010 2307 qui
3060 2237 3455 2300 crucilixwaul,
3509 2236 3581 2288 illi
3631 2247 3741 2288 tant

2156 2329 2338 2384 multis
2373 2329 2539 2398 signis
2569 2327 2729 2383 cditis
2755 2327 2958 2392 dicunt,
2983 2326 3151 2381 Musto
3177 2328 3313 2395 pleni
3336 2337 3472 2381 sunt.
3492 2325 3595 2382 Sed
3623 2343 3746 2396 qua:

2154 2436 2311 2488 supra
2339 2418 2478 2473 dicta
2502 2428 2627 2472 sunt
2656 2428 2983 2486 repetamus.
3022 2417 3271 2491 lleplerit,
3297 2418 3486 2488 inquit,
3512 2418 3743 2472 domum.

2152 2512 2381 2581 Spiritus
2409 2511 2561 2581 quasi
2586 2510 2787 2579 piscina
2816 2523 2967 2578 aqua:
2990 2509 3102 2561 fuit.
3137 2508 3275 2577 Ignis
3300 2524 3428 2562 vero
3451 2518 3504 2562 et
3534 2510 3743 2576 copiam

2152 2614 2207 2658 et
2235 2603 2625 2658 vehementiam
2672 2602 2956 2671 signiﬁcat.
2998 2600 3138 2655 Nihil
3182 2602 3286 2656 tale
3312 2602 3501 2655 accidit
3542 2602 3590 2656 in
3620 2618 3745 2671 pro-

2155 2696 2361 2764 phetis;
2392 2696 2483 2751 sed
2504 2711 2645 2751 nunc
2670 2695 2749 2751 sic
2777 2694 2900 2756 illis.
2925 2693 3200 2763 prephelis
3230 2702 3406 2747 autem
3429 2694 3533 2748 alio
3560 2696 3740 2749 modo.

2155 2786 2453 2858 Capitulum
2504 2787 2647 2844 cnim
2706 2786 2826 2842 libri
2869 2785 3048 2840 datum
3077 2794 3160 2838 est
3186 2784 3473 2851 Ezechieli,
3504 2796 3557 2839 et
3597 2800 3743 2840 coni-

2152 2880 2262 2933 edit
2291 2895 2352 2934 ea
2380 2896 2499 2949 qua:
2531 2879 2768 2933 dicturus
2795 2886 2911 2932 erat
2944 2893 2957 2930 :
2990 2873 3205 2929 Factum
3227 2887 3295 2929 est
3326 2887 3515 2945 autem,
3550 2876 3738 2947 inquit,

2152 2973 2206 3026 iit
2249 2988 2334 3027 ore
2378 2973 2491 3041 ejus
2531 2982 2584 3024 ut
2618 2971 2717 3024 mel
2752 2968 3043 3022 dulcescens
3071 2965 3287 3032 (Exerit.
3319 2968 3376 3023 5'.
3408 2968 3482 3037 '5).
3520 2968 3583 3020 lit
3626 2983 3743 3021 rur-

2152 3083 2268 3122 sum
2311 3081 2499 3122 manus
2548 3065 2643 3120 Dei
2686 3063 2854 3133 tangit
2898 3063 3133 3129 linguam
3188 3060 3413 3118 alterius
3466 3060 3740 3132 propheta:

2154 3159 2290 3228 (Jer.
2318 3158 2467 3227 5.9).
2492 3157 2588 3212 llic
2613 3171 2739 3213 vero
2761 3158 2874 3227 ipse
2899 3158 3127 3229 Spiritus
3155 3163 3375 3210 sanctus
3402 3162 3483 3208 est
3508 3170 3521 3204 :
3555 3154 3739 3221 sicque

2152 3267 2246 3320 par
2272 3261 2356 3307 est
2402 3251 2603 3304 honore
2642 3249 2781 3304 l’atri
2810 3258 2865 3305 et
2893 3250 3051 3304 Filio.
3083 3248 3392 3315 Rursusque
3428 3244 3554 3298 alibi
3594 3245 3671 3297 ait
3719 3261 3736 3298 :

2153 3342 2486 3404 Lantcntatio,
2520 3350 2565 3394 et
2591 3342 2861 3403 canticum,
2885 3352 2930 3396 et
2960 3356 3033 3395 rte
3057 3338 3268 3411 (Ezeclt.
3286 3338 3342 3391 2.
3364 3338 3440 3407 9).
3468 3336 3575 3392 illis
3605 3350 3737 3406 ergo

2147 3436 2268 3504 jure
2295 3435 2345 3487 itt
2384 3433 2522 3487 libro
2564 3433 2748 3488 datum
2791 3443 2874 3487 est
2907 3450 2921 3487 :
2964 3448 3086 3486 nam
3131 3428 3571 3485 similitudinibus
3609 3443 3740 3497 cge-

2153 3527 2280 3581 baut
2298 3544 2311 3581 :
2332 3540 2554 3594 remque
2583 3525 2657 3579 illi
2674 3523 2941 3580 habebant
2965 3540 3085 3579 cum
3105 3538 3205 3578 una
3229 3533 3429 3575 tantum
3454 3530 3609 3591 gente
3636 3520 3737 3575 sibi

2151 3617 2365 3688 propria
2398 3634 2412 3672 :
2446 3616 2499 3671 lii
2529 3631 2657 3671 vero
2689 3631 2810 3671 cum
2844 3617 3096 3671 universo
3121 3613 3273 3680 urbe,
3293 3624 3488 3668 etcum
3514 3613 3579 3667 iis
3603 3627 3742 3683 quos

2154 3727 2258 3766 non
2288 3719 2569 3765 noverant.
2607 3710 2835 3765 Elismus
2864 3724 2961 3780 per
3000 3709 3232 3763 meloten
3280 3706 3502 3775 gratiam
3548 3705 3739 3772 accipit

2154 3802 2366 3873 (-IJleg.
2393 3801 2476 3870 2);
2501 3802 2641 3856 alius
2659 3817 2751 3870 per
2769 3801 2967 3865 oleum,
2998 3810 3052 3853 ut
3086 3798 3246 3852 David
3270 3797 3342 3865 (l.
3369 3797 3489 3866 llt'g.
3513 3796 3737 3865 16.”);

2154 3895 2365 3967 Moyses
2414 3910 2506 3964 per
2554 3897 2728 3964 ignem
2771 3893 2888 3947 rubi
2939 3903 3159 3944 vocatur
3187 3888 3384 3959 (Exod.
3425 3890 3476 3942 ’5.
3504 3887 3585 3958 2).
3634 3887 3737 3942 Sed

2155 3984 2242 4041 hic
2264 4000 2451 4048 secus;
2484 3985 2598 4053 ipse
2640 3999 2870 4052 namque
2897 3982 3032 4051 ignis
3080 3982 3291 4035 insedit.
3324 3980 3428 4034 Sed
3471 3996 3565 4034 cur
3607 3980 3742 4049 ignis

2155 4093 2260 4132 non
2292 4077 2362 4131 ita
2406 4076 2650 4144 apparuit
2678 4084 2735 4128 ut
2775 4074 3020 4143 impleret
3047 4073 3299 4126 domum?
3325 4073 3457 4139 Quia
3499 4071 3743 4127 exterriti

2155 4169 2397 4223 fuissent.
2430 4167 2533 4222 Sed
2560 4166 2794 4220 ostendit
2825 4165 3053 4235 idipsum
3084 4166 3349 4220 evenisse.
3376 4165 3453 4219 Ne
3486 4166 3735 4220 attendas

2154 4263 2295 4317 enim
2326 4260 2465 4330 quod
2488 4261 2699 4326 dixerit,
2726 4259 3087 4331 Apparuerunt
3110 4257 3213 4310 illis
3237 4258 3512 4325 dispertila'
3532 4258 3738 4328 lingua,

2153 4355 2248 4411 sed
2277 4356 2449 4425 ignem
2478 4353 2639 4407 fuisse
2664 4350 2994 4406 consideres.
3028 4349 3232 4403 Tantus
3260 4350 3397 4418 ignis
3422 4350 3741 4403 immensam

2154 4448 2361 4518 sylvam
2401 4453 2575 4515 potest
2618 4442 2920 4497 incendere.
2953 4442 3032 4495 Ae
3064 4449 3206 4494 recte
3232 4440 3380 4504 dicit,
3426 4440 3734 4507 Dispertitte.

2156 4539 2233 4593 Ex
2262 4553 2362 4590 una
2390 4535 2530 4591 enim
2578 4534 2756 4589 radice
2782 4535 2801 4565 ²
2834 4542 3013 4596 erant;
3045 4540 3101 4585 ut
3127 4529 3302 4584 discas
3335 4530 3439 4583 vim
3480 4531 3739 4600 operandi

2156 4646 2278 4687 esse
2307 4647 2337 4684 a
2360 4629 2638 4685 Paracleto
2685 4626 2924 4681 missam.
2956 4622 3235 4693 Perpende
3259 4632 3433 4677 autem
3478 4623 3599 4678 illos
3626 4624 3740 4692 pri-

2156 4737 2301 4778 mum
2332 4720 2520 4790 dignos
2548 4718 2845 4773 declaratos
2865 4731 3017 4782 esse,
3049 4725 3103 4770 et
3123 4715 3248 4769 hinc
3269 4714 3542 4785 accepisse
3571 4714 3745 4784 Spiri-

2160 4825 2270 4871 tum
2315 4822 2587 4877 sanctum,
2618 4820 2679 4865 ut
2703 4812 2755 4865 in
2789 4809 2986 4864 Davide
3011 4807 3202 4862 accidit
3235 4824 3247 4858 :
3276 4822 3398 4861 nam
3424 4822 3540 4876 qua:
3566 4806 3656 4861 ille
3686 4806 3740 4865 in

2159 4905 2384 4961 ovilibus
2432 4902 2649 4967 l‘eoerat,
2678 4900 2864 4956 eadem
2907 4900 3030 4954 feeit
3076 4907 3198 4970 post
3240 4898 3518 4951 viatoriam
3551 4906 3601 4951 et
3628 4906 3742 4951 tro-

2162 5011 2353 5068 paeum,
2388 5004 2445 5049 ut
2475 4995 2647 5064 [alam
2674 5001 2816 5048 esset
2858 4991 2989 5046 tidcs
3018 4990 3151 5060 ejus.
3188 4988 3324 5044 Vide
3348 5003 3558 5043 rursum
3592 4988 3744 5061 Moy-
3843 5000 3855 5005 -

2158 5103 2274 5144 sem
2295 5088 2383 5157 qui
2407 5087 2517 5157 ipse
2534 5100 2743 5155 quoque
2764 5084 2963 5154 regiam
2986 5083 3311 5154 chpiciebat
3345 5081 3601 5155 (Exod.2.
3628 5083 3745 5152 11),

2161 5190 2215 5236 et
2236 5187 2354 5248 post
2396 5178 2745 5248 quadraginta
2774 5190 2945 5230 annos
2994 5175 3377 5244 rempublicam
3405 5175 3749 5229 administra-

2160 5274 2266 5340 vit;
2315 5270 2617 5329 Samuelem
2660 5270 2715 5326 in
2752 5270 2962 5341 templo
3002 5268 3283 5325 eduettum
3310 5267 3546 5341 (LReg.
3571 5269 3631 5324 3.
3655 5266 3744 5337 '5);

2227 5429 2245 5461 ί
2280 5435 2411 5478 Unus
2451 5428 2603 5478 habet
2633 5437 2647 5475 :
2694 5422 2867 5494 riden’
2893 5423 3022 5494 unde
3059 5422 3354 5494 aligerorum
3392 5422 3544 5494 iusim
3585 5421 3749 5494 argent

2163 5497 2409 5542 terrarum
2431 5484 2778 5554 permtrrerint.
2816 5494 2945 5536 Itane
2967 5483 3230 5537 lectionem
3276 5493 3517 5551 sequutus
3539 5492 3616 5535 est
3638 5483 3751 5532 Era-

2165 5566 2450 5680 sxflausbnus
2504 5609 2686 5680 habet,
2722 5610 2862 5680 fonte,
2892 5622 2982 5680 pro
3007 5645 3022 5668 ,
3048 5609 3233 5660 radice.
3256 5609 3316 5659 Et
3340 5608 3519 5680 intra...
3539 5615 3752 5680 piparas

2168 5675 2509 5785 cletobntissant
2530 5687 2547 5724 :
2570 5669 2792 5739 quiigiu's
2812 5669 2966 5722 inslar
2991 5682 3187 5735 peccata
3220 5670 3388 5721 mundi
3411 5670 3549 5731 quasi
3571 5669 3756 5732 lignum

2170 5752 2275 5785 cum
2312 5748 2447 5785 itsStl.

2170 5748 2447 5789 COllIUNs‘Sll.
