4036 6212
246 276 307 334 ιε
876 266 883 272 '
1268 249 1337 304 Ν
1375 246 1549 305 ACTA
1593 237 2363 301 APOSTOLORUMJIOMIL.
2407 240 2497 298 IV.
3463 242 3541 300 ιε

241 394 487 450 Distant
514 426 530 450 ,
567 378 662 454 qui
705 374 889 434 omnia
922 368 1126 427 dimisit
1159 368 1237 439 (‘5.
1273 365 1397 435 Reg.
1430 363 1515 419 l9.
1542 361 1659 433 2t);
1697 360 1833 454 [ἐφ.

239 484 462 539 chielem
509 452 666 532 item.
713 465 869 538 Quod
899 479 1027 521 vero
1074 464 1154 517 sic
1183 458 1444 523 evenerit,
1489 457 1655 526 liquet
1681 469 1745 507 es
1775 452 1841 507 iis

239 595 350 647 quia
399 578 632 641 sequuta
677 572 806 621 sunt
839 575 1000 617 :nam
1031 553 1085 610 hi
1114 569 1209 609 sua
1254 552 1432 608 omnia
1485 551 1836 619 reliquerunt.

242 643 360 724 ideo
406 675 541 718 tunc
574 657 834 729 Spiritum
870 647 1179 719 accipiunt,
1231 659 1352 699 cum
1393 643 1641 697 virtutem
1686 650 1837 693 suam

237 757 631 815 ostendissent.
668 745 977 802 Didicerant
1023 739 1309 793 humanam
1334 732 1699 789 infirmitatem
1744 743 1840 798 per

239 868 327 913 ea,
351 863 479 920 qua
507 842 640 913 βαεδί
658 840 865 903 fuerant
890 832 1217 889 :didicerant
1238 842 1296 880 se
1321 842 1427 879 non
1453 822 1645 877 frustra
1672 818 1839 890 probe

244 914 636 1010 reoi'gessisse.
650 936 744 991 Sic
772 941 826 989 et
846 930 977 988 Satil
1003 941 1125 983 eum
1148 920 1515 979 testimonium
1544 914 1841 982 accepisset

246 1051 309 1090 se
350 1004 543 1088 bonum
576 1044 698 1085 esse
726 1021 1196 1091 virum,Spiritum
1220 1013 1455 1082 accepit;
1485 1009 1577 1064 sed
1595 1022 1660 1063 eo
1681 1004 1840 1060 modo

245 1143 357 1197 quo
382 1139 525 1180 nunc
562 1118 835 1191 discipuli,
860 1129 1052 1180 nemo;
1096 1124 1268 1181 neque
1296 1107 1508 1177 Moyses
1548 1103 1638 1197 qui
1671 1102 1842 1197 major

246 1191 526 1291 prophetis
563 1221 704 1269 erat.
728 1210 864 1267 Nam
910 1208 1025 1272 ille,
1057 1219 1176 1260 eum
1205 1206 1480 1271 oporteret
1517 1195 1650 1249 alios
1675 1191 1842 1262 spiri-

245 1283 416 1364 inales
466 1306 656 1371 efﬁci,
703 1300 1021 1357 imminutus
1059 1303 1157 1351 est.
1188 1292 1285 1347 llic
1330 1303 1460 1343 vero
1498 1301 1606 1341 non
1651 1283 1842 1339 eodem

244 1402 427 1465 modo,
455 1397 554 1453 sed
601 1389 1058 1467 quemadmodum
1087 1384 1153 1440 ad
1176 1385 1356 1455 ignem
1387 1387 1517 1450 quot
1556 1376 1698 1432 volet
1722 1373 1842 1445 qui-

242 1496 322 1551 vis
345 1496 599 1548 lucernas
623 1486 907 1549 accendet,
938 1496 1039 1537 nec
1058 1480 1263 1534 minuet
1290 1476 1492 1547 ignem,
1525 1470 1601 1526 sic
1629 1479 1682 1525 et
1711 1481 1846 1537 apo-

246 1589 395 1643 stolis
440 1595 578 1640 tunc
602 1579 857 1650 contigit.
900 1574 1035 1631 Nam
1066 1588 1162 1644 per
1192 1571 1367 1642 ignem
1404 1582 1509 1621 non
1539 1562 1698 1618 modo
1727 1576 1848 1631 gra-

246 1682 329 1734 tiae
354 1679 589 1733 ubertas
615 1669 1033 1731 ostendebatur;
1079 1662 1173 1720 sed
1197 1662 1420 1732 quisque
1449 1656 1649 1711 fontem
1676 1652 1846 1722 Spiri-

247 1784 325 1825 tus
350 1768 685 1837 accipiebat,
717 1772 775 1818 ut
800 1760 935 1816 dixit
984 1757 1095 1823 ille,
1126 1770 1222 1812 eos
1248 1754 1338 1825 qui
1368 1756 1419 1807 in
1442 1766 1502 1807 se
1539 1746 1844 1813 crederent,

250 1870 568 1931 accepturos
601 1869 725 1911 esse
749 1853 951 1907 fontem
981 1862 1135 1919 aquae
1160 1844 1399 1902 salientis
1428 1843 1480 1897 in
1498 1841 1662 1895 vitam
1693 1848 1850 1892 32le-

248 1929 591 2021 aamtloan.
625 1950 680 2004 ιι.
712 1946 804 2016 Η)
834 1962 849 1997 :
882 1942 1044 2013 idque
1085 1940 1208 2009 jure
1255 1936 1468 1992 merito.
1495 1932 1678 2002 Neque
1706 1929 1849 1985 cnim

248 2061 357 2099 cum
387 2043 685 2099 Pharaone
713 2035 1035 2109 disputaturi
1064 2032 1337 2095 abierant,
1368 2025 1461 2082 sed
1489 2040 1608 2080 cum
1636 2021 1850 2079 diabolo

249 2134 561 2207 pugnaturi.
602 2129 868 2200 Quodque
910 2124 1209 2181 mirabilius
1250 2128 1355 2187 est,
1388 2119 1536 2174 missi
1569 2132 1674 2173 non
1700 2129 1852 2185 repu-

246 2239 501 2299 gnarunt,
532 2241 635 2281 nec
661 2224 908 2278 dixerunt
938 2234 998 2276 se
1018 2217 1203 2290 gracili
1228 2230 1358 2271 voce
1386 2222 1441 2269 et.
1463 2212 1637 2282 lingua
1670 2209 1852 2265 tardos

245 2340 360 2379 esse
392 2322 603 2395 (Exod.
633 2320 685 2374 ι.
718 2316 842 2388 10);
873 2314 1085 2384 Moyses
1112 2310 1253 2368 enim
1286 2310 1408 2365 illos
1438 2306 1504 2362 ad
1536 2307 1639 2361 hoc
1665 2302 1851 2359 erudi-

245 2428 379 2471 erat.
392 2415 522 2470 Non
540 2414 815 2477 dixerunt,
831 2406 1142 2477 sejuniores
1161 2418 1300 2468 esse;
1321 2417 1443 2457 nam
1461 2398 1720 2456 Jeremias
1735 2397 1854 2452 illos

247 2510 573 2564 instituerat
604 2503 736 2573 (Jer.
767 2504 817 2559 i.
846 2502 927 2571 6).
955 2497 1119 2569 Atqui
1162 2496 1328 2552 multa
1371 2492 1654 2549 audierant
1695 2489 1853 2546 terrio

246 2603 397 2664 bilia,
448 2598 753 2668 multoque,
786 2611 945 2667 quam
992 2594 1088 2656 illi.
1120 2592 1361 2662 majora:
1390 2597 1445 2645 et
1475 2598 1651 2642 tamen
1695 2584 1853 2638 veriti

250 2707 371 2751 sunt
397 2691 804 2751 contradicere.
850 2689 987 2745 Hinc
1014 2686 1186 2757 palam
1217 2692 1299 2740 est
1323 2698 1417 2738 eos
1448 2681 1609 2735 fuisse
1638 2676 1857 2748 angelos

251 2788 404 2852 lueis,
428 2796 490 2838 et
515 2795 872 2853 supernorum
902 2793 1084 2834 rerum
1118 2776 1411 2832 ministros.
1428 2773 1495 2826 Et
1515 2772 1618 2825 illis
1643 2769 1855 2840 quidem

254 2880 305 2934 iu
336 2890 482 2932 terra
513 2873 797 2945 agentibus
818 2870 995 2925 nullus
1022 2869 1089 2925 de
1115 2869 1251 2924 caelo
1275 2866 1554 2936 apparuit;
1586 2861 1679 2919 sed
1712 2869 1859 2932 post-

257 2988 417 3040 quam
455 2966 708 3023 ascendit
752 2965 924 3020 llomo
964 2977 1176 3018 sursum
1203 3002 1217 3025 ,
1266 2958 1501 3030 Spiritus
1535 2973 1566 3013 e
1611 2953 1859 3025 supernis

258 3062 510 3123 advenit;
538 3057 819 3127 Tamquam
840 3053 1252 3123 supervenientis,
1274 3049 1466 3120 inquit,
1490 3047 1700 3118 spiritus
1714 3046 1862 3099 velte-

263 3153 468 3206 utentis.
514 3150 655 3203 Hinc
688 3147 923 3202 declarat
944 3146 1082 3208 fore,
1112 3153 1168 3198 ut
1193 3141 1325 3198 nihil
1352 3141 1518 3211 possit
1544 3139 1675 3209 ipsis
1711 3136 1859 3192 obsio

264 3252 431 3307 ﬂere,
463 3242 558 3296 sed
590 3239 836 3295 inimicos
864 3238 931 3292 ab
955 3237 1087 3307 ipsis
1131 3233 1366 3306 pulveris
1401 3232 1569 3286 instar
1597 3229 1862 3307 ventilan-

271 3332 368 3387 dos
408 3347 553 3386 esse.
602 3328 667 3383 Et
716 3329 921 3395 replevit
969 3336 1127 3381 totam
1180 3324 1403 3379 domum.
1424 3321 1623 3376 Domus
1678 3318 1862 3374 mundi

275 3423 577 3496 symbolum
598 3432 730 3475 erat.
750 3420 992 3490 Seditque
1022 3433 1179 3487 supra
1197 3414 1423 3487 singulos
1440 3428 1631 3466 eorum.
1655 3411 1722 3466 Et
1742 3427 1863 3464 con-

274 3517 418 3571 νεηίι
435 3514 716 3577 multitudo,
734 3522 777 3565 et
796 3521 956 3565 mente
970 3512 1182 3580 confusa
1195 3506 1701 3563 est.Viden‘illorum
1713 3508 1881 3578 pieta-

279 3616 423 3670 tem,
456 3613 511 3657 et
539 3604 797 3672 quomodo
817 3602 951 3657 nihil
977 3602 1153 3655 statim
1178 3600 1540 3671 pronuntient,
1584 3597 1677 3652 sed
1708 3595 1868 3650 bursi-

274 3698 437 3753 tent.’
478 3698 556 3751 illi
601 3712 724 3750 vero
749 3694 976 3765 improbi
1018 3693 1365 3764 pronuntiant
1400 3691 1660 3750 dicentes.
1699 3689 1865 3743 Musto

279 3790 415 3857 pleni
452 3799 586 3842 sunt.
611 3787 874 3854 Quoniam
895 3783 1187 3841 secundum
1218 3784 1390 3854 legem
1428 3782 1626 3837 licebat
1656 3781 1761 3836 illis
1785 3791 1867 3836 ter

278 3880 568 3949 quotannis
599 3879 651 3931 in
696 3877 897 3947 templo
923 3890 1258 3945 comparere,
1284 3874 1407 3929 ideo
1432 3874 1536 3929 illic
1561 3873 1869 3928 habitabant

281 3988 341 4026 ex
367 3972 625 4025 omnibus
651 3970 955 4023 nationibus
981 3969 1079 4023 viri
1108 3968 1366 4038 religiosi.
1408 3965 1544 4020 Hinc
1572 3962 1865 4035 perpende,

282 4080 434 4131 quam
468 4080 578 4116 non
622 4062 871 4116 adulatur
896 4061 1000 4116 illis
1029 4061 1117 4131 qui
1157 4059 1271 4113 hinc
1302 4058 1535 4127 scripsit.
1560 4058 1674 4112 Non
1725 4058 1867 4111 enim

281 4156 407 4211 dicit
434 4156 562 4211 illos
593 4154 723 4224 quid
760 4156 1155 4224 pronuntiasse,
1181 4153 1273 4208 sed
1305 4152 1465 4222 quid?
1499 4149 1661 4204 Facta
1700 4161 1871 4204 autent

285 4248 374 4301 hc
398 4264 519 4301 uoce
544 4247 774 4301 convenit
803 4245 1073 4300 multitudo
1089 4256 1135 4300 et
1163 4254 1326 4299 mente
1354 4248 1564 4317 confusa
1584 4252 1676 4299 est.
1705 4243 1865 4299 iure:

284 4340 545 4409 μιυικηιι
575 4340 719 4395 enim
746 4355 858 4395 rem
886 4340 1047 4395 linem
1074 4339 1344 4409 accepisse
1373 4354 1466 4407 per
1490 4354 1643 4393 suum
1684 4347 1870 4392 contra

286 4432 558 4487 Christum
588 4432 813 4487 facinus.
844 4432 1095 4503 Alioquin
1118 4446 1270 4497 vero,
1308 4430 1633 4487 conscientia
1658 4429 1869 4485 illorum

288 4525 494 4577 animos
521 4523 832 4592 exagitabat
849 4565 867 4590 ,
896 4538 1016 4579 cum
1039 4522 1219 4578 studes
1245 4521 1421 4577 adhuc
1443 4522 1592 4592 quasi
1623 4522 1673 4576 in
1701 4522 1871 4576 mani-

288 4615 386 4670 bus
429 4626 601 4680 esset,
632 4625 689 4671 et
715 4615 893 4671 omnia
925 4616 1047 4672 illos
1094 4616 1383 4671 terrebant.
1408 4614 1596 4670 Nonne
1635 4630 1768 4680 ecce,
1792 4615 1872 4668 in-

290 4712 422 4778 quit,
466 4712 519 4763 In“
560 4726 759 4776 omnes,
794 4710 879 4779 qui
924 4710 1228 4778 loquuntur,
1268 4708 1472 4764 Galilari
1508 4709 1666 4762 sunt?
1708 4709 1875 4764 Recte

289 4800 422 4853 dixit
454 4820 470 4853 :
493 4816 618 4855 nam
642 4816 704 4855 se
725 4800 861 4855 tales
890 4800 1296 4871 proﬁtebantur.
1342 4800 1489 4855 Adeo
1516 4800 1635 4855 illos
1666 4800 1876 4856 sonitus

295 4892 528 4946 terrebat
572 4909 587 4945 :
626 4907 749 4945 nam
792 4906 983 4963 magna
1030 4908 1155 4962 pars
1193 4892 1337 4947 orbis
1377 4893 1479 4946 huc
1522 4891 1873 4947 confluxerat.

298 4981 427 5036 Illud
456 4998 586 5037 vero
611 4982 885 5050 apostolos
914 4983 1226 5048 roborabat,
1270 4980 1411 5051 quod
1438 4997 1560 5037 cum
1602 4982 1877 5037 nescirent

293 5074 418 5142 quid
458 5084 604 5130 esset
648 5074 897 5130 Parthico
937 5076 1101 5146 loqui,
1133 5076 1202 5129 ab
1241 5076 1342 5131 illis
1390 5086 1512 5131 tunc
1540 5092 1600 5132 se
1626 5076 1696 5130 ita
1726 5077 1877 5146 loqui

293 5163 590 5219 discebant.
626 5165 793 5220 Porro
820 5175 1008 5234 gentes
1037 5178 1299 5220 memorat
1332 5166 1434 5220 illis
1461 5168 1721 5234 inimicas,
1749 5168 1881 5224 Cre-

291 5264 395 5319 tas,
441 5257 668 5319 Arabes,
704 5255 1003 5328 Aigyptios,
1035 5256 1227 5314 Persas
1257 5272 1271 5311 :
1303 5257 1581 5313 declamas
1618 5259 1741 5315 illos
1782 5260 1881 5317 has

290 5362 483 5400 omnes
504 5347 821 5403 subacturos
847 5363 984 5404 esse.

363 5439 418 5493 5.
459 5437 592 5493 Cum
634 5449 810 5495 autem
854 5438 1029 5496 Judmi
1074 5449 1198 5497 tunc
1248 5441 1300 5497 in
1331 5440 1637 5511 captivitate
1676 5452 1879 5509 essent,

298 5532 591 5585 verisimile
628 5540 745 5588 erat
791 5531 864 5589 ibi
905 5532 1102 5590 multos
1144 5548 1457 5607 comparere
1500 5550 1564 5590 ex
1594 5536 1880 5605 gentibus;

295 5622 407 5677 sive
434 5621 581 5691 quod
608 5622 719 5692 jam
742 5622 881 5693 apud
908 5632 1096 5694 gentes
1114 5625 1360 5701 dogmata
1387 5626 1651 5683 seminata
1676 5634 1880 5683 essent.

296 5708 533 5784 meoque
564 5713 717 5769 multi
754 5713 865 5784 jam
911 5713 1018 5772 illic
1045 5716 1295 5791 aderant,
1325 5732 1517 5778 eorum
1548 5731 1667 5787 qua:
1695 5718 1884 5774 audie-

1949 368 2069 412 rant
2092 374 2381 414 memores.
2404 356 2795 412 Testimonium
2820 371 2948 428 ergo
2970 356 3204 428 undique
3228 366 3396 413 lutum
3418 370 3539 415 erat

1947 459 2000 504 et
2025 452 2142 507 sine
2162 449 2551 514 controversia,
2578 464 2607 504 a
2634 449 2857 516 civibus,
2879 450 2947 503 ab
2975 451 3264 514 extraneis,
3295 465 3325 504 a
3350 465 3537 519 prose-

1946 542 2093 613 lytis.
2130 542 2427 595 Audiuimus
2445 557 2530 595 eos
2559 542 2813 611 loquentes
2836 541 3021 595 nostris
3047 541 3236 613 linguis
3274 541 3556 608 ntuqnalia.

1946 632 2063 687 Dei.
2089 632 2205 687 Non
2233 632 2375 688 enim
2400 632 2657 704 vulgaria,
2674 631 2773 687 sed
2801 631 3059 687 mirabilia
3081 631 3325 703 quietiam
3346 632 3535 703 loque-

1946 726 2158 781 bantur.
2204 725 2334 781 Jure
2360 740 2487 796 ergo
2536 725 2850 780 hzesitabant
2884 742 2897 778 :
2929 725 3059 780 nihil
3103 725 3245 780 enim
3273 739 3528 796 umquam

1945 816 2121 872 simile
2151 815 2438 870 acciderat.
2472 814 2603 870 Vide
2647 814 2921 868 hominum
2969 814 3305 884 probitatem.
3335 815 3529 884 Stupe-

1945 909 2069 963 bant
2100 919 2155 963 et
2181 908 2516 969 dubitabant.
2545 907 2787 962 dicentes
2817 923 2830 959 :
2866 906 3126 973 Quidnam
3155 894 3256 959 vult
3284 906 3378 959 hoc
3397 903 3533 959 esse?

1946 1002 2050 1056 Atii
2078 1012 2245 1055 autent
2271 1000 2537 1055 irridentes
2564 1000 2816 1067 dicebant,
2847 999 3018 1052 Musto
3045 998 3183 1070 pleni
3210 1007 3344 1052 sunt.
3366 998 3410 1052 0
3432 997 3535 1051 ἰηι-

1947 1094 2293 1166 pudentiam!
2322 1095 2379 1151 Si
2408 1109 2472 1150 ea
2501 1093 2569 1149 de
2596 1108 2756 1148 causa
2788 1093 3060 1159 ridebant,
3090 1092 3285 1164 ecquid
3317 1089 3538 1147 mirum?

1950 1186 2381 1259 qttanquuidem
2427 1187 2599 1256 ipsum
2635 1185 2915 1241 Dominum
2960 1184 3234 1240 daemonas
3263 1181 3537 1253 expellen-

1949 1288 2079 1345 tem,
2106 1279 2427 1336 daemonium
2450 1277 2648 1334 habere
2670 1276 2917 1332 dicebant
2960 1275 3139 1349 (Joan.
3165 1275 3221 1332 8.
3245 1274 3366 1346 48).
3406 1273 3539 1329 Nam

1948 1373 2242 1444 petulantia
2269 1371 2594 1441 ubicumque
2619 1370 2807 1435 adest;
2840 1385 3002 1425 unum
3028 1369 3222 1440 qumrit
3262 1366 3448 1433 modo,
3478 1376 3541 1420 ut

1953 1465 2225 1535 loquatur,
2253 1479 2360 1519 non
2392 1461 2686 1519 secundum
2714 1462 2977 1516 rationem
3004 1502 3019 1528 ,
3054 1459 3149 1515 sed
3175 1459 3434 1530 quidquid
3483 1458 3540 1512 in

1951 1555 2173 1610 buccam
2204 1554 2431 1609 venerit.
2478 1552 2648 1608 Musto
2689 1553 2826 1623 pleni
2869 1561 3009 1607 sunt.
3041 1551 3186 1608 Sane
3210 1565 3341 1606 vero
3373 1568 3386 1604 :
3418 1548 3543 1619 quia

1952 1645 2197 1701 homines
2241 1646 2292 1700 in
2339 1646 2500 1700 tantis
2525 1644 2806 1714 periculis,
2851 1652 3091 1699 extrema
3120 1650 3454 1703 metuentes,
3488 1640 3541 1693 in

1955 1746 2103 1792 tanto
2130 1752 2364 1792 mmrore
2390 1744 2686 1799 versantes,
2715 1734 2836 1788 talia
2870 1734 3014 1805 loqui
3043 1733 3262 1788 audent.
3294 1732 3537 1801 Perpen-

1954 1829 2049 1884 das
2077 1830 2234 1884 velim
2264 1826 2534 1898 quomodo
2558 1866 2574 1893 ,
2599 1841 2725 1881 cum
2765 1826 2869 1881 hoc
2890 1825 3184 1881 verisimile
3229 1838 3335 1878 non
3358 1830 3543 1888 esset,

1955 1930 2013 1977 ut
2037 1921 2370 1976 auditoribus
2414 1920 2733 1989 imponant,
2765 1926 2819 1973 et
2857 1916 3146 1971 ostendant
3191 1915 3337 1984 ipsos
3365 1913 3548 1968 ebrios

1954 2028 2077 2068 esse
2095 2054 2110 2079 ,
2138 2010 2329 2083 agendi
2360 2021 2413 2065 et
2442 2009 2695 2079 loquendi
2744 2007 2903 2062 modo
2932 2015 3103 2061 totum
3145 2005 3457 2059 adscribunt
3485 2010 3544 2056 et

1957 2104 2158 2171 dicant,
2190 2102 2361 2171 Musio
2391 2101 2529 2171 pleni
2557 2109 2695 2155 sunt.
2728 2099 2887 2154 Stans
2908 2107 3077 2151 autem
3105 2096 3287 2150 Petrus
3316 2111 3430 2149 cum
3456 2111 3543 2147 un-

1957 2196 2139 2260 decim,
2172 2193 2351 2248 levavit
2377 2208 2547 2247 vocem
2569 2207 2746 2258 suam,
2774 2199 2821 2245 et
2869 2189 3106 2260 loquutus
3132 2196 3207 2244 est
3232 2188 3322 2242 eis.
3354 2185 3549 2241 Vidisti

1959 2286 2120 2342 modo
2148 2285 2293 2340 illius
2325 2282 2715 2355 providentiam
2741 2322 2757 2348 ,
2783 2280 2871 2335 hic
2890 2279 3012 2335 vide
3038 2276 3428 2335 fortitudinem.
3454 2275 3551 2330 Et-

1959 2379 2104 2435 enim
2134 2379 2179 2433 si
2209 2375 2612 2432 admirabantur
2636 2373 2747 2438 illi,
2778 2373 2822 2428 si
2854 2371 3161 2444 stupebant,
3186 2384 3367 2425 annon
3393 2383 3548 2439 teque

1959 2468 2260 2526 mirandum
2284 2476 2440 2535 erat,
2468 2466 2742 2521 hominem
2792 2464 3099 2520 illiteratum
3144 2471 3200 2517 et
3241 2462 3460 2517 idiotam
3494 2460 3546 2514 in

1961 2571 2107 2617 tanta
2136 2557 2480 2615 multitudine
2528 2571 2688 2628 posse
2718 2557 2771 2611 in
2810 2555 2972 2612 verba
3001 2552 3386 2626 prorumpere?
3411 2550 3547 2607 Nam

1962 2656 2006 2710 si
2032 2656 2150 2725 quis
2171 2654 2313 2709 inter
2335 2651 2624 2707 familiares
2646 2651 2873 2721 loquens
2900 2649 3164 2715 turbatur,
3188 2647 3356 2703 multo
3379 2645 3550 2714 magis

1965 2746 2107 2800 inter
2131 2742 2375 2798 inimicos
2403 2749 2459 2797 et
2487 2740 2689 2796 cardem
2734 2739 3002 2810 spirantes
3045 2738 3274 2808 loquens
3303 2735 3549 2792 turbabi-

1964 2844 2071 2890 tur.
2097 2834 2251 2903 Quod
2273 2843 2452 2889 autem
2478 2831 2615 2888 ebrii
2641 2846 2746 2884 non
2768 2839 2970 2894 essent,
2989 2829 3168 2883 statim
3190 2843 3260 2883 ex
3285 2828 3400 2897 ipsa
3421 2839 3555 2881 voce

1963 2929 2274 2995 declaravit,
2298 2925 2549 2997 quodque
2572 2939 2681 2979 non
2708 2937 2859 2978 more
2887 2930 3067 2976 vatum
3112 2919 3293 2974 furore
3313 2916 3553 2988 correpti

1964 3032 2169 3087 essent,
2200 3035 2375 3091 neque
2400 3021 2449 3075 vi
2474 3017 2700 3090 quadam
2728 3016 3116 3072 detinerentur.
3144 3011 3279 3081 Quid
3307 3010 3410 3067 sibi
3437 3010 3551 3065 vult

1966 3113 2121 3180 illud,
2148 3113 2274 3168 Cum
2304 3109 2579 3166 undecim?
2603 3107 2957 3164 Communem
2980 3102 3299 3159 emittebant
3325 3114 3510 3156 vocem
3530 3139 3549 3164 ,

1966 3215 2022 3261 et
2051 3206 2166 3273 ipse
2186 3220 2248 3258 os
2272 3201 2511 3258 omnium
2538 3208 2676 3256 erat.
2706 3196 2935 3252 Adstant
2954 3209 3085 3251 vero
3108 3192 3378 3257 undecim,
3404 3189 3549 3246 dicta

1965 3296 2279 3353 testimonio
2328 3308 2429 3350 suo
2454 3290 2856 3348 continuantes.
2903 3288 3109 3343 Levavit
3158 3301 3328 3340 vocem
3368 3298 3553 3351 suam,

1968 3387 2176 3459 inquit,
2208 3385 2311 3441 hoc
2341 3392 2425 3441 est
2443 3426 2459 3451 ,
2490 3397 2681 3454 magna
2707 3396 2828 3437 cum
2856 3379 3047 3435 fiducia
3073 3377 3417 3449 loquebatur.

2041 3476 2229 3532 Petrus
2254 3492 2407 3547 quam
2433 3484 2675 3529 mutatus.
2700 3502 2773 3515 —
2800 3472 2913 3527 Hoc
2941 3480 3120 3527 autem
3169 3469 3314 3533 facit,
3346 3478 3404 3523 ut
3428 3466 3549 3537 Spi-

1970 3568 2105 3625 ritus
2150 3568 2374 3639 gratiam
2421 3563 2746 3621 ediscerent.
2790 3562 2839 3618 ls
2876 3561 3021 3618 enim
3064 3559 3157 3631 qui
3194 3559 3313 3614 vilis
3359 3556 3553 3628 puclla:

1970 3657 2446 3729 interrogationem
2492 3672 2599 3716 non
2630 3656 2858 3719 tulerat,
2881 3653 2992 3723 jam
3023 3651 3078 3706 in
3120 3649 3298 3707 medio
3324 3648 3554 3720 populo-

1972 3766 2113 3813 rum,
2140 3749 2230 3818 qui
2253 3762 2442 3802 omnes
2466 3746 2667 3802 easdem
2694 3744 2998 3815 spirabant,
3024 3757 3147 3798 cum
3176 3748 3319 3796 tanta
3340 3739 3561 3796 disserit

1975 3840 2187 3904 fiducia,
2223 3846 2279 3891 ut
2307 3846 2452 3891 esset
2485 3835 2615 3890 illud
2660 3834 3015 3889 indubitatum
3044 3830 3458 3888 resurrectionis
3485 3829 3562 3884 si-

1973 3946 2134 4003 gnum
2168 3944 2181 3982 :
2215 3943 2337 3982 nam
2385 3928 2524 3981 inter
2570 3924 2808 3981 ridentes
2858 3925 3103 3981 homines
3144 3933 3202 3980 et
3254 3923 3343 3977 tali
3398 3919 3560 3975 modo

1975 4022 2372 4077 subsannantes
2400 4032 2521 4073 cum
2574 4016 2821 4072 libertate
2866 4014 3123 4085 loquitur.
3153 4014 3377 4081 Quanta:
3404 4020 3562 4084 putas

1976 4112 2303 4184 petulantiae,
2338 4119 2552 4181 quantae
2581 4107 2872 4180 impietatis
2894 4149 2911 4175 ,
2941 4116 3155 4177 quanta.-
3182 4105 3562 4174 impudentize,

1977 4202 2294 4274 stupendum
2318 4201 2446 4257 illud
2475 4202 2773 4273 linguarum
2796 4198 2993 4255 donum
3015 4197 3260 4254 ebrietati
3288 4196 3563 4251 adscribit-

1977 4298 2075 4353 re?
2103 4295 2211 4352 Sed
2242 4295 2377 4350 nihil
2402 4296 2503 4349 hoc
2533 4293 2807 4366 apostolos
2837 4291 3102 4358 turbavit,
3134 4305 3309 4360 neque
3338 4288 3566 4344 timidio-

1977 4402 2064 4443 res
2092 4402 2157 4442 ex
2185 4386 2276 4440 tali
2305 4387 2417 4442 risu
2470 4384 2596 4440 facti
2620 4392 2766 4439 sunt.
2795 4382 2926 4439 Nam
2954 4398 3017 4437 ex
3061 4380 3291 4435 adventu
3335 4378 3568 4449 Spiritus

1977 4478 2131 4549 quasi
2181 4476 2582 4537 transformati.
2625 4473 2907 4545 corporeis
2955 4472 3207 4529 omnibus
3256 4470 3589 4541 superiores-

1973 4576 2152 4626 erant.
2179 4567 2239 4622 Si
2268 4581 2402 4637 quos
2430 4567 2572 4621 enim
2599 4565 2755 4621 adeat
2781 4562 3041 4635 Spiritus,
3089 4575 3283 4617 aureos
3312 4576 3376 4616 ex
3408 4561 3567 4614 luteis

1975 4658 2162 4715 efficit.
2193 4657 2309 4713 iam
2340 4656 2469 4712 mihi
2494 4657 2710 4712 Petrum
2739 4656 3019 4712 considera
3043 4696 3058 4723 ,
3089 4662 3145 4710 et
3188 4652 3409 4723 explora
3436 4651 3567 4706 mihi

1981 4751 2226 4807 timidum
2257 4752 2405 4806 illum
2434 4792 2449 4815 ,
2480 4760 2536 4806 et
2563 4750 2933 4821 insipientem;
2965 4760 3022 4804 ut
3045 4749 3119 4803 ait
3146 4746 3394 4804 Christus
3423 4762 3437 4799 :
3469 4743 3570 4799 Ad-

1982 4845 2081 4899 huc
2112 4854 2157 4898 et
2186 4860 2270 4899 vos
2299 4844 2591 4915 insipientes
2635 4845 2753 4899 estis
2793 4841 3026 4911 (Matth.
3057 4840 3144 4896 l5.
3174 4839 3300 4910 16);
3328 4838 3419 4907 qui
3446 4851 3543 4907 pos
3563 4845 3585 4890 t

1982 4937 2374 4993 confessionem
2427 4936 2569 4991 illam
2617 4935 2951 5002 mirabilem,
3001 4941 3151 4987 satan
3198 4939 3421 4986 vocatus
3470 4926 3581 4986 fuit

1983 5029 2096 5103 (Id.
2147 5030 2233 5085 16.
2254 5005 2679 5102 25).ίῖ)θη)θηιιο
2719 5029 2848 5084 item
2876 5029 2891 5060 ⁸
2921 5025 3288 5096 apostolorum
3330 5039 3565 5080 concor-

1983 5121 2149 5185 diam,
2180 5119 2453 5191 quomodo
2484 5120 2642 5173 Petro
2671 5117 2933 5174 cesserint
2958 5116 3311 5171 concinnandi
3341 5117 3523 5171 officio
3554 5135 3570 5171 :

1985 5227 2160 5282 neque
2184 5212 2329 5267 enim
2357 5209 2641 5281 oportebat
2668 5224 2855 5264 omnes
2880 5208 3040 5264 simul
3057 5208 3224 5278 loqui.
3260 5207 3325 5262 Et
3356 5208 3571 5276 levavit,

1987 5304 2194 5375 inquit,
2226 5320 2395 5359 vocent
2430 5318 2603 5369 suam,
2633 5310 2687 5358 et
2714 5317 2901 5373 ttiagtia
2928 5317 3048 5358 cum
3092 5302 3281 5356 fiducia
3326 5302 3574 5373 loquutus

2053 5458 2177 5528 Lit?
2224 5473 2331 5528 uno
2534 5461 2606 5509 sic
2652 5460 2863 5528 citerior
2889 5458 2979 5528 .bic
3021 5456 3328 5528 locus...._..et
3371 5451 3572 5528 cattlfo

1987 5520 2110 5591 mihi
2131 5517 2350 5591 timidum
2366 5520 2524 5591 illum,
2548 5529 2593 5571 ct
2607 5522 2738 5591 adeo
2762 5518 2983 5591 timidum
3006 5527 3055 5570 ut
3071 5516 3573 5591 ne_ntutiercugz_ttg-

1992 5584 2106 5634 dem
2128 5578 2552 5646 imet'roqationcm
2593 5585 2723 5646 re"?
2752 5580 2989 5646 Ροίῖίαίίν
3016 5579 3173 5646 qum-is
3216 5578 3570 5646 aperi-im

1920 5687 1925 5693 .
1992 5656 2137 5707 quam
2159 5635 2368 5707 primatu
2388 5649 2434 5693 et
2456 5635 2721 5695 abundanti
2745 5635 2995 5706 largitione
3014 5635 3216 5705 Spiritus
3247 5635 3449 5685 donatus
3469 5635 3564 5681 ιε.

1994 5705 2243 5772 Perpetuis
2271 5706 2398 5767 item,
2425 5712 2521 5755 etc.
