4026 6216
427 328 497 388 49
1118 326 1177 381 S.
1217 323 1501 381 JOANNIS
1537 320 2022 380 CHRYSOSTOMl
2061 320 2380 382 ARCHIEP.
2419 324 2967 384 CONSTANTINOP.
3611 329 3688 392 ω

424 447 519 499 καὶ
546 448 730 511 ἀνοίας
763 445 955 517 μεστὰ,
993 442 1093 496 οὑκ
1134 444 1413 515 ἐνοήσατε,
1438 443 1589 512 φασί.
1620 443 1770 512 Μηδὲ
1797 444 2003 514 νοήσω-

430 530 530 597 μέν
565 547 695 583 ποτε
727 528 819 582 τὸν
837 527 1090 581 τοσοῦτον
1119 538 1145 566 ι
1176 526 1333 597 ὑμῶν
1364 527 1597 595 γέλωτα.
1649 526 1859 596 Σφόδρα
1902 543 1967 594 γε
1986 541 2000 556 ο

424 612 487 662 οὑ
519 614 626 682 γὰρ
660 612 855 682 φρενὸς
884 598 1110 681 βαθείας
1140 609 1239 673 δεῖ,
1289 611 1375 663 ίνα
1409 609 1693 680 μάθωμεν,
1725 610 1777 663 τί
1815 609 2003 679 βούλε-

424 709 514 746 ται
550 697 581 763 ὴ
618 693 852 760 τοσαύτη
898 693 1123 748 ἀσέϐεια
1153 695 1247 747 καὶ
1281 693 1562 764 σύγχυσις.
1598 694 1689 764 Μὴ
1720 694 2004 763 κορακιττὶ

427 776 753 845 φθέγγεσθε,
805 770 849 829 ὧ
899 777 1138 846 ἀνόητοι,
1171 776 1422 847 καθάπερ
1452 776 1519 829 τά
1554 777 1772 836 παιδίας
1808 777 2004 841 Παῖδες

428 858 537 929 γάρ
565 859 733 922 ὅντως
774 859 917 921 ἐστὲ,
954 860 1202 931 καθάπερ
1246 861 1452 913 ἐκεῖνα.
1487 859 1646 913 Ἄλλά
1678 859 1884 930 Πέτρος
1915 861 2006 912 οὑ-

426 943 515 995 δέν
541 942 783 995 τοιοῦτον
814 942 1035 1012 ἔφησεν·
1079 942 1196 995 ἀλλ’
1228 943 1406 1013 ἀφῆκε
1455 942 1657 1013 φωνὴν,
1690 943 1724 1014 ἦ
1754 944 2003 1016 καθάπερ

427 1027 487 1078 ἐν
519 1024 695 1094 σκότῳ
724 1025 832 1077 τινὶ
858 1025 974 1094 φῶς
1008 1024 1380 1096 ἀπολάμψασα
1420 1025 1447 1064 δ
1492 1026 1655 1095 μέγα,
1706 1026 1804 1095 τὴν
1836 1026 2005 1096 ἀχλὺν

426 1107 738 1160 διεσκέδασε
760 1108 857 1177 τῆς
878 1109 1224 1179 οἰκουμένης.
1262 1107 1421 1160 Ἀλλά
1448 1107 1507 1160 τὸ
1534 1103 1667 1179 ἦθος
1696 1108 1861 1162 αὑτοῦ
1888 1110 2005 1174 πῶς

425 1190 633 1260 ἥμερον
658 1185 744 1260 ῆν,
775 1189 892 1253 πῶς
917 1190 1189 1253 ἐπιεικέςο
1220 1191 1335 1254 πῶς
1358 1192 1539 1260 πάσης
1561 1192 1815 1261 ἀνωτέρω
1848 1191 2005 1263 δόξης

428 1273 614 1327 ἵστατο
662 1274 860 1343 κενῆς·
914 1273 1029 1337 πῶς
1083 1276 1162 1338 είς
1195 1274 1285 1327 τὸν
1327 1274 1553 1347 οὐρανὸν
1607 1274 1752 1347 ἐώρα
1802 1275 2003 1345 ἄτυφος

425 1350 522 1421 ὢν,
571 1358 665 1409 καὶ
713 1357 884 1410 ταῦτα
930 1358 1157 1427 νεκροὺς
1205 1359 1455 1411 ἀνιστῶν.
1512 1359 1574 1411 Ei
1624 1359 1680 1412 δὲ
1731 1359 2004 1428 ἐξεγένετο

426 1438 648 1492 ἐκείνων
679 1442 784 1493 τινὶ
816 1435 925 1491 τῶν
955 1438 1069 1513 [40]
1122 1442 1381 1510 ἀνοήτων,
1419 1441 1691 1512 φαντασίᾳ
1718 1442 1848 1509 γοῦν
1893 1460 2005 1496 τοι-

425 1519 583 1573 οῦτόν
610 1539 661 1574 τι
690 1522 1042 1592 ἐργάζεσθαι,
1076 1519 1163 1594 ἆρ’
1193 1524 1295 1575 οὑκ
1339 1523 1405 1576 ἀν
1432 1522 1631 1586 εὑθέως
1660 1522 1843 1594 βωμὸν
1872 1523 2003 1595 ἐζή-

426 1619 559 1673 τησε
589 1606 682 1657 καὶ
709 1604 854 1669 ναὸν,
885 1604 980 1658 καὶ
1012 1606 1214 1670 ἰσόθεός
1242 1625 1327 1669 τις
1355 1602 1496 1661 εἶναι
1524 1607 1823 1676 ἠθέλησεν;
1866 1608 2001 1661 ὅπου

424 1703 489 1756 γε
520 1688 731 1750 οὐδενὸς
760 1689 961 1742 τούτων
988 1686 1139 1754 ὄντος
1168 1690 1394 1745 τοιαῦτα
1429 1690 1785 1759 φαντάζονται
1811 1691 1917 1745 ἀεί.
1937 1691 2004 1744 Τί

424 1770 534 1842 γὰρ
559 1766 803 1836 βούλεται
829 1774 1011 1835 αὑτοῖς
1026 1770 1245 1843 Ἀθηνᾶ,
1272 1769 1363 1827 καὶ
1397 1771 1684 1835 Ἀπόλλων,
1716 1774 1811 1827 καὶ
1833 1775 2001 1842 Ἦρα;

424 1854 562 1924 Γένη
601 1858 730 1926 παρ’
758 1857 941 1917 αὑτοῖς
973 1856 1088 1907 ἐστι
1116 1855 1406 1925 δαιμόνων.
1438 1858 1546 1910 Kal
1593 1856 1845 1926 βασιλεύς
1888 1857 2006 1910 ἐστι

424 1938 556 2008 παρ’
592 1938 774 2000 αὐτοῖς
805 1938 891 1991 διὰ
921 1938 1079 1991 τοῦτο
1121 1938 1287 2004 ἀξιῶν
1333 1939 1646 2001 ἀποθανεῖν,
1681 1940 1766 1992 ἴνα
1799 1939 2006 2004 ἰσόθεος

423 2021 717 2088 νομίζοιτο.
755 2020 894 2073 Ἀλλ’
938 2014 1085 2074 οὗτοι
1129 2023 1227 2091 οὑχ
1275 2020 1467 2084 οὑτως,
1498 2022 1633 2075 ἀλλά
1678 2023 2003 2077 τούναντίον.

429 2103 629 2155 ’Ἄκουε
659 2102 768 2173 γάρ
810 2102 990 2156 αὑτῶν
1020 2102 1289 2171 λεγόντων
1328 2104 1419 2156 ἐπὶ
1445 2105 1541 2173 τῆς
1575 2104 1870 2175 θεραπείας
1908 2104 2001 2158 τοῦ

421 2184 619 2255 χωλοῦο
670 2186 910 2254 Ἄνδρες
958 2186 1331 2254 Ἰσραηλῖται,
1381 2187 1440 2240 τί
1480 2187 1622 2257 ἡμῖν
1651 2189 1998 2256 προσέχετε,

487 2381 642 2449 ξᾹΙὶἰ.
676 2383 771 2449 τόν-
794 2384 1057 2449 τοιοῦτονζ
1116 2382 1148 2421 δ
1186 2385 1255 2434 lla
1298 2398 1390 2433 ms.
1423 2398 1575 2444 unus;
1620 2384 1787 2436 Montl'.
1830 2386 2010 2449 φωνὴν,

621 2444 996 2507 ἀπολάμψασαν.
1020 2445 1161 2495 Enn.

2109 444 2190 512 ὡς
2217 447 2336 513 ίδίςῑ
2364 444 2613 516 δυνάμει
2640 448 2676 517 ἣ
2704 450 2978 517 εὐσεϐείᾳ
3008 453 3368 517 πεποιηκὸσι
3404 452 3509 507 τοῦ
3537 469 3692 522 περι-

2109 530 2321 583 πατεῖν
2349 532 2571 597 αὑτόν;
2621 533 2727 585 Kal
2761 532 3029 603 ἀλλαχοῦ·
3072 532 3179 587 Καὶ
3220 536 3236 553 ‘
3282 534 3451 601 ἡμεῖς
3489 539 3688 602 ὁμοιο-

2110 612 2317 679 παθεῖς
2357 613 2501 681 ὑμῖν
2549 614 2738 683 ἐσμεν
2782 614 3097 683 ἄνθρωποι.
3138 614 3289 669 Ἐ’κεῖ
3337 617 3394 670 δὲ
3448 618 3614 681 πολὺς
3659 620 3688 672 ό

2110 693 2296 764 τῦφος,
2332 697 2497 768 πολλὴ
2526 699 2558 769 ἡ
2583 698 2898 765 ἀλαζονεία⁹
2933 702 3111 755 πάντα
3145 703 3235 756 διά
3262 705 3361 767 τάς
3401 704 3550 774 παρά
3576 702 3684 758 τῶν

2108 778 2411 851 ἀνθρώπων
2456 782 2643 853 τιμάς,
2688 785 2841 838 οὑδέν
2887 785 3205 856 φιλοσοφίας
3256 788 3462 841 ἕνεκεν.
3516 788 3686 839 Ὅταν

2110 863 2219 935 γάρ
2272 882 2325 918 τι
2365 866 2452 919 διὰ
2486 866 2643 931 δόξαν
2680 869 2917 938 γίνηται,
2958 871 3135 924 πάντα
3188 872 3441 941 μένουσιν
3468 871 3684 941 εὑτελῆ.

2111 946 2232 1002 Κᾶν
2262 948 2370 1019 γάρ
2402 950 2578 1003 πάντα
2609 969 2693 1015 τις
2716 952 2835 1025 ἔχῃ,
2866 955 3056 1007 τούτου
3085 954 3141 1007 δὲ
3178 954 3253 1025 μὴ
3280 957 3477 1025 κρατῇ.
3506 953 3687 1024 πάσης

2112 1032 2429 1101 φιλοσοφίας
2448 1034 2692 1100 ἐξέπεσε,
2716 1037 2794 1107 τῷ
2819 1038 3269 1109 τυραννικωτέρῳ
3296 1038 3685 1109 κατεχόμενος,

2110 1115 2206 1167 καὶ
2235 1117 2575 1189 αἰσχροτέρῳ
2626 1118 2810 1172 πάθει.
2866 1120 3083 1191 Ταύτης
3128 1123 3161 1191 ἡ
3204 1120 3474 1191 ὑπεροψία
3505 1119 3685 1174 πάντα

2110 1197 2318 1263 διδάξαι
2352 1200 2422 1251 τὰ
2442 1200 2623 1268 ἀγαθὰ
2653 1201 2828 1273 ἱκανὴ,
2853 1202 2946 1256 καὶ
2972 1204 3069 1273 τῆς
3097 1203 3276 1274 ψυχῆς
3305 1203 3543 1274 ἐξορίσαι
3574 1205 3685 1257 πᾶν

2112 1280 2282 1344 πάθος
2305 1281 2565 1352 ὀλέθριον.
2603 1284 2694 1337 Διὸ
2723 1287 2971 1357 παραινῶ
2996 1289 3090 1341 καὶ
3125 1288 3253 1358 ὑμῖν
3287 1287 3487 1357 πολλὴν
3515 1288 3684 1339 ποιεῖ-

2111 1361 2236 1415 σθαι
2265 1364 2363 1434 τὴν
2394 1365 2649 1436 σπουδὴν,
2680 1366 2819 1421 ὥστε
2868 1368 3025 1423 τοῦτο
3065 1371 3124 1423 τὸ
3172 1370 3343 1433 πάθος
3385 1370 3682 1442 πρόρριζον

2109 1445 2333 1511 ἐξελεῖν·
2360 1448 2420 1501 οὑ
2466 1448 2575 1520 γὰρ
2604 1450 2751 1503 ἔστιν
2792 1452 2967 1515 ἄλλως
3016 1453 3368 1523 εὐδοκιμῆσαι
3413 1453 3564 1524 παρὰ
3603 1452 3684 1523 τῷ

2109 1529 2248 1601 Θεῷ,
2274 1531 2367 1584 καὶ
2396 1531 2495 1602 τὴν
2538 1534 2688 1603 παρά
2716 1532 2811 1586 τοῦ
2840 1535 3141 1607 ἀκοιμήτου
3165 1536 3372 1590 ἐκείνου
3399 1535 3683 1605 ὀφθαλμοῦ

2109 1612 2323 1668 εῦνοιαν
2353 1617 2779 1670 ἐπισπάσασθαι.
2808 1618 3016 1674 Οὐκοῦν
3045 1622 3222 1674 πᾶσαν
3256 1620 3489 1691 σπουδὴν
3518 1617 3685 1672 ποιώ-

2113 1697 2271 1769 μεθα,
2300 1697 2441 1752 ὥστε
2471 1700 2567 1770 τῆς
2604 1701 2814 1755 ἐκεῖθεν
2858 1703 3005 1773 ἡμᾶς
3039 1704 3213 1775 ῥοπῆς
3244 1703 3559 1768 ἀπολαύειν,
3594 1704 3683 1756 ἵνα

2108 1781 2201 1833 καὶ
2225 1781 2334 1833 τῶν
2366 1784 2646 1852 παρόντων
2680 1784 2940 1855 λυπηρῶν
2969 1786 3321 1858 διαφύγωμεν
3345 1788 3443 1859 τῆν
3465 1790 3679 1857 πεῖραν,

2107 1866 2202 1917 καὶ
2234 1864 2342 1917 τῶν
2376 1865 2679 1935 μελλόντων
2711 1868 2933 1937 ἀγαθῶν
2961 1871 3389 1942 καταξιωθῶμεν
3419 1882 3467 1935 ε,
3498 1872 3682 1941 χάριτι

2107 1947 2201 2001 καὶ
2238 1947 2619 2025 φιλανθρωπίᾳ
2652 1950 2746 2025 τοῦ
2779 1953 2985 2023 Κυρίου
3018 1955 3175 2025 ἡμῶν
3207 1954 3380 2025 Ἰησοῦ
3416 1951 3678 2023 Χριστοῦ,

2110 2030 2228 2100 μεθ’
2275 2024 2336 2083 οὗ
2383 2030 2459 2102 τῷ
2510 2024 2685 2104 Πατρὶ
2723 2034 2841 2105 ἅμα
2887 2037 2966 2107 τῷ
3014 2024 3482 2108 ἀγίῳνΠνεύματι
3530 2035 3677 2101 δόξα,

2109 2112 2330 2183 κράτος,
2374 2116 2530 2186 τιμὴ,
2565 2117 2660 2171 νῦν
2691 2121 2786 2172 καὶ
2819 2120 2931 2187 ἀεὶ,
2958 2121 3051 2174 καὶ
3079 2122 3158 2187 είς
3189 2122 3313 2185 τοὺς
3344 2121 3543 2183 αἰῶνας
3570 2118 3678 2172 τῶν

2109 2197 2342 2252 αἰώνων.
2384 2199 2438 2253 Ἀ
2450 2202 2580 2271 μήν.

2166 2326 2196 2361 ¥
2218 2323 2400 2385 Verba,
2439 2327 2522 2373 καὶ
2542 2324 2754 2389 ἀλλαχοῦ
2776 2344 2787 2355 ·
2814 2328 2915 2387 καί,
2938 2341 3049 2389 qna
3070 2328 3131 2379 ab
3181 2328 3381 2380 Erasmo
3402 2332 3531 2380 lecta
3573 2330 3684 2380 ruo-

2110 2392 2244 2444 ranl,
2267 2399 2329 2434 ex
2360 2400 2456 2434 uno
2480 2388 2647 2436 codice
2666 2388 3035 2439 remeavimus.
3090 2393 3229 2441 Ευιτ.

2179 2448 2202 2478 °
2250 2448 2350 2498 Alli
2404 2449 2693 2511 ἀξιωθῶμεν.

3448 2602 3670 2622 0...‘

1931 2700 2175 2756 OMIAIA
2213 2703 2290 2758 E'.

428 2810 671 2879 Ἄνδρες
708 2811 995 2875 Ἰουδαῖοι,
1032 2810 1129 2864 καί
1160 2814 1214 2866 οι
1260 2812 1681 2878 κατοικοῦντες
1714 2810 2002 2879 ἰερουσαο

495 2884 622 2950 diu:
674 2881 956 2946 ἅπαντες,
1000 2881 1177 2935 τοῦτο
1206 2882 1349 2951 ὑμῖν
1372 2884 1646 2951 γνωστὸν
1675 2884 1854 2949 ἔστω,
1899 2881 1999 2935 καὶ

495 2952 864 3007 ἐνωτίσασθε
895 2954 966 3006 τὰ
987 2951 1228 3020 ῥήματά
1259 2971 1402 3022 μου.

496 3054 566 3108 α’.
579 3054 686 3119 Οὑς
704 3054 887 3119 ξένους
903 3050 1055 3106 εἶπεν
1068 3054 1347 3125 ἀνωτέρω,
1361 3054 1596 3108 ἐνταῦθα
1610 3056 1745 3127 πρὸς
1760 3054 2002 3120 ἐκείνους

421 3138 697 3192 ἀποτείνει
724 3136 816 3189 τὸν
853 3136 1029 3203 λόγον·
1060 3136 1154 3188 καὶ
1190 3135 1339 3188 δοκεῖ
1370 3137 1468 3206 μὲν
1499 3136 1725 3200 ἐκείνοις
1758 3137 2002 3205 διαλέγε-

424 3223 568 3284 σθαι,
599 3221 752 3293 ὀρθοῖ
788 3220 845 3272 δὲ
875 3222 999 3282 τοὺς
1031 3219 1500 3289 διαχλευάζοντας.
1531 3222 1640 3275 Kal
1663 3221 1772 3291 γάρ
1800 3220 2002 3291 ᾠκονο-

422 3304 573 3375 μήθη
602 3302 753 3366 τινάς
784 3301 1155 3370 διαχλευάσαι,
1207 3302 1293 3355 ἴνα
1343 3302 1517 3374 ἀρχὴν
1561 3303 1661 3373 τῆς
1706 3303 2000 3371 ἀπολογίας

420 3385 582 3457 λάϐῃ,
624 3384 721 3437 καὶ
758 3382 1193 3453 ἀπολογούμενος
1242 3384 1447 3457 διδάξῃ.
1495 3386 1654 3455 Μέγα
1684 3387 1790 3456 ἀρα
1821 3385 1997 3455 ἐγκώ-

421 3487 546 3542 μιον
576 3468 823 3541 ἡγοῦντο,
856 3468 949 3520 καὶ
994 3467 1055 3520 τὸ
1086 3468 1144 3520 ἐν
1176 3467 1565 3541 Ἰεροσολύμοις
1597 3472 1785 3524 οἰκεῖν.
1821 3470 1999 3524 Τοῦτο

332 3548 333 3551 “
418 3554 585 3624 ὑμῖν,
622 3552 776 3623 φησι,
817 3550 1092 3620 γνωστὸν
1130 3551 1306 3616 ἔστω,
1356 3553 1454 3606 καὶ
1505 3550 1873 3607 ἐνωτίσασθε
1927 3553 2000 3607 τὰ

409 3634 650 3709 ῥήματά
661 3652 799 3703 μου.
830 3635 1376 3705 Προσεκτικωτέρους
1400 3632 1535 3699 τέως
1566 3635 1761 3698 αὐτοὺς
1783 3638 1925 3689 ποιεί
1945 3648 1993 3692 α.

354 3740 365 3759 ι
419 3715 556 3774 Εἶτα
592 3720 693 3771 καὶ
726 3716 1100 3786 ἀπολογεῖται.
1132 3718 1213 3771 Οὐ
1252 3718 1383 3787 γὰρ,
1413 3718 1490 3784 ὡς
1519 3717 1688 3787 ὑμεῖς
1721 3721 1997 3789 ὑπολαμ-

418 3800 650 3865 ϐάνετε,
701 3796 867 3855 οὗτοι
912 3800 1267 3868 μεθύουσιν.
1327 3800 1489 3871 Ὁρᾷς
1531 3800 1629 3872 τὴν
1676 3801 1993 3871 ἀπολογίαν,

417 3885 538 3949 πῶς
583 3884 899 3957 προσηνήςς
948 3884 1140 3937 Καίτοι
1181 3882 1244 3937 τὸ
1297 3883 1457 3938 πλέον
1506 3884 1645 3956 ἔχων
1679 3885 1771 3940 τοῦ
1821 3886 1994 3958 δήμου

419 3968 541 4041 μεθ’
575 3967 793 4031 ἐαυτοῦ,
825 3968 1225 4040 ἐπιεικέστερον
1253 3968 1402 4039 ὅμως
1438 3968 1621 4031 αὐτοῖς
1650 3969 1992 4038 διαλέγεται·

416 4055 514 4108 καὶ
544 4053 811 4126 πρότερον
833 4052 1052 4124 ἀναιρεῖ
1076 4051 1172 4123 τὴν
1202 4051 1439 4121 ὑποψίαν
1466 4050 1564 4120 τὴν
1600 4053 1860 4121 πονηρὰν,
1901 4051 1995 4104 καὶ

415 4138 535 4191 τότε
573 4137 788 4208 ἐκείνην
819 4137 1021 4208 ἵστησι.
1066 4137 1156 4191 Διὸ
1196 4136 1291 4189 καὶ
1326 4136 1426 4188 οὑκ
1454 4130 1627 4197 εἶπεν,
1669 4134 1744 4187 Οὑ
1783 4134 1890 4204 γάρ
1922 4133 1997 4196 ὼς

416 4220 574 4288 ὑμεῖς
605 4219 915 4290 χλευάζετε,
951 4218 1101 4283 οὕτε,
1159 4217 1250 4279 Ὠς
1282 4217 1436 4286 ὑμεῖς
1460 4216 1674 4283 γελᾶτε,
1716 4215 1853 4278 ἀλλ’,
1895 4215 1991 4279 Ὠς

413 4300 888 4367 ὑπολαμϐάνετε,
922 4299 1245 4367 βουλόμενος
1277 4299 1378 4349 οὑκ
1422 4295 1672 4364 ἐπίτηδες
1712 4294 1870 4347 τοῦτο
1907 4295 1994 4347 λέ-

415 4399 612 4451 γοντας
633 4380 825 4444 δεῖξαι,
863 4379 1000 4431 ἀλλά
1030 4377 1166 4439 τέως
1189 4377 1378 4438 αὑτοῖς
1421 4376 1725 4444 περιθεῖναι
1770 4377 1994 4444 ἀγνοίας

415 4462 619 4534 μᾶλλον
692 4462 725 4531 ἢ
768 4458 1104 4528 κακουργίας
1144 4457 1415 4529 ἔγκλημα.
1461 4451 1574 4529 [41]
1624 4460 1707 4512 Οὺ
1753 4458 1883 4527 γὰρ,
1912 4460 1994 4526 ὡς

412 4544 581 4612 ὑμεῖς
620 4540 1091 4609 ὑπολαμϐάνετε,
1121 4536 1288 4596 οὗτοι
1318 4541 1671 4609 μεθύουσιν*
1718 4540 1852 4596 ἔστι
1881 4544 1991 4613 γὰρ

411 4627 533 4693 ὥρα
582 4626 744 4692 τρίτη
784 4623 894 4691 τῆς
935 4622 1179 4692 ἡμέρας.
1218 4624 1326 4677 Καὶ
1365 4624 1418 4677 τί
1467 4640 1600 4696 φησι
1648 4624 1849 4692 τοῦτο;
1891 4627 1994 4681 οὑκ

410 4707 491 4761 ἐνι
534 4708 628 4761 καὶ
678 4710 736 4760 ἐν
782 4711 848 4777 τῇ
888 4708 1049 4780 τρίτῃ
1096 4706 1217 4780 ὥρᾳ
1272 4707 1522 4778 μεθύεινς
1558 4710 1699 4772 Ἔνι,
1745 4709 1860 4763 ἀλλ’
1893 4712 1995 4764 οὑκ

406 4790 434 4841 ἐ
456 4808 543 4861 ῖτη
574 4790 709 4862 πρὸς
739 4790 896 4843 τοῦτο
942 4792 1035 4843 ἐπὶ
1065 4790 1226 4843 πολὺ⁸
1261 4790 1383 4843 οὑδὲ
1414 4788 1525 4860 γάρ
1558 4790 1586 4829 1)
1621 4791 1795 4856 οὕτως
1821 4788 1989 4863 εἶχον,

411 4874 485 4935 ὡς
541 4872 987 4943 διαχλευάζοντες
1032 4873 1188 4926 αὑτοὶ
1227 4872 1434 4940 ἔλεγον.
1488 4872 1697 4927 Οὐκοῦν
1743 4874 1991 4928 ἐντεῦθεν

415 4955 780 5027 μανθάνομεν,
808 4958 888 5010 ὅτι
920 4956 1056 5027 πρὸς
1086 4955 1154 5010 τὰ
1202 4957 1279 5028 μὴ
1310 4958 1583 5025 ἀναγκαῖα
1612 4956 1673 5011 οὐ
1711 4958 1792 5011 δεῖ
1826 4958 1992 5011 πολὺν

411 5038 724 5092 ἀναλίσκειν
749 5040 928 5107 λόγον.
960 5038 1172 5102 ’Δλλως
1197 5039 1253 5093 δὲ
1281 5041 1374 5093 καὶ
1408 5039 1475 5093 τά
1513 5040 1829 5111 ἐπαγόμενα
1868 5040 1993 5094 τού-

412 5136 505 5172 του
540 5123 654 5174 ἐστὶ
682 5121 1002 5176 συστατικά’
1040 5123 1134 5175 καὶ
1166 5122 1350 5175 λοιπὸν
1377 5126 1530 5193 κοινῇ
1563 5124 1699 5194 πρὸς
1727 5122 1934 5187 πάντας
1963 5126 1992 5178 ὁ

410 5201 568 5272 λόγος
591 5205 820 5271 γίνεται.
853 5205 1040 5259 Ἀλλὰ
1075 5207 1255 5260 τοῦτό
1284 5206 1415 5259 ἐστι
1450 5208 1515 5260 τὸ
1549 5206 1863 5276 είρημένον
1892 5207 1991 5263 διὰ

411 5288 518 5343 τοῦ
545 5288 856 5357 προφήτου
889 5289 1073 5355 Ἰωήλο
1102 5292 1210 5343 Καὶ
1236 5290 1407 5343 ἔσται
1435 5290 1506 5343 ἐν
1531 5292 1662 5355 ταῖς
1698 5290 1989 5360 ἐσχάταις

412 5370 679 5439 ἡμέραις,
713 5372 876 5439 λέγει
916 5372 1126 5437 Κύριος
1166 5375 1199 5424 ὁ
1237 5372 1398 5436 Θεός.
1432 5372 1681 5442 Οὑδαμοῦ
1711 5373 1848 5436 τέως
1875 5373 1992 5426 δνο-

412 5471 492 5525 μα
526 5453 621 5506 τοῦ
658 5454 920 5522 Χριστοῦ,
951 5455 1069 5507 οὑδὲ
1111 5456 1144 5525 ή
1194 5454 1516 5523 ἐπαγγελία,
1558 5456 1723 5510 αὑτοῦ
1755 5459 1991 5527 ἐπαγγε-

408 5539 523 5602 λία,
562 5537 699 5591 ἀλλά
739 5536 833 5590 τοῦ
873 5538 1107 5610 Πατρός,
1157 5539 1300 5610 Ὅρα
1344 5538 1580 5595 σύνεσιν.
1622 5541 1694 5593 Οὑ
1745 5540 1988 5612 παρῆλθε

406 5624 505 5675 καὶ
537 5617 688 5676 εἶπεν
722 5621 924 5685 εὑθέως
953 5622 1021 5674 τὰ
1053 5622 1194 5675 κατά
1224 5622 1313 5675 τὸν
1358 5622 1613 5693 Χριστὸν,
1660 5625 1741 5677 ὃτι
1782 5625 1990 5689 ἐκεῖνος

412 5704 780 5775 ἐπηγγείλατο
807 5703 980 5758 ταῦτα
1015 5706 1155 5775 μετά
1183 5704 1242 5756 τὸ
1276 5705 1689 5775 σταυρωθῆναι·
1725 5701 1761 5777 ἧ
1790 5707 1897 5776 γὰρ
1922 5705 1988 5761 ἂν

468 5830 497 5858 ⁸
522 5829 662 5880 Alius
694 5829 864 5887 αὐτοὺς
885 5830 1124 5888 ἐποίησεν.

471 5890 504 5931 δ
530 5888 669 5941 Alius
688 5892 804 5956 πρὸς
822 5890 967 5941 τοῦτο
1004 5893 1225 5956 ἀκριϐῶς·
1260 5892 1367 5941 οὐδὲ
1402 5894 1503 5956 γάρ.

2107 2816 2289 2903 πάντα
2340 2816 2644 2903 ἀνέτρεψεν
2676 2817 2851 2884 οὕτως
2889 2822 3079 2877 εἰπών.
3126 2823 3237 2877 Καὶ
3286 2823 3393 2896 μὴν
3425 2827 3586 2883 ἱκανά
3615 2825 3686 2903 ῆν

2104 2897 2276 2983 δείξαι
2302 2901 2495 2983 αὑτοῦ,
2527 2902 2680 2973 φησὶ,
2711 2902 2807 2974 τὴν
2842 2904 3090 2976 θεότητα.
3128 2906 3289 2961 Ἀλλά
3319 2897 3684 2983 πιστευόμενα

2106 2980 2188 3051 (τὸ
2208 2982 2265 3035 δὲ
2295 2980 2626 3053 ζητούμενον
2650 2984 2786 3050 τέως
2813 2988 3163 3059 πιστευθῆναι
3190 2985 3301 3061 ῆν),
3339 2992 3414 3064 μὴ
3440 2980 3688 3047 πιστευό-

2109 3081 2247 3135 μενα
2296 3067 2375 3151 δὲ,
2421 3069 2514 3122 καὶ
2559 3071 2994 3142 καταλευσθῆναι
3042 3074 3240 3139 αὑτοὺς
3289 3077 3357 3130 ἂν
3401 3078 3679 3151 ἐποίησεν.

2119 3150 2333 3218 Ἐκχεῶ
2387 3153 2506 3207 ἀπὸ
2566 3156 2673 3209 τοῦ
2742 3157 3088 3227 Πνεύματός
3141 3177 3264 3225 μου
3321 3162 3419 3215 ἐπὶ
3475 3162 3684 3218 πᾶσαν

2104 3233 2322 3303 σάρκα.
2368 3237 2561 3291 Δίδωσι
2593 3240 2685 3293 καὶ
2735 3241 2917 3304 αὑτοῖς
2969 3241 3189 3307 ἐλπίδας
3232 3246 3496 3316 χρηστὰς,
3537 3248 3592 3299 ετ
3614 3265 3682 3316 γε

2106 3323 2329 3379 θέλοιεν.
2359 3327 2470 3380 Kal
2497 3328 2596 3381 οὑκ
2627 3329 2853 3400 ἀφίησιν
2885 3331 3065 3386 αὑτῶν
3090 3329 3226 3387 εῖναι
3258 3335 3319 3388 τὸ
3350 3337 3681 3410 πλεονέκτη-

2107 3426 2204 3480 μα,
2231 3410 2367 3480 ὃπερ
2394 3410 2489 3464 καὶ
2522 3411 2819 3481 βασκανίαν
2858 3415 3050 3480 ἐποίει,
3078 3418 3171 3470 καὶ
3202 3417 3374 3490 ταύτῃ
3412 3419 3505 3473 τὸν
3546 3420 3679 3488 φθό-

2103 3510 2192 3545 νον
2226 3493 2683 3566 ὑποτεμνόμενος.
2718 3497 2825 3551 Kal
2856 3501 3367 3568 προφητεύσουσι,
3400 3503 3585 3573 φησὶν,
3625 3507 3682 3559 οι

2102 3576 2218 3630 υίοὶ
2260 3576 2447 3647 ὑμῶν.
2498 3577 2637 3633 Οῦτε
2685 3580 2863 3652 ὑμῶν,
2916 3584 3073 3653 φησὶ,
3124 3584 3459 3656 κατόρθωμα
3501 3585 3677 3652 τοῦτο,

2100 3659 2226 3713 οὔτε
2268 3660 2374 3733 μὴν
2397 3660 2691 3733 ἐγκώμιον*
2727 3667 2807 3729 είς
2836 3665 2904 3719 τά
2933 3667 3121 3720 παιδία
3149 3667 3220 3721 τά
3253 3669 3498 3740 ὑμέτερα
3527 3668 3678 3741 διέϐη

2103 3743 2137 3814 ἡ
2171 3745 2350 3817 χάρις·
2384 3747 2562 3800 αὑτῶν
2592 3749 2741 3812 υἱοὺς
2776 3750 3004 3814 ἑαυτοὺς
3031 3750 3209 3805 καλῶν
3243 3762 3291 3814 ο,
3318 3753 3410 3806 καὶ
3439 3753 3681 3824 πατέρας

2104 3830 2370 3895 ἐκείνους.
2404 3832 2513 3886 Καὶ
2553 3834 2607 3885 οί
2642 3834 2950 3886 νεανίσκοι
3004 3832 3173 3902 ὑμῶν
3217 3834 3459 3901 ὁράσεις
3505 3835 3682 3903 ὄψον-

2102 3929 2217 3974 ται,
2244 3915 2343 3967 καὶ
2381 3916 2435 3967 οἱ
2482 3916 2871 3981 πρεσϐύτεροι
2902 3916 3068 3984 ὑμῶν
3103 3916 3360 3971 ἐνύπνια
3394 3920 3679 3973 ἐνυπνια-

2100 3994 2457 4059 σθήσονται*
2485 3997 2587 4047 καί
2608 4013 2674 4065 γε
2704 3996 2801 4048 ἐπὶ
2838 3997 2979 4061 τοὺς
3009 3997 3270 4064 δούλους
3293 4017 3411 4069 μου
3450 4004 3545 4055 καὶ
3578 4004 3675 4057 ἐπὶ

2100 4075 2207 4141 τὰς
2239 4075 2463 4140 δούλας
2491 4092 2612 4143 μου
2643 4077 2712 4130 ἐν
2752 4077 2876 4140 ταῖς
2904 4078 3149 4147 ἡμέραις
3187 4080 3443 4148 ἐκείναις
3487 4084 3677 4152 ἐκχεῶ

2097 4158 2214 4211 ἀπὸ
2266 4157 2371 4210 τοῦ
2414 4159 2760 4227 Πνεύματός
2802 4179 2944 4230 μου,
3002 4164 3098 4216 καί
3155 4168 3672 4235 προφητεύσουσι.

2096 4239 2247 4301 Τέως
2284 4239 2557 4293 δείκνυσιν
2601 4243 2799 4308 αὑτοὺς
2850 4244 3299 4316 εὑδοκιμηκότας,
3358 4251 3677 4321 Πνεύματος

2096 4322 2192 4375 ἀτε
2226 4321 2697 4406 καταξιωθένταςο
2753 4327 2995 4392 ἐκείνους
3027 4330 3084 4382 δὲ
3118 4330 3257 4400 οὐχὶ,
3290 4333 3384 4385 ἅτε
3427 4335 3676 4406 σταυρώ-

2097 4420 2314 4468 σαντας.
2349 4405 2504 4459 Οὑτω
2536 4409 2632 4461 καὶ
2677 4409 2705 4461 ό
2740 4410 2978 4480 Χριστὸς
3013 4411 3335 4483 βουλόμενος
3361 4416 3540 4469 αὑτῶν
3569 4405 3674 4486 μα-

2094 4486 2252 4553 λάξαι
2302 4488 2392 4541 τὸν
2442 4490 2613 4560 θυμὸν
2658 4491 2862 4561 ἔλεγεν·
2908 4498 2975 4549 Ol
3017 4496 3085 4550 δὲ
3114 4498 3227 4551 υίοί
3255 4499 3423 4568 ὑμῶν
3457 4501 3528 4553 ἐν
3554 4501 3673 4555 τίνι

2093 4570 2461 4627 ἐκϐάλλουσι
2500 4573 2574 4627 τὰ
2604 4574 2915 4645 δαιμόνια;
2957 4578 3075 4634 Οὑκ
3108 4576 3281 4647 εἶπεν,
3321 4583 3386 4636 Ol
3434 4583 3673 4654 μαθηταί

2098 4670 2231 4724 μου·
2269 4656 2363 4709 καὶ
2388 4656 2497 4727 γὰρ
2525 4656 2700 4712 ἐδόκει
2725 4659 2982 4715 κολακεία
3008 4660 3167 4716 εἶναι.
3199 4663 3357 4718 Οῦτω
3385 4668 3479 4718 καὶ
3510 4667 3675 4732 αὑτὸς

2091 4738 2196 4791 οὑκ
2226 4733 2401 4805 εἶπεν,
2434 4738 2516 4792 ὅτι
2547 4740 2608 4793 οὑ
2652 4740 2963 4812 μεθύουσιν,
2992 4745 3150 4811 ἀλλά,
3198 4748 3476 4819 Πνεύματι
3508 4749 3675 4821 φθέγο

2095 4837 2282 4905 γονται
2303 4837 2316 4851 ·
2356 4823 2449 4876 καὶ
2480 4823 2580 4895 οὑχ
2605 4824 2816 4891 ἁπλῶς,
2843 4827 2959 4881 ἀλλ’
2989 4829 3082 4883 ἐπὶ
3114 4830 3205 4885 τὸν
3235 4834 3519 4905 προφήτην
3546 4851 3675 4888 κατ-

2096 4904 2285 4973 έφυγε,
2320 4906 2414 4959 καὶ
2441 4907 2604 4961 αὑτὸν
2643 4909 2843 4972 ὑποδὺς
2872 4910 3225 4982 ἰσχυρίζεται.
3257 4904 3411 4968 Οὑτω
3441 4916 3540 4986 τῆς
3568 4918 3670 4985 μὲν

2092 4988 2425 5061 κατηγορίας
2456 4989 2483 5029 ά
2524 4992 2719 5055 αὐτοὺς
2766 4993 3039 5066 ἀπήλλαξε
3090 4996 3158 5049 δι’
3203 4999 3417 5061 ἐαυτοῦ,
3472 5001 3570 5070 τῆς
3612 5000 3670 5054 δέ

2092 5073 2313 5142 χάριτος
2344 5074 2549 5127 ἐκεῖνον
2583 5076 2822 5147 παράγει
2855 5078 3127 5150 μάρτυρα.
3169 5079 3383 5150 Ἐκχεῶ
3414 5083 3530 5138 ἀπὸ
3561 5083 3669 5137 τοῦ

2094 5156 2440 5223 Ιινεύματός
2470 5175 2592 5226 μου
2629 5159 2728 5213 ἐπὶ
2756 5158 2964 5216 πᾶσαν
2993 5162 3213 5231 σάρκα.
3257 5163 3442 5229 Οὖτως
3492 5161 3665 5230 εἶπεν,

2093 5238 2175 5290 ’ὁτι
2199 5240 2306 5302 τοῖς
2336 5239 2435 5309 μὲν
2460 5242 2528 5294 δι’
2556 5242 2799 5312 ὀνείρων,
2824 5247 2935 5308 τοῖς
2962 5246 3019 5298 δὲ
3048 5247 3144 5300 καὶ
3169 5248 3425 5317 ἐμφανῶς
3449 5250 3479 5320 ὴ
3510 5250 3669 5321 χάρις

2095 5321 2352 5392 ἐξεχεῖτο.
2386 5325 2496 5377 Kal
2519 5325 2626 5394 γάρ
2654 5327 2750 5379 καὶ
2776 5326 2844 5379 δι’
2867 5327 3090 5400 ὀνείρων
3120 5324 3259 5384 εἶδον
3286 5332 3336 5384 οί
3372 5335 3667 5404 προφῆται,

2096 5407 2191 5457 καὶ
2221 5407 2591 5477 ἀποκαλύψεις
2615 5409 2886 5476 ἐδέξαντο.
2909 5407 3040 5465 Εἶτα
3064 5412 3417 5486 ἐπεξέρχεται
3445 5419 3510 5487 τῇ
3538 5432 3673 5487 προ-

2096 5489 2295 5560 φητεία
2334 5490 2531 5562 ἐχούσῃ
2580 5508 2631 5544 τι
2680 5493 2776 5546 καὶ
2831 5494 3079 5567 φοϐερόν.
3128 5498 3242 5552 Kal
3288 5498 3478 5565 δώσω,
3512 5498 3670 5569 φησι,

2095 5572 2309 5639 τέρατα
2346 5575 2416 5627 ἐν
2449 5573 2530 5640 τῷ
2570 5576 2804 5644 οὐρανῷ
2834 5579 2976 5645 ἅνω,
3019 5581 3118 5636 καὶ
3160 5583 3377 5652 σημεῖα
3414 5582 3515 5637 ἐπὶ
3559 5582 3672 5650 τῆς

2096 5655 2209 5724 τῆς
2236 5656 2415 5712 κάτω.
2447 5658 2632 5714 Ταῦτα
2663 5661 2756 5714 καὶ
2789 5663 2919 5734 περὶ
2964 5662 3065 5735 τῆς
3099 5663 3401 5735 μελλούσης
3434 5663 3671 5735 κρίσεως

2163 5831 2185 5859 ⁸
2222 5830 2357 5897 U003
2401 5831 2505 5882 cod.
2533 5833 2660 5889 υἱοὺς
2686 5833 2854 5897 αὑτοὺς
2888 5836 3043 5884 αὐτῶν
3074 5837 3225 5889 καλεῖ.
3313 5836 3338 5876 ἀ
3364 5837 3460 5887 Alii
3498 5836 3674 5897 ὑποδὺς

2101 5892 2225 5941 οὕτω
2268 5895 2408 5956 λέγει.
2450 5898 2544 5952 Τῆς
2587 5897 2667 5957 μὲν
2709 5896 2790 5946 οὑν
2834 5899 3132 5967 κατηγορίας.
