4036 6212
344 334 405 392 ις
1308 317 1374 374 ΙΝ
1415 314 1594 372 ACTA
1636 305 1935 367 APOSTOL

2044 304 2155 360 UM.
2177 303 2408 361 llOMlL.
2451 302 2515 358 ν.
3541 306 3608 362 bo

345 452 467 524 apud
497 449 613 505 illos
635 460 753 503 esse
772 445 974 500 dicunt.
997 439 1230 504 Corvus,
1257 437 1522 508 inquiunt,
1546 434 1692 488 novit
1714 432 1904 495 Deuut,

343 556 391 598 ιιι
411 554 458 596 et
475 540 676 602 cornix,
701 554 763 592 ac
785 534 1080 607 prophetia:
1099 532 1299 586 donum
1329 530 1547 592 habent,
1574 527 1744 580 futura
1773 535 1911 592 pm:-

345 633 510 687 dicunt
531 650 544 685 :
563 629 694 700 apud
717 628 840 683 illos
855 626 1084 696 justitia,
1108 620 1429 690 respublica,
1451 619 1616 688 leges,
1639 614 1912 669 invidiam-

345 741 442 794 que
459 721 588 790 apud
608 721 722 773 illos
741 719 890 773 canis
911 717 1072 770 habet
1099 711 1393 768 secundum
1428 711 1724 764 Platonem.
1748 703 1908 805 Dictis

350 820 561 869 fortasse
586 812 730 865 fidem
751 826 858 863 non
885 805 1126 862 habetis?
1146 804 1306 873 quue
1329 801 1540 860 merito,
1568 807 1750 867 utpote
1771 801 1917 850 sanis

353 905 547 961 educati
567 901 916 972 dogmatibus.
951 897 1136 966 Quiris
1165 894 1307 949 enim
1349 892 1450 946 hoc
1477 890 1598 946 cibo
1628 888 1915 951 educatus,

355 1011 614 1065 numquam
645 994 834 1049 credet
863 991 1134 1045 hominem
1169 1001 1288 1041 esse
1310 1026 1325 1048 ,
1355 984 1442 1053 qui
1472 993 1708 1037 stercora
1747 978 1920 1033 liben-

357 1098 430 1141 ter
448 1088 693 1156 degustet.
725 1085 856 1138 Cum
880 1098 1010 1152 ergo
1031 1080 1258 1135 dicimus
1284 1077 1408 1138 illis,
1435 1075 1548 1128 hare
1575 1072 1778 1126 fabulas
1799 1084 1919 1124 esse

352 1187 397 1231 et
422 1178 708 1247 insipientia
741 1175 895 1245 plena
932 1189 947 1238 ;
993 1187 1102 1225 non
1130 1167 1426 1238 intelligitis
1457 1207 1472 1230 ,
1503 1164 1767 1233 inquiunt.
1795 1159 1912 1215 Uti-

353 1287 463 1323 nam
493 1284 597 1323 rem
629 1278 737 1321 tant
789 1265 1074 1320 ridiculam
1114 1275 1405 1330 numquam
1444 1253 1920 1325 intelligamulet

348 1377 467 1416 sane
487 1377 583 1414 non
612 1361 680 1414 ita
708 1358 975 1430 profundo
1003 1371 1162 1411 sensu
1187 1369 1321 1424 opus
1355 1361 1437 1407 est
1465 1392 1480 1414 ,
1520 1359 1577 1404 ιιι
1603 1349 1872 1402 discamus
1901 1387 1915 1412 ,

350 1456 463 1523 quid
502 1453 593 1506 sibi
623 1454 741 1505 vult
768 1453 857 1505 illa
885 1459 1028 1504 tanta
1070 1448 1314 1516 impietas
1354 1454 1405 1498 et
1448 1457 1626 1498 rerum
1655 1439 1917 1495 confusio.

349 1547 466 1602 Num
487 1562 772 1601 corvorum
803 1561 952 1598 more
982 1541 1292 1611 loquimini,
1324 1554 1356 1591 o
1380 1537 1549 1590 insani
1582 1578 1596 1599 ,
1632 1544 1688 1587 ιιι
1721 1533 1922 1587 faciunt

349 1640 521 1708 pueri?
550 1639 792 1691 lntantes
832 1637 1028 1705 quippe
1060 1633 1189 1688 estis
1215 1673 1227 1692 ,
1261 1640 1313 1683 ut
1346 1629 1439 1682 illi.
1474 1628 1542 1680 At
1573 1626 1761 1679 l’etrus
1791 1622 1922 1677 nihil

349 1732 441 1785 tale
467 1731 614 1796 dixit,
653 1729 752 1783 sed
785 1743 965 1782 vocent
1004 1726 1183 1779 emisit
1215 1766 1228 1788 ,
1268 1738 1384 1790 qua:
1411 1720 1562 1790 quasi
1596 1719 1647 1770 in
1686 1714 1922 1770 tenebris

347 1825 497 1878 lucem
518 1837 771 1892 magnam
803 1822 1105 1881 emitteret,
1133 1826 1185 1870 et
1215 1814 1494 1884 caliginem
1521 1811 1573 1864 in
1603 1809 1733 1864 orbe
1759 1807 1923 1861 dissi-

345 1927 496 1985 paret.
533 1915 739 1969 Verum
786 1929 966 1967 mores
1007 1912 1151 1965 illius
1203 1922 1363 1978 quam
1412 1913 1566 1959 erant
1613 1900 1873 1955 mansueti
1907 1939 1920 1963 ,

345 2024 484 2078 quam
508 2008 752 2066 humani,
778 2021 935 2075 quam
967 2003 1032 2054 ab
1057 2002 1200 2054 mttni
1234 2014 1363 2054 vana
1395 1997 1564 2067 gloria
1585 1994 1765 2057 alieni,
1793 2006 1926 2062 quo-

344 2100 490 2153 modo
517 2099 582 2152 ad
609 2098 807 2151 ca-lutn
843 2094 1162 2163 respiciebat
1195 2092 1310 2146 sine
1341 2090 1476 2144 fastu
1499 2131 1513 2153 ,
1540 2088 1664 2141 licet
1684 2093 1926 2139 mortuos

346 2192 619 2244 susritaret
655 2191 669 2242 !
704 2188 915 2255 Quodsi
941 2186 1024 2239 cui
1051 2183 1412 2252 insipientium
1441 2180 1652 2233 illorum
1697 2175 1924 2230 accidis-

345 2292 435 2347 set,
465 2293 520 2335 ut
545 2297 644 2352 per
669 2280 1003 2350 phantasiam
1034 2287 1088 2330 et
1113 2275 1348 2345 speciem
1381 2272 1483 2324 tale
1505 2268 1775 2339 quidpiam
1798 2264 1922 2336 age-

346 2386 418 2429 ret
450 2416 465 2437 ,
520 2390 705 2427 annon
750 2373 929 2427 statim
983 2384 1129 2422 aram
1183 2364 1497 2434 espetiisset
1534 2375 1596 2415 ac
1634 2360 1925 2428 templum,

345 2480 404 2519 ac
453 2468 559 2519 Deo
614 2481 713 2532 par
759 2462 942 2516 haberi
998 2458 1353 2529 postulasset;
1403 2470 1524 2509 cum
1570 2452 1705 2506 nihil
1747 2450 1928 2518 hujus-

345 2557 482 2610 modi
546 2567 767 2625 agentes
797 2598 813 2621 ,
864 2554 987 2608 talia
1051 2548 1448 2620 imaginentur?
1493 2545 1628 2613 Quid
1679 2543 1780 2598 sibi
1831 2558 1924 2596 vo-

347 2650 454 2703 lunt
489 2650 629 2719 apud
675 2649 794 2702 illos
832 2646 1068 2701 Minerva
1099 2683 1116 2709 ,
1170 2641 1363 2712 Apollo
1407 2647 1462 2694 et
1508 2636 1690 2692 Juno?
1718 2633 1928 2690 Genera

2015 421 2320 478 dzemonum
2354 429 2479 475 sunt
2509 419 2647 489 apud
2678 419 2818 475 illos.
2870 419 3074 490 Estque
3126 435 3222 476 rex
3271 436 3434 491 penes
3484 423 3607 479 illos

2017 516 2108 585 qui
2143 515 2278 567 mori
2311 521 2480 580 Optat,
2510 524 2566 566 ut
2595 527 2690 581 par
2717 513 2818 568 diis
2841 514 3120 569 habeatur.
3148 515 3342 569 Verum
3375 516 3603 585 apostoli

2021 621 2126 659 non
2149 606 2247 666 sic,
2279 604 2372 658 sed
2395 613 2578 657 contra
2613 603 2832 657 faciunt.
2861 605 2995 658 Audi
3029 621 3256 674 namque
3285 607 3404 661 illos
3431 610 3588 663 dicen

2022 709 2121 761 tes,
2147 708 2426 768 postquam
2449 696 2668 751 claudus
2694 706 2910 751 sanatus
2943 699 3113 751 fuerat
3137 717 3151 752 :
3186 698 3296 753 Viri
3313 698 3566 754 Israelita:
3589 741 3602 760 .

2020 792 2142 861 quid
2190 809 2282 845 nos
2325 790 2587 843 intuemini
2623 832 2635 852 ,
2666 789 2811 859 quasi
2869 799 3041 842 nostra
3083 792 3262 844 virtute
3308 802 3394 845 aut
3422 794 3608 861 pietate

2025 883 2294 953 fecerimus
2325 882 2492 952 ipsum
2515 881 2773 934 ambulare
2803 881 2937 950 (Act.
2966 881 3019 934 5.
3053 881 3141 951 l2)
3169 883 3191 934 ?
3224 899 3407 936 rursus
3434 885 3559 937 alibi
3586 924 3602 948 ,

2029 973 2140 1028 Nos
2165 975 2354 1026 similes
2385 972 2521 1026 vobis
2549 973 2809 1041 passibiles
2857 975 3084 1027 homines
3131 991 3307 1028 sumus
3347 975 3481 1045 (Act.
3517 978 3604 1032 H.

2024 1065 2134 1133 14).
2167 1064 2280 1118 Illic
2311 1079 2438 1118 vero
2469 1065 2665 1117 multus
2710 1073 2791 1119 est
2837 1064 3003 1119 fastus
3023 1107 3037 1127 ,
3070 1066 3231 1119 multa
3262 1069 3560 1137 arrogantia
3589 1086 3606 1119 :

2025 1157 2205 1210 omnia
2246 1157 2388 1210 enim
2431 1171 2528 1224 pro
2557 1157 2805 1210 humanis
2830 1157 3125 1212 honoribus
3153 1198 3168 1224 ,
3215 1158 3344 1212 nihil
3377 1159 3614 1228 philoso-
3693 1207 3697 1211 .

2023 1246 2164 1317 phire
2196 1248 2364 1316 gratia
2396 1247 2644 1316 agebant.
2687 1247 2782 1302 Ubi
2813 1249 2954 1302 enim
3005 1249 3190 1318 glorise
3233 1264 3390 1302 causa
3418 1251 3613 1318 agitur,

2026 1338 2205 1392 omnia
2239 1338 2362 1391 vilia
2392 1348 2629 1392 manent.
2675 1339 2824 1393 Licet
2859 1341 2999 1394 enim
3026 1343 3204 1394 omnia
3233 1342 3354 1412 quis
3377 1341 3570 1397 habeat
3597 1385 3613 1406 ,

2026 1428 2070 1482 si
2096 1428 2196 1482 hoc
2219 1444 2324 1482 non
2357 1439 2552 1492 teneat,
2585 1429 2818 1482 abomni
2855 1430 3191 1501 philosophia
3213 1433 3406 1487 excidit
3445 1475 3459 1497 ,
3497 1434 3618 1486 vio-

2028 1519 2254 1573 lentiore
2298 1535 2360 1573 ac
2395 1520 2630 1589 turpiore
2671 1521 2860 1574 morbo
2895 1520 3166 1576 detentus.
3217 1523 3386 1592 Hujus
3431 1524 3616 1593 gloriae

2030 1621 2372 1681 contemptus
2398 1613 2462 1666 ad
2498 1614 2632 1666 bona
2664 1615 2839 1667 omnia
2867 1613 3104 1668 docenda
3125 1624 3205 1668 est
3225 1616 3449 1670 idoneus
3477 1628 3524 1668 et
3551 1617 3616 1671 ad

2030 1705 2405 1772 expellendum
2431 1720 2494 1759 ex
2515 1705 2689 1758 anima
2717 1721 2928 1760 omnem
2963 1706 3320 1774 perniciosum
3344 1707 3616 1762 allectum.

2030 1793 2156 1848 ldco
2179 1810 2270 1848 vos
2297 1795 2484 1850 hortor
2516 1837 2530 1860 ,
2562 1804 2620 1850 ιιι
2652 1812 2844 1867 magno
2871 1797 3048 1852 studio
3085 1798 3328 1852 morbum
3360 1799 3617 1853 radicitus

2029 1886 2316 1940 evellatis:
2353 1887 2502 1940 nullo
2546 1887 2743 1956 quippe
2790 1887 2899 1941 alio
2942 1888 3102 1942 modo
3151 1904 3435 1958 possumus
3477 1891 3616 1960 apud

2031 1976 2199 2030 Deutn
2227 1993 2346 2032 esse
2373 1978 2581 2048 probati
2613 2019 2628 2042 ,
2679 1989 2732 2033 et
2766 1981 3027 2034 insomnis
3055 1981 3198 2036 illius
3224 1984 3361 2037 oculi
3391 1984 3623 2038 benevo-

2031 2070 2248 2124 lentiam
2281 2070 2438 2123 nobis
2463 2071 2759 2126 attrahere.
2793 2071 2977 2141 Itaque
3004 2087 3188 2126 curam
3217 2089 3431 2128 omnem
3461 2075 3618 2128 adhi-

2031 2159 2253 2213 beamus
2284 2201 2299 2225 ,
2333 2168 2390 2212 nt
2417 2174 2647 2228 superna
2677 2160 2766 2214 illa
2796 2160 3037 2215 fruantur
3066 2164 3234 2232 gratia
3262 2203 3277 2229 ,
3319 2173 3379 2217 ut
3405 2174 3459 2218 et
3485 2180 3619 2233 pra:-

2031 2251 2202 2303 sentia
2253 2251 2392 2303 mala
2437 2249 2700 2319 fugiamus
2733 2292 2748 2316 ,
2779 2260 2834 2306 et
2881 2253 3068 2308 futuris
3113 2253 3396 2323 dignemur
3425 2255 3580 2310 bonis
3604 2297 3619 2319 .

2030 2341 2198 2410 gratia
2228 2351 2281 2394 et
2305 2340 2630 2410 benignitate
2659 2342 2867 2398 Domini
2899 2345 3214 2400 nostriJcsu
3243 2346 3467 2412 Christi,
3493 2349 3607 2418 qui-

2031 2447 2151 2486 cum
2179 2431 2322 2485 Patri
2350 2441 2402 2485 et
2430 2432 2646 2501 Spiritui
2675 2443 2860 2488 sancto
2879 2436 3066 2505 gloria,
3093 2438 3399 2506 imperium,
3429 2440 3621 2503 honor,

2034 2539 2176 2580 nunc
2191 2536 2244 2579 et
2263 2539 2500 2596 semper,
2530 2535 2583 2580 et
2615 2527 2666 2580 in
2698 2529 2892 2582 sarcula
2913 2529 3253 2584 smculorum.
3278 2533 3471 2587 Amen.

358 2767 3630 2802 ———_———'————-——-———'————————-————-—-————

1741 2848 2088 2910 HOMILIA
2130 2846 2209 2908 V.

350 3006 467 3063 CAP.
495 3007 623 3065 2.v.
667 3004 753 3058 H.
791 3001 894 3055 Viri
922 2999 1097 3053 Iudici
1127 3040 1142 3063 ,
1181 3007 1229 3053 et
1263 2997 1348 3067 qui
1377 2992 1614 3048 habitatis
1641 2989 1929 3044 Jerusalem

413 3098 629 3152 universi
660 3139 677 3162 ,
723 3097 816 3149 hoc
843 3094 980 3148 vobis
1010 3102 1181 3146 notum
1209 3091 1274 3145 sit
1303 3131 1317 3155 ,
1374 3097 1420 3142 et
1445 3087 1652 3140 auribus
1681 3082 1931 3154 percipite

419 3191 556 3244 verba
582 3205 721 3243 mea.

420 3285 642 3350 LQuos
690 3279 938 3349 superius
987 3275 1302 3346 peregrinos
1344 3271 1516 3335 dixit,
1571 3267 1637 3322 ad
1685 3267 1804 3321 illos
1849 3263 1935 3318 hic

358 3389 651 3428 sermonem
678 3369 944 3424 convertit
975 3386 988 3421 :
1017 3377 1072 3420 et
1094 3365 1306 3419 videtur
1326 3361 1543 3432 quidem
1568 3360 1687 3413 illos
1709 3356 1932 3425 alloqui,

361 3467 447 3519 sed
487 3467 740 3519 irrisores
793 3460 1065 3516 emendat.
1111 3457 1244 3512 Nam
1299 3455 1478 3508 divina
1529 3447 1936 3520 dispensatione

370 3555 551 3610 factum
578 3566 665 3610 est
695 3565 751 3608 ut
777 3554 992 3622 quidam
1027 3549 1336 3612 irriderent,
1369 3560 1476 3616 quo
1507 3545 1632 3598 lt'nc
1659 3540 1937 3595 defensio-

372 3662 481 3699 nem
510 3647 814 3708 ordiretur,
855 3658 918 3696 ac
966 3656 1060 3711 per
1107 3641 1250 3693 illam
1297 3637 1536 3691 doceret.
1579 3633 1782 3702 Magnae
1835 3629 1938 3684 sibi

367 3736 492 3790 laudi
533 3752 658 3792 esse
709 3735 966 3804 putabant
995 3774 1011 3797 ,
1053 3731 1192 3801 quod
1232 3727 1584 3798 Jerosolymis
1612 3726 1934 3779 habitarent.

366 3826 469 3880 Hoc
485 3829 642 3887 robis,
688 3825 878 3894 inquit,
913 3833 1083 3876 notum
1106 3823 1168 3874 sit
1194 3863 1209 3886 ,
1232 3831 1277 3873 et
1298 3820 1506 3872 auribus
1535 3817 1775 3887 percipite
1795 3813 1942 3867 verba

361 3935 481 3970 utea.
512 3917 850 3972 Attentiores
879 3914 1090 3968 interim
1121 3913 1240 3964 illos
1270 3909 1443 3964 reddit
1480 3949 1494 3971 ,
1535 3917 1589 3960 et
1625 3915 1808 3976 postea
1835 3905 1931 3959 de-

358 4008 655 4064 fensionem
686 4017 854 4078 parat.
893 4007 977 4061 15.
1016 4004 1133 4057 Νοιι
1161 4004 1324 4066 ειιὶιιι,
1355 4001 1480 4054 sicut
1510 4015 1594 4052 vos
1633 3997 1941 4067 suspicanti-

360 4100 445 4164 ui,
479 4102 529 4152 hi
582 4100 710 4153 ebrii
757 4107 894 4151 sunt.
949 4095 1318 4164 Viden’qnam
1368 4091 1511 4144 mitis
1554 4090 1624 4144 sit
1654 4086 1944 4143 defensio?

360 4191 503 4248 Licet
531 4192 795 4261 majorem
830 4189 1008 4260 populi
1041 4198 1244 4256 partem
1276 4201 1459 4240 secum
1503 4184 1761 4248 haberet,
1789 4196 1944 4236 man-

360 4285 557 4338 suetius
588 4293 771 4336 tamen
796 4281 919 4334 illos
957 4279 1248 4348 alloquitur
1284 4294 1297 4333 :
1331 4291 1394 4330 ac
1423 4275 1594 4344 primo
1624 4273 1816 4326 malam
1846 4288 1942 4326 su-

359 4379 659 4446 spicionem
731 4375 870 4429 tollit
900 4416 913 4437 ,
960 4372 1257 4442 deindeque
1305 4368 1674 4424 defensionem
1741 4364 1944 4419 statuit.

362 4469 591 4538 Ideoque
641 4484 748 4522 non
778 4468 928 4534 dicit,
959 4466 1072 4522 Non
1096 4467 1237 4520 enim
1268 4464 1408 4518 sicut
1433 4477 1530 4516 vos
1560 4460 1900 4516 subsannatis
1933 4501 1948 4525 ,

361 4561 439 4613 vel
468 4560 683 4623 ridetis,
711 4559 827 4622 sed,
857 4559 1004 4612 Sicut
1037 4555 1368 4626 suspicamini
1399 4571 1418 4608 :
1449 4539 1736 4608 ostendere
1765 4551 1953 4605 volens

363 4651 479 4706 illos
512 4668 622 4706 non
645 4652 785 4705 serio
813 4650 927 4704 hmc
952 4649 1174 4713 dixisse,
1210 4661 1267 4701 ut
1287 4647 1454 4716 magis
1477 4646 1580 4699 illis
1603 4643 1948 4713 ignorantite,

365 4760 519 4811 quam
550 4745 771 4798 malitize
800 4743 1004 4798 crimen
1031 4741 1266 4796 offerret.
1295 4737 1416 4792 Non
1443 4738 1740 4802 enim,sicut
1765 4751 1850 4788 vos
1870 4752 1957 4788 su-

366 4838 660 4904 spicamini,
693 4837 745 4889 hi
779 4836 899 4888 ebrii
922 4843 1037 4889 sunt
1065 4875 1078 4897 ,
1109 4849 1224 4886 cum
1253 4833 1318 4885 sit
1348 4831 1471 4884 hora
1513 4831 1613 4882 diei
1659 4830 1822 4882 tertia.
1847 4826 1957 4880 Cur

367 4927 465 4983 hoc
498 4928 681 4984 dicit?
711 4944 889 4982 annon
950 4935 1202 4996 poterant
1247 4925 1377 4977 hora
1436 4923 1592 4977 tertia
1648 4921 1956 4976 inebriari?

373 5018 627 5073 Poterant
653 5033 782 5072 sane
814 5035 830 5083 ;
859 5017 952 5072 sed
982 5018 1032 5070 in
1067 5017 1168 5070 hoc
1198 5015 1286 5069 ille
1309 5029 1412 5066 non
1444 5013 1669 5066 multum
1704 5011 1958 5066 instabat:

375 5125 545 5178 neque
567 5111 713 5165 enim
738 5110 808 5163 ita
831 5124 890 5164 se
911 5117 1209 5178 gesserant,
1238 5116 1296 5158 ut
1320 5105 1564 5159 irrisores
1589 5104 1660 5158 illi
1686 5103 1958 5158 dicebant.

375 5199 511 5254 llinc
541 5215 672 5270 ergo
697 5200 957 5254 discimus
991 5241 1006 5264 ,
1040 5199 1092 5252 in
1141 5197 1308 5252 rebus
1354 5212 1460 5250 non
1506 5195 1825 5250 necessariis
1854 5209 1960 5248 non

375 5289 539 5358 longo
583 5290 841 5345 utendum
890 5305 1011 5344 esse
1051 5303 1332 5343 sermone.
1379 5287 1628 5356 Alioquin
1674 5300 1804 5340 vero
1847 5284 1963 5340 lucc

378 5384 702 5435 continuant
746 5397 864 5452 qua:
911 5389 1250 5450 sequuntur:
1282 5393 1343 5433 ac
1383 5378 1597 5432 demum
1659 5377 1725 5430 ad
1776 5391 1965 5431 omnes

378 5485 561 5526 sermo
587 5472 852 5541 dirigitur.
897 5473 984 5526 16.
1011 5471 1119 5526 Sed
1146 5471 1239 5524 hoc
1273 5480 1347 5524 est
1388 5469 1523 5540 quod
1565 5471 1753 5522 dictum
1776 5477 1849 5523 est
1877 5486 1967 5535 per

377 5565 682 5631 prophetam
707 5565 824 5617 Joet
852 5581 870 5618 :
908 5566 996 5618 17.
1025 5563 1090 5618 Et
1115 5566 1206 5619 erit
1234 5565 1285 5618 in
1316 5563 1596 5618 novissimis
1622 5563 1816 5628 diebus,
1841 5563 1966 5615 dicit

377 5651 640 5708 Dominus
667 5654 802 5709 Deus
833 5653 974 5724 (Joel
1003 5656 1059 5710 2.
1107 5657 1220 5728 28).
1255 5654 1504 5711 Nondum
1533 5653 1747 5708 auditur
1769 5668 1966 5710 nomen

383 5742 586 5799 Christi
619 5785 638 5812 ,
665 5759 763 5800 nec
790 5746 1071 5816 promissio
1101 5748 1243 5806 illius
1287 5757 1367 5806 cst
1403 5790 1418 5815 ,
1449 5745 1545 5801 sed
1587 5745 1765 5800 Patris
1837 5745 1968 5802 Vide

2037 2987 2375 3056 sapientiam.
2410 2987 2525 3042 Non
2554 2990 2732 3044 statim
2763 2992 3060 3048 transiitad
3091 3009 3174 3059 ea,
3207 3009 3326 3064 qua:
3353 2994 3626 3050 Christum

2039 3079 2390 3148 spectabant;
2423 3096 2614 3152 nempe
2640 3083 2781 3152 quod
2809 3083 2922 3152 ipse
2955 3085 3070 3141 haec
3102 3086 3406 3155 promiserit
3431 3128 3446 3153 ,
3476 3097 3629 3158 post-

2039 3187 2196 3242 quam
2223 3173 2512 3227 crucifixus
2539 3173 2744 3230 fuerat:
2776 3175 3008 3248 alioquin
3051 3179 3227 3233 omnia
3278 3180 3632 3233 subvertisset

2040 3264 2155 3319 haec
2181 3265 2430 3320 dicendo.
2458 3268 2618 3337 Atqui
2666 3278 2935 3338 poterant,
2970 3271 3176 3340 inquies
3198 3312 3211 3335 ,
3239 3273 3356 3339 ejus
3381 3273 3632 3330 divinita-

2042 3363 2150 3411 tem
2198 3359 2505 3414 ostcndere.
2551 3359 2694 3414 Sane
2741 3362 2994 3430 quidem,
3027 3365 3069 3416 si
3117 3363 3318 3418 credita
3364 3364 3628 3420 fuissent:

2042 3453 2187 3521 quod
2225 3461 2406 3506 autem
2452 3451 2560 3520 jam
2593 3455 2936 3523 qua'rcliatur
2967 3497 2980 3521 ,
3014 3467 3131 3510 erat
3157 3467 3214 3510 ut
3243 3457 3630 3512 crederentur:

2044 3559 2150 3597 non
2179 3544 2383 3599 credita
2411 3555 2591 3600 autem
2618 3546 2668 3600 id
2697 3546 3020 3613 effecissent,
3047 3557 3103 3601 ut
3129 3549 3205 3602 illi
3239 3549 3630 3617 lapidarentur.

2047 3634 2329 3700 Effundam
2357 3635 2419 3690 de
2447 3637 2647 3706 Spiritu
2693 3655 2800 3692 meo
2830 3655 2980 3707 super
3026 3657 3226 3694 omnem
3270 3657 3492 3694 carnem.
3540 3642 3638 3695 Dat

2047 3727 2153 3781 illis
2179 3743 2393 3797 quoque
2419 3745 2568 3798 spem
2592 3731 2806 3795 bonam,
2831 3731 2874 3784 si
2908 3731 3120 3799 quidem
3147 3732 3331 3785 velint.
3374 3731 3481 3785 Nec
3507 3732 3636 3786 sinit

2047 3821 2168 3875 illos
2192 3822 2396 3888 majore
2424 3824 2576 3890 copia
2606 3821 2729 3884 frui,
2763 3824 2906 3892 quod
2938 3825 3157 3879 livorem
3188 3827 3517 3894 peperisset,
3548 3833 3632 3878 at-

2047 3927 2153 3979 que
2190 3911 2316 3964 hinc
2341 3911 2592 3965 invidiam
2622 3914 2865 3967 succidit,
2904 3914 2970 3967 Et
3004 3918 3396 3986 praphetabunt,
3421 3919 3590 3987 inquit
3616 3959 3633 3984 ,

2051 4002 2147 4070 ﬁlii
2177 4002 2345 4055 vestri.
2383 4001 2499 4056 Non
2540 4015 2712 4057 vestra
2742 4013 2823 4058 est
2857 4007 2969 4060 hcce
3015 4021 3100 4058 res
3132 4008 3384 4075 prrcclara
3411 4049 3426 4073 ,
3465 4024 3636 4076 neque

2051 4102 2226 4146 vestra
2261 4093 2410 4158 laus;
2439 4093 2530 4146 sed
2563 4094 2628 4146 ad
2675 4095 2810 4146 filios
2842 4104 3050 4148 vestros
3077 4096 3244 4164 gratia
3275 4099 3503 4150 transiit.
3556 4099 3636 4149 lti-

2052 4184 2290 4253 scipnlos
2320 4194 2473 4239 vocat
2500 4186 2635 4240 filios
2657 4227 2672 4248 ,
2704 4196 2758 4240 et
2787 4186 2904 4240 illos
2938 4195 3134 4255 patres.
3169 4186 3233 4240 Et
3257 4189 3467 4258 juvenes
3494 4188 3640 4241 vestri

2053 4277 2268 4330 visiones
2292 4276 2548 4344 videbunt,
2571 4287 2615 4330 ct
2642 4279 2859 4330 seniores
2891 4278 3038 4331 vestri
3066 4280 3263 4332 somnia
3291 4279 3643 4342 somniahunt,

2057 4366 2146 4420 18.
2164 4375 2210 4419 et
2236 4367 2440 4436 quidem
2467 4384 2620 4436 super
2646 4384 2811 4422 servos
2837 4385 2970 4422 meas
3009 4380 3054 4422 et
3081 4386 3233 4440 super
3261 4370 3474 4423 ancillas
3506 4387 3642 4424 meas

2055 4456 2108 4509 in
2135 4457 2310 4510 diebus
2336 4457 2438 4510 illis
2466 4457 2723 4523 e/fundam
2743 4459 2805 4512 de
2823 4459 3019 4527 Spiritu
3038 4471 3226 4525 meo,et
3255 4460 3645 4530 prophetabunt.

2059 4547 2274 4602 Interim
2304 4549 2538 4602 ostendit
2568 4565 2624 4604 se
2651 4551 2902 4619 probatos
2931 4565 3049 4605 esse
3068 4593 3083 4619 ,
3113 4561 3298 4622 utpote
3325 4553 3411 4622 qui
3444 4553 3644 4620 Spiritu

2061 4649 2246 4695 essent
2275 4639 2476 4710 dignati
2511 4656 2525 4704 ;
2557 4641 2679 4695 illos
2705 4657 2832 4696 vero
2855 4643 3074 4697 minime
3107 4683 3120 4705 ,
3156 4652 3340 4712 utpote
3372 4644 3462 4712 qui
3489 4643 3647 4696 Chri.

2063 4741 2201 4786 stum
2224 4731 2636 4787 crucifixissent.
2673 4731 2796 4786 Ideo
2823 4743 2876 4787 et
2904 4732 3149 4787 Christus
3173 4745 3228 4788 ut
3258 4734 3470 4789 illorum
3505 4734 3651 4790 furo-

2063 4838 2178 4878 rem
2207 4822 2422 4877 sedaret
2448 4864 2463 4888 ,
2519 4823 2731 4877 dicebat
2763 4842 2773 4876 :
2811 4823 2934 4877 Filii
2974 4835 3138 4878 autent
3167 4826 3314 4879 vestri
3345 4826 3395 4876 in
3423 4841 3522 4894 quo
3551 4826 3650 4894 eji-

2065 4917 2202 4969 ciunt
2230 4916 2479 4969 dwmonia
2525 4915 2737 4986 (Matth.
2770 4917 2854 4970 l2.
2882 4918 2974 4985 27)
2999 4920 3022 4972 ?
3052 4919 3165 4972 Non
3191 4919 3323 4972 dixit
3355 4961 3370 4985 ,
3402 4919 3653 4990 Discipuli

2067 5007 2172 5060 mei
2200 5023 2214 5072 ;
2267 5022 2390 5060 nam
2422 5007 2523 5060 sibi
2555 5008 2858 5062 adulantem
2889 5010 3172 5079 sapuissct.
3201 5009 3289 5065 Sic
3321 5011 3408 5066 ille
3441 5027 3546 5067 non
3574 5013 3644 5067 di-

2071 5098 2154 5151 xit
2183 5139 2196 5162 ,
2231 5098 2378 5166 ipsos
2424 5113 2528 5150 non
2558 5098 2737 5152 ebrios
2767 5114 2889 5152 esse
2919 5139 2934 5161 ,
2986 5099 3080 5152 sed
3110 5115 3174 5153 ex
3206 5101 3408 5170 Spiritu
3459 5103 3601 5173 loqui
3640 5123 3652 5158 :

2071 5204 2246 5258 neque
2269 5188 2396 5242 illud
2420 5187 2735 5256 simpliciter
2760 5231 2775 5254 ,
2809 5189 2901 5242 sed
2930 5187 2997 5244 ad
3024 5191 3338 5260 prephetam
3366 5194 3605 5263 confugit
3637 5235 3655 5261 ,

2072 5299 2126 5343 et
2157 5289 2248 5343 illo
2281 5289 2446 5344 fretus
2475 5287 2685 5342 fortiter
2710 5291 2838 5360 agit.
2869 5289 2956 5345 Sic
2987 5307 3081 5360 per
3108 5307 3168 5346 se
3202 5291 3417 5362 quidem
3448 5293 3564 5346 illos
3589 5293 3658 5343 ab

2074 5379 2414 5434 accusatione
2439 5383 2683 5450 purgavit
2710 5424 2723 5447 ,
2753 5382 3069 5451 praphetam
3093 5398 3223 5438 vero
3251 5385 3433 5451 gratize
3465 5391 3656 5436 testem

2076 5472 2297 5525 inducit.
2332 5470 2613 5537 Effundant
2640 5473 2702 5526 de
2738 5474 2937 5542 Spiritu
2982 5490 3090 5528 meo
3133 5491 3288 5538 super
3318 5489 3513 5526 omnem
3540 5485 3658 5521 car-

2077 5581 2212 5616 nem.
2238 5563 2326 5617 Sic
2351 5564 2504 5626 dixit,
2534 5565 2657 5635 quia
2682 5565 2801 5620 aliis
2829 5581 2923 5634 per
2947 5567 3155 5620 somnia
3192 5605 3206 5629 ,
3236 5565 3354 5616 aliis
3382 5558 3660 5615 manifeste

2079 5655 2243 5724 gratia
2267 5654 2435 5709 effusa
2459 5664 2557 5710 est.
2579 5655 2711 5710 Nam
2735 5666 2788 5710 et
2817 5672 2911 5725 per
2933 5654 3138 5713 somnia
3162 5653 3406 5706 viderunt
3431 5647 3660 5720 prophe-

2084 5758 2154 5804 ta:
2185 5791 2199 5816 ,
2229 5758 2283 5804 et
2325 5750 2689 5805 revelationes
2717 5759 3065 5811 acceperunt.
3097 5742 3294 5800 Deinde
3321 5742 3662 5815 progreditur
