4026 6216
309 344 371 401 Μ

311 458 365 511 in
387 453 665 524 prophetia
702 494 717 513 .
748 466 867 521 qua:
910 449 1180 518 quidpiam
1213 451 1451 504 terribile
1496 450 1674 505 habet.
1710 449 1798 506 19.
1827 448 1897 505 Et

272 528 285 540 ’
314 549 445 600 dabo
475 589 491 613 ,
540 546 749 614 inquit,
811 542 1045 612 prodigia
1070 543 1121 594 in
1149 545 1273 596 certe
1316 559 1557 606 sursum,
1599 554 1646 596 et
1673 542 1819 613 signa
1844 543 1897 597 in

313 652 447 693 terra
463 640 718 691 deorsum.
748 634 840 689 llis
859 646 907 688 ct
937 634 1167 688 futurum
1188 635 1444 703 judicium
1469 645 1523 688 et
1539 634 1902 703 Jcrosolymo-

315 748 434 785 rum
461 728 724 783 excidium
751 726 1069 781 subindicat.
1103 725 1417 796 Sanguinem
1448 736 1492 779 et
1518 727 1707 795 ignem,
1739 734 1787 779 et
1812 741 1901 779 oa-

318 838 491 891 porem
517 819 663 888 Iunii.
707 818 838 874 Vide
859 860 874 885 ,
905 818 1177 887 quomodo
1206 818 1471 872 excidium
1497 818 1785 873 describat.
1804 819 1897 874 20.

317 910 413 965 Sol
434 918 745 963 convertatur
774 910 828 962 in
860 909 1087 962 tenebras
1114 950 1129 974 ,
1175 919 1220 961 et
1251 908 1373 961 luna
1400 909 1452 961 in
1480 910 1795 979 sanguinem.
1825 910 1920 963 Ex.

314 999 509 1055 atl‘ectu
535 999 846 1070 patientium
883 1000 953 1054 ita
974 999 1226 1068 loquitur.
1251 998 1507 1053 Narratur
1535 1009 1709 1054 tamen
1738 1000 1901 1053 multa

316 1090 508 1145 similia
532 1092 583 1145 in
606 1091 736 1146 cmlo
754 1093 864 1145 visa
887 1091 1071 1155 fuisse,
1091 1101 1148 1145 ut
1176 1089 1488 1145 tcsuticatur
1507 1089 1775 1160 Josepbus
1802 1088 1903 1159 (α).

316 1182 541 1238 Interim
569 1183 688 1237 illos
727 1197 940 1252 quoque
981 1182 1306 1251 perstrinxit,
1340 1181 1585 1235 tenebras
1608 1196 1726 1250 qua:
1756 1180 1900 1234 acci-

320 1274 453 1330 dcre
523 1287 827 1328 memorans
858 1315 873 1339 ,
926 1282 979 1327 et
1029 1272 1187 1326 futuri
1240 1272 1696 1341 exspectationem
1749 1270 1903 1324 indu-

321 1381 473 1421 cens.
518 1365 798 1435 Antequam
823 1365 987 1419 veniat
1015 1364 1121 1418 dies
1151 1363 1355 1417 Domini
1383 1380 1595 1433 magnus
1622 1373 1667 1416 et
1688 1362 1907 1433 manife-

323 1468 452 1513 stus.
500 1456 577 1512 Ne
618 1460 740 1527 quia
780 1471 923 1511 nunc
969 1457 1187 1525 impune
1230 1456 1461 1525 peccatis
1492 1496 1506 1518 ,
1542 1454 1756 1524 inquit,
1785 1452 1907 1507 ideo

321 1548 625 1604 contidatis.
684 1548 809 1603 llaec
858 1550 1113 1618 prommia
1152 1556 1275 1603 sunt
1322 1546 1495 1617 magni
1532 1545 1808 1616 cujusdam
1853 1553 1910 1601 et

325 1643 625 1713 gravissimi
648 1642 775 1696 diei.
806 1642 1010 1707 \‘ideu‘,
1036 1641 1305 1710 quomodo
1325 1642 1536 1695 animos
1562 1656 1749 1696 eorum
1775 1654 1909 1694 exa-

325 1734 531 1803 gitavit,
561 1742 616 1788 et
644 1735 807 1787 risum
839 1733 1106 1787 convertit
1126 1732 1177 1786 in
1202 1731 1649 1787 cxcusntioncm?
1682 1730 1737 1784 Si
1763 1730 1911 1785 enim

328 1826 444 1882 lucc
466 1835 593 1881 sunt
618 1827 877 1895 prommia
907 1826 1012 1880 diei
1046 1826 1185 1879 illius
1211 1867 1225 1893 ,
1260 1840 1482 1880 necesse
1503 1834 1578 1879 rsl
1614 1823 1908 1895 periculum

328 1919 399 1974 de
424 1920 680 1973 extremis
702 1919 813 1988 jam
860 1919 1160 1973 imminere.
1192 1917 1327 1984 Quid
1371 1919 1547 1972 vero?
1579 1932 1703 1971 num
1738 1917 1913 1987 pergit

329 2011 590 2064 terribilia
621 2010 801 2065 dicere
819 2011 845 2063 ?
871 2010 1239 2079 Nequaquam.
1273 2009 1375 2063 Sed
1408 2008 1573 2078 quid?
1599 2009 1805 2062 Rursus
1821 2007 1913 2062 dat

331 2101 439 2156 illis
469 2100 769 2170 reSpirandi
796 2100 992 2163 locum,
1026 2110 1077 2155 ct
1108 2101 1183 2154 ait
1206 2119 1220 2154 :
1242 2100 1333 2153 21,
1365 2099 1432 2153 Et
1457 2101 1550 2153 erit
1580 2141 1595 2165 ,
1625 2099 1786 2153 omnis
1812 2100 1914 2168 qui-

332 2208 542 2263 cumque
565 2194 866 2247 invocaverit
895 2210 1075 2247 nomen
1106 2193 1331 2259 Domini,
1361 2193 1533 2247 salvus
1560 2192 1671 2245 erit.
1707 2191 1819 2245 Hoc
1847 2190 1915 2245 de

330 2286 554 2340 tLhristo
576 2284 776 2340 dictum
802 2296 901 2351 est,
939 2295 994 2340 ut
1022 2286 1215 2340 Paulus
1243 2284 1317 2339 ait
1345 2281 1518 2355 (Rom.
1547 2283 1634 2340 10.
1665 2284 1752 2353 l5)
1785 2301 1797 2337 :
1831 2282 1919 2337 hic

335 2392 464 2428 vero
492 2392 597 2430 non
628 2375 789 2430 audet
812 2376 863 2430 id
889 2377 1060 2445 palam
1093 2375 1351 2431 revelare.
1387 2375 1534 2428 Dicta
1557 2389 1684 2428 vero
1713 2389 1742 2427 a
1772 2372 1921 2444 prin-

335 2466 478 2535 cipio
518 2473 843 2534 repetamus.
898 2465 1067 2519 Recte
1103 2464 1254 2528 quasi
1301 2463 1561 2518 adversus
1606 2462 1840 2516 ridentes
1865 2470 1921 2517 et

337 2557 993 2626 subsannantesinsurgit,
1027 2555 1250 2610 dicens:
1287 2554 1479 2609 Notum
1495 2554 1561 2608 sit
1582 2552 1813 2606 omnibus
1833 2568 1921 2606 vo-

338 2648 434 2711 bis,
459 2658 506 2701 et
535 2646 740 2700 auribus
770 2648 1012 2716 percipite
1035 2647 1182 2701 verba
1222 2662 1351 2699 mea.
1385 2645 1539 2699 Initio
1565 2655 1742 2699 autem
1770 2644 1920 2699 dice-

340 2742 452 2805 bat,
490 2738 597 2793 Viri
622 2738 817 2793 Judwi.
847 2739 1063 2794 Judaros
1093 2739 1220 2794 mihi
1248 2739 1428 2794 dicere
1457 2738 1668 2793 videtur
1699 2751 1812 2801 eos,
1834 2736 1924 2806 qui

343 2832 396 2885 in
423 2830 606 2886 Judtea
640 2829 975 2885 habitabant.
1012 2830 1074 2884 Et
1099 2871 1115 2896 ,
1155 2831 1198 2883 si
1228 2831 1401 2901 placet
1433 2872 1448 2894 ,
1497 2830 1782 2883 atl'eratnus
1834 2828 1925 2881 illa

346 2924 617 2993 Evangelii
652 2923 815 2977 vcrba
849 2965 864 2988 ,
912 2932 968 2977 ut
994 2922 1169 2977 discas
1205 2924 1374 2993 qualis
1411 2932 1630 2991 repente
1665 2924 1830 2974 tactus
1858 2919 1928 2973 sit

346 3017 562 3073 Petrus.
611 3016 753 3070 Exiit
772 3058 787 3083 ,
818 3016 987 3086 inquit
1012 3057 1027 3081 ,
1059 3017 1227 3087 puella
1256 3017 1425 3069 dicens
1454 3032 1473 3070 :
1503 3015 1567 3069 Et
1596 3025 1649 3068 tn
1676 3031 1791 3069 eras
1814 3030 1929 3067 cum

344 3108 471 3162 Jesu
501 3106 789 3162 Nazareno.
827 3107 926 3161 Ille
953 3118 1117 3160 autem
1144 3107 1423 3177 respondit,
1452 3104 1501 3158 Ν
1507 3104 1637 3159 εδείο
1654 3105 1925 3158 hominem.

350 3196 419 3251 Et
444 3215 620 3251 rursus
650 3199 984 3267 interrogatus
1012 3197 1158 3265 erepit
1182 3196 1415 3249 detestari
1440 3205 1486 3249 et
1507 3197 1689 3265 jurare
1709 3192 1927 3264 (Matth.

347 3291 439 3344 ss.
469 3288 680 3357 69-72).

419 3381 475 3434 9..
518 3380 755 3434 Adulatio
784 3380 1007 3434 vitanda.
1034 3410 1104 3420 —
1122 3379 1225 3436 Sed
1256 3380 1343 3437 hic
1365 3380 1487 3436 vide
1512 3380 1653 3435 illius
1685 3378 1929 3433 ﬁduciam

352 3485 704 3542 magnamque
728 3471 939 3526 dicendi
962 3472 1282 3528 libertatem.
1304 3472 1422 3528 Non
1448 3473 1682 3528 laudavit
1706 3487 1820 3536 eos,
1844 3472 1934 3542 qui

352 3562 595 3618 dixerant
629 3579 642 3616 :
674 3562 967 3615 Audiuimus
995 3579 1078 3619 eos
1106 3564 1363 3633 loquentes
1394 3566 1577 3619 nostris
1607 3565 1794 3636 linguis
1823 3581 1935 3617 ma»

353 3654 527 3727 gnalia
552 3652 681 3719 Dei;
702 3654 796 3710 sed
820 3654 905 3709 illa
927 3669 1029 3724 qua
1056 3670 1177 3727 erga
1205 3656 1338 3711 alios
1364 3670 1489 3711 usus
1511 3666 1627 3711 erat
1655 3656 1935 3726 gravitate,

355 3749 456 3804 hos
496 3746 846 3803 studiosiores
891 3746 1116 3803 reddere
1159 3748 1381 3814 volens,
1432 3758 1487 3804 et
1528 3764 1832 3805 sermonem
1872 3749 1940 3803 ab

355 3840 663 3894 adulatione
703 3838 938 3893 alienum
974 3839 1282 3897 ostendere.
1313 3841 1426 3897 lloc
1451 3842 1594 3896 enim
1628 3842 1821 3912 ubique
1846 3840 1944 3895 ob-

359 3930 681 3986 servandum
711 3940 825 3999 est,
852 3932 1121 4002 quomodo
1160 3932 1495 4005 indulgenter
1525 3934 1646 3989 licet
1677 3934 1939 4004 loquatur,

358 4036 539 4079 sermo
566 4032 740 4078 tamen
767 4023 836 4077 ab
865 4023 1171 4080 adulatione
1203 4026 1360 4080 simul
1386 4034 1441 4080 et
1463 4040 1494 4079 a
1523 4026 1844 4081 contumelia
1876 4025 1944 4077 sit

359 4116 606 4181 alienus;
635 4114 776 4185 quod
810 4124 984 4172 tamen
1021 4115 1238 4173 difficile
1277 4126 1378 4173 est.
1419 4114 1571 4184 Quod
1609 4125 1789 4169 autem
1830 4113 1945 4167 hinc

364 4206 494 4260 hora
519 4206 672 4262 tertia
695 4206 828 4263 facta
852 4207 979 4272 sint,
1005 4222 1109 4262 non
1134 4208 1250 4263 sine
1270 4223 1431 4262 causa
1453 4207 1815 4274 diSpensatum
1838 4213 1943 4258 est.

361 4299 498 4353 Cum
531 4299 673 4353 enim
702 4298 837 4354 lucis
861 4298 1115 4366 Splendor
1145 4306 1399 4366 apparet,
1433 4306 1560 4351 tunc
1590 4312 1695 4350 non
1738 4294 1945 4363 prandii

364 4390 509 4444 curis
538 4388 782 4443 homines
809 4394 1174 4455 occupantur,
1206 4396 1333 4440 tunc
1367 4386 1487 4440 laeta
1513 4386 1628 4439 dies
1664 4393 1747 4438 est
1766 4424 1782 4449 ,
1822 4393 1949 4438 tunc

365 4493 556 4535 omnes
581 4478 635 4533 in
665 4477 781 4531 foro
810 4484 953 4531 sunt.
987 4476 1173 4531 Viden‘
1202 4490 1506 4531 sermonem
1548 4475 1791 4530 libertate
1830 4474 1946 4546 ple-

364 4570 532 4629 unm?
558 4569 627 4623 Et
651 4568 858 4624 auribus
888 4569 1127 4639 percipite
1153 4569 1301 4624 verba
1326 4585 1458 4623 mea.
1498 4568 1593 4624 His
1614 4569 1771 4623 dictis
1795 4584 1859 4623 ex
1891 4583 1951 4623 se

366 4661 497 4718 nihil
523 4660 743 4725 addidit,
768 4660 860 4715 sed
885 4660 1000 4715 basc
1024 4660 1302 4730 subjunxit
1324 4680 1338 4716 :
1361 4658 1473 4714 Hoc
1492 4672 1585 4727 est,
1608 4660 1743 4732 quod
1761 4661 1952 4713 dictum

361 4765 438 4811 est
477 4772 566 4823 per
601 4754 897 4824 prophetam
935 4752 1053 4808 Joel
1080 4769 1100 4808 :
1132 4753 1197 4808 Et
1224 4755 1318 4809 erit
1351 4754 1404 4808 in
1442 4753 1724 4808 novissimis
1753 4753 1948 4808 diebus.

366 4848 615 4904 Ostendit
637 4849 781 4903 enim
805 4857 987 4920 postea
1014 4849 1528 4906 consummationem
1560 4863 1724 4918 prope
1761 4847 1954 4902 atl‘utu-

367 4957 503 4997 ram.
527 4942 616 4998 Sic
640 4940 768 4996 illud
788 4984 803 5006 ,
830 4940 854 4995 Ι
867 4959 897 4996 n
937 4941 1218 4996 novissimis
1243 4941 1418 4996 diebus
1436 4984 1450 5008 ,
1482 4941 1766 5013 quamdam
1795 4940 1955 4995 habet

366 5034 686 5101 emphasim.
737 5033 937 5089 Deinde
979 5048 1048 5089 ne
1085 5034 1330 5089 videatur
1369 5034 1482 5088 hinc
1521 5034 1586 5087 ad
1631 5033 1776 5088 solos
1817 5032 1955 5089 alios

372 5124 660 5194 pertinere,
683 5124 955 5195 subjungit
979 5143 994 5181 :
1021 5123 1326 5181 Etseniores
1344 5125 1492 5180 vestri
1515 5127 1711 5180 somnia
1733 5126 1958 5180 somnia-

372 5218 513 5270 bunt.
548 5214 680 5270 Vide
707 5216 782 5269 rei
810 5217 1026 5281 seriem.
1054 5215 1234 5271 Primo
1260 5216 1353 5270 lilii
1378 5232 1394 5281 ;
1416 5216 1554 5271 sicut
1574 5227 1625 5272 et
1653 5216 1816 5271 David
1841 5217 1953 5272 ait:

373 5304 481 5362 Pro
509 5305 732 5376 patribus
762 5306 858 5360 tuis
898 5307 1004 5360 nati
1041 5315 1158 5359 sunt
1193 5307 1281 5360 tibi
1306 5308 1402 5375 ﬁlii
1428 5306 1598 5378 (Psal.
1626 5308 1714 5363 44.
1752 5309 1874 5377 l7);
1903 5318 1958 5364 et

372 5412 561 5453 rut'sns
586 5395 873 5451 Malachias
905 5413 918 5448 :
952 5395 1251 5451 Convertens
1290 5398 1446 5451 corda
1490 5409 1691 5467 patrum
1719 5400 1771 5453 in
1800 5400 1955 5468 ﬁlios.

373 5487 443 5542 Et
466 5504 617 5558 super
637 5502 804 5542 servos
830 5502 964 5541 meos
988 5527 1003 5553 ,
1033 5496 1079 5541 et
1106 5503 1261 5557 super
1295 5488 1510 5542 ancillas
1537 5506 1672 5543 meas
1702 5492 1718 5558 (
1743 5489 1870 5543 Mal.
1901 5491 1952 5545 4.

374 5583 456 5653 6).
498 5582 565 5637 Et
602 5581 703 5635 hoc
741 5580 950 5636 virtutis
985 5580 1240 5635 indicium
1272 5581 1455 5637 :servi
1495 5582 1639 5637 enim
1677 5582 1795 5652 ejus
1835 5581 1957 5637 facti

440 5717 513 5776 ta)
532 5723 673 5780 signa
696 5726 809 5780 qua:
826 5712 1245 5780 ierosolymorum
1270 5718 1520 5769 excldtum
1557 5727 1920 5780 praecesserunt
1940 5754 1954 5780 ,

378 5774 539 5828 tnui-at
559 5777 695 5842 lose,
711 5774 803 5828 lius
824 5776 889 5828 de
914 5774 1045 5827 Bello
1067 5777 1277 5828 Judaico.

1041 337 1097 391 S.
1139 336 1414 391 JO.\NNIS
1446 330 1923 396 'CIIRYSOSTOMI
1962 338 2276 395 ARCHIEP.
2317 334 2846 392 CONSTANTINOP.

3527 340 3595 395 52

2009 465 2231 515 sumus,
2264 448 2475 505 liberati
2513 464 2544 504 a
2587 458 2827 518 peccato.
2874 448 3117 519 Magnum
3155 463 3331 507 autem
3370 464 3453 509 est
3493 453 3596 513 hoc

2006 542 2204 597 donum
2226 583 2241 607 ,
2269 540 2484 612 quando
2524 541 2578 596 in
2614 541 2778 596 alium
2804 556 3017 613 quoque
3042 558 3229 599 sexum
3259 547 3445 601 transit
3472 562 3593 616 gra-

2008 634 2110 697 tia;
2139 648 2244 687 non
2274 634 2326 688 in
2353 649 2515 688 unam
2539 634 2837 690 alteramve
2861 635 3001 689 sicut
3027 635 3179 701 olim,
3204 651 3394 707 nempe
3418 638 3470 691 in
3496 639 3598 693 De-

2008 723 2193 778 boram
2217 733 2271 779 ct
2295 723 2504 780 Oldam.
2531 725 2716 797 Neque
2735 726 2877 782 dixit
2899 741 3019 782 esse
3040 728 3297 797 Spiritum
3326 741 3592 795 sanctum,

2011 830 2182 884 neque
2211 815 2485 885 propheta:
2512 818 2674 872 verba
2705 818 3026 888 explicavit;
3056 818 3151 876 sed
3187 820 3357 875 solam
3392 821 3599 876 induxit

2010 906 2347 976 prophetiam
2371 923 2464 977 per
2485 908 2717 979 seipsam
2746 919 3066 965 certantem.
3098 909 3346 982 Nihilque
3370 912 3437 967 de
3462 912 3596 966 Juda

2006 996 2114 1066 jam
2140 997 2396 1067 loquitur,
2414 1000 2534 1067 quia
2557 1000 2803 1055 omnibus
2826 1002 2999 1071 palam
3020 1010 3137 1056 erat
3156 1003 3342 1072 quales
3362 1001 3601 1058 dedisset

2013 1102 2235 1156 poenas;
2267 1088 2363 1143 sed
2392 1089 2549 1154 silet,
2582 1091 2761 1146 sciens
2788 1091 2920 1146 nihil
2949 1092 3174 1147 validius
3203 1107 3319 1148 esse
3345 1108 3504 1162 quam
3533 1108 3599 1148 ex

2013 1178 2291 1248 prophetia
2322 1181 2463 1249 loqui
2493 1182 2597 1236 illis
2628 1199 2643 1236 :
2675 1181 2778 1239 hoc
2804 1184 2945 1238 enim
2988 1184 3118 1254 ipsis
3156 1187 3318 1239 etiam
3347 1185 3601 1254 operibus

2011 1269 2203 1325 fortius
2240 1281 2342 1327 est.
2384 1272 2516 1327 Nam
2558 1289 2679 1329 cum
2719 1275 2871 1345 signa
2912 1276 3116 1331 faceret
3145 1277 3421 1343 Christus,
3458 1293 3601 1345 sepe

2013 1361 2480 1428 contradiccbant;
2504 1380 2624 1418 cum
2646 1374 2822 1420 autem
2853 1367 3167 1438 prophetam
3195 1368 3473 1423 induceret
3499 1368 3603 1421 illis

2015 1450 2286 1509 dicentem
2313 1472 2326 1506 :
2349 1452 2493 1509 Dixit
2521 1454 2769 1510 Dominus
2793 1457 3007 1511 Domino
3035 1474 3167 1523 meo,
3196 1458 3331 1513 Sede
3354 1476 3385 1512 α
3411 1460 3604 1513 dextris

2016 1544 2138 1597 meis
2155 1543 2365 1613 (Matth.
2383 1545 2471 1599 9.2.
2488 1547 2575 1601 44.
2600 1546 2746 1602 Psal.
2769 1548 2890 1604 109.
2916 1552 2988 1619 l),
3006 1550 3075 1603 ita
3106 1550 3355 1615 silebant,
3371 1561 3426 1604 ut
3444 1565 3603 1606 nemo

2018 1633 2273 1705 deinceps
2289 1647 2467 1706 posset
2483 1638 2553 1692 illi
2572 1640 2916 1708 respondere.
2939 1642 3016 1695 Ac
3042 1656 3185 1711 saepe
3204 1643 3291 1697 ille
3303 1642 3606 1712 Scripturas

2018 1738 2304 1794 memorat,
2331 1729 2536 1795 dicens,
2565 1731 2753 1786 Siillos
2779 1733 2907 1787 dixit
2936 1734 3077 1801 deos,
3096 1735 3165 1788 ad
3181 1752 3304 1806 quos
3321 1753 3481 1790 sermo
3510 1735 3605 1790 Dei

2020 1824 2189 1890 factus
2210 1829 2282 1873 est
2308 1820 2485 1887 (Joan.
2503 1823 2585 1878 10.
2605 1824 2716 1893 35).
2735 1823 2844 1877 lino
2860 1824 3052 1894 ubique
3071 1826 3171 1879 hoc
3187 1828 3305 1896 quis
3319 1828 3602 1881 invenerit.

2021 1911 2144 1967 Ideo
2181 1912 2266 1967 hic
2304 1914 2378 1967 ait
2410 1932 2423 1966 :
2458 1914 2735 1982 E/fundam
2763 1916 2823 1969 de
2854 1915 3051 1987 Spiritu
3085 1934 3194 1971 meo
3231 1934 3382 1987 super
3408 1934 3607 1971 onmem

2019 2017 2265 2069 carnem;
2297 2002 2399 2058 hoc
2427 2014 2531 2070 est,
2556 2004 2607 2058 in
2634 2014 2840 2076 gentes.
2868 2006 2973 2061 Sed
3006 2007 3236 2061 nondum
3264 2010 3482 2073 revelat,
3508 2024 3607 2064 nec

2022 2094 2438 2165 interpretatur;
2469 2113 2639 2167 neque
2659 2099 2800 2153 enim
2825 2098 3160 2168 expediebat,
3182 2100 3302 2170 quia
3323 2101 3481 2154 etiam
3508 2100 3609 2155 hoc

2023 2189 2310 2244 obscurum
2339 2200 2473 2245 erat.
2505 2189 2650 2245 Dabo
2682 2192 2913 2261 prodigia
2946 2193 3000 2245 in
3039 2191 3162 2247 (telo
3200 2209 3417 2246 sursum.
3450 2192 3611 2262 Magis

2026 2279 2147 2333 illos
2190 2278 2295 2335 hoc
2337 2281 2609 2350 terrebat,
2641 2283 2781 2351 quod
2824 2292 2968 2338 esset
3008 2283 3315 2339 obscurum.
3348 2283 3401 2338 Si
3433 2292 3609 2337 autem

2028 2373 2131 2429 hoc
2156 2374 2535 2445 interpretatus
2556 2386 2720 2441 esset,
2746 2377 2915 2446 magis
2942 2377 3046 2430 illis
3070 2376 3382 2431 obstitisset.
3412 2374 3615 2430 Deinde

2029 2463 2159 2518 illud
2187 2466 2429 2534 prmterit
2462 2467 2611 2534 quasi
2652 2465 3026 2531 ιιιίιυίΐοειυιιι,
3070 2468 3229 2521 talem
3269 2467 3451 2520 volens
3487 2465 3617 2520 dare

2029 2554 2361 2625 opinionem.
2408 2554 2647 2625 Denique
2689 2556 2791 2612 hoc
2832 2558 2933 2611 illis
2973 2560 3373 2626 interpretatur,
3401 2572 3521 2610 cum
3551 2555 3618 2610 de

2032 2648 2427 2703 resurrectione
2453 2651 2709 2719 loquitur,
2739 2658 2793 2705 et
2821 2649 2888 2703 ad
2921 2650 2972 2703 id
3002 2664 3255 2704 sermone
3283 2650 3419 2702 viam
3449 2658 3617 2717 parat.

2033 2737 2158 2792 ldco
2187 2748 2378 2807 sponte
2410 2741 2648 2809 pra-terit
2673 2783 2687 2807 ,
2721 2741 2969 2810 quoniam
3004 2741 3136 2793 bona
3166 2739 3230 2793 ad
3262 2739 3381 2793 illos
3420 2749 3624 2808 pertra-

2035 2828 2242 2883 bcndos
2285 2846 2388 2883 non
2427 2832 2555 2883 satis
2594 2842 2747 2884 erant
2779 2849 2793 2883 :
2824 2846 3146 2900 quamquam
3187 2828 3289 2883 hoc
3329 2845 3621 2899 numquam

2035 2918 2234 2974 factum
2264 2931 2365 2975 est.
2400 2922 2568 2975 Nemo
2594 2923 2735 2975 enim
2766 2932 2889 2975 tunc
2918 2921 3132 2990 olTugit;
3163 2936 3304 2974 nunc
3335 2936 3462 2975 vero
3489 2919 3621 2974 lide-

2037 3010 2115 3065 les
2140 3011 2439 3080 elTngerunt
2463 3011 2565 3065 sub
2596 3011 2936 3081 Vespasiano.
2966 3010 3031 3064 Et
3059 3013 3159 3065 hoc
3183 3021 3267 3065 est
3286 3010 3427 3080 quod
3452 3010 3621 3065 dicit:

2041 3101 2159 3157 Nisi
2186 3104 2456 3157 abbreviati
2481 3105 2694 3174 fuissent
2720 3104 2825 3158 dies
2854 3104 2950 3170 illi,
2980 3119 3079 3157 non
3101 3108 3296 3156 saluata
3318 3103 3492 3172 fuisset
3517 3118 3627 3156 om-

2041 3197 2119 3249 nis
2149 3213 2268 3249 raro
2296 3195 2508 3265 (Matth.
2541 3196 2628 3250 24.
2660 3195 2774 3266 22).
2804 3196 2955 3263 Quod
2986 3196 3261 3249 molestius
3288 3202 3424 3261 erat,
3454 3193 3627 3263 primo

2040 3286 2263 3355 contigit
2291 3304 2304 3340 :
2338 3287 2509 3355 primo
2535 3287 2677 3340 enim
2709 3286 2902 3340 accidit
2926 3294 2982 3338 ut
3013 3284 3337 3339 habitatores
3364 3298 3627 3353 caperen-

2045 3387 2150 3442 tur,
2177 3386 2233 3433 et
2262 3377 2388 3432 urbs
2418 3377 2821 3433 subverteretur
2846 3386 2900 3431 et
2926 3377 3362 3432 succenderetur.

2119 3470 2255 3539 Quid
2275 3482 2370 3538 est,
2398 3471 2571 3525 lunam
2596 3472 2783 3525 mutari
2809 3470 2862 3524 in
2888 3471 3181 3541 sanguinem
3206 3469 3230 3523 ?
3253 3499 3325 3509 —
3350 3468 3549 3523 Deinde
3575 3468 3628 3523 in

2046 3564 2357 3636 metaphora
2398 3563 2595 3618 insi-tit
2617 3605 2634 3630 ,
2665 3563 2765 3618 sub
2798 3563 2984 3618 oculos
3022 3560 3327 3615 auditorum
3364 3559 3632 3615 excidium

2048 3658 2338 3713 adducens.
2370 3656 2466 3712 Sol
2491 3666 2806 3711 convertetur
2837 3656 2889 3709 in
2921 3656 3147 3708 tenebras
3170 3696 3185 3720 ,
3216 3664 3265 3709 et
3289 3655 3411 3707 luna
3433 3657 3486 3707 in
3511 3670 3632 3706 san-

2049 3752 2273 3821 guinem.
2302 3747 2418 3821 (a)[
2443 3747 2579 3816 Quid
2602 3755 2686 3804 est
2707 3790 2722 3813 ,
2744 3748 2920 3801 lunam
2950 3746 3138 3800 mutari
3170 3746 3220 3799 in
3251 3741 3634 3815 sanguinem?)

2052 3843 2277 3898 Videtur
2305 3841 2434 3896 mihi
2468 3840 2554 3895 hic
2580 3840 2865 3895 maximam
2899 3837 3100 3892 caedem
3128 3836 3365 3891 indicare
3386 3877 3401 3899 ,
3427 3849 3634 3889 sermo-

2056 3949 2286 4002 nemque
2327 3932 2398 3985 ita
2443 3931 2820 3984 concinnatum
2869 3941 3019 3993 esse,
3063 3936 3120 3981 ut
3162 3928 3397 3981 maximo
3437 3934 3640 3981 terrore

2055 4024 2293 4093 impleat.
2328 4022 2395 4074 Et
2423 4021 2552 4086 erit,
2586 4020 2749 4074 omnis
2783 4019 3081 4087 quicumque
3118 4018 3422 4073 inoocaverit
3458 4032 3641 4071 nomen

2057 4116 2285 4181 Domini,
2313 4115 2482 4168 salvus
2522 4114 2634 4167 erit.
2671 4101 2870 4175 Omnis,
2904 4113 3093 4181 inquit,
3125 4121 3181 4165 et
3209 4110 3255 4164 si
3291 4110 3544 4165 sacerdos
3572 4108 3643 4163 sit

2056 4207 2176 4277 (sed
2204 4204 2436 4259 nondum
2463 4204 2710 4270 revelat),
2732 4204 2844 4258 sive
2864 4218 3051 4258 servus
3072 4203 3161 4271 sit,
3191 4203 3303 4257 sive
3323 4202 3457 4256 liber
3480 4219 3493 4254 :
3519 4200 3642 4255 Non

2056 4305 2128 4351 est
2154 4297 2285 4349 enim
2312 4312 2422 4348 nias
2447 4311 2608 4363 neque
2634 4295 2822 4365 femina
2849 4294 2902 4347 in
2929 4293 3129 4348 Christo
3152 4293 3296 4359 Jesu,
3319 4309 3420 4346 non
3447 4309 3638 4357 servus,

2056 4403 2158 4443 non
2182 4388 2306 4443 liber
2333 4387 2475 4459 (Gal.
2502 4389 2555 4442 3.
2582 4385 2697 4459 18).
2724 4386 2851 4442 Jure
2875 4386 3087 4456 quidem
3116 4403 3131 4438 :
3160 4386 3260 4439 hoc
3289 4385 3429 4439 enim
3456 4383 3643 4437 discri-

2057 4497 2181 4536 men
2214 4481 2299 4536 hic
2325 4492 2441 4548 est,
2469 4480 2558 4535 tibi
2585 4479 2762 4535 omnia
2788 4478 2971 4534 umbra
3012 4487 3154 4532 sunt.
3186 4477 3319 4531 Nam
3350 4478 3392 4531 si
3422 4477 3472 4530 in
3500 4475 3641 4541 regia

2062 4587 2219 4629 nemo
2246 4572 2461 4638 nobilis,
2492 4588 2648 4628 nemo
2673 4571 2939 4643 ignobilis,
2965 4571 3057 4626 sed
3083 4586 3176 4625 sua
3199 4584 3462 4640 quemque
3481 4582 3643 4639 opera

2062 4672 2266 4731 notant,
2288 4665 2406 4720 etsi
2428 4665 2480 4719 in
2502 4672 2615 4720 arte
2637 4679 2772 4734 opus
2797 4663 3133 4719 commendat
3159 4663 3414 4717 artiﬁcem
3444 4680 3458 4716 :
3482 4662 3647 4714 multo

2062 4756 2228 4826 magis
2256 4756 2307 4810 in
2332 4756 2423 4811 illo
2447 4765 2608 4810 statu.
2634 4756 2811 4810 Omnis
2834 4757 3128 4827 quicumque
3152 4755 3468 4809 invocaverit.
3496 4752 3650 4806 Invo-

2063 4851 2271 4916 caverit,
2297 4850 2533 4919 inquam,
2557 4865 2661 4904 non
2683 4850 2868 4919 quavis
2888 4850 3091 4904 ratione
3114 4847 3259 4919 (Non
3280 4849 3430 4909 enim,
3457 4846 3646 4913 inquit,

2065 4942 2231 4996 omnis
2254 4941 2340 5011 qui
2360 4941 2483 4995 dicit
2510 4941 2655 5009 mihi,
2684 4939 2914 5008 Domine,
2940 4939 3157 4993 Domine
3181 4938 3390 5010 [Matth.
3418 4939 3470 4991 7.
3497 4935 3588 5021 g2]
3606 4937 3648 5006 ),

2065 5035 2159 5091 sed
2180 5034 2411 5104 quicum
2438 5033 2651 5099 aﬂ'ectu,
2673 5048 2793 5088 cum
2817 5034 3015 5103 optima
3040 5033 3167 5098 vita,
3191 5045 3312 5086 cum
3338 5031 3649 5100 congruenti

2066 5125 2278 5180 ﬁducia.
2311 5124 2525 5179 Interim
2556 5139 2660 5179 non
2691 5123 2913 5178 moleste
2943 5122 3193 5192 loquitur,
3221 5120 3289 5176 de
3321 5120 3423 5175 [ide
3452 5135 3649 5190 agens,

2068 5232 2245 5289 neque
2268 5218 2509 5287 supplicii
2540 5227 2797 5272 terrorem
2831 5215 3185 5271 abscondens.
3213 5214 3525 5283 Quomodo?
3550 5213 3651 5269 Os-

2069 5310 2240 5367 tendit
2263 5310 2315 5365 in
2346 5309 2681 5365 invocatione
2706 5309 2931 5363 salutem
2961 5323 3099 5363 esse.

2140 5402 2193 5456 5.
2224 5399 2381 5466 Quid,
2410 5415 2611 5468 qumso,
2643 5399 2815 5454 dicis?
2838 5400 3061 5454 salutem
3087 5413 3353 5455 memoras
3384 5407 3503 5468 post
3526 5412 3651 5451 cru-

2068 5491 2225 5548 cem?
2264 5490 2528 5561 Exspecta
2569 5490 2780 5545 interim
2810 5508 2824 5544 :
2853 5506 3042 5562 magna
3084 5500 3167 5546 est
3210 5490 3303 5545 Dei
3347 5490 3647 5546 clementia.

2068 5584 2136 5640 Et
2165 5584 2267 5639 boc
2306 5598 2412 5638 non
2452 5583 2626 5639 minus
2669 5583 2900 5639 ostendit
2929 5582 3078 5638 illum
3114 5598 3235 5639 esse
3264 5583 3462 5645 Deum,
3494 5597 3651 5651 quam

2103 5721 2208 5832 d(a)
2219 5729 2336 5834 (alia:
2354 5721 2541 5833 upclnis
2563 5718 2871 5783 clauduntur,
2887 5719 3095 5772 deerant
3130 5716 3180 5769 in
3202 5715 3361 5777 editis,
3382 5721 3436 5767 et
3453 5728 3517 5765 ex
3546 5718 3654 5761 λεδ.

2137 5798 2213 5834 nec
2236 5796 2265 5833 a
2288 5797 2377 5833 sun
2405 5818 2420 5832 .

2075 5796 2265 5846 adjecta
2288 5796 2420 5833 sunt.

3634 217 3670 285 ί.
