4026 6216
399 207 476 266 53
996 209 1055 266 S.
1089 209 1378 267 JOANNIS
1411 202 1904 265 CHRYSOSTOMI
1938 201 2264 261 ABCHIEP.
2306 203 2856 266 CONS'I'ANTINOP.
3293 257 3310 270 .
3595 211 3666 266 55

398 323 562 378 0616v
586 321 824 378 δείκνυσι
851 324 1003 389 Θεὸν,
1047 329 1142 380 καὶ
1167 327 1276 382 τῶν
1301 328 1566 399 σημείων,
1601 326 1661 380 16
1693 325 1914 384 τούτους
1944 334 1970 362 ει

400 407 845 477 προσκαλεῖσθαι.
880 409 954 461 T6
997 410 1106 481 769
1141 411 1347 481 σφόδρα
1388 410 1612 479 ἀγαθὸν,
1647 408 1805 461 τοῦτο
1835 401 1971 458 Θεοῦ

399 488 637 558 μάλιστα
675 489 822 542 ἴδιον.
848 491 946 543 Διά
970 491 1128 545 τοῦτο
1156 493 1252 546 καὶ
1279 492 1449 561 λέγει·
1487 492 1698 556 Οὐδείς
1725 488 1967 558 ἀγαθὸς,

395 571 449 622 εἰ
485 570 571 638 μὴ
610 565 699 634 εἷς
747 574 780 624 ὀ
827 573 988 636 Θεός.
1032 573 1192 626 Ἀλλά
1241 575 1315 644 μὴ
1373 573 1471 644 τὴν
1525 572 1837 640 ἀγαθότητα
1879 571 1960 632 εἰς

395 652 652 722 ἀφορμὴν
703 653 978 724 ῥᾳθυμίας
1033 657 1308 728 λάϐωμεν·
1356 658 1450 710 καὶ
1481 655 1591 726 γὰρ
1623 656 1718 708 καὶ
1754 651 1972 715 κολάζει

396 736 648 806 καθάπερ
682 737 833 800 Θεός.
877 739 1028 793 A616
1059 740 1188 808 γοῦν
1211 740 1386 793 ταῦτα
1418 740 1580 802 0616;
1612 737 1906 808 εἰργάσατο
1943 737 1972 788 6

394 816 583 877 εἰπὼν,
637 821 736 886 Ὃς
788 820 866 874 ἂν
905 821 1335 892 ἐπικαλέσηται
1378 822 1444 876 τὸ
1494 821 1682 890 ὄνομα
1721 819 1970 887 Κυρίου,

392 899 755 966 σωθήσεται.
791 903 870 956 Τά
923 904 1067 958 κατά
1117 905 1214 976 τὴν
1249 904 1606 976 Ἰερουσαλὴμ
1655 902 1820 970 λέγω,
1869 899 1970 972 τὴν

391 983 662 1055 ἀφόρητον
707 986 924 1056 ἐκείνην
955 988 1199 1041 κόλασιν·
1234 982 1303 1059 ἦς
1341 987 1600 1058 βούλομαι
1641 985 1797 1053 ὀλίγα
1832 983 1970 1056 πρὸς

392 1067 536 1137 ὑμᾶς
575 1070 769 1131 εἰπεῖν,
806 1073 1211 1142 χρησιμεύοντα
1237 1074 1367 1143 ἡμῖν
1411 1072 1506 1125 καὶ
1536 1069 1671 1142 πρὸς
1703 1070 1970 1140 Μαρκιω-

391 1151 580 1214 νιστάς
638 1152 729 1206 καὶ
785 1154 921 1224 πρὸς
967 1155 1159 1218 ἄλλους
1213 1153 1441 1218 πολλοὺς
1493 1154 1602 1207 τῶν
1651 1151 1963 1222 αἰρετικῶν.

404 1233 618 1306 Ἐπειδὴ
647 1235 755 1307 769
784 1237 1032 1306 λέγουσιν
1055 1238 1257 1304 ἀγαθὸν
1283 1237 1415 1290 Θεὸν
1440 1237 1531 1291 τὸν
1555 1236 1806 1308 Χριστὸν,
1833 1235 1969 1288 ἐκεῖ-

391 1335 478 1370 νον
506 1319 564 1371 δὲ
611 1321 864 1391 πονηρὸν,
910 1322 1108 1392 ίδωμεν
1141 1323 1225 1385 τίς
1259 1320 1430 1374 ταῦτα
1464 1320 1704 1391 ἐποίησε.
1733 1319 1828 1383 Τίς
1857 1318 1968 1371 τοί-

391 1419 484 1453 νυν
527 1401 700 1458 ταῦτα
749 1405 1076 1476 εἰργάσατο;
1131 1406 1160 1457 6
1211 1405 1466 1475 πονηρὸς,
1499 1405 1674 1475 τούτῳ
1705 1402 1960 1474 ἀμύνωνῖ

389 1486 675 1554 Οὐδαμῶς.
708 1487 832 1551 Πῶς
855 1484 946 1542 06v
970 1489 1132 1543 αὑτοῦ
1163 1487 1475 1560 ἀλλότριος;
1512 1488 1652 1540 Ἀλλ’
1678 1490 1705 1541 6
1727 1487 1959 1556 67006;;

401 1570 563 1622 Ἀλλά
591 1571 865 1624 δείκνυται
899 1573 992 1625 καὶ
1015 1576 1042 1626 6
1077 1573 1264 1644 Πατὴρ
1291 1573 1383 1626 καὶ
1411 1575 1439 1626 6
1472 1573 1600 1631 Υἱὸς
1621 1570 1960 1643 πεποιηκώς

386 1653 415 1703 6
449 1653 547 1722 μὲν
574 1653 764 1725 Πατὴρ
793 1656 1084 1726 πολλαχοῦ,
1116 1657 1193 1719 ώς
1227 1657 1356 1709 ὃταν
1395 1656 1547 1727 λέγῃ,
1589 1656 1646 1707 ἐν
1675 1654 1756 1724 τῷ
1780 1654 1963 1722 ἀμπε-

386 1732 516 1787 λῶνι
562 1736 804 1808 πέμπειν
847 1737 915 1791 16
963 1739 1347 1810 στρατεύματα
1406 1736 1606 1792 αὑτοῦ·
1649 1739 1677 1790 6
1721 1736 1778 1789 66
1812 1735 1960 1799 Υἱὸς,

385 1816 515 1869 ὅταν
564 1817 718 1890 λέγῃ,
776 1819 922 1885 T06;
963 1820 1031 1873 δὲ
1092 1823 1344 1890 ἐχθρούς
1393 1838 1514 1889 μου
1561 1819 1810 1888 ἀγάγετε
1858 1816 1960 1871 καί

386 1901 812 1970 κατασφάξατε
837 1904 1094 1958 ἐνώπιόν
1124 1922 1266 1974 μου,
1301 1904 1442 1969 τοὺς
1464 1902 1551 1972 μὴ
1581 1897 1957 1969 θελήσαντάς

383 2001 457 2048 με
483 1984 682 2039 αὐτῶν
709 1987 1105 2050 βασιλεῦσαι.
1137 1988 1348 2051 ’Ἄλλως
1396 1988 1453 2040 66
1494 1988 1589 2040 καί
1622 1985 1783 2049 0616;
1811 1984 1960 2052 λέγει

383 2066 481 2129 τὰς
515 2067 721 2136 θλίψεις
746 2069 844 2131 16;
875 2071 1161 2140 ἐσομένας,
1189 2064 1263 2124 ὧν
1285 2069 1436 2124 οὐδὲν
1464 2069 1742 2139 ὠμότερον
1766 2067 1958 2135 γέγονε

383 2149 493 2202 τῶν
518 2149 737 2204 πώποτε
774 2154 1201 2224 πεπραγμένων,
1232 2154 1324 2206 καὶ
1350 2153 1512 2215 0616;
1539 2151 1709 2215 αὑτάς
1740 2150 1958 2219 ἀπεφή-

383 2249 530 2287 νατο.
569 2235 759 2298 Θέλεις
809 2232 900 2290 οὖν
952 2237 1182 2290 ἀκοῦσαι
1221 2237 1291 2291 16
1335 2235 1707 2306 γεγενημένα;
1749 2233 1960 2287 Ὀϐελί-

385 2332 534 2379 σκοις
560 2316 758 2382 06106;
794 2317 1092 2389 διέπειραν.
1136 2320 1202 2371 Τί
1230 2319 1434 2373 τούτων
1467 2319 1596 2372 ἰδεῖν
1624 2317 1956 2389 βαρύτερον;

396 2398 554 2451 Ἀλλά
582 2399 642 2451 16
671 2401 770 2470 τῆς
795 2402 1054 2468 γυναικὸς
1083 2401 1264 2472 βούλει
1296 2402 1467 2466 πάθος
1494 2401 1828 2472 διηγήσομαι
1865 2400 1961 2454 καί⁸

381 2481 478 2550 τὴν
501 2482 809 2551 τραγῳδίαν
857 2483 1092 2553 ἐκείνην,
1127 2485 1248 2554 ἥτις
1279 2486 1460 2537 πᾶσαν
1491 2483 1780 2554 ἀπέκρυψε
1820 2500 1960 2554 συμ-

381 2563 589 2634 φοράν;
641 2563 778 2616 ἀλλά
811 2567 935 2628 τοὶς
987 2565 1179 2636 λιμοὺς
1225 2567 1320 2620 καὶ
1367 2568 1494 2630 τοὺς
1541 2565 1792 2636 λοιμούς;
1846 2566 1958 2620 Καὶ

380 2645 620 2716 παρίημι
676 2646 744 2700 16
793 2648 1001 2703 τούτων
1057 2647 1435 2720 χαλεπώτερα.
1495 2648 1768 2720 Ἦγνοήθη
1826 2648 1955 2720 παρ’

378 2728 610 2792 ἐκείνοις
641 2730 674 2800 ἠ
703 2729 884 2799 φύσις,
914 2732 1155 2804 ἡγνοήθη
1207 2734 1236 2785 6
1279 2733 1463 2803 νόμος⁹
1490 2731 1565 2786 τά
1587 2732 1753 2803 θηρία
1782 2733 1958 2805 ὑπερ-

377 2810 689 2879 ηκόντισαν.
744 2814 928 2868 Πάντα
975 2815 1031 2868 δὲ
1081 2814 1255 2868 ταῦτα
1296 2815 1401 2869 ὑπὸ
1443 2815 1541 2887 τῆς
1567 2817 1814 2887 ἀνάγκης
1845 2814 1956 2870 τῶν

377 2893 628 2964 πολέμων
657 2896 870 2964 γέγονε,
901 2897 993 2951 τοῦ
1033 2898 1168 2952 Θεοῦ
1212 2900 1534 2970 βουλομένου
1565 2901 1658 2953 καὶ
1688 2900 1782 2954 τοῦ
1815 2899 1954 2973 Χρι-

378 2976 526 3032 στοῦ.
560 2977 745 3033 Ταῦτα
774 2980 869 3034 καὶ
922 2981 1058 3053 πρὸς
1098 2984 1520 3055 Μαρκιωνιστάς
1559 2984 1811 3054 ἁρμόσει,
1859 2983 1954 3038 καὶ

377 3059 513 3130 πρὸς
537 3061 664 3124 τοὺς
706 3063 1070 3126 ἀπιστοῦντας
1098 3067 1161 3135 τῇ
1194 3065 1406 3136 γεέννῃ·
1443 3065 1602 3119 ἱκανά
1635 3066 1743 3137 γάρ
1774 3065 1953 3121 αὐτῶν

374 3143 724 3214 ἐπιστομίσαι
749 3145 846 3216 τὴν
877 3149 1277 3218 ἀναισχυντίαν.
1304 3149 1424 3202 Τῶν
1455 3153 1512 3202 ἐν
1543 3150 1821 3203 Βαϐυλῶνι
1851 3167 1952 3203 κα-

373 3224 486 3279 κῶν
516 3227 636 3298 οὐχὶ
666 3230 836 3281 ταῦτα
896 3230 1287 3302 χαλεπώτερα;
1338 3231 1448 3284 τῶν
1509 3232 1682 3302 λιμῶν
1725 3233 1950 3287 ἐκείνων

370 3309 495 3380 οὐχὶ
523 3310 696 3364 ταῦτα
726 3311 904 3382 πολλῷ
935 3313 1236 3384 βαρύτερα;
1271 3316 1406 3386 Περὶ
1431 3316 1636 3370 τούτων
1664 3318 1760 3370 καὶ
1789 3318 1949 3383 0616;

371 3393 689 3463 ἀπεφήνατο
716 3397 745 3449 6
765 3397 1018 3467 Χριστὸς,
1045 3397 1239 3466 λέγων·
1267 3401 1472 3454 Ἔσται
1507 3401 1715 3468 θλίψις
1740 3403 1837 3456 οἵα
1875 3405 1948 3457 οὐ

370 3473 638 3545 γέγονεν,
669 3478 813 3532 οὐδὲ
835 3479 922 3549 μὴ
955 3479 1214 3550 γένηται.
1248 3482 1372 3545 Πῶς
1404 3478 1498 3536 06v
1527 3483 1748 3551 λέγουσί
1780 3501 1944 3551 τινες,

369 3557 679 3615 ὅτιοεῑασεν
728 3563 911 3627 αὐτοῖς
955 3566 984 3617 6
1017 3563 1248 3635 Χριστὸς
1298 3565 1395 3634 τὴν
1439 3565 1739 3636 ἀμαρτίανς
1793 3567 1949 3638 Τάχα

366 3638 517 3694 δοκεῖ
545 3642 722 3696 κοινὸν
750 3639 889 3698 εἰναι
915 3645 975 3700 16
1005 3647 1247 3718 ζήτημαο
1284 3647 1397 3700 ἀλλ’
1431 3649 1588 3718 ὑμεῖς
1617 3649 1748 3702 0616
1771 3651 1946 3703 ίκανοὶ

367 3722 549 3802 λῦσαι.
598 3727 785 3792 Οὐδεὶς
815 3729 1048 3800 οὐδαμοῦ
1079 3731 1307 3802 πλάσμα
1339 3732 1576 3785 τοιοῦτον
1605 3732 1716 3802 ἔχει
1752 3733 1942 3800 δεῖξαι,

366 3801 479 3861 οἷον
505 3810 599 3862 ἐπὶ
625 3811 722 3881 τῆς
749 3812 1008 3882 ἀληθείας
1038 3801 1250 3883 γέγονε.
1287 3815 1396 3867 Καὶ
1419 3816 1465 3868 εἰ
1498 3815 1598 3884 μὲν
1622 3801 1947 3888 Χριστιανὸς

366 3890 397 3943 6
428 3891 599 3944 ταῦτα
628 3894 857 3964 γράφων
896 3891 983 3966 ἦν,
1018 3897 1118 3950 κᾶν
1149 3896 1388 3962 ὕποπτος
1410 3901 1438 3953 6
1467 3900 1622 3969 λόγος
1653 3896 1722 3973 ἦν
1745 3919 1760 3933 ο
1809 3904 1857 3956 εἰ
1889 3902 1945 3956 δὲ

380 3974 648 4041 Ἰουδαῖος,
672 3979 766 4032 καὶ
798 3979 1044 4044 Ἰουδαῖος
1068 3981 1332 4053 ζηλωτὴς,
1362 3983 1500 4052 μετά
1530 3985 1591 4038 16
1615 3986 1945 4055 Εύαγγέλιον

367 4055 556 4122 ἐλθὼν,
593 4059 710 4125 πῶς
742 4061 803 4115 06
838 4065 972 4116 πᾶσι
1020 4064 1294 4135 κατάδηλα
1338 4065 1406 4120 16
1449 4069 1748 4138 γενόμενα;
1785 4069 1944 4137 Ὀψει

364 4140 474 4213 γὰρ
523 4143 687 4199 αὐτὸν
733 4147 1006 4217 πανταχοῦ
1053 4149 1146 4202 καὶ
1209 4149 1505 4219 ἐπαίροντα
1547 4150 1619 4203 16
1652 4150 1940 4207 Ἰουδαϊκὰ.

364 4223 576 4281 Οὐκοῦν
632 4228 746 4283 ἐστι
785 4232 878 4285 καὶ
925 4231 1137 4298 γέεννα,
1168 4231 1263 4284 καὶ
1307 4233 1511 4300 ἀγαθός
1551 4236 1699 4286 ἐστιν
1731 4236 1760 4286 6
1787 4233 1940 4298 Θεός.

362 4301 509 4377 *Λρα
543 4309 796 4380 ἐφρίξατε
823 4311 996 4365 ταῦτα
1035 4312 1396 4378 ἀκούσαντες;
1438 4314 1598 4367 Ἀλλά
1644 4313 1816 4366 ταῦτα
1855 4317 1935 4368 ἐν·

360 4389 537 4442 ταῦθα
565 4392 824 4461 γινόμενα
851 4393 1005 4445 οὐδέν
1031 4395 1148 4446 ἐστι
1175 4393 1313 4464 πρὸς
1333 4396 1402 4448 16
1422 4396 1554 4449 ἐκεῖ.
1587 4395 1755 4450 Πάλιν
1770 4397 1942 4466 ἀναγ-

361 4469 598 4541 κάζομαι
642 4472 813 4543 ἀηδής
839 4473 1123 4542 φαίνεσθαι
1179 4475 1275 4528 καὶ
1330 4477 1584 4548 φορτικὸς
1617 4476 1712 4530 καὶ
1741 4477 1937 4550 βαρύς·

359 4553 501 4608 ἀλλά
535 4555 587 4609 τί
628 4555 817 4620 πάθω;
875 4557 970 4621 Εἰς
1005 4557 1164 4612 τοῦτο
1213 4562 1422 4631 κεῖμαι.
1466 4561 1733 4634 Καθάπερ
1785 4563 1942 4617 παιδ-

358 4636 577 4706 αγωγὸς
626 4638 859 4708 χαλεπὸς
907 4640 988 4704 εἰς
1029 4639 1188 4694 τοῦτο
1221 4645 1420 4709 κεῖται,
1452 4645 1532 4708 εἰς
1578 4644 1639 4697 16
1669 4646 1940 4716 μισεῖσθαι

361 4718 517 4789 παρά
563 4717 673 4773 τῶν
702 4720 1256 4793 παιδαγωγουμένων·
1310 4724 1451 4779 οὕτω
1497 4727 1562 4798 δὴ
1613 4729 1707 4781 καὶ
1753 4730 1937 4800 ἡμεῖς.

360 4801 488 4865 Πῶς
515 4801 624 4874 769
654 4802 755 4857 οὐκ
781 4802 1003 4870 ἀτοπον,
1033 4807 1159 4870 106;
1190 4808 1288 4879 μὲν
1319 4809 1470 4881 παρὰ
1497 4809 1760 4881 βασιλέων
1786 4811 1940 4878 τάξιν

357 4883 482 4938 τινά
501 4883 616 4958 [45]
639 4886 960 4957 ταχθέντας,
977 4888 1079 4943 κᾶν
1100 4891 1260 4961 ἀηδές
1345 4892 1405 4945 16
1425 4895 1891 4965 προσταττόμενον
1911 4897 1940 4936 ι)

361 4970 556 5021 ποιεῖν·
590 4969 738 5040 ἡμᾶς
759 4970 816 5024 δέ
843 4969 934 5024 διά
959 4971 1058 5042 τὴν
1093 4974 1225 5045 παρ’
1256 4974 1410 5046 ὑμῶν
1437 4975 1645 5047 μέμψιν
1673 4977 1940 5033 ἐλλείπειν

358 5049 459 5120 τὴν
486 5050 662 5118 τάξιν,
699 5054 766 5125 ἢν
794 5053 1138 5126 ἐτάχθημεν;

430 5132 622 5196 ’Ἄλλος
652 5134 812 5206 ἔργον
839 5137 951 5208 ἔχει
991 5138 1208 5210 ἕτερον·
1260 5139 1414 5210 ὑμῶν
1443 5139 1500 5193 66
1548 5141 1732 5196 πολλοὶ
1777 5142 1937 5213 ἔργον

356 5213 560 5283 ἔχουσι,
591 5214 652 5267 16
683 5217 874 5285 ἐλεεῖν,
920 5221 980 5274 16
1018 5221 1578 5294 φιλανθρωπεύεσθαι,
1621 5226 1769 5294 ἡδεῖς
1796 5223 1937 5280 εἶναι

357 5296 453 5348 καὶ
480 5300 768 5367 προσηνεῖς
793 5303 904 5362 τοῖς
946 5303 1441 5374 εύεργετουμένοις.
1498 5307 1689 5376 Ἡμεῖς
1725 5309 1781 5362 δὲ
1825 5312 1936 5374 τοῖς

355 5376 754 5449 ὠφελουμένοις
807 5382 993 5452 βαρεῖς
1042 5385 1343 5456 φαινόμεθα
1397 5388 1489 5440 καὶ
1534 5390 1790 5459 χαλεποὶ,
1843 5395 1936 5446 καὶ

356 5460 603 5542 φορτικοί⁸
663 5461 759 5516 καὶ
821 5464 1003 5530 ἀηδεῖς
1033 5479 1047 5493 ⁸
1085 5466 1174 5542 μού
1240 5466 1348 5537 γάρ
1413 5467 1480 5520 δι’
1527 5464 1602 5521 ὧν
1661 5471 1937 5542 τέρπομεν

359 5539 702 5611 ὠφελοῦμεν,
761 5543 902 5598 ἀλλά
975 5546 1041 5598 δι’
1075 5539 1150 5600 ὧν
1186 5547 1473 5618 δάκνομεν.
1533 5551 1782 5616 Τοιοῦτός
1821 5539 1935 5610 ἐστι

355 5623 450 5675 καὶ
510 5624 539 5675 6
595 5625 796 5696 ἰατρός.
860 5627 996 5682 Ἀλλ’
1047 5631 1255 5693 ἐκεῖνος
1307 5632 1404 5701 μὲν
1462 5631 1524 5684 06
1569 5636 1772 5704 σφόδρα
1830 5639 1935 5708 ἀη-

415 5754 442 5816 ξ
481 5744 614 5795 Idem
634 5750 729 5796 τῶν
755 5749 965 5812 σημείων
989 5751 1076 5816 οὐχ
1102 5751 1248 5811 ,ἦττον
1285 5752 1341 5800 τὸ
1366 5753 1574 5809 τούτους.
1643 5756 1670 5797 ι)
1702 5758 1836 5810 Unus
1877 5762 1932 5810 16

350 5803 653 5868 πρόσταγμα.

2079 321 2206 391 δήςο
2261 323 2462 388 εὐθέως
2513 324 2622 394 γὰρ
2659 326 2760 396 τῆς
2801 323 2966 379 αὐτοῦ
3021 326 3213 396 τέχνης
3265 325 3362 396 τὴν
3395 324 3669 394 ὠφέλειαν

2079 407 2378 477 παρέχεται
2407 425 2421 440 ’
2473 409 2634 480 ἡμεῖς
2665 411 2720 463 δὲ
2755 413 2813 464 ἐν
2845 410 2923 482 τῷ
2959 410 3224 480 μέλλοντι.
3259 409 3512 472 Τοιοῦτός
3549 412 3668 465 ἐστι

2077 489 2172 541 καὶ
2187 491 2215 542 6
2235 490 2513 562 δικαστὴς,
2531 492 2773 565 λυπηρὸς
2793 497 2903 557 τοῖς
2917 493 3134 548 νοσοῦσι
3162 493 3255 546 καὶ
3286 493 3662 552 στασιάζουσι.

2075 571 2318 636 τοιοῦτος
2347 576 2375 627 6
2416 576 2731 647 νομοθέτης,
2755 577 2998 649 λυπηρὸς
3017 580 3130 640 τοῖς
3155 578 3662 648 νομοθετουμένοις.

2087 655 2226 709 Ἀλλ’
2245 658 2345 726 οὐχ
2361 661 2390 712 6
2411 659 2589 712 καλῶν
2609 661 2702 713 ἐπὶ
2715 661 2945 732 τρυφὴν,
2963 660 3083 714 0666
3103 662 3132 714 6
3151 660 3465 731 δημοτελεῖς
3494 662 3664 715 ποιῶν

2072 737 2266 808 ἐορτάς
2293 741 2392 792 καὶ
2423 743 2780 814 πανηγύρεις,
2809 744 2931 797 0666
2961 744 2991 796 6
3024 742 3302 811 στεφανῶν
3330 744 3422 797 16v
3453 743 3658 814 δῆμον·

2071 820 2208 874 ἀλλά
2236 827 2528 892 προσηνεῖς
2546 819 2712 888 οὗτοι,
2739 825 3069 897 εὐωχοῦντες
3091 825 3190 890 τάς
3216 825 3400 889 πόλεις
3423 826 3660 897 θεάμασι

2071 904 2454 980 παντοδαποῖς,
2499 908 2844 980 εἰσφέροντες
2872 949 2887 974 ,
2910 908 3314 972 ἀναλίσκοντες.
3368 909 3466 961 Διά
3500 910 3660 963 τοῦτο

2070 985 2165 1038 καὶ
2191 977 2491 1058 εὖφημίαις
2521 999 2544 1028 ο
2577 977 2772 1054 αὐτοὺς
2807 991 3125 1063 ἀμείϐονται
3167 993 3217 1044 οἰ
3263 991 3526 1055 παθόντες
3571 987 3654 1058 εὗ,

2069 1069 2163 1122 καὶ
2227 1071 2708 1142 παραπετάσμασι,
2759 1075 2855 1126 καὶ
2909 1074 3209 1144 λαμπάδων
3273 1075 3506 1147 πλήθει.
3561 1077 3657 1130 καὶ

2071 1151 2366 1222 στέμμασι,
2397 1155 2492 1207 καὶ
2521 1155 2757 1219 κλάδοις,
2795 1156 2891 1210 καὶ
2933 1157 3120 1228 ἐσθῆτι
3153 1158 3400 1230 λαμπρᾷ.
3457 1160 3557 1211 “Av
3597 1159 3655 1212 66

2065 1235 2157 1288 16v
2184 1237 2364 1307 ἰατρὸν
2386 1239 2566 1290 ἴδωσιν
2593 1239 2641 1290 οἰ
2676 1239 2995 1309 κάμνοντες.
3021 1241 3240 1310 στυγνοὶ
3265 1245 3358 1294 καὶ
3387 1245 3654 1311 κατηφεῖς

2065 1317 2338 1385 γίνονταιο
2375 1319 2440 1372 ἂν
2477 1321 2570 1374 16v
2613 1321 2874 1395 δικαστὴν
2921 1324 3118 1393 ὁμοίως
3146 1325 3196 1377 οἱ
3249 1324 3648 1390 στασιάζοντες,

2067 1401 2484 1472 συνεσταλμένοι
2528 1404 2790 1471 γίνονται,
2843 1407 2966 1476 οὐχὶ
3013 1407 3337 1476 διαχέονται,
3391 1407 3512 1461 οὐδὲ
3566 1409 3652 1478 69-

2064 1483 2306 1552 χοῦνται,
2331 1485 2470 1556 πλὴν
2501 1486 2629 1540 ὅταν
2657 1489 2907 1552 κάκεῖνος
2934 1491 3013 1552 εἰς
3043 1490 3259 1561 ἐκείνην
3286 1494 3524 1561 μεταστῇ
3551 1493 3649 1562 τὴν

2063 1564 2234 1629 τάξιν.
2281 1567 2510 1637 Ἴδωμεν
2537 1567 2631 1623 06v
2663 1570 2810 1634 τίνες
2861 1571 3093 1640 μάλιστα
3141 1572 3237 1634 τὰς
3283 1572 3464 1635 πόλεις
3507 1573 3652 1643 ὠφεο

2063 1648 2265 1716 λοῦσιν,
2290 1652 2340 1703 οἱ
2374 1652 2470 1714 16;
2507 1652 2702 1724 ἑορτὰς
2752 1653 2955 1718 ταύτας
2987 1654 3231 1723 ἄγοντες,
3278 1655 3373 1708 καὶ
3406 1653 3505 1719 τάς
3553 1655 3650 1708 θα-

2064 1731 2205 1796 λίας,
2241 1735 2332 1786 καὶ
2367 1734 2465 1797 τάς
2489 1735 2769 1805 τραπέζας
2799 1737 2898 1798 τὰς
2927 1736 3261 1801 πολυτελεῖς,
3284 1738 3379 1790 καὶ
3403 1737 3502 1801 16;
3531 1737 3649 1808 τέρ-

2063 1815 2186 1882 ψεις
2211 1815 2309 1880 16;
2345 1816 2596 1881 ποικίλας
2616 1834 2629 1848 ·
2667 1818 2698 1888 ἦ
2728 1820 2778 1871 οἰ
2813 1819 2994 1872 πάντα
3025 1821 3209 1872 ἐκεῖνα
3245 1819 3645 1887 συστείλαντες,

2064 1899 2159 1952 καὶ
2197 1898 2259 1951 τὸ
2301 1899 2456 1965 ξύλον
2490 1902 2895 1973 ἐπιφερόμενοι,
2948 1903 3041 1954 καὶ
3094 1902 3385 1972 μάστιγας,
3421 1904 3515 1956 καὶ
3546 1904 3644 1975 δη-

2066 1981 2242 2051 μίους,
2273 1983 2366 2036 καὶ
2412 1983 2749 2054 στρατιώτας
2781 1985 3066 2054 φοϐεροὺς,
3100 1986 3194 2038 καὶ
3229 1985 3410 2056 φωνὴν
3458 1989 3646 2057 προϊέ-

2065 2084 2214 2137 μενοι
2243 2068 2438 2121 πολλοῦ
2469 2069 2672 2140 τρόμου
2713 2071 3011 2141 γέμουσαν,
3053 2071 3149 2124 καὶ
3189 2070 3640 2140 ἐπισκήπτοντες,

2061 2149 2154 2203 καὶ
2209 2154 2475 2222 κατηφεῖν
2529 2152 2827 2216 ποιοῦντες,
2875 2154 2970 2206 καὶ
3025 2153 3204 2225 ῥάϐδῳ
3245 2153 3643 2218 ἀποσοϐοῦντες

2059 2234 2187 2297 τοὺς
2226 2234 2320 2286 ἐπὶ
2343 2237 2442 2304 τῆς
2482 2236 2712 2304 ἀγορᾶς.
2758 2235 2987 2305 Ἴδωμεν
3015 2236 3195 2289 τοίνυν
3222 2236 3326 2289 ποῦ
3355 2236 3417 2289 16
3456 2236 3644 2307 κέρδος

2059 2315 2237 2386 λήγει.
2284 2312 2442 2371 0610:
2477 2318 2576 2387 μὲν
2604 2318 2713 2388 γάρ
2746 2319 2883 2371 εἰσιν
2915 2318 3117 2388 ἀηδεῖς,
3152 2320 3348 2372 ἐκεῖνοι
3377 2319 3432 2372 δὲ
3461 2319 3644 2373 ποθει·
3670 2311 3672 2313 ’

2059 2399 2162 2452 νοί.
2191 2399 2257 2452 Τί
2293 2395 2386 2453 06v
2414 2400 2510 2453 ἀπ’
2539 2400 2764 2454 ἐκείνων
2791 2402 2998 2468 γίνεται
3029 2401 3131 2454 τῶν
3156 2401 3494 2472 τερπόντωνς
3551 2402 3643 2454 Ἦ-

2057 2483 2181 2553 δονή
2211 2500 2294 2548 τις
2343 2482 2549 2556 ψυχρά,
2587 2484 2747 2555 μέχρι
2778 2486 2877 2555 τῆς
2910 2485 3148 2556 ἑσπέρας
3185 2485 3421 2556 μένουσα
3449 2485 3546 2538 καὶ
3571 2487 3639 2557 τῇ

2057 2565 2286 2640 ἐπιούσῃ
2313 2567 2657 2641 διαρῤέουσα,
2685 2567 2858 2636 γέλως
2884 2566 3140 2632 ἄτακτος,
3168 2568 3388 2638 ῥήματα
3416 2568 3640 2638 ἀπρεπῆ

2057 2647 2151 2701 καὶ
2178 2648 2564 2720 διακεχυμένα.
2594 2650 2662 2704 Τί
2703 2650 2790 2704 δαὶ
2819 2650 2926 2704 ἀπὸ
2948 2650 3180 2717 τούτων;
3212 2649 3398 2714 Φόϐος,
3431 2667 3642 2723 σωφρο-

2059 2729 2214 2802 σύνη,
2270 2731 2528 2804 λογισμὸς
2589 2733 3047 2805 συνεσταλμένος,
3108 2733 3287 2803 ψυχῆς
3344 2733 3636 2796 ἐπιείκεια,

2057 2814 2328 2885 ῥᾳθυμίας
2375 2815 2672 2886 ἀναίρεσις,
2718 2815 2931 2887 χαλινὸς
2960 2815 3070 2870 τῶν
3095 2815 3120 2854 δ
3154 2815 3301 2869 ἔνδον
3339 2815 3507 2871 ὄντων
3535 2833 3639 2868 πα-
3675 2853 3684 2860 .

2055 2893 2184 2962 θῶν,
2237 2900 2414 2968 τεῖχος
2446 2899 2553 2952 τῶν
2595 2898 2792 2964 ἔξωθεν
2826 2898 3104 2952 ἐπιόντων.
3162 2900 3262 2952 Διά
3285 2898 3506 2963 τούτους
3539 2899 3639 2962 16;

2052 2977 2241 3042 οὐσίας
2267 2979 2460 3050 ἔχομεν
2489 2981 2737 3045 ἕκαστος,
2768 2980 2834 3033 δι’
2863 2981 3073 3044 ἐκείνας
3101 2981 3158 3034 δὲ
3196 2981 3296 3042 τὰς
3327 2983 3520 3053 ἐορτάς
3544 2982 3636 3034 καὶ

2052 3059 2361 3125 ἐπιϐλαϐῶς
2401 3062 2664 3133 κενοῦμεν
2696 3063 2885 3128 αύτάς,
2935 3064 2995 3116 06
3038 3062 3251 3136 λῃστῶν
3295 3064 3636 3117 ἐπεισελθόν-

2051 3161 2180 3210 των,
2230 3145 2368 3200 ἀλλά
2398 3147 2498 3217 τῆς
2528 3148 2646 3217 μεθ’
2678 3147 2874 3218 ἡδονῆς
2908 3146 3278 3218 λῃστευούσης
3305 3147 3630 3212 κενοδοξίας.

2063 3228 2196 3300 Ὀρᾷ
2243 3229 2337 3283 τὸν
2384 3229 2586 3303 λῃστὴν
2634 3230 2864 3293 ἕκαστος
2911 3229 3244 3301 ἐκφοροῦντα
3293 3229 3491 3293 πάντα,
3539 3231 3635 3284 καὶ

2049 3312 2253 3383 ἥδεται.
2291 3313 2489 3376 Καινὸς
2520 3313 2617 3384 τῆς
2644 3314 2898 3385 λῃστείας
2932 3316 2960 3367 6
2998 3313 3231 3385 τρόποςο
3277 3315 3459 3366 ἔπεισε
3505 3315 3632 3378 τοὺς

2049 3396 2449 3466 ἀποδυομένους
2477 3397 2886 3468 εὐφραίνεσθαι.

2117 3491 2180 3545 δ’.
2200 3492 2339 3546 Ἀλλ’
2359 3494 2458 3546 οὐκ
2478 3495 2594 3547 ἐκεῖ
2619 3493 2859 3547 τοιοῦτον
2877 3494 3048 3549 οὐδέν·
3075 3494 3212 3549 ἀλλὰ
3229 3495 3391 3548 πᾶσιν
3413 3493 3632 3548 ἀπετεί-

2048 3593 2198 3646 χισεν
2226 3577 2255 3629 6
2273 3576 2406 3640 Θεὸς
2436 3577 2690 3648 καθάπερ
2720 3579 2896 3643 κοινὸς
2925 3578 3135 3650 Πατὴρ,
3161 3581 3388 3641 καὶτοῖς
3419 3577 3628 3650 ὁρωμέ-

2047 3675 2180 3726 νοις,
2225 3659 2322 3712 καὶ
2371 3662 2483 3724 τοῖς
2529 3659 2603 3731 μὴ
2640 3662 2956 3733 ὁρωμένοις.
3015 3661 3278 3716 Βλέπετε
3309 3661 3439 3733 γάρ,
3473 3661 3627 3731 φησὶ,

2046 3741 2164 3811 τὴν
2220 3743 2642 3813 ἐλεημοσύνην
2691 3745 2861 3814 ὑμῶν
2904 3744 2990 3814 μὴ
3054 3745 3249 3800 ποιεῖν
3292 3743 3632 3814 ἕμπροσθετ

2046 3825 2166 3879 τῶν
2199 3827 2544 3896 ἀνθρώπων.
2597 3827 2874 3881 Μανθάνει
2923 3827 3070 3900 ψυχὴ
3119 3825 3367 3882 ἐντεῦθεν
3417 3827 3630 3880 ἀδικίαν

2046 3910 2291 3979 φεύγειν.
2343 3911 2550 3964 Ἀδικία
2592 3911 2720 3981 γάρ,
2779 3911 2840 3964 06
2893 3911 2954 3962 16
3006 3913 3262 3982 χρήματα
3290 3911 3629 3965 πλεονεκτεῖν

2048 3993 2228 4063 μόνον,
2259 3992 2394 4046 ἀλλά
2435 3993 2530 4046 καὶ
2561 3992 2622 4044 16
2647 3993 2808 4045 πλέον
2835 3992 2934 4061 τῆς
2955 3994 3268 4065 ὡρισμένης
3301 3996 3506 4066 τροφῆς
3547 3995 3628 4048 δι·-

2043 4079 2189 4132 δόναι
2219 4081 2287 4149 τῇ
2318 4080 2537 4150 γαστρὶ,
2585 4079 2681 4132 καὶ
2736 4078 2836 4150 τὴν
2877 4080 3216 4152 εὐφροσύνην
3257 4081 3366 4135 τῶν
3412 4081 3628 4135 οἰκείων

2044 4161 2260 4231 ἐξάγειν
2291 4162 2524 4234 μέτρων,
2558 4163 2652 4215 καὶ
2680 4164 2856 4215 ποιεῖν
2883 4162 3340 4234 ἐκϐακχεύεσθαι.
3388 4164 3627 4219 Ἐκεῖθεν

2045 4244 2398 4315 σωφροσύνην
2447 4244 2728 4315 μανθάνει,
2779 4245 3028 4298 ἐντεῦθεν
3057 4246 3370 4299 ἀκολασίαν.
3417 4249 3491 4300 O6
3519 4249 3624 4318 769

2041 4326 2104 4378 16
2150 4326 2374 4396 μιγῆναι
2408 4329 2627 4394 γυναικὶ
2684 4327 2844 4396 μόνον
2897 4327 3183 4390 ἀκολασία,
3237 4328 3373 4382 ἀλλά
3429 4330 3525 4381 καὶ
3564 4330 3627 4382 16

2041 4407 2363 4473 ἀκολάστοις
2421 4409 2547 4462 ἰδεῖν
2606 4409 2925 4482 ὀφθαλμοῖς.
3009 4410 3248 4464 Ἐκεῖθεν
3323 4411 3624 4464 ἐπιείκειαν

2045 4491 2326 4564 μανθάνει,
2360 4491 2608 4547 ἐντεῦθεν
2637 4491 2825 4561 τῦφον.
2879 4491 3080 4547 Πάντα
3119 4493 3228 4564 γάρ
3267 4513 3390 4562 μοι,
3435 4495 3618 4564 φησὶν,

2039 4575 2312 4641 ἔξεστιν,
2359 4576 2496 4631 ἀλλ’
2523 4577 2594 4630 οὐ
2632 4576 2832 4630 πάντα
2859 4576 3172 4646 συμφέρει.
3215 4575 3331 4650 με]
3384 4577 3622 4631 Ἐκεῖθεν

2043 4659 2378 4731 κοσμιότητα
2398 4699 2414 4725 ,
2443 4658 2695 4712 ἐντεῦθεν
2740 4659 3150 4731 ἀσχημοσύνην.
3187 4661 3269 4712 Τά
3295 4661 3404 4732 γὰρ
3431 4663 3487 4713 ἐν
3507 4663 3622 4724 τοῖς

2042 4742 2290 4815 θεάτροις
2342 4742 2603 4814 παρίημι.
2657 4743 2780 4796 ’Ότι
2825 4743 2882 4796 66
2937 4743 3060 4796 ούδέ
3111 4743 3269 4814 ἡδονή
3319 4744 3403 4807 τίς
3453 4746 3619 4810 ἐστιν,

2040 4828 2178 4883 ἀλλά
2228 4826 2393 4898 λύπη,
2435 4827 2644 4892 δείξατέ
2677 4845 2767 4899 μοι
2798 4827 2935 4899 μετά
2964 4828 3093 4898 μίαν
3117 4829 3326 4900 ἡμέραν
3357 4829 3456 4898 τῆς
3496 4829 3620 4898 ἐορ-

2039 4914 2137 4983 τῆς
2178 4911 2304 4977 τούς
2329 4929 2388 4965 τε
2441 4909 2849 4975 ἀναλώσαντας,
2877 4910 3003 4974 τούς
3030 4928 3091 4964 τε
3125 4912 3474 4975 ἐστιαθέντας
3505 4915 3621 4976 τοῖς

2040 4995 2296 5066 θεάμασι,
2327 4994 2421 5048 καὶ⁵
2445 4993 2564 5063 δψει
2588 4994 2784 5057 αὐτοὺς
2819 4995 2918 5065 μὲν
2950 4996 3008 5046 ἐν
3049 4994 3321 5065 κατηφείᾳ
3351 4995 3618 5059 ἅπαντας,

2037 5076 2096 5132 ἐν
2128 5075 2332 5148 μείζονι
2369 5077 2425 5130 δὲ
2460 5078 2666 5130 ἐκεῖνον
2709 5076 2801 5130 τὸν
2835 5075 3174 5131 ἁναλωκότα.
3211 5079 3319 5131 Καὶ
3352 5078 3578 5140 εἰκότως
3604 5096 3618 5110 ·

2037 5159 2230 5231 ἔτερψε
2266 5159 2376 5232 769
2417 5162 2484 5229 τῇ
2519 5160 2822 5231 προτεραίᾳ
2847 5159 2938 5212 16v
2985 5159 3199 5231 ἰδιώτην
3225 5177 3242 5193 ο
3298 5160 3392 5215 καὶ
3435 5163 3465 5215 6
3519 5161 3620 5232 μὲν

2041 5243 2255 5313 ἰδιώτης
2279 5244 2338 5297 ἐν
2359 5243 2596 5314 εὐθυμία
2623 5238 2692 5314 ἦν
2716 5242 2808 5296 καὶ
2831 5241 2991 5313 ἡδονῇ
3025 5242 3213 5314 πολλῇ·
3247 5242 3387 5307 τέως
3412 5243 3522 5312 γάρ
3552 5245 3616 5312 τῇ

2036 5339 2222 5409 ἐσθῆτι
2248 5339 2433 5410 ἔχαιρε
2461 5343 2528 5410 τῇ
2556 5339 2812 5410 λαμπρᾷ·
2850 5337 2948 5410 τὴν
2992 5338 3188 5410 χρῆσιν
3218 5339 3274 5392 66
3304 5342 3476 5410 αὐτῆς
3519 5341 3620 5394 οὐκ

2035 5422 2192 5492 ἔχων,
2223 5421 2337 5475 ἀλλ’
2364 5422 2507 5492 ὀρῶν
2538 5422 2732 5476 ἐαυτὸν
2769 5422 3155 5492 ἀποδυόμενον,
3188 5423 3344 5495 ῆλγει
3375 5425 3468 5477 καὶ
3500 5424 3620 5478 66::-

2035 5521 2210 5558 κνετο.
2253 5505 2486 5569 Ἐκεῖνος
2537 5505 2596 5558 66
2651 5506 2680 5557 6
2722 5503 3047 5572 ἀναλίσκων,
3102 5506 3192 5558 καὶ
3260 5506 3360 5577 τὴν
3409 5506 3616 5560 οἰκείαν

2669 5637 2794 5702 μίας.
2861 5636 2886 5676 ἀ
2915 5636 3088 5702 Μαι-εἰ.
3107 5637 3314 5702 ⁸χαλινὸς
3336 5638 3500 5702 δντως
3519 5639 3616 5702 τῶν

2033 5699 2177 5772 ἔιδον.
2197 5701 2378 5772 ‘Codgx
2403 5713 2529 5772 gnus
2549 5699 2737 5772 χαλινός
2775 5700 2876 5772 ἐστι
2914 5701 3017 5772 εειῖῃη
3053 5699 3198 5770 ἔνδον.
3233 5699 3392 5772 ‘Sav‘il.
3425 5701 3615 5772 χαλινὸς

2031 5762 2128 5810 τῶν
2144 5762 2289 5810 ἔνδον.
2309 5761 2458 5810 Paulo
2477 5759 2586 5823 ροὲί
2603 5775 2730 5811 unus
2749 5761 2908 5810 codex
2925 5761 2986 5810 δι’
2998 5759 3178 5823 ἐκείνας
3197 5759 3278 5823 μέν
3294 5761 3384 5822 γὰρ
3404 5759 3486 5823 τάς
3506 5762 3617 5823 ἐορ-

2032 5824 2117 5880 τάς
2138 5823 2404 5880 ἐπιϐλαϐιῖς
2423 5820 2696 5885 στένοῦμεν.
2712 5823 2953 5873 Praestare
2967 5820 3161 5869 videtur
3181 5820 3422 5870 editorum
3436 5820 3587 5870 leclib

2092 5641 2116 5669 ε
2164 5637 2338 5688 Morel.
2379 5639 2508 5688 male
2548 5639 2598 5688 εὖ
