4036 6212
360 208 422 265 55
1306 202 1372 259 IN
1413 202 1590 259 acra
1633 190 2403 264 arosromnumtonuh
2450 210 2510 268 v.
3566 211 3634 263 ω

2048 322 2438 390 misereantur,
2492 324 2750 391 humani,
2797 342 3022 398 suaves,
3056 331 3318 404 mitesque
3364 334 3470 389 sint
3519 335 3624 404 iis,

2037 414 2228 484 quibus
2260 416 2515 471 beneﬁcia
2564 428 2836 484 prtestant.
2862 420 2968 475 Nos
2999 438 3127 478 vero
3157 434 3215 478 ut
3244 426 3468 481 subditis
3499 443 3624 497 pro-

2034 507 2237 573 simus,
2281 524 2471 579 graves
2497 509 2774 575 videmur,
2807 512 2923 566 duri
2951 557 2964 577 ,
3014 517 3263 581 onerosi,
3299 518 3573 586 injucundi
3602 536 3618 587 ;

2034 612 2207 668 neque
2233 600 2374 653 enim
2410 615 2693 669 prosumus
2722 618 2818 672 per
2860 620 2921 657 ea
2949 622 3066 675 quae
3109 608 3354 676 placent,
3400 610 3497 664 sed
3526 627 3622 681 per

2029 704 2091 744 ea
2116 706 2235 760 quae
2280 702 2538 762 pungunt.
2571 694 2716 749 Talis
2740 711 2953 766 quoque
3000 709 3081 753 est
3117 701 3355 756 medicus
3383 719 3396 755 :
3429 718 3615 758 verum

2030 782 2122 836 ille
2172 799 2276 838 non
2328 794 2432 839 tam
2483 786 2839 855 injucundus;
2888 791 3065 845 statim
3112 795 3309 864 quippe
3354 805 3471 851 arte
3517 811 3613 853 sua

2027 874 2309 929 utilitatem
2342 877 2538 945 prmbet
2571 896 2585 931 :
2621 894 2717 934 nos
2747 888 2923 934 autem
2956 883 3007 936 in
3041 884 3238 939 futuro.
3270 885 3415 942 Talis
3442 900 3525 943 est
3552 902 3611 944 et

2022 966 2185 1035 judex
2211 1010 2227 1035 ,
2278 969 2479 1025 invisus
2529 973 2789 1027 morbidis
2825 988 2887 1029 ac
2917 975 3187 1031 seditiosis
3224 994 3238 1031 :
3275 980 3395 1034 talis
3443 980 3610 1051 legis-

2026 1060 2163 1115 lator
2184 1103 2198 1126 ,
2232 1064 2492 1118 molestus
2515 1065 2614 1119 sub
2639 1064 2754 1136 lege
2784 1067 2990 1137 positis.
3024 1071 3093 1123 At
3130 1085 3235 1124 non
3259 1071 3304 1126 is
3322 1072 3411 1141 qui
3454 1083 3608 1130 vocat

2021 1152 2087 1207 ad
2136 1154 2393 1220 delicias,
2446 1172 2547 1211 nec
2599 1159 2687 1228 qui
2739 1159 2871 1214 feSta
2919 1161 3363 1234 celebritatesque
3409 1175 3605 1234 parat,

2022 1258 2122 1297 nec
2150 1246 2239 1314 qui
2270 1246 2522 1315 populum
2563 1259 2785 1305 coronat
2814 1267 2827 1304 :
2878 1251 2930 1306 hi
2958 1261 3104 1309 certe
3130 1256 3263 1323 grati
3307 1256 3605 1325 habentur,

2017 1336 2106 1405 qui
2138 1338 2379 1393 civitates
2407 1344 2732 1410 sumptuosis
2759 1346 3076 1413 spectaculis
3102 1348 3373 1417 excipiunt
3396 1391 3410 1415 ,
3444 1365 3606 1418 pecu.

2018 1431 2120 1487 nia:
2162 1446 2265 1486 non
2315 1444 2618 1503 parcentes.
2674 1437 2906 1509 Ideoque
2953 1440 3291 1496 celebrantur
3332 1458 3361 1496 a
3408 1445 3603 1514 populo

2016 1522 2153 1579 bene
2196 1537 2421 1596 excepto
2445 1570 2460 1593 ,
2510 1544 2631 1583 cum
2682 1532 2947 1600 tapetibus
2976 1575 2991 1598 ,
3041 1534 3273 1589 lucernis
3295 1576 3309 1599 ,
3338 1537 3553 1590 coronis
3582 1578 3598 1600 ,

2014 1617 2177 1671 ramis
2206 1626 2261 1671 et
2302 1618 2577 1688 splendida
2625 1631 2791 1676 veste.
2841 1621 3038 1677 Inﬁrmi
3083 1640 3211 1680 vero
3246 1625 3290 1680 si
3332 1627 3597 1681 medicum

2011 1709 2274 1777 viderint,
2308 1713 2483 1767 maesti
2528 1723 2684 1778 sunt;
2744 1723 2800 1769 et
2828 1716 2871 1769 si
2911 1716 3145 1785 judicem
3191 1718 3466 1785 seditiosi,
3498 1720 3597 1774 de.

2007 1800 2133 1871 jecti
2184 1803 2350 1868 ﬁunt,
2394 1820 2498 1857 non
2529 1805 2718 1869 effusi,
2768 1822 2866 1860 nec
2914 1808 3272 1876 exsultantes,
3320 1809 3459 1877 quod
3506 1810 3598 1866 illo

350 325 667 384 resurrectio
692 332 744 379 et
771 322 919 393 signa
942 362 957 388 ,
985 321 1127 391 quod
1160 336 1353 392 nempe
1379 322 1496 377 illos
1524 321 1768 378 advocet.
1798 321 1931 376 Nam

350 419 479 489 quod
506 418 794 472 admodum
826 416 1026 469 bonum
1046 457 1062 480 ,
1102 414 1213 469 Deo
1252 414 1484 469 maxime
1524 414 1794 485 proprium
1825 423 1929 468 est.

348 511 461 565 Ideo
484 510 631 570 dicit,
664 505 827 561 Nemo
853 506 1033 571 bonus,
1058 505 1161 559 nisi
1194 520 1325 560 unus
1350 504 1489 559 Deus
1513 504 1661 572 (Luc.
1699 506 1785 559 18.
1819 503 1927 575 19).

343 602 443 657 Sed
470 617 539 655 ne
562 600 857 655 bonitatem
889 599 938 652 in
961 597 1181 652 desidia:
1207 598 1542 653 occasionem
1570 598 1888 666 arripiamus
1912 613 1925 647 :

343 710 461 748 nam
490 693 636 761 punit
656 691 813 745 etiam
836 700 893 743 ut
923 689 1084 745 Dens.
1110 688 1234 743 [hec
1256 704 1383 759 ergo
1408 687 1529 743 fecit
1557 688 1619 751 is,
1648 687 1736 758 qui
1759 687 1924 745 dixit:

347 786 525 838 Omnis
567 786 855 852 quicumque
897 783 1201 836 invocaverit
1245 797 1425 835 nomen
1472 779 1720 846 Domini,
1756 781 1926 834 salvus

344 878 462 931 erit.
494 877 565 930 De
592 875 741 929 rebus
770 874 1121 945 .Ierosolymtc
1148 874 1359 943 loquor,
1389 872 1458 927 de
1486 872 1807 927 intolerabili
1835 872 1922 927 illa

346 967 575 1019 ultione:
603 966 666 1019 de
692 980 799 1034 qua
827 964 977 1019 vobis
1008 980 1151 1020 nunc
1191 978 1355 1033 pauca
1386 964 1575 1034 loquar
1600 963 1773 1026 utilia,
1808 971 1919 1016 tum

343 1066 515 1111 contra
542 1055 930 1120 larcionistas,
964 1064 1074 1109 tum
1102 1064 1285 1110 contra
1314 1054 1449 1107 alios
1479 1053 1673 1107 multos
1704 1053 1918 1107 ba'reti-

340 1162 444 1199 ms.
471 1148 594 1212 Quia
624 1147 769 1200 enim
800 1146 984 1201 dicunt
1012 1147 1210 1201 bonum
1246 1146 1413 1201 Deum
1444 1146 1736 1212 Christum,
1769 1145 1916 1200 illurn

335 1254 453 1293 vero
490 1238 685 1292 malum
720 1238 1080 1304 :videamus,
1110 1238 1228 1309 quis
1268 1238 1381 1293 hare
1408 1237 1613 1293 fecerit.
1645 1238 1776 1306 Quis
1802 1237 1916 1292 haec

331 1347 451 1401 ergo
476 1330 615 1394 fecit.
647 1332 895 1387 malusne
922 1331 1069 1386 illum
1101 1330 1401 1385 ulciscens?
1423 1330 1655 1384 Minime.
1683 1330 1917 1397 Quomo-

332 1422 397 1475 do
435 1422 586 1490 igitur
623 1422 697 1475 ab
738 1422 833 1476 illo
871 1421 1117 1476 alienus?
1147 1422 1230 1475 An
1267 1419 1441 1475 bonus
1482 1419 1584 1473 hoc
1621 1418 1779 1473 fecit?
1807 1419 1912 1473 Sed

332 1514 715 1567 demonstratur
756 1523 812 1569 et
854 1514 1067 1568 Patrem
1093 1523 1147 1568 et
1186 1513 1378 1567 Filium
1406 1512 1511 1568 hoe
1538 1512 1729 1568 fecisse
1762 1531 1776 1566 :
1807 1512 1911 1566 Pa-

336 1614 455 1659 trem
484 1606 663 1660 multis
693 1607 750 1659 in
782 1605 947 1669 locis,
980 1615 1031 1658 ut
1058 1620 1183 1659 cum
1203 1604 1437 1669 dicitur,
1471 1605 1757 1659 missurum
1787 1619 1909 1658 eum

334 1711 441 1750 esse
463 1699 726 1752 exercitus
749 1712 879 1751 suos
904 1698 956 1749 in
980 1696 1188 1750 vineam
1210 1695 1424 1766 (.Ilatth.
1453 1695 1544 1749 20.
1571 1693 1626 1763 2)
1651 1711 1665 1760 ;
1692 1693 1905 1760 Filium,

331 1800 379 1840 ut
400 1789 599 1856 qmndo
630 1789 803 1843 dicit:
828 1788 1070 1842 Inimicos
1093 1797 1260 1841 autem
1290 1804 1423 1843 meos
1452 1788 1690 1841 adducite
1709 1797 1756 1841 et
1776 1788 1908 1841 occi-

327 1882 415 1930 dite
436 1896 603 1932 coram
636 1897 719 1932 me
738 1922 752 1943 ,
783 1895 868 1933 eos
892 1881 977 1949 qni
1002 1881 1272 1934 noluerunt
1301 1896 1381 1933 me
1407 1896 1621 1949 regnare
1646 1897 1797 1949 super
1823 1896 1907 1935 eos

324 1969 465 2033 (ιιι.
500 1972 586 2027 19.
619 1971 692 2023 2Ἱ
713 1974 755 2042 ).
789 1972 1038 2042 Alioquin
1071 1988 1195 2028 vero
1228 1981 1283 2029 et
1323 1972 1435 2043 ipse
1479 1983 1658 2027 narrat
1695 1973 1906 2030 futuras

324 2063 706 2129 tribulatioues,
736 2065 927 2134 quibus
958 2065 1097 2118 nulla
1129 2080 1377 2135 umquam
1408 2065 1674 2121 crudelior
1702 2064 1816 2132 fuit,
1850 2076 1905 2121 et

319 2154 425 2223 ipse
451 2157 566 2210 illas
606 2157 967 2211 annuntiavit.
1002 2156 1093 2211 Vis
1119 2157 1326 2225 audire,
1358 2174 1476 2228 qua:
1507 2157 1641 2213 facta
1670 2157 1904 2213 fuerint?

319 2246 543 2301 \‘erubus
575 2249 704 2303 illos
732 2251 1135 2304 traustixerunt.
1162 2249 1297 2318 Quid
1327 2249 1425 2304 hoc
1452 2250 1757 2319 spectaculo
1783 2264 1903 2321 gra-

312 2340 457 2395 vius?
481 2341 592 2396 Sed
626 2342 706 2395 vis
737 2358 947 2396 narrem
988 2342 1129 2397 illam
1157 2343 1397 2398 mulieris
1421 2343 1753 2414 tragtediam,
1781 2360 1900 2414 qua:

310 2448 513 2487 omnem
545 2444 769 2503 superat
804 2434 1203 2491 calamitatem?
1235 2438 1313 2490 vis
1353 2435 1543 2491 famem
1575 2446 1627 2491 et
1654 2436 1899 2507 pestem?

305 2522 395 2577 His
418 2527 668 2595 graviora
698 2536 981 2597 prmtereo.
1010 2527 1330 2596 Ignorabant
1355 2527 1428 2581 illi
1458 2536 1721 2595 naturam,
1751 2528 1899 2599 igno-

306 2617 490 2671 rabant
520 2616 722 2687 legem,
752 2618 953 2674 belluas
980 2618 1190 2673 feritate
1214 2620 1558 2688 superabant.
1587 2619 1710 2674 lla-c
1735 2634 1896 2689 porro

305 2710 472 2762 omnia
500 2723 575 2763 ex
608 2709 734 2764 belli
762 2710 1013 2765 violentia
1043 2709 1316 2780 contigere
1334 2752 1348 2775 ,
1378 2720 1433 2765 et
1461 2711 1567 2765 Deo
1590 2721 1651 2767 et
1678 2710 1895 2766 Christo

306 2802 525 2858 volente.
556 2802 690 2857 llaec
716 2813 766 2857 et
785 2810 971 2858 contra
991 2802 1353 2858 Marcionistas
1371 2802 1470 2875 (α),
1496 2812 1550 2858 et
1568 2812 1753 2858 contra
1775 2819 1889 2871 eos,

305 2894 385 2963 qui
412 2910 519 2949 non
547 2896 782 2950 credunt
808 2910 930 2952 esse
957 2896 1280 2967 gehennam,
1306 2904 1425 2965 apta
1456 2906 1648 2961 erant;
1680 2897 1890 2953 illorum

305 2988 435 3042 enim
472 2988 865 3057 impudentiam
907 2988 1265 3060 comprimere
1302 2988 1501 3042 Valent.
1541 2990 1733 3043 Annon
1777 2988 1892 3044 lucc

304 3078 640 3148 Babylonicis
686 3080 841 3134 malis
878 3080 1122 3147 graviora
1161 3080 1318 3135 sunt?
1353 3094 1531 3136 annon
1572 3079 1686 3135 haec
1724 3080 1890 3136 fames

303 3170 384 3223 illa
406 3170 728 3226 crudelior?
758 3171 831 3225 De
860 3170 943 3225 his
982 3172 1097 3241 ipse
1132 3186 1343 3242 quoque
1370 3171 1615 3227 Christus
1648 3186 1888 3241 pronun-

305 3262 441 3315 tia\it
471 3280 484 3312 :
518 3260 641 3315 Erit
668 3262 945 3328 tribulatio,
979 3263 1143 3332 qualis
1168 3280 1440 3332 numquam
1470 3264 1584 3334 fuit,
1616 3280 1774 3333 neque
1795 3264 1889 3317 erit

303 3354 501 3421 (lculi.
532 3356 629 3410 2-1.
670 3356 784 3424 21).
813 3357 1093 3423 Quomodo
1120 3373 1249 3427 ergo
1277 3357 1461 3412 dicunt
1488 3356 1702 3428 quidam
1730 3357 1886 3413 Chri-

302 3457 434 3500 stum
461 3447 736 3502 remisisse
763 3447 866 3501 illis
894 3456 1167 3518 peccatqu
1188 3450 1212 3502 ‘l
1237 3447 1397 3504 Forte
1418 3448 1648 3519 vulgaris
1675 3448 1888 3504 videtur

304 3553 422 3594 esse
458 3542 716 3611 quasue;
762 3540 856 3596 sed
901 3555 995 3595 vos
1040 3540 1260 3610 potestis
1290 3541 1430 3596 illam
1459 3541 1689 3597 solvere.
1719 3539 1888 3597 Nemo

302 3648 550 3702 umquam
577 3634 769 3702 poterit
798 3633 906 3688 tale
936 3633 1241 3703 ﬁgmentum
1274 3632 1557 3687 ostendere
1575 3673 1592 3698 ,
1622 3632 1779 3703 quale
1804 3640 1888 3687 est

297 3722 351 3775 id
362 3723 500 3791 quod
529 3738 718 3780 revera
734 3724 949 3779 accidit.
976 3722 1039 3777 Et
1064 3723 1108 3778 si
1130 3723 1343 3793 quidem
1364 3722 1699 3779 Christianus
1718 3731 1883 3792 esset,

292 3816 377 3883 qui
404 3816 522 3871 hac
555 3817 773 3885 scripsit
791 3858 806 3880 ,
836 3831 924 3871 res
950 3824 1094 3872 esset
1122 3815 1257 3871 forte
1283 3824 1531 3887 suspecta
1566 3834 1579 3870 :
1607 3831 1727 3871 cum
1755 3830 1885 3871 vero

289 3906 503 3962 Judazus
529 3905 698 3963 fuerit
714 3916 769 3962 et
786 3906 1129 3962 Judaicorum
1154 3906 1447 3973 studiosus,
1471 3908 1557 3977 qui
1582 3914 1700 3976 post
1722 3920 1894 3961 evan-

286 4000 481 4067 gelium
518 3999 710 4066 venit,
740 3999 1015 4071 quomodo
1043 4014 1149 4055 non
1179 3999 1427 4054 omnibus
1465 3999 1747 4055 manifesta
1775 3999 1885 4055 sint

286 4108 364 4156 ea,
389 4107 517 4163 qua:
545 4100 701 4162 gesta
730 4094 889 4145 sunt?
912 4089 1130 4147 Videbis
1155 4106 1386 4161 namque
1414 4092 1558 4145 illum
1582 4091 1776 4161 ubique
1797 4105 1883 4147 res

283 4184 538 4242 Jndaicas
566 4184 933 4240 extollentem.
963 4184 1059 4239 Est
1096 4184 1273 4255 itaque
1302 4183 1542 4256 gebenua
1568 4225 1583 4249 ,
1615 4194 1669 4239 et
1709 4184 1883 4240 bonus

283 4287 360 4330 est
387 4276 563 4331 Deus.
590 4277 784 4330 Annon
810 4273 1165 4329 exhorruistis
1191 4273 1306 4330 lucc
1331 4273 1652 4329 audientes?
1683 4272 1880 4331 Verum

281 4382 394 4433 qtae
438 4368 537 4421 hic
576 4366 709 4419 ﬁunt
732 4407 747 4425 .
792 4364 922 4418 nihil
965 4371 1091 4419 sunt
1127 4364 1181 4419 in
1216 4363 1615 4434 comparatione
1644 4364 1876 4418 illorum.

284 4456 491 4513 Rursus
536 4467 701 4527 cogor
738 4458 979 4525 ingratus
1012 4453 1183 4511 videri
1216 4464 1272 4510 et
1312 4454 1605 4519 molestus;
1631 4454 1725 4509 sed
1753 4453 1879 4524 quid

282 4550 515 4605 faciam?
549 4548 607 4603 ln
649 4548 750 4602 hoc
778 4547 983 4619 positus
1019 4562 1158 4603 sum.
1197 4547 1345 4603 Sicut
1379 4546 1696 4617 pmdagogus
1722 4548 1893 4615 aspct'

276 4640 672 4710 discipulorum
697 4638 821 4693 odio
846 4639 1119 4708 expositus
1144 4646 1245 4703 est,
1269 4638 1347 4693 sie
1375 4647 1428 4693 et
1456 4652 1571 4692 nos.
1599 4636 1879 4705 Quomodo

275 4734 417 4786 enim
445 4730 748 4785 absurdum
778 4746 882 4787 non
922 4730 1112 4796 fuerit,
1150 4730 1196 4785 si
1234 4730 1359 4785 dum
1388 4730 1460 4797 ii,
1492 4731 1581 4801 qui
1607 4747 1637 4784 a
1664 4730 1878 4800 regibus

275 4836 397 4879 sum
424 4824 737 4887 constituti,
761 4839 849 4880 res
871 4824 1210 4895 quantumvis
1238 4824 1549 4894 injucundas
1572 4824 1873 4893 perficiunt,

278 4932 391 4981 uos,
424 4934 497 4973 ne
521 4933 553 4971 ι
580 4919 733 4973 vobis
762 4918 1240 4989 reprehendamur,
1270 4917 1505 4972 cilicium
1532 4917 1754 4988 implere
1782 4916 1877 4973 de-

274 5014 519 5066 sinamus
538 5012 563 5065 f

350 5102 643 5172 Episcopus
687 5118 823 5170 sepe
868 5119 967 5156 non
1015 5102 1221 5171 prodest
1266 5118 1356 5171 per
1381 5118 1441 5156 ea
1469 5117 1585 5169 qua:
1627 5101 1870 5171 placent,

272 5194 362 5245 sed
391 5209 485 5261 per
514 5209 573 5244 ea
600 5208 717 5261 qtae
757 5201 1008 5263 pungunt.
1050 5222 1123 5232 —
1152 5192 1305 5247 Alius
1332 5192 1475 5247 aliud
1508 5192 1668 5247 habet
1692 5208 1825 5262 opus
1856 5209 1871 5246 :

276 5286 572 5337 multorum
641 5294 823 5339 autem
866 5301 931 5339 ex
984 5286 1135 5340 vobis
1195 5286 1298 5341 hoc
1361 5285 1594 5341 ofﬁcium
1654 5296 1768 5352 est,
1819 5295 1876 5342 ut

342 5418 651 5493 (α)
669 5417 865 5493 dicebat
888 5416 1133 5493 Christum
1160 5432 1269 5493 non
1294 5418 1407 5493 fore.
1417 5416 1631 5493 judicem
1648 5422 1875 5493 ,προτιμο-

274 5488 408 5535 run.
429 5479 582 5541 inquit
606 5479 889 5528 Philastrius
912 5482 961 5527 in
982 5479 1171 5530 llzeresi
1191 5479 1595 5531 stareioniStarum
1615 5494 1626 5528 :
1647 5480 1758 5529 hinc
1780 5492 1873 5541 ge-

278 5536 494 5588 heomm
538 5540 893 5591 excludebant.
935 5540 1175 5592 Caeterum
1208 5544 1525 5593 Marcionista:
1564 5554 1659 5590 non
1699 5553 1876 5591 omnes

277 5599 489 5711 mw
511 5601 926 5655 consentiebant:
950 5604 1035 5653 sed
1058 5606 1185 5657 inter
1209 5604 1317 5657 illos
1339 5611 1481 5657 erant
1504 5603 1784 5667 Opinionem
1802 5602 1873 5651 di-

2009 1892 2075 1947 ad
2106 1892 2208 1948 hoc
2238 1893 2471 1948 ofﬁcium
2501 1899 2569 1950 sit
2610 1897 2946 1953 constitutus.
2999 1899 3283 1955 Videamus
3313 1916 3442 1968 ergo
3468 1902 3591 1971 qni-

2010 1999 2131 2038 nam
2164 1987 2393 2039 maxime
2429 1986 2730 2041 civitatibus
2761 1992 3006 2057 prosint;
3038 2004 3102 2043 an
3130 1991 3199 2054 ii,
3234 1992 3321 2060 qui
3351 1992 3482 2045 tales
3504 2008 3594 2046 ee-

2007 2074 2281 2130 lebritates
2306 2086 2521 2144 parant,
2568 2076 2978 2143 thalias,lautas
3026 2094 3238 2134 mensas
3254 2090 3308 2135 et
3342 2081 3589 2148 delicias;

2005 2180 2073 2220 an
2104 2166 2162 2231 ii,
2194 2166 2316 2234 qui,
2365 2165 2449 2219 his
2490 2167 2714 2222 sublatis
2758 2169 3038 2231 omnibus,
3074 2170 3270 2239 lignum
3318 2171 3587 2239 inferunt,

2005 2256 2235 2327 ﬂagella,
2275 2258 2591 2322 carniﬁces,
2655 2258 2853 2313 milites
2916 2260 3220 2326 terribiles,
3283 2263 3589 2319 tremendas

2003 2364 2199 2416 voces,
2233 2352 2479 2407 mandata
2501 2395 2516 2418 ,
2559 2354 2865 2407 maestitiam
2891 2393 2906 2419 ,
2939 2356 3025 2424 qui
3050 2356 3194 2425 virga
3238 2371 3332 2411 eos
3356 2398 3371 2424 ,
3401 2357 3489 2427 qui
3532 2357 3585 2412 iu

2004 2441 2122 2496 foro
2160 2451 2318 2509 sunt,
2352 2453 2647 2499 semovent.
2696 2442 3015 2510 Videamus,
3063 2446 3307 2515 inquam,
3353 2456 3471 2501 utra
3501 2463 3587 2503 res

2001 2534 2055 2589 in
2101 2534 2305 2589 lucrum
2358 2536 2587 2591 desinat.
2638 2537 2702 2592 lli
2760 2553 2987 2609 namque
3034 2540 3243 2595 molesti
3293 2550 3454 2608 sunt,
3507 2542 3583 2599 illi

1998 2628 2275 2683 amabiles.
2320 2629 2457 2696 Quid
2500 2630 2660 2699 igitur
2706 2632 2884 2685 evenit
2928 2647 2991 2685 ex
3038 2633 3102 2686 iis
3133 2633 3223 2702 qui
3269 2634 3585 2689 oblectant?

2000 2716 2254 2787 Voluptas
2277 2720 2463 2787 frigida
2478 2761 2492 2784 ,
2516 2736 2634 2789 qua:
2654 2738 2820 2791 usque
2837 2722 2902 2776 ad
2921 2738 3194 2791 vesperam
3220 2734 3416 2791 manet,
3436 2735 3491 2781 et
3510 2726 3587 2780 in.

1997 2809 2240 2879 sequenti
2264 2809 2351 2863 die
2367 2811 2539 2864 effluit
2558 2852 2572 2875 ,
2597 2812 2734 2865 risus
2757 2812 3169 2881 incompositus,
3195 2815 3355 2869 verba
3374 2814 3585 2872 indeco-

1995 2916 2053 2954 ra
2083 2912 2135 2955 et
2161 2901 2440 2955 dissoluta.
2475 2901 2610 2969 Quid
2651 2917 2714 2956 ex
2758 2902 2919 2957 aliis?
2942 2902 3158 2966 Timor,
3190 2909 3539 2975 temperantia
3560 2948 3579 2976 ,

1994 2994 2246 3063 cogitatio
2274 2992 2562 3048 demissior
2584 3035 2599 3060 ,
2639 2995 2802 3048 animi
2833 2994 3090 3049 modestia
3112 3038 3128 3062 ,
3171 2996 3389 3052 desidiae
3420 2999 3573 3071 fuga,

1994 3085 2205 3141 frenum
2248 3084 2564 3139 interiorum
2611 3086 2893 3141 ali'ectuum
2921 3126 2935 3150 ,
2987 3102 3171 3141 murus
3218 3088 3473 3143 adversus
3512 3104 3575 3145 ca

1992 3192 2113 3248 qua:
2154 3176 2283 3230 foris
2313 3176 2582 3246 ingruunt.
2617 3176 2719 3231 Per
2766 3176 2863 3231 hos
2888 3176 3114 3248 quisque
3146 3176 3422 3235 facultates
3450 3193 3575 3237 suas

1992 3266 2260 3338 possidet,
2292 3282 2386 3335 per
2412 3267 2497 3319 illa
2528 3278 2705 3321 autem
2737 3266 2869 3323 festa
2899 3284 2988 3322 eas
3016 3268 3158 3338 ipsas
3184 3268 3571 3339 dilapidamus,

1991 3372 2100 3412 non
2134 3356 2504 3412 invadentibus
2533 3357 2863 3423 latronibus,
2897 3357 2991 3412 sed
3020 3373 3153 3412 vana
3196 3358 3361 3429 gloria
3393 3369 3447 3415 et
3474 3376 3571 3415 vo-

1988 3445 2191 3517 luptate
2217 3446 2505 3517 prtedanle.
2537 3448 2772 3517 Quisque
2797 3448 2939 3503 videt
2960 3449 3219 3505 latronem
3243 3450 3575 3506 auferentem

1989 3536 2171 3591 omnia
2199 3578 2214 3601 ,
2260 3545 2315 3592 et
2360 3537 2589 3591 lat-tatur.
2652 3536 2831 3593 Novus
2877 3538 3140 3619 latrocinii
3203 3540 3438 3596 modus:
3482 3541 3573 3612 qui

1988 3629 2199 3693 exutis,
2230 3639 2288 3683 ut
2315 3628 2611 3699 gaudeant,
2643 3630 2854 3686 suadet.

2059 3720 2115 3773 4.
2161 3720 2357 3775 Verum
2386 3720 2494 3775 illic
2522 3720 2652 3774 nihil
2676 3721 2808 3786 tale;
2842 3719 2937 3777 sed
2965 3721 3036 3777 ab
3063 3723 3313 3780 omnibus
3348 3725 3576 3781 removit

1988 3812 2152 3878 Deus,
2186 3820 2245 3865 ut
2270 3813 2571 3866 communis
2601 3812 2779 3876 Pater,
2814 3821 2924 3866 tum
2976 3830 3096 3884 qua:
3142 3816 3411 3883 videntur,
3459 3826 3570 3872 tum

1987 3920 2107 3977 qua:
2134 3919 2240 3959 non
2272 3904 2537 3959 videntur.
2575 3904 2706 3959 Nam
2749 3905 2856 3959 ait:
2894 3905 3067 3961 Videte
3102 3924 3165 3962 ne
3204 3910 3572 3979 eleemosynam

1986 4008 2201 4054 uestram
2231 3998 2433 4069 faciatis
2471 4012 2642 4050 coram
2689 3998 2977 4053 hominibus
3010 3998 3220 4071 (Matth.
3249 4001 3302 4057 6.
3332 4003 3405 4071 1).
3437 4001 3574 4057 llinc

1986 4091 2143 4147 discit
2185 4090 2361 4145 anima
2402 4090 2712 4159 iniustitiam
2757 4089 2957 4159 fugere.
2993 4090 3249 4159 lnjustitia
3295 4092 3435 4146 enim
3464 4102 3568 4156 est,

1986 4198 2093 4239 non
2137 4180 2300 4237 modo
2327 4180 2579 4251 pecunias
2618 4195 2713 4251 per
2738 4180 2976 4250 rapinam
3018 4195 3225 4252 parare,
3271 4182 3365 4236 sed
3404 4182 3568 4237 etiam

1986 4274 2105 4344 plus
2131 4273 2234 4329 cibi
2262 4272 2390 4327 dare
2416 4272 2609 4337 ventri,
2643 4288 2803 4343 quam
2824 4272 2955 4327 satis
2973 4272 3059 4335 sit,
3088 4281 3142 4325 et
3163 4272 3397 4328 Iaztitiam
3417 4284 3569 4330 extra

1988 4366 2245 4421 terminos
2286 4365 2500 4429 efferre,
2528 4374 2688 4437 atque
2720 4365 3059 4421 debacchari.
3086 4365 3235 4421 Illinc
3269 4368 3568 4422 castitatem

1983 4457 2162 4522 discit,
2198 4456 2322 4512 hinc
2348 4455 2642 4512 libidinem.
2670 4456 2784 4511 Non
2823 4456 2997 4511 solum
3043 4456 3185 4511 enim
3226 4456 3433 4512 mulieri
3464 4457 3567 4513 mi-

1982 4549 2121 4604 sceri
2150 4547 2316 4602 libido
2340 4555 2445 4613 est,
2491 4546 2587 4603 sed
2616 4547 2776 4602 etiam
2822 4547 3033 4603 lascivis
3075 4548 3245 4603 oculis
3274 4548 3566 4617 restricta”.

1984 4638 2135 4696 Illinc
2164 4639 2479 4695 modestiam
2504 4640 2680 4706 discit,
2713 4638 2838 4693 hinc
2868 4639 3083 4694 fastum.
3102 4639 3286 4693 Omnia
3309 4641 3570 4705 enim,in-

1982 4734 2117 4804 quit,
2152 4732 2275 4786 mihi
2306 4732 2477 4800 licent,
2502 4732 2592 4785 sed
2613 4748 2713 4787 non
2741 4733 2914 4786 omnia
2952 4734 3227 4801 expediunt
3250 4734 3329 4803 (l.
3363 4734 3477 4786 Cor.
3510 4734 3563 4787 6.

1985 4825 2096 4895 l2).
2144 4825 2295 4879 Illinc
2342 4824 2701 4889 honestatem,
2732 4822 2855 4877 hinc
2884 4824 3283 4892 turpitudinem.
3326 4823 3473 4877 Mitto
3502 4839 3565 4879 ea

1982 4938 2102 4991 qua:
2142 4922 2193 4977 iu
2244 4922 2485 4976 theatris.
2530 4918 2681 4986 Quod
2710 4929 2889 4975 autem
2936 4919 3078 4973 nulla
3109 4918 3179 4972 ibi
3208 4918 3449 4985 voluptas
3474 4918 3565 4984 sit,

1983 5013 2077 5068 sed
2111 5013 2286 5083 potius
2308 5011 2596 5068 maestitia:
2624 5010 2889 5065 ostendite
2916 5008 3044 5063 mihi
3073 5008 3159 5063 die
3194 5007 3388 5062 festum
3417 5009 3567 5064 iuse-

1981 5116 2179 5177 queute
2206 5121 2300 5161 eos
2319 5107 2407 5176 qui
2430 5113 2674 5173 sumptus
2703 5102 3023 5165 ell‘uderuut,
3046 5115 3246 5172 eosque
3266 5102 3352 5170 qni
3367 5101 3432 5156 ad
3445 5117 3568 5169 spe-

1980 5199 2187 5254 etacula
2217 5197 2421 5252 invitati
2445 5195 2691 5249 fuerunt:
2718 5192 3123 5263 videbimusque
3150 5206 3339 5248 omnes
3362 5192 3567 5248 Intesti-

1984 5294 2055 5346 tia
2082 5300 2380 5360 correptos,
2412 5287 2642 5343 maxime
2671 5300 2801 5342 vero
2826 5286 2997 5351 illum,
3024 5286 3113 5356 qui
3136 5295 3406 5355 sumptum
3429 5298 3562 5349 sup-

1984 5380 2259 5452 peditavit.
2289 5379 2355 5433 Et
2388 5378 2509 5448 jure
2536 5377 2751 5449 quidem
2776 5394 2791 5433 :
2818 5376 3109 5433 oblectavit
3136 5378 3279 5431 enim
3300 5376 3386 5430 die
3420 5386 3563 5440 pne-

1978 5470 2193 5527 cedenti
2234 5469 2544 5539 pepularem
2590 5468 2859 5523 hominem
2885 5510 2900 5532 ,
2948 5468 3037 5539 qui
3086 5466 3238 5521 laetus
3275 5460 3563 5521 admodum

1983 5570 2126 5626 erat;
2156 5560 2429 5631 splendida
2455 5575 2684 5632 namque
2700 5569 2848 5615 veste
2873 5558 3175 5620 fruebatur;
3202 5556 3293 5610 sed
3317 5565 3435 5608 cum
3452 5560 3566 5632 non

1986 5651 2053 5707 ad
2080 5667 2231 5708 usum
2280 5666 2434 5708 suum
2481 5631 2644 5719 esset,
2677 5666 2734 5705 se
2757 5650 2847 5705 illa
2872 5661 3088 5706 exutum
3117 5645 3317 5706 videns,
3346 5631 3570 5691 dolebat
