4040 6212
336 223 404 279 '55
1117 214 1175 270 S.
1212 212 1488 271 JOANNIS
1521 209 1989 269 CIIRYSOSTOMI
2026 212 2347 271 ARCIIIEP.
2387 208 2919 272 CONS'I'ANTINOP.

334 344 393 391 et
419 331 763 389 cruciabatur
783 346 800 387 :
820 328 910 399 qui
951 340 1082 383 vero
1109 335 1379 395 sumptum
1429 324 1553 381 fecit
1573 365 1588 387 ,
1612 339 1763 380 suam
1814 339 1926 394 pra:

342 426 492 483 illius
521 425 773 481 felicitate
800 436 1016 493 parvam
1059 418 1297 489 putabat.
1333 418 1537 473 Idcirco
1566 419 1810 488 sequenti
1840 418 1929 473 die

340 516 639 573 redduntur
664 524 863 577 vestes,
893 509 1258 581 majoremque
1301 524 1588 563 mmmrem
1640 508 1729 578 qui
1775 523 1927 563 com-

343 610 656 664 modaverat
681 603 931 673 concipit.
959 600 1110 668 Quod
1140 601 1184 655 si
1208 600 1261 654 in
1283 599 1641 655 exterioribus
1672 599 1791 652 beta
1815 609 1934 652 tan-

344 713 449 755 tam
482 700 711 754 inferunt
735 695 1060 761 molestiam,
1091 702 1146 749 et
1173 694 1395 749 molesta
1428 693 1732 757 utilitatem,
1762 692 1932 747 multo

344 790 514 858 magis
544 789 598 844 in
624 785 1008 858 Spiritualibus.
1041 784 1165 839 Ideo
1194 799 1352 839 nemo
1381 792 1663 839 succenset
1704 782 1931 853 legibus,

341 881 435 937 sed
468 894 563 936 cas
590 878 894 935 communis
922 891 1043 932 esse
1072 875 1321 930 utilitatis
1346 882 1571 930 censent
1597 890 1804 929 omnes.
1828 873 1932 928 Ne-

344 988 447 1040 que
469 973 612 1027 enim
644 969 911 1041 peregrini
938 967 1021 1023 vel
1054 967 1252 1022 inimici
1278 966 1374 1020 bas
1396 966 1538 1035 leges
1565 975 1819 1030 statuere,
1840 963 1935 1018 sed

348 1064 451 1135 ipsi
480 1064 652 1129 cives,
684 1060 921 1132 patroni,
949 1068 1225 1113 curatores
1247 1076 1261 1113 :
1285 1058 1496 1127 hocque
1525 1056 1713 1111 salutis
1736 1070 1800 1109 ac
1839 1055 1935 1109 be-

349 1155 669 1211 nevolentia:
701 1153 955 1208 indicium
1004 1159 1209 1221 putant,
1258 1148 1397 1218 mind
1447 1149 1593 1220 leges
1646 1156 1933 1218 ponantur.

351 1250 509 1318 Atqui
541 1248 685 1318 leges
714 1246 886 1316 pomis
912 1254 966 1300 et
992 1244 1194 1299 ultione
1221 1242 1392 1313 plena:
1418 1251 1571 1305 sunt;
1598 1255 1698 1295 nec
1725 1240 1828 1294 ulla
1854 1239 1937 1293 lex

336 1342 619 1395 invenitur
645 1340 763 1394 sine
793 1352 968 1407 poma.
1013 1335 1292 1404 Quomodo
1332 1350 1460 1403 ergo
1505 1349 1609 1388 non
1646 1332 1935 1393 absurdum

352 1434 530 1497 fuerit,
563 1448 654 1487 eos
678 1432 919 1503 quidem,
944 1430 1034 1500 qui
1064 1429 1209 1499 leges
1232 1428 1349 1482 illas
1369 1436 1665 1497 exponunt,
1697 1435 1937 1481 servato-

351 1540 459 1588 res,
512 1524 804 1590 benelicos,
853 1532 1108 1593 patronos
1150 1534 1377 1581 vocare;
1408 1534 1506 1573 nos
1532 1533 1658 1573 vero
1697 1517 1859 1572 duros
1887 1524 1941 1571 et

352 1630 599 1671 morosos
652 1623 862 1684 putare,
907 1612 1049 1684 quod
1097 1612 1243 1682 leges
1289 1610 1379 1665 Dei
1428 1611 1778 1664 enarremus?
1807 1607 1939 1663 Cum

354 1710 495 1763 enim
523 1709 588 1762 de
616 1708 860 1778 gebenna
906 1706 1134 1776 agimus,
1189 1704 1334 1774 loch
1382 1703 1499 1757 illas
1537 1701 1831 1756 alierimus.
1865 1701 1943 1755 Ac

354 1798 804 1868 quemadmodum
834 1797 907 1851 illi
938 1796 1147 1851 externi
1176 1795 1320 1865 leges
1345 1794 1414 1849 de
1445 1792 1743 1857 homicidis,
1767 1791 1836 1847 de
1858 1790 1941 1845 iu-

356 1892 525 1956 ribus,
557 1890 623 1944 de
647 1890 844 1960 nuptiis
870 1898 923 1944 et
948 1889 1210 1942 similibus
1232 1905 1245 1941 :
1272 1887 1351 1942 sic
1372 1897 1421 1942 et
1446 1900 1544 1942 nos
1570 1886 1714 1956 leges
1735 1884 1803 1940 de
1818 1898 1944 1955 sup-

356 1982 532 2053 pliciis
551 1981 844 2046 aﬂ‘erimns,
869 1995 1002 2051 quas
1026 1996 1129 2034 non
1159 1980 1318 2035 homo
1346 1978 1541 2050 posuit,
1572 1977 1666 2033 sed
1694 1979 1805 2048 ipse
1829 1976 1947 2031 uni-

356 2077 566 2146 genitus
593 2074 760 2129 Filius
794 2074 906 2129 Dei.
954 2073 1055 2139 Qui
1099 2075 1479 2129 iunnisericors
1524 2080 1626 2136 est,
1675 2072 1943 2142 puniatur,

358 2168 558 2238 inquit;
604 2169 704 2223 hoc
734 2168 874 2223 enim
921 2168 1022 2224 sibi
1052 2168 1159 2221 vult
1193 2168 1460 2238 parabola.
1493 2166 1595 2235 Qui
1627 2182 1835 2222 memor
1861 2166 1946 2221 in~

354 2260 616 2328 juriarum
639 2269 737 2323 est,
758 2268 1057 2313 extremum
1088 2259 1193 2311 luat
1219 2258 1536 2327 supplicium
1560 2276 1572 2311 :
1596 2258 1683 2327 qni
1704 2258 1950 2312 irascitur

361 2360 586 2416 temere,
617 2351 668 2404 in
702 2352 875 2419 ignem
907 2350 1207 2419 injiciatur:
1235 2350 1324 2416 qui
1366 2350 1715 2418 conviciatur,
1763 2365 1950 2421 pinnas

361 2439 455 2494 det
485 2440 535 2493 in
566 2440 829 2508 gebenna.

434 2532 662 2586 Christus
687 2547 839 2585 novas
875 2531 1040 2599 posuit
1084 2530 1396 2600 legem—Si
1437 2531 1632 2601 putatis
1677 2546 1826 2599 vero,
1854 2547 1951 2588 vos

365 2637 536 2679 novas
574 2623 760 2677 audire
802 2622 963 2691 leges,
999 2636 1065 2676 ne
1099 2621 1404 2677 ttn'bemini.
1446 2622 1557 2677 Nisi
1598 2624 1739 2679 enim
1787 2639 1952 2681 novas

363 2717 635 2788 positurus
660 2714 901 2770 Christus
928 2713 1136 2774 fuisset,
1160 2729 1257 2768 cur
1275 2713 1617 2768 advenisset?
1638 2716 1729 2770 llla
1755 2717 1953 2784 quippe

366 2809 648 2864 manifesta
692 2807 846 2862 nobis
875 2814 1017 2867 sunt,
1049 2805 1189 2874 quod
1223 2803 1545 2859 homicidam
1575 2814 1629 2860 et
1652 2805 1953 2862 adulterum

366 2903 557 2972 punire
583 2906 847 2968 oporteat.
880 2897 937 2952 Si
970 2911 1098 2966 ergo
1127 2896 1313 2951 eadem
1344 2896 1574 2952 audituri
1602 2912 1836 2963 eramus,
1861 2915 1958 2956 cur

366 2992 569 3048 οιιιιοειί
607 2993 825 3046 doctore
854 2990 868 3019 ί
895 3003 1030 3055 opus
1054 2989 1212 3042 erat?
1243 2987 1367 3044 Ideo
1413 3004 1517 3043 non
1549 2989 1699 3055 dicit,
1735 2991 1958 3047 Adulter

370 3084 653 3154 puniatur;
702 3080 817 3145 sed,
863 3079 964 3147 Qui
1014 3080 1226 3136 lascivis
1261 3082 1430 3137 oculis
1476 3083 1692 3152 respicit
1720 3102 1736 3136 :
1765 3093 1820 3139 et
1846 3084 1956 3152 ubi,

434 3217 451 3247 ³
474 3222 602 3264 Unus
624 3213 767 3275 legit,
790 3211 888 3262 alio
907 3212 1118 3264 doctore.

2034 335 2091 381 et
2112 323 2326 393 quando
2354 339 2569 395 pinnam
2596 325 2817 382 daturus
2843 328 2933 395 sit,
2966 326 3133 384 addit.
3167 328 3281 384 Non
3328 329 3380 383 in
3428 330 3627 384 tabulis

2035 414 2181 485 leges
2205 415 2508 485 descripzit,
2543 433 2717 487 neque
2758 420 2946 489 cippos
2986 434 3159 475 agrees
3200 421 3397 486 eri-xit,
3451 432 3507 474 ut
3556 422 3629 476 ibi

2036 505 2216 560 literas
2245 507 2549 576 sculperet;
2581 508 2675 564 sed
2708 511 2903 565 creetis
2941 510 3222 566 duodecim
3268 510 3629 579 apo~tolurnnt

2036 597 2333 661 animabus,
2369 597 2439 651 ibi
2472 615 2567 667 per
2593 598 2848 669 Spiritum
2873 611 3119 655 sanctum
3148 604 3241 654 bas
3268 603 3480 669 scripsit
3506 604 3627 656 lite-

2039 701 2147 749 ras,
2177 704 2309 757 quas
2340 689 2490 743 vobis
2528 705 2623 744 nos
2666 691 2857 745 merito
2891 686 3245 761 pra-legimus.
3294 692 3423 745 Nam
3457 693 3498 745 si
3530 692 3629 747 Ju-

2036 776 2169 832 dicis
2213 778 2316 833 hoc
2357 778 2570 845 licebat,
2597 784 2808 851 nequis
2854 783 2919 835 ad
2964 783 3315 852 ignorantium
3370 784 3631 852 confuge-

2038 878 2157 933 ret;
2192 871 2362 925 multo
2392 873 2562 942 magis
2591 872 2745 928 nobis
2776 872 2852 927 las
2881 884 2983 928 est.
3034 873 3088 929 Si
3137 876 3255 944 quis
3294 891 3419 928 vero
3468 876 3632 939 dicit,

2042 960 2159 1016 Non
2187 961 2422 1030 audiam,
2453 979 2554 1018 nec
2576 963 2835 1033 judicium
2877 965 3089 1027 subibo,
3124 965 3243 1019 ideo
3280 966 3509 1021 maxime
3540 982 3637 1035 pn-

2042 1054 2206 1110 nitur.
2238 1054 2370 1109 Nam
2402 1056 2447 1110 si
2480 1071 2637 1111 nemo
2662 1055 2901 1121 doceret,
2933 1066 3114 1126 posset
3140 1057 3205 1111 ad
3236 1058 3356 1111 talia
3391 1059 3632 1127 confugi;

2042 1142 2138 1198 sed
2167 1158 2291 1198 cum
2320 1144 2461 1199 adsit
2486 1145 2705 1212 Doctor,
2738 1162 2843 1201 non
2875 1148 3015 1202 licet.
3052 1147 3184 1202 Vide
3211 1162 3339 1218 ergo
3366 1150 3638 1218 quomodo

2042 1232 2259 1289 Judacos
2282 1250 2316 1291 a
2341 1236 2494 1291 venia
2526 1236 2810 1305 excludat,
2841 1237 3026 1293 dicens
3057 1255 3070 1291 :
3101 1238 3161 1293 Si
3187 1254 3287 1293 non
3320 1241 3556 1294 venissem
3590 1249 3639 1293 et

2043 1327 2283 1397 loquutus
2308 1328 2514 1399 fuissent
2536 1329 2632 1395 eis,
2659 1338 2918 1400 peccatum
2948 1346 3048 1384 non
3069 1331 3306 1383 liabet-ent
3338 1329 3516 1402 (Jomt.
3549 1332 3635 1385 15.

2042 1418 2181 1489 22);
2212 1420 2512 1490 iterumque
2552 1421 2773 1489 Paulus,
2816 1422 2923 1477 Sed
2952 1423 3086 1488 dico,
3121 1423 3385 1494 Numquid
3411 1442 3510 1477 non
3548 1442 3641 1477 eu-

2042 1511 2296 1566 dierunt?
2348 1513 2411 1566 Et
2453 1514 2656 1583 quidem
2704 1515 2758 1568 in
2806 1532 3005 1570 onmem
3052 1527 3236 1572 terram
3288 1519 3439 1572 exivit
3481 1535 3638 1573 sonus

2044 1619 2219 1658 eorum
2260 1603 2441 1677 (Rom.
2471 1606 2557 1662 10.
2590 1606 2678 1662 18.
2711 1605 2858 1663 Psal.
2891 1609 2978 1664 18.
3008 1610 3087 1678 5).
3127 1610 3278 1666 Tunc
3310 1611 3454 1665 enim
3481 1612 3638 1666 venia

2046 1702 2151 1759 est,
2182 1695 2400 1764 quando
2441 1697 2618 1753 nullus
2645 1707 2727 1753 est
2756 1699 2845 1769 qui
2892 1701 3189 1769 praedicet;
3219 1703 3433 1773 quando
3461 1712 3642 1758 autem

2046 1786 2351 1856 speculator
2376 1787 2555 1855 sedet,
2585 1798 2640 1844 et
2660 1788 2763 1845 hoc
2789 1789 2951 1847 habet
2979 1792 3236 1857 ofﬁcium,
3266 1809 3373 1847 non
3397 1794 3533 1849 ultra
3560 1804 3645 1850 est

2047 1880 2227 1936 venia.
2262 1879 2374 1935 lmo
2401 1896 2531 1936 vero
2557 1896 2665 1937 non
2693 1889 2899 1938 tantum
2942 1884 3111 1939 voluit
3156 1883 3399 1940 Christus
3441 1900 3541 1941 nos
3589 1887 3642 1942 in

2050 1968 2329 2026 columnas
2371 1971 2489 2027 illas
2532 1972 2821 2042 respicere,
2865 1972 2962 2029 sed
3003 1989 3101 2029 nos
3128 1989 3340 2044 quoque
3385 1976 3495 2030 vult
3522 1992 3645 2032 esse

2050 2062 2344 2118 columnas.
2373 2062 2507 2131 Quia
2529 2078 2658 2119 vero
2678 2078 2778 2120 nos
2802 2064 2998 2120 talibus
3016 2065 3230 2136 scriptis
3256 2066 3500 2137 indignos
3522 2068 3643 2122 red-

2054 2153 2325 2221 didimus,
2369 2155 2485 2210 illas
2527 2155 2717 2211 saltem
2755 2156 3032 2213 columnas
3080 2156 3447 2227 reSpiciamus.
3497 2157 3647 2214 Sicut

2054 2245 2196 2300 enim
2226 2245 2490 2301 columna:
2519 2246 2638 2301 aliis
2673 2246 2967 2314 minantur,
3004 2247 3107 2302 illa:
3137 2264 3264 2303 vero
3303 2264 3407 2303 non
3436 2258 3561 2303 sunt
3594 2249 3647 2303 in

2054 2337 2233 2408 culpa,
2262 2346 2320 2392 ut
2344 2353 2515 2409 neque
2535 2338 2679 2409 leges
2708 2355 2723 2393 :
2753 2339 2831 2395 sic
2849 2347 2906 2396 et
2933 2339 3075 2395 beati
3106 2341 3354 2410 apostoli.
3388 2342 3452 2395 Et
3477 2341 3598 2395 vide
3632 2358 3647 2394 :

2056 2441 2163 2481 non
2202 2443 2309 2483 uno
2338 2428 2389 2481 in
2416 2429 2536 2484 loco
2556 2436 2664 2483 stat
2690 2428 2805 2483 inec
2829 2430 3094 2494 columna,
3132 2430 3226 2485 sed
3257 2430 3451 2500 ubique
3480 2431 3652 2487 litem:

2056 2517 2268 2586 scripta:
2297 2517 2761 2573 circumferuntur.
2787 2519 2920 2573 Nam
2949 2520 2993 2574 si
3017 2520 3083 2574 ad
3107 2519 3263 2575 indos
3285 2522 3504 2592 migrcs,
3536 2523 3653 2578 illas

2057 2607 2283 2673 audies;
2315 2609 2359 2662 si
2406 2610 2458 2662 in
2500 2608 2830 2677 Hispaniam,
2874 2619 2929 2665 ct
2975 2610 3028 2664 in
3067 2626 3255 2667 omnes
3300 2612 3431 2668 lines
3464 2623 3652 2680 terrm,

2060 2712 2221 2753 nemo
2248 2709 2331 2753 est
2349 2700 2475 2768 quin
2500 2700 2697 2766 audiat,
2723 2701 2824 2757 nisi
2855 2702 2925 2757 ob
2951 2702 3231 2759 desidiam.
3263 2704 3339 2759 Ne
3365 2721 3490 2776 ergo
3515 2722 3656 2777 agre

2063 2786 2269 2853 feratis,
2296 2788 2390 2843 sed
2420 2788 2577 2845 dictis
2614 2791 2892 2859 attendite,
2925 2802 2980 2848 ut
3013 2795 3225 2864 possitis
3260 2796 3467 2851 virtutis
3494 2813 3653 2867 opera

2061 2878 2356 2949 suscipere,
2388 2890 2443 2935 et
2470 2890 2668 2937 mterna
2696 2884 2947 2954 consequi
2991 2885 3151 2952 bona,
3186 2887 3238 2941 in
3269 2887 3482 2943 Christo
3522 2889 3652 2944 Iesu

2066 2969 2293 3026 Domino
2319 2982 2524 3037 nostro,
2548 2975 2762 3045 quicum
2790 2976 2931 3030 Patri
2963 2992 3171 3047 unaque
3201 2979 3419 3048 Spiritui
3460 2991 3647 3035 sancto

2066 3061 2256 3132 gloria,
2283 3063 2584 3134 imperium,
2618 3065 2809 3132 honor,
2842 3081 2983 3123 nunc
3019 3076 3073 3123 ct
3109 3083 3343 3138 semper,
3374 3080 3428 3125 et
3466 3071 3520 3125 in
3556 3085 3658 3125 sae-

2069 3153 2188 3208 cula
2215 3155 2556 3211 saeculorum.
2584 3158 2771 3212 Amen.

381 3341 3644 3372 Ἥ

1784 3420 2133 3487 HOMILIA
2184 3427 2293 3487 v1.
2352 3394 2363 3397 “

379 3573 507 3627 Car.
545 3572 600 3626 2.
629 3586 682 3625 v.
716 3570 807 3626 Ὤ.
848 3568 957 3625 Viri
987 3569 1258 3637 Israelita,
1288 3570 1460 3626 audite
1499 3569 1647 3625 verba
1685 3586 1794 3626 mea
1837 3574 1966 3627 here.

455 3666 507 3717 1.
540 3663 652 3717 Non
689 3674 770 3718 est
813 3663 913 3718 hoc
944 3679 1039 3731 per
1062 3662 1419 3718 adulationem
1459 3663 1689 3730 dictum;
1731 3666 1824 3721 sed
1852 3668 1973 3737 quia

382 3755 503 3811 illos
531 3757 724 3810 acriter
756 3757 1154 3825 perstrinxerat,
1194 3756 1303 3826 jam
1343 3757 1619 3811 remissior
1642 3769 1746 3826 est,
1788 3771 1841 3814 et
1876 3777 1973 3830 op-

386 3860 615 3915 portune
639 3847 888 3902 Davidem
922 3858 1206 3903 memorat.
1242 3848 1310 3903 Et
1337 3864 1522 3904 rursus
1550 3865 1577 3903 a
1607 3854 1867 3920 prooemio
1895 3854 1975 3908 in-

384 3938 535 4008 cipit,
567 3952 632 3991 ne
662 3938 961 4002 turbentur,
986 3939 1107 4008 quia
1130 3937 1197 3993 de
1223 3938 1351 3994 Iesu
1386 3942 1710 3996 mentionem
1742 3942 1977 4000 facturus

386 4040 490 4085 est.
532 4029 660 4083 Nam
702 4030 944 4098 superius
984 4029 1178 4085 turbati
1218 4045 1322 4084 non
1363 4042 1486 4085 sunt
1527 4032 1844 4102 Prophetam
1886 4050 1981 4088 aue

387 4122 637 4187 dientes;
682 4136 873 4177 nomen
920 4138 1051 4178 vero
1092 4122 1215 4178 Iesu
1258 4125 1436 4178 statim
1487 4125 1605 4178 illos
1647 4126 1973 4181 otl‘endisset.

390 4211 501 4268 Nec
527 4213 685 4275 dixit,
713 4213 1109 4281 Obtemperate,
1140 4214 1255 4275 sed,
1290 4214 1504 4280 Audite,
1532 4216 1671 4283 quod
1703 4230 1831 4270 sane
1863 4233 1978 4269 mo-

391 4301 585 4357 lestum
616 4317 720 4355 non
742 4311 875 4356 erat.
916 4304 981 4357 Et
1009 4302 1369 4356 animadverte
1392 4305 1658 4371 quomodo
1694 4306 1820 4359 nihil
1855 4307 1983 4361 sub-

394 4392 523 4445 lime
569 4391 742 4451 dicat,
796 4389 890 4443 scd
950 4390 1016 4443 ab
1074 4388 1449 4443 humilioribus
1497 4392 1732 4459 incipiat.
1781 4393 1980 4460 Iesum,

397 4481 588 4551 inquit,
630 4478 972 4531 Nazarenam.
1022 4478 1253 4533 Patriam
1302 4482 1477 4534 statim
1522 4481 1669 4546 dicit,
1713 4500 1831 4554 qnze
1865 4486 1985 4541 vilis

393 4588 519 4628 esse
556 4571 856 4626 videbatur.
899 4571 1005 4627 Nec
1054 4572 1322 4642 quidpiam
1369 4576 1579 4629 interim
1625 4592 1875 4648 maguum
1919 4579 1987 4634 de

396 4666 492 4718 illo
520 4664 667 4727 dicit,
695 4679 761 4717 ne
791 4664 1002 4734 quidem
1035 4664 1175 4734 quod
1205 4664 1272 4720 de
1311 4667 1565 4736 propheta
1591 4670 1725 4723 alius
1763 4670 1981 4726 diceret.

400 4756 596 4819 Iesum,
625 4757 815 4826 inquit,
864 4754 1209 4820 Nazarenam,
1255 4758 1416 4811 virum
1453 4761 1785 4829 approbatum
1824 4780 1856 4815 α
1884 4762 1988 4817 Deo

401 4850 457 4903 in
495 4848 651 4903 vobis.
686 4849 816 4903 Vide
853 4865 1009 4919 quam
1051 4864 1297 4919 magnum
1346 4850 1471 4905 illud
1515 4862 1647 4919 erat,
1676 4853 1815 4924 quod
1850 4854 1993 4910 dicat

402 4940 556 4995 illum
583 4957 611 4995 a
645 4941 753 4995 Deo
784 4940 1000 4994 missum
1029 4940 1212 4996 fuisse.
1241 4942 1351 4996 lloc
1380 4943 1520 4996 enim
1556 4958 1767 5013 semper
1795 4954 1847 4999 et
1874 4945 1995 5000 ubi-

403 5047 509 5099 que
543 5031 779 5087 .ioannes
819 5042 875 5087 et
924 5034 1147 5103 apostoli
1198 5034 1485 5089 ostendere
1533 5037 1808 5090 curabant.
1858 5038 1992 5092 Audi

405 5139 637 5191 namque
680 5125 940 5181 Joannem
976 5126 1245 5183 dicentem
1279 5147 1291 5182 :
1329 5127 1426 5182 Ille
1464 5129 1588 5181 mihi
1629 5131 1776 5193 dixit,
1828 5131 1997 5200 Super

408 5231 555 5283 quem
578 5216 762 5269 videris
787 5219 1035 5288 Spiritum
1057 5222 1436 5275 descendentem
1463 5231 1509 5274 et
1537 5231 1813 5275 manentem
1849 5238 1999 5293 super

410 5321 544 5369 eam,
585 5305 667 5358 hic
702 5317 774 5360 est
813 5307 991 5377 (Joan.
1028 5311 1079 5363 1.
1121 5308 1233 5377 55).
1274 5311 1385 5364 Iloc
1425 5314 1689 5382 pra-cipue
1720 5313 1844 5367 facit
1887 5315 1999 5383 ipse

409 5396 673 5461 Christus,
695 5398 902 5463 dicens,
941 5400 981 5451 A
1014 5402 1303 5470 memetipso
1331 5418 1430 5455 non
1455 5405 1585 5466 veni,
1618 5404 1727 5473 ipse
1753 5420 1830 5457 me
1864 5406 1999 5459 misit
2034 5414 2039 5422 '

411 5490 430 5557 (
463 5487 549 5541 Id.
576 5489 628 5542 7.
666 5488 739 5544 9.8
770 5490 810 5561 ).
838 5489 903 5543 Et
930 5490 1123 5560 ubique
1149 5492 1199 5545 in
1224 5490 1512 5561 Scripturis
1533 5493 1636 5549 hoc
1664 5494 2000 5564 potissimum

412 5579 603 5647 agitur.

486 5667 631 5724 Petri
652 5670 890 5744 dignitas.
912 5672 1119 5729 —ldeo
1147 5674 1232 5729 hic
1262 5684 1476 5732 sanctus
1502 5677 1641 5735 beati
1672 5685 1822 5740 chori
1853 5688 1997 5757 prin-

2074 3590 2224 3648 ceps,
2247 3586 2454 3633 amator
2468 3576 2691 3646 Christi,
2710 3576 2905 3633 ardens
2925 3577 3055 3632 disci
3063 3577 3234 3648 putus,
3252 3578 3333 3633 cui
3362 3580 3666 3636 commissa:

2075 3679 2200 3723 sunt
2235 3669 2490 3725 caelorum
2523 3670 2722 3733 claves,
2767 3669 2857 3739 qui
2902 3669 3283 3725 revclationcm
3337 3671 3664 3759 spiritualepi

2079 3761 2307 3830 accepit,
2354 3770 2636 3832 postquam
2670 3761 2789 3816 illos
2817 3761 3008 3816 timore
3036 3763 3371 3830 compressit,
3404 3763 3667 3817 ostendit-

2083 3865 2184 3921 que
2216 3853 2419 3920 magnis
2464 3852 2583 3905 illos
2617 3851 2772 3905 donis
2800 3865 2921 3905 esse
2964 3850 3229 3921 dignatos,
3260 3865 3418 3923 atque
3450 3853 3552 3908 title
3585 3853 3669 3907 di-

2082 3955 2215 4010 gnos
2259 3940 2510 4006 reddidit,
2544 3952 2669 3995 tunc
2696 3940 2764 3995 de
2792 3940 2885 3995 illo
2918 3940 3153 3996 disserit.
3199 3942 3373 4012 Papae,
3403 3945 3672 4013 quomodo

2084 4044 2245 4085 ausus
2264 4041 2345 4085 est
2376 4032 2514 4084 inter
2544 4029 2839 4085 homicidas
2868 4030 3047 4086 dicere
3071 4031 3246 4102 ipsum
3279 4035 3669 4093 resurrexisse!

2083 4121 2193 4176 Nec
2220 4122 2347 4176 dicit
2382 4122 2579 4187 statim,
2611 4121 2751 4191 quod
2781 4125 3168 4188 resurrexcrit;
3199 4123 3290 4178 sed
3322 4125 3460 4195 qucd
3498 4142 3526 4179 a
3564 4127 3675 4181 Deo

2086 4213 2150 4266 ad
2180 4214 2323 4283 ipsos
2368 4214 2592 4269 venerit.
2627 4214 2739 4268 Iloc
2770 4224 2947 4269 autem
2988 4214 3329 4271 manifestum
3372 4227 3452 4272 cst
3490 4234 3553 4272 ex
3588 4220 3674 4283 iis,

2087 4317 2206 4372 qnzc
2248 4302 2393 4357 fecit.
2427 4303 2541 4377 (\fon
2564 4304 2674 4373 jam
2714 4303 2865 4371 dicit,
2895 4306 3034 4375 quod
3067 4306 3202 4375 ipse,
3235 4306 3328 4362 sed
3358 4308 3497 4377 quod
3541 4308 3679 4362 Deus

2089 4408 2185 4463 per
2213 4394 2406 4462 ipsum,
2435 4403 2492 4448 ut
2520 4393 2809 4449 modestius
2855 4395 3121 4465 loquendo
3151 4397 3293 4466 ipsos
3323 4397 3676 4467 pertraheret,

2091 4484 2155 4538 ad
2187 4499 2345 4554 quam
2384 4500 2493 4539 rem
2526 4485 2671 4555 ipsos
2711 4493 2875 4541 testes
2919 4494 3093 4551 vocat,
3136 4486 3412 4559 dicitque:
3454 4487 3681 4542 Viruma

2085 4575 2203 4631 'Deo
2247 4575 2648 4631 demonstratum
2690 4578 2743 4632 in
2795 4578 2933 4633 vobis
2987 4579 3287 4645 uirtutibus,
3345 4582 3588 4651 prodigiis
3635 4589 3682 4633 ct

2091 4669 2268 4741 signis,
2304 4685 2417 4741 qua!
2439 4671 2559 4741 fecit
2595 4687 2685 4740 per
2710 4672 2875 4739 ipsum
2910 4669 3047 4725 Deus
3074 4672 3125 4724 in
3148 4672 3312 4724 medio
3349 4673 3519 4735 vestri,
3552 4673 3683 4725 sicut

2095 4771 2141 4815 et
2172 4762 2270 4832 ipsi
2300 4762 2454 4815 scitis.
2490 4761 2690 4816 Deinde
2720 4763 2772 4815 in
2801 4761 3009 4815 illorum
3041 4760 3245 4815 facinus
3274 4769 3327 4815 et
3355 4761 3530 4815 scelus
3555 4762 3685 4815 inci-

2095 4851 2249 4913 dens,
2276 4852 2395 4907 vide
2416 4852 2682 4922 quomodo
2706 4860 2930 4907 conetur
2959 4852 3078 4905 illos
3103 4867 3132 4905 a
3160 4851 3383 4906 crimine
3408 4851 3637 4905 liberare
3668 4869 3683 4906 :

2097 4941 2217 5016 (a)(
2246 4944 2347 4998 etsi
2378 4942 2521 4996 enim
2558 4942 2835 4997 definitum
2866 4950 3029 5005 esset,
3064 4941 3135 4994 illi
3168 4950 3345 4994 tamen
3403 4940 3689 4997 homicidae

2100 5035 2312 5104 erant).
2360 5034 2452 5090 25.
2488 5034 2659 5099 Hunc,
2706 5034 2897 5104 inquit,
2939 5033 3148 5102 deﬁnito
3201 5033 3421 5087 consilio
3468 5043 3517 5087 et
3550 5048 3687 5087 orte-

2100 5128 2309 5183 scientia
2336 5126 2434 5181 Dei
2463 5127 2706 5181 traditum
2732 5127 3052 5197 accipientes,
3081 5142 3170 5197 per
3198 5140 3377 5179 manus
3397 5126 3689 5198 iniquorum

2163 5262 2239 5325 (τι)
2262 5270 2375 5325 Quae
2398 5261 2587 5325 uncinis
2607 5260 2893 5310 clauduntur
2913 5260 3120 5325 deerant
3158 5261 3205 5309 in
3237 5257 3409 5325 Editis.
3462 5258 3525 5307 At
3554 5271 3689 5325 vero,

2101 5319 2349 5375 bisetiam
2381 5324 2645 5384 restitutis,
2663 5320 3032 5384 sensusadhue
3075 5323 3391 5384 imperfectus
3415 5334 3526 5370 esse
3560 5319 3693 5384 vide-

2105 5394 2201 5435 tur.
2226 5393 2358 5447 Nan],
2380 5392 2434 5433 ut
2456 5385 2503 5433 in
2526 5383 2809 5447 praefatione
2832 5382 3046 5447 dia-imus
3062 5420 3076 5442 ,
3095 5382 3237 5447 saepe
3252 5382 3620 5447 Clirysostomus
3642 5382 3691 5430 in

2105 5447 2243 5497 hisce
2275 5443 2981 5506 Commentariissententiam
3033 5443 3266 5506 relinquit
3332 5443 3689 5504 imperfectam.

2104 5509 2183 5574 sic
2207 5521 2326 5571 ergo
2350 5514 2501 5574 totum
2527 5504 2782 5574 intelligas
2816 5519 2860 5565 οι
2878 5512 3011 5574 ortet
3038 5519 3051 5555 :
3086 5504 3202 5574 {ide
3239 5506 3474 5574 quomodo
3497 5510 3692 5574 conetur

2105 5570 2217 5635 illos
2239 5565 2493 5635 (crimine
2521 5565 2753 5628 liberare,
2781 5565 3217 5635 quantitniscilicet
3240 5565 3349 5629 ﬁeri
3374 5565 3693 5635 poterntigetsi

2108 5632 2235 5694 enin:
2259 5626 2310 5677 id
2333 5629 2585 5694 tie/initum
2606 5641 2637 5677 a
2663 5625 2762 5694 Deo
2784 5625 2926 5694 esset,
2962 5627 3111 5694 nihilo
3143 5625 3301 5694 tamen
3334 5625 3491 5677 minus
3512 5625 3586 5677 illi
3611 5627 3688 5678 lto-

2111 5680 2309 5744 rnicida'
2331 5680 2485 5744 ct'tint.
2517 5700 2672 5755 nunc,
2696 5690 2870 5755 inquit,
2892 5680 3088 5755 deﬁnito
3106 5688 3318 5750 consilio,
3344 5694 3441 5739 etc.
3660 5706 3665 5715 ί
3696 5680 3713 5739 l
