4036 6212
171 267 224 332 ει
1080 245 1146 306 lN
1186 243 1364 304 ACTA
1408 233 1760 298 APOSTOLO

1872 232 1924 286 tl.
1946 231 2177 288 uouit.
2223 230 2310 288 γι.
3345 244 3415 302 εδ

170 389 387 458 cﬁgeutes
421 375 759 435 interemistis.
793 368 987 425 Iisdem
1030 367 1142 419 lere
1183 359 1566 458 verbis-utens,
1603 350 1719 422 quis

173 447 446 545 biisloscph
470 471 662 526 fratres
685 480 815 522 suos
832 462 1135 531 alloquutus
1162 463 1244 510 est
1273 471 1285 507 :
1322 450 1497 506 Nolite
1524 447 1716 508 timere,

173 575 270 642 quia
296 538 494 622 nou-eos
533 557 822 615 tradidistis
869 550 1099 619 me,'sed
1144 548 1282 602 Deus
1325 560 1403 598 me
1447 544 1543 596 huc
1589 538 1724 639 misit

178 628 305 726 ltien.
327 660 409 714 l3.
430 657 504 724 5).
532 650 735 707 Deinde
765 654 1043 718 postquam
1064 640 1222 703 dixit,
1249 638 1350 690 hoc
1379 632 1471 688 Dei
1500 628 1726 684 consilio

173 720 343 807 iactum
364 720 504 810 esse;
531 762 598 799 ne
627 742 897 801 dicerent,
927 735 1070 804 Ergo
1100 732 1150 786 id
1185 731 1320 784 bene
1342 725 1581 784 fecimus,
1606 720 1727 774 illos

175 845 392 916 coarguit
414 857 499 912 per
536 853 596 892 in
641 851 766 906 quae
810 830 994 902 adjicit
1027 845 1038 880 :
1069 824 1173 878 Per
1213 837 1392 876 manus
1440 817 1729 886 iniquorum

177 907 755 1009 sﬂigdites‘irteremistis.
787 925 885 979 Hic
908 921 1097 977 Judam
1121 914 1441 975 subindtcat,
1468 907 1732 976 simulque

180 1004 406 1090 ostendit,
435 1025 478 1078 id
495 1038 599 1077 non
628 1018 871 1090 potuisse
899 1014 1022 1070 illos
1051 1011 1248 1073 facere,
1290 1006 1392 1061 nisi
1431 1004 1572 1058 Deus
1601 1014 1730 1090 con-

181 1089 416 1181 cessisset,
457 1089 875 1179 tradidissetque
917 1106 1088 1160 illum.
1139 1101 1252 1154 lloc
1294 1096 1436 1151 enim
1476 1092 1578 1147 sibi
1623 1089 1737 1142 vult

182 1209 312 1276 illud,
340 1200 610 1261 Traditum.
645 1202 738 1258 Sic
768 1208 939 1256 totum
982 1193 1158 1250 scelus
1188 1187 1457 1245 convertit
1497 1185 1548 1237 in
1577 1188 1736 1249 caput

183 1303 324 1366 indm,
347 1300 426 1369 qui
454 1295 676 1352 tradidit
703 1307 828 1348 eum
859 1309 874 1345 :
908 1290 1024 1359 ipse
1049 1285 1190 1340 enim
1219 1282 1364 1336 illum
1397 1275 1580 1331 osculo
1612 1286 1736 1340 pm-

186 1364 418 1445 tlidit._V-el
447 1389 552 1442 hoc
581 1381 854 1452 intelligit.
890 1395 1008 1434 cum
1047 1376 1140 1439 ait,
1193 1372 1292 1426 Per
1331 1384 1511 1422 manus
1541 1364 1740 1432 iniquo-

188 1498 307 1544 rtua;
331 1481 401 1535 vel
424 1481 491 1534 de
516 1475 782 1531 militibus
800 1470 1052 1541 loquitur,
1077 1481 1139 1519 ae
1159 1465 1201 1519 si
1225 1462 1477 1519 insinuet.
1511 1455 1624 1510 Non
1649 1467 1743 1505 vos

194 1574 511 1634 interemistis,
546 1565 780 1628 sed,Per
802 1573 984 1618 manus
1010 1560 1317 1629 iniquorum.
1347 1555 1408 1608 Et
1438 1551 1579 1612 vide,
1611 1562 1745 1616 quo-

197 1663 332 1718 modo
359 1663 539 1729 ubique
595 1666 786 1713 curent
846 1653 1147 1724 passionem
1202 1647 1430 1716 primum
1481 1639 1742 1696 conﬁteri.

208 1754 618 1808 Resurrectiouem
656 1763 804 1809 vero,
841 1746 961 1815 quia
1003 1755 1190 1811 magna
1231 1753 1316 1791 res
1355 1743 1492 1800 erat,
1532 1730 1745 1786 interim

207 1846 476 1908 sithindicat,
515 1853 573 1897 et
611 1840 764 1911 quasi
812 1839 863 1892 iit
907 1834 1080 1890 itzedio
1127 1831 1294 1902 ponit.
1353 1827 1444 1883 Illa
1498 1839 1745 1894 namque,

205 1954 298 1990 mu
325 1937 563 1991 nimirum
596 1943 654 1987 et
685 1946 852 1988 mors.
893 1929 946 1983 in
993 1923 1239 1981 confesso
1289 1929 1462 1984 erant,
1513 1917 1748 1973 amulum

196 2041 334 2082 autem
374 2025 703 2082 resurrectio
736 2039 749 2075 :
782 2019 902 2074 ideo
942 2018 1056 2072 ltz'ec
1094 2014 1364 2085 subiungit
1407 2030 1420 2066 :
1459 2006 1552 2065 24.
1594 2009 1757 2074 Quem

198 2122 301 2175 {Irus
325 2119 604 2184 suscitat-it,
653 2115 832 2170 solutis
871 2111 1128 2166 doloribus
1172 2107 1367 2170 mortis,
1400 2121 1456 2159 eo
1493 2102 1627 2172 quod
1654 2101 1752 2154 im-

193 2214 394 2280 possibile
428 2219 542 2262 erat
573 2207 731 2260 teneri
761 2205 906 2258 illum
936 2202 995 2254 ab
1025 2217 1103 2255 ea.
1147 2199 1241 2252 llic
1271 2211 1519 2267 magnum
1559 2191 1755 2248 etsuh-

193 2306 291 2355 time
330 2301 602 2370 quidpiam
658 2294 980 2351 subindicat.
1050 2290 1180 2346 Illud
1223 2290 1387 2352 enim,
1435 2283 1758 2356 Impossibile

190 2406 291 2456 erat,
319 2393 582 2463 signiﬁcat
610 2392 786 2461 ipsum
819 2403 1032 2459 quoque
1070 2384 1282 2439 dedisse
1313 2389 1629 2450 po:cstatt-m
1673 2377 1757 2430 ln-

189 2485 315 2539 ῐοιτιιο
339 2497 393 2540 ιιι
422 2501 488 2540 se
509 2491 736 2548 teneret,
767 2491 822 2535 et
860 2488 1085 2534 mortem
1119 2475 1268 2529 illitiit
1307 2473 1635 2527 tletineutcm
1663 2467 1759 2521 do-

188 2576 360 2630 toribus
385 2585 580 2646 partus
606 2571 849 2627 allectum
879 2568 1058 2639 gravia
1093 2579 1300 2635 passam
1337 2577 1477 2617 esse.
1510 2560 1758 2614 Dolorem

187 2673 356 2740 quippe
403 2669 595 2723 mortis
625 2663 922 2733 periculum
958 2660 1229 2728 Scriptura
1269 2655 1404 2709 solet
1446 2653 1714 2722 appellare
1746 2667 1758 2703 :

191 2762 461 2816 uindicat.
483 2757 625 2826 quod
649 2756 728 2810 sic
751 2750 1100 2808 resurrexerit
1126 2747 1276 2818 quasi
1310 2761 1410 2799 non
1443 2745 1575 2796 ultra
1605 2740 1766 2795 mori-

191 2864 335 2907 turus.
381 2853 485 2904 \‘el
507 2866 630 2904 cum
658 2847 806 2912 dicit,
839 2843 918 2897 Eo
945 2841 1078 2914 quod
1108 2838 1414 2910 impossibile
1459 2845 1564 2889 erat
1611 2832 1766 2886 teneri

189 2947 315 2998 illum
352 2947 424 2997 ab
453 2961 534 3008 eo,
567 2941 831 3012 signiﬁcat
875 2934 1321 2991 resurrectionem
1352 2933 1467 2999 ejus
1498 2943 1602 2982 non
1648 2937 1768 2980 (ξδεο

190 3051 512 3090 communem
538 3049 663 3088 cuiu
707 3031 844 3084 aliis.
889 3027 1089 3082 Deinde
1121 3025 1428 3094 priusquam
1466 3033 1618 3073 mens
1651 3017 1769 3070 illo—

191 3143 292 3182 rum
318 3126 526 3195 aliquid
550 3124 769 3193 cogitet,
797 3120 998 3174 inducit
1034 3115 1308 3179 Davidem,
1337 3126 1549 3165 omnem
1583 3109 1770 3161 huma-

192 3234 297 3268 nam
319 3216 702 3284 cogitationem
727 3212 792 3265 de
816 3209 991 3264 medio
1018 3208 1310 3262 tollentem.
1334 3203 1425 3257 23.
1455 3200 1619 3254 Dauid
1637 3199 1772 3254 enim

194 3310 300 3360 dicit
325 3311 380 3361 in
409 3323 541 3370 eum,
574 3305 763 3374 inquit.
810 3301 877 3355 Et
920 3300 1056 3360 vide,
1093 3297 1362 3368 quomodo
1393 3311 1575 3348 rursus
1620 3293 1770 3346 testi-

195 3401 423 3452 inonium
451 3398 519 3450 sit
553 3396 774 3449 humile.
809 3393 932 3447 Ideo
968 3391 1094 3445 illud
1121 3404 1278 3459 supra
1301 3405 1369 3441 cx
1401 3385 1773 3440 ltumiliorihus

194 3491 415 3558 accepit,
449 3499 503 3540 ut
541 3486 787 3541 ostendat
829 3485 896 3538 de
936 3493 1108 3537 morte
1151 3498 1254 3534 non
1301 3495 1420 3534 esse
1461 3477 1770 3533 dolendum.

199 3579 552 3642 Protidebant,
580 3580 771 3649 inquit.
808 3575 1080 3630 Dominum
1119 3576 1168 3628 iu
1195 3586 1463 3645 conspectu
1504 3589 1612 3626 meo
1642 3588 1774 3625 seut-

193 3692 297 3741 per,
331 3674 566 3743 quoniam
591 3691 622 3724 a
661 3670 852 3724 dextris
882 3679 952 3722 est
984 3667 1125 3730 mihi,
1174 3681 1236 3719 ne
1263 3677 1575 3720 commoveor
1603 3662 1773 3733 (Psul.

196 3763 276 3818 15.
306 3766 366 3828 8)
393 3783 408 3817 :
437 3764 521 3816 ‘27.
546 3764 782 3833 quoniam
807 3777 907 3813 non
938 3760 1249 3829 derelinques
1273 3759 1495 3810 animam
1527 3771 1687 3810 meam
1724 3756 1776 3808 in

192 3860 409 3927 inp-mo.
464 3856 666 3911 Deinde
714 3853 1023 3908 testimonio
1070 3851 1381 3921 prOphctico
1435 3849 1582 3904 addit
1627 3867 1640 3903 :
1685 3847 1777 3902 29.

207 3946 302 4000 It’in'
331 3955 539 4020 fratres.
560 3945 694 4002 Cum
718 3959 966 4011 maguum
988 3940 1258 4012 quidpiam
1286 3941 1524 3995 dicturus
1546 3949 1645 4004 cst,
1674 3938 1776 3992 hoc

197 4045 354 4096 tuitur
382 4041 672 4110 proo-mio,
706 4047 763 4091 ιιι
783 4038 901 4090 illos
923 4035 1118 4090 excitet
1146 4043 1201 4088 et
1219 4033 1439 4087 alliciat.
1473 4031 1663 4094 Liceat,
1697 4031 1780 4083 in-

197 4139 326 4204 quit,
355 4136 605 4188 audenter
626 4133 794 4186 dicere
814 4131 952 4184 vobis
975 4129 1040 4183 de
1069 4128 1361 4199 patriarcha
1385 4125 1568 4179 David.
1598 4120 1782 4193 Magna

201 4227 467 4280 humilitas
499 4241 514 4277 :
549 4223 638 4277 ubi
681 4219 808 4277 nihil
833 4225 919 4275 est
943 4218 1142 4280 damni,
1188 4215 1480 4272 demissius
1522 4212 1781 4284 loquitur.

202 4315 428 4385 ﬂamine
461 4330 570 4368 non
599 4312 754 4375 dixit,
799 4311 912 4364 haec
941 4309 1009 4364 de
1047 4307 1285 4370 Christo,
1329 4320 1434 4359 non
1477 4303 1544 4360 de
1587 4299 1787 4358 Davide

204 4407 336 4459 dicta
364 4406 570 4466 fois~e;
614 4402 774 4472 idque
797 4399 1084 4454 admodum
1124 4396 1436 4466 prudenter,
1479 4404 1534 4448 tit
1577 4393 1697 4448 illos
1721 4406 1786 4448 ex

209 4513 390 4566 magno
419 4512 546 4565 erga
579 4495 790 4547 beatum
824 4489 1074 4545 Davidem
1110 4487 1315 4542 honore
1340 4486 1404 4538 ad
1433 4483 1788 4538 reverentiam

209 4587 511 4649 deduceret,
543 4584 703 4639 simul
732 4583 873 4638 circa
897 4579 1024 4635 illud
1047 4577 1191 4649 quod
1220 4577 1269 4630 in
1298 4572 1546 4631 confesso
1573 4582 1706 4637 erat,
1735 4580 1791 4628 et

211 4681 331 4736 ilnd
379 4679 521 4750 quod
574 4675 828 4730 audacius
870 4672 1072 4727 dictum
1127 4668 1425 4725 vidi-batur.
1481 4663 1792 4720 demulcens

213 4775 325 4826 illos
349 4773 535 4827 laudes
572 4767 894 4822 adhibendo.
942 4764 1068 4819 Ideo
1103 4779 1232 4827 non,
1263 4761 1338 4816 De
1367 4760 1552 4822 David,
1587 4766 1789 4813 tantum

212 4862 380 4924 disit;
411 4862 530 4926 sed,
565 4859 640 4913 De
665 4856 956 4927 patriarcha
986 4851 1176 4916 David,
1208 4851 1326 4918 quia
1353 4853 1620 4920 defunctus
1649 4854 1720 4902 est
1744 4857 1794 4902 et

217 4957 450 5021 sep-litis.
479 4953 597 5008 Non
626 4951 738 5019 jam
774 4948 923 5011 dicit,
960 4943 1028 5001 Et
1066 4959 1172 4998 non
1207 4943 1532 5004 resurrexit;
1564 4940 1659 4996 sed
1689 4937 1794 4995 alio

220 5046 370 5100 modo
386 5055 533 5101 recte
558 5045 660 5098 hoc
682 5043 856 5111 ipsum
882 5039 1122 5094 declarat
1145 5051 1209 5090 ac
1232 5033 1361 5089 dicit
1386 5053 1399 5084 :
1427 5033 1490 5088 Et
1509 5034 1796 5103 sepulcrum

219 5137 347 5191 illius
373 5148 446 5191 est
473 5135 615 5203 apud
645 5150 736 5187 nos
764 5147 919 5202 usque
959 5131 1012 5184 iu
1039 5127 1340 5182 hodiernam
1382 5126 1532 5179 diem.
1567 5124 1792 5188 Deinde,

223 5241 273 5282 ut
299 5229 437 5300 quod
466 5228 712 5282 voluerat
741 5225 1039 5294 apparavit,
1069 5234 1244 5290 neque
1271 5219 1348 5272 sic
1384 5218 1527 5272 venit
1551 5216 1616 5271 ad
1642 5215 1798 5271 Chri-

227 5332 373 5387 ItIm,
399 5321 494 5377 sed
528 5333 714 5375 rursus
746 5315 998 5370 Davidem
1020 5313 1220 5368 laudat.
1244 5311 1334 5366 50.
1361 5309 1621 5372 Propheta
1643 5309 1798 5379 igitur

231 5430 329 5467 tl-
355 5423 499 5477 σείει,
527 5423 575 5465 et
593 5410 744 5466 sciret
769 5409 886 5475 quia
911 5406 1254 5479 jurejurando
1290 5404 1506 5469 iurasset
1536 5401 1613 5455 illi
1636 5399 1795 5455 Deus.

284 5509 337 5561 2.
380 5507 507 5563 llaec
537 5519 698 5573 porro
719 5503 865 5566 dicit,
893 5509 951 5555 ut
977 5499 1166 5554 saltem
1187 5497 1257 5553 oh
1279 5498 1536 5553 honorem
1559 5505 1614 5550 et
1630 5507 1798 5564 genus

237 5603 402 5668 ipsius,
448 5598 678 5654 verbum
704 5597 774 5651 de
813 5593 1202 5650 resurrectione
1240 5591 1606 5660 susciperent;
1646 5587 1794 5658 quasi

241 5695 497 5766 tropi-eu:
521 5690 810 5747 lxderetur
836 5687 938 5742 nisi
967 5685 1067 5743 hoc
1094 5697 1252 5765 esset,
1281 5694 1336 5745 et
1365 5683 1516 5754 quasi
1556 5681 1790 5750 ipsorum

1830 348 2016 402 honori
2034 349 2400 418 derogarctitr.
2424 347 2490 400 Et
2515 351 2695 418 scietis,
2726 352 2912 423 inquit,
2941 358 3058 426 quia
3075 360 3415 430 jurejurando

1821 445 2046 513 jurasset
2084 439 2162 495 illi
2213 441 2367 496 Deus.
2407 441 2519 496 Non
2557 445 2871 516 simpliciter
2913 449 3066 514 dixit,
3119 452 3414 520 Promisit;

1831 535 2096 605 sed,quod
2147 535 2318 605 majus
2345 547 2480 602 erat,
2523 537 2832 594 Jttramcnto
2867 541 3085 609 juravit,
3129 543 3208 599 De
3251 549 3421 618 fructu

1833 629 1990 683 lumbi
2031 631 2145 696 eius
2180 631 2431 683 oriturum
2477 631 2733 685 Christum
2767 636 3043 688 secundum
3092 654 3334 703 carnem;
3366 650 3424 693 ut

1833 721 2025 775 sederet
2059 733 2211 790 super
2240 722 2473 775 thronum
2500 722 2679 792 ipsius.
2725 723 2876 786 Vide,
2906 733 2961 778 ut
2986 726 3196 781 excelsa
3228 729 3422 783 iterum

1835 813 2157 868 snhindicet.
2218 814 2505 881 Postquam
2559 815 2701 869 enim
2758 815 2876 870 illos
2927 818 3108 873 verbis
3158 819 3426 888 placavit,

1839 907 2067 961 fidenter
2095 905 2198 962 hoc
2227 907 2500 974 [tl‘OpIIcl:I‘.
2538 907 2740 962 dictum
2778 909 2974 974 attulit,
3007 919 3063 964 et
3089 910 3156 965 de
3183 927 3430 967 resurre-

1838 1002 2016 1055 ctione
2043 1001 2295 1071 loquitur.
2332 1001 2420 1055 51.
2467 1002 2599 1065 Quia
2645 1018 2804 1072 neque
2834 1004 3006 1056 animo
3043 1003 3154 1073 ejus
3193 1005 3432 1060 derelicta

1841 1104 1912 1146 est
1939 1093 1990 1146 iu
2024 1094 2242 1163 inferno,
2271 1109 2430 1161 neque
2457 1109 2576 1145 caro
2603 1094 2711 1164 ejus
2739 1094 2861 1147 vidit
2887 1095 3280 1165 corruptionem.
3317 1095 3432 1150 lloc

1844 1197 2027 1239 rursus
2054 1186 2246 1239 mit-tun
2293 1193 2376 1238 est
2404 1202 2415 1236 :
2443 1185 2677 1238 ostendit
2703 1186 2868 1249 enim,
2909 1200 3016 1240 non
3057 1185 3286 1240 similem
3316 1187 3437 1241 aliis

1846 1292 1965 1331 esse
1993 1277 2458 1331 resurrectionem.
2491 1275 2724 1330 Detinult
2753 1277 2895 1331 enim
2942 1279 3087 1332 illum
3127 1293 3293 1342 mors,
3337 1293 3441 1334 nec

1847 1383 1940 1420 sua
1965 1368 2016 1422 in
2045 1384 2167 1422 eum
2199 1375 2418 1437 operata
2448 1377 2548 1421 cst.
2585 1364 2648 1422 Et
2671 1381 2945 1438 peccatum
2968 1368 3184 1440 quidem
3206 1370 3307 1425 suh
3330 1386 3443 1424 ιιιιιο

1850 1463 1943 1517 bra
1972 1463 2124 1524 dixit,
2160 1474 2369 1531 pinnam
2403 1473 2579 1517 autem
2614 1479 2717 1515 non
2749 1462 2972 1528 addidit,
3005 1461 3098 1518 sed
3125 1463 3265 1532 quod
3294 1467 3438 1519 oeci.

1850 1556 2029 1611 derint
2069 1556 2357 1610 declaravit
2401 1574 2413 1609 :
2461 1552 2653 1611 deinde
2709 1555 2775 1609 ad
2837 1557 3048 1625 signum
3111 1557 3204 1612 Dei
3268 1560 3440 1613 venit.

1853 1647 2076 1716 Quando
2111 1659 2289 1702 autem
2318 1648 2739 1703 demonstratum
2772 1659 2874 1713 est,
2914 1648 3116 1717 justum
3157 1665 3277 1704 esse
3317 1665 3443 1704 eum

1853 1741 1940 1809 qui
1970 1740 2180 1793 occisus
2223 1739 2335 1803 fuit,
2371 1747 2425 1794 et
2463 1738 2554 1793 Dei
2600 1739 2850 1803 amicum,
2885 1739 3092 1793 etiamsi
3117 1754 3328 1808 pinnam
3359 1749 3446 1794 ta.

1855 1845 2001 1896 ccas,
2033 1831 2075 1885 is
2116 1832 2202 1898 qui
2246 1831 2505 1901 peccavit,
2540 1846 2660 1886 sese
2705 1832 2870 1898 magis
2908 1847 3066 1902 quam
3111 1835 3163 1884 tu
3214 1832 3443 1897 laceres,

1857 1924 2254 1979 condemnabit.
2279 1923 2466 1978 Omnia
2496 1925 2671 1993 itaque
2691 1925 2756 1978 ad
2780 1925 2990 1979 Patrem
3018 1923 3200 1990 refert,
3225 1934 3282 1978 ut
3305 1926 3444 1979 dicta

1860 2017 2134 2085 recipiant.
2168 2015 2366 2070 Deinde
2394 2015 2542 2076 illud,
2569 2013 2892 2084 Impossibile
2919 2027 3045 2079 erat,
3075 2033 3138 2070 ex
3168 2015 3445 2084 prOpheIia

1865 2109 2089 2162 induxit.
2144 2107 2348 2160 Rursus
2377 2123 2501 2161 vero
2533 2108 2708 2178 priora
2754 2116 3077 2178 repetamus.
3128 2102 3327 2168 Iesum,
3365 2108 3449 2159 in-

1864 2201 1998 2268 quit,
2032 2197 2377 2262 Nazareuum,
2409 2199 2570 2250 virum
2606 2200 2940 2269 approbatum
2974 2216 3004 2250 a
3037 2192 3143 2251 Deo
3183 2203 3232 2251 iu
3275 2200 3408 2252 vobis
3433 2215 3452 2252 :

1867 2290 1915 2344 id
1939 2300 2039 2353 est,
2073 2291 2140 2345 de
2165 2306 2271 2360 quo
2294 2290 2424 2344 nihil
2452 2289 2670 2344 dubium
2698 2300 2800 2356 est,
2835 2291 2926 2344 sed
2955 2306 3018 2344 ex
3051 2291 3302 2359 operibus
3332 2307 3452 2361 pro-

1868 2381 2068 2435 batum.
2114 2381 2204 2436 Sic
2239 2393 2290 2435 et
2323 2381 2644 2436 Nicodemus
2669 2381 2878 2436 dicebat
2910 2398 2922 2436 :
2959 2382 3121 2452 Signa
3159 2383 3267 2436 Iuec
3309 2401 3458 2437 nemo

1871 2483 2031 2541 potest
2075 2477 2242 2544 facere
2279 2487 2392 2542 qua:
2434 2481 2487 2526 tu
2532 2473 2660 2542 facis
2701 2471 2877 2543 (Joau.
2921 2475 2974 2528 5.
3021 2474 3100 2544 9).
3157 2472 3454 2537 Virtutibus,

1871 2566 2061 2634 inquit,
2095 2565 2360 2635 prodigiis,
2393 2575 2439 2618 et
2483 2565 2663 2636 signis,
2697 2581 2810 2634 quia
2851 2566 2968 2636 fecit
2999 2563 3133 2620 Deus
3165 2584 3253 2636 per
3290 2567 3457 2635 ipsum

1872 2660 1924 2712 in
1956 2658 2118 2710 medio
2141 2658 2307 2710 uestri.
2341 2657 2518 2725 itaque
2545 2673 2648 2709 non
2675 2657 2833 2719 clam,
2864 2657 2908 2710 si
2943 2658 2992 2710 in
3017 2657 3245 2713 inedio'.
3279 2659 3461 2712 Primo

1875 2752 1941 2806 ab
1967 2752 2051 2817 iis,
2090 2767 2209 2820 qum
2242 2761 2364 2804 nota
2409 2749 2537 2818 ipsis
2563 2759 2737 2815 erant,
2765 2751 3002 2814 orditur;
3033 2763 3087 2805 et
3115 2761 3238 2806 tunc
3279 2751 3344 2806 ad
3373 2767 3461 2806 oc-

1876 2842 2016 2898 culta
2062 2843 2226 2896 venit.
2261 2842 2462 2896 Deinde
2504 2849 2624 2894 etim
2673 2844 2766 2901 ait,
2815 2839 2908 2894 Dei
2951 2843 3182 2906 consilio,
3229 2845 3463 2898 ostendit

1881 2937 2021 3005 ipsos
2053 2934 2102 2990 id
2134 2933 2309 2989 facere
2337 2950 2442 2988 non
2476 2934 2710 3004 potuisse
2739 2951 2753 3000 ;
2781 2943 2835 2989 et
2879 2934 3003 2989 illttd
3045 2951 3163 2989 esse
3191 2937 3460 3006 quidpiam

1878 3027 2146 3096 sapienter
2174 3037 2226 3081 et
2254 3039 2348 3096 per
2377 3026 2730 3080 meonomiam
2761 3025 2978 3093 factum,
3007 3027 3268 3097 siquidem
3295 3043 3322 3080 a
3357 3029 3465 3083 Deo

1881 3117 1997 3186 ipso
2035 3125 2168 3171 erat.
2206 3116 2469 3186 Quodque
2503 3117 2785 3172 molestum
2816 3128 2948 3182 erat,
2981 3118 3088 3172 cito
3125 3122 3462 3176 transcurrit.

1881 3207 2089 3280 Ubique
2120 3209 2224 3263 illis
2250 3209 2484 3263 studium
2514 3219 2628 3263 erat
2654 3209 2960 3277 ostendere,
2997 3211 3166 3279 ipsum
3197 3222 3465 3266 inortntmi

1885 3301 2046 3356 fuisse
2073 3318 2086 3355 :
2119 3301 2269 3356 Licet
2299 3317 2392 3356 vos
2423 3305 2765 3372 negaveritis,
2792 3303 2980 3373 inquit.
3011 3305 3082 3359 illi
3108 3306 3470 3360 testilit-nhnn-

1885 3401 1986 3448 tur.
2022 3394 2120 3462 Qtti
2171 3411 2297 3449 vero
2341 3395 2499 3449 morti
2549 3397 2756 3464 negotia
2799 3396 3032 3461 lacessit,
3081 3397 3249 3450 multo
3298 3398 3468 3466 n‘tagis

1887 3492 2081 3558 poterit
2124 3490 2185 3543 iis
2213 3489 2300 3558 qui
2343 3489 2744 3543 crttciﬁxcrnnt.
2799 3491 2866 3542 At
2914 3489 3043 3542 nihil
3098 3488 3273 3542 simile
3320 3489 3471 3550 dicit,

1888 3597 2099 3650 nempe,
2132 3581 2347 3636 Poterat
2379 3595 2472 3633 vos
2497 3579 2565 3636 de
2597 3581 2772 3635 medio
2798 3580 3004 3645 tolli-re,
3035 3580 3128 3634 sed
3161 3581 3476 3650 simpliciter

1887 3674 2264 3729 sultittdicavit.
2309 3675 2525 3728 ltiti-ritu
2558 3689 2686 3729 vero
2729 3689 2794 3726 ex
2845 3674 3002 3727 dictis
3040 3672 3319 3740 discimus,
3351 3673 3476 3742 quid

1886 3767 1955 3820 sit
1999 3767 2147 3829 illttd,
2199 3777 2402 3820 tenere.
2429 3766 2560 3820 Nam
2590 3768 2676 3834 qui
2707 3783 2827 3819 cum
2860 3765 3048 3820 dolore
3076 3766 3274 3835 aliquid
3307 3777 3477 3820 tenet.

1888 3873 1991 3912 non
2033 3857 2159 3910 illitd
2207 3858 2430 3920 retinet;
2477 3871 2649 3920 neque
2694 3857 2824 3924 agit,
2856 3850 2949 3909 sed
2996 3855 3211 3924 patitur,
3253 3865 3304 3908 et
3347 3855 3479 3909 illud

1888 3945 2384 4019 ahjiccre'l‘estinat.
2412 3949 2486 4000 Ac
2506 3946 2724 4017 pulchre
2752 3947 2901 4011 dicit,
2923 3946 3090 3999 Dauid
3122 3947 3253 4000 enim
3283 3946 3404 3999 dicit
3429 3947 3481 4000 iu

1889 4061 2000 4099 eum
2025 4057 2046 4107 ;
2076 4058 2141 4098 ne
2167 4041 2364 4096 dictum
2390 4039 2517 4094 illttd
2541 4041 2591 4092 in
2614 4037 2927 4108 prophetam
2954 4035 3247 4092 derivares.
3273 4036 3480 4105 Vidi-tt‘,

1890 4133 2158 4205 quomodo
2180 4132 2396 4188 detnum
2419 4130 2748 4202 prophetiam
2779 4129 3177 4199 interpretetur,
3206 4139 3256 4182 et
3285 4127 3482 4182 nudam

1891 4235 2142 4296 exponat,
2174 4222 2466 4280 ostendens
2504 4220 2773 4292 quomodo
2806 4218 2991 4274 sedeat
3029 4229 3193 4289 super
3230 4217 3481 4273 thronum

1893 4324 2085 4378 suum?
2123 4309 2346 4390 regnum
2387 4318 2529 4373 enim
2575 4311 2854 4386 spirimale
2899 4314 2949 4368 in
2997 4311 3142 4369 caelis
3181 4321 3283 4368 est.
3327 4308 3485 4380 Vide,

1894 4412 2164 4485 quomodo
2189 4426 2310 4465 cum
2341 4409 2732 4464 resurrectione
2760 4419 2982 4476 regnum
3004 4403 3296 4460 declaravit
3321 4401 3377 4457 in
3403 4418 3491 4458 re-

1894 4503 2163 4575 surgendo
2187 4513 2482 4572 acceptum.
2511 4499 2752 4554 Ostendit
2785 4498 3154 4552 necessitatem
3178 4495 3342 4550 fuisse
3366 4509 3488 4565 pro-

1896 4597 2072 4668 phetae
2115 4593 2328 4648 dicendi
2361 4610 2374 4648 :
2404 4591 2472 4647 de
2496 4591 2587 4646 illo
2621 4605 2850 4659 namque
2891 4597 3005 4642 erat
3045 4587 3342 4658 prophetia.
3382 4583 3492 4642 Cur

1900 4704 2002 4742 non
2034 4686 2188 4747 dixit,
2224 4684 2300 4740 De
2327 4697 2494 4754 regno
2523 4681 2639 4752 ejus
2664 4696 2679 4746 ;
2705 4679 2824 4747 sed,
2855 4675 2934 4733 De
2953 4678 3318 4732 resurrectione
3342 4677 3494 4746 ejus?

1899 4780 2141 4847 Magnum
2173 4776 2274 4831 hoc
2302 4784 2440 4832 erat.
2470 4771 2751 4842 Quomodo
2775 4778 2953 4826 autem
2999 4770 3051 4824 iit
3081 4768 3276 4824 throno
3312 4765 3494 4823 sedit?

1903 4872 1955 4925 In
1987 4869 2201 4924 Jtidiros
2230 4878 2481 4936 regnans.
2513 4863 2664 4930 Quod
2695 4861 2741 4916 si
2771 4862 2824 4915 in
2861 4859 3094 4923 Judaeos,
3125 4858 3294 4913 multo
3321 4857 3492 4926 magis

1902 4965 1954 5018 in
1981 4979 2074 5018 eos
2115 4961 2202 5031 qui
2235 4958 2619 5016 cruciﬁxerttnt
2661 4955 2835 5009 illum.
2869 4951 2989 5008 Non
3019 4951 3153 5004 enim
3188 4960 3313 5004 caro
3355 4947 3486 5020 ejus,

1902 5058 2094 5128 inquit,
2126 5054 2252 5109 uidit
2289 5051 2681 5121 corruptionem.
2715 5046 2825 5100 Hoc
2853 5041 3264 5104 resurrectione,
3297 5040 3486 5110 inquit,

1902 5152 2078 5205 minus
2127 5146 2357 5205 \idetur,
2407 5141 2502 5196 sed
2558 5139 2785 5208 idipsum
2830 5143 2931 5190 est.
2973 5132 3062 5189 52.
3117 5129 3267 5186 Hunc
3309 5129 3490 5185 Iesum

1901 5241 2158 5297 stiscitavit
2203 5234 2358 5290 Deus.
2393 5227 2546 5295 Vide,
2577 5226 2846 5300 quomodo
2877 5240 2982 5281 non
3021 5225 3178 5280 aliter
3208 5222 3355 5277 illum
3393 5235 3491 5292 ap-

1906 5336 2084 5405 pellet.
2116 5329 2274 5402 Cujus
2315 5344 2406 5381 uos
2433 5340 2606 5380 omnes
2643 5331 2789 5376 testes
2810 5335 3002 5374 sumus.
3025 5318 3116 5374 55.
3148 5314 3370 5371 Dextera
3393 5311 3491 5405 igio-

1904 5395 1986 5483 iur
2018 5425 2109 5479 Dei
2131 5395 2403 5477 excitatus.
2440 5415 2646 5472 Rursus
2673 5413 2737 5468 ad
2765 5413 2976 5467 Patrem
2998 5409 3254 5477 confugit,
3281 5395 3494 5460 etiamsi

1904 5517 2033 5576 satis
2061 5525 2175 5573 erat
2206 5513 2256 5568 id
2287 5509 2487 5567 dixisse
2529 5508 2711 5579 prius:
2752 5504 2844 5559 sed
2887 5502 2987 5558 scit
3021 5499 3203 5572 quanti
3235 5491 3484 5550 momenti

1976 5680 1989 5709 ‘
2029 5673 2170 5733 Illud,
2195 5683 2236 5722 si
2262 5669 2311 5722 in
2347 5663 2523 5720 medio,
2558 5661 2702 5712 deest
2736 5668 2784 5706 in
2821 5651 3138 5719 quihusdam.

3927 85 3935 104 J

3929 199 3935 222 l

3929 583 3935 598 I

3929 615 3935 632 I

3929 687 3935 770 ἓ

3931 771 3935 788 1

3921 849 3935 874 td

3916 1117 3935 1382 l
