4026 6216
439 281 508 338 59
1157 264 1212 320 s.
1253 257 1533 318 JOANNIS
1565 253 2034 316 GltRVsoSTOttt
2077 251 2386 308 ARCltlEP.
2431 253 2960 313 coasmnmor.
3649 268 3718 326 σθ

441 401 511 450 sit
560 392 708 449 illud.
767 386 863 442 llic
903 395 1117 451 quoque
1159 374 1581 444 assumptionem
1628 368 2018 426 subindicavit.

443 492 721 558 iputmquc
746 481 803 532 in
833 476 980 531 Caelis
1005 488 1159 537 esse;
1208 469 1300 524 sed
1354 467 1458 523 hoc
1503 480 1608 521 non
1656 463 1828 534 palam
1876 462 2025 515 dicit.

452 552 508 631 hit
543 552 892 645 promissione,
933 565 1123 634 inquit,
1164 561 1325 617 sancti
1372 559 1597 628 Spiritus
1621 564 1850 624 accepta.
1896 552 2030 608 Vide

441 667 711 741 qumuodo
739 664 889 718 initio
917 662 1058 715 'ilCdl.
1087 675 1188 710 non
1211 655 1502 715 Christum,
1528 650 1620 705 sed
1646 650 1855 703 Patrem
1884 647 2026 700 illutn

443 761 653 817 misisse
679 776 689 810 :
720 767 996 825 pestqnam
1027 767 1152 806 vero
1180 750 1326 819 signa
1349 749 1464 816 ejus
1487 741 1820 806 memoravit,
1839 747 1892 792 et
1911 753 2029 808 qua:

443 854 610 912 Judzei
645 854 694 906 in
728 851 878 907 illum
921 847 1174 906 fecerant,
1207 857 1270 895 ac
1298 840 1365 894 de
1408 835 1802 893 resurrectione
1838 833 2029 901 loquu-

443 959 525 1000 tus
555 946 673 1006 fuit,
708 952 829 996 tunc
858 939 1082 994 lidenter
1103 935 1168 988 de
1196 932 1277 986 his
1304 943 1606 984 sermonem
1643 925 1820 985 habet,
1846 935 2032 976 rursus

444 1042 562 1092 illos
591 1046 754 1092 testes
793 1047 892 1102 per
930 1040 1213 1093 utrumque
1258 1037 1473 1078 sensum
1526 1017 1810 1088 producit:
1844 1029 1906 1068 ac
1946 1030 2036 1069 re-

446 1125 797 1183 surrectionis
857 1121 1071 1191 quidem
1129 1117 1436 1186 frequenter
1483 1109 1764 1170 meminit,
1819 1105 2029 1159 il'orum

447 1237 578 1273 vero
605 1215 826 1272 sceleris
856 1213 1023 1267 semel
1058 1221 1280 1274 tantum,
1310 1222 1376 1260 ne
1403 1203 1533 1275 ipsis
1562 1200 1712 1256 oneri
1743 1197 1937 1252 esset‘.
1967 1194 2032 1248 Et

442 1323 669 1383 acccp‘a.
701 1309 890 1378 inquit,
933 1305 1156 1373 Spiritus
1197 1300 1360 1354 sancti
1388 1295 1736 1368 promissione.
1771 1290 1884 1344 lloc
1911 1304 2031 1339 rur-

443 1420 534 1459 sus
563 1381 810 1473 magnum
842 1407 942 1454 est.
978 1398 1112 1451 l’uto
1131 1403 1330 1456 autem,
1357 1391 1527 1459 ipsum
1559 1402 1697 1439 ItltttC
1724 1381 2007 1454 promissio

449 1512 568 1550 ιιοιιι
597 1495 779 1548 dicere
806 1500 930 1545 ante
957 1487 1259 1560 passionem
1289 1481 1489 1536 datam.
1524 1477 1653 1532 Vide
1681 1487 1882 1538 autem,
1903 1488 2030 1540 quo-

446 1587 606 1642 tuodo
640 1594 806 1640 totum
830 1583 938 1652 jam
983 1580 1055 1633 illi
1088 1574 1376 1636 adscribat,
1410 1587 1521 1625 rem
1556 1582 1801 1638 magnam
1829 1564 2035 1619 occulte

447 1679 669 1734 faciens.
715 1675 845 1730 Nam
879 1674 921 1728 si
968 1671 1082 1740 ipse
1130 1666 1334 1730 effudit,
1365 1664 1430 1718 de
1473 1661 1562 1716 illo
1587 1675 1742 1729 supra
1766 1655 2035 1728 propheta

448 1772 783 1841 loquebatur,
806 1765 991 1820 dicens
1021 1781 1034 1816 :
1066 1760 1129 1815 In
1162 1756 1442 1812 novissimis
1469 1752 1645 1808 diebus
1687 1749 1947 1816 e/fnndam
1975 1751 2036 1799 de

449 1867 649 1933 Spiritu
679 1878 785 1915 mco
812 1873 1138 1930 superscrvos
1162 1869 1295 1907 meos
1316 1862 1360 1903 et
1379 1866 1529 1920 super
1553 1846 1766 1900 ancillas
1793 1859 1928 1896 meas
1948 1860 1964 1903 ;
1987 1851 2035 1894 et

447 1956 577 2011 (laba
601 1943 832 2024 prodigia
862 1955 914 2005 in
950 1950 1073 2004 ca’lo
1110 1962 1332 2001 sursum.
1354 1941 1506 2006 Vide,
1531 1939 1704 2010 qualia
1723 1936 1930 1991 occulte
1958 1933 2037 1986 in-

450 2058 697 2104 terscrat.
732 2046 836 2101 Sed
859 2046 980 2114 quia
1004 2055 1192 2111 magna
1221 2053 1304 2092 res
1330 2045 1464 2101 erat,
1485 2049 1669 2088 rursus
1691 2031 1832 2084 illaut
1857 2030 2039 2082 obum-

449 2143 589 2206 brat,
637 2139 786 2210 quasi
827 2153 856 2191 a
897 2138 1056 2191 Patre
1096 2131 1382 2199 acceperit.
1429 2129 1563 2181 Dicit
1603 2125 1737 2178 lmlt:t
1781 2125 2034 2192 pra-stita.

447 2237 626 2306 signa;
669 2231 810 2301 quod
850 2230 920 2283 sit
958 2228 1090 2290 Rex,
1133 2223 1274 2294 quod
1314 2221 1379 2274 ad
1423 2221 1567 2289 ipsos
1607 2218 1858 2271 venerit:
1900 2215 2040 2268 dixit

447 2325 589 2396 quod
623 2325 736 2393 ipse
776 2323 866 2375 det
905 2319 1161 2388 Spiritum
1202 2323 1469 2367 sanctum.
1498 2313 1858 2378 Qua-cumque
1895 2306 2036 2361 enim

450 2421 569 2487 quis
607 2416 822 2477 dixerit,
853 2413 953 2466 nisi
987 2411 1051 2462 ad
1092 2410 1374 2462 utilitatem
1416 2404 1616 2465 tendat,
1661 2413 1859 2454 temere
1889 2400 2037 2452 dicit.

450 2512 598 2566 Sicut
631 2517 685 2562 et
713 2507 947 2562 Joannes
980 2503 1122 2566 facit,
1163 2501 1350 2554 dicens
1384 2516 1396 2551 :
1431 2497 1551 2566 Ipse
1576 2512 1660 2548 vos
1691 2493 1961 2562 baptizabit
1988 2493 2041 2546 in

453 2601 655 2672 Spirim
699 2607 874 2654 sancto
919 2593 1135 2665 (Matth.
1180 2594 1232 2648 '5.
1276 2589 1387 2654 ll).
1431 2589 1493 2642 Et
1535 2585 1785 2648 ostendit,
1827 2599 2040 2637 crucem

451 2710 559 2749 non
600 2691 760 2748 modo
800 2692 969 2758 ipsum
1012 2701 1117 2740 non
1159 2682 1437 2742 llllllltiSSC.
1475 2679 1566 2734 sed
1607 2679 1767 2731 etiam
1809 2675 2044 2745 splendi-

453 2787 658 2841 diorcm
685 2781 1014 2841 reddidisse;
1040 2776 1304 2846 siquidem
1334 2773 1473 2842 quod
1499 2773 1571 2826 illi
1603 2771 1727 2823 olim
1763 2769 1900 2823 lteus
1923 2783 2045 2836 pro-

455 2879 694 2940 miserat,
730 2887 851 2928 tunc
878 2873 1043 2927 dedit.
1079 2872 1173 2924 -\'el
1206 2869 1636 2942 promissionem,
1668 2864 1858 2939 inquit,
1885 2879 2043 2936 quam

456 2970 608 3024 uoltis
637 2965 903 3042 ιιιόιιιίτίι.
938 2965 1027 3023 Sic
1073 2965 1299 3020 l'uluram
1343 2961 1674 3030 pra'sciebat,
1707 2969 1762 3013 et
1789 2957 2043 3026 majorem

455 3065 613 3119 nobis
646 3071 764 3132 post
791 3075 1003 3116 crucem
1049 3059 1409 3127 largitus-cst.
1449 3055 1533 3118 Et,
1590 3050 1808 3116 lf/fudit,
1852 3050 2043 3118 inquit.

458 3161 555 3214 llic
594 3158 904 3226 dignitatem
955 3152 1212 3214 declarat,
1269 3164 1368 3202 nec
1412 3147 1739 3213 simpliciter,
1789 3143 1884 3198 sed
1925 3158 2044 3196 cum

461 3253 726 3304 ubertate.
768 3247 888 3300 Ideo
920 3245 1022 3298 hoc
1062 3244 1232 3311 ipsum
1284 3241 1455 3309 palam
1503 3238 1719 3298 faciens,
1769 3235 2045 3305 sequentia

462 3341 681 3394 inducit.
726 3337 914 3392 Postea
965 3333 1104 3388 enim
1149 3331 1392 3392 fidenter,
1445 3337 1562 3398 post
1609 3327 1838 3394 Spiritus
1877 3325 2045 3379 sancti

462 3445 654 3485 munus
699 3428 902 3490 datmn,
948 3425 1015 3479 de
1053 3422 1416 3492 assumptione
1461 3423 1511 3474 in
1559 3421 1719 3474 cados
1766 3418 2043 3487 loquitur:

462 3539 635 3593 neque
667 3519 978 3590 simpliciter
1007 3534 1020 3581 ;
1050 3515 1142 3572 Sed
1175 3525 1359 3568 testem
1392 3528 1602 3567 rursum
1635 3509 1955 3580 produecns,
1996 3516 2050 3562 et

464 3617 612 3670 illum
645 3627 946 3668 memorans
967 3611 1030 3663 de
1052 3623 1157 3678 quo
1178 3607 1422 3661 Christus
1442 3605 1594 3659 dixit.
1629 3605 1716 3658 54.
1752 3602 1868 3655 Non
1891 3601 2046 3664 enim,

464 3711 655 3780 inquit,
702 3706 864 3761 David
894 3703 1120 3758 ascendit
1145 3703 1199 3754 in
1221 3701 1420 3753 (telum.

539 3805 591 3856 5.
628 3802 722 3856 llic
748 3804 855 3868 jam
883 3814 985 3852 non
1025 3795 1259 3850 demisse
1292 3793 1546 3862 loquitur,
1581 3800 1850 3860 assumpta
1883 3806 1948 3844 ex
1971 3789 2052 3843 di-

466 3897 566 3950 ctis
595 3893 781 3946 lidm-ia
818 3909 830 3942 :
868 3905 1038 3958 neque
1063 3887 1211 3950 dicit,
1237 3885 1423 3940 Liceat
1453 3885 1654 3945 dicere.
1687 3885 1771 3938 vel
1820 3883 2050 3946 similia;

466 3987 560 4042 sed
595 3987 764 4055 palam
796 4001 807 4036 :
845 3983 984 4038 Dicit
1017 3981 1260 4034 Dominus
1293 3977 1516 4031 Domino
1549 3993 1677 4038 meo,
1712 3976 1846 4030 Sede
1870 3995 1899 4028 (ι
1931 3975 2054 4027 (litt-

468 4083 559 4136 tris
589 4081 729 4144 meis,
769 4079 926 4132 donec
957 4073 1386 4145 ponaminimicos
1408 4080 1538 4133 tuos,
1569 4070 1842 4123 scabellnm
1870 4068 2051 4135 pedum

471 4186 668 4229 tuorum
717 4171 899 4242 (Psal.
933 4169 1054 4224 109.
1084 4167 1175 4232 1).
1217 4164 1274 4220 Si
1325 4163 1535 4216 Davidis
1586 4160 1842 4213 Dominus
1894 4166 2004 4208 erat
2035 4197 2049 4216 ,

470 4271 636 4323 multo
670 4265 835 4334 magis
865 4264 1090 4316 illorum.
1130 4258 1265 4312 Sede
1299 4273 1328 4307 a
1359 4255 1547 4307 dextris
1575 4254 1712 4305 meis.
1747 4249 1938 4303 Totum
1971 4247 2054 4298 hic

471 4359 665 4430 posuit.
692 4356 779 4409 53.
826 4352 998 4404 Donec
1025 4365 1211 4417 ponant
1249 4345 1479 4398 inimicos
1507 4353 1640 4399 (nos,
1671 4339 1944 4393 scalmllum
1971 4353 2055 4401 pe-

472 4450 592 4501 dum
621 4457 840 4498 tuorum.
877 4440 971 4493 llic
1001 4447 1198 4492 metum
1247 4449 1494 4502 magnmn
1536 4434 1743 4493 incutit,
1799 4440 1856 4498 ut
1900 4431 2053 4483 iuit'o

473 4535 818 4599 monstravit;
871 4530 1044 4601 qualia
1099 4541 1289 4596 nempe
1345 4525 1553 4591 amicis,
1595 4524 1771 4594 qualia
1825 4520 2056 4575 inimicis

475 4631 650 4686 faciat.
683 4629 759 4682 Ac
785 4637 968 4678 rursus
991 4619 1294 4688 imperium,
1331 4633 1397 4671 ne
1427 4632 1530 4670 non
1583 4615 1859 4676 credatur,
1915 4612 2058 4666 Patri

473 4719 751 4776 adscribit.
774 4716 904 4784 Quia
941 4716 1116 4782 itaque
1143 4724 1331 4779 magna
1357 4709 1604 4778 loquutus
1634 4715 1744 4769 est,
1787 4719 1972 4758 rursus
1996 4704 2058 4755 ad

477 4810 698 4866 humilia
725 4820 1028 4861 sermonem
1080 4802 1316 4858 deducit.
1350 4800 1439 4854 56.
1491 4799 1642 4854 Certo
1694 4798 1851 4867 igitur
1907 4796 2057 4858 sciat,

477 4903 665 4972 inquit,
695 4900 859 4953 omnis
889 4897 1068 4950 domus
1094 4893 1289 4958 Israel;
1319 4892 1421 4947 hoc
1451 4900 1552 4952 est,
1587 4905 1654 4943 ne
1679 4889 1954 4949 dubitetis,
1996 4902 2062 4941 ne

477 4993 775 5062 ambigatis.
822 4990 1009 5058 Postea
1052 5002 1174 5041 cum
1208 4984 1473 5053 imperio:
1511 4983 1644 5048 Quia
1687 4993 1732 5035 et
1789 4981 2062 5034 Dominum

477 5104 588 5140 enin
618 5099 662 5140 et
690 5085 946 5140 Christum
970 5082 1083 5152 fecit
1112 5080 1263 5133 Deus.
1289 5078 1398 5132 Iloc
1427 5093 1454 5129 a
1484 5074 1680 5130 Davidc
1712 5084 1764 5129 et
1794 5091 1822 5128 a
1849 5073 2064 5126 Psalmo

477 5175 943 5232 commemoravit.
964 5173 1092 5227 Nam
1115 5188 1234 5226 cmn
1264 5169 1532 5223 videretur
1559 5165 1842 5221 dicendmn
1866 5182 1878 5217 :
1905 5163 2066 5219 Certo

482 5268 641 5334 igitur
657 5266 791 5319 sciat
811 5265 987 5318 omnis
1007 5264 1199 5318 domus
1219 5261 1399 5326 Israel,
1425 5259 1564 5329 quod
1584 5273 1612 5311 a
1634 5257 1837 5312 dextris
1858 5255 2062 5317 sedeat;

483 5357 535 5411 id
565 5356 706 5426 quod
736 5371 983 5425 magnum
1014 5365 1126 5408 erat
1155 5369 1168 5406 :
1195 5369 1261 5407 eo
1282 5353 1468 5406 relicto
1490 5350 1629 5405 aliud
1654 5349 1858 5404 inducit
1896 5349 2066 5402 multo

484 5448 758 5510 humilius,
786 5463 906 5500 cum
937 5446 1084 5502 dicit.
1134 5444 1293 5507 Fecit,
1327 5444 1376 5498 id
1408 5455 1512 5507 est,
1545 5442 1840 5497 Constituit.
1885 5443 2068 5510 itaque

488 5539 618 5594 nihil
649 5541 731 5593 hic
759 5541 823 5594 de
851 5538 1172 5603 substantia,
1219 5535 1313 5590 sed
1355 5545 1522 5590 totmn
1556 5535 1655 5589 bac
1703 5535 1770 5590 dc
1819 5551 1878 5589 re
1914 5533 2064 5588 dicit.

554 5702 571 5733 ι
594 5706 718 5760 ttzee,
743 5709 800 5748 ne
825 5710 940 5762 tpsts
963 5696 1098 5750 oneri
1121 5702 1260 5757 esset,
1284 5695 1463 5746 desunt
1489 5697 1536 5744 iu
1555 5695 1833 5758 quibusdan'
1866 5702 1973 5744 Mss.

2136 365 2290 421 Ilum:
2316 367 2512 435 Jcsum,
2537 385 2682 439 quem
2712 387 2796 424 vos
2818 374 3159 442 eruciﬁxistis.
3194 376 3336 433 Bene
3361 377 3466 434 huc
3490 379 3716 448 desunt,

2134 459 2346 513 illorum
2385 461 2623 515 animum
2651 464 2949 532 exagitans.
2976 463 3282 534 Postquam
3309 471 3450 522 enim
3481 473 3718 528 ostendit

2132 561 2386 619 quantum
2415 552 2483 607 sit
2515 552 2735 620 facinus,
2769 563 2895 608 tunc
2915 553 3135 610 demum
3166 557 3335 626 ipsum
3367 559 3624 624 declarat.
3657 576 3712 621 ut

2133 644 2212 696 sic
2241 643 2410 712 majus
2449 646 2797 712 ostendatur,
2828 657 2880 703 et
2909 649 3099 704 timore
3140 651 3259 706 illos
3287 656 3563 726 corripiat.
3595 657 3711 712 Non

2133 735 2278 789 enim
2319 737 2396 790 sic
2449 736 2694 794 homines
2726 740 2996 796 beneficiis
3045 741 3372 808 alliciuntur,
3425 757 3483 801 ut
3529 751 3722 808 timore

2133 827 2479 896 castigantur.
2513 827 2825 884 Admirandi
2853 841 3032 886 autem
3069 835 3193 898 viri,
3227 837 3297 905 pii
3329 852 3393 891 ac
3422 839 3512 893 Dei
3539 842 3719 905 amici,

2134 927 2326 972 neutro
2347 935 2480 988 opus
2511 921 2739 986 habent;
2785 925 2959 993 qualis
2995 936 3111 980 erat
3141 927 3355 994 Paulus,
3386 931 3475 1001 qui
3509 949 3609 987 nec
3637 951 3718 989 rc-

2134 1012 2224 1082 gni
2255 1027 2352 1066 nec
2381 1013 2639 1081 gebenna:
2667 1016 2924 1070 rationem
2956 1016 3206 1073 habebat.

2191 1105 2328 1171 Quid
2345 1107 2407 1158 sit
2427 1123 2598 1160 arnore
2617 1106 2890 1162 Christum.
2911 1109 2973 1162 In
2988 1113 3274 1181 spiritualia
3295 1117 3530 1184 segnities
3549 1119 3728 1171 redar-

2135 1197 2530 1263 gnitur.—lloc
2557 1208 2640 1254 est
2667 1215 2848 1254 amare
2875 1201 3174 1266 Christum,
3210 1204 3312 1260 hoc
3351 1215 3434 1260 est
3471 1223 3574 1261 non
3603 1225 3726 1264 esse

2140 1290 2557 1356 mercenarium,
2592 1305 2763 1362 neque
2805 1301 3066 1362 qnmstum
3107 1297 3187 1349 vel
3219 1297 3726 1366 negotiationem-id

2137 1379 2481 1444 existimare;
2513 1381 2606 1435 sed
2638 1383 2832 1436 virtute
2863 1398 2986 1437 vere
3032 1385 3310 1452 prtedittnn
3358 1403 3509 1451 esse,
3542 1399 3617 1443 -et
3654 1391 3726 1444 ob

2142 1469 2230 1522 Dei
2277 1484 2514 1525 amorem
2565 1473 2743 1526 omnia
2787 1473 2981 1528 facere.
3015 1474 3236 1539 Quantis
3268 1475 3426 1544 igitur
3471 1479 3730 1549 lacrymis

2138 1559 2283 1627 digni
2312 1576 2518 1628 sumus,
2543 1563 2630 1632 qni
2661 1572 2862 1617 tantam
2883 1563 3141 1619 debentes
3162 1582 3489 1633 memorant,
3519 1586 3584 1623 ne
3605 1571 3728 1638 qni-

2138 1649 2260 1705 dem
2307 1661 2360 1704 ut
2407 1656 2766 1722 negotiatores
2814 1670 3035 1724 regnum
3082 1655 3336 1710 ca-lnrum
3392 1660 3730 1727 expetimus?

2139 1744 2307 1799 Tanta
2357 1745 2513 1800 nobis
2560 1746 2871 1814 pollicetur,
2918 1762 3090 1816 neque
3144 1749 3222 1803 sic
3270 1749 3516 1804 audimus
3565 1753 3730 1805 etuti—1

2139 1837 2274 1904 Quid
2318 1838 2440 1892 huic
2472 1839 2762 1894 inimicitia:
2791 1855 2886 1908 par
2917 1839 3112 1894 fuerit?
3143 1842 3299 1910 Atqui
3331 1843 3385 1904 ii,
3419 1843 3507 1912 qui
3541 1845 3728 1898 insana

2143 1930 2378 1998 pctnntitc
2400 1930 2687 2001 cupiditate
2716 1931 2980 1994 laborant,
3009 1933 3121 1986 sive
3152 1933 3332 1987 hostes
3353 1935 3548 1990 adeant
3570 1978 3583 1999 ,
3615 1938 3730 1992 sive

2141 2036 2347 2081 servus,
2377 2022 2490 2075 sive
2518 2021 2920 2076 inimicissimos
2947 2024 3067 2089 sibi,
3099 2034 3153 2080 et
3193 2026 3430 2080 omnium
3458 2029 3693 2093 nequiSsi
3712 2058 3726 2070 ο

2143 2127 2293 2175 mos;
2341 2113 2384 2166 si
2415 2121 2590 2166 tatuen
2640 2123 2858 2183 sperent
2906 2130 2964 2169 se
2995 2129 3153 2184 posse
3194 2132 3288 2185 per
3326 2118 3446 2172 illos
3477 2120 3730 2186 pecunias

2141 2201 2390 2272 adipisci,
2423 2202 2553 2256 nihil
2587 2219 2692 2257 non
2733 2213 2916 2274 agunt,
2965 2206 3096 2274 ipsis
3127 2206 3432 2272 adulantur,
3474 2209 3616 2276 ipsos
3671 2220 3731 2264 ut

2145 2295 2284 2348 Servi
2311 2295 2518 2356 colunt,
2545 2303 2600 2350 et
2625 2296 2863 2349 omnium
2889 2295 3298 2352 honestiSsimos
3328 2299 3545 2364 habent,
3577 2310 3634 2353 ut
3665 2301 3735 2354 ab

2146 2385 2252 2439 illis
2285 2387 2546 2456 accipiant
2581 2404 2594 2440 :
2630 2389 2977 2458 pecuniarqu
3005 2389 3149 2443 enim
3188 2406 3311 2460 spes
3349 2406 3454 2444 non
3486 2392 3610 2444 sinit
3640 2407 3736 2446 eos

2148 2476 2336 2531 horum
2362 2478 2630 2548 quidpiam
2657 2480 2912 2548 cogitare.
2938 2479 3177 2550 Regnum
3201 2489 3377 2535 autem
3402 2498 3506 2535 non
3529 2494 3736 2537 tantum

2148 2570 2364 2639 poterit,
2390 2581 2646 2639 quantmn
2674 2571 2945 2640 pecuniae;
2976 2572 3084 2626 imo
3113 2587 3178 2625 ne
3205 2572 3483 2626 mininunn
3514 2574 3732 2642 quidem

2150 2663 2346 2730 poterit
2372 2678 2383 2712 :
2413 2663 2656 2732 quamvis
2688 2679 2792 2716 ttult
2824 2678 2854 2717 e
2885 2663 3041 2732 vulgo
3069 2663 3330 2732 quispiam
3359 2664 3448 2728 sit,
3481 2665 3568 2733 qui
3606 2665 3734 2718 illud

2149 2755 2430 2824 promittit.
2463 2757 2555 2808 sed
2599 2757 2715 2824 ipso
2766 2771 2978 2825 quoque
3023 2772 3185 2825 regno
3221 2758 3378 2824 longe
3428 2758 3600 2828 major
3643 2760 3733 2811 sit.

2149 2847 2373 2919 Quando
2397 2857 2576 2905 autem
2607 2847 2656 2906 id
2685 2848 2824 2920 quod
2858 2847 3183 2921 promittitur
3203 2863 3426 2921 regnum
3457 2859 3556 2918 CSl,
3581 2849 3709 2908 illud

2150 2959 2256 3013 que
2283 2943 2374 2997 dat
2402 2944 2561 3008 Deus,
2596 2959 2844 3011 maguum
2871 2953 3016 2997 certe
3045 2954 3125 2998 est
3159 2953 3213 2998 et
3235 2944 3364 2998 illud
3397 2957 3451 2999 et
3472 2963 3500 2998 a
3533 2946 3622 2998 tali
3643 2962 3736 2999 ac-

2150 3035 2350 3102 cipere.
2385 3033 2535 3088 Nunc
2555 3042 2732 3088 autem
2755 3033 2974 3103 perinde
2999 3033 3078 3098 fit,
3103 3049 3166 3089 ac
3186 3035 3228 3088 si
3260 3051 3351 3089 rex
3379 3038 3465 3104 qui
3497 3037 3740 3091 lucredes

2151 3134 2202 3180 et
2236 3125 2346 3179 tilio
2373 3123 2682 3180 cobaeredes
2715 3125 2827 3179 vult
2858 3126 3036 3181 facere
3081 3141 3207 3191 eos,
3250 3142 3386 3197 quos
3432 3129 3575 3182 mille
3615 3140 3742 3184 ante

2153 3217 2428 3271 beneticiis
2450 3215 2643 3279 affecit,
2667 3226 3077 3282 contemnatur;
3102 3228 3154 3272 et
3171 3219 3436 3272 latronum
3467 3220 3738 3289 princeps,

2153 3311 2242 3380 qui
2265 3309 2560 3364 innumeris
2585 3318 2640 3364 et
2666 3325 2763 3364 nos
2783 3317 2836 3364 et
2857 3319 3106 3378 parentes
3132 3320 3342 3366 nostros
3364 3313 3516 3365 malis
3537 3313 3740 3378 alfecit,

2154 3416 2208 3459 et
2240 3403 2384 3458 mille
2412 3403 2709 3472 malis-ipse
2736 3403 2926 3472 plenus
2957 3412 3060 3470 est,
3093 3404 3135 3457 si
3166 3419 3324 3457 unum
3351 3403 3567 3457 obolum
3600 3404 3744 3458 olfe-

2155 3503 2257 3561 rat,
2305 3494 2563 3549 adoretur
2599 3510 2627 3547 a
2680 3494 2858 3550 nobis.
2892 3493 3129 3563 Regnum
3155 3495 3437 3564 pollicetur
3470 3495 3629 3558 Deus,
3687 3507 3746 3551 et

2155 3586 2446 3656 deslticitur
2470 3603 2486 3651 ;
2515 3586 2816 3656 gehennam
2839 3588 3087 3641 conciliat
3115 3587 3357 3641 diabolus
3376 3627 3392 3654 ,
3421 3596 3473 3640 et
3506 3585 3744 3640 honora-

2158 3686 2262 3732 tur.
2293 3677 2388 3731 llic
2420 3677 2580 3744 Deus,
2612 3677 2700 3732 ille
2730 3677 2993 3732 diabolus.
3025 3677 3130 3731 Sed
3156 3677 3426 3732 videamus
3450 3686 3743 3746 praecepto-

2159 3785 2274 3824 rum
2297 3769 2608 3824 discrimen.
2643 3769 2698 3824 Si
2720 3770 2867 3824 enim
2893 3768 3021 3822 nihil
3052 3769 3242 3822 borum
3271 3776 3430 3832 es~et,
3467 3782 3636 3837 neque
3659 3767 3745 3822 bEc

2162 3862 2320 3926 Deus,
2377 3862 2466 3915 ille
2513 3861 2793 3921 diabolus;
2827 3875 3000 3928 neque
3029 3860 3114 3913 hic
3147 3875 3389 3928 regnum,
3424 3860 3512 3914 ille
3541 3859 3745 3928 gehen-

2162 3971 2280 4007 nam
2305 3954 2654 4017 conciliaret;
2686 3967 2862 4005 annon
2887 3951 2968 4006 vel
2997 3952 3109 4020 ipsa
3137 3962 3523 4022 praeceptorum
3557 3965 3744 4006 natura

2160 4044 2384 4096 suadere
2412 4051 2591 4110 posset
2623 4051 2678 4094 ut
2705 4041 2826 4094 huic
2854 4041 3219 4096 hmreremus?
3241 4043 3378 4109 Quid
3407 4044 3562 4111 igitur
3591 4053 3746 4097 uter-

2160 4151 2263 4202 quc
2292 4135 2552 4201 imperat?
2578 4133 2667 4187 Ille
2687 4148 2806 4202 qum
2835 4142 3038 4201 turpes,
3069 4132 3158 4186 hic
3183 4149 3301 4202 qua:
3328 4135 3592 4202 gloriOSoS
3619 4134 3747 4188 red-

2161 4226 2321 4290 dunt;
2355 4228 2442 4280 ille
2475 4243 2595 4294 qua:
2626 4226 2773 4280 mille
2799 4225 3189 4279 calamitatibus
3217 4234 3270 4279 et
3319 4225 3534 4280 infamia
3569 4226 3750 4281 invol-

2163 4324 2312 4379 vunt,
2349 4317 2433 4370 hic
2452 4332 2580 4384 qua:
2603 4331 2846 4384 magnam
2882 4315 3094 4382 pariunt
3124 4315 3582 4384 tranquillitatem.
3619 4317 3753 4372 Vide

2165 4423 2392 4477 namque
2426 4423 2439 4457 :
2479 4407 2568 4461 ille
2603 4407 2769 4461 dicit:
2799 4406 2988 4459 Discite
3039 4423 3071 4457 a
3111 4422 3188 4459 me
3215 4406 3336 4476 quia
3379 4406 3511 4458 mitis
3541 4422 3654 4458 sum
3701 4419 3752 4460 et

2166 4500 2370 4553 huntilis
2423 4498 2595 4557 corde,
2629 4510 2674 4551 et
2703 4497 2962 4551 invenietis
3003 4498 3223 4566 requiem
3267 4497 3530 4549 animabus
3571 4497 3753 4550 vestris

2167 4590 2377 4662 (Matth.
2412 4590 2497 4643 ll.
2525 4588 2650 4660 29);
2685 4590 2770 4643 ille
2796 4588 2868 4641 ait
2903 4587 3118 4642 :lt‘eros
3154 4597 3274 4642 esto
3320 4597 3375 4642 et
3403 4586 3752 4660 inhumanus,

2167 4695 2323 4752 atque
2355 4681 2640 4736 iracundus
2664 4723 2677 4746 ,
2711 4690 2765 4734 ct
2796 4681 2901 4732 fera
2934 4680 3100 4749 magis
3126 4694 3284 4748 quam
3327 4677 3511 4732 homo.
3552 4677 3752 4733 Videa-

2171 4791 2287 4830 mus
2317 4770 2441 4842 q'uid
2476 4774 2677 4834 utilius,
2705 4771 2831 4841 quid
2862 4772 3234 4840 opportunius.
3269 4770 3381 4824 lme
3410 4785 3477 4824 ne
3503 4769 3604 4823 hoc
3633 4779 3758 4824 tau-

2171 4875 2315 4930 tum;
2373 4864 2465 4918 sed
2498 4866 2670 4933 cogita
2703 4865 2851 4918 illum
2906 4878 3027 4917 esse
3076 4862 3392 4916 diabolum:
3442 4860 3567 4914 illud
3609 4861 3758 4915 enim

2172 4957 2402 5011 maxime
2432 4957 2474 5010 si
2506 4956 2928 5009 detttnnsn'alttttt
2954 4963 3066 5014 est,
3097 4954 3208 5021 jam
3255 4951 3560 5020 triumplms
3588 4950 3761 5021 major

2171 5050 2290 5103 crit.
2325 5047 2438 5102 Non
2469 5047 2611 5102 enim
2637 5047 2725 5116 qui
2761 5047 2936 5100 facilia
2979 5045 3239 5113 imperat,
3269 5051 3487 5097 curator
3525 5052 3628 5106 est,
3662 5042 3759 5095 sed

2173 5141 2262 5209 qui
2313 5140 2481 5192 utilia.
2519 5138 2649 5192 Nam
2704 5149 2882 5205 Intres
2925 5150 3152 5189 onerosa
3207 5135 3491 5203 inruperant,
3538 5141 3591 5186 et
3645 5131 3760 5184 heri

2173 5245 2385 5300 quoque
2429 5229 2632 5292 servis;
2667 5227 2758 5282 sed
2792 5228 2912 5281 ideo
2943 5227 2994 5280 bi
3024 5225 3239 5294 quidem
3274 5237 3454 5294 patres
3494 5231 3652 5287 sunt,
3685 5222 3760 5275 illi

2177 5339 2301 5376 vero
2331 5323 2462 5385 beri,
2487 5322 2791 5388 subigentes
2815 5328 2868 5372 et
2891 5317 3173 5387 perniciosi
3191 5325 3247 5371 et
3273 5317 3450 5370 omnia
3469 5315 3760 5369 contraria.

2248 5414 2432 5467 Anima
2455 5415 2600 5486 justi
2631 5429 2779 5480 quam
2833 5409 3037 5476 cli/ferat
3081 5411 3142 5462 ab
3172 5411 3342 5463 anima
3393 5407 3762 5479 peccatoris.—

2175 5505 2375 5559 \'erum
2404 5504 2544 5573 quml
2597 5503 2920 5571 voluptatem
2957 5501 3221 5564 habeant,
3275 5500 3398 5554 hinc
3452 5499 3622 5567 palam
3657 5507 3758 5551 est.

2177 5598 2289 5661 Qua
2321 5599 2461 5649 enim
2491 5593 2795 5648 conditione
2825 5602 2974 5660 putas
3001 5607 3119 5647 esse
3151 5591 3460 5646 iracundum
3483 5631 3498 5655 ,
3531 5604 3634 5658 qua
3667 5605 3763 5658 pa-

2180 5689 2400 5744 tientem
2446 5698 2494 5742 et
2547 5686 2768 5740 mitem?
2819 5684 3006 5739 Nonne
3051 5683 3204 5755 hujus
3261 5683 3434 5738 a'nima
3463 5682 3655 5736 Similis
3679 5690 3766 5746 est
