4036 6212
243 279 296 330 6|
1263 269 1330 324 IN
1370 268 1549 323 ACTA
1589 261 2358 322 APOSTOLOBUMJIOMIL.
2405 267 2490 322 Vl.
3448 273 3519 330 62

239 388 502 448 solitudini
535 388 770 458 cuipiam
820 386 1041 441 multam
1090 383 1326 454 quietem
1365 381 1625 446 habenti;
1673 381 1818 437 illius

238 499 355 538 vero
379 482 581 541 anima,
614 479 754 539 foro,
789 477 984 544 tnrbm,
1024 475 1115 531 ubi
1141 475 1342 529 multus
1362 473 1567 528 clamor
1591 488 1821 542 sequen-

240 576 358 625 tium
387 569 643 631 camelos,
678 568 858 622 mulos
887 575 943 622 et
968 568 1170 629 asinos,
1215 565 1304 635 qui
1336 565 1638 620 occlamaut
1667 579 1822 619 acce-

237 665 478 717 dentibus
507 678 572 716 ne
590 659 1015 716 conculcentur?
1044 657 1124 730 (α)
1147 672 1324 712 nonne
1346 657 1488 712 illius
1509 658 1685 710 anima
1711 669 1826 710 me-

236 758 338 812 diis
377 755 670 809 civitatibus
712 752 908 808 similis
934 760 1036 815 est,
1066 750 1155 804 ubi
1200 751 1324 804 hinc
1351 750 1654 814 aurificum,
1698 747 1822 802 inde

241 851 549 902 mrariorum
602 861 830 915 magnus
881 844 1091 914 fragor:
1124 853 1180 898 et
1210 843 1298 896 alii
1344 843 1562 912 quidem
1598 840 1818 901 lzrdunt,

241 942 330 995 alii
357 955 485 994 vero
505 937 807 994 traduntur?
834 936 941 990 Sed
970 935 1127 1004 hujus
1156 936 1333 988 anima
1357 934 1544 988 similis
1575 943 1657 986 est
1701 947 1823 986 ver-

245 1035 330 1086 tici
353 1034 557 1092 montis,
587 1029 698 1085 leni
719 1045 847 1083 aura
879 1027 1074 1082 fruenti
1107 1028 1358 1095 purisque
1385 1025 1569 1089 radiis,
1604 1022 1821 1091 limpida

240 1124 452 1177 fontium
491 1122 692 1176 fluenta
717 1119 985 1174 emittenti
1019 1139 1031 1174 :
1064 1118 1150 1172 ubi
1182 1117 1364 1172 multa
1387 1115 1580 1170 florum
1609 1115 1820 1183 gratiae,

242 1215 446 1285 perinde
469 1223 633 1283 atque
660 1214 716 1266 in
749 1213 933 1266 vernis
962 1211 1126 1279 pratis
1146 1219 1202 1264 et
1230 1208 1428 1274 hortis,
1459 1223 1579 1277 qua:
1602 1205 1819 1276 plantis,

243 1306 448 1360 floribus
462 1315 515 1358 et
538 1303 909 1358 defluentibus
938 1303 1092 1371 aquis
1135 1309 1396 1355 ornantur
1425 1315 1437 1351 :
1472 1299 1515 1354 si
1547 1299 1666 1368 quis
1695 1313 1822 1352 vero

245 1412 392 1450 sonus
418 1395 694 1460 audiatur,
749 1395 930 1448 suavis
956 1401 1040 1447 est
1064 1402 1118 1446 ct
1151 1393 1371 1446 multam
1405 1390 1576 1444 fundit
1601 1389 1823 1444 audien-

249 1489 372 1540 tibus
389 1487 741 1556 voluptatem.
778 1484 912 1540 Nam
965 1486 1046 1540 vel
1075 1499 1203 1540 aves
1230 1492 1356 1538 sunt
1393 1483 1618 1538 summis
1661 1481 1824 1535 arbo-

258 1597 362 1635 rum
388 1582 436 1634 in
458 1581 623 1634 ramis
655 1579 1034 1642 cantillantes;
1084 1578 1166 1630 vel
1195 1577 1422 1638 cicadm,
1454 1577 1719 1640 lusciniae,
1745 1575 1826 1628 bi-

262 1671 513 1734 rundines,
579 1669 915 1725 concordem
962 1677 1017 1724 et
1063 1684 1221 1722 unam
1261 1667 1544 1736 quamdam
1585 1666 1826 1721 efficiunt

266 1764 512 1825 musicam;
542 1761 636 1815 vel
653 1760 927 1830 zephyrus
949 1759 1140 1814 blande
1163 1773 1342 1815 ramos
1361 1759 1612 1812 arborum
1634 1757 1824 1823 allidit,

260 1853 466 1919 initiorum
488 1852 760 1907 stridulos
791 1866 951 1906 sonos
979 1861 1032 1905 et
1058 1866 1255 1921 cycnos
1298 1851 1611 1919 plerumque
1653 1849 1827 1902 imita-

253 1954 350 2004 tur;
380 1947 456 1997 vel
482 1955 706 2013 pratum
739 1958 892 1997 rosas
932 1943 1184 1997 emittens
1213 1951 1269 1996 et
1298 1943 1403 1996 lilia
1425 1983 1438 2006 ,
1471 1958 1590 2010 qua:
1616 1957 1675 1996 se
1706 1956 1824 1994 mu-

249 2049 325 2088 tuo
345 2038 626 2100 collidunt,
659 2035 813 2103 quasi
844 2035 1064 2104 pelagus
1101 2036 1228 2089 item
1261 2035 1466 2089 lenibus
1497 2033 1650 2087 nudis
1673 2049 1824 2086 eom-

244 2139 445 2181 rnntum.
477 2129 597 2181 lino
628 2129 826 2182 multas
852 2130 973 2197 quis
1017 2129 1289 2183 invenerit
1309 2129 1586 2198 imagines.
1619 2128 1749 2182 Nam
1779 2132 1822 2182 si

242 2223 346 2289 quis
387 2238 541 2276 rosas
595 2223 868 2291 inspiciat,
924 2221 1111 2276 iridem
1153 2237 1212 2276 se
1262 2222 1446 2276 videre
1490 2223 1722 2291 putabit;
1778 2223 1826 2275 si

241 2315 409 2376 \inlas',
441 2330 597 2367 mare
626 2314 926 2377 undosum;
973 2315 1018 2367 si
1071 2314 1200 2378 lilia,
1228 2313 1438 2367 czelum.
1473 2313 1654 2381 Neque
1699 2328 1823 2382 spe-

239 2407 429 2459 ctaculo
453 2416 514 2460 et
543 2407 661 2460 visu
687 2415 889 2459 tantum
917 2405 1234 2471 delectatur,
1263 2406 1356 2459 sed
1378 2407 1536 2460 etiam
1559 2421 1784 2474 corpore
1807 2423 1821 2460 :

240 2497 317 2549 ille
357 2514 596 2565 namque
628 2511 900 2552 recreatur
928 2507 982 2552 et
1027 2499 1251 2566 respirat
1288 2515 1300 2550 :
1336 2499 1404 2552 ita
1431 2507 1488 2552 ut
1517 2513 1575 2552 se
1611 2499 1661 2551 in
1693 2498 1826 2554 θείοιο

240 2591 401 2654 potius
422 2604 552 2643 esse
582 2598 752 2658 putet,
777 2606 935 2658 quam
965 2589 1017 2643 in
1049 2599 1211 2644 terra.

299 2684 347 2734 4.
395 2683 496 2736 Bst
548 2693 602 2737 et
644 2684 780 2737 alius
829 2698 1032 2745 sonus,
1083 2697 1205 2736 cum
1251 2697 1386 2751 aqua
1436 2697 1500 2737 ex
1550 2684 1826 2736 cacumine

239 2774 466 2829 defluens
514 2791 614 2842 per
659 2776 952 2844 prtl'cipitia
993 2786 1184 2844 sponte
1233 2774 1434 2836 fertur,
1483 2784 1537 2828 et
1573 2774 1826 2844 subjectis

241 2870 464 2921 ιιῆεὼιιδ
515 2868 712 2922 leniter
760 2868 1062 2937 obstrepit,
1116 2869 1299 2938 sicque
1351 2869 1590 2922 membra
1645 2879 1824 2922 nOstra

242 2961 500 3028 voluptate
533 2961 738 3013 relaxat
761 3002 776 3025 ,
810 2961 880 3014 ita
911 2971 967 3014 ut
995 2975 1239 3013 somnum
1267 2960 1505 3015 membra
1531 2960 1824 3015 solventem

240 3055 493 3108 conciliet.
522 3053 896 3108 Narrationem
917 3053 1145 3108 libenter
1164 3054 1419 3119 audistis;
1443 3053 1669 3124 hincque
1690 3053 1826 3109 forte

243 3143 460 3213 injectus
497 3145 652 3199 vobis
682 3155 762 3198 est
792 3145 1095 3199 solitudinis
1136 3161 1308 3200 amor.
1357 3145 1462 3200 Sed
1506 3145 1604 3198 hac
1639 3147 1827 3199 solituv

244 3237 354 3289 dine
384 3239 559 3291 multo
590 3239 806 3292 suavior
830 3247 918 3292 est
947 3239 1193 3307 patientis
1221 3239 1422 3292 anima.
1453 3238 1565 3292 Non
1598 3240 1740 3294 enim
1773 3247 1831 3293 ut

247 3339 440 3394 pratum
492 3329 931 3383 dacriheremus
954 3369 970 3393 ,
1018 3343 1192 3398 neque
1238 3340 1293 3383 ut
1321 3329 1388 3383 ad
1419 3331 1827 3385 ostentationem

247 3422 398 3474 verba
439 3422 788 3475 funderemus
809 3463 823 3484 ,
860 3421 994 3476 hanc
1025 3423 1259 3492 aggressi
1293 3439 1476 3478 smnus
1506 3425 1786 3494 imaginem
1812 3440 1828 3489 ;

247 3515 340 3566 sed
371 3524 432 3568 ut
461 3532 555 3582 per
581 3516 718 3570 hanc
762 3515 1178 3585 descriptionem
1221 3516 1464 3571 videntes
1484 3557 1500 3579 ,
1543 3527 1735 3586 quanta
1764 3519 1831 3572 sit

246 3609 559 3677 patientium
583 3611 847 3680 voluptas,
872 3618 927 3663 et
949 3609 1090 3680 quod
1119 3611 1287 3664 multo
1307 3612 1520 3665 suavius
1546 3611 1834 3680 utiliusque

243 3701 312 3752 sit
348 3715 470 3753 cum
510 3701 620 3754 viro
658 3701 895 3770 patiente
923 3711 976 3755 et
1008 3711 1287 3757 mansueto
1314 3703 1551 3767 versari,
1595 3718 1751 3772 quam
1781 3703 1834 3758 in

245 3793 550 3861 hojnsrnodi
585 3794 720 3848 locis
747 3793 966 3863 degere,
998 3795 1094 3850 hos
1120 3797 1496 3865 sequeremini.
1533 3797 1662 3850 Cum
1689 3799 1830 3852 enim

245 3903 411 3956 neque
439 3895 640 3941 ventus
664 3887 955 3942 vehemens
985 3903 1014 3941 a
1044 3888 1132 3941 tali
1171 3889 1346 3943 anima
1383 3889 1706 3960 egrediatur,
1739 3890 1834 3945 sed

243 3979 454 4049 benigni
506 3979 882 4048 mansuetique
929 3994 1206 4034 sermones
1245 3980 1479 4052 zephyro
1526 3981 1731 4051 placido
1760 3983 1835 4036 si-

243 4073 412 4131 miles.
443 4081 501 4124 et
534 4070 926 4126 admonitiones
957 4071 1086 4125 nihil
1112 4087 1360 4142 asperum
1405 4071 1663 4127 habentes
1683 4115 1696 4138 ,
1743 4073 1838 4126 sed

241 4177 362 4217 aves
404 4164 534 4217 illas
573 4163 894 4217 cantatrices
945 4163 1214 4218 imitantes
1239 4182 1250 4217 :
1275 4164 1544 4235 quomodo
1589 4165 1691 4220 hoc
1732 4181 1839 4218 non

243 4257 435 4310 melius
484 4254 694 4309 fuerit?
737 4255 851 4309 Non
889 4257 1033 4310 enim
1075 4257 1288 4326 corpori
1334 4257 1530 4312 accidit
1573 4259 1844 4313 sermonis

245 4361 393 4410 aura,
423 4344 528 4400 sed
554 4346 766 4400 animas
795 4347 982 4402 reficit.
1015 4347 1131 4402 Non
1166 4358 1272 4402 tam
1303 4349 1411 4402 cito
1442 4349 1679 4403 medicus
1709 4365 1841 4419 qua-

247 4437 370 4490 libet
401 4436 646 4490 adhibita
676 4451 804 4491 cura
835 4452 863 4491 a
894 4438 1027 4493 febri
1058 4438 1397 4503 liberaverit,
1442 4449 1494 4493 ut
1527 4440 1607 4493 vir
1636 4442 1841 4509 patiens

247 4527 568 4582 iracundum
595 4538 650 4583 et
680 4530 1158 4586 excandescentem
1182 4531 1373 4601 spiritu
1401 4534 1683 4588 verborum
1712 4548 1841 4586 suo-

246 4639 360 4676 rum
392 4624 752 4693 refrigerabit.
783 4624 986 4696 Ecquid
1025 4627 1092 4680 de
1130 4627 1340 4681 medico
1378 4627 1604 4698 loquor?
1633 4627 1709 4681 Ne
1739 4627 1843 4680 fer-

248 4731 366 4769 rurn
399 4716 621 4786 quidem
662 4715 883 4786 ignitum
926 4719 976 4771 in
1009 4734 1201 4788 aquam
1235 4719 1568 4785 immissum,
1602 4728 1706 4772 tant
1734 4719 1841 4772 cito

246 4813 484 4863 calorem
509 4809 724 4871 amittit.
749 4820 809 4865 ut
836 4811 1122 4866 iracundus
1141 4810 1192 4865 in
1215 4822 1548 4866 mansuetum
1578 4809 1838 4864 incidens.

250 4903 402 4956 Sicut
446 4911 630 4958 autem
678 4904 723 4958 si
770 4904 822 4959 in
868 4905 1042 4960 forum
1093 4905 1460 4976 ingrediantur
1505 4903 1844 4960 cantillantes

248 5007 399 5064 ares,
421 5009 578 5068 ante
596 5010 718 5052 esse
737 4995 1015 5053 videntur:
1035 4997 1114 5053 sic
1134 5012 1346 5068 quoque
1370 5007 1632 5069 pmcepta
1660 5007 1842 5053 nostra

315 5165 385 5218 (al
413 5163 571 5231 Totus
588 5166 670 5224 qui
696 5165 925 5223 sequitur
951 5163 1090 5231 locus
1103 5160 1307 5231 ordine
1327 5165 1474 5231 paulo
1496 5162 1728 5231 diverso,_
1741 5167 1832 5217 sed

252 5236 380 5284 pone
411 5226 588 5271 ιινιειηι
611 5234 844 5284 constans
873 5225 1038 5272 verbis
1063 5225 1272 5274 effertur
1294 5224 1341 5274 iri
1372 5224 1528 5274 tribus
1552 5224 1830 5276 codicibus.

257 5283 332 5349 ll_l_i
355 5294 519 5349 autem
549 5283 678 5349 libri,
705 5289 752 5332 in
777 5299 963 5332 summa
989 5287 1120 5334 inter
1138 5299 1191 5335 se
1215 5285 1576 5349 conspirantes,
1601 5300 1626 5335 a
1651 5291 1832 5348 quarto

253 5344 366 5420 aliq,
385 5354 440 5394 et
463 5348 557 5420 hoc
579 5348 792 5420 optimas.
807 5355 953 5420 notas.
981 5361 1112 5420 saepe
1138 5344 1443 5420 magnopere
1476 5344 1719 5420 differunt
1742 5355 1833 5399 aut

255 5409 442 5474 verbis,
470 5415 557 5455 aut
581 5406 822 5474 orationis
851 5413 1125 5474 structura,
1150 5406 1421 5464 autetiam
1460 5410 1828 5462 sententiarum

256 5467 444 5527 ordine,
470 5476 520 5516 ct
549 5469 695 5518 modo
720 5467 967 5517 narrandi.

1935 383 1987 438 in
2018 384 2226 440 animas
2252 385 2534 440 iracundas
2565 385 2820 439 immissa.
2850 385 2991 456 Ergo
3017 390 3231 456 suavior
3251 392 3334 442 est
3353 405 3508 446 mau-

1933 475 2161 529 snetudo
2189 476 2264 529 ira
2292 484 2346 530 et
2374 476 2690 530 temeritate.
2715 475 2898 546 Neque
2922 478 3021 532 hoc
3050 486 3276 548 tantum,
3300 485 3392 540 sed
3416 485 3517 542 hoc

1933 563 2177 619 diabolus
2201 609 2214 628 ,
2264 566 2391 621 illud
2424 570 2561 621 Deus
2592 568 2860 637 przecepit.
2891 568 3081 628 Videte
3105 613 3119 638 ,
3154 590 3240 632 me
3267 589 3374 630 non
3402 581 3520 633 sine

1933 669 2093 708 causa
2122 655 2320 710 dixisse
2341 699 2355 720 ,
2395 657 2602 712 etiamsi
2647 673 2746 714 nec
2771 659 3014 715 diabolus
3043 679 3140 718 nec
3171 664 3307 721 Deus
3333 679 3477 724 esset
3502 711 3518 738 ,

1934 745 2048 800 ha‘c
2080 755 2253 801 tamen
2287 761 2547 820 przccepla
2577 752 2705 806 satis
2731 751 2844 806 fore
2865 754 2930 806 ad
2963 770 3059 809 nos
3086 757 3446 817 abducendos.

2005 836 2031 889 1
2040 839 2268 892 racundo
2296 841 2424 894 nihil
2448 843 2715 912 ingratius.
2738 874 2808 883 —
2829 843 2966 900 Mitis
2989 847 3130 901 enim
3159 848 3320 905 homo
3340 863 3392 908 et
3418 855 3519 909 sibi

1934 931 2112 986 suavis
2142 939 2194 986 et
2223 932 2342 986 aliis
2367 934 2511 987 utilis
2534 945 2649 998 est;
2679 936 2962 991 iracundus
2986 954 3114 994 vero
3138 951 3192 996 et
3215 943 3312 998 subi
3344 945 3524 1001 insua-

1935 1020 2034 1082 vis,
2068 1033 2120 1075 et
2146 1022 2264 1076 aliis
2290 1025 2503 1080 noxius.
2539 1025 2675 1080 Nihil
2707 1029 2848 1082 enim
2879 1030 3136 1100 ingratius
3167 1034 3382 1091 homine
3413 1039 3521 1092 ira-

1934 1113 2130 1179 cundo,
2167 1114 2298 1167 nihil
2326 1117 2628 1182 onerosius,
2659 1121 2956 1188 molestius,
2988 1125 3221 1194 turpius;
3254 1135 3309 1181 ut
3338 1143 3404 1183 eo
3433 1132 3522 1198 qui

1937 1205 2093 1260 irasci
2142 1207 2351 1272 nescit,
2408 1209 2535 1262 nihil
2579 1210 2885 1279 jucundius.
2933 1215 3067 1272 Cum
3120 1218 3230 1273 fera
3283 1221 3524 1278 habitare

1935 1300 2125 1354 melius
2166 1309 2279 1365 est,
2326 1317 2483 1370 quam
2513 1318 2634 1358 cum
2668 1307 2756 1360 tali
2789 1307 3024 1366 homine.
3075 1311 3210 1368 Fera
3256 1329 3521 1385 namque,

1935 1393 2148 1462 quando
2178 1397 2342 1450 semel
2385 1397 2681 1465 cicuratur,
2730 1415 2879 1456 suam
2927 1413 3106 1458 servat
3134 1407 3338 1475 legem;
3374 1410 3520 1465 ἱηυιιι

1935 1493 2114 1538 autem
2139 1487 2349 1554 quoties
2375 1486 2690 1556 placaveris,
2717 1493 2872 1547 toties
2894 1495 3082 1549 iterum
3107 1497 3388 1566 efferatur;
3422 1502 3522 1557 sibi

1935 1581 2078 1634 enim
2105 1581 2339 1634 habitum
2369 1583 2528 1636 talem
2554 1585 2717 1639 semel
2748 1588 3040 1643 constituit.
3068 1590 3214 1646 Sicut
3239 1593 3380 1647 enim
3407 1595 3524 1650 dies

1935 1686 2156 1726 serenus
2179 1681 2233 1726 et
2261 1673 2434 1736 belus,
2469 1685 2520 1728 et
2546 1675 2716 1730 hiems
2737 1677 3022 1734 admodum
3047 1681 3232 1747 tristis,
3259 1687 3524 1753 Contraria

1935 1771 2058 1815 sunt
2087 1779 2100 1816 :
2133 1762 2202 1816 ita
2230 1763 2466 1818 iracundi
2495 1773 2546 1818 et
2569 1769 2831 1821 mansueti
2855 1770 3066 1825 animae.
3091 1772 3155 1826 At
3181 1775 3414 1829 nondum
3436 1792 3521 1841 ea,

1936 1867 2054 1920 que
2087 1855 2138 1906 in
2171 1855 2304 1907 alios
2337 1866 2555 1910 manant
2597 1858 2931 1914 incommoda
2953 1903 2967 1925 ,
2999 1863 3090 1916 sed
3123 1879 3238 1932 qme
3266 1867 3363 1921 sibi
3398 1868 3524 1936 ipsis

1938 1942 2171 1996 inferunt
2214 1945 2506 1999 videamus.
2543 1950 2701 2017 Atqui
2757 1950 2857 2004 hoc
2891 1967 2995 2005 non
3025 1968 3245 2022 parvum
3297 1967 3380 2011 est
3425 1959 3523 2012 da-

1937 2052 2139 2096 mnum,
2158 2037 2317 2089 ulinm
2337 2037 2534 2092 damno
2552 2038 2767 2094 afficere
2788 2059 2800 2093 :
2823 2059 3004 2098 verum
3021 2046 3240 2100 interim
3262 2048 3384 2104 illud
3397 2066 3525 2104 con-

1935 2110 2255 2180 sideremus.
2277 2127 2405 2194 Quis
2426 2131 2662 2185 carnifex
2687 2133 2763 2186 sic
2787 2132 2949 2186 latera
2973 2135 3270 2193 dilacerare
3293 2142 3524 2208 poterit?

1935 2234 2055 2286 qum
2085 2235 2244 2273 verna
2294 2220 2454 2289 ignita
2485 2222 2563 2276 sic
2589 2239 2784 2292 corpus
2826 2228 3173 2296 transfigere?
3215 2233 3334 2300 quis
3381 2235 3527 2290 furor

1938 2308 2007 2361 ita
2035 2325 2063 2362 a
2095 2324 2222 2362 sana
2253 2319 2432 2365 mente
2457 2314 2680 2376 excutit,
2711 2324 2764 2369 ut
2793 2317 2868 2370 ira
2896 2327 2948 2372 et
2971 2319 3156 2374 furor?
3183 2322 3376 2378 Multos
3403 2327 3524 2379 novi

1936 2401 2025 2469 qui
2056 2401 2122 2455 ab
2152 2403 2420 2458 iracundia
2456 2404 2506 2456 in
2540 2406 2757 2460 morbos
2785 2409 3082 2466 inciderunt
3110 2429 3122 2465 :
3148 2412 3231 2466 hae
3256 2425 3372 2468 sunt
3399 2431 3526 2486 gra-

1937 2495 2169 2548 vissimae
2201 2498 2440 2551 omnium
2472 2498 2664 2553 febres.
2700 2501 2852 2566 Quod
2893 2505 2936 2556 si
2975 2520 3170 2574 corpus
3211 2507 3279 2561 ita
3325 2509 3527 2563 labefa-

1935 2595 2103 2650 ctent,
2127 2587 2357 2642 animam
2382 2591 2576 2659 Cogita.
2597 2591 2674 2645 Ne
2691 2595 3048 2660 ratiocineris,
3072 2599 3191 2668 quia
3216 2615 3320 2652 non
3344 2600 3526 2668 vides;

1937 2681 2029 2733 sed
2058 2682 2252 2750 cogita,
2285 2683 2425 2750 quod
2458 2684 2501 2736 si
2532 2683 2578 2738 is
2605 2685 2695 2752 qui
2724 2688 2984 2742 malitiam
3011 2693 3244 2760 concipit
3273 2694 3341 2746 ita
3375 2693 3527 2748 lmdi-

1939 2781 2045 2830 tur.
2091 2772 2140 2825 id
2185 2774 2326 2842 quod
2371 2775 2461 2828 ille
2504 2777 2675 2844 pariet
2717 2789 2973 2846 quantmn
3019 2781 3270 2836 damnum
3307 2785 3529 2840 afferet?

1937 2865 2086 2920 Multi
2117 2867 2303 2921 oculos
2328 2868 2712 2938 perdiderunt,
2749 2871 2901 2925 multi
2934 2873 2983 2925 in
3013 2876 3362 2941 gravissimos
3394 2879 3529 2932 inci-

1938 2957 2069 3012 dere
2099 2958 2332 3012 morbos.
2363 2958 2463 3025 Qui
2493 2975 2620 3014 vero
2647 2962 2855 3017 fortiter
2883 2963 3106 3025 tolerat,
3155 2969 3330 3021 omnia
3376 2971 3531 3026 facile

1939 3045 2090 3102 feret:
2121 3049 2368 3103 Attamen
2399 3050 2523 3104 licet
2549 3059 2654 3104 tam
2681 3067 2907 3106 onerosa
2938 3054 3229 3125 praecipiat,
3259 3066 3308 3110 et
3339 3057 3522 3113 hortnn

1939 3140 2241 3195 mercedem
2285 3143 2584 3208 gehennam
2630 3156 2928 3213 proponat,
2979 3147 3098 3201 licet
3151 3149 3238 3203 ille
3284 3149 3530 3205 diabolus

1939 3231 2029 3289 sit.
2057 3241 2112 3284 et
2142 3233 2332 3286 salutis
2360 3243 2558 3288 nostra:
2591 3236 2858 3299 inimicus,
2889 3243 3058 3308 magis
3086 3239 3158 3292 illi
3186 3241 3531 3309 obtempera-

1941 3339 2060 3378 mus
2085 3364 2100 3389 ,
2133 3341 2290 3394 quam
2323 3327 2540 3381 Christo
2569 3327 2838 3383 Servatori
2866 3373 2878 3392 ,
2916 3331 3235 3386 benefactori
3264 3375 3276 3396 ,
3315 3344 3368 3388 et
3408 3336 3531 3388 talia

1941 3415 2160 3481 dicenti,
2191 3433 2311 3486 quae
2334 3427 2388 3472 et
2417 3420 2686 3485 suaviora,
2713 3431 2765 3474 ct
2791 3422 3000 3476 utiliora
3025 3433 3170 3488 sunt,
3198 3425 3457 3494 nobisque
3479 3437 3535 3480 ct

1941 3508 2420 3564 contubernalibus
2470 3527 2659 3581 magna
2716 3513 2850 3566 bona
2904 3515 3203 3571 conferant.
3261 3516 3398 3570 Nihil
3455 3518 3533 3572 ira

1942 3599 2116 3668 pejus,
2135 3600 2348 3660 dilecte.
2369 3611 2423 3655 ct
2444 3603 2818 3672 intempestivo
2839 3605 3048 3659 furore:
3070 3623 3174 3660 non
3200 3608 3297 3661 fert
3323 3609 3532 3673 longam

1944 3707 2180 3756 tnoram;
2210 3702 2398 3747 acutus
2428 3703 2511 3748 est
2542 3697 2784 3750 morbus.
2804 3695 2957 3766 Smpe
2978 3701 3099 3768 quis
3125 3701 3342 3753 verbum
3368 3717 3431 3754 ex
3459 3702 3534 3755 ira

1948 3783 2172 3852 profert,
2200 3783 2340 3852 quod
2372 3794 2426 3836 ut
2455 3796 2685 3852 reparet,
2716 3796 2821 3840 tota
2852 3789 2956 3842 vita
2980 3805 3114 3858 opus
3137 3789 3329 3852 habet;
3359 3801 3411 3844 et
3435 3792 3537 3846 ali-

1948 3875 2074 3944 quid
2103 3887 2378 3942 operatur,
2400 3876 2540 3944 quod
2566 3885 2726 3930 totam
2750 3879 2865 3948 ejus
2885 3881 3044 3934 vitam
3067 3881 3357 3938 subvertat.
3383 3885 3536 3950 Quod

1949 3976 2126 4020 autem
2157 3966 2528 4036 gravissimum
2557 3981 2634 4022 εει
2658 4010 2674 4034 ,
2728 3969 2874 4022 brevi
2907 3979 3168 4039 tempore,
3205 3990 3310 4027 uno
3339 3992 3533 4040 lquere,

1949 4075 2055 4110 uno
2082 4060 2246 4114 verbo
2270 4073 2410 4130 smpe
2437 4061 2654 4114 (uternis
2682 4059 2953 4128 privamur
2984 4063 3156 4127 bonis,
3194 4065 3531 4122 innumeros-

1949 4167 2053 4218 que
2083 4152 2235 4205 nobis
2265 4152 2499 4221 parimus
2528 4153 2758 4208 labores.
2789 4155 3328 4228 Quamobrem,rngo,
3359 4162 3538 4216 omnia

1950 4243 2226 4308 faciamus,
2260 4255 2317 4299 ut
2347 4244 2487 4301 hanc
2513 4244 2680 4301 feram
2713 4246 3006 4302 freuemus.
3031 4249 3296 4304 Caeterum
3327 4250 3443 4305 ha-c
3471 4252 3540 4304 de

1951 4339 2358 4394 mansuetudine
2383 4350 2436 4394 et
2464 4339 2541 4395 ira
2572 4339 2709 4396 dicta
2742 4342 2868 4396 sint.
2902 4341 2956 4396 Si
2987 4342 3107 4414 quis
3137 4359 3266 4398 vero
3291 4344 3391 4398 alia
3419 4359 3538 4399 δορα

1952 4443 2110 4482 moue
2137 4436 2347 4493 tractet,
2374 4439 2431 4484 ut
2461 4431 2734 4486 avaritiam
2757 4441 2809 4486 et
2831 4431 3139 4502 despectmu
3168 4437 3536 4505 pecuniarum,

1953 4520 2224 4575 lasciviam
2255 4531 2307 4576 et
2333 4523 2652 4588 castitatem,
2683 4524 2936 4579 invidiam
2966 4535 3020 4580 et
3051 4527 3537 4593 mansuetudinem,

1953 4611 2149 4682 illaque
2175 4624 2360 4666 mutuo
2382 4616 2643 4680 conferat,
2677 4615 2779 4669 alia
2809 4631 3024 4686 quoque
3053 4618 3360 4673 discrimina
3386 4620 3538 4674 sciet.

1953 4702 2174 4756 Vidistis
2201 4745 2213 4763 ,
2261 4705 2530 4773 quomodo
2561 4720 2623 4759 ex
2659 4709 2940 4776 praeceptis
2967 4716 3170 4763 tantum
3219 4720 3282 4764 et.
3315 4711 3455 4765 Deus
3488 4723 3543 4765 et

1951 4792 2196 4848 diabolus
2244 4796 2711 4851 internoscantur?
2755 4797 3200 4868 Obtemperemus
3236 4815 3364 4869 ergo
3395 4800 3540 4862 Deo,

1955 4901 2130 4956 neque
2157 4903 2255 4941 nos
2283 4893 2333 4941 in
2364 4888 2612 4942 harathra
2643 4889 3022 4958 conjiciamns:
3053 4891 3148 4944 sed
3174 4890 3296 4944 dum
3331 4900 3546 4956 tempus

1955 4988 2054 5043 est,
2085 4981 2364 5034 abluamus
2390 4982 2568 5034 omnia
2593 4996 2713 5050 qua:
2739 4983 2969 5036 animam
3000 4981 3223 5045 fmdant,
3258 4991 3316 5036 nt
3340 4992 3542 5036 trtrrna

1954 5087 2345 5142 consequamur
2371 5073 2505 5127 bona
2527 5111 2540 5132 .
2571 5075 2740 5142 gratia
2769 5083 2823 5127 et
2849 5074 3175 5143 benignitate
3205 5075 3412 5128 Domini
3447 5091 3550 5128 no-

1955 5164 2050 5218 stri
2078 5163 2202 5219 Jesu
2232 5164 2447 5230 Christi,
2475 5166 2688 5234 quicum
2712 5165 2857 5221 Patri
2881 5182 3089 5237 unaque
3111 5167 3333 5238 Spiritui
3357 5177 3542 5221 sancto

1954 5255 2142 5326 gloria,
2164 5256 2465 5325 imperium,
2491 5257 2684 5326 honor,
2711 5271 2854 5314 nunc
2875 5267 2931 5315 et
2949 5272 3182 5330 semper,
3205 5259 3327 5316 etin
3349 5254 3560 5312 succida

1955 5347 2293 5402 sazculorum.
2337 5349 2526 5404 Amen.
