4040 6212
477 356 547 411 65
1134 345 1191 402 S.
1234 346 1516 405 JOANNIS
1554 348 2018 405 Clll‘sYSOSTOBII
2062 348 2378 402 ARtJlllEi’.
2422 350 2954 407 CONSTANTINOP.
3684 368 3751 425 6.5

467 502 886 525 w-

2202 500 3256 525 “toﬁ-Wu-

1867 578 2214 641 HOMILIA
2277 581 2413 646 VH.

456 723 588 785 CAv.
618 722 671 775 3-
700 737 748 772 ν.
773 721 860 775 37.
893 719 987 775 llis
1006 732 1173 775 autem
1205 725 1413 783 auditis,
1431 725 1721 794 compuncti
1740 732 1858 778 sunt
1880 723 2050 786 corde,

526 824 575 865 et
602 812 836 866 dixerunt
858 813 926 866 ad
953 812 1160 867 Petrum
1186 824 1233 868 et
1258 816 1327 869 ad
1353 813 1571 884 reliquos
1592 814 1851 883 apostolos
1875 831 1893 866 :
1918 814 2056 878 Quid

531 901 798 972 faciemus,
824 902 917 955 viri
940 905 1169 974 fratres?

530 994 583 1047 1.
637 991 977 1049 Mansuetudo
1002 1004 1247 1065 quantum
1277 995 1478 1050 bonum.
1498 1026 1566 1034 —
1586 994 1769 1049 Viden'
1796 1004 2050 1064 quantum

453 1085 524 1140 sit
549 1085 903 1140 mansuetudo
931 1086 1166 1140 bonum?
1199 1086 1325 1141 llaec
1356 1087 1542 1157 magis,
1572 1102 1729 1154 quam
1763 1088 2049 1141 vehemen-

458 1178 531 1232 tia
567 1175 820 1247 quaelibet
841 1217 855 1241 ,
884 1177 1045 1231 corda
1093 1189 1271 1231 n05tra
1318 1179 1648 1248 compungil,
1679 1188 1732 1233 et
1761 1180 2052 1235 acutiorem

459 1267 649 1337 inﬂigit
672 1268 901 1338 plagam.
924 1269 1069 1323 Sicut
1100 1269 1242 1324 enim
1276 1270 1362 1338 qui
1390 1269 1650 1324 obdurala
1679 1286 1901 1339 corpora
1932 1287 2053 1339 per-

456 1356 610 1421 cutit,
645 1374 750 1415 non
780 1368 883 1412 tam
916 1358 1090 1412 valide
1119 1374 1335 1413 sensum
1368 1359 1524 1415 allicit
1552 1378 1564 1425 ;
1595 1361 1689 1415 sed
1717 1362 1760 1414 si
1792 1362 1878 1415 illa
1908 1362 2053 1429 prius

458 1452 716 1519 emolliat,
755 1461 877 1506 tunc
907 1453 1081 1507 acrius
1125 1454 1307 1522 pnngit
1336 1470 1347 1505 :
1381 1456 1447 1506 ita
1476 1462 1530 1507 et
1559 1453 1645 1509 hic
1670 1454 1816 1523 prius
1841 1461 2053 1522 oportet

458 1545 723 1611 emollire,
755 1554 809 1600 et
839 1555 962 1598 tunc
1008 1561 1264 1614 pungere.
1319 1545 1534 1599 Emollit
1563 1557 1740 1600 autem
1763 1588 1777 1611 _.
1812 1561 1915 1600 non
1950 1548 2046 1609 ira,

462 1651 567 1690 non
596 1636 887 1691 vehemens
939 1638 1208 1690 accusatio
1233 1678 1247 1703 ,
1277 1652 1381 1690 non
1410 1637 1705 1692 eonvicimn
1732 1653 1746 1695 ;
1778 1637 1870 1691 sed
1905 1653 2052 1690 mane

458 1728 687 1783 suctndo
727 1747 740 1782 :
782 1729 933 1783 furor
982 1731 1125 1784 enim
1175 1739 1333 1799 auget
1383 1730 1667 1795 morbum,
1704 1730 2051 1785 mansuetudo

458 1821 718 1875 eliminat.
776 1819 957 1890 Itaque
995 1823 1036 1874 si
1086 1822 1218 1876 velis
1247 1822 1571 1890 quempiam,
1613 1822 1703 1890 qui
1751 1829 1802 1875 to
1833 1821 2049 1886 Ιειιευι·ἰι,

458 1915 749 1984 corripere,
778 1915 927 1968 illum
950 1931 1069 1969 cum
1097 1913 1502 1968 mansuetudine
1530 1929 1714 1983 magna
1740 1912 2048 1982 aggredere.

468 2006 597 2061 Vide
638 2008 779 2061 enim
812 2006 909 2063 hoc
940 2006 1056 2060 loco
1097 2006 1225 2076 quid
1271 2004 1427 2058 faciat
1451 2022 1462 2057 :
1488 2015 1764 2059 mansuete
1793 2005 1896 2057 illis
1927 2003 2053 2058 laci-

462 2114 590 2152 nora
632 2114 727 2153 sua
771 2099 823 2155 in
863 2106 1095 2153 mentem
1152 2106 1388 2163 revocat,
1432 2106 1487 2151 et
1532 2096 1661 2152 nihil
1710 2096 1924 2165 adjicit;
1959 2096 2052 2150 Dei

459 2191 659 2249 donum
713 2199 965 2253 enarrat,
1016 2189 1162 2244 addit
1212 2190 1437 2258 gratiam
1467 2188 1519 2242 in
1560 2204 1737 2244 rertnn
1785 2179 2050 2257 gcsmruin

458 2283 821 2339 testimonium
843 2324 857 2347 ,
888 2291 942 2335 et
969 2282 1192 2335 ulterius
1221 2295 1523 2335 sermonem
1556 2279 1819 2348 producit.
1880 2278 2052 2333 Reve-

456 2378 546 2432 riti
576 2387 695 2430 sunt
722 2376 862 2430 Petri
889 2374 1372 2437 mansuetudinem,
1397 2374 1517 2443 quia
1544 2374 1625 2435 iis,
1651 2374 1738 2441 qui
1770 2372 2051 2426 Dominum

458 2484 613 2523 suum
644 2469 1038 2529 erucilixerant,
1068 2476 1121 2520 et
1146 2477 1333 2521 contra
1365 2467 1508 2537 ipsos
1532 2468 1731 2519 cuidem
1758 2467 2050 2533 spirabant,

459 2561 613 2630 quasi
660 2569 811 2630 pater
858 2570 909 2614 et
953 2566 1205 2628 magister
1260 2558 1395 2613 bene
1436 2557 1658 2613 allectus
1719 2558 2050 2627 loquebatur.

459 2656 570 2713 Nec
616 2656 929 2725 simpliciter
957 2670 1159 2709 ntot'ettt
1186 2663 1486 2723 gesserunt,
1529 2652 1620 2706 sed
1649 2652 1807 2707 etiam
1830 2668 1889 2707 se
1911 2654 2055 2722 ipsos

458 2751 782 2804 damnarunt
806 2766 820 2803 :
846 2749 896 2802 in
920 2763 1135 2803 sensum
1163 2754 1425 2800 venerunt
1448 2759 1631 2798 eorutn
1653 2761 1771 2815 quat
1793 2743 2049 2799 fecerant.

456 2841 574 2895 Non
623 2841 766 2897 enim
814 2840 1051 2908 permisit
1108 2838 1225 2893 illos
1276 2836 1455 2891 lurore
1502 2836 1723 2906 corripi,
1769 2846 1822 2891 et
1876 2845 2053 2891 mente

454 2932 838 2995 obteuebrari;
873 2930 968 2986 sed
1015 2947 1109 3000 per
1139 2929 1513 2994 humilitatem,
1546 2929 1799 2997 dissipata
1824 2930 2051 2999 quadam

454 3024 834 3096 indignationis
862 3024 1074 3089 nebula,
1099 3023 1174 3077 sic
1204 3023 1409 3076 facinus
1442 3021 1566 3076 illud
1595 3022 1723 3090 ipsis
1754 3037 2049 3090 rapi-asseu-

457 3120 607 3175 tavit.
649 3118 757 3172 lies
790 3119 933 3173 enim
962 3118 1040 3170 sic
1068 3116 1313 3169 usuvcnit
1346 3131 1359 3166 :
1390 3114 1603 3182 quando
1632 3113 1947 3182 quihusdam
1975 3114 2055 3167 div

454 3212 626 3266 cimus
652 3224 749 3263 nos
778 3210 938 3264 hcsos
971 3207 1156 3271 luisse,
1197 3206 1271 3260 illi
1314 3215 1575 3259 conantur
1602 3204 1971 3258 demonstrare
1994 3220 2053 3259 se

457 3320 562 3357 u-nt
597 3301 836 3363 laesisse;
867 3314 992 3355 cum
1018 3313 1143 3351 vero
1163 3297 1392 3353 dicimus
1416 3310 1515 3351 nos
1542 3311 1646 3349 non
1677 3296 1833 3349 latsos
1863 3295 2048 3361 fuiSse,

459 3393 557 3448 sed
580 3392 753 3462 potius
775 3391 997 3455 hrsisse,
1033 3390 1107 3443 illi
1137 3398 1320 3443 cnttlra
1358 3390 1616 3455 nituntur.
1644 3388 1823 3457 Itaque
1849 3390 1894 3445 si
1923 3389 2051 3444 velis

456 3499 600 3547 eum,
638 3483 729 3552 qui
757 3483 951 3551 injuste
980 3481 1111 3550 egit,
1146 3482 1195 3534 in
1228 3496 1454 3551 agonem
1475 3479 1764 3549 conjicere,
1796 3498 1861 3534 nc
1888 3496 2048 3535 accu-

456 3588 544 3629 ses
573 3573 755 3639 illum;
783 3572 875 3626 sed
904 3587 1003 3642 pro.
1028 3573 1117 3625 illo
1144 3571 1358 3626 decerta
1376 3614 1388 3635 ,
1421 3584 1473 3626 et
1504 3572 1589 3626 ille
1612 3586 1732 3625 sese
1759 3572 2047 3626 accusabit.

456 3668 862 3724 Contentiosum
890 3667 1031 3721 enim
1064 3674 1146 3719 est
1170 3680 1338 3736 genus
1367 3665 1663 3719 hominum.
1715 3664 1827 3718 l‘loc
1863 3664 2052 3720 Petrus

459 3759 585 3815 fecit
612 3776 625 3811 :
660 3775 764 3813 non
792 3757 910 3811 illos
932 3756 1277 3811 vehementer
1295 3755 1586 3819 accusavit,
1609 3752 1703 3808 sed
1727 3765 1950 3811 conatus
1972 3762 2053 3807 est

458 3861 717 3921 quantum
770 3858 979 3920 poterat
1000 3848 1120 3903 illos
1148 3857 1427 3902 mansuete
1465 3845 1785 3910 defendere;
1828 3845 2053 3915 ideoque

461 3944 521 3999 ill
546 3958 675 3996 rrum
706 3942 915 4000 animos
948 3938 1280 4007 perstrinxit.
1336 3938 1401 3991 Et
1447 3936 1710 3993 undcnatn
1742 3937 1906 4006 liquet
1934 3937 2052 3991 illos

460 4044 809 4106 cotnpnnctos
855 4032 1055 4088 fuisse?
1107 4031 1184 4086 Ex
1227 4032 1461 4102 ipsorum
1503 4031 1699 4085 verbis.
1741 4029 1877 4097 Quid
1908 4030 2049 4084 etum

458 4130 681 4184 dicunt?
724 4127 859 4193 Quid
884 4126 1148 4195 faciemus,
1183 4125 1275 4179 viri
1301 4124 1527 4189 fratres?
1565 4123 1709 4190 Quos
1737 4122 2052 4191 decepmres

460 4224 740 4286 vocabant,
774 4222 964 4275 fratres
1014 4234 1155 4273 nunc
1194 4217 1499 4287 appellant;
1530 4232 1633 4269 non
1666 4214 1806 4283 quod
1838 4229 1895 4267 se
1925 4214 2051 4281 ipsis

460 4326 825 4387 exzeqmtrent,
854 4314 948 4369 sed
978 4313 1121 4383 quod
1149 4311 1268 4365 illos
1311 4310 1379 4363 ad
1405 4310 1488 4362 sui
1516 4323 1755 4362 amorem
1786 4317 1836 4360 et
1867 4321 2049 4360 curant

468 4408 862 4479 pertraherent.
916 4406 983 4459 At
1012 4402 1267 4471 alioquin,
1302 4410 1578 4469 postquam
1614 4399 1733 4453 illos
1762 4398 1839 4452 sic
1865 4400 2046 4465 appel-

463 4499 575 4552 lare
606 4496 802 4566 dignati
835 4493 1065 4557 fuerant,
1099 4498 1153 4546 et
1177 4491 1447 4554 dixerant,
1474 4488 1610 4553 Quid
1637 4488 1916 4557 faciemus?
1944 4503 2048 4541 non

461 4591 643 4645 statim
679 4588 929 4642 dixerunt
956 4603 971 4645 :
1004 4586 1142 4653 Ergo
1174 4582 1542 4653 paenitentiam
1590 4596 1848 4651 agamus;
1877 4579 1969 4635 sed
1994 4595 2052 4634 se

465 4682 569 4736 illis
616 4680 994 4750 permiserunt.
1044 4673 1507 4744 Quemadmodum
1547 4673 1667 4742 quis
1698 4673 1750 4726 in
1779 4673 2052 4741 naufragio

467 4773 551 4826 vel
579 4772 630 4824 iu
654 4768 842 4824 morbo
865 4768 1273 4838 gubernatorem
1298 4763 1378 4818 vel
1403 4762 1667 4817 medicum
1691 4764 2048 4833 conspiciens,

464 4862 644 4919 omnia
675 4860 750 4918 illi
775 4857 1022 4914 concedit
1056 4856 1263 4926 ipsique
1290 4855 1643 4923 obtemperat,
1673 4854 1741 4909 ita
1765 4862 1819 4909 ct
1845 4853 1895 4907 lti
1923 4868 2051 4907 con-

466 4955 593 5010 lessi
617 4963 742 5009 sunt
762 4968 820 5008 se
842 4952 894 5007 in
921 4950 1177 5007 extremis
1208 4948 1409 5016 positos
1457 4947 1657 5001 nullam
1688 4947 1873 5001 salutis
1899 4961 2049 5015 spem

469 5047 685 5102 habere.
735 5045 802 5101 Et
831 5042 1138 5114 perpende:
1172 5056 1275 5094 non
1303 5040 1572 5104 dixerunt,
1605 5038 1883 5107 Quomodo
1920 5040 2049 5095 salvi

465 5153 701 5202 erimus;
745 5150 874 5200 seu,
912 5134 1046 5202 Quid
1100 5131 1380 5203 faciemus?
1428 5131 1564 5197 Quid
1619 5131 1778 5202 igitur
1826 5130 2053 5184 Petrus?

462 5229 671 5289 Rursus
691 5228 779 5282 hic.
803 5243 923 5282 cum
954 5238 1143 5282 omnes
1171 5225 1627 5295 interrogarentur
1651 5264 1664 5285 ,
1694 5224 1807 5293 ipse
1834 5239 2054 5294 resima-

472 5320 582 5384 det,
608 5318 696 5373 58.
734 5316 1084 5375 Pwnitentiam
1105 5316 1257 5386 agite,
1286 5316 1471 5373 dicens
1491 5356 1506 5381 ,
1531 5326 1577 5369 et
1599 5317 1876 5386 baptizatur
1902 5333 2055 5375 unus.

467 5412 675 5482 quisque
700 5422 911 5467 vestrum
942 5412 992 5463 in
1024 5410 1225 5464 nomine
1250 5408 1375 5464 Jesu
1404 5409 1610 5465 Christi.
1635 5409 1876 5467 Nondum
1902 5411 2052 5475 dicit,

467 5504 716 5567 Credite;
763 5504 888 5569 sed,
919 5494 1216 5571 Baptizetnr
1264 5500 1606 5571 unusquisque
1651 5510 1885 5556 vestrum.
1946 5502 2056 5555 line.

468 5596 610 5650 enim
636 5595 687 5649 in
713 5594 1029 5663 baptismate
1052 5593 1405 5664 accipiebant.
1430 5591 1627 5646 Deinde
1651 5593 1852 5646 Incrnm
1876 5602 2053 5645 osten-

468 5684 549 5739 dit
579 5702 592 5739 :
620 5682 688 5739 in
734 5684 1075 5738 remissionem
1108 5693 1426 5753 peccatorum
1451 5698 1469 5746 ,'
1499 5675 1543 5735 et
1571 5683 1825 5750 accipietis
1868 5684 2054 5735 donum

477 5769 893 5849 Spiritus‘nnui.
925 5778 978 5836 Si
1008 5779 1203 5835 donum
1230 5778 1500 5849 accepturi
1530 5779 1683 5844 estis,
1707 5777 1751 5832 si
1781 5776 2052 5833 retniSsio-

2165 738 2287 778 nem
2316 724 2470 781 habet
2502 727 2784 796 baptisma,
2817 744 2914 784 cur
2941 732 3305 786 cunctamini?
3340 737 3540 789 Demne
3565 734 3763 805 proha-

2162 816 2404 873 biliorem
2439 822 2665 877 reddens
2722 838 3067 891 sermonem,
3111 826 3429 896 subjunxit:
3464 830 3553 884 59.
3604 829 3760 884 Vobis

2159 911 2292 963 enim
2320 922 2393 965 est
2416 915 2759 983 repromissio.
2811 917 2957 971 llanc
2986 928 3039 971 et
3071 919 3175 981 hic,
3209 937 3367 990 quam
3399 923 3647 993 superius
3682 923 3762 975 di-

2160 1011 2328 1055 xerat.
2360 1003 2425 1056 ιςι
2452 1006 2572 1071 ﬁliis
2595 1008 2785 1071 vestris,
2819 1009 3004 1078 inquit.
3034 1008 3197 1079 Igitur
3218 1014 3392 1080 majus
3419 1024 3500 1067 est
3526 1014 3756 1081 dontttn,

2159 1093 2373 1163 quando
2406 1095 2666 1150 honorum
2699 1101 2857 1153 etiam
2888 1099 3128 1156 lnercdes
3160 1102 3378 1158 habent.
3415 1104 3477 1157 Et
3498 1108 3750 1170 omnibus,

2161 1182 2348 1252 ittqttit,
2371 1187 2459 1252 qui
2484 1188 2631 1257 longe
2669 1200 2807 1243 sunt.
2859 1191 2913 1245 Si
2947 1192 3010 1246 iis
3041 1194 3129 1263 qui
3163 1194 3342 1264 longe,
3377 1197 3546 1250 multo
3587 1200 3757 1267 magis

2159 1275 2309 1329 vobis
2352 1277 2440 1345 qui
2493 1295 2677 1348 prope.
2740 1282 3087 1353 Quoscumque
3138 1287 3453 1341 advocaverit
3503 1288 3757 1346 Dominus

2159 1365 2298 1421 Deus
2331 1380 2517 1423 noster.
2572 1372 2700 1427 Vide
2744 1375 2958 1443 quando
2999 1376 3161 1443 dicat,
3190 1376 3265 1431 Iis
3301 1380 3385 1448 qui
3425 1381 3577 1450 lange
3615 1393 3753 1435 sunt.

2156 1458 2380 1526 Quando
2431 1462 2560 1516 vidit
2602 1466 2856 1523 Illos.sibi
2892 1469 3133 1537 pt'Oprios
3160 1478 3215 1522 ct
3239 1484 3358 1524 sese
3402 1471 3746 1529 damnantes.

2156 1549 2346 1602 Anima
2377 1552 2517 1604 enim
2558 1554 2770 1622 quando
2800 1558 3031 1627 seipsatu
3077 1559 3446 1626 damnaverit,
3480 1579 3585 1617 non
3616 1566 3753 1618 ultra

2157 1642 2352 1709 poterit
2401 1643 2657 1698 invidere.
2689 1646 2775 1700 40.
2824 1650 2951 1701 Aliis
2975 1650 3124 1702 etiam
3150 1651 3307 1705 verbis
3336 1652 3569 1722 plurimis
3608 1658 3752 1709 testi-

2156 1734 2339 1801 ﬁcatus
2367 1747 2459 1801 est,
2485 1747 2528 1789 et
2560 1740 2940 1804 exhortabatur,
2968 1742 3161 1794 dicens.
3224 1744 3350 1798 \‘ide
3381 1744 3525 1798 illum
3556 1747 3752 1816 ubique

2158 1826 2388 1882 breviter
2414 1830 2740 1898 loquentem,
2771 1849 2874 1885 non
2920 1834 3286 1897 ambitiosum,
3321 1853 3427 1891 non
3456 1848 3751 1894 ostentato-

2156 1932 2290 1971 t‘cnt.
2344 1917 2662 1986 Testi/icaltts
2690 1934 2781 1987 est,
2815 1923 3004 1992 inquit,
3047 1936 3092 1978 et
3135 1926 3513 1989 exhortabatur,
3547 1931 3745 1986 diuitis.

2156 2006 2281 2062 lla-c
2313 2009 2541 2077 perlecta
2572 2010 2815 2065 doctrina
2862 2025 2964 2081 est,
2995 2032 3111 2085 qua:
3143 2016 3267 2071 hinc
3313 2020 3577 2081 timorem,
3622 2024 3750 2078 inde

2157 2113 2393 2154 amorem
2426 2101 2605 2156 habet.
2652 2104 2939 2158 Salvamini
2981 2124 3013 2159 a
3056 2110 3375 2177 generatione
3414 2112 3508 2164 ista
3559 2128 3744 2179 praua.

2156 2187 2293 2242 Nihil
2341 2191 2408 2245 de
2444 2184 2657 2257 futuris,
2705 2195 2798 2248 sed
2847 2196 2916 2251 de
2966 2200 3317 2266 praesentibus
3358 2201 3504 2265 dicit,
3554 2208 3749 2271 quibus

2159 2283 2396 2336 tnaxime
2427 2296 2706 2340 moventur
2732 2287 2977 2343 homines
3008 2309 3021 2345 :
3048 2292 3390 2362 ostenditque
3417 2295 3684 2361 przrdicati
3712 2318 3751 2340 --

2159 2391 2280 2429 netu
2312 2386 2365 2430 et
2403 2394 2429 2429 a
2480 2381 2830 2446 praisentibns
2860 2392 2915 2436 et
2941 2400 2968 2435 a
3012 2384 3202 2438 futuris
3231 2401 3419 2440 eruere
3455 2389 3629 2441 malis.
3663 2390 3746 2443 41.

2161 2467 2263 2534 Qui
2289 2486 2406 2539 ergo
2437 2470 2641 2523 libenter
2681 2484 2978 2543 acceperunt
3017 2492 3297 2530 sermonem
3331 2480 3462 2549 ejus,
3512 2481 3751 2550 baptizati

2140 2570 2273 2613 sunt
2308 2572 2396 2615 :et
2425 2563 2674 2629 apposita:
2707 2575 2824 2616 sunt
2866 2566 2916 2618 in
2954 2567 3035 2619 die
3063 2568 3155 2620 illa
3186 2570 3370 2623 anima:
3417 2573 3616 2626 circiter
3654 2575 3750 2627 tria

2158 2654 2338 2705 millia.
2366 2657 2534 2719 Quam
2576 2669 2727 2723 putas
2771 2656 2891 2721 hoc,
2924 2660 3094 2728 magis
3115 2677 3272 2729 quam
3302 2664 3508 2732 signum
3537 2676 3751 2733 aposto-

2160 2743 2241 2797 los
2286 2747 2593 2800 recreasse'l
2624 2749 2713 2802 4'2.
2766 2748 2926 2802 Erant
2954 2762 3127 2805 autem
3172 2766 3538 2821 perseverantes
3564 2760 3747 2811 unani-

2159 2838 2303 2892 miter
2334 2839 2383 2892 in
2412 2840 2640 2893 doctrina
2666 2843 3032 2910 apostolorum,
3057 2854 3102 2898 et
3124 2847 3596 2901 counnunicatione.
3624 2850 3749 2904 [huc

2159 2930 2402 2994 virtutes,
2435 2942 2489 2986 et
2515 2934 2653 3002 quod
2688 2946 3117 3003 perseverarent,
3151 2948 3203 2990 et
3231 2939 3371 3007 quod
3406 2940 3745 2997 unanimiter.

2160 3022 2270 3076 lloc
2294 3034 2472 3079 autem
2494 3025 2642 3089 dixit,
2673 3035 2729 3079 ut
2750 3027 2998 3080 ostendat
3020 3028 3162 3097 quod
3186 3028 3341 3098 longo
3368 3040 3606 3101 tempore
3630 3033 3749 3088 illos

2157 3115 2455 3171 docuerint.
2506 3116 2572 3170 Et
2601 3120 3051 3173 communicatione
3072 3160 3089 3185 ,
3122 3130 3170 3173 et
3199 3123 3447 3191 fractione
3492 3126 3669 3193 panis,
3702 3136 3747 3179 et

2157 3210 2404 3264 oratione.
2454 3210 2645 3265 Omnia
2688 3215 3079 3275 communiter,
3110 3216 3288 3268 omnia
3320 3232 3438 3270 cum
3492 3234 3751 3286 persevca

2157 3301 2326 3352 rantia
2359 3299 2389 3352 l‘t
2410 3310 2620 3363 cernat,
2672 3304 2859 3373 inquit.
2885 3304 2952 3361 t3
3009 3303 3184 3359 Fiebat
3215 3315 3377 3359 autem
3405 3309 3541 3359 omni
3560 3310 3748 3363 anima

2157 3386 2538 3463 [credentium]
2581 3394 2749 3447 timor.
2810 3394 2975 3448 Multa
3024 3412 3217 3465 quoque
3269 3399 3497 3467 prodigia
3528 3401 3746 3470 etsigna

2158 3496 2245 3549 per
2265 3485 2519 3549 apostolos
2547 3486 2753 3553 ﬁebant.
2789 3487 2998 3541 Merito.
3041 3488 3227 3558 Neque
3248 3491 3386 3544 cuitu
3419 3500 3476 3544 ut
3500 3493 3746 3562 Volgares

2159 3572 2400 3627 homines
2450 3575 2839 3642 chpit-iebam,
2902 3595 3072 3648 neque
3127 3581 3285 3634 rebus
3332 3583 3433 3637 sub
3469 3594 3745 3652 aspectum

2155 3664 2469 3718 eadcntibus
2514 3666 2863 3722 attendebant
2887 3710 2900 3731 ,
2934 3670 3027 3722 sed
3079 3669 3292 3723 incensa
3333 3684 3448 3724 erat
3478 3688 3630 3730 mens
3654 3689 3743 3728 eo-

2157 3770 2295 3810 rum.
2328 3756 2461 3824 Quia
2489 3758 2631 3815 tnitn
2665 3760 2825 3816 nmlta
2850 3760 3095 3827 superius
3122 3760 3277 3814 verba
3302 3759 3505 3815 fuderat
3537 3763 3738 3830 Petrus,

2157 3850 2572 3919 ostenderatqne
2601 3861 2653 3906 et
2683 3853 2941 3919 promissa
2970 3862 3025 3906 et
3047 3852 3241 3917 latura,
3273 3852 3394 3923 jure
3442 3866 3583 3910 metu
3623 3872 3743 3912 cor-

2158 3940 2292 4008 l'Cpti
2339 3951 2513 4003 erant,
2552 3952 2606 3994 et
2652 3942 2799 4010 signa
2846 3942 3004 3997 dictis
3052 3946 3420 3999 testimonium
3473 3946 3738 4006 ferebant.

2156 4030 2302 4083 Sicut
2324 4031 2480 4099 igitur
2506 4030 2555 4087 itt
2582 4029 2794 4084 (lltristo
2819 4034 3047 4099 primum
3076 4036 3245 4103 signa,
3272 4045 3451 4104 postea
3480 4036 3741 4104 doctrina,

2157 4121 2348 4175 deinde
2386 4123 2637 4175 miracula
2669 4139 2682 4175 :
2719 4124 2788 4176 ita
2812 4132 2866 4178 ct
2890 4139 3049 4177 nunc.
3101 4126 3188 4179 44.
3226 4126 3409 4181 Umnrs
3446 4137 3614 4182 autem
3658 4130 3747 4197 qui

2155 4217 2436 4277 Credebant,
2474 4226 2615 4269 erant
2646 4218 2853 4282 pariter,
2883 4228 2928 4270 et
2961 4220 3206 4272 habebant
3233 4221 3401 4274 omnia
3435 4226 3741 4278 communia.

2158 4306 2311 4370 Vide,
2342 4316 2570 4376 quantus
2596 4310 2772 4362 statim
2805 4308 3097 4379 profectus.
3143 4309 3259 4367 Non
3291 4314 3432 4367 enim
3464 4315 3514 4365 in
3543 4317 3744 4370 oratio-

2158 4400 2314 4453 nihns
2363 4409 2567 4457 tantum
2600 4412 2717 4455 er.t
2748 4402 3183 4468 communicatio,
3217 4419 3390 4471 neque
3421 4406 3471 4458 itt
3504 4404 3744 4460 doctrina

2156 4494 2349 4556 solum,
2380 4494 2471 4547 sed
2500 4495 2661 4549 etiam
2697 4496 2748 4547 in
2784 4497 2905 4548 vita:
2942 4494 3226 4564 probitate.
3254 4497 3345 4551 45.
3396 4495 3746 4553 Possessiones

2154 4597 2202 4639 et
2229 4586 2532 4640 substantias
2557 4587 2832 4641 vendebant
2856 4629 2871 4651 ,
2900 4596 2947 4639 et
2987 4587 3271 4641 dividebant
3313 4590 3428 4643 illas
3471 4591 3701 4644 omnibus
3729 4634 3745 4656 ,

2159 4687 2309 4747 prout
2356 4680 2534 4747 cuique
2583 4695 2708 4748 opus
2757 4688 2883 4732 erat.
2938 4678 3107 4743 Vide,
3149 4690 3381 4749 quantus
3435 4682 3595 4736 timor
3644 4683 3748 4737 illis

2158 4769 2367 4823 accidit.
2425 4769 2489 4821 Et
2519 4769 2804 4823 dividebant
2830 4786 2936 4825 eas.
2988 4771 3121 4837 Hoc,
3155 4770 3355 4841 inquit,
3388 4772 3749 4842 dispensatio-

2159 4877 2278 4916 nem
2307 4860 2631 4931 signiﬁcans.
2678 4860 2838 4915 Prout
2863 4863 3039 4933 cuique
3068 4880 3193 4932 opus
3223 4874 3348 4917 erat.
3372 4863 3485 4917 Non
3512 4864 3707 4919 frustra
3732 4908 3748 4931 ,

2158 4952 2606 5022 quemadmodum
2635 4954 2775 5023 apttd
2802 4953 3019 5010 Gnaeos
3047 4954 3351 5023 philosnphi
3371 4995 3384 5012 ,
3416 4955 3505 5007 alii
3549 4966 3749 5013 terram

2160 5043 2554 5113 relinquebant,
2584 5044 2675 5097 alii
2706 5044 2928 5099 multum
2960 5045 3074 5099 auri
3107 5044 3160 5097 in
3185 5058 3335 5100 mare
3361 5045 3747 5113 projiciehant;

2160 5133 2298 5203 quod
2327 5149 2432 5187 non
2460 5136 2805 5203 pecuniarum
2860 5143 3201 5203 contemptus
3228 5145 3367 5201 erat,
3396 5135 3489 5189 sed
3518 5138 3746 5192 stultitia

2160 5236 2216 5279 et
2260 5226 2580 5295 insipientia.
2632 5228 2856 5296 Semper
2896 5228 3038 5282 enim
3086 5226 3290 5281 studuit
3336 5228 3604 5296 diabolus,
3657 5232 3746 5285 Dei

2160 5326 2433 5371 creaturas
2474 5316 2665 5386 ubique
2707 5317 3052 5383 calumniari,
3098 5320 3249 5387 quasi
3279 5334 3382 5373 non
3410 5330 3589 5390 posset
3628 5322 3751 5391 quis

2160 5408 2297 5463 bene:
2339 5410 2411 5463 uti
2459 5410 2715 5479 pecuniis.
2766 5409 2855 5465 46.
2906 5408 3143 5476 Quotidie
3182 5428 3381 5480 quoiue
3421 5429 3748 5481 perseveran-

2161 5514 2231 5554 trs
2276 5503 2576 5555 unanimiter
2618 5501 2671 5554 in
2726 5504 2931 5570 templo.
3001 5500 3096 5556 llic
3144 5502 3359 5556 modum
3406 5501 3597 5571 docet,
3645 5518 3755 5569 quo

2161 5596 2400 5647 doctrina
2458 5593 2791 5648 fruebantur.

2231 5684 2284 5736 2.
2319 5684 2381 5737 Et
2409 5684 2676 5753 perpende
2702 5725 2715 5749 ,
2745 5685 3013 5755 quomodo
3057 5686 3188 5740 nihil
3227 5683 3367 5739 aliud
3398 5681 3632 5740 facerent
3660 5693 3755 5746 ,ιιι-

2163 5783 2284 5846 (hei,
2327 5794 2423 5835 nec
2456 5792 2695 5847 parvum,
2730 5794 2827 5834 nec
2859 5794 3129 5849 magnum,
3169 5777 3264 5841 sed
3305 5777 3355 5833 in
3386 5778 3586 5847 templo
3611 5778 3755 5833 assi~
