4040 6212
475 304 549 362 65
1101 303 1160 360 s.
1195 299 1478 359 JOANNIS
1511 293 1992 353 cum-30510:"
2031 290 2356 350 ARCHIEP.
2398 291 2950 350 CONSTANTINOP.
3668 291 3740 346 εδ

474 424 574 478 καὶ
599 422 851 493 ἔχοντες
902 423 1080 493 χάριν
1104 422 1254 490 πρὸς
1279 421 1424 474 ὅλον
1446 417 1551 470 τόν
1576 415 1751 470 λαόν.
1772 415 1874 466 Τὸν
1895 414 2057 484 ἄρτον

472 506 595 576 ἐμοὶ
615 506 767 559 δοκεῖ
789 507 986 574 λέγων,
1015 507 1107 559 καὶ
1129 506 1222 574 τὴν
1245 501 1494 571 νηστείαν
1513 499 1746 552 ἐνταῦθα
1769 495 2056 567 σημαίνειν

473 590 567 642 καὶ
595 589 687 642 τὸν
723 589 958 660 σκληρὸν
989 588 1103 658 βίον
1124 603 1136 613 ’
1175 586 1376 655 τροφῆς
1417 583 1554 653 γάρ,
1581 581 1642 636 οὐ
1669 581 1880 652 τρυφῆς
1919 596 2050 648 μετ-

476 673 809 744 ελάμϐανον.
849 673 1145 736 Ἐντεῦθεν,
1178 669 1447 738 ἀγαπητέ,
1479 666 1737 738 μάνθανε.
1773 667 1848 730 ὡς
1889 667 1990 736 οὐχ
2016 668 2050 736 ἢ

474 757 678 827 τρυφὴ,
711 757 868 810 ἀλλά
903 757 936 823 ἡ
969 754 1140 822 τροφὴ
1173 751 1270 820 τὴν
1299 749 1595 804 ἀπόλαυσιν
1645 752 1822 802 ποιεῖ’
1847 751 1941 802 καὶ
1978 749 2055 812 ὡς

474 841 524 889 οί
560 837 964 908 τρυφῶντες,ἐν
992 834 1155 902 λύπῃ,
1188 835 1236 886 οἱ
1269 833 1322 886 δέ
1347 832 1422 902 μή
1449 833 1781 902 τρυφῶντες,
1813 835 1869 885 ἐν
1888 833 2050 902 χαρᾷ.

490 920 673 990 Ὁρᾷς,
702 921 781 973 61:
812 921 862 970 οί
911 917 1114 986 Πέτρου
1145 915 1290 983 λόγοι
1321 916 1414 968 καὶ
1444 915 1601 968 τοῦτο
1635 909 1802 985 εἶχον,
1846 915 1936 968 τὸν
1961 914 2054 968 τοῦ

481 1003 595 1072 βίου
623 999 996 1071 σωφρονισμόν
1015 998 1064 1062 l1;
1093 997 1278 1060 Οὕτως
1300 998 1400 1051 οὐκ
1425 998 1503 1050 ἔνι
1527 998 1777 1066 γενέσθαι
1800 997 2058 1066 ἀγαλλίας

479 1101 586 1149 σιν,
623 1083 697 1152 μή
720 1082 973 1151 ἀφελείας
993 1082 1178 1152 οὐσης.
1210 1081 1319 1134 Καὶ
1362 1080 1499 1144 πῶς,
1525 1083 1710 1150 φησὶν,
1739 1077 1923 1148 Εἶχον
1951 1079 2058 1149 χά-

424 1217 430 1222 _
469 1181 572 1234 ριν
622 1164 773 1231 πρὸς
819 1164 966 1217 ὅλον
1001 1163 1107 1217 τόν
1139 1165 1328 1225 λαόν;
1362 1166 1438 1216 Δι’
1481 1157 1556 1217 ὧν
1588 1165 1805 1216 ἐποίουν
1835 1163 1923 1216 διὰ
1959 1163 2060 1233 τῆς

477 1246 866 1316 ἐλεημοσύνης.
886 1247 974 1316 Μὴ
1010 1248 1120 1316 γάρ
1155 1264 1265 1315 μοι,
1295 1249 1344 1300 εἱ
1370 1249 1417 1300 οί
1451 1249 1727 1319 ἀρχιερεῖς
1753 1247 2070 1315 ἐπέστησαν.

479 1330 659 1392 αὐτοῖς
677 1328 781 1381 ὑπὸ
806 1328 1000 1398 φθόνου
1029 1331 1122 1382 καὶ
1145 1329 1464 1399 βασκανίας,
1487 1330 1646 1382 τοῦτο
1670 1329 1804 1401 ίδῃςο
1834 1328 1948 1382 ἀλλ’
1978 1329 2059 1380 ὅτι

479 1411 615 1480 πρὸς
636 1410 726 1464 τὸν
751 1411 878 1464 λαὸν
895 1412 1052 1482 χάριν
1075 1408 1238 1482 εἶχον.
1285 1412 1339 1464 Ὁ
1371 1411 1439 1464 δὲ
1469 1413 1684 1481 Κύριος
1718 1411 2061 1478 προσετίθει

480 1492 621 1559 τοὺς
676 1492 1053 1562 σωζομένους
1108 1493 1247 1548 καθ’·
1297 1493 1526 1562 ἡμέραν
1579 1492 1653 1561 τῇ
1714 1492 2057 1562 Ἐκκλησία.

481 1576 710 1641 Πάντες
736 1576 803 1628 δὲ
834 1579 888 1630 οἱ
917 1578 1304 1642 πιστεύοντες
1326 1573 1488 1647 ἦσαν
1525 1577 1861 1630 ἐπιτοαυτό.
1904 1574 2062 1627 Οὕτω

484 1657 762 1728 πανταχοῦ
797 1659 960 1711 καλὸν
1005 1662 1037 1729 ἡ
1072 1660 1311 1729 ὁμόνοια.
1353 1658 1610 1726 Ἐτέροις
1639 1675 1703 1711 τε
1730 1658 1934 1727 λύγοις
1973 1657 2060 1709 δι-

480 1741 865 1809 εμαρτύρατο.
905 1740 1075 1794 Τοῦτο
1112 1737 1252 1807 εἷπε,
1291 1741 1535 1805 δεικνὺς,
1561 1741 1642 1792 ὅτι
1668 1741 1767 1792 οὐκ
1805 1741 1964 1811 ήρκει
1998 1738 2065 1793 τά

482 1821 740 1892 λεχθέντα
777 1839 790 1853 ·
845 1822 878 1894 ἢ
937 1826 1030 1876 καὶ
1076 1825 1258 1879 ἐκεῖνα
1309 1824 1428 1894 μὲν,
1488 1822 1628 1876 ὥστε
1682 1824 1816 1893 trp“;
1880 1822 2062 1876 πίστιν

481 1905 808 1976 ἐπαχθῆναι,
847 1907 1020 1960 ταῦτα
1048 1908 1124 1968 δὲ,
1147 1907 1268 1960 τίνα
1296 1907 1398 1978 χρὴ
1423 1907 1513 1960 τὸν
1549 1906 1736 1962 πιστὸν
1759 1910 1957 1968 ποιεῖν,
1988 1905 2064 1958 εῖ-

484 2007 666 2060 ρηται.
704 1991 812 2042 Καὶ
839 1992 939 2045 οὐκ
977 1989 1158 2056 εἶπεν,
1192 1992 1313 2044 Ἐπὶ
1362 1990 1439 2061 τῷ
1481 1990 1722 2060 σταυρῷ,
1757 1989 1892 2053 ἀλλ’,
1939 1989 2065 2042 Ἐπί

483 2071 563 2136 τῷ
593 2073 837 2141 ὀνόματι
872 2075 1065 2143 Ἰησοῦ
1090 2073 1348 2142 Χριστοῦ
1381 2073 1775 2141 βαπτισθήτω
1807 2073 2066 2137 ἕκαστος

480 2153 671 2222 ὑμῶν.
692 2155 826 2209 Οὐδέ
849 2157 1258 2228 ἀναμιμνήσκει
1291 2158 1486 2217 αὐτοὺς
1513 2155 1750 2226 συνεχῶς
1779 2155 1870 2208 τοῦ
1903 2172 2072 2208 σταυ-

485 2236 605 2306 ροῦ,
641 2237 727 2289 ἵνα
763 2237 838 2309 μὴ
872 2238 1150 2302 ὀνειδίζειν
1188 2240 1335 2311 δόξῃ,
1371 2239 1484 2292 ἀλλ’
1519 2239 1724 2301 ἁπλῶς,
1761 2237 2064 2303 Μετανοή-

486 2335 654 2378 σατε.
690 2323 843 2391 φησὶ,
891 2322 989 2375 καὶ
1013 2323 1408 2388 ,ϐαπτισθήτω
1439 2323 1696 2388 ἕκαστος
1723 2323 1792 2374 ἐν
1821 2319 1899 2385 τῷ
1932 2321 2068 2374 ὀνό-

482 2418 624 2468 ματι
652 2402 849 2469 Ἰησοῦ
866 2405 1121 2471 Χριστοῦ
1144 2407 1230 2470 εὶς
1252 2405 1471 2473 ἄφεσιν
1493 2401 1808 2472 ἁμαρτιῶν.
1827 2404 1937 2455 Καὶ
1961 2403 2067 2473 μὴν

488 2485 691 2554 ἑτέρως
728 2487 839 2555 ἕχει
867 2486 976 2539 τῶν
998 2485 1232 2540 ἐνταῦθα
1271 2486 1636 2556 δικαστηρίων
1668 2487 1695 2537 6
1718 2485 1880 2554 νόμος
1902 2501 1914 2514 ·
1954 2486 2067 2538 ἀλλ’

488 2567 584 2618 ἐπὶ
610 2568 702 2621 τοῦ
756 2569 1109 2641 κηρύγματος
1139 2571 1267 2622 ὅταν
1314 2572 1341 2622 6
1365 2568 1700 2640 ἡμαρτηκὼς
1737 2570 2068 2642 ὁμολογήσῃ,

486 2651 612 2704 τότε
643 2652 896 2716 σώζεται.
923 2655 1086 2724 Ὅρα,
1121 2653 1240 2717 πῶς
1259 2655 1318 2708 οὐ
1342 2655 1402 2706 τὸ
1436 2654 1618 2724 μεῖζον
1651 2655 2001 2726 παρέδραμεν
2043 2658 2070 2707 6

488 2734 726 2804 Πέτρος·
921 2736 1056 2788 ἀλλὰ
1087 2737 1351 2809 πρότερον
1389 2737 1486 2809 τὴν
1517 2725 1676 2808 χάριν
1716 2725 1906 2800 εἰπὼν,
1951 2737 2072 2789 τότε

487 2816 585 2868 καὶ
614 2819 792 2870 έκεῖνο
832 2820 1100 2888 ἐπήγαγε,
1138 2820 1346 2886 λέγων·
1380 2820 1663 2888 Λήψεσθε
1703 2819 1818 2887 τὴν
1848 2819 2075 2885 δωρεὰν

488 2900 594 2953 τοῦ
615 2901 786 2970 ἁγίου
823 2905 1182 2973 Πνεύματος.
1239 2903 1577 2970 ’Λξιόπιστος
1601 2905 1629 2956 ό
1650 2903 1807 2969 λόγος
1850 2902 2074 2955 αὐτόθεν

492 2981 556 3046 ἐξ
595 2977 669 3037 ὧν
704 2985 858 3038 αὐτοὶ
891 2986 1104 3039 ἔλαϐον.
1131 2988 1281 3050 Τέως
1311 2987 1418 3058 γὰρ
1447 2989 1508 3039 τὸ
1546 2987 1766 3039 εὔκολον
1805 2985 1952 3053 λέγει
1981 2985 2076 3037 καὶ

491 3068 691 3139 πολλὴν
709 3069 829 3137 ἔχον
852 3069 1080 3141 δωρεὰν,
1101 3071 1194 3123 καὶ⁵
1210 3072 1333 3124 τότε
1356 3071 1448 3123 ἐπὶ
1473 3071 1563 3122 τὸν
1588 3071 1706 3140 βίον
1729 3070 1876 3138 ἄγει,
1899 3070 2072 3135 εἰδὼς,

490 3152 573 3204 ὅτι
603 3151 857 3216 ὑπόθεσις
890 3154 1070 3215 αὐτοῖς
1099 3164 1124 3192 ο
1158 3154 1311 3206 ἐσται
1339 3153 1604 3222 σπουδῆς,
1644 3153 1704 3206 τὸ
1739 3153 1839 3223 ήδη
1877 3151 2076 3220 γεύσα-

498 3233 623 3286 σθαι
656 3233 764 3287 τῶν
789 3236 1059 3288 τοσούτων
1098 3235 1336 3303 ἀγαθῶν.
1383 3236 1535 3288 Ἐπεὶ
1558 3236 1614 3290 δὲ
1638 3235 1820 3288 ἐπόθει
1847 3234 2077 3288 ἀκοῦσαι.

495 3319 523 3370 6
549 3317 842 3388 ἀκροατὴς,
873 3319 923 3371 τί
954 3314 1020 3390 ἦν
1043 3319 1150 3371 τῶν
1190 3319 1451 3372 πλειόνων
1473 3319 1645 3386 λόγων
1672 3319 1731 3371 τὸ
1759 3318 2075 3387 κεφάλαιον,

496 3401 592 3453 καὶ
624 3400 780 3454 τοῦτο
803 3401 1148 3472 προστίθησι,
1189 3403 1404 3465 δεικνὺς
1425 3405 1506 3456 61:
1532 3406 1564 3474 ἡ
1596 3403 1777 3474 δωρεά
1795 3403 1889 3455 τοῦ
1922 3401 2077 3470 ἁγίου

498 3481 838 3554 Πνεύματος.
881 3485 944 3536 Ui
978 3484 1078 3554 μὲν
1113 3481 1207 3547 οὖν
1246 3485 1636 3556 ἀποδεξάμενοι
1671 3486 1760 3538 τὸν
1792 3485 1947 3554 λόγον
1978 3487 2076 3538 ἐπ-

496 3565 695 3636 ῄνεσαν
716 3567 784 3619 τά
811 3567 1088 3636 λεχθέντα,
1128 3571 1302 3624 καίτοι
1331 3570 1496 3639 φόϐου
1520 3570 1780 3641 γέμοντα,
1813 3572 1907 3624 καὶ
1941 3571 2081 3641 μετά

498 3648 598 3718 τὴν
640 3650 1034 3717 συγκατάθεσιν
1083 3651 1204 3705 τότε
1239 3653 1332 3704 ἐπὶ
1364 3653 1426 3705 τὸ
1469 3654 1753 3723 βάπτισμα
1802 3653 2078 3723 ἔρχονται.

513 3731 651 3783 Ἀλλ’
687 3733 883 3801 ἴδωμεν
939 3733 1144 3786 ἀνωθεν
1197 3735 1263 3788 τά
1322 3737 1610 3806 εἰρημένα.
1662 3733 1878 3800 Ἦσαν,
1924 3738 2080 3806 φησὶ,

501 3816 1088 3884 προσκαρτεροῦντες
1135 3817 1209 3886 τῇ
1241 3817 1480 3888 διδαχῇ.
1527 3822 1620 3873 Ἐκ
1669 3820 1859 3876 τούτου
1904 3820 2080 3892 δῆλον,

502 3898 583 3950 ὅτι
620 3899 680 3950 οὐ
735 3899 863 3968 μίαν
903 3901 1138 3972 ἡμέραν,
1176 3901 1296 3954 οὐδέ
1342 3903 1436 3957 δύο
1488 3907 1583 3958 καὶ
1640 3909 1820 3977 τρεῖς,
1856 3905 2085 3959 ἀλλ’ἐπὶ

505 3980 704 4044 πολλὰς
729 3981 1094 4050 ἐδιδάσκοντο,
1119 3984 1214 4038 ἆτε
1238 3986 1320 4053 ἐφ’
1341 3985 1524 4056 ἕτερον
1558 3989 1924 4056 μεταστάντες
1950 3987 2082 4056 βίον.

504 4065 614 4118 Kal
647 4065 883 4135 ἐγένετο
913 4068 1082 4135 πάσῃ
1110 4068 1283 4137 ψυχῇ
1312 4071 1516 4137 φόϐος.
1544 4071 1605 4121 Εἰ
1635 4071 1824 4136 πάσῃ,
1853 4071 1945 4125 καὶ
1979 4069 2085 4121 τῶν

509 4148 584 4220 μὴ
609 4151 1038 4207 πιστευσάντων.
1073 4153 1233 4214 Εἰκὸς
1262 4152 1318 4204 δέ
1356 4153 1554 4214 αὐτοὺς
1589 4153 1780 4205 παθεῖν
1817 4150 2085 4219 τοσαύτην

507 4232 704 4300 ἀθρόον
741 4233 1043 4303 μεταϐολήν
1074 4233 1280 4293 ἰδόντας
1301 4251 1313 4262 ο
1347 4235 1486 4302 τάχα
1519 4232 1573 4284 δὲ
1607 4233 1699 4284 καὶ
1721 4233 1827 4283 ἀπὸ
1857 4232 1964 4282 τῶν
1993 4248 2087 4301 ση-

511 4314 696 4381 μείων.
732 4316 884 4382 Οὐχὶ,
925 4312 1091 4382 Ὁμοῦ
1144 4313 1219 4376 δέ,
1255 4312 1395 4374 ἀλλ’,
1445 4312 1865 4380 Ὀμοθυμαδὸν,
1910 4308 2082 4376 εἶπεν,

511 4394 696 4464 ἐπειδὴ
715 4394 792 4448 ἔνι
813 4394 948 4462 ὁμοῦ
971 4395 1066 4462 μὲν
1083 4389 1220 4445 εἷναί
1242 4409 1412 4454 τινας,
1433 4395 1493 4446 οὐ
1521 4394 1626 4464 μὴν
1647 4395 1702 4446 δὲ
1723 4394 2086 4464 ὁμοθυμαδὸν,

508 4475 871 4546 διῃρημένους
893 4479 1016 4538 ταῖς
1040 4475 1304 4544 γνώμαις.
1329 4477 1525 4545 Λόγοις
1547 4494 1606 4529 τε
1638 4477 1955 4549 παρεκάλει.
1979 4480 2088 4532 Καὶ

509 4559 631 4612 οὐδὲ
660 4557 894 4610 ἐνταῦθα
919 4559 1067 4626 λέγει
1089 4557 1185 4629 τὴν
1206 4557 1553 4613 διδασκαλίαν
1571 4559 1624 4622 ἀ,
1655 4560 1963 4629 ἐπιτέμνων
1996 4562 2090 4615 τὸν

509 4641 669 4706 λόγον
689 4658 704 4673 ο
729 4640 847 4705 ἐξὸν
869 4641 926 4694 δέ
966 4641 1278 4712 μανθάνειν,
1312 4643 1394 4697 ὅτι
1431 4643 1506 4706 ὡς
1538 4643 1691 4707 νέους
1721 4645 1914 4705 παῖδας
1939 4646 2092 4717 ἐτρε·

513 4741 612 4793 φον
647 4726 713 4794 τῇ
736 4727 912 4796 τροφῇ
941 4727 1007 4796 τῇ
1052 4728 1417 4796 πνευματικῇ.
1446 4727 1554 4779 Καὶ
1587 4726 1807 4796 ἄγγελοι
1835 4729 2091 4796 γεγόνασι

509 4805 696 4861 λοιπὸν
737 4806 1014 4878 ἐξαίφνης.
1057 4808 1165 4861 Καὶ
1217 4807 1538 4878 διεμέριζον
1579 4811 1725 4864 καθὸ
1759 4811 1971 4879 χρείαν
2003 4828 2094 4876 τις

511 4887 693 4961 εἶχεν.
727 4889 902 4957 Εἶδον,
939 4893 1020 4946 61:
1044 4891 1112 4944 τά
1136 4903 1159 4931 ο
1197 4893 1540 4961 πνευματικά
1572 4893 1746 4955 κοινὰ,
1791 4896 1885 4947 καὶ
1917 4893 2095 4957 οὐδεὶς

513 4978 699 5048 ἔτερος
731 4977 918 5049 ἐτέρου
941 4976 1103 5031 πλέον
1130 4975 1265 5047 ἔχει,
1291 4979 1384 5030 καὶ
1407 4978 1616 5047 ταχέως
1638 4975 1802 5048 ἦλθον
1823 4980 1915 5032 ἐπὶ
1947 4979 2007 5032 τὸ
2028 4977 2099 5032 τά

515 5059 695 5114 αὐτῶν
726 5061 861 5113 πᾶσι
897 5059 1204 5114 διαδιδόναι.
1243 5058 1471 5126 Πάντες
1499 5059 1568 5112 δὲ
1606 5064 1658 5115 οἱ
1705 5062 2098 5128 πιστεύοντες

515 5137 678 5210 ἦσαν
713 5143 1047 5197 ἐπιτοαυτό.
1092 5142 1290 5196 Ὀτιδέ
1335 5144 1394 5196 οὐ
1421 5143 1569 5215 τόπῳ
1603 5141 1743 5214 ἦσαν
1787 5144 2096 5204 ἐπιτοαυτδ,

516 5225 674 5295 δῆλον
704 5223 762 5289 ἐξ
783 5220 857 5278 ὧν
886 5228 1134 5296 ἐπήγαγε
1154 5227 1348 5295 λέγων,
1377 5230 1484 5282 Καὶ
1508 5227 1705 5282 πάντα
1719 5225 1888 5295 εἶχον
1905 5227 2097 5282 κοινά.

520 5306 750 5372 Πάντες
774 5307 850 5370 δὲ,
877 5311 1061 5378 φησὶν,
1078 5311 1176 5379 οὐχ
1198 5313 1226 5362 6
1259 5311 1376 5379 μὲν,
1400 5312 1510 5364 ό-δὲ
1539 5313 1622 5366 οὐ.
1655 5313 1826 5366 Τοῦτο
1855 5311 2101 5365 πολιτεία

519 5391 812 5459 ἀγγελικὴ.
843 5392 1008 5460 μηδὲν
1034 5393 1213 5445 αὐτῶν
1247 5393 1425 5460 λέγειν
1461 5395 1590 5448 ἴδιον
1614 5392 1772 5449 εἶναι.
1821 5395 2102 5449 Ἐντεῦθεν

519 5477 552 5544 ἡ
607 5475 734 5546 ῥίζα
770 5474 878 5526 τῶν
927 5475 1109 5528 κακῶν
1154 5475 1388 5545 ἐξεκόπη
1415 5517 1428 5539 ,
1470 5478 1566 5531 καὶ
1606 5479 1673 5532 δι’
1711 5472 1785 5532 ὧν
1836 5479 2102 5550 ἔπραττον

583 5660 599 5682 ⁸
628 5659 763 5726 Unus
787 5658 1134 5726 μετελάμϐανον
1160 5661 1206 5708 έν
1229 5661 1522 5726 ἀγαλλιάσει,
1544 5663 1708 5726 φησίν.
1736 5663 1896 5726 Ὁρᾷς,
1923 5666 1994 5711 ὅτι
2015 5663 2105 5726 οὐχ

524 5725 554 5786 ᾗ
584 5725 752 5785 τρυφή,
785 5721 887 5769 ἀλλ’
929 5783 937 5786 _
962 5719 1001 5760 7b
1031 5719 1162 5786 [dmin
1185 5719 1515 5786 σωφρονισμόν
1533 5719 1637 5778 (Οὐ
1662 5724 1750 5786 γὰρ
1777 5719 1850 5786 ὲίιιί
1877 5783 1886 5786 _
1919 5728 1946 5786 F
1977 5719 2106 5772 Ideni;

524 5783 865 5842 67::,61:66a0:;
891 5783 978 5844 γὰρ
1003 5784 1177 5838 αὐτοῖς.
1242 5783 1268 5820 ά
1298 5783 1469 5832 Murcl.
1491 5783 1762 5845 παρεκάλει.
1789 5785 1859 5832 Οὐ
1877 5783 2000 5842 λέγει
2023 5801 2037 5826 ἰ
2055 5802 2106 5842 ηι

528 5845 875 5914 διδασκαλίαν*
922 5848 946 5873 θ
983 5845 1083 5914 ..λιιι
1120 5846 1330 5914 ἐξαίφνης
1368 5846 1581 5905 ἅπαντες,
1614 5845 1728 5906 εὐχῇ
1770 5845 1850 5893 καὶ
1880 5845 2107 5906 ἀκροάσει

529 5908 1001 5973 ςοοσκσρττροῦντες,
1023 5908 1140 5955 εἶδον
1175 5909 1245 5954 ὅτι
1268 5909 1338 5956 τό,

2165 412 2393 478 ἔδειξαν,
2428 415 2510 467 ὅτι
2538 415 2950 484 ήκουσαν.”Δρα
2984 412 3139 466 τοῦτο
3163 409 3230 485 ἦν
3249 412 3276 464 6
3309 412 3482 481 ἔλεγε,
3507 412 3744 480 Σώθητε

2162 494 2280 548 ἀπὸ
2314 495 2426 563 τῆς
2448 493 2658 566 γενεᾶς
2697 495 2806 564 τῆς
2848 493 3100 560 σκολιᾶς
3121 495 3356 560 ταύτης.
3403 495 3512 549 Καὶ
3550 510 3742 562 προσ-

2159 576 2454 644 ετέθησαν
2478 577 2549 645 τῇ
2574 578 2759 646 ἡμέρᾳ
2779 579 2979 645 ἐκείνῃ
3007 577 3200 646 ψυχαί
3223 578 3363 632 ὡσεὶ
3392 578 3741 648 τρισχίλιαι.

2169 659 2386 730 Ἐπειδὴ
2409 661 2693 732 τρισχίλιοι
2710 661 3020 728 γεγόνασιν,
3040 661 3308 729 ἐξήγαγον
3335 660 3532 722 αὐτοὺς
3553 660 3744 713 λοιπὸν

2155 741 2278 806 ἔξω,
2321 745 2370 796 οἳ
2400 745 2495 797 καὶ
2525 744 2664 814 μετά
2702 744 3030 815 παρρησίας,
3057 746 3153 797 ᾶτε
3185 744 3387 814 πολλῆς
3415 743 3584 814 οὔσης
3608 743 3740 813 ήδη,

2157 824 2278 877 καθ’
2308 827 2521 898 ἡμέραν
2547 827 2782 900 ἀνῄεσαν
2814 828 2907 880 καὶ
2941 827 3318 897 προσήδρευον
3357 828 3413 878 ἐν
3441 826 3520 896 τῷ
3566 827 3700 898 ἱερῷ
3724 840 3741 856 ο

2157 909 2278 961 ἐπεὶ
2305 912 2399 964 καὶ
2429 911 2632 981 Πέτρος
2659 911 2754 963 καὶ
2783 911 3035 979 Ἰωάννης
3063 910 3259 980 μικρὸν
3276 909 3503 980 ὕστερον
3527 909 3588 963 16
3608 911 3745 963 αὐτὸ

2158 992 2402 1046 ποιοῦσιν
2426 1010 2439 1022 ·
2467 994 2619 1047 οὐδὲν
2662 994 2772 1065 γὰρ
2819 994 2958 1057 τέως
3000 995 3331 1065 παρεκίνουν
3369 995 3479 1047 τῶν
3521 997 3745 1049 Ἰουδαῖο

2157 1075 2292 1128 κῶν.
2321 1077 2431 1131 Καὶ
2453 1076 2593 1148 αὐτὴ
2613 1077 2668 1129 δέ
2699 1080 2732 1146 ἡ
2761 1080 2840 1140 είς
2875 1078 2967 1130 τὸν
2987 1079 3155 1132 τόπον
3186 1078 3323 1150 τιμὴ
3345 1078 3581 1131 διέϐαινε
3602 1079 3745 1148 πρὸς

2109 1225 2112 1228 γ
2159 1157 2250 1210 τὸν
2293 1158 2388 1211 τοῦ
2422 1159 2570 1228 ἱεροῦ
2613 1159 2910 1228 Δεσπότην.
2941 1155 3094 1224 Εἶδες
3137 1161 3425 1224 εὐλαϐείας
3462 1161 3745 1227 ἐπίδοσινς

2159 1241 2437 1312 Χρήματα
2464 1241 2726 1314 ἔρριψαν,
2762 1245 2860 1297 καὶ
2884 1243 3120 1314 ἔχαιρον,
3148 1245 3244 1299 καὶ
3275 1245 3445 1316 πολλὴ
3485 1241 3610 1316 ἦνή
3651 1245 3746 1298 εὐ-

2160 1322 2432 1394 φροσύνη·
2467 1324 2690 1392 μείζονα
2724 1325 2833 1396 γὰρ
2863 1322 2931 1396 ἦν
2974 1327 3012 1381 ἀ
3039 1329 3344 1397 ἐλάμϐανον
3393 1328 3597 1396 ἀγαθά.
3635 1329 3745 1380 Οὐ-

2159 1405 2271 1468 δεὶς
2299 1406 2591 1470 ὠνείδιζεν,
2619 1407 2795 1472 οὐδεὶς
2818 1409 3058 1478 ἐφθόνει,
3077 1410 3250 1473 οὐδεὶς
3275 1410 3620 1474 ἐϐάσκαινεν,
3646 1411 3748 1463 οὐκ

2159 1483 2226 1558 ἦν
2255 1487 2440 1555 τῦφος,
2469 1490 2570 1542 οὐκ
2596 1485 2662 1560 ἦν
2691 1489 3066 1555 ἐξουδένωσις·
3093 1492 3350 1561 καθάπερ
3388 1493 3576 1546 παιδία
3631 1493 3750 1547 ἐνό-

2165 1571 2321 1639 μιζον
2350 1570 2492 1624 οὕτω
2511 1572 2888 1637 παιδεύεσθαι,
2905 1574 2980 1637 ὼς
3006 1573 3440 1643 ἀνρτίτοκοιούτω
3457 1575 3745 1630 διέκειντο.

2164 1655 2273 1708 Καὶ
2299 1653 2353 1706 τί
2379 1653 2454 1716 ὡς
2483 1655 2541 1706 ἐν
2571 1655 2788 1726 ἀμυδρᾷ
2809 1656 2950 1723 λέγω
2981 1657 3180 1721 είκόνις
3220 1658 3280 1709 Εἰ
3309 1657 3589 1728 μέμνησθε
3647 1657 3747 1720 ὡς,

2163 1737 2252 1790 ὅτε
2281 1736 2378 1806 τὴν
2402 1737 2556 1790 πόλιν
2590 1740 2721 1807 ἡμῖν
2759 1739 3111 1812 ἔσεισεν
3145 1744 3174 1794 6
3209 1741 3360 1804 Θεὸς,
3405 1740 3504 1794 καὶ
3547 1742 3749 1804 πάντες

2162 1817 2302 1892 ἦσαν
2359 1822 2798 1891 συνεσταλμένοι,
2854 1821 2998 1875 οὕτω
3033 1825 3153 1876 τότε
3205 1826 3405 1877 ἐκεῖνοι
3449 1824 3745 1878 διέκειντο·

2161 1906 2337 1969 οὐδεὶς
2360 1905 2594 1968 ὕπουλος
2621 1902 2709 1977 ἦν,
2734 1906 2910 1970 οὐδεὶς
2949 1923 3082 1976 πονη
3093 1907 3204 1977 ρός.
3233 1908 3341 1959 Καὶ
3362 1907 3472 1978 γάρ
3497 1907 3751 1961 τοιοῦτον

2164 1989 2348 2056 φόϐος,
2380 1988 2624 2043 τοιοῦτον
2651 1992 2683 2058 ἡ
2701 1989 2898 2058 eum.
2929 1990 3042 2042 Οὐκ
3063 1986 3132 2060 ἦν
3161 1990 3221 2043 τὸ
3245 1989 3453 2061 ψυχρὸν
3481 1991 3634 2059 ῥῆμα
3661 1991 3746 2054 τὸ,

2178 2073 2362 2141 Ἐμὸν,
2388 2073 2480 2127 καὶ
2517 2073 2597 2132 τὸ.
2635 2075 2752 2127 Σόν.
2775 2071 2876 2126 Διά
2902 2070 3063 2126 τοῦτο
3097 2073 3415 2141 ἀγαλλίασις
3431 2068 3500 2145 ἦν
3530 2075 3621 2126 ἐπὶ
3644 2073 3750 2143 τῆς

2163 2155 2474 2226 τραπέζης’
2508 2157 2686 2219 οὐδεὶς
2713 2156 2788 2218 ὼς
2812 2155 2874 2220 ἐξ
2899 2156 3041 2208 ἰδίων
3075 2157 3268 2210 ἐσθίων
3292 2156 3542 2217 διέκειτο,
3574 2156 3750 2218 οὐδεὶς

2165 2237 2241 2300 ὡς
2275 2237 2334 2304 ἐξ
2380 2238 2694 2308 ἀλλοτρίων·
2757 2239 2934 2291 καίτοι
2961 2238 3108 2291 δοκεῖ
3155 2240 3378 2308 αῖνιγμα
3407 2234 3569 2293 εἶναι.
3611 2237 3754 2291 Οὔτε

2110 2365 2120 2376 .
2167 2320 2424 2391 ἀλλότρια
2454 2322 2702 2390 ἐνόμιζον
2729 2318 2868 2374 εἶναι
2897 2322 2965 2374 τὰ
3001 2323 3108 2375 τῶν
3138 2322 3380 2390 ἀδελφῶν
3400 2340 3414 2354 ο
3459 2322 3755 2376 δεσποτικά

2170 2404 2280 2475 γάρ
2305 2401 2401 2475 ἦν·
2435 2404 2558 2457 οὐτε
2589 2405 2713 2468 ἴδια,
2733 2404 2870 2458 ἀλλά
2903 2405 3012 2458 τῶν
3043 2405 3306 2474 ἀδελφῶν.
3343 2405 3478 2459 Οὐτε
3511 2409 3539 2459 6
3583 2406 3756 2475 πένης

2169 2489 2451 2557 ᾐσχύνετο,
2481 2487 2604 2540 οὕτε
2656 2490 2684 2540 6
2736 2488 2990 2550 πλούσιος
3051 2487 3334 2557 ἐτυφοῦτο.
3383 2489 3552 2542 Τοῦτό
3607 2488 3764 2541 ἐστιν

2170 2571 2510 2638 ἀγαλλίασις.
2555 2573 2824 2634 Κάκεῖνος
2863 2570 2938 2635 ὡς
2995 2572 3450 2643 εὐεργετούμενος
3500 2571 3758 2638 διέκειτο,

2171 2655 2264 2706 καὶ
2309 2650 2367 2707 εὖ
2422 2655 2645 2723 πάσχων
2695 2655 2914 2724 μᾶλλον,
2965 2657 3058 2708 καὶ
3105 2651 3249 2709 οὗτοι
3280 2655 3356 2717 ὡς
3408 2653 3757 2722 δοξαζόμενοι

2171 2737 2364 2807 ταύτῃ,
2401 2738 2494 2790 καὶ
2526 2737 2666 2790 πάνυ
2713 2738 2849 2808 πρὸς
2907 2738 3105 2801 αὐτοὺς
3154 2735 3294 2809 ἦσαν
3357 2737 3754 2808 συνδεδεμένοι.

2185 2819 2402 2890 Ἐπειδὴ
2452 2819 2561 2890 γὰρ
2598 2822 2665 2872 ἐν
2684 2823 2803 2881 ταῖς
2851 2819 2959 2873 τῶν
2993 2823 3292 2891 χρημάτων
3335 2821 3618 2891 διανομαῖς
3660 2819 3760 2874 καὶ

2175 2901 2383 2972 ὕϐρεις,
2412 2903 2507 2954 καὶ
2537 2903 2814 2967 ἀπονοίας,
2849 2904 2944 2955 καὶ
2970 2903 3144 2966 λύπας
3167 2903 3413 2970 γίνεσθαι
3441 2903 3753 2972 συμϐαίνει,

2169 2985 2260 3038 διὰ
2291 2984 2448 3038 τοῦτο
2480 2985 2663 3053 ἔλεγεν
2685 2987 2716 3037 6
2754 2986 3106 3047 Ἀπόστολος’
3142 2986 3236 3052 Μὴ
3266 2987 3334 3040 ἐκ
3363 2987 3586 3051 λύπης,
3622 2985 3656 3052 ἣ
3685 2985 3758 3049 ἐξ

2174 3066 2465 3136 ἀνάγκης.
2496 3068 2658 3137 Ὅρα,
2690 3067 2832 3120 πόσα
2859 3067 3042 3131 αὐτοῖς
3074 3070 3374 3138 μαρτυρεῖ;
3405 3069 3592 3121 Πίστιν
3621 3085 3758 3137 γνη-

2177 3151 2319 3213 σίαν,
2350 3151 2464 3220 βίον
2495 3151 2672 3222 ὀρθὸν,
2700 3151 2799 3221 τὴν
2825 3153 2887 3203 ἐν
2909 3151 3171 3221 ἀκροάσει
3211 3152 3530 3222 καρτερίαν,
3572 3153 3671 3223 τὴν
3701 3153 3763 3205 ἐν

2177 3237 2382 3306 εὐχαῖς,
2415 3235 2512 3305 τὴν
2543 3236 2597 3286 ἐν
2624 3234 2868 3304 ἀφελείᾳ,
2896 3234 2993 3303 τὴν
3026 3236 3083 3286 ἐν
3111 3234 3439 3307 εὐφροσύνῃ.

2246 3318 2314 3388 γ’.
2343 3317 2445 3370 Δύο
2474 3315 2540 3388 ἦν
2573 3317 2733 3371 ίκανά
2755 3317 3008 3388 ἐμϐαλεῖν
3029 3319 3224 3380 αὐτοὺς
3247 3318 3327 3378 εἰς
3356 3317 3616 3388 ἀθυμίαν,
3638 3321 3672 3390 ἥ
3703 3337 3766 3373 τε

2177 3403 2418 3474 νηστεία,
2452 3403 2545 3454 καὶ
2583 3403 2644 3454 τὸ
2677 3401 2744 3455 τά
2790 3404 3046 3473 χρήματα
3076 3400 3420 3455 διαδίδοσθαι.
3454 3403 3516 3454 Οί
3561 3402 3617 3455 δὲ
3666 3406 3770 3458 καὶ

2178 3486 2245 3539 δι’
2276 3485 2558 3556 ἀμφότερα
2588 3485 2924 3554 ἔχαιρον.Τίς
2954 3485 3062 3555 γὰρ
3083 3483 3208 3546 τοὺς
3229 3482 3368 3535 οὕτω
3384 3484 3769 3554 διακειμένους

2179 3571 2278 3624 οὐκ
2306 3568 2370 3621 ἂν
2398 3568 2684 3637 ἠγάπησεν
2716 3568 2792 3630 ὡς
2823 3567 3065 3637 πατέρας
3089 3565 3334 3629 κοινούς;
3366 3567 3534 3620 Οὐδὲν
3555 3567 3770 3623 ἔτικτον

2181 3651 2416 3722 πονηρὸν
2447 3652 2570 3704 κατ’
2605 3650 2872 3720 ἀλλήλων·
2906 3651 2968 3702 τὺ
2997 3651 3105 3702 πᾶν
3133 3649 3432 3719 ἐπέτρεπον
3477 3652 3545 3720 τῇ
3578 3649 3767 3722 χάριτι

2182 3734 2274 3787 τοῦ
2305 3733 2459 3787 Θεοῦ.
2485 3734 2598 3786 Οὐκ
2631 3729 2698 3804 ἦν
2727 3734 2918 3802 φόϐος,
2950 3734 3044 3786 καὶ
3071 3732 3243 3785 ταῦτα
3279 3733 3337 3786 ἐν
3374 3733 3559 3800 μέσοις
3581 3732 3770 3787 κινδύ-

2183 3835 2293 3881 νοις
2317 3817 2736 3888 ἐμϐεϐληκότων
2754 3815 2956 3869 αὐτῶν.
2986 3815 3084 3868 Διά
3111 3814 3240 3882 γοῦν
3266 3818 3366 3886 τῆς
3387 3815 3644 3884 ἀφελείας
3665 3815 3770 3885 τὴν

2185 3903 2367 3954 πᾶσαν
2401 3900 2578 3954 αὐτῶν
2595 3898 2862 3966 ἐδήλωσεν
2873 3898 3093 3968 ἀρετὴν,
3112 3897 3246 3952 πολύ
3268 3899 3479 3968 καὶτῆς
3493 3897 3598 3951 τῶν
3628 3915 3772 3974 χρη-

2188 3983 2372 4052 μάτων
2405 3981 2726 4050 ὐπεροψίας,
2767 3981 2860 4032 καὶ
2881 3980 2982 4048 τῆς
3009 3980 3285 4050 νηστείας,
3316 3981 3409 4034 καὶ
3429 3981 3529 4050 τῆς
3557 3983 3616 4034 ἐν
3649 3984 3772 4045 ταῖς

2185 4065 2373 4132 εὐχαῖς
2393 4063 2693 4132 καρτερίας
2715 4061 2936 4131 μείζονα
2947 4057 3130 4115 οὖσαν.
3151 4063 3306 4116 Οὕτω
3326 4063 3381 4116 δὲ
3408 4065 3501 4118 καὶ
3513 4063 3774 4134 καθαρῶς

2187 4147 2346 4216 ᾕνουν
2360 4146 2447 4198 τὸν
2463 4145 2614 4204 Θεὸν.
2649 4145 2846 4215 μᾶλλον
2873 4145 2929 4197 δὲ
2963 4143 3118 4199 τοῦτό
3137 4147 3284 4199 ἐστιν
3304 4149 3480 4200 αἰνεῖν
3502 4149 3593 4200 τὸν
3611 4147 3767 4202 Θεὸν.

2188 4229 2332 4296 Ὅρα
2355 4227 2410 4280 δέ
2441 4228 2535 4280 καὶ
2559 4228 2795 4282 ἐνταῦθα
2823 4227 3020 4290 αὐτοὺς
3045 4229 3534 4300 ἀπολαμϐάνοντας
3567 4230 3775 4293 εὐθέως

2186 4310 2548 4381 τάςάμοιϐἀς.
2573 4311 2645 4364 Τὸ
2677 4312 2785 4382 γὰρ
2814 4311 2956 4380 ἔχειν
2977 4311 3136 4381 χάριν
3160 4313 3299 4384 πρὸς
3325 4312 3418 4367 τὸν
3447 4313 3593 4375 λαὸν,
3610 4313 3776 4367 τοῦτό

2188 4395 2356 4455 ἐστιν,
2375 4396 2455 4448 ὅτι
2487 4394 2721 4448 ποθεινοί
2750 4412 2892 4458 τινες
2917 4391 3056 4464 ἦσαν
3089 4397 3183 4448 καὶ
3203 4396 3512 4466 ἐπέραστοι.
3545 4397 3642 4460 Τίς
3660 4397 3775 4470 γάρ

2187 4479 2289 4531 οὐκ
2309 4479 2374 4531 ἂν
2411 4479 2794 4546 ἀγάσαιτο,τίς
2811 4479 2868 4534 δὲ
2900 4481 3000 4532 οὐκ
3029 4479 3094 4532 ἂν
3125 4480 3457 4550 θαυμάσειεν
3481 4481 3773 4553 ἄνθρωπον

2189 4561 2252 4616 τό
2279 4557 2410 4632 ἦθος
2444 4561 2669 4624 ἁπλοῦν,
2704 4561 2735 4631 ἢ
2766 4561 2850 4625 τίς
2894 4563 2994 4616 οὐκ
3024 4563 3089 4616 ἂν
3129 4563 3408 4634 συνδεθείη
3473 4563 3550 4634 τῷ
3609 4564 3778 4635 μηδὲν

2192 4644 2423 4698 ὓπουλον
2453 4644 2662 4714 ἔχοντι;
2693 4645 2866 4699 Τίνων
2903 4646 2958 4698 δὲ
2983 4645 3159 4698 ἄλλων
3208 4646 3355 4699 ἐστὶν
3401 4649 3433 4716 ἡ
3469 4646 3774 4717 σωτηρίαῆ

2191 4728 2426 4788 τούτων;
2454 4728 2612 4781 τίνων
2641 4729 2695 4781 δὲ
2719 4728 2789 4782 τὰ
2817 4729 3026 4799 μεγάλα
3053 4728 3233 4797 ἀγαθά
3253 4729 3310 4795 t;
3350 4729 3484 4800 Οὐχὶ
3517 4730 3778 4800 ποιμένες

2195 4810 2660 4882 εὐηγγελίσθησαν
2684 4812 2967 4883 πρότεροις
2989 4812 3113 4882 οὐχὶ
3151 4811 3349 4881 Ἰωσὴφ
3368 4811 3572 4873 ἁπλοῦς
3587 4829 3672 4874 τις
3702 4812 3777 4865 ῶν

2194 4895 2502 4965 ἄνθρωπος,
2523 4895 2664 4949 ὥστε
2699 4895 2771 4965 μὴ
2789 4895 2876 4950 διὰ
2903 4895 3146 4965 μοιχείας
3181 4893 3414 4962 ὑποψίαν
3467 4895 3776 4967 φοϐηθέντα

2197 4978 2360 5032 αὐτὸν
2391 4977 2729 5048 ἐργάσασθαί
2761 4995 2815 5030 τι
2843 4977 3109 5048 πονηρόν;
3137 4977 3254 5046 οὐχὶ
3276 4975 3568 5047 ἀγροίκους
3599 4979 3778 5044 ἐξελέ-

2197 5078 2327 5130 γετο
2355 5062 2481 5124 τούς
2499 5061 2804 5122 ἀπλάστους
2821 5077 2834 5122 ;
2869 5058 3041 5128 Ψυχὴ
3059 5058 3183 5130 γάρ,
3203 5059 3385 5128 φησὶν,
3398 5061 3774 5131 εὐλογημένη

2197 5145 2368 5199 πᾶσα
2387 5143 2574 5212 ἁπλῆ·
2603 5146 2694 5198 καί
2723 5144 2903 5206 πάλιν,
2932 5145 2985 5195 '0
3011 5142 3078 5196 δὲ
3105 5145 3505 5212 πορευόμενος
3549 5145 3773 5210 ἁπλῶς,

2199 5230 2510 5296 πορεύεται
2539 5227 2845 5289 πεποιθώς.
2877 5227 3004 5289 Ναὶ,
3057 5227 3250 5296 φησίνο
3281 5226 3418 5280 ἀλλά
3442 5229 3536 5282 καὶ
3573 5230 3772 5300 φρονή-

2203 5328 2340 5374 σεως
2369 5310 2467 5363 δεῖ.
2498 5309 2563 5362 Τί
2583 5311 2690 5379 γὰρ
2715 5308 2841 5364 ἀλλο
2869 5309 3014 5362 ἐστὶν
3042 5308 3282 5380 ἁπλότης
3301 5309 3457 5381 ἀλλ’ἢ
3487 5312 3774 5382 φρόνησιςς

2205 5397 2373 5447 Ὅταν
2407 5393 2516 5462 γὰρ
2549 5393 2714 5462 μηδὲν
2752 5391 3062 5462 ὐποπτεύῃς
3085 5393 3342 5462 πονηρὸν,
3367 5393 3488 5446 οὐτε
3523 5395 3776 5464 τεκτῆναι.

2203 5477 2426 5532 δύνασαι
2457 5476 2708 5545 πονηρόν·
2743 5475 2870 5527 ὅταν
2911 5474 3077 5545 μηδὲν
3100 5475 3230 5548 ἔχῃς
3254 5476 3364 5530 τῶν
3413 5474 3628 5540 δεινῶν,
3657 5474 3777 5527 οὐδέ

2210 5559 2616 5633 μνησικακῆσαι
2666 5557 2890 5631 δυνήσῃ.
2927 5559 3158 5629 ’Ὑϐρισέ
3187 5575 3301 5623 τιςς
3358 5560 3458 5612 οὐκ
3509 5559 3770 5629 ήλγησαςο

2206 5644 2644 5712 ἐκακηγόρησεν;
2687 5642 2836 5695 οὐδὲν
2863 5641 3080 5705 ἔπαθες
3110 5641 3406 5711 ἐϐάσκηνεν
3431 5659 3444 5706 ;
3469 5641 3583 5694 οὐδὲ
3609 5639 3777 5700 οὕτως

2208 5728 2405 5791 ἕπαθές
2423 5744 2493 5778 τι.
2527 5725 2673 5788 ’ωδός
2708 5725 2788 5788 τίς
2809 5728 2955 5778 ἐστιν
2987 5725 3078 5778 ἐπὶ
3105 5724 3419 5794 φιλοσοφίαν
3456 5727 3486 5794 ἡ
3516 5723 3773 5792 ἁπλότης.

2280 5905 2298 5945 ί
2350 5905 2489 5957 Alius
2524 5904 2703 5966 μεγάλα
2747 5901 2974 5963 θαύματα.
