4036 6212
311 348 374 405 σε
1305 340 1370 397 1N
1409 342 1587 397 ACTA
1627 340 2395 398 APOSTOLORUMJIUMIL.
2441 342 2549 398 Vl].
3523 348 3592 403 68

315 461 393 516 dui
414 466 613 515 essent.
636 455 774 513 Nam
798 464 982 526 utpote
1004 452 1356 512 ferventiores
1379 456 1523 520 lacti,
1549 455 1751 525 majore
1772 471 1897 525 erga

313 554 475 610 locum
498 560 657 605 erant
684 548 1014 605 reverentia.
1042 532 1228 617 Neque
1248 548 1390 602 enim
1413 546 1531 601 illos
1555 545 1728 600 adhuc
1751 547 1899 605 avel-

315 646 479 700 lebant
546 642 809 711 apostoli,
861 657 927 697 ne
973 641 1117 711 ipsos
1160 640 1438 696 lzcderent.
1495 640 1563 693 Et
1615 644 1901 711 frangentes

314 736 440 789 circa
465 736 643 786 domos
670 748 878 800 partem,
907 730 1165 785 sumebant
1211 730 1373 784 cibum
1416 746 1527 782 cum
1575 730 1902 783 exsultatione

316 835 361 880 ct
406 825 726 893 simplicitate
787 823 959 877 cordis
993 861 1009 886 ,
1056 822 1147 878 47.
1194 820 1552 876 coilaudanles
1606 819 1805 885 Deum,
1853 830 1899 873 et

321 917 549 969 habentes
605 914 819 983 gratiam
879 912 948 965 ad
1000 928 1201 966 omnem
1249 912 1464 982 plebem.
1517 911 1653 971 Cum
1713 925 1900 980 panem

323 1006 465 1068 dicit,
487 1004 747 1073 jejunium
774 1002 908 1057 mihi
930 1012 985 1057 et
1004 1010 1272 1059 austeram
1301 1002 1463 1057 vitam
1487 1000 1794 1071 signiﬁcare
1814 1000 1898 1053 vi-

321 1096 498 1154 detur:
523 1095 647 1149 cibo
672 1095 841 1159 enim,
873 1110 977 1148 non
1002 1093 1211 1149 deliciis
1244 1093 1547 1148 utebantur.
1579 1093 1713 1148 Hinc
1732 1092 1898 1158 disce,

317 1187 519 1251 dilecte,
552 1200 663 1238 non
696 1185 932 1249 deliciis,
956 1184 1049 1238 sed
1076 1185 1195 1237 cibo
1215 1198 1312 1237 nos
1332 1183 1564 1237 suaviter
1580 1181 1714 1246 frui;
1742 1191 1796 1237 et
1810 1196 1903 1238 eos

316 1276 391 1343 qui
420 1275 633 1328 deliciis
675 1274 945 1336 fruuntur,
981 1274 1031 1326 in
1078 1273 1290 1327 tristitia
1328 1288 1477 1336 esse;
1527 1272 1611 1341 qui
1642 1286 1768 1325 vero
1794 1286 1899 1325 non

316 1366 586 1427 fruuntur,
642 1368 695 1420 in
742 1365 958 1436 gaudio.
1010 1364 1195 1420 Viden‘
1244 1364 1388 1419 Petri
1429 1378 1735 1429 sermones,
1780 1363 1902 1417 vita:

320 1462 721 1526 temperantiam
780 1456 1074 1511 intulisse?
1119 1456 1208 1511 Sic
1256 1472 1361 1509 non
1408 1464 1581 1524 potest
1620 1455 1902 1509 exsultatio

321 1563 421 1601 esse
458 1547 580 1601 sine
627 1548 992 1617 simplicitate.
1038 1546 1102 1601 Et
1142 1546 1429 1617 quomodo,
1465 1548 1689 1617 inquies,
1735 1546 1903 1600 Habe-

328 1640 425 1691 bunt
462 1640 680 1709 gratiam
710 1641 781 1692 ad
816 1656 1010 1693 omnem
1041 1639 1274 1707 plebem?
1310 1640 1534 1709 PrOptcr
1564 1656 1647 1705 ea,
1678 1657 1795 1711 qua:
1824 1641 1901 1698 la-

330 1730 515 1783 ciebant
552 1746 651 1798 per
699 1730 1095 1801 eleemosynam
1157 1730 1236 1785 Ne
1278 1731 1418 1785 enim
1459 1731 1720 1798 attendas,
1760 1731 1903 1800 quod

329 1821 572 1888 principes
612 1820 956 1874 sacerdotum
986 1820 1056 1873 ob
1096 1820 1345 1874 invidiam
1376 1828 1431 1875 et
1468 1821 1689 1875 livorem
1729 1821 1904 1875 insur-

324 1921 484 1979 gerent
513 1913 570 1963 in
602 1911 747 1974 illos,
772 1910 867 1965 sed
893 1911 1033 1981 quod
1056 1912 1279 1981 gratiam
1308 1911 1563 1967 haberent
1580 1912 1645 1966 ad
1670 1912 1897 1981 plebem.

322 2000 555 2054 Dominus
584 2012 757 2055 autent
799 2002 1011 2071 augebat
1050 2002 1271 2071 quotidie
1298 2019 1382 2055 eos
1402 2044 1416 2063 ,
1455 2006 1541 2072 qui
1569 2003 1697 2057 salvi
1725 2005 1902 2071 ﬁerent

316 2094 358 2145 ia
392 2090 652 2143 Ecclesia.
701 2091 890 2147 Omnes
928 2101 1096 2145 autem
1134 2094 1387 2146 credentes
1426 2094 1578 2146 simul
1614 2104 1779 2147 erant.
1810 2094 1901 2148 Sic

315 2180 501 2249 ubique
530 2181 672 2235 bona
701 2190 785 2235 est
812 2182 1115 2237 concordia.
1149 2182 1376 2252 Aliisque
1406 2184 1715 2237 sermonibus
1758 2187 1899 2241 testi-

311 2272 483 2337 ﬁcatus
510 2281 607 2325 at.
649 2272 763 2328 Hoc
784 2271 918 2329 dixit
947 2273 1258 2338 ostendens,
1290 2291 1392 2327 non
1419 2276 1548 2328 satis
1576 2276 1739 2330 fuisse
1769 2277 1855 2331 illa
1879 2319 1896 2343 ,

311 2379 421 2432 qua:
449 2364 598 2418 dicta
628 2364 839 2419 fuerant
869 2382 881 2417 :
916 2366 997 2420 vel
1032 2366 1113 2419 illa
1152 2367 1363 2435 quidem
1393 2366 1633 2433 dixerat,
1668 2379 1723 2423 ut
1746 2369 1812 2423 ad
1839 2369 1901 2425 ﬁ-

308 2453 423 2507 dem
459 2454 775 2519 induceret;
806 2455 920 2510 haec
947 2471 1074 2510 vero
1093 2457 1376 2523 docebant,
1399 2459 1607 2527 qualem
1632 2469 1901 2529 oporteret

306 2562 424 2601 esse
475 2547 712 2602 ﬁdelem.
760 2547 871 2603 Nec
914 2548 1069 2613 dixit,
1124 2550 1177 2602 lu
1222 2564 1418 2614 cruce;
1452 2552 1564 2613 sed,
1600 2550 1668 2605 In
1700 2554 1901 2607 nomine

307 2636 433 2688 Iesu
486 2635 679 2690 Christi
725 2638 1005 2706 baptizatur
1049 2640 1387 2712 unusquisque
1430 2650 1665 2695 vestrum.
1720 2641 1899 2714 Neque

304 2729 620 2797 lreqncuter
654 2727 759 2782 illis
781 2743 997 2783 crucem
1026 2738 1447 2797 commemorat,
1485 2746 1551 2785 ne
1575 2732 1899 2799 exprobrare

306 2818 588 2881 videatur;
622 2819 719 2874 sed
746 2820 1060 2888 sitnpliciter
1086 2820 1213 2873 dicit
1242 2840 1254 2874 :
1291 2819 1647 2874 Paenitentiam
1677 2823 1827 2892 agite,
1854 2831 1899 2875 et

306 2908 585 2973 baptizatur
615 2910 956 2980 unusquisque
983 2910 1033 2962 in
1060 2910 1259 2962 nomine
1282 2907 1314 2962 J
1321 2927 1407 2962 esu
1433 2909 1617 2964 Christi
1647 2912 1697 2963 in
1720 2914 1898 2965 remis-

306 2998 496 3052 sionem
534 3010 881 3067 peccatorum.
931 3000 1090 3067 Atqui
1132 3000 1291 3054 aliter
1318 3000 1405 3054 hic
1433 3015 1493 3057 se
1522 3000 1719 3055 habent
1752 3002 1896 3070 judi-

307 3092 507 3145 ciorum
559 3093 709 3161 leges
742 3113 755 3146 :
790 3107 911 3147 nam
962 3092 1013 3146 in
1061 3092 1439 3161 prtcdicatione
1484 3096 1603 3147 eum
1648 3104 1900 3163 peccator

306 3182 626 3248 eonﬁxetur,
673 3194 800 3237 tunc
842 3192 1104 3236 servatur.
1144 3183 1291 3247 Vide,
1333 3184 1600 3253 quomodo
1630 3184 1816 3238 Petrus
1846 3184 1898 3238 id

309 3275 443 3343 quod
487 3276 667 3343 majus
703 3284 785 3330 est
820 3290 924 3329 non
958 3276 1308 3345 pra-terierit;
1346 3277 1438 3330 sed
1481 3293 1600 3330 cum
1632 3276 1698 3331 de
1727 3278 1894 3347 gratia

313 3367 568 3430 dixisset,
599 3366 726 3419 illud
768 3366 1123 3435 subjunxerit,
1154 3367 1337 3420 dicens
1367 3387 1380 3423 :
1412 3368 1677 3437 Accipietis
1708 3368 1899 3421 donum

315 3457 532 3523 Spiritus
560 3458 741 3511 sancti.
778 3457 909 3512 Fide
949 3456 1137 3527 dignus
1186 3474 1364 3512 sermo
1402 3469 1516 3513 erat
1554 3474 1619 3512 ex
1653 3460 1748 3524 iis,
1780 3475 1897 3528 qua:

312 3547 419 3615 jam
447 3558 780 3617 acceperant.
809 3549 1024 3603 Interim
1047 3550 1187 3603 enim
1221 3549 1268 3603 id
1302 3550 1441 3620 quod
1466 3550 1619 3604 facile
1645 3560 1727 3604 est
1746 3551 1893 3617 dicit,

316 3648 371 3690 et
397 3638 532 3705 quod
560 3654 807 3708 magnum
839 3639 998 3694 habet
1033 3640 1253 3706 donum,
1278 3651 1329 3693 et
1358 3649 1482 3695 tunc
1512 3640 1577 3693 ad
1607 3642 1765 3694 vitam
1797 3641 1897 3695 du-

312 3726 414 3789 cit;
454 3742 669 3797 gnarus,
715 3730 1053 3785 occasionem
1098 3731 1225 3799 ipsis
1266 3730 1482 3797 majoris
1528 3730 1688 3784 studii
1738 3730 1892 3798 fore,

310 3819 445 3886 quod
478 3827 623 3871 tanta
650 3818 763 3887 jam
798 3820 939 3873 bona
970 3820 1359 3890 degustaSsent.
1392 3821 1522 3886 Quia
1556 3836 1682 3875 vero
1707 3822 1893 3891 cupie-

312 3907 395 3962 bat
421 3908 638 3962 auditor
665 3910 874 3965 discere
903 3910 953 3965 id
975 3952 989 3975 ,
1020 3912 1160 3981 quod
1188 3912 1419 3981 plurium
1450 3912 1660 3966 illorum
1692 3928 1897 3968 sermo-

310 4016 428 4054 num
485 4012 653 4071 caput
707 4011 871 4066 esset,
935 4003 1062 4056 illud
1120 4018 1331 4073 quoque
1388 4002 1553 4071 addit,
1610 4004 1896 4059 ostendens

308 4090 503 4145 donum
556 4108 682 4147 esse
735 4093 964 4162 Spiritus
1012 4096 1201 4149 sancti.
1251 4095 1327 4148 Illi
1370 4095 1546 4166 itaque
1589 4111 1894 4153 sermonem

308 4183 660 4249 accipientes,
688 4183 827 4240 dicta
856 4184 1204 4239 laudavernnt
1226 4227 1240 4251 ,
1283 4186 1383 4240 etsi
1411 4196 1609 4240 metum
1646 4202 1892 4257 magnum

308 4271 641 4338 incuterent,
675 4285 727 4329 et
756 4277 819 4330 iis
844 4278 1047 4331 asSensi
1069 4319 1084 4343 ,
1116 4286 1241 4332 tunc
1272 4278 1336 4331 ad
1367 4279 1627 4347 baptisma
1656 4280 1893 4337 veniunt.

307 4365 404 4417 Sed
433 4383 556 4434 qua:
587 4365 725 4420 dicta
756 4376 899 4433 sunt,
929 4378 1253 4437 repetamus.
1283 4368 1465 4434 Erant,
1496 4369 1684 4438 inquit,
1718 4388 1890 4440 perse-

306 4469 529 4512 munies
555 4460 607 4511 in
639 4459 885 4513 doctrina.
923 4461 1058 4519 Hinc
1088 4462 1261 4532 palam
1289 4472 1369 4515 est
1401 4478 1496 4517 eos
1521 4478 1625 4515 non
1659 4479 1784 4527 uno,
1810 4466 1894 4519 vel

306 4548 510 4602 duobus
547 4549 632 4602 vel
667 4549 833 4603 tribus
862 4550 1049 4605 diebus
1068 4593 1082 4617 ,
1115 4552 1209 4606 sed
1236 4552 1415 4607 multis
1441 4552 1657 4606 eductos
1690 4551 1854 4607 fuisse
1877 4594 1892 4620 ,

308 4647 485 4706 utpote
513 4639 608 4707 qui
642 4640 799 4693 vitam
829 4642 1173 4696 mutaverint.
1208 4640 1387 4697 Ficbat
1417 4657 1585 4696 autem
1613 4644 1750 4696 onmi
1778 4644 1894 4696 ani-

308 4744 399 4781 ιιι
427 4732 603 4781 timor.
647 4730 704 4783 Si
749 4729 930 4798 Omni,
958 4733 1116 4787 etiam
1151 4733 1214 4786 iis
1235 4774 1249 4797 ,
1281 4733 1367 4803 qui
1402 4750 1505 4787 non
1536 4734 1892 4791 crediderant.

312 4816 611 4874 Verisimile
654 4829 830 4876 autem
860 4832 943 4878 est
973 4824 1095 4877 illos
1140 4824 1219 4878 sic
1262 4823 1483 4879 allectos
1511 4824 1708 4891 fuisse,
1753 4826 1895 4897 quod

309 4921 509 4965 tantam
553 4912 797 4969 viderent
832 4916 1180 4970 mutationem
1214 4933 1227 4970 :
1259 4914 1397 4969 forte
1421 4918 1582 4971 etiam
1613 4933 1680 4976 ex
1707 4919 1894 4989 signis.

309 5001 409 5057 Nec
436 5003 603 5069 dixit,
633 5004 831 5071 Simul;
862 5006 977 5073 sed,
1016 5005 1334 5062 Unanimiter
1362 5023 1382 5061 :
1405 5008 1525 5079 quia
1558 5008 1669 5066 ﬁeri
1699 5021 1894 5081 potest,

309 5104 362 5146 ut
405 5095 625 5164 quidam
666 5097 822 5151 simul
862 5099 1001 5165 sint,
1048 5115 1147 5154 nec
1188 5109 1363 5154 tamen
1409 5102 1760 5168 unanimiter,
1802 5104 1895 5160 sed

309 5187 568 5239 sententia
589 5186 929 5243 dissidentes.
954 5189 1305 5246 Sermonibus
1328 5206 1537 5261 quoque
1564 5192 1894 5250 hortabatur.

307 5273 489 5345 Neque
516 5275 606 5331 hic
633 5276 928 5333 doctrinam
959 5280 1119 5341 dicit,
1155 5281 1473 5349 compendio
1496 5282 1736 5351 loquens.
1763 5283 1897 5339 Hinc

307 5362 430 5419 lact
480 5366 710 5433 discere,
763 5372 1034 5439 apostolos
1078 5370 1206 5440 ipsis
1259 5370 1407 5441 quasi
1460 5373 1690 5441 puerulis
1721 5374 1895 5430 cilmut

306 5458 636 5523 spiritualcm
661 5462 905 5527 dedisse,
943 5464 1029 5534 qui
1070 5474 1125 5519 ut
1148 5467 1319 5538 angeli
1356 5468 1533 5521 statim
1559 5466 1682 5522 facti
1708 5478 1827 5521 sunt
1856 5469 1893 5521 ⁸.

312 5546 379 5601 ΕΑ
409 5552 703 5606 dividebant
730 5556 965 5625 singulis,
1008 5567 1152 5626 prout
1192 5558 1372 5628 cuique
1409 5575 1537 5628 opus
1580 5568 1705 5613 erat.
1741 5558 1903 5615 Vide-

319 5708 517 5818 M'uta‘lii
550 5706 975 5767 sdduut,orationi
999 5718 1045 5762 et
1082 5712 1355 5778 auditioni(
1380 5712 1521 5764 verbi
1536 5712 1631 5763 Dei
1658 5712 1675 5775 )
1701 5712 1887 5765 incum-

2011 455 2157 519 haut,
2190 456 2481 524 Spirituatia
2510 473 2630 512 esse
2651 463 2983 529 communia;
3024 464 3305 534 nullusque
3334 467 3437 521 alio
3469 465 3587 537 plus

2008 545 2255 612 habebat,
2282 557 2335 602 et
2354 548 2418 603 ad
2444 548 2542 605 hoc
2561 550 2737 605 statim
2763 565 3135 621 pervenerunt,
3157 567 3213 610 ut
3232 573 3326 612 sua
3344 559 3589 615 omnibus

2006 635 2406 693 distribuerent.
2434 637 2618 693 Omnes
2639 651 2825 708 autem,
2848 648 2933 713 qui
2947 647 3227 709 credebant,
3254 649 3407 703 simul
3424 661 3586 704 erant.

2009 726 2162 790 Quod
2189 737 2366 782 autem
2394 744 2500 783 non
2533 730 2649 785 loco
2674 732 2831 785 simul
2854 745 3053 799 essent,
3084 737 3251 805 palam
3282 750 3362 793 est
3386 757 3451 793 ex
3484 742 3548 794 iis
3568 783 3582 807 ,

2007 832 2126 883 qua!
2152 818 2424 885 subjuttxit
2453 838 2467 871 :
2496 819 2564 878 Et
2592 822 2760 874 omnia
2794 824 3039 878 habebant
3067 831 3368 882 communia.
3400 829 3589 885 Omnes

2007 906 2174 961 dicit:
2204 924 2305 962 non
2344 909 2431 967 ille
2461 909 2722 978 habebat,
2756 913 2844 967 ille
2870 928 3043 973 secus.
3074 916 3195 971 llzec
3213 920 3447 989 angelica
3474 936 3587 975 res-

2009 998 2213 1068 publica
2261 1011 2395 1064 erat,
2444 1003 2586 1072 quod
2635 1004 2766 1058 nihil
2811 1005 3049 1060 dicereut
3115 1009 3217 1062 sibi
3290 1012 3583 1081 proprium.

2008 1089 2144 1144 llinc
2184 1092 2331 1146 radix
2373 1094 2631 1148 malorum
2664 1096 2847 1150 excisa
2886 1107 2986 1163 ρει,
3016 1106 3069 1152 et
3107 1115 3171 1152 cx
3204 1104 3366 1168 gestis
3394 1103 3502 1155 suis
3529 1119 3589 1158 se

2007 1182 2274 1238 audivisse
2300 1184 2751 1242 demonstrarunt.
2774 1188 2884 1243 lloc
2904 1206 3030 1259 ergo
3052 1200 3166 1244 erat
3185 1192 3322 1259 quod
3345 1193 3585 1247 dicebat:

2008 1274 2293 1329 Salvamiai
2307 1280 2669 1347 ageneratione
2713 1280 2808 1333 ista
2836 1298 3009 1350 prava.
3045 1280 3111 1334 Et
3136 1284 3381 1351 apposita:
3396 1294 3510 1337 sunt
3537 1287 3588 1338 in

2007 1364 2089 1418 die
2116 1366 2207 1419 illa
2234 1367 2414 1423 anima:
2438 1370 2633 1423 circiter
2659 1372 2754 1423 tria
2784 1373 2963 1424 millia.
2985 1372 3117 1438 Quia
3146 1382 3227 1429 ter
3249 1375 3393 1430 inille
3412 1386 3585 1441 erant,

2006 1455 2303 1513 educebant
2330 1458 2449 1512 illos
2475 1459 2645 1524 foras;
2674 1462 2761 1530 qui
2790 1478 2910 1518 cum
2948 1463 3139 1517 ﬁducia
3169 1466 3329 1519 multa
3354 1467 3589 1535 quotidie

2007 1541 2366 1597 ascendebant
2405 1543 2456 1597 in
2491 1546 2765 1613 templum,
2810 1558 2862 1601 et
2906 1548 2975 1602 ibi
3007 1550 3202 1603 assidui
3238 1560 3392 1604 erant
3422 1569 3434 1604 :
3466 1567 3585 1605 nam

2007 1628 2195 1685 Petrus
2248 1640 2303 1686 et
2343 1633 2573 1689 Joannes
2620 1636 2774 1703 paulo
2814 1648 2935 1706 post
2976 1638 3101 1693 illud
3148 1639 3387 1694 fecerunt
3414 1658 3426 1692 :
3458 1640 3589 1694 nihil

2005 1721 2149 1775 enim
2177 1737 2242 1776 ex
2262 1722 2496 1779 Judaicis
2519 1726 2693 1780 adhuc
2718 1727 3022 1783 movebant.
3053 1730 3117 1783 Et
3144 1729 3317 1785 honor
3336 1731 3426 1785 ille
3449 1739 3553 1785 tem
3570 1760 3587 1771 -

2007 1810 2097 1878 p10
2118 1811 2407 1879 cxhihitus,
2433 1816 2693 1870 transibat
2713 1817 2777 1870 ad
2803 1818 2981 1886 templi
3011 1818 3315 1874 Dominum.
3347 1820 3588 1874 \‘idistin’

2007 1904 2217 1972 pietatis
2255 1908 2635 1976 augmentum?
2678 1908 2938 1964 Pecunias
2978 1911 3314 1981 abjiciebant,
3359 1923 3413 1968 et
3457 1930 3588 1983 gau-

2005 1993 2202 2051 debant
2221 2037 2235 2061 ,
2264 2013 2561 2068 magnaque
2587 2011 2703 2054 erat
2732 2001 2912 2055 laititia
2939 2020 2951 2055 :
2982 2004 3183 2071 majora
3213 2004 3408 2074 quippe
3435 2015 3588 2058 erant

2005 2084 2143 2141 bona
2164 2102 2281 2156 quae
2308 2089 2662 2157 accipiebant.
2696 2090 2864 2145 Nemo
2901 2094 3286 2161 exprobrabat,
3320 2110 3476 2148 nemo
3507 2096 3587 2148 iu-

2005 2174 2235 2239 videbat,
2257 2177 2430 2231 nullus
2456 2189 2571 2233 erat
2596 2179 2784 2248 fastus,
2818 2183 2993 2236 nullus
3023 2192 3361 2253 contemptus
3390 2206 3403 2240 :
3435 2187 3585 2255 quasi

2004 2266 2153 2334 pueri
2185 2281 2243 2320 se
2285 2270 2537 2336 putabant
2575 2270 2916 2336 erudiendos,
2956 2282 3013 2327 ut
3052 2289 3240 2328 recens
3266 2277 3371 2329 nati
3408 2276 3586 2333 allecti

2005 2367 2174 2411 erant.
2218 2358 2284 2411 Et
2329 2375 2423 2413 cur
2463 2362 2615 2429 quasi
2658 2363 2708 2416 in
2750 2362 2976 2419 obscura
3009 2365 3199 2435 loquor
3240 2368 3505 2437 imagine?
3530 2370 3586 2425 Si

2002 2448 2321 2503 meministis
2360 2450 2626 2518 quomodo
2650 2492 2664 2515 ,
2698 2467 2816 2506 cum
2852 2453 2990 2508 Deus
3015 2457 3283 2510 concussit
3321 2458 3587 2513 civitatem

2004 2549 2238 2593 nostram
2270 2541 2372 2608 (α),
2402 2557 2588 2597 omnes
2616 2546 2824 2599 attoniti
2857 2555 3030 2613 erant,
3059 2548 3135 2602 sic
3162 2558 3285 2605 tunc
3311 2550 3381 2603 illi
3409 2552 3585 2607 allecti

2003 2638 2156 2682 erant
2179 2646 2192 2684 :
2221 2631 2396 2685 nullus
2417 2631 2671 2688 subdolus
2698 2646 2833 2701 erat,
2864 2637 3040 2692 nullus
3066 2638 3348 2709 malignus.
3375 2640 3583 2695 Etenim

2005 2722 2123 2774 talis
2150 2722 2306 2775 timor
2332 2733 2430 2788 est,
2458 2725 2575 2777 talis
2603 2729 2866 2795 angustia.
2896 2728 3009 2783 Non
3037 2740 3151 2785 erat
3180 2732 3427 2801 frigidum
3455 2735 3583 2789 illud

2004 2813 2245 2879 verbum,
2298 2832 2460 2867 meum
2499 2826 2553 2869 et
2597 2828 2758 2871 tuum.
2806 2818 2930 2875 ldeo
2976 2824 3260 2879 exsultatio
3302 2826 3352 2879 iit
3402 2843 3584 2881 mensa

2003 2914 2116 2956 erat
2142 2921 2156 2958 :
2180 2919 2337 2957 nemo
2365 2906 2433 2958 ita
2463 2906 2685 2962 allectus
2712 2924 2848 2975 erat,
2880 2924 2937 2964 ac
2958 2912 3001 2965 si
3028 2927 3094 2966 ex
3119 2914 3251 2979 suis,
3278 2931 3433 2969 nemo
3459 2933 3519 2970 ac
3541 2919 3585 2973 si

2002 3010 2065 3048 ex
2092 2995 2279 3049 alienis
2306 2996 2488 3051 ederet
2516 3016 2529 3051 :
2557 3000 2656 3055 etsi
2682 2998 2785 3054 hoc
2808 3000 3033 3070 mnigma
3065 3003 3301 3057 videatur
3320 3020 3458 3060 esse.
3485 3007 3585 3063 Ne-
3660 3072 3665 3077 ,

2002 3100 2104 3154 que
2133 3086 2303 3141 aliena
2333 3089 2584 3155 putabant
2613 3105 2732 3145 esse
2771 3090 2905 3145 bona
2951 3091 3203 3158 fratrum;
3248 3106 3400 3149 crant
3442 3098 3584 3153 enim

2005 3186 2060 3230 ut
2088 3179 2468 3245 dominorum;
2502 3196 2673 3249 neque
2719 3183 2964 3252 propria,
2997 3184 3092 3238 sed
3135 3184 3375 3239 fratrum.
3405 3188 3586 3259 Neque

2003 3286 2202 3339 pauper
2246 3272 2447 3341 pudore
2492 3274 2732 3339 allectus,
2780 3290 2953 3345 neque
2999 3275 3147 3331 dives
3196 3276 3407 3334 inﬂatus
3449 3290 3564 3335 erat

2003 3364 2113 3418 lloc
2140 3366 2428 3419 exsultatio
2455 3376 2555 3419 est.
2588 3366 2677 3421 Ille
2704 3367 2853 3438 quasi
2884 3369 3139 3422 beneﬁcio
3166 3370 3389 3426 allectus
3407 3415 3421 3438 ,
3454 3384 3506 3427 et
3529 3373 3583 3430 hi

2000 3456 2149 3523 quasi
2189 3455 2309 3509 hinc
2334 3457 2498 3526 gloria
2529 3459 2703 3521 aucti;
2737 3468 2789 3511 et
2827 3458 2977 3513 valde
3004 3459 3142 3513 inter
3171 3476 3229 3515 se
3253 3472 3407 3516 erant
3435 3465 3585 3518 colli-

1998 3545 2127 3614 gati.
2160 3545 2292 3613 Quia
2324 3548 2464 3601 enim
2509 3550 2558 3600 iu
2592 3550 2933 3617 pecuniarum
2966 3549 3424 3606 distributionibus
3450 3570 3583 3608 cou-

2000 3638 2232 3692 tumeiia:
2262 3638 2528 3705 accidunt,
2559 3640 2882 3709 arrogantia,
2918 3641 3198 3706 molestiae,
3230 3642 3349 3697 ideo
3371 3644 3582 3701 diccbat

1992 3726 2309 3797 Apostolus,
2336 3728 2455 3784 Non
2480 3747 2542 3784 ea:
2570 3732 2771 3785 tristitia
2790 3772 2804 3797 ,
2836 3738 2930 3783 'aut
2957 3749 3018 3786 ea:
3045 3734 3330 3787 necessitate
3356 3736 3431 3801 (2.
3462 3734 3580 3791 Cor.

1998 3818 2051 3873 9.
2078 3820 2154 3888 7).
2183 3819 2335 3886 Vide,
2364 3831 2560 3889 quanta
2592 3820 2696 3875 illis
2720 3822 3031 3877 testiﬁcetur
3051 3823 3074 3875 ?
3098 3823 3371 3880 Sinceram
3396 3826 3577 3893 ﬁdem,

1998 3908 2160 3962 vitam
2186 3917 2406 3974 rectam,
2439 3912 2885 3978 perseverantiam
2914 3913 2964 3966 in
2989 3916 3245 3969 concione
3274 3917 3535 3972 audienda
3561 3960 3576 3985 ,

1999 3998 2051 4053 in
2081 4000 2351 4070 precibus,
2384 3999 2437 4052 in
2468 3999 2787 4070 frugalitate,
2822 4003 2873 4055 in
2899 4002 3099 4057 ltetitia.

2070 4094 2123 4145 5.
2161 4091 2271 4144 Duo
2301 4099 2545 4160 poterant
2586 4092 2702 4145 illos
2730 4090 2783 4145 in
2811 4107 3096 4146 mmrorem
3125 4095 3412 4163 conjicere,
3435 4096 3579 4166 jeju-

2000 4185 2167 4246 nimu,
2197 4190 2250 4237 et
2282 4184 2621 4252 pecuniarum
2666 4182 2923 4254 erogatio.
2976 4182 3051 4236 Illi
3085 4198 3211 4238 vero
3238 4200 3304 4240 ex
3353 4197 3582 4257 utroque

1997 4276 2316 4345 gaudebant.
2343 4275 2472 4342 Quis
2498 4275 2574 4327 sic
2595 4274 2813 4329 allectos
2839 4291 2942 4328 non
2971 4284 3027 4329 ut
3053 4290 3364 4334 communes
3404 4288 3582 4349 patres

2001 4366 2312 4421 dilexisset?
2357 4366 2494 4420 Nihil
2526 4368 2648 4420 mali
2680 4367 2956 4436 pariebant
2996 4368 3083 4422 alii
3122 4368 3376 4425 adversus
3411 4372 3595 4427 alios:

2001 4466 2166 4510 totum
2201 4458 2576 4525 permittebant
2617 4461 2800 4528 gratia:
2832 4459 2947 4514 Dei.
3002 4459 3187 4513 Nullus
3215 4461 3398 4517 aderat
3426 4464 3584 4518 timor

2001 4549 2052 4602 in
2079 4550 2250 4603 media
2289 4550 2520 4614 pericula
2551 4550 2830 4619 eoojectis.
2862 4550 2961 4604 Per
3009 4552 3403 4623 simplicitatem
3453 4570 3585 4625 ergo

1999 4653 2212 4693 omnem
2263 4639 2474 4693 illorum
2524 4640 2813 4694 declaravit
2855 4642 3123 4709 virtutem,
3173 4652 3228 4698 et
3277 4644 3581 4701 divitiarum

1999 4740 2329 4800 contempto,
2363 4740 2417 4785 ct
2452 4731 2681 4800 jejunio,
2711 4742 2764 4786 et
2812 4734 3209 4800 perseverantia
3258 4734 3309 4788 in
3337 4736 3582 4795 oratione

2002 4822 2159 4891 longe
2199 4821 2475 4889 majorem.
2509 4821 2582 4875 Ita
2631 4836 2761 4890 pure
2794 4822 2957 4875 Deum
3010 4822 3313 4887 laudabant,
3344 4824 3450 4878 imo
3479 4823 3579 4880 hoc

2000 4921 2102 4980 est,
2132 4913 2304 4981 ipsum
2334 4927 2462 4981 pure
2492 4911 2730 4966 laudare.
2762 4911 2895 4966 Vide
2933 4922 3109 4967 autem
3140 4913 3224 4966 hic
3259 4913 3375 4967 illos
3402 4914 3581 4969 statim

2001 5005 2243 5073 accipere
2261 5002 2581 5057 mercedem.
2598 5002 2729 5056 Nam
2747 5002 2887 5073 quod
2909 5002 3167 5055 haberent
3192 5002 3418 5072 gratiam
3440 5006 3577 5072 apud

2003 5095 2279 5165 populum,
2305 5093 2405 5148 hoc
2432 5093 2621 5163 probat
2650 5093 2767 5147 illos
2794 5101 2849 5146 et
2888 5092 3143 5145 amabiles
3178 5103 3230 5145 et
3263 5092 3419 5148 valde
3447 5093 3585 5150 dile-

2002 5194 2118 5239 ctos
2143 5184 2329 5239 fuisse.
2352 5184 2481 5248 Quis
2506 5182 2648 5235 enim
2680 5198 2782 5234 non
2810 5181 3174 5250 Obstupescat,
3200 5182 3319 5251 quis
3346 5200 3449 5237 non
3482 5201 3586 5239 tut-

2007 5286 2154 5330 retur
2174 5274 2361 5329 videns
2390 5273 2658 5326 hominem
2703 5272 2943 5325 moribus
2968 5272 3307 5340 simplicem?
3352 5286 3441 5329 aut
3467 5276 3586 5342 quis

2008 5383 2109 5425 non
2154 5366 2483 5422 devinciatur
2511 5364 2712 5419 homini
2741 5365 2872 5419 nihil
2904 5364 3183 5420 subdolum
3218 5366 3471 5421 habenti?
3500 5363 3583 5418 Ad

2066 5525 2142 5589 (a)
2165 5532 2330 5589 jtjerrze
2363 5533 2545 5589 motum
2570 5533 2826 5589 memorat,
2862 5527 2946 5589 qui
2981 5523 3391 5589 C0nslan_tinppo_li
3411 5520 3578 5569 accidit

2003 5583 2134 5655 anno
2151 5586 2259 5639 400,
2281 5586 2544 5655 secundum
2566 5586 2687 5655 alios
2706 5583 2870 5655 autem
2882 5583 3031 5655 anno
3045 5588 3129 5655 491
3142 5623 3154 5635 .
3172 5583 3450 5655 Difﬁcultas
3464 5591 3587 5655 vero

2005 5654 2114 5697 aunt
2139 5649 2382 5697 statuendi
2414 5649 2528 5696 hinc
2550 5650 2721 5706 oritur,
2742 5648 2871 5708 quod
2894 5651 2996 5708 ipse
3020 5650 3145 5698 intra
3166 5648 3296 5708 dicat
3311 5650 3587 5708 tarquinio-

2010 5694 2114 5759 iinii
2134 5694 2313 5757 unus;
2336 5694 2457 5759 esse
2472 5694 3103 5769 siss'ajsraa’cg‘v'érns
3127 5719 3184 5754 ca
3207 5706 3272 5751 de
3291 5714 3347 5752 rc
3364 5694 3588 5763 pluribus

2008 5787 2057 5824 tn
2076 5772 2180 5822 Vita
2199 5770 2519 5834 Chrysostomi
2544 5779 2700 5820 acttuu
2721 5777 2816 5818 est.
