4036 6212
683 371 750 425 (i7
1391 370 1446 425 S.
1487 364 1765 424 JtMNNiS
1802 355 2278 419 CHRYSOSTOMI
2322 359 2637 416 AllClllEl’.
2679 360 3212 420 CONSTANTINOP.

685 512 820 567 quos
848 493 950 548 nisi
985 491 1050 546 ad
1081 491 1178 542 hes
1207 485 1372 550 salus,
1400 483 1464 538 ad
1493 496 1625 552 quos
1668 493 1854 548 magna
1885 477 2052 531 bona‘
2100 475 2264 547 perti—

687 587 883 644 neant?
905 582 1094 639 Nonne
1119 591 1358 651 pastores
1384 575 1535 646 primi
1556 573 1889 643 evangelium
1914 569 2271 639 acceperunt?

689 693 870 732 nonne
911 673 1111 744 Ioseph
1166 673 1326 725 homo
1372 669 1595 738 simplex
1640 675 1787 730 erat;
1823 666 1908 719 ita-
1936 673 1991 718 ttt
2039 679 2137 718 nec
2178 678 2274 732 per

687 770 933 823 adulterii
988 766 1345 835 suspicionem
1389 764 1468 817 sic
1515 767 1923 829 pet-terreretur,
1969 767 2030 810 ut
2073 755 2272 825 aliquid

690 863 814 915 ntali
862 858 1136 930 patraret?
1184 870 1360 911 nonne
1387 863 1625 923 agrestes
1655 852 1896 905 homines
1921 859 1978 904 et
2004 849 2274 917 simplices

691 956 830 1008 lleus
857 952 1051 1021 elegit?
1082 951 1265 1002 Anima
1281 947 1444 1009 enim,
1476 947 1666 1014 inquit,
1699 945 1861 997 omnis
1882 943 2100 1012 simplex
2122 943 2271 995 bene-

689 1047 860 1108 dicta;
891 1059 954 1097 ac
976 1056 1180 1104 rursus,
1201 1039 1301 1106 Qui
1321 1036 1884 1104 ambulatsimpliciter,
1907 1035 2130 1087 ambulat
2153 1050 2276 1086 con—

690 1137 900 1204 ﬁdenter
930 1132 1109 1201 (Prov.
1146 1133 1227 1186 ll.
1249 1131 1345 1186 25.
1381 1137 1427 1182 et
1457 1130 1542 1183 10.
1568 1127 1646 1197 9).
1681 1127 1875 1190 Etiam,
1909 1126 2145 1195 inquies;
2179 1124 2273 1179 sed

693 1225 971 1296 prudentia
999 1233 1080 1277 est
1109 1237 1264 1291 opus.
1294 1220 1399 1274 Sed
1446 1219 1570 1289 quid
1621 1217 1763 1272 aliud
1805 1226 1891 1272 est
1937 1215 2272 1285 simplicitas,

688 1333 846 1387 quam
897 1315 1219 1386 prudentia?
1261 1313 1396 1366 Cum
1437 1311 1577 1366 enim
1621 1311 1750 1363 nihil
1795 1309 1917 1362 mali
1962 1308 2270 1376 suspicaris.

692 1407 821 1462 nihil
846 1407 969 1460 mali
999 1419 1189 1474 parere
1220 1415 1411 1473 potes:
1439 1418 1557 1456 cum
1591 1400 1724 1454 nihil
1755 1399 1862 1454 fers
1895 1400 2137 1462 moleste,
2167 1415 2273 1452 non

690 1497 892 1566 poteris
939 1495 1250 1564 injuriarum
1290 1492 1580 1548 recordari.
1608 1490 1940 1545 Contumelia
1974 1499 2026 1544 te
2051 1490 2169 1558 quis
2196 1488 2277 1543 af—

691 1586 856 1642 fecit?
882 1585 995 1639 Non
1022 1585 1238 1638 doluisti
1258 1600 1273 1639 :
1293 1584 1618 1653 obloquutus
1645 1583 1772 1637 est?
1793 1579 1934 1636 Nihil
1965 1596 2154 1650 passus
2183 1596 2271 1635 cs:

692 1679 880 1734 invidit
929 1679 1020 1732 tibi
1038 1677 1074 1731 ?'
1109 1677 1223 1731 Non
1267 1691 1408 1744 :rgre
1459 1675 1642 1729 tulisti.
1674 1673 1768 1728 Via
1815 1672 2057 1743 quaedam
2087 1681 2164 1727 est
2209 1671 2274 1725 ad

693 1767 1083 1839 phiIOSophiam
1125 1765 1454 1835 simplicitas.
1480 1763 1647 1819 Nemo
1687 1775 1790 1816 tam
1839 1761 2059 1832 pulcher
2097 1763 2277 1815 animo

694 1867 778 1915 cst
803 1875 958 1926 quatit
989 1857 1068 1910 vir
1093 1855 1507 1924 simplcx.Sieut
1527 1855 1670 1909 enim
1702 1854 1752 1907 in
1780 1868 2005 1922 corpore
2032 1853 2120 1922 qui
2145 1867 2278 1906 moe-

695 1961 812 2004 stus
837 1960 939 2016 est,
981 1950 1245 2004 demissus
1273 1961 1327 2003 et
1351 1948 1758 2017 Cogitabundits,
1786 1947 2010 2001 multum
2041 1961 2104 2001 ex
2159 1945 2276 2016 pul-

695 2041 1000 2098 chritudine
1030 2041 1298 2104 detrahit;
1325 2041 1412 2109 qui
1445 2055 1572 2094 vero
1602 2039 1752 2093 laetus
1799 2047 1881 2092 est
1921 2048 1974 2093 et
2021 2038 2276 2098 subridet,

631 2129 641 2138 ’
695 2133 1085 2188 formositatem
1127 2140 1286 2199 auget
1314 2148 1326 2184 :
1359 2132 1433 2185 sic
1465 2131 1517 2183 in
1562 2131 1736 2182 :mima
1777 2129 1957 2182 evenit
1988 2146 2002 2181 :
2035 2128 2124 2198 qui
2152 2127 2278 2181 sub-

693 2226 851 2280 dolus
890 2233 990 2286 est,
1015 2226 1111 2279 etsi
1143 2224 1422 2278 innmuera
1454 2237 1616 2292 penes
1639 2237 1696 2275 se
1719 2221 1912 2275 habeat
1935 2221 2070 2276 bona
2093 2235 2276 2289 Opera,

693 2316 957 2386 disperdit
987 2317 1110 2379 illa;
1150 2325 1335 2368 contra
1367 2329 1493 2368 vero
1521 2315 1608 2382 qui
1653 2313 1786 2368 liber
1814 2323 1896 2367 est
1936 2322 1990 2368 et
2027 2312 2274 2382 simplex.

695 2408 880 2462 'falem
909 2407 1178 2462 hominem
1209 2407 1326 2476 quis
1349 2406 1446 2460 sibi
1479 2406 1707 2460 amicum
1736 2405 1961 2460 fidenter
1993 2415 2176 2474 paret;
2225 2413 2280 2460 ct

699 2499 741 2550 si
791 2498 1036 2550 inimicus
1077 2497 1164 2559 sit,
1199 2511 1320 2550 cum
1354 2497 1444 2548 illo
1475 2495 1926 2550 reconciliabitur.
1956 2494 2110 2549 Nulla
2139 2496 2281 2550 enim

698 2587 770 2640 ad
799 2587 898 2641 hoc
925 2603 1058 2656 Opus
1085 2596 1168 2641 Cal.
1196 2587 1458 2652 custodia,
1485 2587 1644 2642 nullis
1675 2587 1932 2652 vinculis;
1981 2586 2073 2641 sed
2117 2587 2282 2640 multa

697 2687 752 2731 et
782 2677 855 2730 illi
895 2685 951 2731 et
976 2675 1448 2731 contubernalibus
1493 2681 1598 2730 erit
1638 2676 1918 2730 securitas.
1965 2675 2103 2743 Quid
2132 2691 2282 2745 ergo,

700 2769 931 2838 inquies,
955 2768 1110 2838 siqui
1135 2769 1253 2822 talis
1275 2777 1376 2828 est,
1397 2771 1448 2821 in
1474 2767 1644 2822 malos
1670 2767 1918 2822 inciderit
1939 2765 2116 2822 viros?
2144 2767 2286 2822 Deus

699 2860 788 2928 qtti
809 2858 1078 2928 simplices
1099 2873 1220 2913 esse
1234 2858 1405 2926 jubet,
1425 2874 1636 2914 manum
1661 2857 2061 2928 porriget.Quid
2085 2857 2286 2912 Davide

699 2949 1031 3018 simplicius?
1080 2949 1204 3019 qttid
1237 2950 1397 3004 Same
1427 2949 1698 3018 iniquius?
1749 2948 1876 3005 Uter
1905 2964 2034 3018 ergo
2058 2963 2284 3017 supera-

700 3042 814 3095 vit?
844 3040 979 3108 Quid
1007 3041 1056 3094 in
1079 3039 1314 3110 Josepho
1331 3056 1506 3095 aetum
1525 3040 1648 3094 est?
1675 3056 1852 3096 nonne
1871 3041 1956 3095 ille
1975 3041 2287 3110 simpliciter

700 3135 766 3188 ad
815 3135 1082 3188 dominam
1125 3133 1389 3196 accessit;
1424 3133 1511 3186 illa
1561 3149 1688 3186 vero
1737 3133 2000 3187 subdole?
2055 3133 2109 3186 In
2157 3148 2283 3202 quo,

699 3242 904 3294 qumso,
926 3225 1087 3280 izesus
1111 3234 1190 3278 est
1211 3225 1237 3274 ?
1280 3223 1416 3291 Quid
1445 3224 1611 3278 Abele
1642 3223 1936 3292 simplicius
1973 3223 2128 3278 erat?
2158 3224 2283 3293 quid

700 3317 867 3371 Caino
911 3316 1262 3370 sceleratius?
1292 3314 1600 3384 Rursusque
1625 3313 1846 3383 Joseph,
1878 3329 2052 3369 nonne
2079 3315 2288 3385 simpli-

701 3410 836 3462 citer
857 3423 976 3461 cum
1007 3406 1256 3460 fratribus
1279 3405 1425 3476 egit?
1453 3421 1631 3460 nonne
1656 3406 1774 3460 ideo
1795 3406 2006 3468 claruit,
2026 3407 2146 3476 quia
2171 3407 2287 3462 sine

702 3497 1006 3570 suspicione
1028 3499 1204 3551 omnia
1230 3497 1479 3565 loquutus
1497 3506 1599 3561 est,
1625 3496 1676 3550 lii
1706 3513 1832 3552 vero
1856 3497 2082 3568 maligne
2114 3499 2285 3567 ipsum

701 3590 1066 3659 exceperunt?
1106 3589 1281 3644 Semel
1323 3590 1552 3653 sonmia,
1601 3590 1792 3644 iterum
1820 3591 2024 3643 somnia
2050 3589 2203 3655 dixit,
2234 3599 2288 3644 et

702 3684 821 3737 sine
852 3681 1100 3735 cautione
1146 3680 1267 3734 illos
1316 3678 1446 3734 adiit
1489 3681 1638 3734 cibos
1681 3679 1929 3743 all‘erens,
1961 3681 2140 3734 omnia
2174 3681 2287 3736 Deo

703 3777 1082 3841 committens;
1104 3775 1198 3830 scd
1220 3784 1418 3844 quanto
1439 3775 1606 3843 magis
1633 3774 1706 3829 illi
1735 3782 1789 3827 ut
1817 3775 2088 3828 inimicum
2113 3775 2284 3844 ipsum

706 3869 990 3932 habebant,
1024 3876 1168 3920 tanto
1202 3867 1368 3936 magis
1399 3867 1488 3920 ille
1512 3876 1570 3920 ut
1600 3865 1792 3920 fratres
1821 3867 2096 3921 tractabat.
2133 3867 2286 3920 Pote-

704 3967 893 4027 ratque
925 3957 1064 4011 Deus
1118 3973 1222 4010 non
1281 3957 1606 4026 permittere,
1639 3965 1696 4008 ut
1746 3955 2003 4010 incideret
2033 3957 2083 4010 in
2133 3956 2284 4020 illos;

703 4049 797 4103 sed
827 4048 1086 4118 permisit,
1117 4054 1173 4101 ut
1199 4047 1517 4101 miraculum
1546 4056 1849 4116 appareret,
1882 4056 1936 4102 et
1975 4047 2286 4102 ostendere-

687 4152 810 4206 ntur,
842 4141 1180 4212 quantumvis
1211 4139 1283 4193 illi
1326 4149 1509 4194 contra
1546 4139 1840 4204 tenderent,
1873 4141 2019 4194 illum
2049 4140 2164 4194 fore
2193 4155 2285 4194 su-

704 4234 991 4304 perierem.
1021 4233 1084 4286 Et
1109 4234 1185 4287 sic
1227 4233 1470 4303 quamvis
1501 4235 1707 4302 plagam
1738 4233 1985 4302 accipiat,
2015 4248 2118 4287 non
2147 4247 2179 4286 a
2204 4248 2284 4300 se,

703 4324 798 4378 sed
825 4325 892 4378 ab
921 4325 1025 4377 alio
1052 4323 1265 4391 accipit.

775 4414 1047 4484 Improbus
1066 4417 1146 4468 sui
1179 4415 1337 4483 ipsius
1363 4414 1598 4468 inimicus
1637 4424 1727 4468 est.
1761 4445 1830 4454 —
1875 4415 2131 4486 Maligntts
2159 4433 2287 4472 vero

704 4507 937 4577 seipsum
965 4507 1137 4576 primo
1167 4507 1413 4574 percutit,
1440 4507 1749 4577 nullumque
1775 4508 1974 4570 alium;
2002 4509 2185 4578 sicque
2205 4519 2288 4565 est

702 4597 785 4651 sui
817 4596 980 4665 ipsius
1025 4595 1290 4650 inimicus.
1343 4595 1510 4664 llujus
1565 4597 1740 4651 anima
1797 4614 2030 4654 maerore
2074 4615 2288 4671 semper

703 4685 858 4757 plena
901 4693 1002 4748 est,
1041 4684 1168 4740 dum
1216 4687 1566 4756 cogitationes
1612 4699 1873 4757 perpetuo
1914 4691 2176 4760 colligata:
2233 4702 2287 4747 et

701 4776 973 4849 perplexa:
1015 4785 1140 4831 sunt
1169 4793 1182 4830 :
1214 4776 1257 4830 si
1290 4777 1496 4841 audire,
1524 4777 1570 4832 si
1602 4779 1779 4834 dicere
1824 4781 2092 4850 quidpiam
2125 4796 2284 4850 opor-

705 4877 831 4932 teat,
857 4869 1036 4923 omnia
1068 4867 1231 4922 trahit
1255 4867 1322 4922 ad
1357 4869 1582 4936 crimen,
1615 4872 1794 4926 omnia
1831 4883 2064 4928 accusat.
2094 4873 2286 4928 Procul

704 4960 772 5013 ah
803 4960 906 5015 illis
931 4960 1164 5014 amicitia
1195 4968 1249 5015 et
1278 4960 1595 5024 concordia;
1628 4961 1766 5030 apud
1802 4963 1916 5016 illos
1947 4979 2154 5034 pugnze,
2188 4965 2286 5019 itii-

703 5050 938 5113 micitlze,
973 5051 1270 5118 inolestize;
1317 5050 1525 5121 sibique
1569 5054 1699 5123 ipsis
1737 5064 1862 5108 sunt
1891 5056 2144 5124 suspecti.
2193 5056 2285 5112 llis

705 5155 876 5208 neque
901 5157 1143 5206 somnus,
1173 5152 1346 5212 neque
1387 5142 1533 5197 aliud
1579 5144 1848 5214 quidpiam
1893 5161 2055 5200 suave
2084 5158 2184 5202 est.
2228 5148 2283 5203 Si

704 5245 900 5284 uxores
927 5231 1176 5295 habeant,
1217 5234 1401 5304 papze!
1447 5235 1695 5291 omnibus
1724 5247 1848 5291 sunt
1879 5240 2057 5293 hostes
2099 5249 2153 5294 et
2180 5241 2282 5294 itii-

703 5323 861 5386 mici;
910 5324 1190 5394 zelotypize
1240 5327 1486 5390 inlinitre,
1534 5339 1709 5383 metus
1762 5341 2081 5398 perpetuus:
2115 5333 2285 5389 malus

703 5415 846 5469 enim
871 5431 900 5468 a
925 5413 1066 5467 malo
1091 5414 1273 5468 labore
1301 5417 1380 5470 sic
1420 5427 1657 5472 vocatur.
1690 5419 1780 5474 Sic
1810 5423 1988 5492 utique
2010 5422 2282 5493 Scriptura

701 5505 938 5560 laborem
969 5519 1183 5573 semper
1207 5513 1361 5560 vocat
1389 5507 1679 5572 malitiam;
1731 5521 1788 5564 ut
1813 5528 1934 5566 cum
1963 5514 2093 5568 dicit
2125 5532 2137 5567 :
2172 5515 2284 5569 Sub

698 5600 878 5670 lingua
902 5611 1075 5651 eorum
1101 5593 1243 5648 labor
1271 5605 1316 5649 et
1347 5595 1577 5667 fatigatio
1623 5614 1643 5662 ;
1693 5609 1750 5654 et
1791 5603 1912 5658 alibi
1946 5620 2180 5671 rursum,
2218 5606 2286 5661 Et

765 5776 783 5805 ί
817 5771 954 5824 Alius
987 5773 1131 5836 legit,
1159 5774 1414 5838 miracula,
1439 5792 1544 5841 pro,
1563 5777 1698 5830 bona.

2381 476 2602 544 amplius
2631 492 2801 531 eorum
2837 477 2984 531 labor
3004 489 3048 532 et
3081 480 3228 537 dolor
3261 479 3425 548 (Ptol.
3456 481 3506 536 9'.
3537 481 3586 536 7.
3627 492 3667 536 ct

2377 567 2430 619 Si
2459 582 2588 620 vero
2635 568 2859 622 miretur
2884 570 3023 638 quis,
3060 571 3201 625 unde
3227 571 3294 624 ab
3322 571 3474 625 initio
3504 574 3628 627 tales
3665 574 3690 626 f:

2376 668 2429 712 et
2460 675 2600 714 nunc
2629 661 2760 714 tales
2803 677 2907 714 non
2957 664 3101 726 sint;
3132 664 3342 718 discant
3369 679 3574 719 causam
3607 680 3691 721 ess

2378 765 2522 815 nam,
2540 753 2848 821 magistram
2869 753 3240 823 philosoiihize,
3258 767 3476 810 matrem
3491 757 3687 826 pietatis

2381 843 2619 910 pecunia!
2637 844 2704 898 de
2729 846 2905 900 medio
2932 848 3275 913 tollebantur,
3294 858 3417 903 tunc
3439 850 3656 920 nequitia
3684 867 3695 904 l

2379 932 2575 1000 Etiam,
2605 936 2797 1006 inquit,
2831 939 2924 993 sed
2959 941 3085 994 illttd
3129 941 3300 1010 ipstnu
3330 942 3611 1013 interrogo,
3642 959 3698 996 un

2381 1033 2524 1079 tanta
2575 1029 2815 1082 malitia?
2869 1031 3137 1100 quomodo
3181 1033 3253 1085 illi
3304 1045 3384 1087 ter
3431 1035 3569 1088 mille
3595 1044 3700 1104 etq

2379 1123 2524 1179 mille
2571 1123 2751 1175 Statim
2798 1123 3049 1179 virtutem
3097 1125 3439 1194 delegi-runt,
3485 1136 3548 1182 et'
3581 1143 3696 1181 mox

2380 1213 2681 1286 philosophi
2708 1214 2827 1268 lacti
2856 1224 2998 1281 sunt,
3020 1225 3073 1269 et
3096 1231 3235 1270 nunc
3263 1216 3345 1270 vix
3376 1232 3507 1270 unus
3535 1219 3701 1286 reperi

2381 1317 2505 1362 tunc
2529 1307 2599 1360 ita
2629 1306 2925 1360 concordes
2952 1307 3142 1360 erant?
3171 1307 3296 1376 quid
3331 1308 3446 1362 illos
3474 1317 3574 1362 tam
3599 1310 3699 1378 agil

2379 1401 2570 1456 citatos
2602 1396 2904 1452 reddebat?
2953 1397 3078 1466 quid
3107 1398 3226 1451 illos
3256 1394 3323 1451 ita
3354 1399 3625 1452 incendit?
3664 1402 3706 1466 Q

2382 1505 2570 1560 magna
2613 1489 2811 1559 pietate
2837 1489 3194 1553 accedebant;
3227 1490 3346 1558 quia
3381 1491 3605 1544 honores
3647 1507 3708 1544 no

2379 1579 2519 1634 sicut
2547 1579 2742 1644 hodie;
2773 1579 2894 1648 quia
2921 1579 2987 1632 ad
3018 1579 3189 1634 futura
3233 1589 3464 1634 mentem
3491 1596 3632 1634 suam
3675 1592 3710 1634 ιι

2381 1680 2522 1732 runt,
2539 1678 2593 1722 et
2616 1667 2748 1723 nihil
2773 1670 3118 1738 prmscntium
3137 1672 3535 1738 exspectabant.
3558 1671 3663 1726 Hoc
3683 1689 3711 1725 e

2380 1761 2596 1826 animat,
2627 1762 2677 1814 in
2719 1761 2974 1815 aerumnis
3018 1762 3218 1816 versari
3246 1777 3261 1816 :
3286 1761 3386 1816 hoc
3419 1763 3670 1832 putabant
3698 1765 3710 1816 i

2381 1851 2716 1905 stiauismum
2743 1867 2893 1915 esse;
2939 1851 3032 1906 sed
3061 1867 3164 1906 non
3199 1867 3294 1905 nos
3339 1870 3352 1906 :
3400 1868 3540 1907 nunc
3567 1855 3703 1908 enim

2388 1940 2545 1994 vitam
2579 1941 2889 2010 quatrimus.
2922 1940 3044 1995 Ideo
3092 1957 3191 1996 nec
3223 1942 3339 2005 illa,
3365 1958 3483 1996 cum
3529 1959 3620 2013 par
3668 1960 3718 1998 et

2383 2047 2628 2101 qucmur.
2682 2032 2816 2096 Quid
2863 2033 3158 2102 faciemus?
3203 2033 3604 2104 interrogabant
3640 2036 3712 2089 illi

2385 2123 2723 2177 damnantes.
2755 2123 2861 2177 Nos
2895 2139 3021 2177 vero
3045 2134 3229 2178 contra
3265 2141 3277 2178 :
3311 2125 3444 2192 Quid
3490 2126 3722 2180 faciemus

2389 2229 2530 2281 inus,
2560 2230 2658 2269 nos
2688 2215 3040 2284 prmsculihus
3072 2216 3427 2285 venditantes,
3452 2227 3502 2272 et
3529 2221 3689 2282 altum
3719 2247 3721 2262 ι

2389 2306 2679 2374 sapientes.
2714 2305 2790 2359 Illi
2835 2305 3099 2361 faciebant
3129 2322 3247 2376 qua:
3300 2308 3473 2362 facere
3521 2309 3724 2378 oportel

2390 2411 2519 2451 vero
2558 2412 2734 2451 secus.
2766 2396 3098 2451 Damnabant
3143 2398 3214 2452 illi
3251 2389 3480 2468 seipsiis,
3510 2399 3726 2468 desliera

2389 2489 2562 2544 salute
2593 2503 2686 2543 sua
2723 2507 2736 2541 :
2769 2488 3050 2544 ideo'tales
3078 2489 3202 2545 facti
3253 2501 3416 2546 sunt..
3449 2492 3727 2561 Agnoveru

2388 2591 2705 2652 receperant
2736 2581 2962 2634 donum.

2462 2675 2515 2728 4.
2557 2673 2836 2738 Quomodo
2863 2688 2965 2727 vos-
2996 2668 3102 2728 illis
3129 2673 3332 2729 similes
3373 2675 3540 2741 eritis,
3572 2678 3659 2745 qui
3705 2692 3732 2731 c

2387 2765 2564 2819 omnia
2594 2763 2802 2818 facitis?
2829 2764 2906 2817 llli
2948 2765 3124 2818 statim
3153 2777 3311 2835 atque
3335 2765 3618 2821 audierunt
3645 2809 3658 2829 ,
3714 2769 3734 2822 l

2388 2866 2508 2910 sunt
2536 2872 2549 2908 :
2590 2871 2695 2910 non
2721 2855 2972 2910 dixerunt
3004 2856 3092 2910 illa
3119 2856 3306 2926 frigida
3335 2858 3514 2923 verba,
3546 2875 3663 2929 qua:
3705 2878 3734 2913 ιι

2389 2945 2652 3009 dicimus,
2697 2962 2867 3016 neque
2904 2961 3078 2999 motas
3119 2958 3454 3016 nexuerant,
3497 2953 3598 3004 etsi
3645 2968 3738 3006 non

2389 3037 2663 3092 audissent
2687 3038 3125 3107 justificaliones;
3154 3040 3249 3094 sed
3279 3041 3381 3095 hoc
3429 3051 3653 3108 tantum,
3690 3046 3740 3098 Si

2389 3147 2422 3181 a
2462 3130 2782 3200 generatione
2812 3131 2927 3182 ista.
2956 3127 3069 3184 Non
3106 3145 3298 3198 segnes
3328 3131 3572 3196 luerunt,
3602 3134 3694 3187 sed
3728 3135 3738 3185 l

2390 3236 2578 3275 mones
2615 3231 2936 3290 exceperunt
2970 3237 2984 3286 ;
3027 3231 3076 3274 et
3127 3224 3267 3292 quod
3305 3225 3668 3292 accepissent,
3725 3246 3739 3280 (

2394 3324 2755 3368 monstrarunt
2785 3324 2874 3374 ;et
2917 3315 3005 3384 qui
3035 3326 3248 3379 essent,
3281 3316 3655 3371 exhibuerunt.
3703 3321 3739 3374 S

2390 3419 2658 3461 certannm
2707 3407 3256 3476 ingressi,exneruut
3302 3407 3656 3463 vestimenta:
3706 3427 3739 3464 ιι

2391 3497 2646 3566 ingrcssi,
2675 3513 2796 3550 cum
2825 3496 3158 3550 vestimentis
3193 3507 3400 3553 certare
3431 3500 3692 3555 volumus.

2389 3592 2721 3658 antagonista
2751 3596 2936 3643 noster
2973 3589 3160 3645 labore
3187 3606 3322 3660 opus
3352 3608 3456 3645 non
3496 3591 3658 3646 habet
3682 3637 3695 3657 ,
3725 3611 3740 3646 (

2392 3681 2472 3734 bis
2499 3681 2626 3750 ipsis
2652 3680 2892 3749 impliciti
2924 3695 3068 3750 saepe
3095 3680 3429 3750 dejiciamur.
3453 3681 3685 3751 ldipsum
3729 3705 3740 3736 ι

2390 3775 2560 3827 εἰιιιιιε
2581 3814 2594 3836 ,
2626 3787 2689 3826 ac
2713 3773 2756 3826 si
2791 3787 2910 3841 quis
2931 3771 3182 3826 athletam
3215 3772 3431 3840 pulvere
3457 3788 3736 3843 COIISpCl‘Sl

2389 3881 2572 3935 grum,
2606 3865 2839 3930 nudum,
2889 3864 3108 3930 videns,
3140 3865 3206 3918 ab
3235 3879 3395 3918 arena
3426 3874 3481 3919 et
3523 3882 3554 3918 a
3602 3867 3720 3921 sole

2394 3959 2678 4011 habentem
2714 3957 2805 4010 ltiti
2829 3997 2843 4020 ,
2877 3956 3019 4021 olco,
3047 3956 3245 4010 sudore
3267 3966 3324 4011 et
3347 3972 3502 4012 coeno
3524 3958 3740 4023 delibuti

2392 4059 2660 4119 unguento
2699 4047 2975 4118 fragrans.
3016 4049 3201 4103 sericis
3250 4050 3517 4115 vestibus,
3557 4053 3740 4106 aureis

2390 4141 2523 4194 stola
2555 4155 2723 4209 usque
2751 4137 2819 4193 ad
2863 4138 3142 4193 malleolos
3166 4139 3464 4208 defluente,
3515 4143 3734 4195 aureola

2389 4244 2625 4302 geSIaus.
2654 4249 2776 4286 cum
2801 4232 2892 4286 illo
2921 4233 3320 4303 congredietur.
3371 4234 3471 4300 Qui
3508 4236 3652 4289 enim
3702 4244 3739 4288 ιε

2391 4340 2494 4378 ιιοιι
2539 4323 2857 4392 impedietur
2879 4325 3051 4379 solum
3070 4365 3084 4389 ,
3115 4325 3206 4378 sed
3235 4341 3418 4379 curam
3448 4326 3653 4381 habens
3700 4343 3732 4380 ιι

2392 4415 2661 4472 ΐωιιθιιιιιι·
2692 4418 2778 4472 vel
2812 4417 3142 4481 scindantur,
3175 4417 3226 4472 in
3259 4419 3430 4488 primo
3467 4435 3740 4490 congress:

2391 4505 2546 4575 idque
2578 4507 2806 4575 patietur
2829 4507 2970 4576 quod
3003 4509 3179 4562 statim
3215 4509 3417 4576 timuit,
3453 4512 3503 4565 in
3534 4512 3738 4581 prmeip

2394 4596 2534 4650 tibus
2565 4597 2743 4650 besus.
2777 4595 3012 4664 Tempus
3037 4597 3188 4652 adest
3226 4601 3536 4654 certaminis
3556 4643 3570 4667 ,
3623 4611 3677 4656 et
3709 4612 3740 4656 ιι

2393 4686 2662 4741 indueris!
2691 4695 2900 4756 tempus
2925 4689 3346 4754 exercitationis,
3374 4699 3584 4760 tempus
3620 4691 3740 4746 stad

2390 4779 2538 4848 quasi
2572 4779 2622 4831 in
2651 4793 2843 4848 pompa
2883 4778 3108 4847 teipsum
3132 4781 3329 4835 ornas?
3363 4782 3426 4836 Et
3461 4785 3740 4854 quomodo

2391 4869 2513 4922 bis?
2550 4868 2626 4923 Ne
2668 4869 2731 4922 ad
2758 4878 2979 4924 externa
3007 4911 3020 4934 ,
3072 4871 3164 4924 sed
3191 4873 3257 4926 ad
3303 4873 3512 4928 interna
3560 4876 3740 4944 reSpic

2391 4959 2534 5014 enim
2583 4959 2728 5012 euris
2779 4974 2880 5015 ceu
2926 4961 3177 5029 gravibus
3239 4957 3465 5019 vinculis
3517 4965 3740 5035 undiqtn

2391 5051 2792 5120 Constringitnr,
2827 5067 3043 5105 manum
3075 5067 3180 5106 non
3209 5053 3393 5108 sinens
3423 5055 3700 5119 attollere,
3729 5073 3740 5110 ι

2393 5153 2471 5197 tra
2505 5145 2709 5198 hostem
2745 5146 2985 5214 proferre
3007 5185 3022 5211 ,
3055 5161 3152 5201 nos
3183 5149 3371 5204 molles
3395 5163 3460 5203 ac
3487 5149 3740 5204 delicato:

2389 5232 2602 5288 Utinam
2631 5234 2838 5288 liberati
2872 5236 3086 5291 vincere
3115 5238 3377 5305 possimus
3405 5239 3675 5308 impuram
3708 5240 3740 5293 il

2393 5332 2657 5378 testatem.
2680 5323 2804 5379 ldeo
2819 5323 3088 5393 Christus,
3115 5341 3177 5384 ac
3193 5328 3238 5381 si
3256 5343 3360 5381 non
3384 5329 3515 5384 satis
3531 5329 3606 5383 sit
3622 5329 3736 5383 divi

2388 5428 2533 5478 cere,
2554 5415 2670 5468 vide
2683 5415 2808 5484 quid
2825 5417 2968 5472 dicat
2991 5437 3003 5470 :
3035 5417 3203 5472 Vende
3217 5421 3387 5473 omnia
3402 5436 3514 5489 quae
3529 5419 3712 5483 habes,
3730 5443 3740 5474 ι

2391 5505 2588 5574 peribus
2609 5519 2628 5560 :
2652 5515 2698 5559 et
2721 5507 2861 5572 veni,
2881 5518 2930 5562 et
2949 5525 3153 5580 sequere
3183 5528 3262 5567 me
3286 5510 3474 5582 (Marc.
3502 5513 3590 5570 10.
3617 5512 3736 5584 2i).

2388 5597 2644 5668 depositis
2674 5600 2866 5669 opibus
2889 5644 2903 5667 ,
2956 5604 3191 5660 nondum
3223 5607 3274 5660 in
3323 5617 3436 5664 tuto
3477 5626 3670 5665 sumus
3693 5651 3708 5675 ,

2389 5702 2503 5747 arte
2530 5700 2584 5746 et
2613 5694 2954 5748 acenrationc
2985 5696 3137 5750 nobis
3165 5706 3245 5752 est
3287 5713 3456 5769 opus;
3504 5701 3681 5754 ntullo
3715 5717 3740 5752 ιι

2393 5785 2750 5850 retineamus,
2793 5784 2920 5840 nihil
2964 5802 3216 5860 magnum
3245 5791 3611 5861 operabimur,
3638 5792 3736 5846 sed
