4036 6212
246 231 314 289 ω
1224 204 1292 262 ΙΝ
1330 202 1511 261 ACTA
1551 201 2079 259 APOSTOLORUM.
2124 202 2352 259 HOMIL.
2396 202 2529 260 Vili.
3182 196 3187 199 ⁷
3457 199 3527 254 70

249 376 299 422 ει
339 352 731 433 specularibus
768 358 825 405 et
875 346 977 417 ipsi
1030 341 1262 411 maligno
1322 338 1465 393 hosti
1510 335 1830 391 videbimur.

247 431 384 518 Licet
397 456 540 510 enim
558 444 803 503 diabolus
818 456 927 496 non
942 444 1104 502 esset,
1124 436 1250 489 licet
1270 432 1448 487 nullus
1477 431 1830 501 impugnaret,

248 556 532 607 innumera:
562 542 802 609 undique
828 535 928 590 via:
953 547 1113 604 opum
1145 537 1414 585 amantem
1442 527 1506 581 ad
1533 525 1833 596 gehennam

245 645 453 699 ducunt.
476 636 577 693 Ubi
602 645 745 687 nunc
773 636 903 684 sunt
928 626 1016 695 qui
1056 623 1241 679 dicunt
1268 638 1281 674 :
1312 620 1423 674 Cur
1450 617 1694 673 diabolus
1720 614 1833 669 fac-

246 746 327 789 tus
354 732 469 788 est?
501 731 632 785 Ecce
658 724 748 778 hic
776 719 1027 776 diabolus
1053 714 1221 779 nihil,
1252 711 1347 767 sed
1376 724 1473 766 nos
1506 718 1670 764 totum
1702 722 1833 777 0pc-

247 839 446 881 ramur.
475 819 624 889 Atqui
652 817 757 869 hoc
794 812 979 867 dicere
1009 805 1291 877 oportebat
1317 818 1411 859 eos
1438 802 1527 871 qui
1558 802 1610 855 in
1641 798 1837 854 monti-

250 916 351 968 bus
369 914 577 982 degunt,
594 909 676 978 qui
695 901 1086 960 continentiam
1108 904 1377 952 sectantes
1406 902 1459 947 et
1492 892 1833 961 pecuniarqu

252 1005 566 1072 aliarumque
582 1014 761 1053 rerum
774 999 1161 1063 contemptum,
1182 996 1410 1059 patrem,
1431 984 1638 1049 domos,
1654 996 1831 1051 agros,

253 1113 440 1152 uxores
466 1104 513 1148 et
544 1094 678 1144 tilios
701 1130 720 1153 ,
754 1083 1113 1142 libentissime
1144 1080 1499 1149 reliquerunt.
1529 1078 1598 1129 At
1619 1074 1691 1128 illi
1721 1074 1834 1128 hzec

254 1204 355 1243 non
379 1188 579 1248 dicunt;
604 1183 658 1235 hi
686 1194 821 1235 vero
848 1178 934 1230 illa
962 1172 1253 1245 proferunt,
1286 1184 1409 1239 quae
1433 1181 1721 1235 numquam
1749 1165 1832 1218 di-

250 1296 363 1335 cere
382 1278 729 1349 Oportuisset.
757 1273 851 1327 ltla
877 1283 1005 1323 rere
1035 1275 1159 1320 sunt
1189 1262 1388 1318 diaboli
1417 1260 1706 1316 certamina
1731 1274 1743 1311 :
1780 1259 1831 1312 in

249 1374 354 1427 lucc
377 1386 499 1426 vero
522 1382 708 1437 neque
734 1361 1067 1419 descendere
1088 1357 1306 1427 dignum
1336 1363 1439 1407 est.
1482 1354 1569 1416 At,
1600 1350 1829 1419 inquies,

252 1468 529 1519 divitiarum
579 1458 936 1528 cupiditatem
975 1450 1212 1505 immittit
1240 1444 1504 1501 diabolus.
1548 1443 1731 1511 Fuge,
1780 1450 1832 1495 ct

258 1573 319 1613 ne
344 1558 600 1617 admittas,
634 1568 670 1607 ο
698 1551 885 1605 homo.
918 1546 1069 1600 Nune
1111 1551 1286 1595 autem
1312 1539 1357 1594 si
1389 1552 1546 1607 quem
1578 1534 1773 1588 videris
1802 1547 1831 1586 a

265 1651 475 1703 tabulato
489 1649 657 1701 lutum
687 1643 939 1712 rejiccre,
962 1634 1156 1691 deinde
1178 1632 1341 1686 alium
1356 1628 1626 1683 videntem
1647 1631 1831 1680 contra

268 1743 451 1809 sejaci,
481 1750 621 1793 stare
647 1778 662 1802 ,
724 1744 779 1790 et
810 1741 977 1788 totum
1008 1727 1182 1797 capite
1212 1724 1459 1793 excipere
1479 1762 1493 1786 ,
1525 1734 1632 1774 non
1672 1717 1832 1809 modo

272 1851 360 1888 non
385 1832 678 1895 misereris,
712 1826 809 1881 sed
839 1825 1000 1879 etiam
1043 1816 1336 1887 indignaris
1356 1854 1370 1878 ,
1406 1812 1646 1881 dicisque
1677 1808 1827 1863 illum

262 1926 378 1994 iuste
396 1938 609 1993 passum
631 1934 756 1974 esse
786 1936 800 1970 :
825 1924 1117 1981 omnesque
1142 1909 1216 1963 illi
1237 1907 1499 1967 dicerent,
1529 1902 1606 1956 Ne
1632 1900 1832 1994 stultus
1858 1970 1861 1973 γ

261 1988 526 2081 estw-nec
590 2024 703 2065 tam
759 2008 1085 2078 jacicntem,
1126 2013 1288 2069 quam
1333 1994 1685 2063 excipientem
1720 1988 1830 2043 cri-

257 2113 588 2165 minarentur.
620 2105 777 2160 Nunc
804 2114 965 2171 porro
994 2097 1098 2152 scis
1132 2091 1438 2147 divitiarum
1484 2082 1828 2152 cupiditatem

256 2218 277 2252 a
314 2201 516 2255 diabolo
556 2193 830 2268 proﬁcisci
867 2210 882 2247 :
929 2189 1035 2243 scis
1085 2186 1234 2239 illum
1270 2184 1669 2235 innumerorum
1713 2187 1831 2273 esse

251 2292 487 2343 malorum
517 2301 777 2349 causnm;
804 2281 957 2337 vides
984 2279 1129 2333 illum
1158 2272 1328 2328 {indas
1360 2279 1647 2337 turpesque
1676 2272 1827 2332 cogi-

251 2380 458 2433 lationes
496 2378 660 2446 quasi
689 2377 856 2428 lutum
888 2381 1169 2438 apparare,
1198 2377 1300 2417 nec
1326 2358 1577 2427 intelligis
1598 2362 1650 2409 te
1680 2351 1825 2408 nudo

248 2471 405 2539 capite
448 2467 847 2522 immunditiam
896 2461 1037 2515 illam
1078 2456 1364 2525 excipere,
1392 2464 1514 2505 eum
1558 2452 1835 2539 oporteret

249 2535 492 2631 tantisper
512 2558 839 2615 declinando
867 2555 919 2609 id
942 2551 1146 2607 vitare?
1170 2540 1634 2615 Quemadmodum
1660 2537 1767 2631 ille,
1787 2535 1830 2588 si

248 2668 273 2706 ι
296 2627 411 2708 loco
430 2652 766 2713 declinaret,
801 2647 1139 2708 liberaretur,
1167 2639 1244 2694 sic
1273 2646 1328 2690 et
1373 2644 1427 2688 tu
1468 2632 1602 2685 tales
1634 2627 1835 2697 cogita-

248 2748 403 2800 tiones
432 2762 501 2801 ne
532 2744 797 2813 excipias,
821 2750 875 2795 et
900 2754 927 2789 a
962 2744 1179 2805 peccato
1199 2730 1377 2801 fugies
1408 2745 1420 2781 :
1451 2722 1651 2792 repelle
1681 2719 1833 2813 cupi-

247 2840 473 2893 ditatem.
519 2838 593 2890 Et
621 2809 892 2905 quomodo
921 2827 1221 2897 repellam?
1256 2819 1486 2888 inquies.
1529 2815 1583 2869 Si
1620 2809 1833 2881 gentilis

258 2950 1465 2988 ΜΕ

1942 351 2109 403 esses,
2138 346 2191 392 et
2210 338 2493 406 praesentia
2526 347 2728 393 tantum
2759 339 3121 407 admirareris.
3155 342 3295 401 forte
3320 364 3408 403 res
3436 365 3527 405 es-

1942 440 2025 483 set
2052 428 2315 494 difficilis,
2350 430 2558 484 etiamsi
2587 433 2814 501 gentiles
2838 432 2939 489 hoc
2969 434 3193 491 iecerint
3224 447 3318 493 :at
3354 448 3407 493 tu
3436 457 3526 511 qui

1942 522 2130 575 cadum
2149 531 2203 577 et
2217 523 2449 578 caelestia
2464 532 2766 593 exspectas,
2787 526 2937 589 dicis,
2954 527 3232 595 Quomodo
3243 534 3527 602 repellam?

1940 611 1995 667 Si
2016 614 2341 668 contrarium
2361 613 2643 681 dixissem,
2665 624 2791 671 tunc
2807 616 3048 674 dubitare
3065 632 3355 690 oporteret;
3380 626 3422 678 si
3441 625 3494 680 di
3510 655 3525 665 -

1939 719 2116 759 cerem
2140 747 2155 773 ,
2202 706 2425 760 Divitias
2455 708 2803 776 concupisce,
2832 711 3218 780 reSpondercs,
3246 713 3529 779 Quomodo

1940 796 2314 865 concupiscam
2336 798 2358 850 ?
2381 813 2501 852 cum
2525 799 2645 851 talia
2675 800 2906 854 videres.
2932 800 3027 855 Dic
3054 803 3216 870 mihi,
3241 806 3283 858 si
3311 820 3443 860 auro
3474 817 3528 860 et

1940 888 2203 957 lapidibus
2232 890 2482 958 pretiosis
2529 893 2814 961 propositis
2846 892 3080 948 dicerem
3137 914 3150 949 :
3198 896 3528 969 Concupisce

1941 979 2250 1048 plumbum,
2288 995 2354 1033 an
2401 980 2715 1037 haesitares?
2758 984 2970 1039 Diceres
3002 995 3147 1040 certe
3188 1005 3202 1040 :
3247 986 3526 1054 Quomodo

1942 1074 2201 1141 possum?
2232 1073 2325 1127 Sin
2347 1073 2578 1129 dicerem
2602 1115 2616 1140 ,
2646 1075 2721 1130 Ne
2748 1078 3136 1147 concupiscas:
3167 1079 3269 1135 hoc
3318 1081 3526 1135 facilius

1939 1172 2102 1217 esset.
2134 1164 2249 1217 Non
2276 1163 2514 1218 admiror
2538 1165 2896 1234 despicientes
2916 1208 2931 1233 ,
2968 1169 3060 1222 sed
3094 1184 3197 1226 non
3227 1171 3528 1240 despicien-

1941 1263 2019 1309 tes
2052 1273 2063 1305 :
2097 1255 2196 1309 hoc
2222 1264 2303 1309 est
2324 1256 2516 1310 anima:
2540 1257 2745 1327 ignavia
2781 1258 2967 1327 pleniu,
3003 1277 3123 1329 qua:
3156 1262 3285 1315 nihil
3315 1262 3529 1318 ditt‘erat

1939 1361 1965 1396 a
1994 1347 2189 1399 muscis
2218 1356 2270 1398 et
2298 1346 2573 1411 culicibus,
2606 1345 2749 1401 humi
2782 1350 3013 1416 repentis
3053 1389 3069 1415 ,
3118 1348 3171 1403 in
3211 1348 3327 1403 luto
3364 1351 3487 1408 volu
3512 1384 3527 1395 -

1939 1444 2098 1500 tatur,
2137 1436 2266 1489 nihil
2312 1452 2562 1506 magnum
2610 1440 2911 1507 cogitantis.
2965 1439 3101 1506 Quid
3144 1439 3318 1494 dicis?
3355 1441 3523 1494 Vitam

1939 1536 2191 1581 mternam
2226 1527 2535 1583 ha'reditate
2564 1539 2882 1598 accepturus
2902 1545 2960 1584 es
2980 1572 2993 1596 ,
3027 1541 3079 1585 et
3105 1532 3203 1598 ais,
3247 1532 3524 1599 Quomodo

1940 1629 2255 1687 praesentem
2284 1623 2442 1673 vitam
2470 1636 2580 1690 pra:
2614 1620 2701 1675 illa
2726 1623 3110 1676 contemnant?
3137 1639 3261 1677 num
3294 1638 3381 1679 res
3402 1634 3525 1679 sunt

1936 1720 2120 1765 mutuo
2150 1711 2583 1780 comparabiles?
2611 1712 2829 1782 Regiam
2863 1723 3065 1768 vestem
3094 1730 3152 1769 es
3176 1727 3488 1785 accepturus
3506 1756 3522 1781 ,

1935 1812 1991 1855 et
2034 1801 2189 1866 dicis,
2222 1802 2501 1866 Quomodo
2541 1818 2745 1871 pannos
2800 1807 3183 1859 contemnam?
3223 1807 3275 1859 in
3324 1809 3523 1877 regiam

1938 1894 2269 1963 ingressurus
2296 1894 2429 1948 dicis
2453 1935 2467 1959 ,
2504 1894 2785 1962 Quomodo
2827 1911 3113 1965 pauperem
3166 1897 3305 1952 hanc
3344 1914 3524 1953 casant

1937 1984 2268 2054 despiciam?
2296 1985 2432 2040 Vere
2463 2001 2560 2040 nos
2601 2003 2819 2056 semper
2870 1989 3024 2043 nobis
3052 2005 3209 2044 causa
3262 1992 3525 2046 malorum

1928 2092 2144 2143 sumus,
2171 2077 2264 2147 qui
2286 2077 2533 2131 nolumus
2568 2079 2836 2146 paululum
2866 2081 3107 2135 excitari.
3136 2082 3267 2136 Nam
3302 2085 3392 2151 qui
3429 2100 3525 2137 vo-

1937 2170 2181 2235 luerunt,
2223 2178 2369 2223 recte
2393 2184 2452 2223 se
2498 2181 2814 2239 gesserunt;
2861 2170 3020 2241 idque
3044 2186 3162 2227 cum
3194 2188 3387 2243 magno
3419 2174 3525 2228 fer-

1936 2274 2067 2317 vore
2092 2270 2146 2314 et
2184 2258 2455 2315 facilitate.
2489 2260 2699 2315 Utinam
2729 2271 2783 2317 et
2810 2277 2903 2316 vos
2947 2272 3128 2318 nostra
3157 2264 3523 2321 admonitione

1938 2351 2200 2421 persuasi,
2232 2359 2377 2406 recte
2403 2352 2604 2421 agatis,
2637 2352 3037 2423 imitatoresque
3063 2354 3181 2409 sitis
3218 2370 3401 2410 eorum
3432 2356 3524 2426 qui

1940 2445 2193 2514 praeclare
2215 2459 2274 2499 se
2298 2455 2600 2514 gesserunt,
2631 2447 2800 2515 gratia
2822 2458 2875 2501 et
2902 2447 3227 2518 benignitate
3269 2449 3523 2519 unigeniti

1940 2537 2096 2601 Filii,
2125 2539 2335 2607 quicum
2366 2537 2544 2603 Patri,
2579 2554 2787 2607 unaque
2828 2550 3013 2594 sancto
3050 2540 3306 2610 Spiritui,
3336 2542 3524 2611 gloria,

1940 2628 2241 2697 imperium,
2274 2627 2466 2695 honor,
2499 2644 2636 2683 nunc
2659 2637 2713 2683 et
2748 2645 2981 2700 semper,
3013 2639 3067 2685 et
3098 2633 3147 2685 in
3182 2633 3375 2687 sit-cola
3423 2648 3527 2687 ssc-

1938 2719 2208 2773 culorum.
2239 2720 2435 2773 Amen.

1476 2929 2765 2956 ___________..____._________

1582 3012 1925 3077 HOMILIA
1969 3011 2136 3073 Vlll.

246 3194 365 3248 Car.
400 3193 452 3245 5.
499 3206 555 3241 τ.
588 3189 640 3241 1.
667 3183 834 3238 Simul
866 3179 1044 3232 Petrus
1075 3184 1117 3226 et
1157 3170 1382 3224 Joannes
1406 3160 1741 3217 iisceutlcbunt
1784 3156 1836 3207 in

516 3274 763 3344 templum
793 3272 858 3322 ad
888 3270 1064 3321 horam
1099 3259 1340 3316 orationis
1363 3270 1566 3307 nouant.

317 3376 365 3427 l.
389 3371 451 3425 lli
478 3340 679 3436 ubique
705 3375 950 3431 magnam
1001 3358 1137 3410 inter
1164 3369 1219 3406 se
1242 3346 1586 3403 conciirdiatn
1636 3340 1836 3436 habere

252 3431 663 3533 corispiciuutur.
702 3454 836 3508 Huic
880 3449 1043 3503 innuit
1095 3445 1277 3498 Petrus
1310 3456 1329 3494 :
1361 3439 1513 3493 simul
1546 3434 1623 3509 ad.
1650 3431 1835 3533 sepul-

250 3522 402 3608 cnim
428 3551 585 3603 axilio
624 3546 844 3601 veniunt
875 3559 889 3593 :
919 3541 985 3595 de
1014 3538 1217 3591 Joanne
1239 3532 1367 3586 dicit
1391 3530 1579 3582 Petrus
1603 3522 1834 3583 Christo,

253 3647 353 3699 llic
387 3654 560 3696 autem
598 3641 718 3711 quid
746 3635 939 3711 (Joan.
977 3632 1060 3686 15.
1091 3628 1183 3681 24.
1220 3636 1262 3678 et
1288 3624 1377 3677 20.
1411 3622 1464 3675 5.
1506 3630 1549 3671 ct
1582 3618 1672 3711 2|.
1701 3614 1762 3667 2i
1792 3613 1839 3682 )?

250 3743 363 3795 Alia
393 3709 617 3808 quidem
636 3709 785 3802 signa
822 3722 1167 3801 prmtermisit
1195 3718 1355 3785 hujus
1402 3714 1519 3766 libri
1568 3709 1835 3777 scriptor;

246 3834 381 3900 quod
413 3846 549 3883 vero
576 3827 627 3880 in
654 3834 926 3890 stuporem
968 3826 1020 3870 et
1056 3811 1460 3868 admirationem
1492 3816 1679 3856 omnes
1708 3816 1837 3853 eon-

246 3898 478 3989 iiciehat,
508 3919 639 3973 illud
665 3914 919 3970 narravit.
951 3910 1015 3962 Et
1035 3903 1419 3959 animadverte.
1446 3898 1563 3950 illos
1588 3909 1691 3947 non
1713 3906 1838 3989 con:

247 4018 357 4068 silio
404 4015 514 4067 huc
572 4009 812 4069 venisse;
862 4002 932 4055 ita
963 4000 1030 4051 ab
1078 3994 1223 4049 omni
1266 3994 1639 4047 .0stentalioue
1692 3994 1838 4033 vacui

248 4118 429 4165 erant,
478 4104 870 4163 ductoremque
910 4105 1063 4143 suum
1116 4082 1475 4140 imitabantur.
1520 4075 1627 4129 Cur
1664 4080 1839 4165 autent

247 4161 611 4251 ascenderunt
641 4190 692 4241 in
743 4161 1038 4252 templum?
1080 4177 1213 4231 Num
1268 4172 1442 4226 adhuc
1493 4165 1715 4221 Judaice
1760 4161 1841 4215 vi-

248 4292 442 4341 scbant
462 4288 487 4338 ’ἶ
516 4282 776 4342 Minime;
807 4274 900 4329 sed
930 4270 1137 4325 utiliter
1169 4265 1272 4319 hoc
1302 4260 1521 4315 faciunt.
1552 4255 1682 4309 Nam
1728 4266 1843 4305 rur.

248 4397 333 4434 sus
357 4383 577 4447 signum
601 4370 801 4429 editur,
825 4362 967 4435 quod
991 4360 1109 4413 illos
1134 4355 1441 4413 continuet,
1464 4349 1701 4414 aliosque
1725 4358 1844 4447 per-

250 4434 439 4527 ιτλὶιωῖ
460 4489 474 4523 :
503 4468 742 4535 signum,
768 4434 1003 4527 inquam,
1024 4451 1181 4520 quale
1208 4445 1445 4500 nondum
1468 4441 1723 4535 fecerant.
1744 4434 1844 4487 Na-

252 4568 442 4621 turalis
465 4531 586 4615 erat
618 4555 859 4615 morbus,
886 4548 988 4601 arti
1013 4543 1235 4600 medica:
1264 4554 1368 4592 non
1405 4534 1602 4589 cedens
1632 4547 1647 4583 :
1681 4531 1786 4583 imo
1815 4543 1844 4580 a

250 4656 607 4726 quadraginta
630 4646 787 4701 annis
801 4639 1153 4698 claudicabat,
1177 4641 1231 4685 ut
1251 4629 1444 4683 deinde
1460 4626 1669 4726 dicitur,
1691 4636 1846 4675 nemo

259 4714 410 4801 illum
444 4714 494 4798 iii
550 4753 658 4794 tam
693 4740 849 4804 longo
891 4742 1133 4798 tempore
1162 4730 1461 4777 curari-rat.
1494 4714 1651 4769 Scitis
1682 4725 1841 4773 vero,

256 4843 370 4894 ln-c
395 4856 425 4893 a
460 4834 728 4891 natalibus
759 4826 895 4881 mala
923 4829 1109 4877 curatu
1140 4830 1262 4870 esse
1295 4811 1614 4865 difﬁciliora.
1647 4806 1848 4858 Tantus

260 4945 373 4983 mit
402 4929 621 4982 morbus
642 4931 780 4974 utne
800 4914 1015 4986 quidem
1046 4905 1409 4964 necessarium
1437 4900 1535 4953 sibi
1558 4898 1733 4951 cibum
1758 4908 1850 4963 pa.

262 5041 335 5073 ni
353 5040 382 5075 e
413 5026 605 5088 posset.
636 5008 859 5079 Insignis
872 5020 998 5057 vero
1024 5009 1160 5063 erat,
1183 5008 1292 5049 tum
1312 5009 1339 5045 a
1359 4993 1499 5053 loco,
1522 4999 1632 5042 tum
1651 5001 1687 5088 al
1708 5000 1849 5088 mor-

260 5116 330 5168 bo
350 5132 367 5175 ;
390 5075 443 5164 εἰ
457 5075 976 5177 ειυυιιιοάηξξιυόἰᾶ.
999 5091 1065 5145 Et
1089 5087 1298 5160 quidam
1315 5085 1409 5149 vir,
1431 5080 1618 5149 inquit,
1642 5075 1851 5177 claudus

258 5165 323 5258 es
346 5165 488 5255 iam;
504 5196 676 5249 matris
706 5206 812 5245 sua
833 5185 1155 5255 bajulabatur
1175 5194 1192 5231 .'
1209 5192 1350 5243 quem
1370 5176 1612 5242 ponebant
1634 5165 1853 5237 quotidie

262 5300 331 5348 ad
358 5305 551 5359 portam
573 5286 779 5355 templi,
806 5294 921 5351 qui:
948 5277 1133 5329 dicitur
1158 5269 1421 5340 Speciosa,
1526 5270 1706 5333 peteret
1730 5260 1853 5310 elec-

270 5354 529 5451 vuosywn
556 5378 618 5430 ub
654 5354 1022 5428 introeuntibus
1050 5366 1101 5418 in
1139 5360 1402 5430 templum.
1442 5354 1851 5451 Elt‘t:lll0§)’ll:lll

268 5436 403 5539 τινέᾶ
424 5470 629 5541 pett-bat
649 5508 664 5532 ,
694 5475 749 5517 et
779 5458 1049 5515 nesciebat
1076 5453 1287 5525 quinam
1320 5447 1414 5501 \‘iri
1438 5452 1638 5498 essent.
1660 5440 1711 5493 3.
1755 5436 1855 5503 Qui

274 5584 383 5619 cus
420 5565 618 5618 uidisset
652 5558 859 5611 Petrum
886 5560 929 5605 et
970 5549 1209 5602 Joannem
1237 5543 1531 5612 incipientes
1568 5542 1769 5587 inti-orre
1804 5546 1856 5582 ιη

281 5670 531 5737 κηρίων,
561 5662 774 5732 rogabat
799 5665 850 5708 ut
873 5652 1222 5721 elemosynam
1252 5644 1530 5714 acciperet.
1564 5633 1615 5688 οὗ.
1646 5629 1858 5684 lntucns

1941 3163 2109 3206 autent
2145 3156 2194 3206 in
2235 3170 2344 3206 eum
2379 3153 2557 3207 I’rtrus
2590 3171 2702 3207 cum
2731 3155 2932 3208 Joanne
2953 3197 2967 3219 ,
3011 3157 3139 3209 dixit
3170 3174 3187 3209 :
3222 3158 3428 3226 Respice
3466 3161 3523 3212 in

1942 3262 2049 3298 nos.
2092 3245 2199 3297 lloe
2229 3247 2371 3298 audit
2398 3262 2411 3311 ;
2448 3247 2533 3300 ille
2568 3262 2695 3299 vero
2728 3263 2898 3317 neque
2927 3248 3003 3301 sic
3031 3250 3268 3319 erigitur,
3302 3253 3394 3304 sed
3426 3253 3520 3305 ad-

1944 3335 2045 3388 huc
2072 3347 2246 3388 manet
2294 3336 2519 3390 instans.
2565 3336 2707 3390 Talis
2734 3338 2875 3391 enim
2908 3347 2991 3392 est
3019 3350 3301 3407 paupertas
3325 3382 3339 3405 ,
3394 3342 3523 3396 dare

1943 3428 2256 3495 negantibus
2288 3428 2449 3481 instat
2491 3437 2545 3482 et
2584 3431 2728 3498 Cogit
2770 3431 2908 3485 illos.
2961 3431 3351 3485 Erubescamus
3385 3448 3480 3485 nos
3506 3474 3521 3496 ,

1943 3519 2031 3585 qui
2057 3534 2084 3569 a
2120 3520 2364 3587 precibus
2396 3519 2681 3573 resiliinns.
2720 3519 2848 3574 Vide
2878 3531 3079 3587 autem,
3110 3540 3266 3590 quam
3294 3527 3400 3577 cito
3432 3523 3525 3577 Pco

1945 3616 2058 3661 tt'us
2103 3610 2562 3663 mansuetudinem
2609 3610 2898 3675 exhibeat,
2946 3611 3177 3665 dicens:
3215 3612 3424 3681 Respice
3470 3615 3522 3665 in

1944 3717 2056 3752 nos.
2103 3699 2191 3754 Sic
2223 3702 2430 3754 illorum
2472 3703 2681 3755 habitus
2724 3719 2818 3772 per
2851 3719 2909 3755 se
2940 3719 3116 3757 tnnrcs
3147 3704 3430 3757 indicabat.

1945 3793 2008 3844 At
2030 3792 2117 3844 ille
2142 3791 2429 3845 intendebat
2456 3794 2506 3844 in
2535 3809 2637 3855 eos,
2670 3810 2879 3862 sperans
2906 3811 2960 3846 sc
2985 3796 3180 3863 aliquid
3203 3807 3525 3865 accepturum

1944 3882 2006 3933 ab
2036 3882 2124 3933 eis.
2156 3880 2207 3934 6.
2241 3874 2422 3933 Petrus
2449 3891 2615 3933 autem
2641 3882 2769 3933 dixit
2798 3897 2815 3934 :
2842 3883 3119 3951 Argentum
3143 3896 3188 3937 et
3221 3902 3401 3937 aurum
3430 3903 3528 3938 non

1945 3981 2016 4025 est
2047 3972 2205 4033 mihi,
2248 3971 2382 4040 quod
2426 3981 2593 4023 autent
2625 3970 2801 4035 habeo,
2832 3972 2926 4024 hoc
2952 3975 3039 4025 tibi
3068 3976 3153 4025 do.
3204 3975 3318 4027 Non
3353 3977 3479 4028 dixit
3508 4015 3523 4041 ,

1948 4063 2077 4118 lieni
2116 4063 2281 4117 multo
2314 4064 2680 4130 pretiosiorem
2705 4074 2926 4131 argento
2966 4064 3035 4117 do
3068 4066 3160 4117 tibi
3188 4082 3201 4127 ;
3235 4066 3326 4118 sed
3356 4067 3525 4135 quid?

1949 4156 2012 4210 In
2043 4159 2243 4210 nomine
2266 4157 2389 4209 .lesu
2406 4155 2590 4209 Christi
2617 4153 2877 4208 Nazareni
2896 4172 3045 4225 surge
3061 4166 3106 4208 et
3136 4157 3358 4210 ambula.
3386 4156 3436 4209 7.
3462 4157 3526 4210 Et

1949 4250 2265 4318 apprehensa
2287 4265 2437 4300 manu
2457 4248 2564 4318 ejus
2583 4248 2781 4313 dextra,
2802 4248 3035 4301 ullevavit
3054 4266 3184 4301 eum.
3226 4252 3297 4301 ita
3331 4248 3451 4302 fecit
3474 4258 3526 4303 et

1948 4340 2214 4404 Christus,
2237 4356 2376 4409 smpe
2408 4356 2619 4393 manum
2652 4339 2906 4408 porrexit,
2928 4340 3137 4409 quando
3166 4352 3315 4393 erant
3344 4341 3394 4395 in
3426 4342 3527 4396 lide

1950 4432 2292 4495 inﬁrmiores,
2315 4441 2451 4483 utne
2469 4431 2736 4484 rideretur
2758 4446 2843 4484 res
2874 4446 2940 4484 ex
2972 4442 3161 4499 Sponte
3191 4446 3281 4485 sua
3307 4431 3439 4486 ﬁeri.
3465 4431 3530 4485 [ἐι

1952 4525 2268 4595 apprehensa
2307 4541 2459 4577 manu
2486 4526 2594 4595 ejus
2619 4525 2812 4589 dextra,
2845 4524 3079 4578 altevavit
3106 4542 3239 4577 eum.
3276 4526 3385 4579 Hoc
3419 4542 3531 4579 nta—

1955 4616 2200 4669 nifostaui
2252 4614 2375 4668 fecit
2417 4616 2857 4668 resurrectionem
2884 4631 2897 4667 ι
2924 4614 3036 4668 lucc
3060 4616 3256 4683 quippe
3286 4630 3531 4669 resurrc~

1954 4708 2144 4761 etionis
2175 4708 2347 4774 imago
2373 4715 2505 4760 erat.
2539 4705 2603 4759 Et
2636 4706 2866 4775 protinus
2895 4706 3220 4759 consolidant:
3247 4717 3361 4759 sunt
3392 4708 3533 4759 bases

1953 4800 2064 4868 ejus
2090 4808 2131 4850 et
2161 4797 2367 4867 planta},
2391 4800 2445 4851 8.
2474 4807 2518 4849 et
2547 4798 2780 4849 exsiliens
2805 4797 2967 4858 stetit,
2992 4807 3036 4849 et
3054 4797 3359 4849 ambulabat.
3395 4796 3532 4849 Ten-

1958 4900 2074 4942 taus
2102 4889 2233 4941 forte
2263 4891 2495 4957 seipsum
2517 4927 2531 4951 ,
2580 4895 2632 4940 et
2660 4887 2915 4954 majorem
2943 4886 3328 4955 exiierientiaai
3364 4886 3529 4939 facie-

1957 4979 2041 5032 bat
2070 5021 2084 5043 ,
2119 4994 2242 5030 nunt
2272 4978 2463 5030 frustra
2494 4976 2542 5029 id
2571 4975 2765 5028 factum
2798 4986 2959 5030 esset.
2992 4975 3190 5029 lniiruii
3222 4975 3338 5043 ejus
3367 4975 3534 5043 pedes

1958 5080 2145 5132 erant,
2179 5086 2281 5123 non
2333 5069 2577 5122 absciSsi.
2613 5067 2836 5132 Quidam
2866 5082 2994 5119 vero
3021 5063 3204 5118 dicunt
3251 5065 3420 5133 imum
3452 5068 3537 5120 in.

1958 5164 2151 5219 cedere
2182 5162 2484 5214 nescivissc.
2517 5158 2579 5211 Et
2603 5158 2806 5210 intravit
2834 5174 2944 5209 cum
2967 5156 3067 5208 illis
3095 5171 3144 5207 tn
3168 5155 3407 5226 templum
3434 5175 3544 5210 am-

1962 5256 2160 5308 bulans.
2196 5252 2333 5304 Vere
2368 5250 2719 5303 admiratione
2770 5247 2923 5317 digna
2984 5263 3069 5300 res
3118 5257 3256 5301 erat.
3308 5247 3421 5301 Non
3468 5250 3540 5302 illi

1964 5347 2134 5415 ipsum
2159 5344 2382 5403 ducunt,
2412 5340 2503 5395 sed
2531 5344 2792 5410 sequitur,
2813 5351 2865 5393 et
2888 5339 3161 5408 sequendo
3185 5340 3547 5394 hunc-factores

1962 5434 2230 5498 ostendit;
2260 5442 2419 5501 atque
2447 5430 2604 5485 etiam
2637 5431 2775 5500 quod
2803 5430 3058 5483 exsilicns
3086 5430 3323 5484 laudaret
3353 5429 3539 5492 Deum,

1963 5544 2072 5585 non
2102 5527 2219 5581 illos
2254 5523 2563 5578 admirando
2592 5523 2763 5577 lauda.
2787 5536 2835 5586 s,
2865 5521 2956 5576 sed
2986 5522 3171 5588 Deum,
3199 5521 3286 5589 qui
3317 5535 3407 5589 per
3431 5519 3549 5570 illos

1966 5631 2217 5693 operatus
2246 5626 2380 5675 crat.
2434 5616 2503 5671 Ita
2536 5626 2686 5686 grato
2716 5614 2794 5666 \‘ir
2823 5614 3002 5666 animo
3040 5622 3175 5668 erat.
3225 5608 3329 5663 Sed
3363 5607 3540 5676 priora
