4036 6212
2639 112 2651 119 η
2700 112 2852 123 ..ι-...υ
2867 106 2882 115 ⁸

740 236 805 291 Ἡ
1498 228 1556 289 S.
1596 227 1870 287 JOANNIS
1904 225 2374 282 CHRYSOSTOMI
2415 227 2730 283 AllClllEP.
2772 231 3299 293 CONSTANTINOP.

748 358 1068 420 repetamus.
1102 343 1446 420 Ascendebant
1470 384 1485 410 ,
1533 344 1723 413 inquit,
1766 344 1834 395 ad
1868 343 2043 395 lteram
2082 342 2322 395 orationis

743 413 959 492 nonam.
1014 434 1279 491 Fortassis
1300 413 1400 488 illo
1436 443 1671 502 tempore
1699 432 2036 499 deportatum
2077 431 2325 485 claudum

748 532 1105 601 deponebant,
1137 528 1349 599 quattdo
1378 543 1607 582 maxime
1640 528 1934 581 intrabatur
1960 527 2011 578 in
2047 524 2322 591 templum.

745 621 822 678 Ne
842 624 959 692 quis
980 632 1109 677 vero
1136 626 1363 690 putaret,
1386 620 1454 674 ob
1470 619 1624 672 aliam
1650 634 1760 672 rem
1784 618 2121 687 deportatum
2141 616 2324 682 fuisse,

743 723 800 768 et
827 729 932 766 non
978 724 1033 765 ιιι
1069 714 1372 781 acciperet;
1420 711 1539 763 vide
1589 709 1856 779 quomodo
1894 707 1945 761 id
1973 708 2118 761 clare
2159 706 2326 776 signi-

746 804 900 871 ficet,
944 803 1171 858 dicendo
1203 819 1218 856 :
1249 800 1511 855 Ponebant
1541 800 1686 852 illum
1717 810 1770 851 ut
1799 798 2165 867 eleemosynam
2188 796 2326 849 acci-

745 907 881 966 peret
907 894 969 948 ab
994 893 1360 948 introeuntibus
1388 893 1439 944 in
1477 892 1737 961 templum.
1782 888 1906 943 ideo
1933 897 1988 942 et
2019 888 2133 941 loca
2174 901 2325 940 com-

756 995 1017 1040 memorat
1058 985 1107 1037 in
1128 992 1495 1053 argmuentum
1518 992 1704 1035 eorum
1738 992 1857 1050 qua:
1891 977 2096 1033 scribit.
2121 976 2185 1030 Et
2207 991 2319 1041 cur,

743 1076 971 1145 inquies,
990 1074 1138 1129 illntn
1158 1090 1261 1126 non
1275 1072 1491 1129 Christo
1512 1069 1872 1125 adduxerunt?
1895 1069 2050 1123 Forte
2068 1066 2326 1123 increduli

740 1175 897 1222 erant
935 1166 1008 1233 ii,
1057 1166 1143 1233 qtti
1187 1165 1385 1233 templo
1414 1163 1722 1217 assidebant
1748 1203 1762 1228 ,
1795 1159 2223 1231 quandoquidem
2257 1170 2324 1213 tte

740 1257 996 1324 apostolis
1016 1255 1228 1326 quidem
1250 1255 1421 1323 ipsmn
1441 1254 1777 1317 obtulerunt,
1800 1267 1918 1305 cum
1946 1250 2186 1304 viderent
2206 1249 2324 1305 illos

740 1348 984 1418 ingredi,
1023 1357 1143 1417 post
1172 1356 1247 1400 tot
1273 1346 1411 1401 edita
1444 1345 1718 1399 miracula.
1751 1342 2001 1415 Rogabat,
2037 1342 2226 1412 inquit,
2267 1350 2323 1394 ut

740 1440 1108 1508 eleemosynam
1136 1437 1402 1505 acciperet.
1446 1434 1605 1489 Forte
1631 1450 1693 1488 ex
1725 1434 1907 1488 habitu
1936 1433 2054 1487 illos
2080 1442 2136 1487 ut
2161 1448 2323 1503 quos-

742 1530 863 1581 dam
898 1531 1013 1598 pios
1039 1529 1182 1581 viros
1206 1515 1564 1590 existimavit;
1595 1525 1821 1595 ideoque
1850 1524 2074 1579 detinuit
2099 1538 2212 1578 eos.

814 1618 997 1672 Petrus
1034 1605 1185 1686 quam
1226 1619 1420 1671 alienus
1457 1634 1489 1670 a
1531 1615 1917 1685 fastu.—Vide
1960 1625 2157 1680 autem,
2189 1630 2320 1686 quo-

739 1708 897 1762 modo
923 1707 1155 1763 Joannes
1196 1708 1390 1777 ubique
1415 1707 1602 1771 sileat;
1647 1708 1836 1762 Petrus
1863 1720 1988 1762 vero
2018 1708 2178 1762 etiam
2222 1721 2319 1777 pro

738 1801 832 1852 illo
857 1800 1113 1852 rationem
1142 1798 1328 1852 reddat
1352 1816 1363 1851 :
1391 1798 1664 1867 Argentum
1691 1807 1938 1852 claurum
1962 1816 2059 1852 non
2081 1808 2150 1852 eu
2171 1800 2314 1865 mihi,

738 1887 923 1956 inquit.
978 1886 1092 1940 Non
1123 1887 1285 1950 dixit,
1317 1882 1416 1941 Hie
1448 1902 1554 1940 non
1584 1885 1785 1954 habeo,
1838 1899 1891 1941 ut
1924 1904 2020 1941 nos
2048 1889 2274 1942 dicimus
2297 1928 2315 1954 ,

735 1979 828 2032 sed
862 1992 1106 2046 prorsus,
1150 1976 1266 2032 Non
1299 1977 1489 2030 habeo.
1540 1977 1675 2042 Quid
1706 1993 1832 2047 ergo
1861 1978 2121 2032 claudus?
2164 1978 2314 2033 Mene

734 2070 1025 2138 supplicem
1055 2069 1284 2139 despicis
1308 2069 1331 2121 ’ἲ
1354 2068 1470 2121 Non
1492 2109 1507 2133 ,
1542 2069 1730 2137 inquit;
1764 2070 1856 2123 sed
1894 2070 1961 2122 de
1992 2072 2055 2123 iis
2080 2086 2199 2139 qua:
2222 2071 2316 2123 ha-

735 2158 835 2212 beo
863 2160 1064 2226 accipe.
1126 2158 1327 2220 Vidcn',
1358 2159 1629 2224 quomodo
1656 2173 1685 2211 a
1713 2159 1847 2212 fastu
1874 2159 2077 2213 alienus
2113 2161 2183 2213 sit
2211 2160 2313 2214 Pe-

735 2260 849 2304 trus
872 2291 886 2316 ,
921 2266 1019 2303 nec
1048 2264 1107 2304 se
1136 2259 1367 2302 os:cntet
1396 2250 1554 2301 etiam
1587 2250 1633 2303 ei
1660 2290 1674 2315 ,
1726 2249 1816 2318 qui
1846 2263 1876 2302 a
1910 2265 1968 2305 se
1997 2250 2311 2306 beneficium

733 2352 1045 2409 accepturus
1072 2340 1194 2393 est?
1237 2337 1309 2393 Os
1338 2339 1510 2407 itaque
1538 2349 1592 2392 et
1622 2354 1812 2392 manus
1844 2348 2008 2392 totum
2042 2338 2309 2394 fecerunt.

733 2430 892 2484 Tales
917 2438 1071 2484 erant
1107 2429 1273 2484 Judmi
1322 2430 1684 2483 claudicantes
1722 2446 1736 2495 ;
1770 2439 1822 2483 et
1851 2445 1971 2483 cum
2005 2446 2140 2500 opus
2169 2442 2314 2487 esset

731 2528 1011 2580 sanitatem
1040 2538 1220 2596 petere
1240 2566 1253 2587 ,
1287 2525 1361 2578 illi
1391 2524 1569 2593 potius
1601 2525 1854 2593 pecunias
1884 2525 2135 2593 petebant
2162 2526 2310 2581 humi

730 2615 964 2687 iacentes
993 2632 1006 2667 :
1040 2616 1127 2684 qui
1159 2624 1210 2668 ct
1244 2615 1360 2667 ideo
1391 2615 1587 2683 templo
1613 2613 1920 2668 assidebant
1944 2657 1959 2681 ,
1990 2625 2046 2670 ut
2074 2617 2309 2671 ditaren-

733 2717 837 2760 tur.
895 2705 1029 2773 Quid
1072 2706 1228 2774 igitur
1266 2704 1503 2758 Petrus?
1561 2704 1675 2758 Non
1720 2705 1963 2774 despexit
2002 2722 2159 2771 eum,
2204 2723 2311 2763 non

730 2797 945 2850 divitem
976 2796 1247 2865 qnarsivit,
1279 2810 1379 2848 nec
1406 2794 1574 2860 dixit,
1616 2794 1725 2849 Nisi
1760 2794 1810 2848 in
1839 2796 1929 2849 illo
1957 2795 2046 2850 fiat
2078 2798 2310 2872 miracu-

731 2888 838 2940 lum
864 2928 880 2952 ,
926 2885 1055 2939 nihil
1088 2900 1335 2955 magnum
1366 2886 1469 2939 erit
1501 2903 1514 2938 :
1547 2902 1648 2938 tton
1686 2886 1943 2940 honorent
1975 2889 2309 2957 exspectavit

730 2976 797 3031 ab
824 2977 935 3039 illo,
967 2991 1137 3045 neque
1169 2976 1521 3044 prasentibus
1550 2976 1866 3044 quibusdam
1892 2980 2095 3031 curavit
2124 2979 2304 3033 illum:

728 3076 845 3121 erat
870 3067 1009 3121 enim
1041 3067 1120 3120 vir
1149 3069 1199 3120 in
1232 3067 1470 3135 ingressu
1498 3108 1511 3131 ,
1546 3082 1650 3120 non
1684 3067 1827 3121 intus
1848 3109 1862 3131 ,
1908 3069 1993 3121 ubi
2029 3080 2143 3124 erat
2175 3071 2308 3124 mul-

729 3158 920 3212 titudo.
944 3160 1007 3212 At
1038 3159 1166 3211 nihil
1190 3158 1380 3212 horum
1408 3160 1652 3227 quaesivit
1674 3159 1881 3225 Petrus,
1912 3176 2083 3230 neque
2106 3164 2311 3233 ingres-

728 3265 821 3305 sus
850 3250 1186 3318 praedicavit,
1230 3249 1322 3302 sed
1362 3264 1429 3302 ex
1458 3250 1572 3302 solo
1600 3249 1781 3303 habitu
1809 3251 2052 3305 claudum
2082 3256 2300 3309 attraxit

729 3342 795 3396 ad
841 3341 1148 3411 petendum.
1180 3339 1438 3409 Quodque
1470 3340 1659 3393 mirum
1688 3350 1764 3394 est
1793 3382 1807 3405 ,
1860 3342 1948 3394 ille
1979 3346 2154 3397 statim
2186 3361 2304 3399 cre-

729 3434 883 3487 didit.
930 3433 1059 3486 Nam
1088 3432 1175 3500 qui
1207 3446 1236 3483 a
1275 3431 1493 3485 diutinis
1533 3432 1733 3487 morbis
1763 3433 1966 3487 liberati
2009 3444 2170 3505 sunt,
2215 3441 2301 3493 vix

725 3526 950 3581 credunt
971 3526 1132 3579 etiam
1159 3538 1220 3577 ea
1246 3538 1364 3593 quae
1396 3522 1591 3578 vident.
1626 3524 1691 3577 Et
1719 3536 1932 3579 sanatus
1962 3525 2153 3582 deinde
2182 3544 2301 3583 cum

729 3616 987 3687 apostolis
1012 3625 1147 3679 erat,
1174 3615 1374 3683 gratias
1403 3628 1566 3683 agens
1597 3615 1723 3668 Deo.
1758 3613 1821 3668 Et
1848 3616 2074 3683 intravit,
2111 3618 2298 3688 inquit,

730 3724 845 3760 cum
870 3708 972 3761 illis
999 3706 1053 3759 in
1089 3705 1363 3774 templum,
1394 3704 1658 3759 ambulans
1678 3747 1692 3771 ,
1738 3707 1972 3760 exsiliens
1997 3719 2045 3761 et
2085 3710 2302 3763 laudans

730 3798 911 3851 Deum.

796 3888 851 3940 2.
897 3886 1061 3951 Vide,
1092 3885 1358 3954 quomodo
1386 3902 1488 3940 non
1519 3889 1759 3956 quiescat
1785 3927 1800 3953 ,
1831 3898 1939 3942 tum
1972 3905 2037 3945 ex
2068 3891 2295 3961 gaudio,

730 3990 840 4033 tum
870 3987 927 4031 ut
964 3976 1163 4032 Judaeis
1187 3992 1280 4031 ora
1310 3978 1569 4032 obstruat.
1602 3978 1671 4035 Ut
1699 3991 1875 4034 autent
1906 3984 2115 4037 videtur
2146 3985 2296 4051 mihi,

728 4087 795 4126 ne
828 4070 1098 4125 videretur
1135 4069 1386 4124 ementita
1424 4086 1543 4135 res,
1592 4070 1710 4124 ideo
1752 4074 1862 4139 ipse
1900 4074 2111 4127 saltavit
2146 4093 2158 4130 :
2200 4074 2301 4132 hoc

725 4161 866 4214 enim
898 4161 1041 4213 nullo
1069 4159 1226 4213 modo
1254 4160 1488 4214 simulari
1522 4169 1745 4229 poterat.
1779 4162 1877 4228 Qui
1908 4167 2049 4216 enim
2078 4167 2299 4219 omnino

726 4265 831 4304 non
863 4257 1069 4320 poterat
1112 4249 1398 4314 incedere,
1450 4250 1586 4303 fame
1630 4250 1786 4303 etiam
1819 4261 2078 4320 cogente;
2126 4270 2298 4325 neque

724 4342 869 4395 enim
913 4339 1169 4393 voluisset
1206 4354 1327 4393 cum
1361 4339 1551 4407 bajulis
1590 4341 1958 4411 eleemosynas
1987 4346 2207 4414 partiri,
2252 4349 2295 4401 si

723 4432 870 4485 solus
899 4431 977 4484 ire
1004 4431 1298 4497 potuisset;
1330 4430 1494 4483 multo
1522 4432 1688 4499 magis
1718 4443 1860 4487 tunc.
1901 4438 2177 4502 Quomodo
2203 4455 2300 4494 au-

725 4531 831 4574 tem
870 4519 1171 4573 simulasset
1199 4519 1249 4571 in
1280 4520 1499 4587 gratiam
1532 4536 1713 4575 eorum
1738 4565 1753 4589 ,
1785 4525 1873 4593 qui
1904 4526 2296 4600 eleemosynam

727 4625 832 4661 non
863 4608 1163 4661 dederant?
1190 4608 1293 4662 Sed
1325 4610 1457 4678 grati
1484 4610 1648 4664 animi
1676 4612 1755 4666 vir
1779 4626 1911 4681 erat,
1947 4618 2107 4672 etiam
2135 4620 2295 4692 adep-

727 4709 809 4751 tus
838 4698 1138 4751 sanitatem.
1174 4698 1428 4769 Utrinqne
1449 4715 1577 4769 ergo
1605 4702 1775 4758 tidelis
1801 4707 2122 4779 ostenditur,
2148 4723 2201 4767 et
2228 4729 2292 4768 ex

724 4789 1009 4857 gratiarum
1040 4789 1249 4844 actione
1268 4830 1283 4854 ,
1326 4800 1381 4846 et
1407 4805 1473 4846 ex
1499 4806 1564 4846 eo
1593 4794 1733 4861 quod
1763 4797 1974 4851 accidit.
2022 4800 2135 4856 Non
2166 4819 2295 4859 sane

731 4878 970 4933 tionibus
996 4888 1154 4935 notus
1178 4890 1331 4947 erat;
1383 4882 1522 4937 unde
1548 4892 1601 4937 et
1629 4888 1991 4954 agnoscebant
2020 4891 2188 4947 illum.
2237 4893 2291 4951 9.

733 4970 790 5027 Et
830 4970 954 5025 uidit
984 4986 1138 5037 eum,
1182 4971 1384 5042 inquit,
1431 4976 1592 5028 ontnis
1634 4977 1851 5046 populus
1879 4981 2216 5037 ambulantem
2245 4994 2293 5039 et

736 5059 1008 5120 undantem
1039 5063 1221 5117 Deum.
1253 5064 1338 5120 l0.
1370 5063 1842 5139 Cognoscebantque
1868 5074 2033 5141 ipsum
2059 5091 2184 5136 esse.
2206 5079 2293 5148 qui

735 5152 791 5204 ml
823 5153 1189 5223 eleemosunam
1221 5155 1419 5208 sedebat
1446 5156 1514 5208 ad
1541 5156 1834 5226 Speciosam
1865 5172 2060 5230 portam
2100 5166 2293 5236 templi.

722 5241 864 5294 liene
890 5242 1027 5296 dixit
1051 5285 1065 5309 ,
1105 5244 1477 5315 Cognoscebant
1506 5264 1524 5300 :
1551 5264 1675 5302 nam
1706 5262 1886 5318 postea
1916 5270 2019 5306 non
2046 5259 2296 5326 cognosci

720 5334 881 5399 tcepit
912 5348 923 5381 :
960 5334 1057 5384 hac
1082 5334 1276 5401 quippe
1317 5350 1446 5389 voce
1489 5339 1687 5391 utimur
1724 5342 1865 5395 circa
1904 5358 2032 5410 eos,
2077 5347 2164 5415 qui
2210 5350 2293 5403 vix

712 5430 1089 5488 agnoscuntur.
1108 5422 1263 5478 Credi
1285 5439 1413 5495 ergo
1432 5430 1729 5497 oportebat,
1753 5449 1942 5489 nomen
1956 5435 2151 5492 Christi
2174 5455 2272 5510 pec

717 5520 835 5563 cata
861 5510 1134 5567 dimittere
1156 5554 1173 5580 ,
1201 5516 1342 5584 quod
1371 5524 1515 5571 tanta
1543 5533 1873 5589 operaretur.
1902 5526 1989 5580 ll.
2015 5526 2141 5581 Cum
2163 5538 2296 5583 tene-

711 5611 787 5655 ret
814 5612 980 5657 autem
1007 5602 1050 5658 is
1072 5643 1089 5671 ,
1118 5606 1205 5675 qui
1229 5620 1441 5663 sanatus
1466 5614 1652 5681 fuerat,
1684 5613 1896 5671 Petrum
1927 5628 1974 5674 et
2001 5617 2290 5692 Joannem,

2434 345 2665 397 convenit
2710 349 2876 401 omnis
2918 353 3141 421 populus
3178 352 3245 404 ml
3295 353 3537 420 porticum
3570 372 3674 427 quat
3712 375 3736 411 α

2433 431 2745 500 Salomonis,
2775 448 3048 507 stupentes.
3082 443 3156 494 Ex
3186 439 3547 498 benevolentia
3572 456 3621 500 ct
3641 450 3736 501 ami

2429 525 2773 592 separabatur
2811 529 2879 581 ab
2910 529 3038 598 ipsis
3068 534 3288 587 claudus
3308 575 3321 596 ,
3371 533 3589 592 fortasse
3619 546 3735 609 grati

2429 622 2489 679 et
2509 615 2727 671 laudans
2751 620 2888 674 illos.
2921 620 2986 673 Et
3009 624 3319 689 occurrebat,
3355 626 3551 696 inquit,
3585 633 3735 684 omnis

2433 704 2519 758 12.
2561 705 2746 762 Fidens
2775 722 2940 763 autem
2970 713 3084 767 illos
3116 714 3328 781 Petrus,
3358 721 3628 787 respondit.
3665 723 3736 775 [tu

2430 804 2486 849 et
2509 809 2760 865 Operatur
2785 810 2838 855 et
2867 804 3235 861 concinnatur.
3266 800 3403 862 Tum
3433 810 3636 878 quidem
3677 814 3735 867 illi

2429 885 2680 943 diendum
2708 894 2957 947 excitavit
2985 896 3280 966 linguarum
3310 900 3635 969 miraculum,
3667 919 3733 959 nu

2429 976 2531 1032 hoc
2559 980 2763 1051 signum
2790 1001 2803 1037 :
2828 995 2881 1039 et
2908 997 3032 1040 tunc
3059 988 3338 1042 exordium
3367 991 3515 1046 duxit
3538 1010 3565 1046 a
3603 996 3736 1050 crimi

2428 1068 2494 1122 ab
2523 1071 2795 1139 opinione.
2848 1075 3130 1131 Videamus
3175 1089 3352 1134 autem
3374 1121 3390 1148 ,
3432 1084 3554 1152 quid
3579 1086 3643 1141 ab
3672 1088 3736 1142 ill:

2429 1159 2543 1216 lucc
2568 1166 2789 1231 concio,
2820 1175 2874 1221 et
2903 1169 3028 1237 quid
3063 1183 3347 1228 commune
3377 1190 3494 1229 cum
3539 1177 3622 1232 illa
3664 1180 3736 1233 hai

2426 1250 2571 1306 domi
2602 1254 2795 1324 fiebat,
2826 1273 2945 1312 cum
2976 1276 3135 1317 nemo
3164 1262 3337 1318 adhuc
3366 1270 3685 1335 accessisset,
3718 1287 3735 1325 t

2427 1343 2565 1411 piam
2596 1346 2666 1399 illi
2692 1351 2894 1416 operati
2926 1349 3187 1418 fuissent;
3225 1354 3338 1410 hzec
3366 1373 3493 1412 vero
3519 1362 3735 1416 omnibu;

2428 1435 2568 1490 tibus
2591 1478 2604 1501 ,
2659 1437 2748 1492 illo
2775 1443 2862 1509 qui
2893 1432 3110 1499 sanatus
3143 1444 3317 1500 fuerat
3349 1464 3512 1518 prope
3540 1452 3736 1508 adstant

2424 1524 2730 1593 dubitante,
2779 1539 2837 1582 ut
2880 1540 3033 1597 tunc,
3083 1549 3202 1589 emn
3246 1536 3458 1605 quidam
3500 1540 3736 1598 dicebant

2424 1612 2559 1682 pleni
2582 1626 2695 1670 sunt
2746 1617 2896 1688 (Act.
2934 1621 2989 1675 2.
3024 1620 3087 1678 t5
3114 1626 3152 1694 ).
3197 1625 3261 1679 Et
3305 1636 3427 1682 tunc
3468 1628 3556 1684 ille
3595 1647 3709 1685 cum

2424 1706 2669 1762 omnibus
2708 1707 3062 1778 loquebatur,
3113 1728 3253 1769 nunc
3289 1732 3409 1771 cmn
3458 1721 3570 1773 solo
3610 1721 3736 1777 Joan

2422 1796 2563 1849 enim
2594 1797 2681 1852 ille
2709 1808 2763 1852 et
2791 1802 3142 1858 confidentius
3173 1806 3407 1875 loquitur
3430 1818 3483 1863 et
3527 1812 3736 1868 veheme

2502 1887 2669 1945 Virtus
2686 1910 2879 1961 semper
2895 1899 3094 1966 pro/icit
3114 1941 3129 1965 ,
3162 1918 3433 1972 numquam
3469 1909 3679 1976 gradum
3700 1911 3736 1962 si

2421 1992 2533 2035 cata
2562 1996 2676 2038 sunt
2714 1988 3137 2055 epirum—Talis
3170 1994 3364 2064 quippe
3395 2013 3480 2051 res
3506 2010 3585 2053 cst
3614 2002 3736 2056 virtt

2420 2082 2635 2142 sumpto
2666 2078 3022 2146 progreditur,
3053 2090 3104 2135 et
3134 2098 3417 2155 numquam
3444 2090 3658 2157 gradttm
3684 2095 3736 2146 si:

2419 2172 2593 2217 autem
2651 2168 2920 2235 quomodo
2963 2173 3229 2238 provisum
3275 2176 3365 2243 sit,
3400 2188 3454 2233 ut
3485 2180 3538 2234 in
3570 2186 3736 2253 temph

2420 2253 2590 2322 fieret,
2621 2267 2744 2311 utet
2762 2260 2851 2313 alii
2881 2263 3228 2322 confiderent.
3254 2268 3436 2338 Neque
3458 2274 3596 2327 enim
3618 2275 3666 2329 in
3694 2293 3736 2330 at

2418 2345 2553 2398 clam
2579 2347 2705 2402 illud
2736 2362 3061 2420 Operantur;
3103 2367 3156 2411 at
3207 2375 3382 2429 neque
3423 2363 3559 2418 intra
3590 2371 3736 2439 temp

2418 2450 2609 2505 magna
2645 2449 2759 2494 erat
2787 2445 3090 2500 multitudo.
3130 2448 3405 2514 Quomodo
3446 2466 3644 2523 autem,
3680 2460 3729 2512 in

2416 2529 2673 2585 creditum
2696 2532 2829 2587 fuit?
2856 2534 2986 2602 Quia
3020 2539 3063 2592 is
3085 2540 3215 2607 ipse,
3244 2543 3332 2611 qui
3355 2558 3575 2601 sanatus
3609 2549 3735 2604 fuer:

2417 2617 2591 2672 ficium
2627 2623 2963 2689 praedicabat.
2995 2627 3175 2699 Neque
3204 2634 3343 2686 enim
3383 2639 3634 2691 mentitus
3660 2640 3729 2693 fui

2421 2723 2526 2777 que
2553 2711 2619 2763 ad
2647 2714 2779 2768 alios
2827 2716 3080 2785 quosdam
3109 2722 3357 2777 venisset.
3390 2724 3550 2795 Igitur
3576 2731 3658 2783 ubi
3687 2732 3731 2785 la

2416 2796 2545 2851 tium
2568 2811 2705 2867 erat,
2736 2803 2803 2856 ibi
2823 2805 3027 2874 signum
3054 2813 3255 2877 operati
3282 2824 3402 2867 sunt
3425 2832 3438 2879 ;
3466 2819 3615 2885 quasi
3647 2824 3736 2875 foci

2415 2900 2500 2945 tus
2542 2904 2703 2946 esset.
2749 2893 2817 2947 Et
2861 2896 2979 2951 vide
3020 2899 3141 2967 quid
3175 2902 3366 2957 laetum
3427 2907 3512 2960 sit.
3560 2910 3640 2964 Ad
3680 2914 3726 2965 ul

2416 2983 2732 3049 ascendunt,
2774 2995 2828 3039 et
2874 2987 3015 3042 aliud
3060 3004 3362 3059 operantur.
3393 2996 3482 3052 Sic
3512 3011 3566 3053 et
3589 3002 3736 3057 Corn.

2408 3072 2657 3141 jejunans
2685 3076 3019 3144 precabatur,
3070 3088 3123 3133 et
3164 3082 3267 3135 alia
3317 3085 3475 3139 videt.
3509 3088 3735 3146 llaetenr

2411 3160 2681 3218 Christum
2707 3165 3036 3222 Nazarennm
3064 3173 3346 3240 appellant.
3371 3174 3434 3229 In
3459 3182 3659 3234 nomine
3687 3183 3736 3235 Jt

2408 3252 2474 3306 sti
2513 3252 2796 3323 Nazareni,
2829 3256 3014 3327 inquit,
3046 3278 3195 3332 surge
3232 3275 3277 3316 et
3331 3267 3549 3322 ambula.
3593 3270 3733 3327 Inter

2408 3340 2538 3397 illud
2565 3348 2917 3413 qtnerebatur,
2952 3359 3005 3402 ut
3031 3351 3127 3418 ipsi
3157 3356 3482 3410 crederetur.
3517 3360 3620 3413 Sed
3651 3378 3736 3426 ne,

2409 3436 2557 3491 initio
2578 3438 2833 3494 orationis
2856 3441 3156 3497 fatiscatnns
3176 3463 3189 3510 ;
3210 3448 3299 3500 sed
3321 3451 3523 3503 etiamsi
3549 3455 3666 3521 quis
3690 3472 3736 3523 ιιι

2409 3516 2579 3584 ratum
2623 3531 2825 3587 facinus
2871 3535 3098 3600 desinat,
3152 3538 3356 3593 initiunt
3407 3554 3727 3612 repetamus.

2407 3618 2580 3675 affecti
2610 3620 2796 3687 simus,
2826 3626 2929 3678 cito
2951 3626 3014 3679 ad
3048 3626 3203 3681 finem
3230 3632 3618 3698 perveniemus,
3653 3638 3736 3690 Cllt

2408 3713 2744 3781 attingemus.
2774 3716 3013 3769 Studium
3047 3704 3208 3779 enim.
3246 3722 3430 3790 inquit,
3464 3726 3697 3781 studium

2408 3803 2612 3872 ignavia
2637 3806 2920 3875 ignaviam.
2941 3810 3037 3875 Qui
3066 3813 3327 3866 modicum
3352 3817 3619 3886 quidpiam
3646 3836 3736 3875 rec

2407 3894 2500 3950 vit.
2542 3894 2710 3963 majus
2743 3898 3011 3965 qttidpiatn
3057 3901 3280 3955 fidenter
3316 3908 3645 3977 aggreditur,
3682 3924 3733 3965 et

2409 3985 2590 4038 tendit.
2642 3986 2717 4038 Ac
2755 3988 3196 4054 quemadmodum
3240 3994 3374 4062 ignis
3416 4008 3618 4065 quanto
3663 4002 3732 4070 ph

2407 4076 2646 4144 corripit,
2699 4085 2847 4129 tanto
2885 4079 3249 4135 vehementior
3297 4086 3527 4141 efficitur
3561 4095 3683 4144 :sic
3732 4118 3736 4139 α

2406 4163 2583 4219 fervor
2612 4177 2810 4235 qu:tnto
2845 4168 3018 4237 plures
3046 4172 3241 4226 exititat
3281 4177 3394 4243 pias
3438 4182 3735 4247 cogitatiou

2408 4256 2594 4311 fortius
2620 4267 2853 4312 armatur
2880 4260 3135 4315 adversus
3163 4265 3288 4318 alia.
3334 4266 3578 4338 Exempli
3610 4287 3736 4327 caus

2406 4350 2457 4403 iu
2484 4350 2633 4405 nobis
2654 4366 2751 4404 ceu
2774 4353 2937 4420 spina:
2956 4351 3269 4423 pcrjnriunt,
3295 4359 3631 4415 mendacium
3656 4404 3671 4427 ,
3701 4366 3736 4418 si

2404 4441 2575 4506 dolus,
2623 4444 2875 4510 nequitia,
2905 4447 3219 4510 convicium,
3273 4461 3591 4516 sconttnata,
3627 4456 3736 4507 risu

2405 4532 2604 4599 loquia,
2633 4534 2982 4588 scurrilitates
3015 4554 3027 4586 :
3061 4549 3239 4591 rursus
3260 4556 3325 4593 ex
3349 4541 3515 4596 altera
3537 4556 3710 4612 parte,

2405 4622 2609 4692 rapina,
2658 4623 2931 4693 injustitia,
2979 4627 3343 4696 sycophantia,
3387 4632 3636 4699 insidiae;
3692 4638 3736 4690 it.

2404 4717 2828 4786 concupiscentia
2854 4722 3009 4784 mala,
3040 4722 3389 4788 intnnunlitia,
3414 4727 3658 4795 lascivia,
3691 4730 3736 4783 fu

2404 4808 2748 4874 adulterium;
2773 4825 2835 4863 ac
2860 4827 3093 4878 rursum,
3121 4813 3336 4880 invidia,
3363 4820 3651 4889 zelotypia,
3687 4824 3735 4874 ir.

2402 4899 2713 4968 injuriarunt
2747 4901 3069 4967 recordatio,
3097 4904 3348 4971 vindicta,
3376 4909 3735 4978 blasphemia,

2404 5005 2548 5043 mera
2579 4991 2700 5043 talia
2734 4991 2814 5045 :si
2842 4993 3015 5060 priora
3048 5002 3190 5048 recte
3221 4998 3507 5067 egerimus,
3542 5016 3651 5055 non
3682 5002 3736 5054 ill

2403 5079 2497 5133 sed
2523 5080 2680 5133 etiam
2704 5084 2996 5148 pOSteriora
3023 5096 3392 5152 exsequemur.
3441 5085 3661 5143 Fortior
3688 5108 3736 5145 ει

2401 5167 2480 5222 dit
2503 5170 2713 5222 animus
2728 5171 2791 5223 ad
2815 5182 3006 5225 c:etera
3034 5176 3337 5233 evertenda.
3364 5177 3522 5231 Verbi
3553 5183 3726 5249 gratia

2404 5267 2513 5311 tum
2539 5260 2757 5329 juravit,
2790 5264 2831 5314 si
2859 5262 3000 5317 hunc
3028 5268 3319 5320 satanicutn
3354 5285 3558 5324 morem
3589 5273 3660 5327 de
3696 5293 3728 5328 ιι

2403 5349 2491 5412 lat,
2526 5366 2629 5403 non
2662 5351 2763 5403 hoc
2790 5353 2959 5405 solum
3008 5366 3151 5409 recte
3177 5361 3399 5426 peregit.
3446 5363 3543 5415 sed
3571 5373 3627 5417 et
3669 5369 3736 5418 ali

2402 5441 2610 5497 inducta
2643 5441 2765 5495 erit.
2797 5442 2983 5498 Nullus
3024 5447 3163 5501 enitn
3202 5464 3305 5502 neu
3332 5450 3631 5519 jurantinm
3668 5457 3736 5509 fat

2397 5532 2540 5583 aliud
2571 5536 2766 5587 malum
2814 5536 3058 5604 operari;
3093 5539 3187 5592 sed
3220 5556 3377 5609 quam
3406 5558 3736 5614 assequutus

2403 5634 2566 5679 tutem
2592 5625 2940 5681 reverebitur.
2964 5628 3420 5694 Quemadmodum
3462 5637 3609 5692 enim
3645 5641 3735 5708 qui
