4040 6212
574 275 638 326 7S
1264 274 1318 326 S.
1362 268 1649 324 JUANNIS
1686 268 2182 325 CIIRYSOSTOMI
2225 270 2549 327 ARCIITEP.
2593 272 3135 328 (IONSTABTIHH'.
3740 278 3799 334 Ἠ

573 392 716 446 λίσαι
756 393 975 443 ἑαυτόν·
1018 388 1162 441 οῦτω
1200 388 1261 459 δὴ
1302 389 1392 441 καὶ
1439 384 1610 449 οὗτος.
1668 389 1798 441 Ἀπὸ
1852 390 1906 441 δὲ
1950 388 2141 441 τούτου

573 479 693 547 ἥξει
724 480 801 539 εἰς
834 474 894 527 τὸ
913 474 988 545 ph
1013 474 1346 545 ὀργίζεσθαι,
1380 473 1515 544 μηδὲ
1549 472 1794 539 τύπτειν,
1825 474 1958 545 μηδὲ
1987 474 2141 544 ὑϐρί-

576 565 708 623 ζειν.
744 562 840 611 Ἂν
886 558 993 628 γάρ
1037 557 1183 623 ἅπαξ
1218 556 1287 609 τά
1319 556 1488 627 μικρά
1528 557 1866 629 κατορθώσῃ,
1918 558 1979 611 τὸ
2034 560 2141 611 πᾶν

575 649 824 717 ῆνυσται.
892 643 1183 711 Συμϐαίνει
1238 642 1294 694 δὲ
1346 642 1605 705 πολλάκις
1644 642 1738 695 καὶ
1790 643 1849 694 τὸ
1883 644 2144 705 ἐναντίον,

576 731 723 794 ἅπαξ
754 726 1201 799 κατορθώσαντάς
1237 734 1262 762 ⁸
1306 743 1357 777 τι
1386 725 1544 777 πάλιν
1585 726 1692 778 ἀπὸ
1735 726 2003 797 ῥᾳθυμίας
2036 729 2147 789 τοῖς

577 815 759 876 αὐτοῖς
801 812 1132 880 περιπεσεῖν,
1180 810 1255 871 ώς
1300 811 1361 861 ἐκ
1399 808 1586 861 τούτου
1619 810 1709 862 καὶ
1756 812 1834 872 είς
1888 810 2146 863 ἀδύνατον

578 895 898 966 περιστῆναι
932 893 1115 945 λοιπὸν
1155 893 1216 945 τὸ
1260 894 1508 963 πρᾶγμα.
1542 887 1688 955 Οἷον,
1717 893 1989 962 ἐθήκαμεν
2023 896 2148 946 ἐαυ-

576 984 689 1043 τοῖς
728 980 886 1050 νόμον
937 979 1009 1048 μὴ
1030 976 1277 1047 ὀμνύναι,
1306 975 1741 1045 κατωρθώσαμεν
1766 978 1975 1047 ἡμέρας
2002 979 2148 1047 τρεῖς

577 1066 610 1135 ἦ
658 1065 751 1117 καὶ¹
794 1064 1063 1131 τέσσαρας
1088 1078 1099 1089 ·
1140 1064 1255 1130 μετ’
1297 1061 1506 1123 ἐκείνας
1534 1062 1612 1125 εἰς
1644 1062 1889 1131 ἀνάγκην
1921 1080 2148 1131 περιπεο

578 1148 779 1209 σόντες,
816 1145 873 1197 τὸ
899 1144 1185 1213 συλλεχθέν
1214 1144 1400 1215 κέρδος
1440 1145 1581 1196 ἅπαν
1603 1145 2005 1215 ἐσκορπίσαμεν
2031 1163 2044 1175 ’
2070 1148 2149 1206 εἰς

578 1230 852 1301 ρᾳθυμίαν
908 1229 1092 1282 λοιπὸν
1132 1230 1476 1298 ἐμπίπτομεν
1539 1229 1631 1281 καὶ
1686 1231 2014 1295 ἀπόγνωσιν,
2075 1230 2151 1289 ώς

580 1315 714 1386 μηδὲ
756 1315 864 1367 τῶν
916 1314 1093 1366 αὐτῶν
1144 1314 1383 1382 ἀψασθαι
1432 1311 1754 1382 βουληθῆναι
1812 1313 2001 1365 πάλιν⁵
2056 1313 2150 1365 καὶ

576 1400 818 1462 εἰκότως.
865 1400 920 1451 ’0
969 1397 1075 1467 γάρ
1122 1414 1172 1449 τι
1226 1397 1581 1464 οἰκοδομήσας
1630 1396 1824 1465 ἐαυτῷ,
1875 1392 1992 1449 εἶτα
2029 1395 2149 1448 ίδὼν

576 1483 955 1555 καθῃρημένον
980 1484 1039 1533 τὸ
1064 1482 1414 1551 οἰκοδόμημα.
1448 1482 1814 1552 ρᾳθυμότερος
1850 1481 1996 1534 ἔσται
2022 1483 2150 1552 περὶ

574 1568 636 1618 τὸ
660 1566 821 1619 πάλιν
848 1566 1165 1632 οἰκοδομεῖν.
1196 1565 1335 1616 Ἀλλ’
1354 1565 1413 1616 οὑ
1440 1566 1518 1616 δεῖ
1533 1564 1794 1635 ῥᾳθυμεῖν
1810 1565 1929 1618 οὐδὲ
1945 1566 2115 1628 οὕτως
2133 1584 2145 1597 ’

577 1651 712 1704 ἀλλά
739 1651 897 1703 πάλιν
921 1649 1136 1719 ἔχεσθαι
1165 1650 1263 1718 τῆς
1298 1649 1548 1717 σπουδῆς.

651 1734 714 1803 γ’.
736 1734 927 1803 Θῶμεν
944 1734 1118 1786 τοίνυν
1142 1736 1235 1785 ἐαυ
1247 1736 1352 1796 τοῖς
1369 1733 1560 1801 νόμους
1580 1733 1718 1803 καθη
1727 1752 1791 1801 με
1802 1734 2148 1805 ρινούς·τέως

579 1819 686 1871 ἀπὺ
728 1818 835 1869 τῶν
889 1818 1124 1871 εὑκόλων
1168 1818 1491 1887 ἀρξώμεθαο
1564 1821 1944 1890 περικόψωμεν
1993 1820 2149 1890 ήμῶν

574 1902 676 1973 τὴν
700 1902 1026 1973 πολυορκίαν
1052 1902 1144 1953 τοῦ
1176 1903 1461 1970 στόματος,
1502 1902 1714 1971 χαλινὸν
1764 1903 2036 1973 ἐπιθῶμεν
2081 1907 2147 1975 τῇ

577 1985 813 2056 γλώττῃ,
843 1986 1028 2053 μηδεὶς
1062 1984 1276 2053 ὀμνύτω
1306 1984 1395 2037 τὸν
1426 1985 1577 2037 θεόν.
1608 1988 1719 2037 Οὐκ
1742 1986 1886 2039 ἐστιν
1919 1987 2151 2040 ἐνταῦθα

578 2070 813 2139 δαπάνη,
833 2070 1088 2121 οὐκέστιν
1105 2067 1335 2119 ἐνταῦθα
1356 2069 1616 2138 κάματος,
1634 2070 1733 2122 οὑκ
1755 2070 1897 2123 ἔστιν
1920 2070 2150 2123 ἐνταῦθα

580 2156 771 2226 χρόνου
813 2154 1008 2224 μελέτη
1042 2171 1053 2182 ’
1088 2154 1247 2223 ἀρκεῖ
1284 2152 1523 2222 θελῆσαι,
1562 2153 1651 2206 καὶ
1682 2153 1741 2205 τὸ
1771 2156 1879 2206 πᾶν
1921 2155 2110 2223 γέγονε
2134 2173 2147 2187 ·

583 2239 867 2309 συνηθείας
896 2239 1001 2307 γάρ
1029 2237 1089 2289 τὸ
1127 2237 1357 2305 πρᾶγμά
1384 2239 1517 2291 ἐστι.
1544 2238 1650 2289 Ναὶ
1678 2238 1977 2306 παρακαλῶ
2005 2240 2031 2278 b
2059 2242 2153 2293 καὶ

579 2323 789 2391 δέομαι,
846 2321 1081 2391 σπουδὴν
1138 2321 1392 2390 τοιαύτην
1435 2322 1847 2391 είσενέγκωμεν.
1913 2323 2046 2376 Εἰπὲ
2088 2324 2150 2395 δή

584 2424 695 2475 μοι,
730 2408 777 2457 εί
812 2408 1066 2475 χρήματα
1104 2405 1361 2456 ἐκέλευσα
1393 2407 1739 2471 είσενεγκεῖν,
1773 2407 1871 2459 οῦκ
1913 2407 1979 2459 ἂν
2019 2426 2153 2478 προ-

583 2481 768 2558 θύμως
809 2486 920 2558 [67]
958 2488 1184 2549 ἕκαστος
1228 2487 1296 2540 τὰ
1322 2489 1461 2558 κατά
1502 2487 1727 2557 δύναμιν
1760 2490 2150 2553 συνεϐάλεσθε;

582 2573 635 2625 εῖ
657 2557 729 2643 με
763 2557 823 2625 ἐν
851 2570 1110 2633 κινδύνοις
1130 2571 1336 2639 ἑωρᾶτε
1369 2557 1478 2633 τοῖς
1510 2572 1773 2640 ἐσχάτοις,
1819 2573 1917 2625 οὐκ
1963 2574 2028 2626 ἂν
2060 2573 2155 2626 καὶ

581 2655 690 2708 ἀπὸ
717 2655 813 2723 τῆς
850 2654 1067 2724 σαρκὸς,
1095 2652 1147 2705 εῖ
1177 2670 1238 2721 γε
1266 2648 1376 2707 οἷόν
1399 2671 1457 2706 τε
1494 2649 1583 2725 ἦν,
1616 2655 1985 2725 ἀποτεμόντες
2010 2656 2155 2709 ἔδοτε

582 2742 647 2794 ἄν
674 2758 687 2804 ;
735 2740 823 2792 Ἐν
846 2737 1077 2808 κινδύνῳ
1106 2738 1199 2790 καὶ
1228 2737 1321 2789 νῦν
1348 2739 1462 2807 είμι
1489 2738 1583 2790 καὶ
1615 2738 1814 2809 πολλῷ,
1852 2740 1945 2792 καὶ
1981 2739 2055 2802 ὡς
2090 2738 2156 2792 ἂν

583 2826 632 2877 εἰ
662 2825 755 2876 καὶ
789 2822 928 2893 μετά
952 2822 1140 2875 τούτου
1165 2824 1255 2875 καὶ
1281 2823 1647 2893 δεσμωτήριον
1678 2821 1872 2893 ᾦκουν,
1899 2824 1930 2895 ἢ
1958 2826 2156 2894 μυρίας

584 2909 776 2963 ἐλαϐον
822 2906 1057 2978 πληγὰς,
1098 2907 1131 2977 ἢ
1183 2908 1261 2968 είς
1302 2906 1539 2975 μέταλλα
1587 2907 1899 2977 ἐτύγχανον,
1948 2909 2046 2961 οὑκ
2089 2908 2156 2962 ἂν

583 2992 772 3047 τούτου
807 2991 967 3045 πλέον
995 2990 1225 3061 ἤλγησα.
1260 2992 1428 3060 Χεῖρα
1464 2991 1640 3044 τοίνυν
1660 2992 1903 3060 όρέξατε.
1946 2993 2158 3063 Ἐννοή-

586 3095 714 3132 σατε
747 3077 875 3147 γάρ,
908 3077 1027 3138 ὅσος
1060 3076 1319 3137 κίνδυνος,
1358 3074 1491 3144 μηδὲ
1535 3075 1595 3127 τὸ
1641 3077 1961 3145 μικρότατον
2003 3076 2160 3130 τοῦτο

586 3168 602 3231 (
623 3162 945 3232 μικρότατον
973 3159 1029 3211 δὲ
1056 3159 1218 3227 λέγω,
1244 3160 1365 3210 ὅσον
1392 3160 1470 3220 είς
1497 3159 1657 3211 πόνον
1681 3160 1841 3229 ῆκει)
1870 3161 2159 3231 δυνηθῆναι

586 3245 947 3317 κατορθῶσαι.
980 3245 1042 3295 Τί
1085 3244 1195 3315 ἐρῶ
1240 3245 1359 3296 τότε
1408 3244 1841 3315 ἐγκαλούμενος;
1891 3245 2032 3299 διατί
2084 3246 2159 3316 ph

586 3328 937 3399 διηλέγχθης;
968 3326 1108 3379 διατί
1136 3326 1209 3397 μὴ
1242 3326 1542 3392 ἐπέταξαςς
1581 3327 1721 3381 διατί
1753 3328 1826 3399 μὴ
1849 3328 2009 3398 νόμον
2039 3329 2161 3399 ἔθη-

586 3429 724 3477 κας;
776 3412 916 3464 διατί
972 3411 1099 3472 τοὺς
1137 3410 1211 3480 ph
1274 3410 1629 3480 πειθομένους
1700 3412 1798 3465 οὑκ
1847 3412 2156 3477 έκώλυσας;

588 3498 700 3551 υῦκ
739 3497 899 3567 ἀρκεῖ
933 3512 1023 3564 μοι
1068 3496 1261 3556 εἰπεῖν,
1303 3494 1383 3547 ὅτι
1440 3494 1784 3564 ἐνουθέτησα.
1853 3496 2011 3549 Ἀλλά
2067 3496 2161 3548 καὶ

588 3580 973 3650 σφοδροτέρας,
1004 3580 1188 3649 φησὶν,
1218 3580 1587 3648 ἐπιτιμήσεως
1630 3579 1735 3631 ἔδει
1762 3596 1774 3608 ·
1829 3580 1949 3632 ἐπεὶ
1995 3580 2087 3633 καὶ
2133 3581 2161 3632 6

602 3664 748 3718 Ἠλεὶ
798 3664 1084 3717 ἐνουθέτει.
1162 3662 1320 3715 Ἀλλά
1372 3662 1446 3732 μὴ
1496 3664 1702 3730 γένοιτο
1742 3663 1885 3732 ὑμᾶς
1936 3662 2162 3726 ἐκείνοις

589 3747 925 3820 παραϐαλεῖν
980 3748 1089 3809 τοῖς
1158 3744 1330 3800 παισί.
1399 3747 1660 3809 Κάκεῖνος
1717 3747 2001 3809 ἐνουθέτει,
2069 3748 2163 3799 καὶ

589 3834 782 3903 έλεγε’
822 3833 919 3900 Μὴ
964 3834 1166 3889 τέκνα.
1210 3831 1298 3901 μὴ
1350 3831 1569 3883 ποιεῖτε
1609 3831 1790 3884 οὕτω·
1837 3831 2070 3899 πονηρὰ
2124 3832 2161 3899 ἠ

589 3918 765 3985 ἀκοὴ,
802 3915 881 3984 ἣν
898 3914 1011 3985 ἐγὼ
1037 3915 1234 3969 ἀκούω
1264 3915 1395 3983 περὶ
1431 3913 1618 3983 ὑμῶν.
1661 3914 1817 3969 Ἀλλὰ
1848 3914 2108 3987 προϊοῦσα
2130 3915 2164 3985 η

590 4003 779 4073 Γραφή
828 4017 1010 4070 φησιν,
1046 4000 1125 4053 ὅτι
1168 4000 1267 4052 οὑκ
1312 3999 1577 4052 ἐνουθέτει
1616 4000 1739 4063 τοὺς
1786 4001 1934 4063 υἱοὺς
1974 3999 2161 4053 αὑτοῦ.

592 4084 762 4139 Τοῦτο
784 4085 840 4138 δὲ
866 4084 1035 4153 λέγει,
1065 4084 1251 4154 ἐπειδὴ
1279 4084 1337 4135 οὑ
1364 4083 1628 4153 σφοδρῶς,
1658 4083 1778 4135 οὑδέ
1804 4084 1918 4152 μετ’
1942 4081 2166 4151 ἐπιπλή-

594 4170 728 4235 ξεως
756 4170 912 4224 τοῦτο
945 4168 1135 4223 ἐποίει.
1172 4170 1295 4231 Πῶς
1323 4169 1430 4239 γὰρ
1458 4170 1557 4221 οὐκ
1582 4169 1797 4230 ἄτοπον,
1830 4168 1888 4217 ἐν
1926 4168 2024 4235 μὲν
2047 4170 2165 4230 ταῖς

595 4258 934 4322 συναγωγαῖς
958 4253 1064 4304 τῶν
1101 4252 1369 4304 Ἰουδαίων
1391 4250 1563 4312 οὕτως
1598 4251 1849 4319 ίσχυροὺς
1875 4245 2012 4302 εἶναι
2042 4254 2165 4313 τοὺς

595 4338 814 4405 νόμους,
871 4336 975 4387 κᾶν
1012 4337 1040 4386 6
1076 4334 1342 4385 διδάσκων
1397 4330 1625 4401 ἐπιτάξῃ
1668 4333 1845 4384 πάντα
1885 4331 2160 4398 γίνεσθαι’

596 4418 827 4472 ἐνταῦθα
856 4418 913 4469 δέ
941 4416 1113 4477 οῦτως
1132 4416 1282 4484 ἡμᾶς
1311 4413 1822 4483 καταπεφρονῆσθαι
1864 4415 1956 4467 καὶ
1998 4416 2167 4485 ἀπερ-

599 4502 820 4573 ρῖφθαις
858 4501 932 4553 Οὐ
963 4501 1061 4568 τῆς
1092 4498 1328 4568 ἐμαυτοῦ
1355 4496 1511 4569 δόξης
1548 4516 1637 4569 μοι
1670 4499 1821 4568 μέλει
1870 4498 2031 4571 (δόξα
2060 4501 2166 4570 γὰρ

596 4587 726 4655 ἐμὴ,
766 4586 799 4655 ἡ
848 4584 1088 4653 ὑμετέρα
1131 4580 1539 4653 εὑδοκίμησις),
1580 4582 1712 4637 ἀλλά
1758 4587 1855 4655 τῆς
1899 4584 2169 4654 ὑμετέρας

600 4667 891 4737 σωτηρίας.
926 4666 1060 4718 Καθ’
1088 4665 1326 4734 ἑκάστην
1353 4666 1568 4734 ἡμέραν
1595 4665 1825 4737 βοῶμεν,
1871 4667 2169 4738 ἐνηχοῦμεν

600 4752 753 4823 ὑμῶν
785 4754 904 4814 ταῖς
949 4751 1174 4812 ἀκοαῖςο
1223 4749 1251 4801 ὁ
1296 4748 1351 4802 δὲ
1382 4747 1593 4801 ἀκούων
1620 4750 1822 4814 οὐδείς·
1874 4753 1968 4804 καὶ
2021 4751 2171 4805 οὐδὲν

602 4837 827 4909 σφοδρὸν
860 4832 1300 4903 ἐπιδεικνύμεθα.
1347 4832 1643 4903 Φοϐοῦμαι,
1690 4834 1764 4905 μὴ
1809 4839 1906 4907 τῆς
1943 4836 2171 4907 ἀκαίρου

599 4922 802 4991 ταύτης
854 4920 946 4973 καὶ
987 4918 1181 4989 πολλῆς
1237 4918 1643 4990 φιλανθρωπίας
1685 4918 1841 4987 λόγον
1894 4919 2035 4973 κατά
2077 4919 2174 4991 τὴν

605 5008 900 5079 μέλλουσαν
960 5004 1173 5074 ἡμέραν
1237 5004 1581 5073 ὑπόσχωμεν.
1660 5002 1751 5055 Διὸ
1812 5003 2018 5074 μεγάλῃ
2082 5006 2175 5056 καὶ

602 5092 832 5163 λαμπρᾷ
858 5092 925 5161 τῇ
956 5091 1107 5159 φωνῇ
1131 5087 1385 5158 κηρύττω
1412 5089 1568 5151 πᾶσι,
1596 5089 1691 5141 καὶ
1713 5087 2173 5158 διαμαρτύρομαι,

604 5177 745 5230 ὥστε
779 5177 901 5238 τοὺς
936 5175 1035 5243 τὴν
1084 5172 1396 5242 παράϐασιν
1438 5170 1637 5241 ταύτην
1685 5171 2173 5241 ἐπιδεικνυμένους,

604 5261 731 5323 τοὺς
771 5260 839 5313 τὰ
879 5263 942 5312 ἐκ
978 5260 1072 5312 τοῦ
1121 5257 1358 5329 πονηροῦ
1393 5255 1794 5325 φθεγγομένους
1838 5254 2033 5325 (τοῦτο
2069 5256 2178 5325 γάρ

608 5347 753 5397 ἐστιν
790 5345 818 5395 6
840 5343 999 5412 ὅρκος
1022 5343 1039 5408 )
1060 5382 1074 5404 ,
1104 5342 1213 5393 τῶν
1234 5340 1402 5393 οὑδῶν
1425 5340 1498 5409 μὴ
1520 5338 1819 5391 ἐπιϐαίνειν
1850 5338 1958 5390 τῶν
1990 5339 2179 5408 ἐκκλη-

612 5425 924 5480 σιαστικῶν.
957 5424 1270 5495 Προθεσμία
1293 5423 1350 5475 δὲ
1392 5422 1517 5493 ὑμῖν
1542 5425 1681 5476 ἔστω
1711 5426 1739 5476 6
1770 5424 1875 5493 phv
1903 5424 1931 5474 6
1970 5422 2177 5493 παρὼν,

610 5512 751 5565 ὥστε
794 5508 1158 5578 κατορθῶσαι.
1190 5507 1281 5576 Mh
1310 5508 1419 5577 γάρ
1446 5523 1533 5576 μοι
1560 5508 1738 5578 εἴπῃς,
1780 5508 1860 5559 ὅτι
1901 5508 1986 5561 Με
2012 5509 2043 5577 ἡ
2074 5506 2179 5559 τῶν

613 5596 955 5667 πραγμάτων
1009 5594 1220 5661 ἀνάγκη
1270 5592 1607 5659 κατεπείγει,
1679 5593 1760 5644 ὅτι
1827 5592 2178 5661 ἀπιστοῦμαι.

613 5680 764 5743 Τέως
799 5681 922 5743 τοὺς
962 5677 1069 5732 ἀπὸ
1110 5677 1209 5746 τῆς
1256 5674 1541 5745 συνηθείας
1571 5675 1889 5745 περίκοπτε.
1922 5670 2071 5737 Οἶδα,
2100 5676 2180 5727 ὅτι

680 5812 707 5841 ⁸
733 5809 870 5859 Unus
902 5808 1010 5857 cod.
1032 5807 1258 5861 πολλάκις
1281 5807 1361 5853 καὶ
1396 5802 1625 5853 τοιοῦτον.
1652 5803 1750 5850 οἷον
1778 5804 1901 5857 ἅπαξ
1940 5804 2182 5861 καταρθὼ-

620 5889 807 5923 canae.
872 5871 900 5911 h
928 5872 1060 5923 Unus
1101 5872 1253 5920 codex
1292 5868 1411 5917 ἐστι.
1447 5867 1530 5915 Διὸ
1551 5866 1829 5927 παρακαλῶ.
1868 5864 2018 5916 Savil.
2063 5864 2180 5915 ἐστι.

623 5935 922 5996 Παρακαλῶ,

2250 389 2431 443 πολλοὶ
2465 392 2779 459 γελάσονται
2808 395 2972 463 ἡμᾶς,
3003 394 3136 446 ἀλλὰ
3160 393 3361 463 βέλτιον
3388 394 3531 463 ἡμᾶς
3559 392 3802 461 γελᾶσθαι

2247 470 2419 543 νῦν,ἢ
2454 474 2733 529 κλαίεσθαι
2760 488 2781 514 ε
2820 477 2968 528 τότε·
3022 476 3339 545 γελάσονται
3376 476 3432 528 δὲ
3460 478 3574 528 ὅσοι
3606 478 3800 546 μαίνον.

2248 573 2359 610 ται.
2410 558 2505 622 Τίς
2551 560 2679 629 γὰρ,
2736 562 2855 613 εἰπέ
2911 579 3020 629 μοι,
3072 559 3195 613 νοῦν
3229 560 3364 630 ἔχων
3415 561 3807 633 φυλαττομένης

2250 642 2472 711 ἐντολῆς
2495 644 2781 708 γελάσεται
2808 662 2820 707 ;
2867 646 2928 698 LE
2970 646 3026 697 δέ
3068 645 3175 715 ἄρα
3203 645 3540 713 γελάσονται,
3573 644 3684 697 ἀλλ’
3719 648 3809 716 οὲχ

2250 725 2417 793 ἡμᾶς.
2477 726 2611 779 ἀλλά
2658 728 2750 780 τὸν
2802 728 3035 797 Χριστὸν
3087 730 3135 780 οί
3197 728 3425 780 τοιοῦτοι
3482 727 3807 795 γελάσονται.

2260 807 2541 879 Ἐφρίξατε
2565 809 2626 861 τὸ
2652 811 2769 880 είρη
2781 810 2937 879 μένον
2965 828 2978 872 ;
3008 807 3135 862 Οἶδα
3175 811 3349 878 κάγώ.
3386 812 3445 863 Εἰ
3472 814 3571 880 μὲν
3600 808 3687 864 οὖν
3711 815 3813 881 ἐγὼ

2247 891 2339 941 τὸν
2368 890 2527 961 νόμον
2548 891 2735 945 τοῦτον
2759 895 3066 963 εἰσήγαγον,
3091 895 3221 963 ἐμὸς
3242 896 3305 947 ἂν
3334 896 3418 964 εἰη
3442 897 3533 947 καὶ
3562 896 3592 946 6
3621 896 3809 963 γέλως·

2250 974 2298 1025 εί
2346 974 2402 1026 δὲ
2450 976 2477 1027 6
2527 976 2822 1045 νομοθέτης
2867 977 3052 1047 ἕτερός
3106 978 3271 1039 ἐστιν,
3325 982 3442 1031 ἐκεῖ
3474 979 3734 1032 διαϐαίνει
3781 983 3811 1050 ὴ

2251 1056 2533 1124 χλευασία.
2567 1059 2671 1110 Καὶ
2703 1059 3004 1129 ἐνεπτύσθη
3040 1062 3167 1112 ποτὲ
3215 1063 3243 1113 6
3286 1062 3538 1131 Χριστὸς,
3597 1063 3686 1115 καὶ
3730 1066 3814 1116 ἐπὶ

2252 1140 2457 1209 κόρρης
2487 1140 2696 1210 ἐπλήγη
2741 1144 2832 1193 καὶ
2871 1143 3196 1213 ἐρόαπίσθη.
3262 1145 3535 1215 Ἀνέχεται
3592 1146 3679 1198 καὶ
3728 1146 3813 1198 νῦν

2251 1223 2444 1283 ταῦτα,
2476 1223 2570 1273 καὶ
2600 1223 2749 1275 οῦδὲν
2777 1226 3020 1285 ἀπεικός.
3053 1227 3149 1279 Διά
3176 1227 3330 1280 τοῦτο
3356 1228 3551 1297 γέεννα
3600 1230 3816 1299 ⁴ἡτοίμα-

2254 1324 2393 1365 σται,
2425 1306 2513 1359 διὰ
2539 1307 2693 1359 τοῦτο
2725 1308 2935 1379 σκώληξ
2966 1309 3331 1381 ἀτελεύτητος.

2337 1389 2465 1442 Ἰδοὺ
2510 1390 2669 1442 πάλιν
2705 1390 2844 1458 λέγω
2878 1395 2971 1444 καὶ
3009 1394 3442 1466 διαμαρτύρομαι
3468 1412 3481 1426 °
3536 1397 3596 1449 '0
3642 1396 3815 1466 βουλό-

2255 1491 2412 1551 μενος
2436 1474 2663 1540 γελάτω,
2719 1476 2745 1527 6
2796 1475 3114 1545 βουλόμενος
3155 1478 3486 1547 χλευαζέτωο
3536 1481 3619 1542 εἰς
3666 1480 3817 1534 τοῦτο

2252 1556 2503 1623 κείμεθα,
2564 1559 2641 1619 εἰς
2700 1560 2760 1609 τὸ
2790 1560 3050 1626 γελᾶσθαι
3091 1562 3183 1613 καὶ
3230 1562 3604 1631 χλευάζεσθαι,
3646 1566 3723 1627 είς
3759 1566 3817 1617 τὸ

2251 1641 2428 1692 πάντα
2458 1640 2667 1695 παθεῖν.
2694 1643 3181 1712 Περικαθάρμητα
3210 1645 3313 1698 τοῦ
3357 1647 3583 1713 κόσμου
3612 1646 3814 1716 ἐσμὲν,

2251 1722 2390 1775 κατά
2419 1723 2507 1776 τὸν
2534 1724 2799 1794 μακάριον
2821 1724 3050 1780 Παῦλον.
3077 1728 3141 1779 Εἴ
3167 1744 3249 1789 τις
3272 1727 3346 1797 μὴ
3370 1727 3612 1797 βούλεται
3635 1748 3820 1801 κατορ-

2253 1804 2422 1858 θῶσαι
2456 1806 2613 1858 τοῦτο
2638 1807 2700 1859 τὺ
2728 1808 3027 1878 ἐπίταγμα,
3060 1809 3249 1880 ὥσπερ
3290 1811 3550 1879 σάλπιγγί
3584 1811 3696 1883 [68]
3718 1829 3820 1864 τινι

2251 1887 2337 1939 διὰ
2368 1888 2462 1940 τοῦ
2492 1888 2648 1955 λόγου
2685 1890 3012 1962 ἀπαγορεύω
3040 1892 3063 1929 ἀ
3094 1893 3200 1944 τῶν
3227 1893 3395 1944 οὑδῶν
3421 1894 3493 1963 ph
3525 1895 3825 1947 ἐπιϐαίνειν

2251 1971 2357 2024 τῶν
2398 1973 2866 2043 ἐκκλησιαστικῶν
2896 1975 2971 2046 τῷ
3008 1976 3251 2045 τοιούτῳ,
3289 1976 3391 2028 κᾶν
3423 1978 3601 2047 ἄρχων
3629 1975 3684 2050 ᾖ,
3717 1978 3823 2031 κᾶν

2252 2056 2412 2119 αὑτὸς
2449 2057 2476 2107 6
2506 2058 2566 2108 τὸ
2595 2057 2827 2127 διάδημα
2874 2061 3270 2129 περικείμενος.
3328 2061 3397 2112 ’Ἡ
3453 2058 3707 2113 καθέλετέ
3753 2078 3821 2129 με

2251 2142 2481 2211 ταυτησὶ
2510 2140 2605 2210 τῆς
2638 2143 2833 2211 ἀρχῆς,
2885 2143 2917 2212 ἢ
2970 2145 3194 2212 μένοντα
3227 2143 3300 2214 μὴ
3330 2143 3677 2215 περιϐάλλετε
3709 2162 3809 2197 κιν-

2252 2223 2447 2285 δύνοις.
2479 2224 2589 2276 Οὑκ
2620 2225 2881 2299 ἀνέχομαι
2916 2228 3007 2279 ἐπὶ
3039 2227 3129 2280 τὸν
3156 2227 3343 2297 θρόνον
3380 2226 3567 2280 τοῦτον
3599 2217 3822 2280 ἀναϐαί-

2254 2324 2365 2358 νειν
2390 2308 2463 2375 μὴ
2499 2307 2709 2375 μεγάλα
2734 2307 3033 2378 κατορθῶν.
3068 2310 3128 2362 ΕΞ
3164 2310 3272 2380 γὰρ
3297 2309 3372 2379 μὴ
3400 2310 3552 2362 τοῦτο
3583 2308 3827 2368 δυνατὸν.

2257 2389 2462 2459 βέλτιον
2516 2392 2735 2444 ἑστάναι
2788 2391 2957 2445 κάτω.
2996 2394 3288 2463 Ἀρχοντος
3337 2391 3444 2463 γάρ
3490 2391 3657 2462 μηδὲν
3702 2391 3829 2454 τοὺς

2254 2473 2591 2543 ἀρχομένους
2621 2474 2955 2543 ὠφελοῦντος
2976 2476 3126 2529 οὐδὲν
3148 2474 3493 2545 ἀθλιώτερον.
3541 2475 3661 2527 Ἔτι
3706 2491 3829 2526 συν-

2255 2555 2462 2607 τείνατε
2501 2557 2746 2620 ἑαυτοὺς,
2782 2560 2876 2611 καὶ
2908 2558 3230 2629 προσέχετε,
3256 2556 3589 2627 παρακαλῶ·
3631 2555 3663 2627 ἢ
3692 2555 3828 2625 μᾶλ-

2255 2638 2343 2690 λον
2366 2641 2561 2703 εἰπεῖν,
2614 2641 2974 2712 συντείνωμεν
3014 2643 3257 2706 ἑαυτοὺς,
3293 2644 3387 2696 καλ⁸
3416 2645 3639 2703 πάντως
3680 2641 3832 2693 ἔσται

2256 2740 2307 2774 τι
2341 2722 2520 2776 πλέον.
2554 2724 2925 2793 Νηστεύσατε,
2955 2725 3369 2797 παρακαλέσατε
3413 2726 3504 2779 τὸν
3545 2724 3700 2784 Θεὸν.
3739 2723 3831 2777 καὶ

2257 2809 2419 2875 ἡμεῖς
2450 2807 2565 2875 μεθ’
2608 2808 2778 2876 ὑμῶν,
2810 2807 2950 2861 ὥστε
2976 2809 3074 2878 τὴν
3109 2809 3351 2879 ὀλέθριον
3384 2809 3588 2879 ταύτην
3636 2806 3831 2872 ἐξελεῖν

2262 2890 2567 2959 συνήθειαν.
2605 2892 2768 2944 Οὑδέν
2802 2893 2946 2962 μέγα
2977 2895 3094 2945 ἐστὶ
3135 2904 3159 2932 ε
3197 2894 3447 2962 γενέσθαι
3481 2893 3831 2955 διδασκάλους

2259 2975 2358 3042 τῆς
2381 2957 2704 3043 οἰκουμένης
2726 2991 2738 3003 ·
2765 2957 2825 3027 οὑ
2854 2957 3045 3045 μίκρὸν
3073 2957 3402 3046 ἀκουσθῆναι
3437 2980 3736 3046 πανταχοῦ,
3754 2975 3834 3026 ὃτι

2263 3053 2326 3125 δὴ
2360 3057 2416 3108 ἐν
2448 3057 2572 3125 τῇδε
2599 3060 2662 3126 τῇ
2688 3058 2838 3109 πόλει
2864 3058 3036 3122 οὐδείς
3069 3061 3215 3111 ἐστιν
3242 3062 3270 3112 6
3292 3060 3479 3130 όμνύς.
3528 3058 3654 3112 Ἐὰν
3680 3055 3835 3111 τοῦτο

2259 3140 2502 3209 γένηται,
2554 3140 2614 3191 οὑ
2668 3139 2776 3192 τῶν
2836 3141 3050 3193 οἰκείων
3109 3141 3548 3212 κατορθωμάτων
3600 3138 3834 3211 λήψεσθε

2265 3222 2422 3292 μόνον
2465 3222 2556 3274 τὸν
2588 3223 2797 3292 μισθὸν,
2827 3223 2963 3277 ἀλλά
2996 3225 3091 3277 καὶ
3124 3226 3221 3295 τῆς
3248 3226 3385 3296 ὑπὲρ
3430 3227 3540 3277 τῶν
3593 3221 3837 3291 ἀδελφῶν

2262 3304 2496 3373 σπουδῆς
2518 3321 2531 3334 ·
2559 3306 2694 3375 ὅπερ
2730 3307 2834 3376 γὰρ
2877 3307 3003 3376 ὑμῖν
3044 3310 3157 3376 εἰμι
3193 3308 3323 3375 ἐγὼ,
3374 3307 3533 3360 τοῦτο
3578 3308 3737 3376 ὑμεῖς
3770 3306 3835 3373 τῇ

2260 3387 2548 3457 οἰκουμένῃ
2577 3390 2887 3458 γενήσεσθε.
2924 3389 3144 3453 Πάντως
3175 3392 3267 3442 καὶ
3296 3391 3469 3461 ἕτεροι
3504 3390 3839 3460 ζηλώσουσιν

2262 3471 2407 3539 ὑμᾶς
2429 3486 2442 3501 ·
2477 3472 2691 3535 πάντως
2719 3472 2903 3525 ἔσεσθε
2948 3473 3139 3543 λύχνος
3174 3475 3265 3527 ἐπὶ
3298 3474 3517 3544 λυχνίας
3562 3471 3835 3541 κείμενος.

2262 3556 2370 3607 Καὶ
2400 3554 2557 3607 τοῦτό
2601 3558 2738 3618 ἐστι,
2786 3558 2939 3626 φησὶ,
2980 3556 3040 3608 τὸ
3084 3558 3225 3621 xiv;
3283 3558 3356 3610 06
3413 3555 3571 3608 τοῦτό
3628 3556 3744 3607 ἐστι
3782 3553 3839 3604 τὸ

2262 3639 2392 3700 πᾶν,
2424 3637 2561 3690 ἀλλά
2593 3637 2751 3691 τοῦτο
2797 3638 2940 3710 ἀρχὴ
2986 3639 3093 3693 τῶν
3136 3638 3329 3693 ἄλλων.
3396 3638 3459 3692 '0
3514 3637 3589 3707 ph
3648 3636 3834 3704 ὀμνὺς,

2261 3721 2599 3789 πάντωςεέπὶ
2627 3721 2913 3774 εὐλάϐειαν
2945 3722 3065 3792 ῆξει
3090 3723 3179 3775 καὶ
3210 3722 3420 3790 ἑτέραν,
3445 3721 3539 3773 καὶ
3578 3718 3718 3773 ἑκὼν
3750 3717 3837 3770 καὶ

2262 3805 2430 3867 ἄκων,
2462 3806 2557 3859 καὶ
2589 3807 2971 3876 αἰσχυνόμενος
2998 3808 3090 3858 καὶ
3119 3805 3469 3874 φοϐούμενος.

2347 3888 2485 3941 Ἀλλ’
2509 3890 2608 3941 οὑκ
2636 3889 2916 3957 ἀνέχονται
2944 3889 3147 3947 πολλοὶ,
3179 3891 3363 3957 φησὶν,
3410 3889 3527 3943 ἀλλ’
3555 3883 3840 3953 ἀποπηδῶ-

2267 3989 2369 4025 σιν.
2415 3971 2588 4024 Ἀλλὰ
2619 3971 2868 4033 ,βέλτιον
2895 3964 2982 4034 εἷς
3008 3969 3193 4023 ποιῶν
3222 3971 3288 4023 τὸ
3326 3975 3563 4040 θέλημα
3603 3967 3837 4034 Κυρίου.

2264 4055 2302 4121 ἢ
2331 4053 2534 4121 μυρίοι
2571 4052 2912 4121 παράνομοι.
2968 4053 3099 4104 Ἀπὸ
3126 4053 3255 4121 γοῦν
3284 4056 3478 4108 τούτου
3514 4055 3691 4107 πάντα
3719 4049 3842 4100 ἀνα-

2264 4138 2585 4207 τέτραπται,
2617 4137 2795 4189 πάντα
2822 4135 2934 4188 άνω
2963 4136 3053 4190 καὶ
3094 4138 3243 4190 κάτω
3275 4140 3524 4207 γέγονεν,
3558 4138 3638 4188 δτι
3676 4130 3839 4184 καθά·

2267 4236 2372 4289 περ
2400 4221 2457 4270 ἐν
2488 4221 2601 4281 τοῖς
2632 4218 2878 4289 θεάτροις
2908 4219 3141 4290 πλήθους
3173 4223 3463 4293 ἐφιέμεθα,
3502 4222 3562 4275 οὑ
3612 4214 3841 4279 πλήθους

2264 4301 2507 4370 δοκίμου.
2549 4300 2614 4353 Τί
2644 4303 2750 4371 γὰρ
2775 4302 2949 4371 ὄχλος,
2994 4304 3119 4357 εἰπέ
3154 4322 3264 4383 μοι,
3295 4306 3592 4378 δυνήσεται
3623 4297 3839 4383 ὀνῆσαις

2265 4381 2454 4434 Βούλει
2482 4381 2692 4451 μαθεῖν,
2733 4385 2813 4436 ὅτι
2852 4384 3008 4455 ὄχλος
3048 4386 3097 4438 οἱ
3144 4374 3287 4455 ἆγιοί
3321 4374 3485 4453 είσιν,
3523 4381 3695 4454 οὑχ⁸οἱ
3724 4374 3841 4428 πολ-

2266 4464 2376 4530 λοίῖ
2434 4465 2761 4534 Ἐξαγάγετε
2789 4469 2867 4524 είς
2912 4469 3148 4540 πόλεμον
3196 4473 3392 4526 ἑκατὸν
3446 4466 3715 4541 μυριάδας
3755 4457 3843 4541 καλ.

2267 4548 2365 4602 ἕνα
2401 4549 2552 4618 ἆγιον
2576 4566 2589 4579 ο
2618 4549 2816 4617 ἴδωμεν
2844 4558 2927 4615 τίς
2949 4539 3168 4606 πλείονα
3208 4539 3487 4626 κατορθοῖ.
3529 4539 3786 4615 Ἐξῆλθεν
3817 4539 3844 4587 ὁ

2283 4633 2485 4702 Ἰησοῦς
2504 4634 2531 4685 6
2550 4632 2642 4685 τοῦ
2666 4634 2821 4705 Ναυῆ
2846 4636 2924 4698 είς
2943 4636 3033 4688 τὸν
3056 4637 3304 4706 πόλεμον,
3335 4638 3431 4691 καὶ
3450 4635 3613 4706 μόνος
3638 4630 3845 4706 ἅπαντα

2272 4715 2646 4786 κατώρθωσεν,
2684 4704 2898 4770 ὥστεοί
2935 4718 3081 4772 ἄλλοι
3114 4704 3263 4773 οὐδὲν
3293 4704 3537 4791 ὤνησαν.
3591 4714 3647 4764 '0
3687 4704 3844 4791 πολξς

2271 4798 2444 4869 δχλος,
2482 4800 2752 4869 ἀγαπητέ,
2805 4800 2933 4854 ὅταν
2970 4801 3181 4873 θέλημα
3236 4804 3332 4857 τοῦ
3382 4786 3519 4855 (θεοῦ
3572 4794 3674 4873 μὴῌ
3703 4786 3842 4873 ποιῇ)

2272 4867 2422 4935 οὑδέν
2442 4867 2709 4953 διενήνοχε
2732 4884 2838 4936 τῶν
2864 4885 2963 4938 οὑκ
2990 4867 3176 4940 ὄντων.
3201 4886 3447 4958 Εὑχομαι
3484 4882 3584 4952 μὲν
3616 4870 3726 4933 οὖν,
3757 4867 3844 4957 κει).

2280 4963 2560 5035 βούλομαι,
2579 4966 2672 5017 καὶ
2693 4965 2863 5035 ήδέως
2891 4966 2956 5018 ἂν
2980 4968 3074 5019 καὶ
3113 4969 3446 5036 κατεκόπην·
3475 4964 3616 5015 ὥστε
3648 4964 3845 5039 κοσμητ

2276 5066 2363 5101 σαι
2402 5049 2594 5120 πλήθει
2626 5048 2721 5119 τὴν
2765 5048 3111 5118 Ἐκκλησίαν,
3144 5050 3278 5103 ἀλλά
3302 5048 3501 5118 πλήθει
3529 5041 3733 5120 δοκίμῳ
3754 5050 3767 5062 ’
3802 5045 3845 5080 εί

2273 5132 2330 5185 δὲ
2354 5118 2509 5185 τοῦτο
2548 5133 2641 5201 οὑχ
2674 5118 2785 5185 οἶόν
2818 5148 2899 5195 τε,
2936 5133 3059 5196 τοὺς
3094 5133 3307 5203 όλίγους
3352 5130 3554 5191 αὐτοὺς
3604 5118 3847 5203 δοκένζῗνί

2277 5213 2413 5268 εἶναι
2474 5215 2752 5285 βούλομαι.
2813 5217 2923 5286 Οὑχ
2984 5218 3165 5286 δρᾶτε,
3210 5220 3291 5271 ὅτι
3332 5216 3541 5286 βέλτιον
3582 5208 3675 5260 ἕνα
3711 5196 3849 5286 λξθξὶν

2276 5299 2454 5369 τίμιον
2474 5277 2646 5369 ἐχειν,
2668 5299 2699 5368 ἢ
2738 5277 2961 5370 μυρίους
2981 5277 3228 5366 όϐολούς;
3273 5277 3371 5370 οὑΙχ
3416 5296 3601 5366 ὁρᾶτε,
3635 5287 3714 5337 ὅτι
3737 5277 3851 5347 βέλ⁹

2278 5402 2392 5437 τιον
2426 5385 2515 5437 τὸν
2544 5383 2816 5454 ὀφθαλμὸν
2849 5385 3154 5451 ὑγιαίνοντα
3187 5386 3351 5456 ἔχειν,
3395 5382 3427 5451 ἢ
3464 5374 3652 5456 τούτου
3682 5374 3851 5456 πετῖηξ

2283 5467 2528 5537 ρωμένου
2584 5453 2922 5536 πολυσαρκίᾳ
2975 5453 3335 5539 βαρύνεσθαι;
3395 5464 3492 5530 οὑχ
3540 5453 3718 5524 ὁρᾶτεν
3773 5454 3851 5491 οτι

2374 5648 2383 5650 “
2451 5648 2579 5668 ιιαιιι.
2628 5648 2888 5668 ισιιιυιιειιι
2914 5658 2925 5675 ι
2974 5648 3036 5669 ελ
3094 5648 3127 5669 ιι
3143 5648 3249 5670 IDUS
3303 5648 3417 5686 "Iw:
3468 5648 3633 5675 """rv.
3721 5648 3830 5699 "le"

2281 5689 2423 5753 aqu};
2458 5690 2534 5753 εει
2586 5682 3083 5753 in'teﬁpres.”Montl‘.2
3130 5693 3274 5753 posl_
3300 5676 3482 5753 Sa‘;l.l_-__
3508 5669 3852 5753 θέηξξέξεὺσωξ

2286 5728 2797 5817 έαιίειρτειμαίέδιαιῑ
2818 5728 2821 5729 ί
2840 5728 3098 5817 mf;
3127 5728 3297 5817 διέθει,
3347 5728 3857 5817 εοιιηηξππῖρίῖτῇυμ

2290 5822 2312 5845 e
2340 5806 2521 5881 Forsa'n
2546 5806 2809 5866 legendum
2836 5805 3022 5877 96x06v
3184 5783 3855 5881 éc‘riﬂflfggnﬁfnd'gg’

2284 5850 2419 5983 εἷος,
2444 5850 2809 5929 ίέιυήιίσιὸέιῖἰιίξ
2842 5850 3015 5929 ᾗιῷἶιι,
3044 5850 3268 5916 ἵίῐίίᾷιὶιύι
3293 5850 3573 5911 'd'ivinando
3620 5850 3706 5887 νεῖ

2317 5944 2425 5977 ‘DIT.

2317 5944 2425 5977 ινιτ.
