4026 6216
432 279 510 335 75
1181 278 1236 331 S.
1262 276 1537 333 JOANNIS
1573 277 2032 333 CHRYSOSTOMI
2071 281 2378 339 AllClllEl’.
2419 288 2941 351 CONSTANTINOP.
3622 302 3691 356 ’ῖιῖ

444 394 543 457 sia,
572 390 666 447 sed
720 387 1055 445 multitudine
1104 390 1321 460 probata
1367 408 1381 443 :

447 498 694 558 nequeat,
717 494 772 539 ut
801 484 990 539 saltem
1012 484 1160 553 pauci
1187 485 1390 553 probati
1420 486 1545 538 sint.
1570 486 1763 539 Annon
1788 485 2010 551 videtis,

446 578 638 633 melius
664 592 783 632 esse
815 591 975 630 unum
1020 575 1245 645 lapidem
1278 576 1570 646 pretiosum
1599 575 1826 642 habere,
1856 591 2014 645 quam

446 673 753 725 innumeros
775 669 960 724 obolos
980 671 1001 722 ?
1021 684 1196 723 annon
1222 668 1414 724 videtis
1451 668 1639 723 melius
1658 683 1778 722 esse
1802 668 2012 721 oculum

438 777 625 815 sanum
676 760 891 825 habere,
941 776 1140 831 quam,
1192 759 1296 815 hoc
1336 769 1642 825 excaecato,
1697 759 2014 828 pinguedine

440 856 613 909 carnis
667 854 918 909 onerari?
967 868 1144 907 annon
1194 853 1405 916 videtis,
1461 851 1653 906 melius
1704 866 1823 905 esse
1856 866 2011 907 ovem

441 963 595 1000 imam
636 960 820 1002 sanam
850 945 1047 1001 habere
1069 986 1082 1008 ,
1113 960 1269 1016 quam
1308 944 1553 999 millenas
1578 943 1756 998 scabie
1792 943 2012 1013 plenas?

436 1054 613 1092 annon
669 1035 898 1103 videtis,
947 1038 1137 1093 melius
1190 1053 1310 1092 esse
1357 1028 1562 1107 paucos
1608 1036 1803 1091 habere
1842 1035 2011 1090 bonos

441 1131 595 1197 lilios,
623 1146 781 1200 quam
805 1130 999 1184 multos
1037 1130 1349 1199 improbos?
1377 1145 1443 1183 an
1470 1129 1705 1192 nescitis,
1734 1143 1928 1195 paucos
1957 1129 2008 1181 in

438 1237 605 1292 regno
631 1222 763 1285 fore,
793 1223 987 1277 multos
1035 1221 1087 1275 in
1114 1223 1353 1291 gehenna
1371 1220 1393 1274 ?
1414 1219 1551 1287 Quid
1581 1218 1710 1273 mihi
1733 1234 1853 1273 eum
1875 1220 2011 1272 mul-

439 1312 694 1366 titudine?
715 1328 833 1382 quae
861 1327 923 1367 ex
952 1328 1012 1366 ea
1042 1312 1283 1365 utilitas?
1313 1309 1466 1365 Nulla
1501 1330 1514 1365 :
1548 1311 1654 1364 imo
1682 1309 1858 1377 potius
1886 1308 2006 1362 aliis

438 1413 520 1457 est
546 1403 824 1472 pernicies.
857 1404 998 1459 lilem
1031 1404 1202 1472 ipsum
1230 1412 1350 1465 est,
1379 1418 1443 1457 ac
1462 1402 1505 1456 si
1532 1402 1616 1456 cui
1648 1401 1803 1456 liceat
1823 1399 2008 1454 decem

437 1509 595 1549 sanos
628 1494 841 1559 habere,
865 1495 949 1549 vel
977 1495 1123 1549 mille
1151 1495 1421 1558 infirmos,
1451 1501 1504 1548 et
1539 1492 1626 1547 ille
1663 1492 1778 1546 istis
1821 1490 2005 1545 decem

438 1588 747 1643 innumeros
787 1589 905 1643 illos
945 1588 1175 1657 adjiciat.
1223 1587 1301 1642 llli
1345 1601 1474 1642 sane
1512 1586 1665 1641 multi
1709 1583 1838 1638 nihil
1869 1582 2006 1638 bene

435 1692 718 1753 operantes
737 1725 751 1749 ,
786 1682 915 1737 nihil
942 1683 1081 1737 aliud
1116 1682 1269 1736 nobis
1294 1680 1588 1745 conferent,
1618 1694 1774 1749 quam
1803 1677 2001 1745 suppli-

435 1774 596 1839 cium,
652 1784 704 1827 et
746 1773 796 1826 in
827 1773 1072 1842 prmscnti
1118 1782 1379 1841 tempore,
1426 1769 1789 1840 ignominiam.
1836 1765 2003 1820 Nemo

1433 390 1477 445 si
1525 401 1703 446 autem
1761 393 1861 446 hoc
1908 391 2022 447 fieri

2084 1898 2285 1907 _..___._.

2128 400 2273 453 cnim
2293 404 2432 470 quod
2456 406 2605 459 multi
2633 410 2800 464 simus
2820 411 2981 474 dicet,
3009 414 3252 485 sedquod
3284 416 3497 474 inutiles
3522 417 3691 471 simus

2122 492 2422 562 redarguet.
2441 496 2552 550 lloc
2574 499 2750 570 itaque
2773 502 2929 558 nobis
2953 519 3165 575 semper
3178 507 3457 578 objiciunt,
3476 506 3693 579 quando

2119 583 2365 649 dicimus,
2397 586 2541 643 Multi
2564 606 2752 648 sumus
2783 592 2926 650 :Sed
2947 596 3091 663 mali,
3121 598 3384 666 inquiunt.
3416 601 3555 656 Ecce
3584 601 3691 657 ite-

2120 692 2235 730 rum
2266 679 2522 735 denuntio
2543 695 2597 738 et
2624 685 2768 740 clara
2804 703 2934 743 voce
2960 689 3156 756 clamo,
3180 707 3338 747 nemo
3360 691 3540 762 jocum
3568 707 3693 749 esse

2119 778 2268 836 putet
2310 788 2323 823 :
2358 771 2646 830 Exeludatn
2691 788 2747 833 et
2771 780 2965 834 arcebo
2992 796 3095 835 non
3127 781 3561 853 obtemperantes
3586 825 3602 850 ,
3635 793 3694 839 et

2117 859 2289 917 donec
2318 861 2369 915 in
2385 863 2485 921 hoc
2502 868 2690 922 throno
2702 866 2915 934 sedebo,
2930 866 3058 921 nihil
3075 867 3694 940 illiusjustiflcationibus

2116 953 2410 1021 przeferam.
2442 954 2497 1008 Si
2542 956 2660 1023 quis
2688 970 2772 1009 me
2813 957 3067 1027 dejecerit
3092 999 3106 1023 ,
3154 958 3262 1027 jam
3292 976 3397 1013 non
3427 959 3694 1015 obnoxius

2118 1058 2251 1107 ero;
2283 1044 2455 1101 donec
2482 1061 2607 1102 vero
2643 1048 2910 1104 obnoxius
2939 1065 3090 1112 sum,
3126 1065 3230 1105 non
3263 1066 3478 1121 possum
3524 1050 3694 1122 negli-

2116 1153 2262 1206 gere,
2287 1153 2392 1192 non
2416 1150 2523 1193 tam
2552 1149 2695 1195 metu
2722 1142 2963 1209 supplicii
2994 1184 3007 1205 ,
3034 1158 3191 1212 quam
3222 1152 3437 1213 promer
3456 1152 3691 1198 vestram

2116 1231 2338 1285 salutem
2363 1273 2377 1297 ,
2410 1247 2568 1300 quam
2598 1232 2884 1287 admodum
2915 1235 3071 1304 cupio
3106 1253 3119 1289 :
3148 1250 3244 1304 pro
3274 1237 3362 1289 illa
3400 1236 3611 1290 crucior
3636 1245 3693 1289 ct

2116 1320 2293 1375 doleo.
2330 1321 2435 1376 Sed
2463 1323 2825 1391 obtemperate
2850 1364 2865 1388 ,
2904 1336 2959 1378 ut
2987 1335 3039 1378 et
3067 1324 3153 1379 hic
3179 1334 3234 1379 et
3262 1325 3313 1379 in
3346 1325 3520 1379 futuro
3547 1326 3687 1379 mul-

2116 1422 2224 1467 tam
2265 1413 2535 1483 accipiatis
2582 1414 2904 1481 mercedem,
2946 1427 2999 1471 et
3045 1417 3200 1470 simul
3249 1417 3401 1471 bonis
3447 1415 3691 1471 fruamur

2115 1505 2330 1559 aeternis
2356 1546 2371 1569 ,
2423 1506 2591 1574 gratia
2630 1516 2684 1560 et
2735 1507 3060 1579 benignitate
3092 1508 3347 1579 unigeniti
3392 1508 3534 1573 Filii,
3565 1509 3689 1577 qui-

2113 1613 2231 1651 cum
2262 1597 2404 1651 Patri
2446 1612 2654 1668 unaque
2677 1597 2894 1668 Spiritui
2921 1611 3102 1656 saneto
3121 1602 3318 1672 ,gloria
3338 1643 3352 1665 ,
3385 1600 3686 1673 imperium,

2115 1688 2305 1755 honor,
2357 1705 2498 1744 nunc
2550 1699 2603 1743 et
2650 1706 2885 1761 semper,
2926 1702 2978 1746 et
3015 1692 3066 1747 in
3107 1693 3300 1747 saecula
3343 1693 3685 1748 seculorum.

2112 1785 2302 1837 Amen.

3284 1898 3655 1912 -—————————-—_

1810 1970 2150 2034 HOMILIA
2196 1970 2309 2033 IX.

431 2131 557 2187 Car.
589 2131 642 2186 3.
688 2146 739 2182 v.
788 2128 875 2185 12.
930 2128 1116 2183 Videas
1157 2140 1321 2182 autem
1368 2126 1587 2190 Petrus,
1634 2120 1893 2191 respondit
1939 2116 2005 2169 ad

504 2222 744 2291 papulum
774 2238 792 2275 :
822 2220 929 2274 Viri
957 2219 1226 2284 Israelitaz,
1257 2219 1377 2285 quid
1408 2215 1661 2271 miramini
1689 2215 1743 2267 in
1772 2213 1887 2275 hoc,
1915 2220 2004 2262 aut

499 2316 620 2385 quid
648 2331 737 2368 nos
767 2313 1058 2377 intuemini,
1088 2312 1230 2382 quasi
1258 2321 1429 2364 nostra
1472 2309 1651 2362 virtute
1697 2313 1783 2358 aut
1824 2302 2005 2373 pietate

502 2408 767 2478 fecerimus
797 2406 929 2458 hunc
954 2403 1259 2457 ambulare?

501 2500 552 2552 1.
585 2497 813 2551 Oratoris
838 2496 1081 2548 modestia
1102 2495 1311 2547 multum
1332 2492 1533 2563 prodest
1548 2488 1787 2542 auditori.
1804 2515 1874 2524 —
1893 2484 2002 2537 Ma-

425 2593 544 2659 jore
565 2590 753 2643 fiducia
781 2589 935 2660 plena
963 2598 1045 2642 est
1071 2589 1184 2641 hzec
1209 2588 1378 2639 oratio
1407 2599 1420 2636 :
1454 2599 1558 2637 non
1587 2581 1726 2653 quod
1752 2581 1801 2633 iu
1825 2577 2001 2648 priore

433 2684 675 2745 timeret,
708 2680 800 2734 sed
827 2680 945 2748 quia
976 2679 1027 2733 id
1059 2679 1301 2732 homines
1328 2676 1399 2729 illi
1423 2676 1669 2730 irrisores
1697 2687 1801 2726 non
1849 2669 2001 2724 tulis-

429 2788 568 2829 sent.
601 2774 775 2840 Quare
816 2772 869 2827 in
917 2772 1059 2825 illius
1104 2770 1324 2826 exordio
1378 2769 1553 2823 statim
1601 2766 1717 2821 illos
1765 2772 2001 2818 attentos

427 2865 636 2929 reddit,
669 2864 851 2918 dicens
878 2880 892 2917 :
926 2863 1035 2917 Hoc
1062 2864 1199 2918 vobis
1229 2873 1405 2916 notum
1428 2862 1526 2925 sit,
1557 2870 1602 2914 et
1637 2858 1842 2912 auribus
1888 2872 2001 2924 per-

425 2958 579 3021 cipite
602 2958 750 3011 verba
773 2973 905 3010 mea.
932 2957 1030 3010 llic
1058 2966 1235 3010 autem
1269 2972 1371 3009 non
1403 2954 1562 3008 habet
1602 2952 1689 3005 tali
1742 2959 1999 3020 apparatu

427 3065 579 3118 Opus.
612 3049 727 3103 Non
753 3050 894 3103 enim
923 3062 1113 3117 segnes
1156 3059 1307 3102 erant
1337 3066 1348 3101 :
1382 3048 1589 3117 signum
1640 3044 1836 3115 quippe
1880 3043 2000 3095 illos

428 3151 661 3196 attentos
690 3141 920 3204 fecerat;
954 3138 1091 3192 unde
1112 3147 1165 3193 et
1181 3147 1396 3207 stupore
1417 3146 1469 3191 et
1491 3146 1633 3191 metu
1658 3135 1799 3205 pleni
1826 3143 1996 3188 erant.

426 3236 603 3301 Quare
631 3250 738 3287 non
765 3247 900 3303 opus
926 3231 1020 3285 fuit
1052 3240 1108 3284 ut
1135 3230 1257 3284 inde
1294 3229 1570 3284 exordium
1613 3227 1865 3283 duceret:
1905 3223 1999 3278 sed

426 3324 639 3379 aliunde
662 3365 678 3389 ,
707 3340 811 3394 quo
838 3324 957 3377 illos
987 3322 1152 3389 magis
1179 3322 1277 3375 sibi
1308 3322 1616 3375 conciliaret
1638 3362 1652 3386 ,
1685 3319 1906 3390 gloriam
1932 3318 2000 3372 ab

425 3433 483 3472 se
503 3416 838 3485 depellenda.
862 3416 1001 3470 Nihil
1028 3416 1171 3470 enim
1195 3425 1298 3469 tam
1326 3414 1541 3484 prodest
1566 3413 1814 3477 auditori,
1841 3427 1997 3482 quam

426 3510 469 3561 si
498 3516 679 3561 orator
708 3506 835 3560 nihil
863 3507 1037 3577 magni
1066 3506 1133 3561 de
1160 3521 1218 3560 se
1246 3506 1385 3561 dieat
1410 3547 1426 3572 ,
1459 3506 1550 3561 sed
1579 3520 1790 3559 omnem
1819 3520 1998 3573 super.

424 3599 530 3653 bicc
552 3599 908 3666 suspicionem
928 3599 1097 3653 tollat.
1128 3598 1365 3653 Gloriam
1393 3614 1521 3653 vero
1542 3598 1896 3668 tlespieientes
1921 3598 1999 3653 sic

428 3693 685 3762 majorem
715 3692 814 3747 sibi
843 3691 1065 3761 gloriam
1098 3690 1388 3760 parabant,
1413 3690 1868 3759 ostendebantque
1894 3705 1997 3742 non

429 3784 716 3838 humanum
741 3826 754 3846 ,
788 3783 881 3838 sed
907 3782 1144 3838 divinum
1177 3781 1303 3836 illud
1332 3797 1451 3837 esse
1478 3798 1612 3853 opus
1631 3823 1647 3846 ,
1679 3790 1735 3837 et
1762 3796 1857 3850 par
1882 3795 2000 3835 esse

427 3884 485 3928 ut
514 3875 588 3928 illi
617 3875 775 3927 etiam
801 3888 922 3928 cum
948 3873 1067 3927 aliis
1093 3872 1488 3927 admirarentur
1510 3914 1524 3938 ,
1561 3889 1663 3928 non
1692 3872 1743 3925 in
1766 3870 1999 3925 admira-

429 3969 572 4022 tione
602 3966 948 4022 haberentur.
982 3966 1144 4021 Vides
1164 4007 1178 4028 .
1213 3982 1369 4036 quam
1401 3966 1468 4019 ab
1496 3965 1786 4021 ambitione
1817 3980 1998 4035 purus,

426 4060 647 4130 gloriam
672 4060 771 4113 sibi
800 4058 1033 4113 oblatam
1061 4058 1292 4127 depellat
1312 4057 1337 4109 ἲ
1360 4056 1447 4111 Sic
1487 4065 1542 4111 et
1589 4066 1799 4111 veteres
1835 4054 2000 4109 faeie-

428 4149 588 4216 baut,
621 4159 678 4203 ut
707 4149 890 4204 Daniel
909 4148 997 4219 qui
1029 4148 1239 4203 dicebat
1272 4165 1285 4201 :
1317 4146 1427 4218 Ego
1474 4155 1640 4199 autem
1683 4163 1784 4199 non
1826 4147 1879 4198 in
1919 4162 2003 4200 sa-

428 4246 649 4313 pientia,
690 4259 800 4310 qua:
824 4243 876 4294 in
920 4257 998 4293 me
1042 4241 1105 4292 sit
1153 4239 1330 4310 (Dan.
1377 4239 1433 4291 2.
1474 4236 1617 4308 50);
1667 4249 1721 4292 et
1763 4236 1957 4305 ,Ιοεριιιι
1983 4278 1999 4302 ,

435 4336 618 4389 Nonne
643 4351 729 4403 per
754 4333 912 4386 Deum
935 4332 1271 4400 manifestatio
1312 4346 1486 4383 eorum
1530 4330 1549 4399 (
1572 4329 1698 4383 Gen.
1744 4330 1833 4384 40.
1884 4329 2003 4399 8)?

430 4438 482 4481 et
513 4424 672 4478 David
694 4466 709 4489 ,
750 4422 1036 4477 Venientem
1063 4423 1254 4475 leonem
1280 4432 1325 4475 et
1355 4438 1529 4475 ursum
1556 4423 1609 4474 in
1650 4422 1851 4476 nomine
1893 4421 2003 4476 Do-

431 4516 556 4569 mini
574 4514 801 4567 manibus
824 4512 1161 4582 discerpebam
1190 4513 1264 4584 (1.
1297 4513 1427 4584 Reg.
1461 4513 1547 4567 17.
1577 4513 1689 4581 54).
1710 4513 1769 4566 Hi
1792 4528 2003 4583 quoque

431 4622 574 4660 nunc
606 4623 619 4658 :
657 4603 792 4673 Quid
818 4621 909 4658 nos
929 4603 1226 4670 intuemini,
1257 4604 1403 4673 quasi
1439 4605 1645 4674 propria
1697 4604 1879 4657 virtute
1916 4614 2004 4658 aut

432 4700 615 4767 pietate
642 4698 908 4768 fecerimus
936 4698 1066 4749 hunc
1095 4696 1356 4750 auibulare
1380 4697 1404 4750 ?
1445 4695 1559 4750 Non
1612 4696 1716 4751 hoc
1761 4706 2001 4752 nostrum

431 4799 513 4845 est
537 4831 553 4857 ,
584 4790 793 4859 inquit;
824 4804 996 4859 neque
1023 4788 1163 4843 enim
1198 4788 1337 4858 quod
1385 4788 1526 4859 digni
1561 4804 1802 4843 essemus
1826 4831 1840 4855 ,
1879 4805 2005 4859 gra-

430 4884 557 4937 tiam
590 4883 680 4938 Dei
708 4882 1047 4936 attraximus.
1077 4881 1163 4935 15.
1188 4878 1325 4933 Deus
1350 4879 1635 4941 Abraham,
1667 4880 1806 4935 Deus
1831 4879 1999 4944 Isaac,

430 4987 475 5030 et
510 4976 643 5029 Deus
667 4974 847 5038 Jacob,
870 4973 1005 5028 Deus
1031 4982 1228 5042 patrum
1250 4974 1715 5037 nastroram.Vide,
1740 4975 2006 5043 quomodo

429 5083 486 5124 se
509 5069 811 5138 frequenter
831 5067 895 5121 ad
921 5067 1287 5137 progenitores
1313 5074 1623 5131 convertat;
1647 5081 1715 5121 ne
1734 5066 2005 5121 videretur

429 5176 619 5213 novum
644 5160 907 5229 quoddam
930 5160 1120 5229 dogma
1142 5157 1391 5213 inducere
1416 5176 1428 5212 :
1454 5168 1505 5212 et
1527 5157 1631 5212 illic
1653 5158 2002 5226 patriarcham

433 5252 681 5304 llavidem
716 5254 1063 5315 memoravit,
1101 5262 1153 5304 et
1178 5250 1263 5305 hic
1292 5250 1649 5305 Abrahamum
1680 5258 1734 5305 et
1773 5266 2002 5320 sequen-

429 5352 528 5394 tes.
560 5341 870 5409 Gloriﬁcavit
902 5340 949 5393 F
951 5343 1092 5394 ilium
1116 5358 1262 5394 suum
1290 5340 1486 5395 Iesum.
1517 5342 1719 5397 Rursus
1739 5344 2007 5398 humiliter

431 5432 568 5486 sicut
596 5433 645 5485 in
676 5432 959 5501 prommio.
989 5431 1189 5485 Deinde
1214 5432 1263 5485 in
1296 5433 1504 5487 illorum
1536 5434 1767 5488 facinore
1790 5436 2004 5502 insistit,

428 5524 665 5594 illudque
690 5524 897 5579 extollit
921 5565 936 5587 ,
969 5540 1066 5579 nee
1095 5524 1193 5578 sub
1222 5525 1407 5579 umbra
1451 5527 1685 5595 loquitur
1733 5535 1788 5579 ut
1838 5526 2003 5594 prius.

427 5615 560 5671 illud
587 5625 762 5671 autem
805 5615 969 5682 facit,
1020 5625 1076 5670 ut
1123 5616 1243 5670 illos
1294 5616 1462 5687 magis
1509 5618 1746 5672 reducat.
1797 5616 2006 5684 Quanto

430 5709 568 5765 enim
592 5710 761 5781 magis
789 5710 961 5766 scelus
990 5708 1296 5766 declarabat
1320 5750 1336 5777 ,
1367 5718 1514 5764 tanto
1542 5710 1857 5766 attentiores
1886 5711 2001 5766 red-

2113 2112 2290 2167 debat.
2318 2112 2628 2181 Gloriﬁcavit
2646 2156 2660 2176 ,
2694 2113 2895 2183 inquit,
2929 2113 3119 2168 Filiam
3148 2133 3288 2169 suum
3313 2115 3510 2183 Iesum,
3531 2134 3681 2188 quem

2111 2221 2198 2260 vos
2225 2206 2524 2269 tradidistis,
2555 2216 2600 2259 et
2625 2208 2845 2275 negastis
2871 2217 2986 2259 ante
3004 2208 3184 2277 facient
3212 2207 3367 2262 Pilati
3386 2251 3401 2276 ,
3414 2211 3681 2280 judicante

2110 2299 2200 2352 illo
2222 2299 2430 2352 dimitti.
2468 2299 2579 2352 Duo
2610 2308 2733 2353 sunt
2762 2299 2981 2353 crimina
3003 2341 3018 2365 ,
3045 2310 3099 2354 et
3124 2301 3263 2370 quod
3294 2301 3494 2355 Pilatus
3522 2303 3684 2360 vellet

2110 2392 2409 2457 dimittere,
2458 2402 2509 2445 et
2556 2392 2694 2461 quod
2738 2392 2826 2445 illo
2878 2394 3087 2448 volente
3133 2410 3226 2449 vos
3262 2394 3554 2450 nolueritis.
3589 2397 3680 2452 14.

2119 2484 2217 2538 Vos
2237 2494 2400 2539 autem
2426 2498 2654 2538 sanctum
2684 2496 2729 2539 et
2746 2486 2943 2556 justam
2969 2487 3186 2556 negastis
3208 2527 3223 2552 ,
3270 2499 3315 2541 et
3360 2488 3566 2557 petiistis
3609 2491 3683 2542 vi.

2106 2595 2217 2632 rum
2239 2579 2540 2633 homicidam
2561 2579 2741 2633 donari
2760 2580 2936 2633 vobis:
2966 2580 3053 2634 15.
3095 2590 3351 2633 auctorem
3403 2598 3517 2635 vero
3566 2583 3685 2636 vita:

2105 2673 2438 2741 interfecistis,
2466 2689 2612 2740 quem
2634 2671 2773 2727 Deus
2791 2672 3045 2727 suscitauit
3071 2690 3101 2725 a
3127 2676 3333 2728 mortuis
3356 2715 3371 2738 ,
3410 2676 3558 2743 cujus
3586 2693 3681 2729 nos

2108 2774 2252 2819 testes
2279 2782 2469 2819 sumus.
2498 2766 2574 2818 Ac
2600 2764 2644 2818 si
2667 2764 2887 2824 diceret.
2916 2764 3019 2819 Pro
3045 2765 3133 2819 illo
3156 2765 3409 2821 latronem
3432 2767 3680 2837 petiisus.

2108 2858 2237 2911 liem
2269 2856 2551 2911 admodum
2575 2872 2788 2926 gravem
2816 2856 3067 2911 declarat.
3092 2856 3223 2926 Quia
3250 2859 3367 2914 illos
3393 2860 3491 2914 sub
3520 2876 3679 2916 manu

2109 2949 2324 3004 tenebat
2347 2991 2362 3015 ,
2392 2950 2734 3004 vehementer
2755 2950 3096 3020 prmstringit.
3119 2950 3381 3006 Auctorem
3402 2969 3516 3008 vero
3542 2954 3674 3021 vita’,

2108 3042 2296 3111 inquit.
2324 3042 2417 3096 Hie
2447 3043 2852 3097 resurrectionis
2884 3044 3039 3098 fidem
3070 3054 3308 3114 apparat.
3342 3045 3502 3113 Quem
3539 3047 3681 3102 Deus

2104 3118 2360 3189 suscitavit
2384 3152 2414 3188 a
2438 3137 2665 3190 mortuis.
2699 3135 2776 3191 Ne
2805 3136 2924 3205 quis
2965 3136 3201 3202 diceret,
3253 3138 3529 3194 Undenam
3576 3141 3679 3196 hoc

2106 3227 2310 3295 liquet?
2336 3243 2439 3280 non
2468 3228 2575 3295 jam
2602 3227 2668 3281 ad
2703 3230 2988 3297 prophetas
3013 3228 3281 3301 confugit,
3316 3232 3408 3285 sed
3433 3233 3497 3285 ad
3530 3233 3678 3301 St‘ip-

2103 3332 2250 3383 sum,
2282 3318 2403 3386 quia
2431 3317 2540 3385 jam
2570 3317 2673 3371 fide
2702 3317 2891 3385 dignus
2939 3319 3246 3374 habebatur.
3292 3320 3441 3376 Tune
3490 3324 3631 3378 enim
3659 3366 3676 3390 ,

2102 3424 2222 3464 cum
2250 3408 2469 3463 dixisset
2499 3408 2642 3463 illum
2672 3410 3066 3475 resurrexisse-,
3100 3411 3345 3465 Davidem
3378 3420 3567 3468 tcSIcm
3594 3414 3679 3469 in-

2103 3498 2286 3565 duxit;
2327 3514 2466 3553 nunc
2497 3515 2623 3555 vero
2653 3499 2753 3553 hoc
2785 3502 2954 3569 ipsum
2981 3501 3182 3565 dicens,
3211 3502 3431 3558 chorum
3455 3514 3673 3575 aposto-

2104 3592 2283 3647 licum.
2325 3592 2485 3661 Cujus
2529 3610 2619 3647 nos
2663 3603 2807 3647 testes
2835 3612 3006 3649 sumus
3026 3636 3042 3664 ,
3074 3596 3257 3667 inquit.
3286 3599 3372 3653 16.
3407 3599 3470 3653 Et
3497 3600 3548 3654 in
3575 3602 3681 3671 ﬁde

2104 3685 2321 3739 nominis
2350 3687 2460 3754 ejus
2480 3729 2491 3746 ,
2526 3686 2656 3739 lianc
2676 3728 2690 3750 ,
2721 3703 2866 3756 quem
2892 3704 2976 3741 vos
3005 3689 3179 3743 videtis
3201 3701 3246 3743 et
3267 3691 3420 3746 nostis
3439 3733 3454 3756 ,
3490 3693 3680 3761 con/ir-

2104 3779 2256 3831 mavit
2281 3795 2459 3832 nomen
2489 3780 2636 3849 ejus;
2660 3787 2705 3832 et
2726 3781 2871 3849 ﬁdes,
2898 3796 3010 3850 qua:
3032 3800 3120 3850 per
3144 3799 3257 3836 eum
3302 3793 3373 3838 est
3395 3825 3410 3848 ,
3451 3787 3586 3841 dedit
3627 3788 3677 3841 ei

2103 3872 2344 3941 integram
2372 3871 2632 3925 sanitatem
2659 3871 2803 3923 istam
2832 3870 2883 3924 in
2906 3884 3171 3943 conspectu
3189 3878 3414 3931 omnium
3433 3889 3675 3934 vestrum.

2103 3964 2359 4026 Quaereris
2385 3976 2596 4015 causam
2628 3963 2833 4024 dicere,
2865 3965 3041 4017 statim
3070 3967 3277 4035 signum
3322 3968 3544 4039 adjicit,
3588 3971 3679 4025 di-

2105 4066 2235 4106 cens
2257 4069 2275 4106 :
2305 4050 2372 4104 In
2401 4062 2667 4121 conspectu
2694 4054 2916 4106 omnium
2943 4067 3179 4110 vestram.
3209 4058 3340 4126 Quia
3370 4061 3525 4118 valde
3556 4063 3679 4119 illos

2108 4143 2518 4211 perstrinxerat,
2550 4156 2603 4198 ct
2631 4144 2939 4201 ostenderat
2963 4150 3272 4205 crucifixum
3296 4155 3677 4224 resurrexisse,

2108 4250 2287 4287 rursus
2311 4249 2611 4288 sermonem
2642 4236 2880 4306 mitigat,
2910 4237 3044 4293 dans
3069 4241 3171 4295 illis
3216 4244 3541 4311 pmnitentia:
3592 4248 3679 4302 fa-

2105 4329 2352 4382 cultatem
2380 4370 2395 4392 ,
2423 4330 2626 4383 dicens.
2659 4329 2747 4383 17.
2784 4329 2849 4383 Et
2879 4346 3044 4397 nunc,
3073 4336 3254 4401 fratres
3274 4374 3288 4397 ,
3312 4341 3416 4389 scio
3442 4338 3561 4407 quia
3587 4357 3681 4407 per

2107 4422 2443 4491 ignorantiam
2468 4423 2652 4492 fecistis
2672 4463 2687 4486 ,
2726 4423 2854 4476 sicut
2879 4433 2925 4477 et
2947 4425 3197 4495 principes
3218 4430 3386 4481 vestri.
3414 4429 3511 4482 Per
3532 4434 3682 4501 igno-

2105 4514 2325 4567 rantiam
2349 4515 2554 4584 fecistis.
2584 4513 2709 4569 lltec
2734 4530 2838 4568 una
2867 4518 3137 4571 excusatio
3166 4531 3284 4582 eSt;
3315 4522 3500 4585 altera,
3530 4524 3682 4579 Sicut

2106 4618 2154 4662 et
2185 4609 2433 4677 principes
2475 4609 2642 4663 vestri.
2689 4608 3142 4673 Quemadmodum
3182 4610 3381 4681 Joseph
3423 4611 3683 4672 fratribus

2107 4698 2314 4753 dicebat
2342 4717 2353 4753 :
2384 4697 2522 4753 Deus
2552 4716 2630 4752 me
2653 4701 2784 4755 misit
2814 4711 2929 4755 ante
2952 4719 3036 4755 vos
3070 4700 3236 4771 (Cen.
3276 4705 3366 4760 45.
3419 4707 3521 4774 5);
3569 4709 3684 4763 imo

2106 4790 2243 4859 quod
2272 4791 2492 4860 carptim
2527 4790 2633 4846 illic
2659 4791 2897 4859 dixerat,
2929 4792 3153 4863 Deﬁnito
3189 4796 3405 4851 consilio
3424 4838 3442 4863 ,
3471 4808 3517 4851 et
3547 4814 3684 4867 pra:-

2105 4881 2311 4934 scientia
2334 4881 2430 4935 Dei
2454 4882 2695 4936 traditum
2719 4886 3018 4955 accipientes
3048 4888 3186 4953 (Act.
3218 4887 3269 4940 2.
3301 4886 3415 4958 25),
3447 4888 3680 4958 idipsum

2106 4972 2194 5026 hic
2222 4974 2477 5026 extendit.
2513 4975 2599 5029 18.
2629 4973 2767 5028 Deus
2788 4985 2955 5028 autem
2979 4992 3090 5045 qua:
3114 4979 3467 5046 praenuntiavit
3506 4996 3594 5048 per
3623 4996 3683 5035 os

2106 5067 2329 5119 omnium
2352 5067 2708 5136 prop/telarum
2740 5069 2843 5135 pati
2866 5068 3121 5122 Christum
3141 5085 3310 5136 suum,
3341 5070 3413 5124 sic
3433 5072 3679 5141 implent.

2108 5160 2275 5213 Simul
2307 5159 2538 5213 ostendit
2564 5173 2667 5213 non
2696 5160 2909 5215 illorum
2936 5175 3055 5215 esse
3074 5200 3089 5223 ,
3119 5161 3165 5215 si
3198 5161 3298 5217 hoc
3346 5161 3684 5219 demonstra-

2108 5263 2217 5304 tum
2240 5252 2309 5305 sit
2334 5268 2349 5312 ;
2392 5251 2484 5305 sed
2513 5266 2607 5322 per
2634 5251 2959 5307 voluntatem
2991 5253 3085 5307 Dci
3128 5252 3324 5309 factum
3354 5269 3494 5310 esse.
3546 5255 3686 5310 Cum

2108 5358 2234 5398 vero
2255 5344 2418 5409 dicit,
2456 5344 2580 5410 Qua:
2621 5346 2999 5413 praenuntiavit,
3037 5348 3215 5411 verba,
3249 5348 3400 5417 queis
3428 5347 3688 5402 crucifixo

2109 5441 2522 5510 exnrobrahant,
2555 5440 2853 5495 subindicat
2885 5460 2898 5495 :
2927 5441 2983 5498 Si
3011 5442 3122 5497 vult
3142 5443 3472 5507 cum,salvet
3510 5442 3685 5511 illum,

2108 5533 2385 5588 dicentes:
2413 5533 2551 5587 Dixit
2576 5534 2740 5599 enim,
2772 5533 2937 5590 Filius
2969 5535 3061 5590 Dei
3089 5550 3206 5590 sum
3238 5553 3250 5588 :
3278 5535 3493 5590 confidit
3531 5536 3583 5589 in
3623 5537 3687 5590 il-

2110 5625 2254 5691 lum;
2287 5624 2577 5680 descendat
2604 5640 2744 5680 nunc
2780 5626 2848 5682 de
2888 5642 3048 5682 cruce
3078 5629 3096 5700 (
3123 5628 3310 5681 Matth.
3338 5627 3429 5681 Ξῖ.
3458 5629 3527 5683 40
3571 5645 3684 5695 sqq.

2110 5713 2232 5769 Luc.
2263 5716 2351 5771 2'5.
2379 5716 2446 5772 55
2471 5718 2508 5786 ).
2544 5719 2623 5771 An
2660 5733 2809 5788 nuga:
2836 5728 2959 5774 sunt
2989 5718 3100 5774 haec
3123 5760 3137 5784 ,
3185 5736 3217 5773 ο
3261 5719 3447 5774 stulti?
3498 5721 3687 5788 Αιδης
