4026 6216
511 368 582 422 77
1257 364 1317 419 S.
1351 359 1640 418 JOANMS
1675 355 2161 416 CHRYSOSTOMI
2204 359 2526 417 ARCHIEP.
2575 357 3124 417 CONSTANTINOP.
3657 359 3721 414 78

482 482 634 553 φησὶ,
673 482 768 535 καί
793 478 1192 548 ἐπιστρέψατε
1228 493 1276 533 ι.
1319 480 1431 534 Kal
1465 481 1525 533 οὒ
1571 479 1740 548 λέγει,
1795 479 1928 532 Ἀπὸ
1947 476 2055 530 τῶν

482 563 767 634 ἁμαρτιῶν
795 563 970 633 ὑμῶν.
999 562 1134 626 ἀλλ’,
1171 565 1275 628 Εἰς
1323 561 1389 616 τὸ
1432 560 1858 632 ἐξαλειφθῆναι
1892 559 2058 630 ὑμῶν

483 647 589 710 τὰς
611 645 919 713 ἁμαρτίας,
941 644 1003 698 τὸ
1024 644 1157 698 αὐτὸ
1179 644 1372 715 δηλῶν.
1400 641 1532 697 Εῐτα
1551 644 1612 697 τὸ
1632 643 1820 714 κέρδος
1840 644 2055 710 ἐπάγω

485 730 682 794 Ὅπως
696 728 772 781 ἂν
786 727 1004 782 ἔλθωσι
1025 728 1213 798 καιροὶ
1229 729 1583 797 ἀναψύξεως
1599 728 1718 782 ἀπὸ
1737 725 2060 794 προσώπου

480 811 588 868 τοῦ
637 811 880 879 κυρίου.
930 811 1212 865 Δείκνυσιν
1263 811 1494 865 ἐνταῦθα
1544 809 2064 880 ταλαιπωρηθέντας

482 895 701 956 αὐτοὺς,
730 895 822 947 xal
843 894 1055 958 πολλοῖς
1088 893 1561 964 κατεργασθέντας
1598 894 1809 955 κακοῖς.
1859 893 1949 944 Διὸ
1972 892 2064 944 καὶ

481 976 654 1040 οὕτως
684 972 857 1040 εἶπεν,
899 978 1054 1040 εἰδὼς
1088 979 1170 1030 ὅτι
1206 979 1342 1048 πρὸς
1391 978 1483 1030 τὸν
1522 977 1800 1046 πάσχοντα
1836 977 1930 1029 καὶ
1959 994 2064 1029 πα-

484 1061 758 1136 ραμυθίαν
782 1059 1049 1127 ζητοῦντα
1075 1054 1230 1124 οὗτος
1262 1062 1327 1114 ἂν
1350 1061 1638 1132 ἀρμόσειεν
1661 1063 1688 1112 6
1709 1059 1885 1128 λόγος.

557 1145 628 1214 β’.
647 1144 756 1197 Kal
775 1145 895 1215 δρα,
931 1142 1048 1206 πῶς
1073 1143 1175 1214 ὀδῷ
1197 1144 1498 1212 προϐαίνει.
1528 1144 1616 1196 Ἐν
1650 1144 1748 1213 μὲν
1779 1146 1843 1213 τῇ
1875 1140 2062 1213 πρώτῃ

482 1226 792 1299 δημηγορία
818 1226 1000 1298 ἡρέμα
1032 1227 1130 1296 τὴν
1169 1227 1464 1280 ἀνάστασιν
1494 1226 1588 1280 καὶ
1613 1229 1712 1298 τὴν
1752 1229 1809 1279 ἐν
1851 1227 2064 1298 οὐρανῷ

484 1313 700 1368 κάθισιν
719 1312 969 1383 ᾐνίξατο·
1001 1311 1232 1364 ἐνταῦθα
1267 1311 1324 1377 δὲ
1355 1311 1450 1364 καὶ⁵
1475 1314 1570 1382 τὴν
1605 1312 1824 1382 ἐμφανῆ
1860 1328 2064 1381 παρου-

485 1397 630 1451 σίαν.
661 1397 772 1449 Καὶ
811 1395 1147 1463 ἀποστείλῃ
1189 1394 1297 1447 τὸν
1321 1394 1891 1463 προκεχειρισμένον
1954 1395 2066 1461 ἰη-

483 1481 641 1535 σοῦν
667 1480 947 1549 Χριστὸν,
968 1479 1040 1533 ὃν
1075 1478 1172 1532 δεῖ
1187 1477 1450 1547 οὐρανὸν
1467 1479 1585 1546 μὲν
1603 1478 1891 1542 δέξασθαι
1907 1494 1918 1506 ·
1944 1478 2065 1530 ἀντὶ

481 1565 601 1630 τοῦ,
635 1564 846 1634 ἀνάγκη
878 1564 1052 1616 ἐστίν’
1081 1563 1218 1632 ἄχρι
1259 1565 1494 1632 χρόνων
1520 1561 2064 1626 ἀποκαταστάσεως

480 1647 746 1702 πάντων.
777 1648 930 1700 Διατί
959 1647 1054 1700 νῦν
1079 1647 1178 1699 οὐκ
1217 1645 1476 1717 ἔρχεται,
1517 1647 1550 1718 ή
1583 1645 1732 1698 αίτία
1761 1645 1916 1716 δήλη.
1954 1641 2064 1699 Ὧν

482 1731 772 1801 ἐλάλησε,
801 1732 986 1803 φησὶν,
1021 1734 1053 1786 ό
1085 1730 1229 1797 Θεὸς
1262 1729 1359 1784 διὰ
1401 1732 1697 1800 στόματος
1723 1729 1841 1783 τῶν
1880 1729 2063 1799 ἁγίων

483 1817 670 1872 αὐτοῦ
689 1815 1009 1886 προφητῶν
1030 1814 1148 1868 τῶν
1165 1813 1512 1880 ἀπἀὶῶνος.
1529 1812 1750 1879 Μωσῆς
1761 1812 1877 1882 μὲν
1895 1813 2063 1866 εἶπεν

481 1905 633 1971 πρὸς
663 1903 801 1969 τοὺς
831 1902 1111 1970 πατέρας,
1147 1901 1236 1954 ὅτι
1274 1901 1597 1970 Προφήτην
1621 1901 1763 1969 ὑμῖν
1795 1900 2061 1966 ἀναστή-

483 2002 579 2042 σει
602 1987 821 2054 Κύριος
843 1988 876 2038 ὸ
894 1985 1033 2050 Θεὸς
1063 1983 1231 2053 ὑμῶν
1251 1984 1321 2037 ἐκ
1354 1983 1472 2036 τῶν
1499 1982 1779 2052 ἀδελφῶν
1801 1981 1964 2052 ὑμῶν
1982 1983 2062 2049 ὡς

482 2069 613 2138 ἐμέο
645 2067 830 2122 αὑτοῦ
869 2067 1208 2120 ἀκούσεσθε
1249 2067 1400 2122 κατὰ
1427 2066 1624 2120 πάντα
1644 2107 1656 2124 .
1698 2067 1815 2120 ὅσα
1845 2065 1920 2120 ἂν
1956 2070 2063 2120 λα-

483 2151 648 2220 λήσῃ
676 2151 824 2222 ,πρὸς
847 2148 1022 2220 ὑμᾶς.
1058 2151 1204 2203 Ἐκεῖ
1224 2150 1253 2190 ι)
1289 2150 1386 2222 μὲν
1414 2149 1508 2202 τοῦ
1537 2148 1700 2203 Δαυτδ
1729 2150 2063 2220 ἐμνημόνευ-

485 2254 598 2300 σεν,
627 2235 858 2291 ἐνταῦθα
894 2235 950 2287 δὲ
986 2235 1245 2299 Μωσέως.
1279 2233 1550 2296 Πάντων,
1571 2235 1736 2305 φησὶν
1761 2275 1776 2300 ,
1813 2227 1900 2287 ὦν
1927 2233 2064 2288 ἐλιὶ-

484 2325 679 2388 λησεν
703 2323 736 2374 ὁ
771 2323 932 2385 Θεός.
973 2320 1045 2372 υὺ
1068 2319 1238 2386 λέγει,
1266 2313 1367 2371 Ὧν
1398 2315 1550 2372 εἶπεν
1582 2321 1610 2372 6
1649 2317 1901 2389 Χριστὸς,
1925 2319 2059 2382 ἀλλ’,

484 2398 593 2457 Ὧν
613 2402 919 2469 ἐλάλησεν
943 2405 974 2455 ό
1005 2401 1167 2468 Θεὸς,
1195 2401 1276 2454 ἔτι
1299 2400 1377 2470 τῷ
1412 2402 1722 2466 συσκιάζειν
1745 2401 1942 2471 μᾶλλον
1967 2403 2064 2454 αὑ-

483 2487 610 2550 τοὺς
629 2485 967 2555 ἑπαγόμενος
993 2485 1071 2547 εἰς
1103 2485 1284 2537 πίστιν
1316 2485 1520 2555 ἡρέμα.
1550 2481 1684 2538 Εἶτα
1713 2485 1802 2536 ἐπὶ
1837 2485 1896 2536 τὸ
1920 2486 2062 2551 ἀξιό-

484 2586 673 2623 πιστον
693 2567 1046 2637 καταφεύγει,
1072 2568 1246 2636 λέγων
1268 2584 1278 2595 ·
1303 2567 1624 2637 Προφήτην
1642 2568 1783 2638 ὑμῖν
1803 2569 2062 2637 ἀναστήο

483 2669 579 2706 σει
604 2653 819 2720 Κύριος
839 2654 872 2704 ὁ
903 2651 1048 2717 Θεὸς
1069 2651 1137 2704 ἐκ
1177 2649 1295 2702 τῶν
1317 2651 1599 2720 ἀδελφῶν
1630 2650 1796 2720 ὑμῶν
1827 2653 1908 2716 ὡς
1927 2652 2028 2720 ἐμὲ
2045 2666 2060 2681 ⁹

484 2734 670 2789 αὑτοῦ
691 2735 1030 2788 ἀκούσεσθε
1053 2735 1203 2786 κατά
1223 2733 1440 2787 πάντα.
1471 2729 1602 2787 Εἶτα
1632 2735 1726 2786 καὶ
1757 2735 1790 2804 ή
1824 2737 2062 2806 τιμωρία

487 2818 678 2891 πολλή.
714 2819 921 2871 Ἔσται
947 2817 1033 2879 δὲ,
1062 2818 1213 2890 φησὶ,
1247 2815 1415 2872 πᾶσα
1442 2817 1636 2885 ψυχὴ,
1690 2817 1822 2886 ἣτις
1868 2818 1945 2871 ἂν
1975 2818 2062 2889 μὴ

483 2903 720 2972 ἀκούσῃ
743 2901 848 2957 τοῦ
874 2901 1182 2970 προφήτου
1208 2901 1464 2961 ἐκείνου,
1495 2901 2064 2968 ἑξολοθρευθήσεται

483 2987 552 3040 ἐκ
585 2985 691 3040 τοῦ
727 2985 900 3040 λαοῦ.
929 2985 1037 3038 Καὶ
1061 2983 1282 3049 πάντες
1307 2983 1375 3036 δὲ
1395 2987 1453 3037 οὶ
1478 2982 1774 3052 προφῆται
1797 2985 1914 3040 ἀπὸ
1949 2988 2063 3037 Σα-

479 3070 684 3140 μουὴλ
705 3067 936 3122 καὶτῶν
957 3067 1216 3135 καθεξῆς
1233 3068 1366 3120 ὅσοι
1387 3067 1701 3133 ἐλάλησαν
1720 3067 1818 3119 καὶ
1848 3067 2063 3136 κατήγ-

483 3157 691 3224 γειλαν
722 3153 829 3218 τὰς
876 3152 1101 3220 ἡμέρας
1139 3152 1378 3215 ταύτας.
1441 3150 1704 3202 Ἐνταῦθα
1747 3151 1928 3212 καλῶς
1973 3151 2063 3203 τὸν

483 3238 702 3309 δλεθρον
728 3237 922 3306 έθηκεν
955 3246 1001 3287 ο.
1039 3235 1206 3288 Ὅταν
1233 3236 1341 3304 γάρ
1359 3252 1411 3286 τι
1439 3234 1570 3305 λέγῃ
1606 3233 1768 3304 μέγα,
1820 3235 1912 3286 ὲπὶ
1938 3237 2062 3299 τοὺς

485 3320 734 3392 πρώτους
759 3317 1112 3387 καταφεύγει.
1139 3319 1248 3370 Kal
1273 3315 1575 3387 μαρτυρίαν
1597 3311 1752 3387 εὗρεν
1777 3317 2063 3388 ἀμφότερα

483 3405 735 3473 ἔχουσαν,
751 3401 936 3473 ὥσπερ
953 3401 1071 3453 ἐκεῖ
1085 3397 1236 3452 εἶπεν
1250 3416 1263 3429 ’
1283 3399 1436 3464 ’Ἕως
1461 3399 1538 3452 ἂν
1556 3397 1630 3466 θῇ
1651 3398 1792 3465 τοὺς
1813 3399 2063 3467 ἐχθροὺς

483 3487 600 3542 ὑπὸ
627 3485 768 3552 τοὺς
795 3485 985 3551 πόδας
1000 3483 1207 3537 αὑτοῦ.
1238 3483 1311 3535 Τὸ
1330 3484 1438 3554 γὰρ
1462 3483 1797 3553 θαυμαστὸν,
1819 3485 1899 3537 ὅτι
1925 3485 2059 3555 ὁμοῦ

484 3571 555 3622 τὰ
589 3568 704 3630 δύο,
739 3569 834 3621 καὶ
886 3566 1134 3636 ὑποταγὴ
1167 3568 1261 3619 καὶ
1293 3566 1567 3638 παρακοὴ,
1604 3568 1754 3637 καὶὴ
1800 3567 2058 3639 τιμωρία.

497 3653 591 3717 Ὠς
612 3651 734 3720 ἐμὲ,
759 3651 912 3721 φησί.
940 3649 1004 3702 Τί
1030 3650 1207 3702 τοίνυν
1237 3650 1487 3703 πτοεῖσθε
1511 3669 1525 3716 ;
1561 3650 1757 3720 Ὑμεῖς
1784 3652 1923 3704 ἐστε
1942 3652 2060 3704 υἱοὶ

487 3737 604 3796 τῶν
619 3734 1129 3805 προφητῶν.”οστε
1149 3738 1175 3786 ὑ
1185 3738 1275 3805 μῖν
1291 3735 1498 3805 ἔλεγον,
1519 3738 1612 3790 καὶ
1630 3738 1697 3790 δι’
1718 3738 1861 3808 ὑμᾶς
1882 3737 2060 3791 πάντα

485 3821 727 3888 γέγονεν.
747 3819 962 3888 Ἐπειδὴ
984 3818 1092 3889 γὰρ
1110 3818 1268 3871 διὰτὸ
1288 3819 1544 3889 τόλμημα
1567 3819 1812 3890 ἐνόμιζον
1835 3821 2060 3883 ἑαυτοὺς

484 3902 874 3977 ἠλλοτριῶσθαι
919 3902 1036 3957 (καὶ
1077 3901 1186 3974 γὰρ
1217 3903 1316 3954 οῦκ
1356 3901 1467 3972 ἔχει
1506 3902 1662 3971 λόγον
1692 3903 1719 3942 ά
1751 3903 1841 3956 τὸν
1871 3904 2056 3970 αὑτὸν,

485 3987 580 4044 νῦν
604 3987 703 4058 μὲν
721 3985 1100 4058 σταυροῦσθαι,
1125 3985 1218 4040 νῦν
1244 3985 1300 4039 δὲ
1321 3986 1394 4051 ὠς
1425 3987 1655 4052 οἰκείους
1685 3989 2053 4060 θεραπεύειν),

485 4073 773 4136 δείκνυσιν,
792 4071 875 4126 ὅτι
903 4071 995 4124 καὶ
1020 4072 1195 4123 ἐκεῖνο
1212 4071 1350 4124 κατὰ
1365 4071 1699 4142 προφητείαν
1717 4113 1732 4138 ,
1760 4073 1854 4125 καὶ
1879 4072 2053 4127 τοῦτο.

497 4155 694 4224 ’Υμεῖς
719 4155 878 4218 ἐστε,
915 4155 1097 4223 φησὶν,
1131 4153 1247 4207 υἱοὶ
1275 4153 1392 4208 τῶν
1421 4154 1769 4223 προφητῶν,
1814 4154 1912 4208 καί
1948 4154 2058 4224 τῆς

485 4237 795 4305 διαθήκης,
844 4233 920 4307 ἧς
967 4236 1192 4290 διέθετο
1219 4239 1252 4290 ὁ
1281 4237 1425 4306 Θεὸς
1459 4237 1608 4309 πρὸς
1629 4237 1768 4304 τοὺς
1800 4238 2057 4306 πατέρας

485 4319 673 4390 ὑμῶν,
705 4319 897 4388 λέγων
931 4320 1080 4386 πρὸς
1112 4319 1381 4391 Ἁϐραάμ·
1409 4319 1519 4372 Καὶ
1556 4321 1626 4374 ἐν
1651 4320 1732 4385 τῷ
1766 4322 2058 4390 σπέρματί

485 4418 603 4458 σου
652 4402 1164 4472 εὐλογηθήσονται
1197 4402 1383 4456 πᾶσαι
1409 4407 1468 4458 αἱ
1505 4405 1740 4471 πατριαὶ
1781 4404 1891 4472 τῆς
1922 4405 2054 4476 γῆς.

497 4484 669 4554 ’Υμῖν
692 4483 946 4551 πρῶτον,
971 4486 1154 4554 φησὶν,
1179 4487 1212 4538 ό
1237 4485 1380 4552 Θεὸς
1405 4487 1761 4553 ἀναστήσας
1787 4488 1894 4541 τὸν
1916 4490 2058 4542 Παῖ-

485 4567 562 4622 δα
589 4568 777 4625 αὐτοῦ
813 4567 1196 4625 ἀπέστειλεν.
1228 4571 1368 4642 Ἀρα
1397 4571 1488 4623 καὶ
1516 4571 1722 4642 ἑτέροις
1745 4588 1758 4603 ⁸
1790 4572 1901 4626 ἀλλ’
1930 4574 2058 4646 ὑμῖν

491 4653 701 4722 πρῶτον
720 4654 833 4714 τοῖς
862 4651 1256 4724 σταυρώσασιν.
1281 4654 1669 4722 Εὑλογοῦντιι
1690 4655 1863 4724 ὑμᾶς,
1885 4657 1953 4709 ἐν
1981 4655 2060 4722 τῷ

486 4733 887 4802 ἀποστρέφειν
910 4734 1170 4792 ἕκαστον
1195 4736 1314 4794 ἀπὸ
1346 4737 1462 4788 τῶν
1491 4736 1809 4806 πονηριῶν.
1837 4739 2059 4810 Ἷδωμεν

486 4818 544 4872 δὲ
567 4816 955 4888 ἀκριϐέστερον
987 4817 1190 4871 ἀνωθεν
1212 4818 1280 4873 τὰ
1318 4820 1752 4890 ἀναγνωσθέντα.
1788 4821 1936 4886 Τέως
1958 4840 2059 4876 κα-

487 4900 808 4964 τασκευάζει
832 4941 846 4965 ,
901 4900 982 4955 ὃτι
1014 4901 1165 4954 αὐτοὶ
1194 4913 1216 4940 ε
1250 4903 1510 4971 ἐποίησαν
1558 4903 1617 4955 τὸ
1667 4903 1849 4974 θαῦμα
1884 4909 1940 4957 ἐν
1984 4903 2061 4976 τῷ

489 4985 683 5036 εἰπεῖν’
710 4981 827 5056 [72]
855 4985 913 5037 Τί
938 4983 1293 5054 θαυμάζετε;
1314 4987 1422 5038 Kal
1449 4985 1546 5037 οὐκ
1562 4986 1786 5056 ἀφίησιν
1813 4989 2061 5041 ἀπιστεῖ-

491 5066 614 5119 σθαι
639 5068 700 5119 τὸ
715 5069 1024 5138 λεγόμενον.
1050 5070 1157 5121 Kal
1179 5069 1264 5121 ἵνα
1288 5068 1727 5140 ἀξιοπιστότερον
1751 5071 1881 5125 αὐτὸ
1908 5074 2063 5144 ποιή-

490 5164 577 5218 σῃ,
606 5151 1119 5222 προκαταλαμϐάνει
1137 5152 1316 5205 αὐτῶν
1337 5154 1434 5228 τήν
1454 5153 1634 5223 κρίσιν
1656 5170 1668 5182 ’
1705 5153 1884 5222 Ἡμῖν,
1908 5157 2060 5228 φησὶ,

488 5233 546 5285 τι
572 5232 881 5297 ἀτενίζετε,
911 5236 993 5300 ὡς
1022 5235 1140 5305 ἰδίᾳ
1169 5236 1417 5305 δυνάμει
1442 5239 1478 5306 ἣ
1510 5239 1785 5304 εὐσεϐείᾳ
1811 5255 2062 5309 πεποιη-

488 5315 692 5376 κόσιν;
725 5316 786 5367 EE
811 5315 969 5368 τοῦτο
1001 5318 1144 5387 ὑμᾶς
1168 5321 1421 5388 ταράττει
1447 5322 1539 5374 καὶ
1569 5321 1803 5396 θορυϐεῖ,
1839 5324 2059 5396 μάθετε,

486 5398 570 5462 τίς
595 5401 624 5452 6
651 5400 902 5469 ποιήσας,
937 5400 1030 5452 καὶ
1065 5401 1140 5474 μὴ
1164 5402 1552 5473 ἐκπλήττεσθε.
1586 5393 1694 5457 Kal
1732 5407 1831 5476 ὅρα
1853 5393 2061 5459 ’παντα-

487 5482 607 5554 χοῦ,
625 5482 720 5565 Ῠὸτι
749 5484 842 5534 ἐπὶ
871 5483 959 5535 τὸν
981 5483 1112 5535 Θεὸν
1134 5485 1262 5537 ὅταν
1297 5487 1634 5565 καταφεύγῃ.
1661 5493 1754 5545 καὶ
1779 5493 1906 5565 εἴπῃ
1930 5492 2058 5562 παρ’

487 5564 648 5620 αὑτοῦ
679 5565 921 5634 γίνεσθαι
945 5567 1140 5630 πάντα,
1170 5568 1288 5621 τότε
1311 5568 1480 5634 ἀδεῶς
1509 5551 1689 5637 αὐτοῖς
1718 5551 2055 5645 ἐπιπλήττει.

552 5732 579 5758 ⁸
597 5729 1177 5800 ξ’ᾼποᾳτρέψατε-Μοηῑζκ
1197 5733 1463 5800 σιειετὶιιυβ
1489 5733 1647 5800 Ἐιίίιί.
1674 5735 1896 5784 Alterum
1932 5752 2056 5800 pra:-

490 5789 614 5862 pepl
641 5793 767 5862 Bibl.
791 5789 1023 5862 ’ρι’Διηυ-ἑμ
1057 5794 1196 5862 (:m_J_d.
1233 5789 1398 5862 Eum:
1425 5793 1684 5862 _|'_()ui«!0rp
1720 5800 1914 5847 codices
1933 5789 2056 5862 ’προς

487 5851 622 5921 ὖμᾶς;
665 5855 800 5921 Τότε..
870 5857 891 5885 θ
915 5855 1056 5921 Alinas
1085 5857 1303 5921 τέθεικεν.
1369 5851 1554 5921 τιγΙιίριιι
1579 5857 1948 5921 ἠλλοτριῶσθαι,
1975 5851 2055 5910 καί

489 5915 577 5958 οὐκ
600 5915 720 5974 ἔχειν
743 5917 897 5976 λόγον.
923 5979 929 5980 7
970 5930 992 5954 υ
1016 5917 1300 5980 Legendum
1340 5917 1532 5980 τωρωι·
1564 5917 1636 5964 ὃτι
1671 5915 1757 5980 οὐκ
1782 5915 1946 5977 αὐτοί,
1965 5937 2055 5973 nc-

490 5981 786 6038 uanlemque
807 5978 1108 6040 particulamﬁ
1129 5980 1374 6041 expressit
1408 5978 1647 6030 Erasmus.
1676 5979 1803 6030 Enn.

2164 478 2263 532 Διά
2296 479 2454 543 τοῦτο
2484 480 2579 534 καὶ
2606 478 2864 551 ἀνωτέρω
2893 477 3079 546 ἔλεγεν
3102 516 3118 540 ,
3176 476 3387 544 Ἄνδρα
3431 473 3729 530 ἀποδεδει-

2161 563 2384 632 γμένον
2403 563 2522 619 ἀπὸ
2555 563 2703 618 Θεοῦ
2734 565 2822 628 είς
2862 561 3040 631 ὑμᾶς.
3072 561 3181 616 Kal
3220 558 3494 630 πανταχοῦ
3541 561 3730 628 ἀναμι-

2169 648 2396 716 μνήσκει
2425 647 2623 710 αὐτοὺς
2645 646 2738 700 τοῦ
2772 647 3119 716 τολμήματος
3142 685 3155 707 ,
3195 645 3279 698 ἵνα
3305 644 3398 698 καὶ
3441 643 3502 696 τὸ
3553 643 3732 712 θαῦμα

2164 729 2490 801 δειχθῇ,καὶ
2518 733 2551 803 ή
2580 731 2877 794 ἀνάστασις
2933 730 3173 801 κυρωθῇ.
3222 727 3486 782 Ἐνταῦθα
3532 725 3593 780 δὲ
3645 728 3733 780 καὶ

2161 812 2288 865 ἄλλο
2331 813 2703 884 προσέθηκεν·
2759 814 2860 866 οὐκ
2912 812 2991 865 ἔτι
3025 812 3133 883 γὰρ
3188 811 3508 881 Ναζωραῖον
3563 807 3730 876 λέγει,

2160 895 2296 949 ἀλλὰ
2324 897 2409 960 τί;
2454 897 2515 950 ὐ
2545 896 2710 962 Θεὸς,
2750 896 2902 965 φησὶ,
2932 893 3052 947 τῶν
3097 893 3366 963 πατέρων
3408 892 3576 962 ήμῶν
3608 893 3734 948 ἐδό-

2162 977 2313 1042 ξασε
2345 979 2452 1033 τὸν
2497 979 2682 1034 Παῖδα
2716 979 2900 1032 αὑτοῦ
2938 977 3189 1045 Ἰησοῦν.

2233 1062 2374 1133 Ὀρα
2401 1063 2496 1115 καὶ
2522 1065 2582 1115 τὸ
2611 1062 2834 1131 ἄτυφον.
2887 1062 2999 1114 οὐκ
3031 1060 3370 1118 ἐνεκάλεσεν,
3415 1059 3536 1112 οὐδὲ
3587 1055 3734 1111 εἶπεν

2161 1145 2364 1210 εὐθέως
2383 1163 2396 1178 ο
2437 1146 2541 1199 Καὶ
2561 1145 2654 1199 νῦν
2681 1146 2990 1199 πιστεύετε·
3026 1145 3128 1197 ἰδοὺ
3160 1143 3444 1214 ἄνθρωπος
3471 1141 3736 1212 τεσσαρά⁴

2162 1246 2328 1282 κοντα
2361 1229 2454 1299 ἔτη
2490 1229 2658 1300 χωλὸς
2683 1229 2779 1295 ὣν,
2803 1231 2860 1281 ἐν
2892 1229 2968 1299 τῷ
3008 1229 3230 1297 ὀνόματι
3277 1227 3453 1297 Ἰησοῦ
3495 1224 3734 1299 Χριστοῦ

2161 1312 2382 1382 ἀνέστη.
2425 1313 2536 1382 Οὐχ
2591 1312 2761 1376 οὕτως
2795 1310 2947 1366 εἶπεν
2968 1330 2981 1344 ο
3035 1310 3490 1381 φιλονεικοτέρους
3523 1308 3640 1379 γὰρ
3671 1309 3734 1362 ἂν

2161 1394 2418 1466 ἐποίησεν
2437 1413 2451 1426 ·
2485 1395 2620 1450 ἀλλά
2652 1395 3017 1459 τέως-αὑτοὺς
3045 1396 3285 1456 ἐπαινεῖ,
3314 1395 3396 1446 ὃτι
3429 1391 3733 1463 ἐθαύμαζον

2161 1479 2222 1532 τὸ
2242 1479 2628 1550 γεγενημένον.
2660 1480 2770 1532 Kal
2795 1478 2956 1533 πάλιν
3003 1478 3112 1532 ἀπὸ
3137 1477 3231 1529 τοῦ
3265 1477 3529 1546 προγόνου
3559 1476 3730 1529 καλεῖ.

2163 1563 2273 1616 Kal
2303 1563 2364 1615 οὐ
2390 1563 2555 1631 λέγει,
2573 1563 2630 1617 '0
2665 1563 2873 1635 Ἰησοῦς
2902 1563 3062 1616 αὑτὸν
3095 1561 3451 1634 ἑθεράπευσεο
3476 1560 3734 1628 καίτοιγε

2160 1647 2322 1710 αὐτὸς
2344 1648 2503 1700 αὑτὸν
2536 1647 2900 1720 ἐθεράπευσεν
2922 1664 2935 1677 '
2959 1645 3096 1708 ἀλλ’,
3130 1645 3216 1699 ἵνα
3268 1644 3342 1715 μὴ
3369 1644 3591 1712 λέγωσι,
3629 1644 3736 1696 Kal

2161 1731 2276 1792 πῶς
2301 1731 2412 1801 ἔχει
2436 1729 2610 1784 ταῦτα
2637 1730 2812 1798 λόγον,
2842 1731 2890 1781 εί
2918 1728 3007 1782 τὸν
3037 1728 3352 1799 παράνομον
3377 1725 3620 1791 δοξάζεις
3649 1724 3736 1778 διὰ

2159 1813 2317 1866 τοῦτο
2344 1813 2538 1876 αὐτοὺς
2563 1813 2967 1882 ἀναμιμνήσκει
2991 1811 3092 1881 τῆς
3114 1810 3348 1881 κρίσεως
3375 1810 3474 1879 τῆς
3513 1810 3606 1861 ἐπὶ
3640 1809 3737 1860 Πι-

2159 1896 2342 1958 λάτου,
2370 1897 2604 1960 δεικνὺς,
2641 1899 2723 1950 ὅτι
2779 1899 2826 1949 εί
2880 1895 3083 1948 θέλοιεν
3134 1894 3440 1964 προσέχειν,
3469 1895 3570 1947 οὐκ
3619 1893 3736 1946 ἔστι

2161 1983 2476 2052 παράνομος
2495 1999 2509 2012 ·
2541 1983 2600 2034 οὐ
2623 1981 2730 2052 γὰρ
2748 1978 2811 2032 ἂν
2829 1981 2856 2031 6
2879 1979 3108 2040 Πιλᾶτος
3137 1976 3396 2046 ἠθέλησεν
3417 1975 3577 2030 αὑτὸν
3600 1976 3738 2028 ἀπο-

2159 2064 2338 2120 λῦσαι.
2374 2065 2478 2119 Καὶ
2509 2067 2610 2118 οὐκ
2639 2059 2783 2122 εἷπε.
2822 2062 3178 2132 Θελήσαντος,
3221 2059 3372 2122 ἀλλὰ,
3408 2059 3736 2128 Κρίναντος

2159 2148 2395 2202 ἐκείνου
2425 2147 2716 2201 ἀπολύειν
2739 2163 2752 2176 ·
2786 2145 2982 2214 δηλῶν,
3005 2145 3086 2196 ὅτι
3114 2143 3204 2196 τὸν
3243 2143 3337 2211 μὲν
3363 2143 3579 2212 ἐτέρους
3611 2143 3736 2195 ἀνε-

2159 2230 2318 2284 λόντα
2348 2231 2590 2302 ᾐτήσατε
2629 2230 2916 2300 ἀφεθῆναι,
2977 2228 3067 2281 τὸν
3117 2228 3172 2280 δὲ
3209 2227 3333 2289 τοὺς
3360 2226 3738 2299 ἀνῃρημένους

2161 2312 2528 2382 ζωογονοῦντα
2546 2313 2645 2366 οὐκ
2678 2313 2995 2381 ἠθελήσατε.
3027 2310 3135 2363 Kal
3164 2311 3247 2363 ἵνα
3281 2310 3356 2380 μὴ
3390 2309 3586 2376 λέγωσι
3627 2308 3737 2361 πά-

2160 2395 2266 2458 λιν,
2285 2395 2408 2456 Πῶς
2431 2395 2524 2448 νῦν
2540 2395 2701 2448 αὐτὸν
2723 2395 2935 2460 δοξάζει
2961 2396 2989 2446 6
3016 2395 3135 2447 τότε
3163 2392 3237 2463 μὴ
3262 2392 3533 2462 βοηθήσας
3555 2407 3571 2457 ;
3595 2408 3739 2460 παρ-

2160 2482 2353 2547 άγουσι
2376 2479 2502 2542 τοῦς
2531 2482 2812 2550 προφήτας
2842 2477 3268 2549 μαρτυροῦντας,
3299 2477 3382 2528 ὃτι
3408 2475 3579 2539 οὕτως
3627 2475 3738 2529 ἔδει

2161 2565 2435 2632 γενέσθαι.
2470 2562 2621 2628 Εἶτα,
2658 2564 2744 2616 ἵνα
2776 2563 2848 2632 μὴ
2878 2562 3140 2631 νομίσωσι
3175 2561 3269 2613 τοῦ
3292 2560 3426 2613 Θεοῦ
3458 2562 3557 2631 τὴν
3593 2560 3738 2612 οἰκο-

2159 2650 2348 2720 νομίαν
2379 2649 2673 2716 ἀπολογίαν
2711 2649 2886 2700 αὐτῶν
2912 2643 3072 2706 εἶναι,
3105 2646 3366 2716 πρότερον
3396 2646 3574 2698 αὐτῶν
3606 2646 3741 2699 καθ-

2163 2738 2414 2788 άπτεται.
2447 2734 2553 2784 Kal
2583 2732 2642 2783 τὸ
2680 2731 2822 2784 κατὰ
2855 2731 3142 2801 πρόσωπον
3175 2728 3232 2780 δὲ
3281 2728 3511 2781 Πιλάτου
3570 2730 3738 2802 ἀρνή-

2164 2818 2381 2878 σασθαι,
2413 2818 2512 2870 οὐκ
2543 2811 2610 2886 ἦν
2643 2815 2700 2867 16
2734 2813 2909 2883 τυχὸν,
2937 2813 3141 2865 ἐκείνου
3180 2812 3504 2882 βουλομένου
3537 2813 3741 2866 ἀπολῦ-

2164 2918 2282 2953 σαι·
2318 2903 2412 2953 xal
2443 2901 2523 2953 ὅτι
2552 2901 2612 2953 οὐ
2635 2899 2853 2952 δυνατὸν
2894 2899 3020 2966 ὑμῖν
3044 2895 3401 2968 ἀρνήσασθαι,
3441 2898 3742 2968 κατηγορεῖ

2160 2985 2188 3036 ὸ
2215 2985 2456 3053 αἰτηθεὶς
2489 2985 2602 3037 ἀντ’
2637 2982 2821 3035 αὑτοῦ.
2876 2981 3032 3033 Οὕτω
3077 2979 3356 3032 καὶτοῦτο
3387 2979 3407 3017 ί
3457 2980 3741 3051 οἰκονομία

2165 3067 2372 3140 μεγάλη
2397 3063 2482 3137 ἦν.
2533 3065 2796 3118 Ἐνταῦθα
2837 3064 2934 3134 τὴν
2978 3064 3362 3132 ἀναισχυντίαν
3401 3064 3580 3116 αὐτῶν
3629 3063 3738 3116 δεί-

2162 3169 2317 3206 κνυσι
2350 3151 2443 3204 καὶ
2469 3151 2566 3220 τὴν
2599 3150 2926 3219 ἰταμότηταο
2956 3149 3049 3201 καὶ
3081 3150 3162 3201 ὃτι
3189 3149 3217 3200 6
3253 3149 3351 3216 μὲν
3399 3148 3603 3218 Ἕλλην
3643 3149 3741 3200 καὶ

2165 3237 2322 3308 μόνον
2356 3235 2475 3288 τότε
2534 3234 2748 3305 πρῶτον
2782 3233 2942 3286 αὑτὸν
2993 3232 3134 3294 ἰδὼν,
3190 3230 3495 3302 ἀπήλλαξεν
3548 3232 3739 3295 αὑτὸν,

2161 3320 2337 3374 καίτοι
2389 3335 2452 3386 γε
2481 3318 2630 3371 οὐδὲν
2679 3318 2818 3388 μέγα
2865 3315 3102 3378 ἀκούσας
3122 3332 3135 3346 ο
3166 3318 3211 3368 οί
3245 3315 3299 3367 δὲ
3324 3317 3434 3377 τοῖς
3485 3315 3741 3384 σημείοις

2163 3404 2601 3474 συντρεφόμενοι,
2634 3400 2696 3453 τὸ
2725 3401 2967 3454 ἐναντίον
2992 3400 3372 3469 πεποιήκασιν.
3408 3399 3530 3452 Ὀτι
3562 3398 3620 3450 δὲ
3654 3399 3739 3452 δι-

2160 3489 2330 3551 καίως
2364 3487 2573 3556 ἔκρινεν
2607 3486 2812 3547 ἐκεῖνος
2860 3482 3135 3541 ἀπολύειν,
3192 3485 3284 3534 καὶ
3316 3483 3376 3534 οῦ
3401 3481 3541 3534 κατά
3572 3483 3740 3552 χάριν

2158 3572 2315 3624 τοῦτο
2339 3570 2510 3624 ἐποίει
2535 3612 2550 3631 ,
2597 3567 2760 3621 ἄκουε
2799 3566 2962 3619 αὐτοῦ
3002 3565 3233 3636 ἀλλαχοῦ
3260 3565 3506 3633 λέγοντος
3525 3581 3548 3601 ὀ
3573 3566 3742 3628 Ἐθος

2160 3665 2286 3732 ὑμῖν
2318 3664 2462 3714 ἐστιν
2502 3659 2757 3713 ἀπολύειν
2797 3659 2893 3711 ἕνα
2927 3659 3078 3711 τινάο
3127 3657 3338 3714 Θέλετε
3377 3652 3488 3712 οὖν
3519 3657 3742 3712 τοῦτον

2157 3747 2444 3799 ἀπολύσω
2473 3743 2644 3816 ῠμῖνς
2683 3741 2880 3811 Ὑμεῖς
2902 3740 2968 3798 δὲ
3009 3739 3116 3793 τὸν
3142 3739 3313 3808 ἅγιον
3369 3740 3463 3793 καί
3501 3739 3743 3795 δίκαιον

2156 3828 2525 3897 ἠρνήσασθε.
2547 3827 2658 3881 Οὐκ
2687 3823 2859 3885 εἶπεν,
2893 3823 3242 3887 Ἐξεδώκατε,
3266 3823 3401 3876 ἀλλά
3431 3823 3738 3895 πανταχοῦ,

2170 3912 2564 3979 Ἦρνήσασθε.
2595 3911 2850 3970 Εἰκότως.
2878 3907 3033 3958 οὕτω
3058 3906 3162 3977 γὰρ
3197 3908 3291 3959 καὶ
3324 3907 3505 3974 ἔλεγον
3534 3909 3558 3946 ε
3580 3923 3593 3936 ·
3615 3910 3740 3962 Οὐκ

2155 3996 2374 4064 ἔχομεν
2415 3991 2681 4057 ,ϐασιλέα
2714 3993 2765 4044 εί
2796 3989 2882 4058 μὴ
2941 3990 3234 4056 Καίσαρα.
3275 3992 3383 4043 Kal
3413 3991 3514 4044 οὐκ
3555 3987 3740 4056 εἶπεν,

2155 4079 2266 4131 Οὐκ
2299 4075 2628 4148 ἐξῃτήσασθε
2659 4073 2748 4126 τὸν
2774 4074 3032 4143 ἄληπτον,
3060 4073 3177 4125 οὐδὲ
3202 4074 3506 4143 ἠρνήσασθε
3553 4075 3741 4144 μόνον,

2155 4161 2289 4214 ἀλλὰ
2321 4161 2410 4212 καὶ
2439 4159 2817 4221 ἀπεκτείνατε.
2853 4159 2980 4210 Ὅτε
3013 4157 3409 4225 πεπωρωμένοι
3441 4152 3618 4228 ἦσαν,
3657 4159 3746 4212 ονε.

2153 4244 2241 4297 δὲν
2265 4243 2502 4295 τοιοῦτον
2542 4238 2727 4294 εἶπεν·
2776 4243 2862 4294 ὅτε
2917 4239 3151 4309 μάλιστα
3183 4237 3506 4307 ἐσείσθησαν
3555 4241 3745 4294 αὐτῶν

2155 4328 2211 4380 al
2241 4326 2428 4395 ψυχαὶ,
2461 4325 2580 4376 τότε
2614 4324 2838 4394 πλήττει
2868 4322 3253 4393 σφοδρότερον,
3293 4321 3380 4372 ὅτε
3417 4323 3508 4374 καὶ
3549 4322 3744 4377 ιιιίσθέ⁶

2157 4409 2278 4463 σθαι
2305 4409 2570 4461 δύνανται.
2601 4407 2864 4476 Καθάπερ
2890 4395 3189 4477 γὰρ’ήμείς
3225 4404 3337 4464 τοῖς
3371 4403 3469 4472 μὲν
3505 4405 3747 4473 μεθύον-

2159 4511 2242 4546 σιν
2269 4492 2420 4546 οὐδὲν
2447 4490 2679 4559 λέγομεν
2697 4529 2711 4551 ,
2757 4490 2884 4540 ὅταν
2914 4488 2970 4540 δὲ
3001 4487 3210 4561 νήψωσι
3248 4487 3342 4538 καὶ
3368 4487 3743 4554 ἀνενέγκωσιν

2160 4577 2272 4651 [7⁵]
2298 4576 2405 4628 ἀπὸ
2430 4576 2528 4645 τῆς
2554 4573 2744 4644 μέθης,
2770 4573 2892 4625 τότε
2919 4571 3317 4642 ἐπιπλήττομεν
3340 4586 3354 4599 ⁸
3379 4568 3519 4622 οὕτω
3539 4571 3602 4640 δὴ
3639 4574 3745 4628 καὶ

2161 4663 2382 4731 Πέτρος,
2413 4659 2498 4711 ὅτε
2525 4656 2785 4727 ἠδύναντο
2813 4655 3048 4708 συνιέναι
3085 4654 3192 4713 τῶν
3224 4653 3527 4723 λεγομένων
3553 4693 3568 4716 ,
3607 4655 3745 4710 τότε

2160 4745 2253 4800 καὶ
2277 4743 2372 4815 τὴν
2397 4742 2643 4811 γλῶτταν
2668 4741 2900 4810 ὴκόνησε
2921 4758 2932 4770 ο
2961 4739 3130 4792 πολλὰ
3164 4739 3230 4791 τὰ
3261 4737 3577 4808 ἐγκλήματα
3611 4741 3744 4811 ἀρι-

2161 4829 2316 4901 θμεῖ·
2345 4824 2454 4882 οἷον
2485 4828 2588 4891 ὅτι,
2620 4826 2678 4878 ὃν
2718 4827 2745 4866 ιι
2772 4827 2800 4878 ὁ
2825 4825 2955 4888 Θεὸς
2982 4823 3255 4888 ἐδόξασεν,
3298 4817 3440 4876 οὗτοι
3485 4823 3743 4892 παρέδω-

2161 4932 2262 4968 καν
2282 4927 2295 4942 ⁸
2318 4913 2419 4976 ὅτι,
2439 4911 2498 4966 ὃν
2526 4915 2553 4965 6
2581 4911 2808 4973 Πιλᾶτος
2835 4909 3090 4970 ἀπέλυεν,
3112 4903 3570 4976 οὗτοιήρνήσαντο
3590 4910 3743 4962 κατὰ

2163 4997 2448 5069 πρόσωπον
2476 4993 2712 5047 ἐκείνουο
2748 4993 2828 5044 ὅτι
2854 4991 3223 5062 προετίμησαν
3253 4989 3344 5040 τὸν
3366 4988 3587 5060 λῃστήν.

2232 5085 2279 5146 γ’
2287 5079 2447 5150 ,Ὅρα
2473 5077 2631 5130 πάλιν
2655 5073 3022 5135 λανθανόντως
3045 5072 3160 5135 πῶς
3178 5071 3304 5143 περὶ
3329 5071 3428 5144 τῆς
3450 5071 3739 5142 δυνάμεως

2163 5162 2325 5215 αὐτοῦ
2350 5160 2687 5228 διαλέγεται,
2716 5157 2945 5220 δεικνὺς,
2976 5157 3055 5208 ὅτι
3077 5155 3269 5207 ἑαυτὸν
3295 5155 3482 5226 ἤγειρε
3508 5171 3522 5185 θ
3565 5156 3742 5210 καθά-

2163 5263 2267 5316 περ
2300 5247 2358 5296 ἐν
2387 5247 2452 5313 τῇ
2484 5242 2727 5315 προτέρᾳ
2755 5240 3062 5312 δημηγορίᾳ
3112 5239 3264 5306 ἔλεγε
3287 5257 3301 5269 ο
3359 5241 3570 5293 Καθότι
3616 5242 3738 5294 οὐκ

2115 5396 2118 5400 ι
2162 5326 2240 5401 ἢν
2266 5328 2526 5382 δυνατὸν
2553 5325 2890 5394 κρατεῖσθαι
2916 5324 3102 5376 αὐτὸν
3121 5325 3218 5378 ὑπ’
3249 5323 3436 5378 αὑτοῦ
3461 5339 3475 5353 ·
3505 5323 3598 5376 καὶ
3645 5325 3741 5378 ὲν·-

2161 5411 2354 5477 ταῦθα,
2392 5412 2501 5465 Τὸν
2527 5410 2594 5462 δὲ
2627 5408 2911 5478 ἀρχηγὸν,
2942 5406 3096 5476 φησὶ,
3132 5407 3240 5472 τῆς
3276 5405 3424 5473 ζωῆς
3461 5407 3741 5460 ἀπεκτεί-

2161 5511 2322 5551 νατε.
2349 5493 2462 5546 Οὐκ
2496 5494 2603 5560 ἀρα
2635 5495 2762 5564 παρ’
2787 5490 2971 5559 ἐτέρου
2996 5491 3120 5559 ἔσχε
3149 5491 3210 5542 τὸ
3237 5489 3355 5560 ζῇν.
3391 5489 3598 5559 ’Ὠσπερ
3630 5489 3740 5560 ἁρ-

2161 5577 2328 5648 χηγὸς
2357 5579 2456 5646 τῆς
2486 5575 2683 5634 κακίας
2703 5573 2864 5637 αὐτὸς
2890 5572 2957 5626 ἂν
2991 5574 3074 5644 εἴη
3109 5576 3137 5625 6
3165 5573 3261 5644 τὴν
3296 5571 3492 5626 κακίαν
3529 5569 3734 5634 τεκὼν,

2161 5663 2254 5714 καὶ
2282 5658 2518 5730 ἀρχηγὸς
2552 5657 2712 5726 φόνου
2740 5658 2766 5709 6
2797 5656 2886 5708 τὸν
2919 5656 3076 5726 φόνον
3131 5655 3343 5725 πρῶτος
3385 5655 3734 5722 εἰσαγαγών

2157 5745 2300 5797 οὕτω
2321 5743 2414 5796 καὶ
2437 5741 2678 5812 ἀρχηγὸς
2702 5740 2842 5811 ζωῆς
2861 5742 2888 5793 6
2915 5739 3043 5809 παρ’
3062 5738 3256 5791 ἑαυτοῦ
3282 5738 3378 5809 τὴν
3402 5737 3546 5809 ζωὴν
3566 5737 3735 5814 ἔχων-

2225 5857 2243 5896 ί
2275 5858 2407 5908 Unus
2448 5858 2545 5905 ἀντ’
2586 5855 2748 5905 αὐτοῦ.
2786 5858 2878 5905 Καὶ
2907 5855 3067 5904 τοῦτο.
3136 5855 3160 5894 ε
3196 5855 3332 5904 Unus
3356 5855 3460 5904 cod.
3489 5855 3594 5903 haec
3627 5867 3738 5905 non

2156 5921 2306 5996 lgah'et
2353 5920 2625 5993 εἰκότως...
2682 5921 2856 5979 ἔλεγον.
2953 5915 2979 5954 ¹³
3016 5918 3112 5968 ΑΙίΙ
3152 5917 3305 5965 πολλὰ
3351 5918 3412 5964 τὰ
3457 5917 3739 5978 ἐγκλήματα

2172 5999 2374 6044 επαγων,
2397 5998 2467 6030 οτι
2501 5997 2572 6028 ον.
