4040 6212
329 280 385 333 77
1232 268 1291 322 IN
1330 266 1508 322 ACTA
1548 261 2064 320 APOSTOLORUM.
2105 260 2335 319 HOMIL.
2384 263 2475 319 1X.
3510 266 3577 319 78

331 390 408 445 sed
445 389 516 441 sic
553 383 835 454 oportebat
890 383 1013 437 fieri
1049 400 1060 435 :
1097 389 1153 435 et
1203 379 1543 435 testiﬁcantur
1589 376 1880 447 prophetae.

332 484 487 550 Itaque
510 494 611 532 non
637 477 705 530 ob
746 475 1133 528 inﬁrmitatem
1184 489 1286 526 non
1329 468 1639 534 descendit,
1685 468 1780 524 scd
1822 469 1891 523 ob

332 588 461 628 suam
478 571 735 625 virtutem.
772 567 845 621 Et
877 566 990 621 hoc
1011 566 1162 635 ponit
1188 566 1238 617 in
1267 564 1659 618 excusationem
1682 561 1893 616 Jndtco-

332 680 460 727 rum,
484 670 543 717 ut
567 662 715 715 etiam
745 659 1053 726 accipiant.
1085 656 1174 712 Sic
1197 654 1434 725 implevit,
1469 653 1656 723 inquit.
1682 651 1888 715 Viden’,

334 754 582 824 quomodo
608 760 766 805 totum
796 750 939 804 illuc
966 747 1204 803 referat?
1234 746 1321 802 9l.
1354 744 1674 800 Pamitemini
1694 745 1849 812 igitur
1873 784 1888 808 ,

336 846 531 915 inquit,
558 854 599 897 et
624 841 989 896 convertimini.
1020 838 1130 893 Nec
1158 838 1317 903 dicit,
1349 838 1392 891 A
1422 837 1649 907 peccatis
1668 834 1890 899 vestris;

339 939 461 999 sed,
490 936 551 992 Ut
569 934 817 990 deleantur
848 944 1063 1002 peccata
1094 942 1275 995 vestra,
1310 930 1537 999 idipsum
1563 930 1889 999 signiﬁcans.

344 1027 528 1083 Deinde
548 1028 736 1081 lucrum
760 1024 993 1093 apponit
1027 1042 1038 1075 :
1078 1022 1143 1077 Ut
1168 1039 1281 1083 cum
1310 1023 1529 1075 venerint
1554 1032 1776 1089 tempora
1808 1036 1892 1073 re-

344 1120 517 1191 frigerii
536 1136 563 1171 a
582 1126 845 1186 conspectu
877 1115 1112 1168 Domini.
1142 1114 1239 1168 llic
1266 1112 1479 1167 exhibet
1503 1112 1621 1165 illos
1645 1112 1696 1165 in
1728 1111 1891 1164 mise-

343 1213 459 1265 riam
501 1210 768 1277 delapsos,
825 1208 1122 1275 multisque
1183 1205 1402 1259 aﬁ'ectos
1457 1203 1889 1257 calamitatibus:

342 1303 539 1371 ideoque
563 1300 636 1354 sic
657 1299 901 1367 loquitur
926 1340 941 1363 ,
974 1310 1172 1366 gnarus
1202 1297 1313 1349 haec
1362 1296 1522 1349 verba
1570 1295 1789 1364 patienti
1841 1304 1895 1349 ct

346 1393 719 1447 consolationem
752 1390 1025 1455 qua:renti
1058 1403 1370 1457 congruere.

404 1484 451 1536 2.
481 1484 536 1536 Et
561 1482 668 1535 vide
708 1479 991 1550 quomodo
1040 1479 1309 1548 procedat.
1348 1477 1401 1531 In
1435 1477 1603 1547 prima
1627 1476 1886 1531 concione

350 1576 520 1628 sensim
546 1571 989 1626 resurrectionem
1020 1580 1075 1624 et
1104 1570 1395 1623 sessionem
1422 1570 1473 1623 in
1500 1569 1631 1623 caelo
1656 1569 1893 1622 subiudi~

358 1666 502 1729 cavit;
534 1664 606 1718 hic
630 1677 748 1718 vero
778 1662 933 1717 clare
960 1662 1247 1715 adventum
1276 1660 1449 1714 effert.
1490 1659 1578 1715 20.
1612 1659 1678 1712 Et
1706 1660 1893 1713 miserit

362 1774 468 1816 tum,
487 1757 559 1821 qui
579 1766 677 1807 tmte
701 1755 1017 1823 prtedicatus
1040 1762 1129 1815 est,
1151 1751 1185 1805 Ι
1190 1769 1325 1806 esum
1342 1751 1617 1814 Christum,
1635 1750 1725 1805 21.
1747 1769 1891 1822 quem

360 1858 514 1916 oportet
532 1849 716 1918 quidem
741 1847 932 1901 cretum
960 1848 1250 1917 suscipere;
1283 1846 1332 1900 id
1360 1856 1470 1910 est,
1504 1862 1723 1901 necesse
1760 1860 1840 1901 est
1875 1866 1886 1898 :
1916 1860 1917 1863 ‘

352 1961 477 2011 usque
508 1944 567 1995 ad
607 1952 837 2012 tempora
884 1942 1215 1994 restitutionis
1256 1945 1498 1993 omnium.
1542 1940 1719 2006 Quare
1751 1955 1889 1994 nunc

345 2052 428 2088 non
465 2036 647 2100 veniat,
690 2048 855 2089 causa
903 2033 1181 2086 manifesta
1228 2040 1327 2086 est.
1381 2032 1507 2098 Qua:
1547 2034 1779 2103 loquutus
1819 2043 1892 2084 est

341 2127 453 2181 Deus
476 2146 557 2196 per
585 2146 638 2181 os
672 2140 965 2180 sanctorum
996 2141 1201 2178 suorum
1231 2141 1262 2177 a
1291 2125 1474 2177 swculo
1507 2125 1887 2193 prop/telarum.

335 2219 407 2272 22.
430 2218 615 2288 Moyses
637 2219 840 2287 quidem
874 2217 1105 2286 patribus
1134 2216 1262 2269 dixit
1289 2232 1308 2269 :
1339 2215 1646 2285 Prop/telam
1670 2217 1888 2269 suscita-

335 2312 389 2362 bit
414 2312 534 2363 vobis
568 2309 816 2363 Dominus
844 2308 988 2361 Deus
1014 2318 1170 2361 vester
1196 2314 1258 2361 de
1283 2308 1526 2375 fratribus
1555 2307 1729 2361 vestris
1761 2317 1891 2359 tam—

331 2420 458 2469 quam
481 2421 554 2457 me
582 2423 599 2456 :
628 2404 795 2473 ipsum
827 2402 1046 2455 audietis
1075 2402 1230 2470 juxta
1263 2402 1432 2453 omnia
1460 2416 1781 2469 quaecumque
1818 2402 1892 2452 lo-

329 2505 488 2563 qualus
517 2498 667 2565 fuerit
694 2497 829 2549 vobis
858 2494 1037 2567 (Deut.
1068 2494 1154 2547 18.
1185 2494 1297 2561 15).
1330 2493 1440 2547 Illic
1483 2493 1735 2547 Davidem
1757 2535 1771 2558 ,
1808 2494 1891 2547 hic

327 2586 537 2656 Moyseut
561 2589 893 2641 memoravit.
926 2586 1183 2652 Omnium,
1216 2586 1405 2655 inquit,
1429 2602 1541 2655 qua:
1565 2587 1798 2656 loquutus
1821 2595 1891 2637 est

328 2679 465 2733 Deus.
488 2680 596 2736 Non
620 2683 767 2745 dicit,
793 2682 924 2746 Qua:
952 2680 1198 2748 loquutus
1219 2689 1301 2731 est
1326 2678 1602 2741 Christus;
1625 2678 1740 2740 sed,
1767 2677 1893 2742 Qua:

328 2772 538 2839 loquutus
580 2786 653 2826 est
698 2772 870 2836 Deus;
900 2772 978 2825 sic
1022 2770 1120 2823 sub
1157 2769 1338 2823 umbra
1377 2768 1632 2838 paulatim
1672 2768 1793 2821 illos
1824 2768 1889 2822 ad

331 2864 465 2918 tidem
489 2865 778 2919 adducens.
812 2864 1005 2918 P05tea
1032 2861 1096 2915 ad
1128 2877 1237 2915 rem
1270 2861 1371 2915 ﬁde
1397 2860 1609 2930 dignam
1633 2860 1887 2928 confugit,

329 2957 487 3012 dicens
514 2976 527 3011 :
560 2959 871 3029 PrOphetam
901 2958 1159 3012 suseitabit
1198 2956 1333 3010 uobis
1376 2955 1626 3008 Dominus
1664 2953 1803 3008 Deus
1829 2972 1892 3010 ea:

328 3053 541 3119 fratribus
564 3056 737 3107 vestris
760 3066 1018 3123 tamquam
1044 3069 1121 3106 me
1141 3068 1159 3104 :
1180 3052 1345 3121 ipsum
1372 3051 1585 3104 audietis
1605 3052 1759 3122 juxta
1783 3066 1891 3103 om-

329 3143 420 3195 nia.
456 3144 652 3200 Deinde
691 3145 821 3199 ultio
863 3160 1052 3215 magna
1093 3144 1354 3212 sequitur.
1398 3141 1488 3196 23.
1533 3141 1643 3194 Erit
1681 3150 1847 3193 autem
1870 3182 1885 3207 ,

330 3232 497 3302 inquit,
524 3238 681 3289 omnis
703 3235 877 3288 anima
902 3251 1014 3304 qute
1034 3251 1133 3288 non
1153 3233 1372 3288 audierit
1399 3233 1694 3303 prapltetam
1720 3232 1884 3294 illum,

329 3328 711 3381 exterminabitur
737 3330 800 3380 de
830 3327 991 3395 plebe.
1020 3325 1108 3379 24.
1144 3324 1210 3378 Et
1232 3341 1402 3378 onmes
1433 3325 1692 3394 praplieta:
1719 3340 1749 3375 a
1784 3322 1887 3378 Sa-

328 3420 448 3470 muel
478 3428 521 3471 et
550 3420 803 3487 deinceps,
826 3419 913 3487 qui
944 3416 1138 3487 loquuti
1160 3425 1309 3480 sunt,
1337 3415 1757 3467 annuntiaverunt
1782 3416 1888 3468 dies

324 3509 463 3562 istos.
493 3509 584 3564 llic
603 3522 743 3563 recte
769 3511 984 3564 exitium
1011 3508 1202 3577 posuit.
1228 3506 1450 3573 Quando
1470 3507 1610 3561 enim
1638 3521 1885 3575 magnum

326 3602 585 3670 quidpiam
613 3602 768 3667 dicit,
796 3602 859 3657 ad
902 3602 1107 3672 priores
1133 3599 1406 3668 confugit,
1438 3608 1494 3654 et
1524 3601 1885 3653 testimonium

328 3694 513 3761 reperit
560 3704 772 3764 utraque
809 3694 1217 3763 complectens;
1260 3701 1316 3746 ut
1357 3691 1465 3745 illic
1502 3690 1635 3745 dixit
1669 3708 1682 3743 ;
1716 3689 1887 3743 Donec

329 3796 468 3850 ponat
492 3786 710 3838 inimicos
734 3785 825 3837 sub
857 3784 1008 3852 pedes
1040 3792 1149 3836 tuos
1182 3781 1350 3847 (Psal.
1380 3781 1503 3836 109.
1527 3779 1602 3847 2).
1631 3779 1887 3848 Quodque

327 3880 501 3932 mirum
528 3889 627 3941 est,
657 3881 770 3933 hzec
794 3878 903 3932 duo
931 3877 1111 3943 simul,
1139 3876 1417 3945 subjectio.
1451 3875 1814 3944 prtevaricatio
1834 3883 1888 3928 et

328 3985 485 4034 pinna.
517 3970 789 4039 Tamquam
813 3986 915 4034 me,
940 3968 1128 4037 inquit.
1154 3967 1289 4034 Quid
1316 3982 1443 4036 ergo
1470 3965 1772 4020 miramini?
1793 3964 1883 4019 25.

335 4058 421 4113 Vos
456 4062 569 4114 estis
608 4062 704 4128 ﬁlii
748 4061 1134 4129 prapltetarum.
1180 4058 1359 4127 Itaque
1404 4058 1554 4112 vobis
1598 4056 1839 4111 dicebam
1867 4098 1882 4120 ,

328 4167 527 4223 propter
552 4172 643 4209 vos
668 4155 843 4208 omnia
869 4153 1005 4207 facta
1034 4167 1172 4207 esse.
1201 4152 1329 4219 Quia
1357 4152 1497 4205 enim
1526 4159 1743 4221 propter
1771 4164 1887 4204 sce-

328 4246 397 4297 lus
423 4247 664 4315 pnuiliant
697 4261 755 4300 se
780 4244 1110 4299 abalienatos
1137 4258 1253 4297 esse
1283 4243 1506 4297 :etenim
1535 4242 1722 4295 rationi
1752 4256 1884 4295 con-

327 4349 617 4392 sentaneum
649 4353 755 4391 non
777 4346 860 4391 est
886 4335 1132 4392 eumdem
1159 4335 1317 4389 modo
1337 4335 1590 4403 cruciligi,
1616 4350 1735 4387 mox
1758 4349 1885 4388 suos

326 4446 534 4491 curare;
562 4441 613 4484 et
638 4430 739 4484 hoc
764 4440 817 4482 et
848 4429 976 4482 illud
1002 4427 1197 4481 factum
1228 4442 1322 4495 per
1351 4425 1679 4494 proiihetiam
1705 4436 1884 4479 osteu~

325 4520 418 4571 dit.
455 4519 545 4575 Vos
569 4522 719 4585 estis,
744 4520 950 4589 inquit,
985 4520 1079 4585 ﬁlii
1109 4518 1466 4589 praplietarum
1496 4527 1540 4570 et
1571 4518 1882 4581 testamenti,

326 4612 449 4676 quod
474 4613 711 4681 disposuit
739 4611 876 4665 Deus
902 4612 969 4663 ad
1004 4620 1168 4680 patres
1196 4620 1403 4673 vestros,
1438 4610 1604 4661 dicens
1633 4608 1699 4660 ad
1726 4609 1887 4661 Abra-

331 4701 436 4751 Imm
459 4718 475 4753 :
502 4702 563 4754 Et
588 4703 640 4755 in
662 4704 851 4755 semine
881 4711 964 4754 tuo
986 4701 1338 4754 benedicentur
1364 4716 1531 4753 onmes
1555 4700 1763 4767 familia:
1789 4710 1887 4753 ter-

330 4794 575 4849 rtBtGen.
611 4775 826 4865 12.3).
872 4794 961 4848 26.
1019 4793 1163 4847 Vobis
1208 4796 1457 4862 primum,
1500 4794 1705 4861 inquit,
1750 4793 1889 4848 Deus

331 4898 557 4941 suscitans
582 4886 777 4941 Filium
804 4903 972 4949 suum,
1003 4888 1154 4940 misit.
1188 4886 1377 4956 Utique
1404 4894 1458 4939 et
1484 4886 1603 4939 aliis
1627 4901 1641 4949 ;
1672 4885 1765 4940 sed
1792 4901 1886 4939 v0-

334 4977 406 5029 liis
431 4980 647 5048 primum
669 5019 683 5043 ,
713 4979 801 5048 qui
833 4979 1189 5032 cruciﬁxistis.
1233 4977 1615 5031 Benedicentem
1641 4978 1811 5043 vobis;
1836 4988 1890 5030 ut

333 5085 560 5128 convertat
578 5093 631 5129 se
650 5074 992 5141 unusquisque
1019 5089 1049 5123 a
1075 5074 1291 5142 nequitia
1314 5089 1426 5126 sua.
1452 5072 1579 5139 Qua:
1607 5072 1739 5125 lecta
1766 5080 1890 5126 sunt

334 5172 605 5223 accuratius
649 5178 982 5238 repetamus.
1025 5165 1260 5220 Suadere
1305 5177 1559 5229 conatur,
1602 5180 1708 5219 non
1749 5166 1890 5231 ipsus

335 5261 621 5317 miraculum
666 5261 864 5317 fecisse
888 5299 903 5320 .
935 5273 1057 5312 cum
1082 5258 1238 5318 dicit,
1282 5257 1415 5324 Quid
1457 5258 1746 5310 miramini?
1784 5256 1891 5311 Nec

334 5353 566 5417 permittit
595 5364 651 5407 ut
679 5353 832 5406 dicto
865 5348 997 5401 ﬁdes
1027 5364 1126 5402 non
1164 5348 1439 5402 habeatur.
1482 5351 1652 5416 Atque
1681 5357 1732 5401 ut
1764 5347 1890 5401 illud

337 5444 421 5499 title
452 5445 657 5515 dignius
703 5442 996 5502 redderet,
1038 5439 1241 5494 illorum
1284 5441 1540 5510 judicium
1586 5440 1887 5509 praevertit,

333 5533 492 5589 dicens
520 5554 534 5590 :
569 5535 709 5603 Quid
741 5548 839 5585 nos
870 5530 1160 5595 intuemini,
1189 5532 1329 5595 quasi
1367 5531 1572 5601 proyria
1607 5530 1784 5583 virtute
1816 5531 1892 5583 vel

334 5624 491 5678 uirtute
509 5622 825 5696 fecerimus?
849 5619 905 5673 Si
940 5616 1040 5669 hbe
1064 5634 1153 5672 vos
1184 5630 1345 5675 terret
1370 5630 1423 5675 et
1450 5621 1649 5682 turbat,
1680 5619 1888 5680 discite,

327 5720 427 5779 quis
461 5717 642 5775 fecerit
668 5756 686 5783 ,
719 5725 779 5771 ct
823 5726 893 5764 nc
928 5708 1290 5779 obstupescite.
1320 5711 1386 5769 Et
1414 5712 1512 5767 hoc
1544 5710 1735 5782 ubique
1766 5725 1911 5783 pcr-.

2001 375 2175 446 pende
2202 376 2325 431 :ubi
2354 376 2419 430 ad
2448 377 2612 431 Deum
2643 376 2897 447 confugit,
2925 376 3161 447 dixitque
3184 379 3353 448 ipsum
3383 377 3527 435 fccis
3546 398 3575 435 c

2000 468 2211 532 omnia;
2236 480 2359 523 tunc
2385 470 2503 524 illos
2527 470 2644 524 sine
2670 479 2812 525 metu
2840 472 3163 541 perstringit.
3190 472 3312 526 ldeo
3332 476 3575 541 superius

1999 561 2227 618 dicebat.
2260 561 2436 617 Virum
2464 564 2793 633 approbatum
2820 580 2854 617 a
2882 564 2987 619 Deo
3016 564 3067 618 in
3103 565 3258 619 vobis.
3289 566 3353 620 Et
3384 567 3576 635 ubique

2000 656 2105 711 illis
2136 656 2235 711 hoc
2263 657 2468 713 facinus
2506 666 2924 723 commemorat,
2955 666 3011 711 ut
3048 659 3359 713 miraculum
3389 668 3572 712 estet.-

2000 746 2173 813 datur,
2208 757 2260 801 et
2285 749 2606 803 resurrectio
2639 748 2896 802 ﬁrmetur.
2928 747 3024 803 llic
3051 758 3224 804 autem
3252 749 3394 803 aliud
3420 748 3577 803 addi-

2000 837 2076 891 dit
2108 856 2122 893 :
2150 854 2255 893 non
2276 840 2417 894 enim
2444 840 2552 909 jam
2584 840 2730 894 illum
2755 840 3084 895 Nazarenum
3111 840 3258 907 dicit,
3287 840 3384 895 sed
3405 841 3528 910 quid
3551 842 3574 893 ἲ

2000 928 2175 993 Deus,
2224 932 2425 1002 inquit,
2471 944 2671 1003 patrum
2716 944 3002 988 nostrorum
3043 932 3342 1004 gloriﬁcavit
3384 933 3574 989 Filium

1999 1036 2146 1074 suum
2173 1021 2207 1075 J
2213 1040 2370 1078 esum.

2074 1112 2184 1179 Quo
2210 1116 2307 1168 ritu
2333 1114 2516 1169 Petrus
2536 1116 2875 1177 concionetur.
2897 1145 2968 1156 —-
3002 1116 3149 1180 Vide,
3178 1132 3333 1186 quani
3363 1117 3571 1171 alienus

1999 1209 2068 1263 sit
2095 1224 2125 1262 a
2155 1211 2309 1263 fastu.
2338 1208 2452 1263 Non
2480 1210 2767 1277 accusavit,
2802 1226 2973 1281 neque
2996 1229 3114 1264 mox
3145 1211 3278 1266 dixit
3305 1231 3307 1233 ί
3340 1212 3406 1267 Ει
3436 1230 3576 1269 nunc

1999 1300 2200 1354 credite
2235 1320 2246 1355 :
2278 1315 2403 1355 ecce
2445 1300 2642 1367 homo,
2693 1317 2813 1356 eum
2869 1318 2965 1371 per
3008 1304 3353 1372 quadraginta
3405 1320 3575 1358 anuos

1998 1391 2216 1446 claudus
2246 1391 2451 1455 fuisset,
2486 1392 2536 1446 in
2565 1392 2780 1448 nomine
2804 1392 2929 1448 Jesn
2959 1394 3153 1448 Christi
3176 1395 3429 1449 surrexit.
3458 1393 3573 1448 Non

1998 1483 2067 1535 ita
2097 1483 2267 1547 dixit;
2302 1499 2421 1537 nam
2462 1485 2908 1539 contentiosiores
2946 1485 3066 1539 illos
3101 1485 3448 1550 reddidisset;
3479 1485 3574 1539 sed

2000 1575 2207 1628 interim
2236 1574 2415 1629 laudat
2439 1576 2558 1631 illos
2578 1618 2592 1641 ,
2623 1576 2763 1646 quod
2795 1592 2906 1631 rem
2935 1575 3346 1631 admirarentur.
3376 1576 3445 1630 Et
3471 1578 3574 1631 ite-

2000 1682 2114 1719 rum
2142 1684 2169 1719 a
2201 1667 2534 1736 progenitore
2560 1677 2731 1723 vocat.
2774 1668 2881 1724 Nec
2911 1669 3040 1723 dicit
3072 1686 3085 1722 :
3116 1668 3271 1724 Jesus
3300 1669 3448 1723 illum
3477 1685 3574 1723 cn-

1998 1759 2152 1818 ravit.
2180 1759 2303 1813 licet
2328 1760 2496 1829 ipsum
2522 1777 2647 1815 vere
2673 1771 2940 1827 curasset;
2968 1762 3061 1816 sed
3090 1779 3156 1817 ne
3181 1762 3440 1825 dicereut,
3472 1762 3575 1816 Ec—

1997 1865 2098 1917 qua
2133 1849 2246 1904 hmc
2278 1853 2481 1907 ratione
2521 1853 2776 1917 nituntur,
2810 1854 2853 1907 si
2881 1853 3343 1923 prmvaricatorem
3368 1853 3573 1923 gloriﬁ-

1996 1941 2114 1995 rat?
2166 1942 2286 1997 ideo
2328 1943 2380 1997 in
2437 1955 2667 1998 mentem
2717 1945 2823 1999 illis
2871 1954 3086 2000 revocat
3132 1945 3387 2015 judicium
3436 1946 3575 2015 apud

2000 2034 2227 2089 Pilatum
2261 2052 2274 2088 :
2309 2036 2617 2102 ostendens,
2658 2037 2702 2090 si
2743 2038 3019 2092 attendere
3063 2039 3265 2101 velint,
3306 2055 3408 2092 non
3453 2056 3575 2093 esse

1998 2125 2143 2178 illum
2179 2127 2639 2194 prmvaricatorem
2672 2146 2683 2181 :
2719 2143 2893 2197 neque
2920 2129 3059 2182 enim
3092 2128 3290 2182 Pilatus
3319 2129 3576 2183 voluisset

1996 2230 2116 2269 eum
2144 2216 2431 2271 dimittere.
2464 2216 2571 2272 Nec
2596 2218 2743 2283 dicit,
2768 2218 2990 2274 Voleute
3006 2235 3019 2285 ;
3054 2220 3169 2284 scd,
3192 2218 3464 2273 Judicanle
3486 2221 3575 2274 illo

1997 2310 2214 2373 dimitti;
2252 2310 2530 2365 declarans
2553 2325 2650 2365 vos
2683 2326 2803 2366 eum
2827 2353 2841 2374 ,
2873 2313 2962 2382 qui
3000 2311 3135 2366 alios
3165 2311 3461 2378 occidebat,
3490 2311 3573 2366 di-

1996 2404 2131 2457 mitti
2159 2404 2404 2474 petiisse;
2434 2419 2554 2457 eum
2577 2417 2706 2458 vero
2730 2446 2744 2470 ,
2774 2405 2860 2473 qui
2891 2405 3097 2458 occisos
3125 2404 3190 2457 ad
3220 2404 3380 2457 vitam
3408 2403 3571 2459 redu-

1996 2496 2169 2561 cebat,
2195 2496 2451 2550 noluisse.
2494 2494 2572 2550 Ne
2607 2510 2734 2551 vero
2763 2496 2955 2550 iterum
2987 2495 3228 2551 dicerent
3252 2514 3265 2550 :
3293 2496 3573 2563 Quomodo

1997 2605 2135 2644 nunc
2169 2589 2448 2659 gloriﬁcat,
2481 2590 2571 2659 qui
2604 2600 2729 2644 tunc
2756 2606 2858 2644 non
2890 2590 3123 2659 adjuvit?
3148 2590 3423 2644 adducunt
3452 2606 3574 2659 pro-

1998 2682 2184 2749 phetas
2228 2681 2604 2748 testiﬁcantes,
2633 2683 2710 2737 sic
2736 2683 3037 2751 oportuisse
3072 2682 3205 2737 ﬁeri.
3258 2682 3477 2747 Deinde,
3509 2700 3574 2736 ue

1997 2782 2247 2841 putarent
2271 2774 2360 2827 Dei
2383 2774 2737 2827 (economiam
2758 2774 2991 2841 ipsorum
3011 2776 3406 2830 excusationem
3430 2790 3570 2841 esse,

1998 2864 2144 2932 prius
2172 2863 2293 2917 illos
2324 2863 2651 2933 perstringit.
2695 2863 2761 2917 Et
2798 2866 2936 2932 quod
2990 2865 3041 2919 in
3085 2875 3371 2935 conspectu
3420 2866 3572 2920 Pilati

1999 2965 2279 3023 negassent
2311 2955 2425 3009 leve
2456 2970 2559 3007 non
2597 2964 2714 3009 erat
2736 2996 2750 3019 ,
2782 2970 2902 3009 cum
2934 2956 3044 3024 ipse
3073 2956 3229 3011 vellet
3258 2957 3526 3012 dimittere
3556 2976 3570 3011 :

1996 3049 2243 3117 quodque
2287 3048 2339 3101 id
2383 3063 2577 3117 negare
2623 3064 2727 3100 non
2766 3059 3006 3117 possent,
3044 3051 3296 3118 arguebat
3327 3051 3389 3113 is,
3413 3065 3575 3119 queui

1998 3156 2091 3209 pro
2115 3139 2203 3192 illo
2230 3140 2508 3208 petierant.
2542 3139 2613 3192 Ita
2633 3138 2735 3194 hoc
2756 3155 2964 3209 quoque
2990 3155 3056 3193 ex
3087 3155 3273 3210 magna
3297 3140 3576 3210 dispensa-

1997 3234 2138 3287 tione
2157 3231 2374 3287 factum.
2396 3232 2878 3302 Hieimpudentiani
2901 3234 3349 3303 petulantiauique
3364 3233 3569 3287 illorum

1994 3324 2262 3390 ostendit;
2290 3339 2355 3378 eo
2385 3324 2526 3393 quod
2555 3324 2767 3394 gentilis
2795 3325 2885 3395 qui
2918 3334 3040 3381 tunc
3072 3324 3298 3394 primum
3324 3325 3468 3379 illum
3497 3326 3573 3379 vi-

1993 3417 2087 3479 dit,
2119 3417 2290 3485 ipsum
2318 3417 2543 3472 liberare
2570 3418 2815 3483 voluerit,
2837 3417 2960 3472 licet
2991 3418 3121 3472 nihil
3152 3420 3322 3486 magni
3345 3418 3572 3473 audivis-

1991 3518 2104 3575 set;
2137 3511 2208 3565 illi
2226 3526 2350 3565 vero
2377 3511 2513 3565 inter
2534 3511 2682 3581 signa
2703 3510 2921 3567 enutriti
2944 3520 3127 3566 contra
3151 3510 3392 3566 fecerint.
3420 3511 3572 3580 Quod

1990 3617 2117 3656 vero
2143 3602 2230 3655 ille
2249 3601 2392 3670 juste
2412 3601 2676 3671 judicaret
2698 3602 3066 3657 dimittendum
3093 3617 3231 3665 esse,
3249 3619 3347 3657 nec
3368 3602 3432 3656 ad
3453 3619 3573 3672 gra-

1994 3693 2117 3745 tiam
2141 3693 2191 3744 id
2210 3691 2426 3757 iaceret,
2448 3693 2566 3745 audi
2591 3694 2760 3762 ipsum
2783 3692 2906 3748 alibi
2939 3692 3255 3764 (Mattlt.27.
3275 3694 3364 3749 15.
3401 3692 3569 3747 Marc.

1992 3783 2078 3836 15.
2109 3780 2173 3852 6)
2230 3782 2494 3836 dicentem
2546 3800 2559 3832 :
2604 3783 2696 3836 Est
2734 3783 3064 3838 consuetudo
3114 3784 3263 3839 vobis
3297 3783 3571 3839 dimittere

1992 3888 2153 3926 unum
2168 3873 2480 3941 quemdam:
2509 3871 2669 3924 Vultis
2687 3888 2806 3941 ergo
2832 3874 2963 3926 hunc
2988 3874 3234 3927 dimittam
3254 3874 3432 3927 vobis?
3472 3873 3569 3927 Vos

1991 3977 2158 4021 autem
2196 3975 2425 4020 sanctum
2464 3974 2510 4017 et
2528 3966 2725 4034 justum
2768 3966 3012 4033 negastis.
3072 3964 3187 4023 Non
3231 3965 3393 4030 dixit,
3437 3966 3477 4019 Τ
3483 3982 3569 4019 ra-

1990 4059 2223 4120 didistis;
2252 4057 2343 4112 sed
2374 4057 2588 4126 ubique,
2615 4054 2871 4125 Negastis.
2897 4055 2971 4123 (a)
3003 4053 3170 4137 [Jure.
3201 4054 3288 4110 Sic
3316 4057 3456 4109 enim
3484 4057 3565 4110 di-

1990 4151 2180 4205 cebant
2211 4148 2262 4221 :]
2296 4147 2414 4201 Non
2445 4147 2679 4201 habemus
2706 4163 2869 4217 regem
2883 4147 2980 4199 nisi
3003 4146 3249 4201 Casuram
3269 4144 3447 4219 (Joan.
3474 4148 3563 4202 19.

1992 4244 2059 4297 15
2082 4245 2119 4312 ).
2164 4241 2274 4296 Nec
2315 4240 2468 4305 dixit,
2499 4239 2612 4293 Non
2637 4238 2864 4308 petiistis
2892 4238 3249 4308 inculpatum;
3280 4254 3453 4305 neque
3477 4254 3569 4294 ne-

1988 4335 2152 4405 gastis
2178 4334 2348 4389 solum
2370 4374 2383 4398 ,
2417 4332 2508 4386 sed
2540 4333 2698 4385 etiam
2727 4330 3011 4385 occidistis.
3060 4330 3282 4405 Quando
3308 4333 3564 4385 excascati

1990 4436 2142 4481 erant
2162 4465 2176 4491 ,
2210 4425 2339 4479 nihil
2367 4424 2471 4478 tale
2494 4424 2628 4478 dixit
2651 4439 2669 4481 ζ
2695 4440 2813 4477 cum
2844 4436 3019 4489 autem
3050 4439 3235 4477 eorum
3264 4424 3426 4477 animi
3455 4440 3568 4477 uia-

1990 4521 2071 4590 gis
2096 4528 2247 4574 erant
2266 4517 2514 4587 exagitati
2538 4559 2551 4575 .
2576 4526 2702 4573 tunc
2725 4517 2901 4571 acrius
2930 4516 3271 4587 perstringit,
3298 4532 3416 4571 cum
3444 4532 3569 4572 sen-

1994 4614 2090 4666 tire
2116 4620 2379 4680 poterant.
2411 4608 2867 4676 Quemadmodum
2895 4618 2949 4663 et
2971 4625 3068 4664 nos
3090 4609 3253 4664 ebriis
3277 4609 3410 4673 nihil
3436 4610 3567 4665 dici-

1994 4721 2140 4768 mus;
2173 4720 2292 4759 cum
2318 4716 2498 4757 autem
2522 4702 2781 4757 ebrietate
2809 4702 3010 4755 sublata
3040 4701 3223 4770 vigiles
3252 4712 3378 4756 sunt
3397 4742 3412 4764 ,
3444 4713 3577 4763 llUlQ

1993 4797 2391 4867 carpiinus:ita
2438 4803 2505 4855 et
2539 4795 2758 4858 l’etrns,
2800 4809 2918 4846 cum
2962 4793 3255 4861 intelligere
3301 4802 3565 4861 poterant,

1997 4902 2121 4944 tunc
2176 4890 2415 4959 linguam
2460 4887 2633 4951 acuit,
2682 4888 2990 4955 sceleraque
3041 4886 3200 4939 multa
3249 4894 3566 4951 enumerat;

1997 4995 2210 5048 nempe,
2232 4978 2372 5049 quod
2403 4994 2545 5041 cum,
2570 4992 2725 5045 quem
2754 4976 2893 5029 Dens
2918 4975 3253 5044 glorilicavit,
3280 4976 3373 5040 ipsi
3409 4977 3570 5029 tuadi-

1996 5072 2202 5135 derint;
2247 5069 2387 5140 quod
2433 5084 2589 5137 quem
2636 5067 2837 5121 Pilatus
2880 5065 3143 5125 absolvit,
3186 5065 3237 5117 in
3279 5076 3569 5133 Conspectu

1998 5164 2161 5233 ipsius
2188 5161 2535 5233 negaverint;
2558 5158 2699 5228 quod
2728 5158 2983 5211 latronem
3011 5157 3353 5225 praetulerint.

2067 5257 2120 5311 5.
2151 5254 2283 5309 Vide
2305 5268 2535 5316 rursum,
2557 5248 2824 5319 quomodo
2848 5248 3051 5302 occulte
3079 5248 3145 5302 de
3169 5249 3400 5317 potentia
3431 5251 3577 5307 illius

1998 5351 2259 5419 loquatur,
2285 5345 2679 5415 quodseipsuin
2705 5342 3055 5406 suscitaverit,
3082 5351 3139 5395 ut
3168 5343 3217 5395 in
3248 5343 3410 5411 priori
3438 5358 3567 5408 coit.

1998 5443 2150 5507 cipue
2169 5439 2379 5494 dicebat
2406 5453 2420 5490 :
2442 5436 2601 5489 Juxta
2628 5436 2759 5496 quod
2782 5435 3087 5504 impossibile
3114 5444 3219 5486 erat
3246 5434 3401 5487 teneri
3426 5434 3566 5485 illum

2000 5540 2061 5605 ab
2085 5551 2141 5590 eo
2172 5533 2308 5599 (Act.
2330 5530 2381 5583 2.
2410 5530 2500 5600 24)
2522 5545 2535 5594 ;
2558 5536 2612 5582 et
2637 5529 2739 5587 hic.
2762 5531 3041 5591 Auctorem,
3071 5527 3256 5593 inquit,
3277 5525 3388 5575 vitia
3408 5522 3575 5573 inter-.

2066 5717 2139 5779 (tt)
2171 5722 2279 5772 qua:
2304 5711 2490 5761 uncinis
2512 5707 2795 5761 clauduntur
2817 5704 2991 5754 desrmt
3012 5706 3058 5752 in
3080 5714 3173 5748 uno
3196 5696 3383 5745 Codice.
