4026 6216
449 377 520 433 79
1261 367 1300 424 S
1344 365 1622 424 IOANNIS
1650 364 2121 422 CllRYSOSTOMl
2163 365 2475 422 ARClllEP.
2514 366 3045 423 CONSTANTINOP.
3636 372 3709 429 80

453 494 667 551 emittis.
711 490 825 545 Non
862 472 994 558 ergo
1023 486 1090 541 ab
1118 486 1287 539 altero
1316 485 1477 539 vitam
1512 483 1734 552 accepit.
1787 481 1936 536 Sicut
1976 489 2030 535 et

455 588 544 659 qui
586 582 801 639 malitias
830 589 1016 634 auctor
1038 586 1155 641 est,
1189 577 1303 647 ipse
1334 576 1586 629 malitiam
1615 576 1819 646 gignct;
1852 583 1905 627 et
1930 590 2029 626 au-

454 686 570 732 ctor
607 672 904 737 homicidii,
937 670 1028 741 qui
1064 667 1406 723 homicidium
1449 668 1649 737 primus
1689 666 1891 721 induxit
1917 683 1930 720 :
1953 667 2030 721 sic

453 776 641 833 auctor
661 766 782 819 vitm
804 773 907 827 est,
931 762 1018 832 qui
1050 778 1079 814 a
1106 762 1285 828 scipso
1308 759 1468 813 vitam
1500 758 1677 813 habet.
1712 758 1871 824 Quem
1894 758 2030 813 Deus

452 859 731 925 suscitavit,
761 856 948 927 inquit.
974 854 1260 923 Postquam
1293 854 1406 906 lucc
1436 851 1639 905 dixerat
1662 891 1677 913 ,
1708 850 1885 904 subdit
1917 868 1928 903 :
1963 850 2030 903 Et

452 951 506 1004 in
546 952 649 1019 [ide
681 948 897 1001 nominis
941 948 1051 1017 ejus
1091 945 1253 1006 hunc,
1281 960 1426 1013 quem
1452 958 1537 997 vos
1561 942 1735 996 videtis
1760 952 1805 996 et
1833 944 1987 996 nostis
2010 983 2024 1007 ,

452 1041 769 1108 confirmavit
793 1054 972 1092 nomen
994 1038 1103 1105 ejus
1124 1051 1144 1091 :
1164 1044 1210 1089 et
1233 1036 1377 1103 ﬁdes,
1403 1050 1515 1100 qua:
1540 1052 1627 1101 per
1646 1051 1758 1088 eum
1779 1046 1869 1098 est,
1895 1035 2031 1087 dedit

455 1132 500 1185 ei
524 1132 771 1200 integram
791 1129 1054 1183 sanitatem
1079 1128 1245 1179 istam.
1278 1126 1432 1194 Atqui
1461 1125 1505 1179 si
1535 1125 1667 1180 fides
1696 1125 1749 1179 in
1776 1140 1920 1187 eum,
1946 1134 2029 1179 to-

457 1232 567 1278 tum
588 1232 803 1292 Operata
825 1231 924 1284 est,
945 1220 1063 1289 quia
1093 1219 1143 1273 in
1176 1218 1320 1271 illum
1346 1218 1610 1287 speravit;
1634 1234 1730 1272 cur
1750 1234 1852 1271 non
1875 1216 2028 1284 dixit,

457 1314 558 1369 Per
584 1328 799 1376 nomen,
828 1312 920 1366 sed
942 1353 956 1376 ,
991 1309 1057 1364 In
1084 1309 1326 1364 nomine?
1351 1307 1481 1375 Quia
1510 1308 1740 1363 nondum
1764 1308 2032 1363 audebant

457 1404 657 1468 dicere,
690 1403 745 1458 In
775 1404 921 1457 illum
956 1401 1106 1456 lides.
1137 1401 1211 1456 Ne
1240 1414 1366 1455 vero
1393 1399 1540 1464 illud,
1569 1399 1672 1454 Per
1708 1401 1894 1467 ipsum,
1928 1398 2027 1453 hu-

459 1494 634 1554 mitius
662 1502 820 1557 esset,
850 1492 1125 1563 subjnnxit
1152 1509 1165 1545 :
1200 1491 1265 1545 Et
1293 1508 1472 1545 nomen
1496 1492 1607 1561 ejus
1632 1491 1947 1561 conﬁrmavit
1966 1493 2031 1545 il-

457 1587 581 1642 lum.
613 1586 679 1640 Et
697 1601 816 1638 cum
842 1584 943 1638 hoc
964 1586 1108 1652 prius
1124 1584 1366 1650 dixisset,
1394 1594 1516 1638 tunc
1533 1585 1607 1637 ait
1626 1602 1639 1637 :
1660 1583 1724 1637 Et
1750 1585 1896 1653 ﬁdes,
1920 1601 2032 1655 qua:

460 1692 546 1745 per
572 1693 685 1730 eum
715 1686 807 1741 est,
831 1676 966 1729 dedit
989 1675 1067 1729 illi
1092 1677 1335 1745 integram
1363 1676 1627 1729 sanitatem
1655 1676 1822 1729 istam.
1855 1674 1987 1730 Vide
2011 1718 2026 1742 ,

456 1768 724 1837 quomodo
747 1768 984 1823 declaret
1009 1782 1067 1823 se
1088 1777 1437 1836 attemperate
1459 1767 1585 1821 illud
1609 1767 1827 1822 dixisse.
1849 1767 2031 1837 Neque

458 1860 602 1915 enim
642 1860 747 1914 alio
780 1874 914 1929 Opus
943 1861 1125 1925 habuit
1149 1859 1213 1913 ad
1240 1861 1681 1915 resurrectionem
1708 1901 1722 1924 ,
1760 1860 1911 1929 cujus
1937 1876 2030 1915 no-

462 1966 583 2005 men
615 1948 862 2005 claudum
886 1990 899 2014 ,
930 1951 1018 2021 qui
1048 1967 1077 2004 a
1108 1962 1319 2005 mortuo
1349 1950 1479 2004 nihil
1508 1951 1799 2015 dill‘erebat,
1831 1951 2028 2005 erexit.

458 2041 755 2111 Perpende.
787 2043 1052 2112 quomodo
1080 2044 1273 2112 ubique
1302 2044 1599 2097 testimonia
1624 2044 1830 2097 illorum
1863 2052 2030 2097 attra-

458 2130 572 2185 hat.
597 2131 851 2201 Superius
880 2131 1021 2186 enim
1051 2132 1222 2186 dixit:
1254 2132 1400 2187 Sicut
1435 2143 1480 2184 et
1515 2134 1609 2201 ipsi
1645 2133 1780 2187 scitis
1798 2148 1817 2197 ;
1855 2146 1936 2200 et,
1967 2133 2033 2187 In

458 2223 623 2276 medio
662 2224 839 2286 vestri;
868 2238 930 2278 ac
973 2238 1225 2288 rursum,
1259 2223 1415 2289 Quem
1455 2224 1630 2277 videtis
1671 2236 1716 2277 et
1759 2226 1948 2287 nostis,
1981 2228 2033 2279 in

459 2330 727 2388 conspectu
748 2320 971 2372 omnium
991 2329 1203 2372 vestrum
1234 2317 1366 2388 (Act.
1387 2317 1441 2371 2.
1466 2320 1555 2372 ‘19..
1590 2330 1634 2371 et
1654 2320 1704 2374 5.
1734 2320 1839 2388 16).
1876 2321 2032 2389 Atqui

462 2410 793 2475 nesciebant,
836 2410 1006 2479 ipsum
1056 2411 1106 2463 in
1150 2410 1362 2463 nomine
1408 2412 1571 2479 ipsius
1610 2428 1792 2465 sanum
1840 2412 2031 2466 factum

463 2514 614 2563 esse;
647 2500 739 2554 sed
776 2499 1044 2566 sciebant,
1086 2502 1256 2569 ipsum
1298 2502 1539 2555 claudum
1594 2500 1775 2558 fuisse.
1827 2503 1889 2557 l-lt
1936 2504 2035 2573 ipsi

464 2609 676 2664 quoque
700 2594 789 2663 qui
812 2595 1046 2648 iecerant
1066 2593 1474 2660 conﬁtebantur,
1499 2609 1602 2649 non
1625 2610 1739 2659 sua,
1766 2595 1857 2649 sed
1882 2594 2037 2650 Chri-

465 2683 533 2738 sti
563 2684 759 2738 virtute
801 2684 972 2753 ipsum
1016 2684 1403 2737 consolidatum
1440 2699 1579 2739 esse.
1624 2683 1678 2739 Si
1719 2700 1804 2739 res
1831 2704 1933 2738 non
1966 2687 2035 2740 ita

465 2772 674 2838 fuisset,
707 2784 758 2827 et
792 2788 917 2828 vere
945 2772 1295 2828 credidissent
1323 2775 1493 2844 ipsum
1525 2776 1878 2830 resurrexisse
1901 2818 1915 2839 ,
1947 2794 2041 2829 no-

466 2864 695 2920 luissent
721 2865 912 2919 mortui
940 2866 1160 2934 gloriam
1193 2866 1359 2935 magis
1384 2881 1541 2936 quam
1572 2881 1721 2921 suam
1762 2876 1997 2925 statuere
2022 2911 2037 2936 ,

467 2971 589 3011 cum
618 2957 846 3012 maxime
876 2956 950 3011 illi
971 2956 1036 3011 ad
1060 2972 1118 3012 se
1141 2961 1483 3027 respicerent.
1511 2959 1709 3015 Deinde
1729 2963 2041 3029 perterritos

469 3052 679 3106 animos
722 3050 941 3105 fratrum
984 3052 1199 3106 nomine
1237 3054 1413 3107 statim
1453 3055 1790 3117 consolatur,
1822 3055 2039 3121 dicens,

483 3142 589 3196 Viri
614 3146 815 3212 fratres.
860 3141 970 3196 lllic
999 3143 1211 3211 quidem
1256 3142 1385 3196 nihil
1423 3142 1490 3198 de
1527 3143 1715 3213 seipsis
1745 3144 1906 3213 dixit,
1948 3147 2041 3200 sed

472 3246 675 3293 tantum
702 3237 770 3291 de
795 3236 1028 3299 Christo,
1055 3236 1199 3291 Certo
1221 3237 1374 3305 igitur
1399 3248 1687 3307 cognoscat,
1712 3238 1914 3304 dicens,
1938 3256 2046 3293 om-

474 3329 553 3383 nis
598 3328 775 3381 domus
813 3326 980 3381 Israel
1010 3343 1028 3380 :
1053 3327 1136 3381 hic
1180 3339 1353 3382 autem
1392 3327 1806 3382 admonitionem
1845 3330 2043 3399 adjicit.

475 3419 587 3475 Illic
614 3420 961 3487 exspectavit,
991 3430 1045 3471 ut
1077 3419 1149 3472 illi
1179 3420 1449 3484 dicerent;
1500 3420 1582 3473 hic
1622 3422 1839 3485 sciebat,
1874 3438 2044 3492 quau-

477 3521 589 3566 tum
619 3514 820 3581 operati
850 3522 1028 3566 essent
1059 3553 1072 3573 ,
1115 3522 1168 3566 et
1208 3514 1345 3581 quod
1389 3514 1496 3581 jam
1539 3513 1612 3567 illi
1665 3516 2048 3572 tractabiliores

477 3613 676 3659 essent.
723 3601 861 3658 Sine
909 3612 963 3657 et
1001 3620 1118 3672 qua:
1161 3618 1317 3670 supra
1360 3605 1500 3658 dicta
1547 3606 1786 3671 fuerant,
1834 3624 1939 3661 non
1983 3624 2048 3662 ex

480 3694 773 3763 ignorantia
807 3706 1195 3763 prOCchei-ant.
1245 3694 1371 3747 Nam
1412 3696 1549 3763 quod
1589 3696 1847 3751 latronem
1880 3702 2049 3765 petie-

486 3788 590 3843 rint
611 3828 625 3849 ,
661 3786 799 3855 quod
833 3801 951 3839 cum
983 3785 1338 3840 abSolvendus
1362 3786 1709 3854 judicaretur,
1736 3788 1785 3842 id
1816 3790 1913 3859 ipsi
1945 3806 2048 3843 non

481 3878 790 3933 admiserint
815 3918 828 3939 ,
861 3876 999 3946 quod
1021 3877 1267 3931 occidi-re
1296 3877 1591 3942 voluerint,
1621 3880 1771 3948 cujus
1802 3882 2051 3950 ignoran-

484 3970 570 4023 tia:
608 3982 727 4023 esse
774 3967 1007 4035 poterat?
1045 3970 1290 4020 Attamen
1333 3966 1423 4021 dat
1466 3969 1571 4023 illis
1612 3980 1925 4039 petestatetn
1956 3988 2051 4025 ne-

482 4061 640 4131 gandi
666 4069 720 4115 et
749 4059 1035 4129 pteniteudi
1070 4060 1136 4114 de
1165 4059 1347 4125 factis;
1394 4060 1503 4114 imo
1536 4062 1695 4115 etiam
1726 4063 2050 4131 probabilem

485 4168 582 4226 pro
611 4152 739 4223 ipsis
758 4151 1121 4206 defensionem
1155 4160 1322 4219 parat,
1348 4162 1401 4204 et
1430 4151 1557 4205 dicit
1585 4170 1597 4202 :
1627 4152 1778 4218 Quod
1811 4154 2056 4207 innocen-

485 4258 592 4303 tem
615 4245 949 4305 occideretis.
972 4244 1253 4307 sciebatis;
1281 4245 1419 4312 quod
1445 4245 1731 4312 principem
1756 4246 1897 4308 vitat,
1923 4245 2056 4300 forte

486 4337 830 4408 iguorabatis.
865 4334 927 4387 Et
958 4334 1081 4388 hinc
1110 4350 1213 4387 non
1239 4334 1357 4387 illos
1379 4335 1523 4387 solos
1543 4350 1573 4387 a
1593 4336 1815 4389 crimine
1845 4337 2053 4404 liberat,

489 4429 585 4484 sed
614 4430 773 4483 etiam
800 4426 1020 4481 sceleris
1048 4435 1311 4478 auctores.
1342 4425 1588 4494 Alioquin
1615 4428 2059 4482 contentiosiorcs

489 4520 609 4574 illos
636 4516 986 4581 reddidisset,
1027 4515 1071 4568 si
1105 4530 1405 4568 sermonem
1436 4516 1485 4567 in
1512 4517 1901 4570 accusationem
1931 4533 2058 4571 con-

492 4610 756 4665 vertisset.
807 4606 936 4661 Nam
983 4605 1071 4675 qui
1118 4620 1277 4674 grave
1317 4605 1584 4675 quidpiam
1624 4610 1910 4674 commisit,
1942 4625 2060 4665 eum

490 4711 787 4763 accusatur,
810 4714 928 4753 sese
945 4712 1169 4769 purgare
1188 4707 1415 4764 tentans,
1438 4697 1802 4754 vehementior
1816 4699 2061 4755 efficitur.

496 4792 677 4863 Neque
698 4790 831 4845 ultra
862 4790 1005 4852 dicit,
1039 4788 1406 4853 CTUCiﬁXistiS,
1437 4791 1736 4855 occidistis;
1767 4792 1881 4854 sed,
1916 4791 2064 4847 Feci-

497 4889 611 4952 stis,
637 4883 703 4938 ad
729 4883 935 4937 veniam
964 4882 1082 4935 illos
1101 4881 1389 4935 deducens.
1414 4880 1468 4935 Si
1499 4882 1573 4936 illi
1598 4898 1689 4951 per
1717 4882 2064 4953 ignorantiam

501 4976 764 5036 fecerunt,
798 4974 965 5027 multo
992 4972 1159 5041 magis
1191 4973 1278 5035 hi;
1328 4974 1370 5025 si
1418 4973 1520 5025 illis
1563 4973 1865 5039 remittitur,
1899 4977 2068 5029 multo

508 5069 671 5138 magis
699 5067 802 5121 his.
828 5064 978 5134 Quod
1006 5074 1182 5117 autem
1212 5063 1453 5117 mirabile
1481 5074 1561 5118 est
1585 5106 1599 5130 ,
1633 5074 1685 5118 et
1714 5080 1872 5134 supra
1900 5076 1953 5119 et
1984 5067 2069 5120 hic

504 5178 626 5216 cum
663 5162 900 5221 dixisset,
945 5158 1051 5212 illic
1090 5158 1323 5226 quidem,
1354 5157 1573 5224 Deﬁnite
1611 5158 1819 5210 consilio
1854 5168 1898 5211 et
1934 5175 2067 5229 pra:-

505 5251 747 5315 scientiu;
794 5251 879 5301 hic
907 5265 1034 5303 vero
1059 5290 1074 5313 ,
1122 5247 1481 5301 I’raznuntiavit
1508 5248 1753 5301 omnibus
1779 5246 2068 5313 Christum,

513 5342 714 5396 nullum
744 5338 957 5395 adducit
996 5340 1359 5392 testimonium
1391 5356 1402 5390 :
1432 5340 1633 5407 singula
1663 5340 1802 5391 enim
1834 5341 2072 5393 testimo-

509 5436 615 5499 nia,
648 5448 768 5488 cum
793 5430 1137 5494 criminibus,
1170 5432 1423 5484 ultionem
1454 5430 1787 5484 annuntiant.
1825 5428 1892 5483 Et
1921 5431 2070 5497 dabo,

506 5528 679 5597 inquit
698 5569 713 5591 ,
739 5525 922 5594 impios
948 5539 1037 5593 pro
1061 5522 1321 5593 sepultura
1349 5524 1457 5593 ejus
1478 5564 1493 5588 ,
1522 5533 1569 5576 et
1594 5524 1769 5576 divites
1799 5540 1890 5593 pro
1914 5534 2073 5578 morte

509 5620 648 5676 illius
677 5615 822 5689 (lsai.
856 5617 942 5673 53.
968 5616 1057 5683 9);
1087 5624 1139 5669 et
1170 5616 1380 5681 iterum,
1413 5614 1537 5680 Qua:
1560 5616 1952 5685 praenuntiavit,
1993 5618 2076 5669 iu-
2144 5626 2153 5645 '

512 5713 643 5782 quit,
677 5728 764 5779 per
792 5726 846 5764 os
874 5709 1097 5761 omnium
1119 5706 1495 5775 prophetarum,
1521 5706 1627 5773 pati
1645 5706 1831 5775 ipsum,
1857 5705 2079 5777 implevit

516 5808 604 5861 sic.
638 5805 880 5875 Magnum
907 5802 1235 5858 demonstrat
1258 5798 1566 5855 consilium:
1601 5798 1865 5868 siquidem
1888 5816 2075 5858 omnes

2138 481 2238 537 hoc
2264 482 2530 547 dicebant,
2561 500 2664 537 non
2694 499 2831 539 unus
2860 494 3082 540 tantum.
3107 484 3285 556 Neque
3304 495 3449 541 certe
3468 484 3589 557 quia
3612 504 3709 559 per

2137 576 2483 644 ignorantiam
2516 576 2652 631 facta
2683 587 2842 642 sunt,
2876 587 3067 646 pratter
3100 577 3192 632 Dei
3220 579 3540 634 voluntatem
3568 580 3708 635 facta

2134 676 2276 720 sunt.

2211 760 2349 814 Deus
2370 760 2585 815 aliorum
2610 762 2923 833 malignitate
2945 764 3101 816 utitur
3135 762 3203 817 ad
3216 762 3418 817 bonum.
3444 795 3516 805 —
3536 763 3672 820 Vide
3690 810 3707 831 ,

2135 862 2327 922 quanta
2370 853 2437 906 sit
2484 853 2572 906 Dei
2618 855 2872 921 sapientia
2900 894 2913 915 .
2953 870 3071 924 quae
3123 855 3347 909 aliorum
3386 855 3712 926 malignitate

2136 942 2302 996 utitur
2330 944 2395 996 ad
2426 943 2500 1007 id,
2526 943 2665 1013 quod
2691 944 2803 997 ﬁeri
2836 958 2970 1013 opus
2998 954 3098 999 est.
3133 943 3389 1013 Implevit,
3423 946 3608 1015 inquit.
3632 946 3711 1001 Ne

2134 1044 2381 1104 putarent
2410 1035 2607 1105 aliquid
2634 1035 2844 1101 deesse,
2875 1035 2975 1091 hoc
2994 1037 3206 1105 adjecit,
3228 1036 3505 1092 declarans
3530 1039 3708 1092 omnia

2134 1142 2252 1197 qua;
2283 1127 2388 1197 pati
2420 1126 2590 1195 ipsum
2618 1127 2896 1198 oportebat
2919 1129 3132 1198 impleta
3161 1127 3342 1183 fuisse.
3377 1128 3481 1185 Sed
3513 1146 3579 1185 ne
3606 1147 3709 1200 pu-

2137 1218 2292 1284 tetis,
2325 1220 2448 1288 quia
2493 1218 2606 1273 hmo
2645 1219 2919 1289 propheta:
2962 1220 3246 1286 dixerunt,
3277 1230 3331 1276 et
3359 1222 3479 1292 quia
3516 1221 3566 1276 id
3615 1238 3714 1293 per

2135 1308 2483 1378 ignorantiam
2514 1307 2716 1365 fecistis
2733 1352 2746 1374 ,
2781 1310 2880 1365 hoc
2904 1311 2968 1365 ad
2991 1310 3355 1366 defensionem
3381 1313 3528 1368 vobis
3556 1316 3708 1369 sulti-

2135 1414 2278 1454 cere.
2302 1401 2369 1453 At
2396 1415 2498 1454 non
2529 1401 2597 1455 ita
2624 1401 2784 1467 dicit,
2814 1401 2907 1455 sed
2935 1402 3112 1457 mitius
3140 1419 3154 1457 :
3185 1401 3505 1458 Ptenitemini
3527 1405 3709 1475 igitur.

2134 1490 2350 1557 Quare?
2374 1492 2441 1546 Ut
2459 1493 2720 1548 deleantur
2738 1504 2939 1563 peccata
2960 1504 3154 1558 vestra;
3176 1510 3278 1548 non
3296 1495 3383 1548 illa
3404 1497 3573 1549 solum
3593 1514 3712 1565 qua:

2136 1585 2187 1638 in
2215 1585 2571 1656 cruciﬁgendo
2599 1587 2829 1643 admissa
2858 1598 2980 1641 sunt
3010 1606 3021 1639 :
3052 1588 3138 1642 illa
3169 1586 3384 1642 forsitan
3439 1604 3532 1658 per
3558 1590 3709 1658 igno-

2137 1675 2359 1729 rantiam
2388 1677 2521 1731 facta
2549 1687 2704 1743 sunt;
2735 1678 2829 1733 sed
2857 1689 2911 1732 ut
2935 1679 3034 1732 alia
3065 1693 3273 1751 quoque
3296 1690 3507 1749 peccata
3532 1691 3709 1735 vestra

2135 1766 2429 1821 deleantur.
2470 1768 2665 1823 Deinde
2690 1769 2866 1838 adjicit
2889 1788 2900 1821 :
2926 1768 2994 1825 Ut
3019 1771 3064 1822 si
3085 1772 3301 1823 venerint
3327 1771 3461 1823 vobis
3489 1781 3711 1840 tempora

2135 1857 2400 1927 refrigerii.
2424 1858 2517 1912 llic
2537 1858 2603 1912 de
2625 1862 3011 1913 resurrectione
3036 1861 3259 1914 obscure
3286 1861 3514 1929 loquitur
3540 1878 3554 1913 :
3586 1878 3707 1913 nam

2138 1946 2224 2000 illa
2257 1963 2379 2002 vere
2404 1959 2526 2002 sunt
2558 1950 2815 2019 refrigerii
2846 1960 3101 2019 tempora,
3133 1966 3252 2019 qua:
3279 1952 3473 2005 Paulus
3497 1968 3710 2021 qumre-

2136 2038 2244 2103 bat,
2271 2040 2457 2095 dicens
2481 2058 2494 2093 :
2525 2040 2589 2094 Et
2611 2058 2699 2095 nos
2724 2043 2809 2108 qui
2834 2059 3008 2095 sumus
3034 2042 3084 2095 in
3112 2042 3450 2106 tabernaculo,
3474 2043 3711 2113 ingentis-

2136 2131 2295 2186 cimus
2317 2134 2510 2202 gravati
2543 2133 2615 2203 (2.
2649 2132 2767 2188 Cor.
2799 2133 2851 2187 5.
2874 2135 2954 2202 4).
2978 2133 3176 2187 Deinde
3200 2134 3506 2198 ostendens,
3537 2136 3706 2203 ipsum

2138 2237 2256 2278 esse
2275 2232 2571 2293 temporum
2600 2224 2859 2295 refrigerii
2884 2232 3174 2290 auctorem,
3200 2223 3265 2277 Et
3290 2226 3495 2288 miserit,
3518 2225 3709 2294 inquit,

2139 2332 2251 2369 eum
2272 2358 2286 2383 ,
2317 2318 2403 2386 qui
2430 2318 2564 2371 vobis
2602 2329 2717 2371 ante
2761 2317 3058 2387 prtedicatus
3088 2328 3158 2371 est
3177 2358 3193 2382 ,
3228 2316 3403 2371 Iesum
3437 2317 3709 2372 Christum.

2139 2406 2252 2462 Non
2284 2406 2437 2474 dixit,
2471 2409 2719 2463 Deleatur
2740 2420 3009 2476 peccatum
3043 2419 3299 2474 vestrum;
3328 2408 3443 2473 sed,
3476 2408 3712 2473 Pcccuta,

2140 2509 2214 2565 et,
2244 2500 2373 2555 illud
2400 2500 2760 2567 Subindicans,
2788 2500 3002 2554 Miserit.
3029 2502 3137 2555 lloc
3163 2502 3246 2555 ubi
3266 2502 3418 2568 dixit,
3440 2518 3541 2554 non
3570 2501 3717 2555 addit

2143 2592 2306 2658 unde;
2324 2592 2418 2648 sed
2436 2593 2605 2647 solum
2630 2592 2839 2661 adjicit:
2865 2592 3023 2659 Quem
3044 2604 3233 2663 Oportet
3250 2593 3426 2646 cwlum
3446 2593 3713 2662 suscipere.

2144 2682 2334 2752 Utique
2358 2684 2649 2752 suscipere.
2674 2684 2739 2737 Et
2766 2698 2862 2737 cur
2885 2698 2989 2737 non
3017 2684 3168 2748 dixit,
3194 2684 3361 2751 Quem
3387 2686 3573 2738 cadum
3600 2698 3717 2738 sus-

2143 2774 2316 2843 cepit?
2357 2774 2467 2829 Hoc
2507 2776 2658 2845 quasi
2697 2776 2765 2830 de
2807 2775 2997 2845 priscis
3036 2776 3361 2843 temporibus
3399 2775 3527 2829 dicit
3570 2794 3582 2829 :
3626 2776 3719 2829 Sic

2144 2868 2508 2937 dESpensatum
2550 2878 2669 2934 est,
2712 2869 2791 2923 sic
2831 2869 3171 2922 constitutum
3220 2886 3232 2921 :
3270 2868 3335 2921 de
3357 2877 3550 2924 :elerna
3590 2885 3718 2923 vero

2144 2962 2260 3029 ejus
2283 2962 2558 3015 existentia
2584 2960 2814 3014 nondum
2843 2960 2992 3024 dixit;
3017 2959 3111 3014 sed
3137 2960 3313 3016 adhuc
3337 2961 3402 3014 de
3423 2965 3719 3018 teconomia

2146 3050 2640 3106 siveincarnatione
2670 3053 2837 3121 pergit
2862 3050 3057 3105 dicere.
3082 3051 3282 3122 Moyses
3311 3053 3510 3124 quidem
3543 3054 3719 3125 loquu-

2148 3154 2227 3198 tus
2254 3156 2324 3199 cst
2356 3144 2626 3215 patribus:
2662 3144 2967 3214 I’rophetam
3005 3145 3141 3199 vobis
3178 3147 3410 3199 excitabit
3450 3146 3717 3202 Dominus.

2152 3234 2353 3291 Deinde
2399 3250 2518 3289 cum
2566 3236 2810 3304 snperius
2860 3236 3077 3290 dixisset
3127 3254 3140 3290 :
3192 3234 3358 3303 Usque
3388 3236 3456 3287 ad
3498 3245 3726 3305 tempora

2150 3326 2475 3381 restitutionis
2499 3328 2743 3391 omnium,
2767 3343 2878 3396 qua:
2906 3328 3139 3396 loquutus
3162 3337 3234 3380 est
3262 3326 3397 3379 Deus
3418 3344 3507 3395 per
3531 3344 3587 3380 os
3612 3344 3727 3380 om-

2152 3420 2289 3471 niunt
2315 3427 2601 3472 sanctorum
2624 3434 2827 3471 suorum
2860 3419 3217 3487 prophetarum
3241 3434 3272 3470 a
3300 3419 3480 3471 strculo
3501 3461 3514 3482 ,
3547 3420 3723 3487 ipsum

2154 3511 2365 3565 tandem
2410 3511 2610 3565 inducit
2656 3510 2945 3565 Christum.
2972 3509 3102 3565 Nam
3144 3512 3185 3563 si
3233 3512 3389 3565 multa
3441 3511 3722 3580 prtedixit,

2154 3603 2429 3671 ipsumque
2451 3600 2635 3656 audire
2674 3611 2883 3669 Oportet
2931 3622 2944 3656 :
2989 3618 3093 3654 non
3137 3602 3461 3655 aberraverit
3500 3602 3649 3672 quis,
3680 3602 3726 3656 si

2153 3692 2293 3747 dicat
2320 3692 2435 3747 haec
2469 3691 2753 3761 prophetas
2782 3692 3000 3747 dixisse.

2224 3784 2278 3837 4.
2325 3783 2571 3853 Alioquin
2607 3798 2735 3839 vero
2766 3784 2876 3837 vult
2901 3783 3181 3839 ostendere
3204 3827 3218 3848 ,
3251 3784 3436 3840 eadem
3468 3786 3577 3854 ipsa
3605 3801 3730 3855 pro-

2156 3877 2344 3945 phetas
2370 3875 2696 3944 praedixisse.
2729 3877 2793 3929 Et
2826 3876 2869 3927 si
2900 3876 3017 3943 quis
3055 3886 3300 3928 accurate
3328 3876 3727 3944 exploraverit,

2158 3970 2245 4022 illa
2276 3967 2526 4031 inveniet,
2562 3967 2684 4021 licet
2731 3965 2956 4020 obscure
2982 3966 3121 4019 dicta
3152 3984 3163 4018 :
3201 3976 3255 4019 ut
3287 3966 3417 4020 nihil
3448 3968 3516 4020 sit
3544 3981 3733 4022 recens

2157 4060 2375 4113 dictum.
2407 4056 2748 4111 I’ratdicatum
2772 4098 2785 4119 ,
2824 4056 3010 4124 inquit.
3042 4056 3137 4111 llic
3180 4058 3295 4112 illos
3338 4060 3496 4111 etiam
3529 4067 3732 4121 terret,

2159 4152 2304 4221 quasi
2353 4150 2514 4203 multa
2559 4148 2731 4203 adhuc
2761 4149 2967 4203 residua
3009 4160 3207 4203 essent.
3240 4150 3517 4217 Quomodo
3557 4159 3735 4204 autem

2160 4242 2368 4296 (“CCle
2396 4260 2408 4293 :
2439 4239 2671 4309 Implevit
2698 4256 2774 4300 ea,
2803 4256 2915 4309 qua:
2939 4242 3160 4309 oportuit
3192 4242 3335 4295 illum
3367 4242 3513 4310 pati?
3542 4241 3740 4309 Imple-

2161 4334 2246 4397 vit,
2277 4334 2462 4403 inquit,
2492 4346 2617 4395 non,
2652 4330 2927 4402 impletum
2958 4341 3072 4397 est;
3103 4332 3400 4398 declarans,
3432 4334 3601 4401 ipsum
3632 4349 3695 4388 ea
3717 4374 3733 4398 ,

2162 4442 2280 4496 qua:
2325 4425 2429 4494 pati
2485 4423 2799 4493 Oportebat,
2852 4422 3187 4492 implevisse;
3230 4438 3349 4493 qua:
3400 4438 3526 4477 vero
3556 4422 3737 4479 futura

2165 4517 2355 4573 deinde
2383 4525 2526 4582 sunt,
2554 4514 2766 4584 impleta
2795 4514 3029 4569 nondum
3060 4530 3200 4569 esse.
3248 4514 3556 4584 Prophetam
3597 4516 3741 4572 vobis

2164 4610 2422 4664 suscitabit
2474 4606 2720 4661 Dominus
2759 4607 2895 4661 Deus
2939 4622 3001 4660 ea:
3056 4606 3294 4677 fratribus
3342 4608 3553 4673 vestris,
3604 4616 3740 4660 tam-

2166 4718 2317 4772 quam
2342 4716 2439 4753 me.
2460 4698 2609 4766 Quod
2636 4698 2756 4752 illos
2776 4699 3007 4755 maxime
3026 4699 3360 4765 conciliabat,
3382 4698 3529 4754 dicit.
3553 4698 3737 4762 Vides,

2168 4791 2434 4861 quomodo
2463 4789 2681 4844 humilia
2708 4789 2864 4844 simul
2897 4801 2951 4846 et
2974 4792 3217 4846 sublimia
3247 4792 3502 4863 spargat?
3530 4791 3742 4848 Humile

2170 4885 2309 4938 enim
2340 4894 2393 4938 et
2422 4883 2648 4939 sublime
2673 4892 2787 4948 est,
2812 4885 2859 4939 si
2893 4885 2936 4938 is
2956 4926 2970 4948 ,
3001 4885 3087 4953 qui
3116 4886 3167 4939 in
3208 4885 3394 4939 czelum
3422 4900 3744 4939 ascensurus

2171 4988 2273 5040 e5t,
2298 4973 2486 5028 similis
2506 4975 2573 5029 sit
2594 4975 2758 5044 Moysi
2785 4993 2797 5028 :
2816 4985 3178 5029 verumtamen
3199 4986 3320 5029 tunc
3337 4992 3581 5044 magnum
3604 4986 3741 5032 erat.

2172 5065 2283 5120 Non
2312 5075 2488 5119 autem
2517 5066 2808 5120 secundum
2837 5065 3070 5136 Moysem
3099 5075 3180 5119 est
3206 5067 3333 5120 illud
3366 5085 3380 5118 :
3409 5066 3477 5119 Et
3501 5069 3594 5121 erit
3636 5084 3747 5121 om-

2175 5161 2252 5211 nis
2295 5158 2381 5229 qui
2425 5175 2525 5211 non
2566 5157 2817 5223 audierit,
2858 5160 3282 5213 exterminabitur.
3330 5160 3607 5215 lnnumera
3644 5162 3747 5215 alia

2174 5249 2345 5313 dixit,
2384 5264 2502 5318 qua:
2530 5249 2758 5318 probant
2785 5249 2929 5302 illutn
2972 5264 3074 5303 non
3115 5265 3235 5305 esse
3268 5251 3433 5323 Moysi
3473 5252 3699 5305 similem
3731 5270 3745 5305 :

2179 5342 2352 5411 itaque
2379 5356 2625 5412 magnum
2657 5343 3015 5396 testimonium
3045 5343 3235 5413 attigit.
3256 5343 3391 5398 Deus
3416 5345 3559 5398 illum
3584 5348 3751 5399 susci~

2179 5437 2299 5488 tabit
2321 5477 2337 5500 ,
2368 5435 2581 5505 inquit,
2606 5437 2668 5489 de
2695 5436 2931 5506 fratribus
2959 5438 3151 5491 vestris.
3190 5438 3400 5509 Moyses
3441 5439 3596 5507 igitur
3636 5440 3752 5508 ipse

2180 5528 2552 5583 interminatus
2575 5538 2656 5582 est
2683 5544 2790 5583 non
2815 5528 3171 5583 audientibus.
3202 5529 3324 5584 [hec
3345 5532 3518 5583 omnia
3545 5530 3751 5599 adjecta

2183 5628 2323 5673 sunt.
2376 5618 2438 5672 Et
2463 5635 2633 5674 omnes
2676 5620 2934 5689 prapltette
2954 5661 2969 5685 ,
2999 5618 3201 5689 inquit,
3232 5637 3264 5673 a
3294 5620 3545 5673 Samuele.
3575 5619 3753 5676 Noluit

2184 5710 2418 5779 singulos
2446 5724 2721 5764 recensere
2745 5752 2760 5773 ,
2793 5725 2859 5765 ne
2886 5709 3091 5779 longior
3118 5725 3293 5764 sermo
3330 5717 3503 5775 esset;
3532 5708 3625 5765 sed
3651 5727 3751 5778 op-

2190 5810 2415 5873 portuno
2442 5816 2570 5857 usus
2596 5801 2789 5875 Moysis
2812 5804 3136 5874 testimonio,
3167 5806 3306 5861 ultra
3331 5804 3474 5860 misit
3500 5817 3615 5861 eos.
3655 5802 3759 5857 Vas
