  <div class='ocr_page' id='page_1' title='image "/cluster/home/n/w/nwhite01/storage/ocr_20150623/60/hvd.32044073501942/086.png"; bbox 0 0 4040 6212; ppageno 0'>
   <div class='ocr_carea' id='block_1_1' title="bbox 332 352 3560 423">
    <p class='ocr_par' dir='ltr' id='par_1_1' title="bbox 332 352 3560 423">
     <span class='ocr_line' id='line_1_1' title="bbox 332 352 3560 423; baseline -0.006 0"><span class='ocrx_word' id='word_1_1' title='bbox 332 366 392 423; x_wconf 80' lang='lat'>79</span> <span class='ocrx_word' id='word_1_2' title='bbox 1306 359 1374 415; x_wconf 84' lang='lat' dir='ltr'>IN</span> <span class='ocrx_word' id='word_1_3' title='bbox 1411 358 1590 415; x_wconf 80' lang='lat' dir='ltr'><strong>ACTA</strong></span> <span class='ocrx_word' id='word_1_4' title='bbox 1627 356 2158 414; x_wconf 72' lang='lat' dir='ltr'>APOSTOLORUM.</span> <span class='ocrx_word' id='word_1_5' title='bbox 2197 354 2427 411; x_wconf 78' lang='lat' dir='ltr'>HOMIL.</span> <span class='ocrx_word' id='word_1_6' title='bbox 2471 355 2562 411; x_wconf 82' lang='lat' dir='ltr'>IX.</span> <span class='ocrx_word' id='word_1_7' title='bbox 3488 352 3560 407; x_wconf 72' lang='grc' dir='ltr'>εἰ)</span> 
     </span>
    </p>
   </div>
   <div class='ocr_carea' id='block_1_2' title="bbox 335 480 1890 553">
    <p class='ocr_par' dir='ltr' id='par_1_2' title="bbox 335 480 1890 553">
     <span class='ocr_line' id='line_1_2' title="bbox 335 480 1890 553; baseline -0.003 -14"><span class='ocrx_word' id='word_1_8' title='bbox 335 489 433 538; x_wconf 80' lang='grc' dir='ltr'>Ὃν</span> <span class='ocrx_word' id='word_1_9' title='bbox 451 486 483 538; x_wconf 82' lang='grc' dir='ltr'>ό</span> <span class='ocrx_word' id='word_1_10' title='bbox 503 481 642 547; x_wconf 83' lang='grc' dir='ltr'>Θεὸς</span> <span class='ocrx_word' id='word_1_11' title='bbox 666 480 903 550; x_wconf 75' lang='grc' dir='ltr'>ἤγειρε,</span> <span class='ocrx_word' id='word_1_12' title='bbox 929 482 1121 552; x_wconf 84' lang='grc' dir='ltr'>φησίν.</span> <span class='ocrx_word' id='word_1_13' title='bbox 1156 482 1365 553; x_wconf 81' lang='grc' dir='ltr'>Ἐπειδὴ</span> <span class='ocrx_word' id='word_1_14' title='bbox 1394 483 1549 535; x_wconf 85' lang='grc' dir='ltr'>τοῦτο</span> <span class='ocrx_word' id='word_1_15' title='bbox 1575 482 1890 551; x_wconf 80' lang='grc' dir='ltr'>ἐφθέγξατο,</span> 
     </span>
    </p>
   </div>
   <div class='ocr_carea' id='block_1_3' title="bbox 332 565 1889 637">
    <p class='ocr_par' dir='ltr' id='par_1_3' title="bbox 332 565 1889 637">
     <span class='ocr_line' id='line_1_3' title="bbox 332 565 1889 637; baseline -0.003 -14"><span class='ocrx_word' id='word_1_16' title='bbox 332 570 555 637; x_wconf 82' lang='grc' dir='ltr'>ἐπήγαγε</span> <span class='ocrx_word' id='word_1_17' title='bbox 577 580 589 592; x_wconf 82' lang='lat'>&#39;</span> <span class='ocrx_word' id='word_1_18' title='bbox 626 565 739 618; x_wconf 77' lang='grc' dir='ltr'>Καὶ</span> <span class='ocrx_word' id='word_1_19' title='bbox 780 565 888 619; x_wconf 76' lang='grc' dir='ltr'>ἐπὶ</span> <span class='ocrx_word' id='word_1_20' title='bbox 933 565 1014 633; x_wconf 78' lang='grc' dir='ltr'>τῇ</span> <span class='ocrx_word' id='word_1_21' title='bbox 1044 565 1235 618; x_wconf 80' lang='grc' dir='ltr'>πίστει</span> <span class='ocrx_word' id='word_1_22' title='bbox 1262 566 1364 618; x_wconf 87' lang='grc' dir='ltr'>τοῦ</span> <span class='ocrx_word' id='word_1_23' title='bbox 1388 567 1675 635; x_wconf 86' lang='grc' dir='ltr'>ὀνόματος</span> <span class='ocrx_word' id='word_1_24' title='bbox 1704 566 1889 619; x_wconf 86' lang='grc' dir='ltr'>αὑτοῦ</span> 
     </span>
    </p>
   </div>
   <div class='ocr_carea' id='block_1_4' title="bbox 332 648 1891 717">
    <p class='ocr_par' dir='ltr' id='par_1_4' title="bbox 332 648 1891 717">
     <span class='ocr_line' id='line_1_4' title="bbox 332 648 1891 717; baseline -0.001 -14"><span class='ocrx_word' id='word_1_25' title='bbox 332 650 543 710; x_wconf 82' lang='grc' dir='ltr'>τοῦτον,</span> <span class='ocrx_word' id='word_1_26' title='bbox 588 648 660 700; x_wconf 79' lang='grc' dir='ltr'>ὃν</span> <span class='ocrx_word' id='word_1_27' title='bbox 713 648 1000 715; x_wconf 83' lang='grc' dir='ltr'>θεωρεῖτε</span> <span class='ocrx_word' id='word_1_28' title='bbox 1056 649 1153 701; x_wconf 76' lang='grc' dir='ltr'>καὶ</span> <span class='ocrx_word' id='word_1_29' title='bbox 1187 648 1398 709; x_wconf 80' lang='grc' dir='ltr'>οἴδατε,</span> <span class='ocrx_word' id='word_1_30' title='bbox 1459 648 1780 717; x_wconf 82' lang='grc' dir='ltr'>ἐστερέωσε</span> <span class='ocrx_word' id='word_1_31' title='bbox 1824 651 1891 701; x_wconf 86' lang='grc' dir='ltr'>τὸ</span> 
     </span>
    </p>
   </div>
   <div class='ocr_carea' id='block_1_5' title="bbox 336 728 1892 801">
    <p class='ocr_par' dir='ltr' id='par_1_5' title="bbox 336 728 1892 801">
     <span class='ocr_line' id='line_1_5' title="bbox 336 728 1892 801; baseline 0 -16"><span class='ocrx_word' id='word_1_32' title='bbox 336 732 507 801; x_wconf 80' lang='grc' dir='ltr'>ὄνομα</span> <span class='ocrx_word' id='word_1_33' title='bbox 554 728 773 783; x_wconf 77' lang='grc' dir='ltr'>αὐτοῦ’</span> <span class='ocrx_word' id='word_1_34' title='bbox 816 733 924 783; x_wconf 79' lang='grc' dir='ltr'>καὶ</span> <span class='ocrx_word' id='word_1_35' title='bbox 953 730 994 796; x_wconf 84' lang='grc' dir='ltr'><em>ἠ</em></span> <span class='ocrx_word' id='word_1_36' title='bbox 1034 731 1236 793; x_wconf 83' lang='grc' dir='ltr'><em>πίστις</em></span> <span class='ocrx_word' id='word_1_37' title='bbox 1262 731 1298 796; x_wconf 78' lang='grc' dir='ltr'>η</span> <span class='ocrx_word' id='word_1_38' title='bbox 1340 730 1412 781; x_wconf 84' lang='grc' dir='ltr'>δι’</span> <span class='ocrx_word' id='word_1_39' title='bbox 1442 732 1624 785; x_wconf 80' lang='grc' dir='ltr'>αὑτοῦ</span> <span class='ocrx_word' id='word_1_40' title='bbox 1668 732 1892 785; x_wconf 77' lang='grc' dir='ltr'>ἔδωκεν</span> 
     </span>
    </p>
   </div>
   <div class='ocr_carea' id='block_1_6' title="bbox 339 812 1895 884">
    <p class='ocr_par' dir='ltr' id='par_1_6' title="bbox 339 812 1895 884">
     <span class='ocr_line' id='line_1_6' title="bbox 339 812 1895 884; baseline 0 -16"><span class='ocrx_word' id='word_1_41' title='bbox 339 814 486 879; x_wconf 80' lang='grc' dir='ltr'>σὺτῷ</span> <span class='ocrx_word' id='word_1_42' title='bbox 506 815 610 879; x_wconf 81' lang='grc' dir='ltr'>τὴν</span> <span class='ocrx_word' id='word_1_43' title='bbox 630 815 1019 880; x_wconf 72' lang='grc' dir='ltr'>ὁλοκληρίαν</span> <span class='ocrx_word' id='word_1_44' title='bbox 1044 814 1284 879; x_wconf 86' lang='grc' dir='ltr'>ταύτην.</span> <span class='ocrx_word' id='word_1_45' title='bbox 1336 812 1438 865; x_wconf 72' lang='grc' dir='ltr'>Καὶ</span> <span class='ocrx_word' id='word_1_46' title='bbox 1474 816 1578 884; x_wconf 83' lang='grc' dir='ltr'>μήν</span> <span class='ocrx_word' id='word_1_47' title='bbox 1601 815 1694 867; x_wconf 77' lang='grc' dir='ltr'>ἐὰν</span> <span class='ocrx_word' id='word_1_48' title='bbox 1726 816 1759 884; x_wconf 90' lang='grc' dir='ltr'>ή</span> <span class='ocrx_word' id='word_1_49' title='bbox 1814 816 1895 879; x_wconf 89' lang='grc' dir='ltr'>εἰς</span> 
     </span>
    </p>
   </div>
   <div class='ocr_carea' id='block_1_7' title="bbox 345 895 1893 967">
    <p class='ocr_par' dir='ltr' id='par_1_7' title="bbox 345 895 1893 967">
     <span class='ocr_line' id='line_1_7' title="bbox 345 895 1893 967; baseline 0 -16"><span class='ocrx_word' id='word_1_50' title='bbox 345 898 492 952; x_wconf 82' lang='grc' dir='ltr'>αὑτόν</span> <span class='ocrx_word' id='word_1_51' title='bbox 513 899 614 949; x_wconf 81' lang='grc' dir='ltr'>ἐστι</span> <span class='ocrx_word' id='word_1_52' title='bbox 644 895 831 957; x_wconf 78' lang='grc' dir='ltr'>πίστις</span> <span class='ocrx_word' id='word_1_53' title='bbox 854 899 891 966; x_wconf 89' lang='grc' dir='ltr'>ή</span> <span class='ocrx_word' id='word_1_54' title='bbox 923 896 985 948; x_wconf 84' lang='grc' dir='ltr'>τὸ</span> <span class='ocrx_word' id='word_1_55' title='bbox 1014 898 1121 949; x_wconf 79' lang='grc' dir='ltr'>πᾶν</span> <span class='ocrx_word' id='word_1_56' title='bbox 1157 897 1497 967; x_wconf 81' lang='grc' dir='ltr'>ἐργασαμένη</span> <span class='ocrx_word' id='word_1_57' title='bbox 1521 937 1535 961; x_wconf 85' lang='grc'>,</span> <span class='ocrx_word' id='word_1_58' title='bbox 1574 899 1669 951; x_wconf 76' lang='grc' dir='ltr'>καὶ</span> <span class='ocrx_word' id='word_1_59' title='bbox 1702 899 1782 951; x_wconf 82' lang='grc' dir='ltr'>ὅτι</span> <span class='ocrx_word' id='word_1_60' title='bbox 1815 901 1893 963; x_wconf 83' lang='grc' dir='ltr'>είς</span> 
     </span>
    </p>
   </div>
   <div class='ocr_carea' id='block_1_8' title="bbox 348 975 1895 1040">
    <p class='ocr_par' dir='ltr' id='par_1_8' title="bbox 348 975 1895 1040">
     <span class='ocr_line' id='line_1_8' title="bbox 348 975 1895 1040; baseline 0 -7"><span class='ocrx_word' id='word_1_61' title='bbox 348 981 498 1035; x_wconf 80' lang='grc' dir='ltr'>αὑτὸν</span> <span class='ocrx_word' id='word_1_62' title='bbox 517 979 810 1035; x_wconf 80' lang='grc' dir='ltr'>ἐπίστευσε,</span> <span class='ocrx_word' id='word_1_63' title='bbox 834 978 984 1040; x_wconf 85' lang='grc' dir='ltr'>τίνος</span> <span class='ocrx_word' id='word_1_64' title='bbox 1018 978 1199 1030; x_wconf 80' lang='grc' dir='ltr'>ἐνεκεν</span> <span class='ocrx_word' id='word_1_65' title='bbox 1220 980 1316 1031; x_wconf 90' lang='grc' dir='ltr'>οὑκ</span> <span class='ocrx_word' id='word_1_66' title='bbox 1341 975 1512 1040; x_wconf 86' lang='grc' dir='ltr'>εἶπεν,</span> <span class='ocrx_word' id='word_1_67' title='bbox 1549 980 1646 1033; x_wconf 83' lang='grc' dir='ltr'>Διά</span> <span class='ocrx_word' id='word_1_68' title='bbox 1669 980 1760 1033; x_wconf 90' lang='grc' dir='ltr'>τοῦ</span> <span class='ocrx_word' id='word_1_69' title='bbox 1786 982 1895 1033; x_wconf 79' lang='grc' dir='ltr'>δνό-</span> 
     </span>
    </p>
   </div>
   <div class='ocr_carea' id='block_1_9' title="bbox 356 1060 1893 1134">
    <p class='ocr_par' dir='ltr' id='par_1_9' title="bbox 356 1060 1893 1134">
     <span class='ocr_line' id='line_1_9' title="bbox 356 1060 1893 1134; baseline 0 -21"><span class='ocrx_word' id='word_1_70' title='bbox 356 1080 525 1133; x_wconf 81' lang='grc' dir='ltr'>ματος,</span> <span class='ocrx_word' id='word_1_71' title='bbox 546 1061 669 1123; x_wconf 86' lang='grc' dir='ltr'>ἀλλ’,</span> <span class='ocrx_word' id='word_1_72' title='bbox 709 1062 819 1114; x_wconf 83' lang='grc' dir='ltr'>Ἔν</span> <span class='ocrx_word' id='word_1_73' title='bbox 850 1060 933 1125; x_wconf 84' lang='grc' dir='ltr'>τῷ</span> <span class='ocrx_word' id='word_1_74' title='bbox 959 1063 1239 1130; x_wconf 82' lang='grc' dir='ltr'>ὀνόματι;</span> <span class='ocrx_word' id='word_1_75' title='bbox 1288 1064 1408 1114; x_wconf 82' lang='grc' dir='ltr'>Ὅτι</span> <span class='ocrx_word' id='word_1_76' title='bbox 1439 1061 1589 1115; x_wconf 84' lang='grc' dir='ltr'>οὑπω</span> <span class='ocrx_word' id='word_1_77' title='bbox 1627 1064 1893 1134; x_wconf 73' lang='grc' dir='ltr'>ἐθάρρουν</span> 
     </span>
    </p>
   </div>
   <div class='ocr_carea' id='block_1_10' title="bbox 350 1144 1894 1215">
    <p class='ocr_par' dir='ltr' id='par_1_10' title="bbox 350 1144 1894 1215">
     <span class='ocr_line' id='line_1_10' title="bbox 350 1144 1894 1215; baseline -0.001 -15"><span class='ocrx_word' id='word_1_78' title='bbox 350 1149 523 1209; x_wconf 86' lang='grc' dir='ltr'>εἰπεῖν,</span> <span class='ocrx_word' id='word_1_79' title='bbox 560 1146 615 1196; x_wconf 82' lang='grc' dir='ltr'><strong>Ἦ</strong></span> <span class='ocrx_word' id='word_1_80' title='bbox 638 1145 716 1205; x_wconf 80' lang='grc' dir='ltr'>εἰς</span> <span class='ocrx_word' id='word_1_81' title='bbox 746 1144 916 1196; x_wconf 83' lang='grc' dir='ltr'>αὑτὸν</span> <span class='ocrx_word' id='word_1_82' title='bbox 948 1144 1149 1207; x_wconf 79' lang='grc' dir='ltr'>πίστις.</span> <span class='ocrx_word' id='word_1_83' title='bbox 1179 1145 1295 1197; x_wconf 83' lang='grc' dir='ltr'>Ἵνα</span> <span class='ocrx_word' id='word_1_84' title='bbox 1317 1146 1373 1197; x_wconf 86' lang='grc' dir='ltr'>δὲ</span> <span class='ocrx_word' id='word_1_85' title='bbox 1405 1145 1478 1215; x_wconf 83' lang='grc' dir='ltr'>μὴ</span> <span class='ocrx_word' id='word_1_86' title='bbox 1510 1158 1533 1184; x_wconf 75' lang='grc' dir='ltr'>α</span> <span class='ocrx_word' id='word_1_87' title='bbox 1563 1146 1642 1211; x_wconf 86' lang='grc' dir='ltr'>τὸ,</span> <span class='ocrx_word' id='word_1_88' title='bbox 1684 1146 1762 1200; x_wconf 79' lang='grc' dir='ltr'>Δι’</span> <span class='ocrx_word' id='word_1_89' title='bbox 1790 1149 1894 1199; x_wconf 85' lang='grc' dir='ltr'>αὐ-</span> 
     </span>
    </p>
   </div>
   <div class='ocr_carea' id='block_1_11' title="bbox 351 1224 1893 1300">
    <p class='ocr_par' dir='ltr' id='par_1_11' title="bbox 351 1224 1893 1300">
     <span class='ocr_line' id='line_1_11' title="bbox 351 1224 1893 1300; baseline -0.001 -15"><span class='ocrx_word' id='word_1_90' title='bbox 351 1230 462 1294; x_wconf 81' lang='grc' dir='ltr'>τοῦ,</span> <span class='ocrx_word' id='word_1_91' title='bbox 503 1228 741 1283; x_wconf 51' lang='grc' dir='ltr'>ταπινὸν</span> <span class='ocrx_word' id='word_1_92' title='bbox 787 1224 852 1300; x_wconf 83' lang='grc' dir='ltr'>ᾗ,</span> <span class='ocrx_word' id='word_1_93' title='bbox 910 1227 1157 1297; x_wconf 77' lang='grc' dir='ltr'>ἐπήγαγε</span> <span class='ocrx_word' id='word_1_94' title='bbox 1181 1241 1197 1257; x_wconf 75' lang='grc' dir='ltr'><strong><em>ο</em></strong></span> <span class='ocrx_word' id='word_1_95' title='bbox 1255 1227 1361 1281; x_wconf 82' lang='grc' dir='ltr'>Καὶ</span> <span class='ocrx_word' id='word_1_96' title='bbox 1393 1229 1459 1281; x_wconf 89' lang='grc' dir='ltr'>τὸ</span> <span class='ocrx_word' id='word_1_97' title='bbox 1499 1230 1683 1297; x_wconf 82' lang='grc' dir='ltr'>ὄνομα</span> <span class='ocrx_word' id='word_1_98' title='bbox 1710 1230 1893 1283; x_wconf 86' lang='grc' dir='ltr'>αὐτοῦ</span> 
     </span>
    </p>
   </div>
   <div class='ocr_carea' id='block_1_12' title="bbox 347 1309 1894 1381">
    <p class='ocr_par' dir='ltr' id='par_1_12' title="bbox 347 1309 1894 1381">
     <span class='ocr_line' id='line_1_12' title="bbox 347 1309 1894 1381; baseline -0.002 -14"><span class='ocrx_word' id='word_1_99' title='bbox 347 1311 683 1378; x_wconf 76' lang='grc' dir='ltr'>ἐστερέωσεν</span> <span class='ocrx_word' id='word_1_100' title='bbox 707 1312 904 1363; x_wconf 83' lang='grc' dir='ltr'>αὐτόν</span> <span class='ocrx_word' id='word_1_101' title='bbox 950 1311 1061 1361; x_wconf 80' lang='grc' dir='ltr'>Καὶ</span> <span class='ocrx_word' id='word_1_102' title='bbox 1081 1309 1235 1362; x_wconf 87' lang='grc' dir='ltr'>τοῦτο</span> <span class='ocrx_word' id='word_1_103' title='bbox 1267 1311 1529 1381; x_wconf 86' lang='grc' dir='ltr'>πρότερον</span> <span class='ocrx_word' id='word_1_104' title='bbox 1555 1310 1741 1375; x_wconf 84' lang='grc' dir='ltr'>εἰπὼν,</span> <span class='ocrx_word' id='word_1_105' title='bbox 1776 1312 1894 1364; x_wconf 87' lang='grc' dir='ltr'>τότε</span> 
     </span>
    </p>
   </div>
   <div class='ocr_carea' id='block_1_13' title="bbox 348 1391 1896 1463">
    <p class='ocr_par' dir='ltr' id='par_1_13' title="bbox 348 1391 1896 1463">
     <span class='ocr_line' id='line_1_13' title="bbox 348 1391 1896 1463; baseline 0.002 -19"><span class='ocrx_word' id='word_1_106' title='bbox 348 1394 495 1463; x_wconf 75' lang='grc' dir='ltr'>φησί’</span> <span class='ocrx_word' id='word_1_107' title='bbox 517 1392 615 1447; x_wconf 75' lang='grc' dir='ltr'>Καὶ</span> <span class='ocrx_word' id='word_1_108' title='bbox 640 1393 676 1457; x_wconf 76' lang='grc' dir='ltr'>ἡ</span> <span class='ocrx_word' id='word_1_109' title='bbox 711 1392 927 1456; x_wconf 80' lang='grc' dir='ltr'>πίστις</span> <span class='ocrx_word' id='word_1_110' title='bbox 953 1391 992 1458; x_wconf 74' lang='grc' dir='ltr'><strong><em>ἡ</em></strong></span> <span class='ocrx_word' id='word_1_111' title='bbox 1020 1391 1094 1445; x_wconf 84' lang='grc' dir='ltr'>δι’</span> <span class='ocrx_word' id='word_1_112' title='bbox 1122 1392 1304 1446; x_wconf 85' lang='grc' dir='ltr'>αὑτοῦ</span> <span class='ocrx_word' id='word_1_113' title='bbox 1328 1391 1550 1446; x_wconf 83' lang='grc' dir='ltr'>ἔδωκεν</span> <span class='ocrx_word' id='word_1_114' title='bbox 1578 1393 1736 1458; x_wconf 85' lang='grc' dir='ltr'>αὐτῷ</span> <span class='ocrx_word' id='word_1_115' title='bbox 1781 1394 1896 1460; x_wconf 86' lang='grc' dir='ltr'>τὴν</span> 
     </span>
    </p>
   </div>
   <div class='ocr_carea' id='block_1_14' title="bbox 352 1475 1894 1546">
    <p class='ocr_par' dir='ltr' id='par_1_14' title="bbox 352 1475 1894 1546">
     <span class='ocr_line' id='line_1_14' title="bbox 352 1475 1894 1546; baseline -0.001 -15"><span class='ocrx_word' id='word_1_116' title='bbox 352 1478 681 1544; x_wconf 76' lang='grc' dir='ltr'>ὁλοκληρίαν</span> <span class='ocrx_word' id='word_1_117' title='bbox 708 1477 964 1541; x_wconf 84' lang='grc' dir='ltr'>ταύτην.</span> <span class='ocrx_word' id='word_1_118' title='bbox 995 1477 1153 1546; x_wconf 85' lang='grc' dir='ltr'>Ὅρα,</span> <span class='ocrx_word' id='word_1_119' title='bbox 1184 1475 1301 1538; x_wconf 88' lang='grc' dir='ltr'>πῶς</span> <span class='ocrx_word' id='word_1_120' title='bbox 1335 1475 1606 1530; x_wconf 87' lang='grc' dir='ltr'>δείκνυσιν</span> <span class='ocrx_word' id='word_1_121' title='bbox 1625 1517 1639 1538; x_wconf 97' lang='grc'>,</span> <span class='ocrx_word' id='word_1_122' title='bbox 1677 1478 1758 1530; x_wconf 84' lang='grc' dir='ltr'>ὅτι</span> <span class='ocrx_word' id='word_1_123' title='bbox 1800 1478 1894 1530; x_wconf 63' lang='grc' dir='ltr'>καὶ⁵</span> 
     </span>
    </p>
   </div>
   <div class='ocr_carea' id='block_1_15' title="bbox 355 1556 1893 1632">
    <p class='ocr_par' dir='ltr' id='par_1_15' title="bbox 355 1556 1893 1632">
     <span class='ocr_line' id='line_1_15' title="bbox 355 1556 1893 1632; baseline -0.001 -18"><span class='ocrx_word' id='word_1_124' title='bbox 355 1562 504 1614; x_wconf 78' lang='grc' dir='ltr'>ἐκεῖνο</span> <span class='ocrx_word' id='word_1_125' title='bbox 528 1559 975 1628; x_wconf 73' lang='grc' dir='ltr'>συγκαταϐαίνων</span> <span class='ocrx_word' id='word_1_126' title='bbox 1005 1556 1176 1611; x_wconf 77' lang='grc' dir='ltr'>εἶπεν.</span> <span class='ocrx_word' id='word_1_127' title='bbox 1196 1560 1269 1613; x_wconf 86' lang='grc' dir='ltr'>υὺ</span> <span class='ocrx_word' id='word_1_128' title='bbox 1299 1559 1407 1629; x_wconf 83' lang='grc' dir='ltr'>γάρ</span> <span class='ocrx_word' id='word_1_129' title='bbox 1439 1560 1503 1612; x_wconf 86' lang='grc' dir='ltr'>ἂν</span> <span class='ocrx_word' id='word_1_130' title='bbox 1529 1561 1714 1632; x_wconf 84' lang='grc' dir='ltr'>ἐτέρου</span> <span class='ocrx_word' id='word_1_131' title='bbox 1739 1561 1893 1632; x_wconf 82' lang='grc' dir='ltr'>ἐδεή-</span> 
     </span>
    </p>
   </div>
   <div class='ocr_carea' id='block_1_16' title="bbox 358 1634 1891 1713">
    <p class='ocr_par' dir='ltr' id='par_1_16' title="bbox 358 1634 1891 1713">
     <span class='ocr_line' id='line_1_16' title="bbox 358 1634 1891 1713; baseline 0.001 -18"><span class='ocrx_word' id='word_1_132' title='bbox 358 1644 419 1713; x_wconf 86' lang='grc' dir='ltr'>θη</span> <span class='ocrx_word' id='word_1_133' title='bbox 439 1644 554 1712; x_wconf 68' lang='grc' dir='ltr'>πρὸς</span> <span class='ocrx_word' id='word_1_134' title='bbox 578 1643 898 1702; x_wconf 82' lang='grc' dir='ltr'>ἀνάστασιν,</span> <span class='ocrx_word' id='word_1_135' title='bbox 933 1634 994 1694; x_wconf 73' lang='grc' dir='ltr'>οὗ</span> <span class='ocrx_word' id='word_1_136' title='bbox 1017 1641 1077 1693; x_wconf 85' lang='grc' dir='ltr'>τὸ</span> <span class='ocrx_word' id='word_1_137' title='bbox 1109 1641 1277 1711; x_wconf 76' lang='grc' dir='ltr'>ὄνομα</span> <span class='ocrx_word' id='word_1_138' title='bbox 1306 1642 1478 1711; x_wconf 89' lang='grc' dir='ltr'>χωλὸν</span> <span class='ocrx_word' id='word_1_139' title='bbox 1512 1643 1661 1695; x_wconf 85' lang='grc' dir='ltr'>οὑδέν</span> <span class='ocrx_word' id='word_1_140' title='bbox 1699 1642 1891 1713; x_wconf 84' lang='grc' dir='ltr'>νεκροῦ</span> 
     </span>
    </p>
   </div>
   <div class='ocr_carea' id='block_1_17' title="bbox 365 1724 1895 1796">
    <p class='ocr_par' dir='ltr' id='par_1_17' title="bbox 365 1724 1895 1796">
     <span class='ocr_line' id='line_1_17' title="bbox 365 1724 1895 1796; baseline -0.001 -17"><span class='ocrx_word' id='word_1_141' title='bbox 365 1726 633 1795; x_wconf 76' lang='grc' dir='ltr'>διαφέροντα</span> <span class='ocrx_word' id='word_1_142' title='bbox 652 1727 871 1796; x_wconf 67' lang='grc' dir='ltr'>ἤγειρε.</span> <span class='ocrx_word' id='word_1_143' title='bbox 895 1724 1115 1788; x_wconf 80' lang='grc' dir='ltr'>Σκόπει,</span> <span class='ocrx_word' id='word_1_144' title='bbox 1140 1724 1255 1785; x_wconf 87' lang='grc' dir='ltr'>πῶς</span> <span class='ocrx_word' id='word_1_145' title='bbox 1280 1724 1552 1793; x_wconf 79' lang='grc' dir='ltr'>πανταχοῦ</span> <span class='ocrx_word' id='word_1_146' title='bbox 1568 1725 1664 1788; x_wconf 85' lang='grc' dir='ltr'>τάς</span> <span class='ocrx_word' id='word_1_147' title='bbox 1690 1743 1895 1795; x_wconf 83' lang='grc' dir='ltr'>μαρτυ-</span> 
     </span>
    </p>
   </div>
   <div class='ocr_carea' id='block_1_18' title="bbox 372 1807 1891 1879">
    <p class='ocr_par' dir='ltr' id='par_1_18' title="bbox 372 1807 1891 1879">
     <span class='ocr_line' id='line_1_18' title="bbox 372 1807 1891 1879; baseline 0.001 -20"><span class='ocrx_word' id='word_1_148' title='bbox 372 1809 471 1879; x_wconf 78' lang='grc' dir='ltr'>ρίας</span> <span class='ocrx_word' id='word_1_149' title='bbox 507 1810 659 1860; x_wconf 82' lang='grc' dir='ltr'>αὑτῶν</span> <span class='ocrx_word' id='word_1_150' title='bbox 700 1810 1032 1860; x_wconf 78' lang='grc' dir='ltr'>ἐπισπᾶται.</span> <span class='ocrx_word' id='word_1_151' title='bbox 1092 1807 1369 1876; x_wconf 80' lang='grc' dir='ltr'>’Λνωτέρω</span> <span class='ocrx_word' id='word_1_152' title='bbox 1426 1808 1523 1877; x_wconf 89' lang='grc' dir='ltr'>μὲν</span> <span class='ocrx_word' id='word_1_153' title='bbox 1549 1809 1656 1878; x_wconf 78' lang='grc' dir='ltr'>γὰρ</span> <span class='ocrx_word' id='word_1_154' title='bbox 1708 1808 1891 1876; x_wconf 74' lang='grc' dir='ltr'>ἔλεγε·</span> 
     </span>
    </p>
   </div>
   <div class='ocr_carea' id='block_1_19' title="bbox 367 1889 1894 1959">
    <p class='ocr_par' dir='ltr' id='par_1_19' title="bbox 367 1889 1894 1959">
     <span class='ocr_line' id='line_1_19' title="bbox 367 1889 1894 1959; baseline -0.001 -15"><span class='ocrx_word' id='word_1_155' title='bbox 367 1891 531 1956; x_wconf 82' lang='grc' dir='ltr'><em>Καθὼς</em></span> <span class='ocrx_word' id='word_1_156' title='bbox 548 1892 632 1943; x_wconf 72' lang='grc' dir='ltr'>καὶ</span> <span class='ocrx_word' id='word_1_157' title='bbox 658 1890 839 1945; x_wconf 76' lang='grc' dir='ltr'>αὐτοὶ</span> <span class='ocrx_word' id='word_1_158' title='bbox 863 1890 1067 1942; x_wconf 81' lang='grc' dir='ltr'>οἴδατε</span> <span class='ocrx_word' id='word_1_159' title='bbox 1086 1903 1100 1917; x_wconf 78' lang='grc'><strong><em>⁸</em></strong></span> <span class='ocrx_word' id='word_1_160' title='bbox 1136 1890 1248 1947; x_wconf 78' lang='grc' dir='ltr'>καὶ,</span> <span class='ocrx_word' id='word_1_161' title='bbox 1289 1891 1341 1940; x_wconf 87' lang='lat' dir='ltr'>’E</span> <span class='ocrx_word' id='word_1_162' title='bbox 1345 1906 1382 1941; x_wconf 87' lang='grc' dir='ltr'>ν</span> <span class='ocrx_word' id='word_1_163' title='bbox 1401 1889 1566 1957; x_wconf 83' lang='grc' dir='ltr'>μέσῳ</span> <span class='ocrx_word' id='word_1_164' title='bbox 1589 1890 1753 1959; x_wconf 75' lang='grc' dir='ltr'>ὑμῶν</span> <span class='ocrx_word' id='word_1_165' title='bbox 1769 1908 1780 1921; x_wconf 92' lang='grc'><strong>·</strong></span> <span class='ocrx_word' id='word_1_166' title='bbox 1800 1891 1894 1943; x_wconf 75' lang='grc' dir='ltr'>καὶ</span> 
     </span>
    </p>
   </div>
   <div class='ocr_carea' id='block_1_20' title="bbox 364 1973 1895 2042">
    <p class='ocr_par' dir='ltr' id='par_1_20' title="bbox 364 1973 1895 2042">
     <span class='ocr_line' id='line_1_20' title="bbox 364 1973 1895 2042; baseline -0.001 -14"><span class='ocrx_word' id='word_1_167' title='bbox 364 1974 507 2035; x_wconf 78' lang='grc' dir='ltr'>πάλιν,</span> <span class='ocrx_word' id='word_1_168' title='bbox 544 1976 643 2027; x_wconf 81' lang='grc' dir='ltr'>’ον</span> <span class='ocrx_word' id='word_1_169' title='bbox 679 1974 954 2042; x_wconf 83' lang='grc' dir='ltr'>θεωρεῖτε</span> <span class='ocrx_word' id='word_1_170' title='bbox 980 1973 1077 2025; x_wconf 77' lang='grc' dir='ltr'>καὶ</span> <span class='ocrx_word' id='word_1_171' title='bbox 1108 1973 1325 2034; x_wconf 73' lang='grc' dir='ltr'>οἴδατε,</span> <span class='ocrx_word' id='word_1_172' title='bbox 1349 1973 1632 2027; x_wconf 76' lang='grc' dir='ltr'>ἀπέναντι</span> <span class='ocrx_word' id='word_1_173' title='bbox 1656 1975 1895 2028; x_wconf 82' lang='grc' dir='ltr'>πάντων</span> 
     </span>
    </p>
   </div>
   <div class='ocr_carea' id='block_1_21' title="bbox 356 2055 1892 2127">
    <p class='ocr_par' dir='ltr' id='par_1_21' title="bbox 356 2055 1892 2127">
     <span class='ocr_line' id='line_1_21' title="bbox 356 2055 1892 2127; baseline 0.001 -18"><span class='ocrx_word' id='word_1_174' title='bbox 356 2055 509 2123; x_wconf 74' lang='grc' dir='ltr'>ὑμῶν.</span> <span class='ocrx_word' id='word_1_175' title='bbox 546 2056 737 2110; x_wconf 82' lang='grc' dir='ltr'>Καίτοι</span> <span class='ocrx_word' id='word_1_176' title='bbox 774 2060 833 2109; x_wconf 89' lang='grc' dir='ltr'>ἐν</span> <span class='ocrx_word' id='word_1_177' title='bbox 857 2056 937 2125; x_wconf 85' lang='grc' dir='ltr'>τῷ</span> <span class='ocrx_word' id='word_1_178' title='bbox 960 2057 1180 2124; x_wconf 85' lang='grc' dir='ltr'>ὀνόματι</span> <span class='ocrx_word' id='word_1_179' title='bbox 1216 2056 1382 2113; x_wconf 86' lang='grc' dir='ltr'>αὑτοῦ</span> <span class='ocrx_word' id='word_1_180' title='bbox 1422 2058 1519 2108; x_wconf 83' lang='grc' dir='ltr'>οὑκ</span> <span class='ocrx_word' id='word_1_181' title='bbox 1552 2058 1745 2127; x_wconf 78' lang='grc' dir='ltr'>ᾔδεσαν</span> <span class='ocrx_word' id='word_1_182' title='bbox 1765 2096 1779 2119; x_wconf 89' lang='grc'>,</span> <span class='ocrx_word' id='word_1_183' title='bbox 1811 2060 1892 2111; x_wconf 84' lang='grc' dir='ltr'>ὅτι</span> 
     </span>
    </p>
   </div>
   <div class='ocr_carea' id='block_1_22' title="bbox 352 2137 1893 2210">
    <p class='ocr_par' dir='ltr' id='par_1_22' title="bbox 352 2137 1893 2210">
     <span class='ocr_line' id='line_1_22' title="bbox 352 2137 1893 2210; baseline 0.002 -19"><span class='ocrx_word' id='word_1_184' title='bbox 352 2139 482 2209; x_wconf 78' lang='grc' dir='ltr'>ὑγιὴς</span> <span class='ocrx_word' id='word_1_185' title='bbox 503 2141 748 2210; x_wconf 74' lang='grc' dir='ltr'>ἔστηκεν,</span> <span class='ocrx_word' id='word_1_186' title='bbox 771 2140 907 2193; x_wconf 80' lang='grc' dir='ltr'>ἀλλὰ</span> <span class='ocrx_word' id='word_1_187' title='bbox 932 2139 1089 2193; x_wconf 89' lang='grc' dir='ltr'>τοῦτο</span> <span class='ocrx_word' id='word_1_188' title='bbox 1106 2140 1322 2210; x_wconf 79' lang='grc' dir='ltr'>ᾔδεσαν,</span> <span class='ocrx_word' id='word_1_189' title='bbox 1359 2141 1437 2192; x_wconf 82' lang='grc' dir='ltr'>ὅτι</span> <span class='ocrx_word' id='word_1_190' title='bbox 1462 2140 1633 2209; x_wconf 88' lang='grc' dir='ltr'>χωλὸς</span> <span class='ocrx_word' id='word_1_191' title='bbox 1664 2137 1749 2209; x_wconf 81' lang='grc' dir='ltr'>ἦν.</span> <span class='ocrx_word' id='word_1_192' title='bbox 1786 2143 1893 2194; x_wconf 78' lang='grc' dir='ltr'>Καὶ</span> 
     </span>
    </p>
   </div>
   <div class='ocr_carea' id='block_1_23' title="bbox 350 2222 1895 2294">
    <p class='ocr_par' dir='ltr' id='par_1_23' title="bbox 350 2222 1895 2294">
     <span class='ocr_line' id='line_1_23' title="bbox 350 2222 1895 2294; baseline 0.001 -19"><span class='ocrx_word' id='word_1_193' title='bbox 350 2222 480 2276; x_wconf 73' lang='grc' dir='ltr'>αὐτοὶ</span> <span class='ocrx_word' id='word_1_194' title='bbox 503 2223 555 2276; x_wconf 83' lang='grc' dir='ltr'>δὲ</span> <span class='ocrx_word' id='word_1_195' title='bbox 585 2228 632 2277; x_wconf 83' lang='grc' dir='ltr'>οἰ</span> <span class='ocrx_word' id='word_1_196' title='bbox 662 2224 1033 2294; x_wconf 75' lang='grc' dir='ltr'>πεποιηκότες</span> <span class='ocrx_word' id='word_1_197' title='bbox 1062 2224 1395 2292; x_wconf 82' lang='grc' dir='ltr'>ὡμολόγουν,</span> <span class='ocrx_word' id='word_1_198' title='bbox 1428 2224 1510 2277; x_wconf 86' lang='grc' dir='ltr'>ὄτι</span> <span class='ocrx_word' id='word_1_199' title='bbox 1550 2225 1649 2277; x_wconf 81' lang='grc' dir='ltr'>οὐκ</span> <span class='ocrx_word' id='word_1_200' title='bbox 1676 2224 1779 2293; x_wconf 74' lang='grc' dir='ltr'>ἰδία</span> <span class='ocrx_word' id='word_1_201' title='bbox 1804 2225 1895 2277; x_wconf 79' lang='grc' dir='ltr'>δυ-</span> 
     </span>
    </p>
   </div>
   <div class='ocr_carea' id='block_1_24' title="bbox 348 2305 1893 2376">
    <p class='ocr_par' dir='ltr' id='par_1_24' title="bbox 348 2305 1893 2376">
     <span class='ocr_line' id='line_1_24' title="bbox 348 2305 1893 2376; baseline 0.001 -18"><span class='ocrx_word' id='word_1_202' title='bbox 348 2305 486 2375; x_wconf 83' lang='grc' dir='ltr'>νάμει</span> <span class='ocrx_word' id='word_1_203' title='bbox 510 2345 524 2367; x_wconf 88' lang='grc'>,</span> <span class='ocrx_word' id='word_1_204' title='bbox 558 2306 690 2359; x_wconf 76' lang='grc' dir='ltr'>ἀλλὰ</span> <span class='ocrx_word' id='word_1_205' title='bbox 740 2309 808 2376; x_wconf 81' lang='grc' dir='ltr'>τῇ</span> <span class='ocrx_word' id='word_1_206' title='bbox 852 2307 948 2358; x_wconf 90' lang='grc' dir='ltr'>τοῦ</span> <span class='ocrx_word' id='word_1_207' title='bbox 978 2305 1217 2375; x_wconf 82' lang='grc' dir='ltr'>Χριστοῦ</span> <span class='ocrx_word' id='word_1_208' title='bbox 1272 2306 1582 2375; x_wconf 84' lang='grc' dir='ltr'>ἐστερέωτο.</span> <span class='ocrx_word' id='word_1_209' title='bbox 1640 2307 1703 2358; x_wconf 84' lang='grc' dir='ltr'>Εἰ</span> <span class='ocrx_word' id='word_1_210' title='bbox 1731 2307 1787 2359; x_wconf 83' lang='grc' dir='ltr'>δὲ</span> <span class='ocrx_word' id='word_1_211' title='bbox 1819 2306 1893 2376; x_wconf 83' lang='grc' dir='ltr'>μὴ</span> 
     </span>
    </p>
   </div>
   <div class='ocr_carea' id='block_1_25' title="bbox 345 2384 1891 2459">
    <p class='ocr_par' dir='ltr' id='par_1_25' title="bbox 345 2384 1891 2459">
     <span class='ocr_line' id='line_1_25' title="bbox 345 2384 1891 2459; baseline 0 -19"><span class='ocrx_word' id='word_1_212' title='bbox 345 2390 481 2442; x_wconf 81' lang='grc' dir='ltr'>τοῦτο</span> <span class='ocrx_word' id='word_1_213' title='bbox 504 2385 589 2459; x_wconf 80' lang='grc' dir='ltr'>ἦν,</span> <span class='ocrx_word' id='word_1_214' title='bbox 639 2390 736 2442; x_wconf 72' lang='grc' dir='ltr'>καὶ</span> <span class='ocrx_word' id='word_1_215' title='bbox 785 2389 954 2451; x_wconf 77' lang='grc' dir='ltr'>ὅντως</span> <span class='ocrx_word' id='word_1_216' title='bbox 983 2386 1335 2457; x_wconf 81' lang='grc' dir='ltr'>πεπεισμένοι</span> <span class='ocrx_word' id='word_1_217' title='bbox 1373 2384 1535 2459; x_wconf 81' lang='grc' dir='ltr'>ἦσαν,</span> <span class='ocrx_word' id='word_1_218' title='bbox 1561 2390 1641 2442; x_wconf 85' lang='grc' dir='ltr'>ὅτι</span> <span class='ocrx_word' id='word_1_219' title='bbox 1671 2390 1891 2457; x_wconf 88' lang='grc' dir='ltr'>ἀνέστη,</span> 
     </span>
    </p>
   </div>
   <div class='ocr_carea' id='block_1_26' title="bbox 345 2469 1893 2541">
    <p class='ocr_par' dir='ltr' id='par_1_26' title="bbox 345 2469 1893 2541">
     <span class='ocr_line' id='line_1_26' title="bbox 345 2469 1893 2541; baseline -0.001 -16"><span class='ocrx_word' id='word_1_220' title='bbox 345 2474 428 2525; x_wconf 78' lang='grc' dir='ltr'>οὑκ</span> <span class='ocrx_word' id='word_1_221' title='bbox 455 2473 515 2526; x_wconf 79' lang='grc' dir='ltr'>ἂν</span> <span class='ocrx_word' id='word_1_222' title='bbox 545 2473 819 2541; x_wconf 71' lang='grc' dir='ltr'>ἠθέλησαν</span> <span class='ocrx_word' id='word_1_223' title='bbox 850 2469 947 2522; x_wconf 84' lang='grc' dir='ltr'>τοῦ</span> <span class='ocrx_word' id='word_1_224' title='bbox 969 2470 1161 2535; x_wconf 88' lang='grc' dir='ltr'>νεκροῦ</span> <span class='ocrx_word' id='word_1_225' title='bbox 1178 2470 1275 2541; x_wconf 85' lang='grc' dir='ltr'>τὴν</span> <span class='ocrx_word' id='word_1_226' title='bbox 1294 2470 1451 2534; x_wconf 81' lang='grc' dir='ltr'>δόξαν</span> <span class='ocrx_word' id='word_1_227' title='bbox 1477 2472 1669 2541; x_wconf 86' lang='grc' dir='ltr'>στῆσαι</span> <span class='ocrx_word' id='word_1_228' title='bbox 1696 2470 1893 2540; x_wconf 82' lang='grc' dir='ltr'>μᾶλλον</span> 
     </span>
    </p>
   </div>
   <div class='ocr_carea' id='block_1_27' title="bbox 344 2552 1893 2627">
    <p class='ocr_par' dir='ltr' id='par_1_27' title="bbox 344 2552 1893 2627">
     <span class='ocr_line' id='line_1_27' title="bbox 344 2552 1893 2627; baseline -0.001 -20"><span class='ocrx_word' id='word_1_229' title='bbox 344 2556 479 2627; x_wconf 76' lang='grc' dir='ltr'>ήτὴν</span> <span class='ocrx_word' id='word_1_230' title='bbox 508 2554 729 2619; x_wconf 88' lang='grc' dir='ltr'>ἐαυτῶν,</span> <span class='ocrx_word' id='word_1_231' title='bbox 760 2554 854 2607; x_wconf 72' lang='grc' dir='ltr'>καὶ</span> <span class='ocrx_word' id='word_1_232' title='bbox 883 2552 1054 2604; x_wconf 88' lang='grc' dir='ltr'>ταῦτα</span> <span class='ocrx_word' id='word_1_233' title='bbox 1084 2553 1305 2605; x_wconf 82' lang='grc' dir='ltr'>ἐκείνων</span> <span class='ocrx_word' id='word_1_234' title='bbox 1336 2553 1471 2623; x_wconf 84' lang='grc' dir='ltr'>πρὸς</span> <span class='ocrx_word' id='word_1_235' title='bbox 1508 2554 1699 2615; x_wconf 81' lang='grc' dir='ltr'>αὑτοὺς</span> <span class='ocrx_word' id='word_1_236' title='bbox 1724 2552 1893 2624; x_wconf 86' lang='grc' dir='ltr'>όρών-</span> 
     </span>
    </p>
   </div>
   <div class='ocr_carea' id='block_1_28' title="bbox 342 2634 1905 2709">
    <p class='ocr_par' dir='ltr' id='par_1_28' title="bbox 342 2634 1905 2709">
     <span class='ocr_line' id='line_1_28' title="bbox 342 2634 1905 2709; baseline 0.001 -19"><span class='ocrx_word' id='word_1_237' title='bbox 342 2656 455 2692; x_wconf 84' lang='grc' dir='ltr'>των.</span> <span class='ocrx_word' id='word_1_238' title='bbox 485 2634 614 2691; x_wconf 73' lang='grc' dir='ltr'>Εἶτα</span> <span class='ocrx_word' id='word_1_239' title='bbox 654 2637 862 2707; x_wconf 84' lang='grc' dir='ltr'>πεφοῦη</span> <span class='ocrx_word' id='word_1_240' title='bbox 872 2638 1037 2706; x_wconf 87' lang='grc' dir='ltr'>μένας</span> <span class='ocrx_word' id='word_1_241' title='bbox 1064 2636 1239 2689; x_wconf 88' lang='grc' dir='ltr'>αὑτῶν</span> <span class='ocrx_word' id='word_1_242' title='bbox 1263 2636 1360 2700; x_wconf 81' lang='grc' dir='ltr'>τὰς</span> <span class='ocrx_word' id='word_1_243' title='bbox 1402 2637 1575 2706; x_wconf 77' lang='grc' dir='ltr'>ψυχάς</span> <span class='ocrx_word' id='word_1_244' title='bbox 1602 2637 1802 2699; x_wconf 83' lang='grc' dir='ltr'>εὑθέως</span> <span class='ocrx_word' id='word_1_245' title='bbox 1826 2642 1905 2709; x_wconf 80' lang='grc' dir='ltr'>τῇ·</span> 
     </span>
    </p>
   </div>
   <div class='ocr_carea' id='block_1_29' title="bbox 342 2718 1888 2790">
    <p class='ocr_par' dir='ltr' id='par_1_29' title="bbox 342 2718 1888 2790">
     <span class='ocr_line' id='line_1_29' title="bbox 342 2718 1888 2790; baseline -0.001 -17"><span class='ocrx_word' id='word_1_246' title='bbox 342 2720 438 2773; x_wconf 83' lang='grc' dir='ltr'>τῶν</span> <span class='ocrx_word' id='word_1_247' title='bbox 485 2720 730 2789; x_wconf 85' lang='grc' dir='ltr'>ἀδελφῶν</span> <span class='ocrx_word' id='word_1_248' title='bbox 789 2718 1131 2790; x_wconf 78' lang='grc' dir='ltr'>προσηγορίᾳ</span> <span class='ocrx_word' id='word_1_249' title='bbox 1184 2718 1628 2790; x_wconf 78' lang='grc' dir='ltr'>παρεμυθήσατο,</span> <span class='ocrx_word' id='word_1_250' title='bbox 1680 2719 1888 2772; x_wconf 85' lang='grc' dir='ltr'>εἰπών·</span> 
     </span>
    </p>
   </div>
   <div class='ocr_carea' id='block_1_30' title="bbox 347 2801 1893 2873">
    <p class='ocr_par' dir='ltr' id='par_1_30' title="bbox 347 2801 1893 2873">
     <span class='ocr_line' id='line_1_30' title="bbox 347 2801 1893 2873; baseline -0.002 -16"><span class='ocrx_word' id='word_1_251' title='bbox 347 2804 564 2873; x_wconf 78' lang='grc' dir='ltr'>Ἄνδρες</span> <span class='ocrx_word' id='word_1_252' title='bbox 587 2803 863 2871; x_wconf 69' lang='grc' dir='ltr'>ἀδελφοί.</span> <span class='ocrx_word' id='word_1_253' title='bbox 924 2803 1071 2855; x_wconf 88' lang='grc' dir='ltr'>Ἐκεῖ</span> <span class='ocrx_word' id='word_1_254' title='bbox 1098 2802 1195 2868; x_wconf 84' lang='grc' dir='ltr'>μὲν</span> <span class='ocrx_word' id='word_1_255' title='bbox 1216 2802 1323 2872; x_wconf 91' lang='grc' dir='ltr'>γάρ</span> <span class='ocrx_word' id='word_1_256' title='bbox 1350 2802 1502 2853; x_wconf 79' lang='grc' dir='ltr'>οὐδὲν</span> <span class='ocrx_word' id='word_1_257' title='bbox 1532 2802 1657 2870; x_wconf 71' lang='grc' dir='ltr'>περὶ</span> <span class='ocrx_word' id='word_1_258' title='bbox 1686 2801 1893 2854; x_wconf 84' lang='grc' dir='ltr'>ἐαυτῶν</span> 
     </span>
    </p>
   </div>
   <div class='ocr_carea' id='block_1_31' title="bbox 344 2881 1896 2956">
    <p class='ocr_par' dir='ltr' id='par_1_31' title="bbox 344 2881 1896 2956">
     <span class='ocr_line' id='line_1_31' title="bbox 344 2881 1896 2956; baseline -0.003 -15"><span class='ocrx_word' id='word_1_259' title='bbox 344 2881 496 2949; x_wconf 74' lang='grc' dir='ltr'>εἶπεν,</span> <span class='ocrx_word' id='word_1_260' title='bbox 538 2887 676 2940; x_wconf 79' lang='grc' dir='ltr'>ἀλλά</span> <span class='ocrx_word' id='word_1_261' title='bbox 733 2886 891 2956; x_wconf 90' lang='grc' dir='ltr'>μόνον</span> <span class='ocrx_word' id='word_1_262' title='bbox 924 2885 950 2924; x_wconf 76' lang='lat' dir='ltr'><strong>b</strong></span> <span class='ocrx_word' id='word_1_263' title='bbox 991 2887 1239 2956; x_wconf 75' lang='grc' dir='ltr'>περὶτοῦ</span> <span class='ocrx_word' id='word_1_264' title='bbox 1274 2883 1530 2955; x_wconf 80' lang='grc' dir='ltr'>Χριστοῦ,</span> <span class='ocrx_word' id='word_1_265' title='bbox 1596 2884 1896 2952; x_wconf 68' lang='grc' dir='ltr'>Ἀσφαλῶς</span> 
     </span>
    </p>
   </div>
   <div class='ocr_carea' id='block_1_32' title="bbox 343 2964 1896 3039">
    <p class='ocr_par' dir='ltr' id='par_1_32' title="bbox 343 2964 1896 3039">
     <span class='ocr_line' id='line_1_32' title="bbox 343 2964 1896 3039; baseline -0.003 -15"><span class='ocrx_word' id='word_1_266' title='bbox 343 2966 444 3025; x_wconf 67' lang='grc' dir='ltr'>οὖν</span> <span class='ocrx_word' id='word_1_267' title='bbox 475 2970 831 3039; x_wconf 73' lang='grc' dir='ltr'>γινωσκέτω,</span> <span class='ocrx_word' id='word_1_268' title='bbox 873 2968 1063 3035; x_wconf 83' lang='grc' dir='ltr'>λέγων,</span> <span class='ocrx_word' id='word_1_269' title='bbox 1108 2966 1227 3031; x_wconf 83' lang='grc' dir='ltr'>πᾶς</span> <span class='ocrx_word' id='word_1_270' title='bbox 1280 2964 1441 3032; x_wconf 77' lang='grc' dir='ltr'>οἶκος</span> <span class='ocrx_word' id='word_1_271' title='bbox 1487 2967 1761 3033; x_wconf 76' lang='grc' dir='ltr'>Ἰσραήλ⁸</span> <span class='ocrx_word' id='word_1_272' title='bbox 1810 2968 1896 3019; x_wconf 85' lang='grc' dir='ltr'>ἐν-</span> 
     </span>
    </p>
   </div>
   <div class='ocr_carea' id='block_1_33' title="bbox 345 3050 1895 3121">
    <p class='ocr_par' dir='ltr' id='par_1_33' title="bbox 345 3050 1895 3121">
     <span class='ocr_line' id='line_1_33' title="bbox 345 3050 1895 3121; baseline -0.002 -16"><span class='ocrx_word' id='word_1_273' title='bbox 345 3052 499 3105; x_wconf 84' lang='grc' dir='ltr'>ταῦθα</span> <span class='ocrx_word' id='word_1_274' title='bbox 532 3053 589 3106; x_wconf 79' lang='grc' dir='ltr'>δὲ</span> <span class='ocrx_word' id='word_1_275' title='bbox 628 3053 725 3105; x_wconf 81' lang='grc' dir='ltr'>καὶ</span> <span class='ocrx_word' id='word_1_276' title='bbox 770 3051 1092 3121; x_wconf 87' lang='grc' dir='ltr'>παραίνεσιν</span> <span class='ocrx_word' id='word_1_277' title='bbox 1130 3052 1413 3120; x_wconf 86' lang='grc' dir='ltr'>προσάγει.</span> <span class='ocrx_word' id='word_1_278' title='bbox 1459 3050 1607 3103; x_wconf 82' lang='grc' dir='ltr'>Ἐκεῖ</span> <span class='ocrx_word' id='word_1_279' title='bbox 1633 3051 1895 3119; x_wconf 81' lang='grc' dir='ltr'>ἀνέμενεν</span> 
     </span>
    </p>
   </div>
   <div class='ocr_carea' id='block_1_34' title="bbox 345 3133 1897 3204">
    <p class='ocr_par' dir='ltr' id='par_1_34' title="bbox 345 3133 1897 3204">
     <span class='ocr_line' id='line_1_34' title="bbox 345 3133 1897 3204; baseline -0.001 -15"><span class='ocrx_word' id='word_1_280' title='bbox 345 3137 523 3198; x_wconf 72' lang='grc' dir='ltr'>αὑτοὺς</span> <span class='ocrx_word' id='word_1_281' title='bbox 569 3138 769 3188; x_wconf 86' lang='grc' dir='ltr'>εἰπεῖν·</span> <span class='ocrx_word' id='word_1_282' title='bbox 816 3133 1049 3187; x_wconf 84' lang='grc' dir='ltr'>ἐνταῦθα</span> <span class='ocrx_word' id='word_1_283' title='bbox 1076 3134 1189 3204; x_wconf 73' lang='grc' dir='ltr'>ᾔδει</span> <span class='ocrx_word' id='word_1_284' title='bbox 1222 3133 1382 3187; x_wconf 90' lang='grc' dir='ltr'>πόσον</span> <span class='ocrx_word' id='word_1_285' title='bbox 1416 3134 1757 3203; x_wconf 73' lang='grc' dir='ltr'>εἰργάσαντο,</span> <span class='ocrx_word' id='word_1_286' title='bbox 1804 3135 1897 3189; x_wconf 71' lang='grc' dir='ltr'>καὶ</span> 
     </span>
    </p>
   </div>
   <div class='ocr_carea' id='block_1_35' title="bbox 344 3213 1897 3288">
    <p class='ocr_par' dir='ltr' id='par_1_35' title="bbox 344 3213 1897 3288">
     <span class='ocr_line' id='line_1_35' title="bbox 344 3213 1897 3288; baseline -0.001 -17"><span class='ocrx_word' id='word_1_287' title='bbox 344 3218 411 3281; x_wconf 81' lang='grc' dir='ltr'>ὡς</span> <span class='ocrx_word' id='word_1_288' title='bbox 431 3214 571 3273; x_wconf 57' lang='lat' dir='ltr'>031m.</span> <span class='ocrx_word' id='word_1_289' title='bbox 594 3218 793 3288; x_wconf 79' lang='grc' dir='ltr'>μᾶλλον</span> <span class='ocrx_word' id='word_1_290' title='bbox 825 3213 963 3286; x_wconf 77' lang='grc' dir='ltr'>ἦσαν</span> <span class='ocrx_word' id='word_1_291' title='bbox 993 3216 1343 3286; x_wconf 83' lang='grc' dir='ltr'>ᾡκειωμένοι.</span> <span class='ocrx_word' id='word_1_292' title='bbox 1392 3218 1499 3269; x_wconf 78' lang='grc' dir='ltr'>Καὶ</span> <span class='ocrx_word' id='word_1_293' title='bbox 1542 3216 1645 3287; x_wconf 80' lang='grc' dir='ltr'>μὴν</span> <span class='ocrx_word' id='word_1_294' title='bbox 1672 3218 1740 3269; x_wconf 88' lang='grc' dir='ltr'>τά</span> <span class='ocrx_word' id='word_1_295' title='bbox 1786 3218 1897 3271; x_wconf 83' lang='grc' dir='ltr'>ἄνω</span> 
     </span>
    </p>
   </div>
   <div class='ocr_carea' id='block_1_36' title="bbox 345 3295 1894 3372">
    <p class='ocr_par' dir='ltr' id='par_1_36' title="bbox 345 3295 1894 3372">
     <span class='ocr_line' id='line_1_36' title="bbox 345 3295 1894 3372; baseline -0.002 -19"><span class='ocrx_word' id='word_1_296' title='bbox 345 3301 594 3372; x_wconf 83' lang='grc' dir='ltr'>είρημένα</span> <span class='ocrx_word' id='word_1_297' title='bbox 622 3301 723 3353; x_wconf 85' lang='grc' dir='ltr'>οὑκ</span> <span class='ocrx_word' id='word_1_298' title='bbox 751 3295 820 3369; x_wconf 78' lang='grc' dir='ltr'>ἦν</span> <span class='ocrx_word' id='word_1_299' title='bbox 850 3298 1087 3367; x_wconf 76' lang='grc' dir='ltr'>ἀγνοίας.</span> <span class='ocrx_word' id='word_1_300' title='bbox 1114 3300 1184 3351; x_wconf 85' lang='grc' dir='ltr'>Τὸ</span> <span class='ocrx_word' id='word_1_301' title='bbox 1203 3298 1309 3369; x_wconf 83' lang='grc' dir='ltr'>γάρ</span> <span class='ocrx_word' id='word_1_302' title='bbox 1330 3298 1418 3351; x_wconf 82' lang='grc' dir='ltr'>τὸν</span> <span class='ocrx_word' id='word_1_303' title='bbox 1442 3297 1638 3370; x_wconf 77' lang='grc' dir='ltr'>λῃστὴν</span> <span class='ocrx_word' id='word_1_304' title='bbox 1659 3299 1894 3367; x_wconf 87' lang='grc' dir='ltr'>αἰτῆσαι,</span> 
     </span>
    </p>
   </div>
   <div class='ocr_carea' id='block_1_37' title="bbox 347 3381 1897 3455">
    <p class='ocr_par' dir='ltr' id='par_1_37' title="bbox 347 3381 1897 3455">
     <span class='ocr_line' id='line_1_37' title="bbox 347 3381 1897 3455; baseline -0.003 -17"><span class='ocrx_word' id='word_1_305' title='bbox 347 3386 400 3438; x_wconf 82' lang='grc' dir='ltr'>τὸ</span> <span class='ocrx_word' id='word_1_306' title='bbox 419 3386 504 3438; x_wconf 75' lang='grc' dir='ltr'>τὸν</span> <span class='ocrx_word' id='word_1_307' title='bbox 530 3396 553 3424; x_wconf 63' lang='grc' dir='ltr'><strong>α</strong></span> <span class='ocrx_word' id='word_1_308' title='bbox 581 3384 837 3455; x_wconf 78' lang='grc' dir='ltr'>κριθέντα</span> <span class='ocrx_word' id='word_1_309' title='bbox 859 3381 1188 3450; x_wconf 84' lang='grc' dir='ltr'>ἀπολυθῆναι</span> <span class='ocrx_word' id='word_1_310' title='bbox 1219 3384 1292 3453; x_wconf 80' lang='grc' dir='ltr'>μὴ</span> <span class='ocrx_word' id='word_1_311' title='bbox 1319 3382 1518 3447; x_wconf 75' lang='grc' dir='ltr'>λαϐεῖν,</span> <span class='ocrx_word' id='word_1_312' title='bbox 1538 3384 1598 3435; x_wconf 87' lang='grc' dir='ltr'>τὸ</span> <span class='ocrx_word' id='word_1_313' title='bbox 1624 3384 1717 3435; x_wconf 72' lang='grc' dir='ltr'>καὶ</span> <span class='ocrx_word' id='word_1_314' title='bbox 1745 3384 1897 3452; x_wconf 80' lang='grc' dir='ltr'>θελῆ-</span> 
     </span>
    </p>
   </div>
   <div class='ocr_carea' id='block_1_38' title="bbox 346 3465 1898 3535">
    <p class='ocr_par' dir='ltr' id='par_1_38' title="bbox 346 3465 1898 3535">
     <span class='ocr_line' id='line_1_38' title="bbox 346 3465 1898 3535; baseline -0.001 -14"><span class='ocrx_word' id='word_1_315' title='bbox 346 3485 431 3520; x_wconf 88' lang='grc' dir='ltr'>σαι</span> <span class='ocrx_word' id='word_1_316' title='bbox 461 3468 681 3533; x_wconf 81' lang='grc' dir='ltr'>ἀνελεῖν,</span> <span class='ocrx_word' id='word_1_317' title='bbox 714 3467 871 3528; x_wconf 85' lang='grc' dir='ltr'>ποίας</span> <span class='ocrx_word' id='word_1_318' title='bbox 905 3466 1161 3532; x_wconf 85' lang='grc' dir='ltr'>ἀγνοίας;</span> <span class='ocrx_word' id='word_1_319' title='bbox 1210 3465 1347 3517; x_wconf 85' lang='grc' dir='ltr'>Ἀλλ’</span> <span class='ocrx_word' id='word_1_320' title='bbox 1387 3467 1533 3535; x_wconf 83' lang='grc' dir='ltr'>ὅμως</span> <span class='ocrx_word' id='word_1_321' title='bbox 1565 3466 1775 3519; x_wconf 84' lang='grc' dir='ltr'>δίδωσιν</span> <span class='ocrx_word' id='word_1_322' title='bbox 1803 3466 1898 3518; x_wconf 90' lang='grc' dir='ltr'>αὑ-</span> 
     </span>
    </p>
   </div>
   <div class='ocr_carea' id='block_1_39' title="bbox 344 3548 1897 3619">
    <p class='ocr_par' dir='ltr' id='par_1_39' title="bbox 344 3548 1897 3619">
     <span class='ocr_line' id='line_1_39' title="bbox 344 3548 1897 3619; baseline -0.003 -15"><span class='ocrx_word' id='word_1_323' title='bbox 344 3555 453 3614; x_wconf 84' lang='grc' dir='ltr'>τοῖς</span> <span class='ocrx_word' id='word_1_324' title='bbox 482 3551 717 3615; x_wconf 81' lang='grc' dir='ltr'>ἐξουσίαν</span> <span class='ocrx_word' id='word_1_325' title='bbox 747 3548 1106 3619; x_wconf 79' lang='grc' dir='ltr'>ἀρνήσασθαι,</span> <span class='ocrx_word' id='word_1_326' title='bbox 1158 3549 1251 3601; x_wconf 78' lang='grc' dir='ltr'>καὶ</span> <span class='ocrx_word' id='word_1_327' title='bbox 1279 3548 1613 3618; x_wconf 89' lang='grc' dir='ltr'>μεταγνῶναι</span> <span class='ocrx_word' id='word_1_328' title='bbox 1647 3548 1737 3601; x_wconf 77' lang='grc' dir='ltr'>ἐπὶ</span> <span class='ocrx_word' id='word_1_329' title='bbox 1787 3550 1897 3610; x_wconf 91' lang='grc' dir='ltr'>τοῖς</span> 
     </span>
    </p>
   </div>
   <div class='ocr_carea' id='block_1_40' title="bbox 347 3630 1895 3703">
    <p class='ocr_par' dir='ltr' id='par_1_40' title="bbox 347 3630 1895 3703">
     <span class='ocr_line' id='line_1_40' title="bbox 347 3630 1895 3703; baseline -0.002 -18"><span class='ocrx_word' id='word_1_330' title='bbox 347 3634 746 3703; x_wconf 84' lang='grc' dir='ltr'>γεγενημένοις·</span> <span class='ocrx_word' id='word_1_331' title='bbox 784 3630 981 3701; x_wconf 66' lang='grc' dir='ltr'>μᾶλλον</span> <span class='ocrx_word' id='word_1_332' title='bbox 1006 3630 1061 3682; x_wconf 83' lang='grc' dir='ltr'>δὲ</span> <span class='ocrx_word' id='word_1_333' title='bbox 1092 3630 1183 3683; x_wconf 80' lang='grc' dir='ltr'>καὶ</span> <span class='ocrx_word' id='word_1_334' title='bbox 1215 3631 1508 3698; x_wconf 89' lang='grc' dir='ltr'>ἀπολογίαν</span> <span class='ocrx_word' id='word_1_335' title='bbox 1543 3631 1681 3699; x_wconf 85' lang='grc' dir='ltr'>ὑπὲρ</span> <span class='ocrx_word' id='word_1_336' title='bbox 1718 3630 1895 3683; x_wconf 85' lang='grc' dir='ltr'>αὐτῶν</span> 
     </span>
    </p>
   </div>
   <div class='ocr_carea' id='block_1_41' title="bbox 347 3708 1897 3786">
    <p class='ocr_par' dir='ltr' id='par_1_41' title="bbox 347 3708 1897 3786">
     <span class='ocr_line' id='line_1_41' title="bbox 347 3708 1897 3786; baseline -0.003 -17"><span class='ocrx_word' id='word_1_337' title='bbox 347 3717 647 3786; x_wconf 78' lang='grc' dir='ltr'>συντίθησιν</span> <span class='ocrx_word' id='word_1_338' title='bbox 697 3716 1083 3785; x_wconf 77' lang='grc' dir='ltr'>εὐπρόσωπον,</span> <span class='ocrx_word' id='word_1_339' title='bbox 1146 3715 1239 3767; x_wconf 75' lang='grc' dir='ltr'>καὶ</span> <span class='ocrx_word' id='word_1_340' title='bbox 1289 3713 1623 3780; x_wconf 75' lang='grc' dir='ltr'>λέγειοὍτι</span> <span class='ocrx_word' id='word_1_341' title='bbox 1680 3708 1897 3782; x_wconf 82' lang='grc' dir='ltr'>μὲνοῦν</span> 
     </span>
    </p>
   </div>
   <div class='ocr_carea' id='block_1_42' title="bbox 345 3795 1892 3869">
    <p class='ocr_par' dir='ltr' id='par_1_42' title="bbox 345 3795 1892 3869">
     <span class='ocr_line' id='line_1_42' title="bbox 345 3795 1892 3869; baseline -0.003 -18"><span class='ocrx_word' id='word_1_342' title='bbox 345 3798 512 3869; x_wconf 80' lang='grc' dir='ltr'>ἀθῷον</span> <span class='ocrx_word' id='word_1_343' title='bbox 530 3800 795 3869; x_wconf 78' lang='grc' dir='ltr'>άνῃρεῖτε,</span> <span class='ocrx_word' id='word_1_344' title='bbox 823 3797 1001 3868; x_wconf 73' lang='grc' dir='ltr'>ᾔδειτε</span> <span class='ocrx_word' id='word_1_345' title='bbox 1019 3814 1033 3827; x_wconf 91' lang='grc'><strong>·</strong></span> <span class='ocrx_word' id='word_1_346' title='bbox 1058 3798 1138 3849; x_wconf 83' lang='grc' dir='ltr'>ὅτι</span> <span class='ocrx_word' id='word_1_347' title='bbox 1164 3796 1220 3848; x_wconf 87' lang='grc' dir='ltr'>δὲ</span> <span class='ocrx_word' id='word_1_348' title='bbox 1238 3796 1327 3850; x_wconf 78' lang='grc' dir='ltr'>τὸν</span> <span class='ocrx_word' id='word_1_349' title='bbox 1352 3795 1591 3866; x_wconf 80' lang='grc' dir='ltr'>ἀρχηγὸν</span> <span class='ocrx_word' id='word_1_350' title='bbox 1610 3795 1707 3863; x_wconf 87' lang='grc' dir='ltr'>τῆς</span> <span class='ocrx_word' id='word_1_351' title='bbox 1730 3795 1892 3863; x_wconf 78' lang='grc' dir='ltr'>ζωῆς,</span> 
     </span>
    </p>
   </div>
   <div class='ocr_carea' id='block_1_43' title="bbox 349 3877 1897 3951">
    <p class='ocr_par' dir='ltr' id='par_1_43' title="bbox 349 3877 1897 3951">
     <span class='ocr_line' id='line_1_43' title="bbox 349 3877 1897 3951; baseline -0.001 -21"><span class='ocrx_word' id='word_1_352' title='bbox 349 3880 467 3946; x_wconf 73' lang='grc' dir='ltr'>ἴσως</span> <span class='ocrx_word' id='word_1_353' title='bbox 493 3885 753 3951; x_wconf 79' lang='grc' dir='ltr'>ήγνοεῖτε.</span> <span class='ocrx_word' id='word_1_354' title='bbox 783 3882 892 3934; x_wconf 77' lang='grc' dir='ltr'>Καὶ</span> <span class='ocrx_word' id='word_1_355' title='bbox 914 3877 1158 3931; x_wconf 87' lang='grc' dir='ltr'>ἐντεῦθεν</span> <span class='ocrx_word' id='word_1_356' title='bbox 1187 3878 1284 3930; x_wconf 84' lang='grc' dir='ltr'>οὐκ</span> <span class='ocrx_word' id='word_1_357' title='bbox 1309 3879 1503 3939; x_wconf 81' lang='grc' dir='ltr'>αὑτοὺς</span> <span class='ocrx_word' id='word_1_358' title='bbox 1531 3878 1719 3946; x_wconf 80' lang='grc' dir='ltr'>μόνους</span> <span class='ocrx_word' id='word_1_359' title='bbox 1738 3878 1897 3947; x_wconf 89' lang='grc' dir='ltr'>ἀφίη-</span> 
     </span>
    </p>
   </div>
   <div class='ocr_carea' id='block_1_44' title="bbox 345 3957 1895 4037">
    <p class='ocr_par' dir='ltr' id='par_1_44' title="bbox 345 3957 1895 4037">
     <span class='ocr_line' id='line_1_44' title="bbox 345 3957 1895 4037; baseline -0.005 -18"><span class='ocrx_word' id='word_1_360' title='bbox 345 3984 423 4019; x_wconf 86' lang='grc' dir='ltr'>σιν</span> <span class='ocrx_word' id='word_1_361' title='bbox 454 3966 827 4037; x_wconf 85' lang='grc' dir='ltr'>ἐγκλημάτων,</span> <span class='ocrx_word' id='word_1_362' title='bbox 858 3963 993 4017; x_wconf 86' lang='grc' dir='ltr'>ἀλλὰ</span> <span class='ocrx_word' id='word_1_363' title='bbox 1023 3963 1114 4016; x_wconf 81' lang='grc' dir='ltr'>καὶ</span> <span class='ocrx_word' id='word_1_364' title='bbox 1139 3962 1262 4023; x_wconf 80' lang='grc' dir='ltr'>τοὺς</span> <span class='ocrx_word' id='word_1_365' title='bbox 1291 3962 1396 4014; x_wconf 89' lang='grc' dir='ltr'>τῶν</span> <span class='ocrx_word' id='word_1_366' title='bbox 1433 3961 1613 4013; x_wconf 83' lang='grc' dir='ltr'>κακῶν</span> <span class='ocrx_word' id='word_1_367' title='bbox 1649 3957 1763 4031; x_wconf 74' lang='grc'>[74]</span> <span class='ocrx_word' id='word_1_368' title='bbox 1796 3962 1895 4030; x_wconf 87' lang='grc' dir='ltr'>ἀρ·-</span> 
     </span>
    </p>
   </div>
   <div class='ocr_carea' id='block_1_45' title="bbox 346 4042 1897 4120">
    <p class='ocr_par' dir='ltr' id='par_1_45' title="bbox 346 4042 1897 4120">
     <span class='ocr_line' id='line_1_45' title="bbox 346 4042 1897 4120; baseline -0.006 -17"><span class='ocrx_word' id='word_1_369' title='bbox 346 4052 662 4120; x_wconf 83' lang='grc' dir='ltr'>χιτέκτονας.</span> <span class='ocrx_word' id='word_1_370' title='bbox 693 4046 771 4101; x_wconf 82' lang='grc' dir='ltr'><strong>Ἦ</strong></span> <span class='ocrx_word' id='word_1_371' title='bbox 795 4048 903 4118; x_wconf 80' lang='grc' dir='ltr'>γάρ</span> <span class='ocrx_word' id='word_1_372' title='bbox 924 4047 988 4099; x_wconf 81' lang='grc' dir='ltr'>ἂν</span> <span class='ocrx_word' id='word_1_373' title='bbox 1012 4044 1468 4115; x_wconf 86' lang='grc' dir='ltr'>φιλονεικοτέρους</span> <span class='ocrx_word' id='word_1_374' title='bbox 1496 4044 1689 4105; x_wconf 76' lang='grc' dir='ltr'>αὑτοὺς</span> <span class='ocrx_word' id='word_1_375' title='bbox 1716 4042 1897 4112; x_wconf 84' lang='grc' dir='ltr'>ἐποίη-</span> 
     </span>
    </p>
   </div>
   <div class='ocr_carea' id='block_1_46' title="bbox 348 4125 1895 4201">
    <p class='ocr_par' dir='ltr' id='par_1_46' title="bbox 348 4125 1895 4201">
     <span class='ocr_line' id='line_1_46' title="bbox 348 4125 1895 4201; baseline -0.005 -15"><span class='ocrx_word' id='word_1_376' title='bbox 348 4150 447 4197; x_wconf 88' lang='grc' dir='ltr'>σεν,</span> <span class='ocrx_word' id='word_1_377' title='bbox 478 4134 619 4201; x_wconf 82' lang='grc' dir='ltr'>εἴγε</span> <span class='ocrx_word' id='word_1_378' title='bbox 666 4133 746 4194; x_wconf 80' lang='grc' dir='ltr'>είς</span> <span class='ocrx_word' id='word_1_379' title='bbox 779 4129 1108 4199; x_wconf 80' lang='grc' dir='ltr'>κατηγορίαν</span> <span class='ocrx_word' id='word_1_380' title='bbox 1157 4128 1247 4180; x_wconf 87' lang='grc' dir='ltr'>τὸν</span> <span class='ocrx_word' id='word_1_381' title='bbox 1278 4127 1432 4194; x_wconf 87' lang='grc' dir='ltr'>λόγον</span> <span class='ocrx_word' id='word_1_382' title='bbox 1485 4126 1770 4197; x_wconf 78' lang='grc' dir='ltr'>ἐξήγαγεν.</span> <span class='ocrx_word' id='word_1_383' title='bbox 1839 4125 1895 4179; x_wconf 85' lang='lat'><strong>&#39;0</strong></span> 
     </span>
    </p>
   </div>
   <div class='ocr_carea' id='block_1_47' title="bbox 346 4209 1894 4286">
    <p class='ocr_par' dir='ltr' id='par_1_47' title="bbox 346 4209 1894 4286">
     <span class='ocr_line' id='line_1_47' title="bbox 346 4209 1894 4286; baseline -0.005 -18"><span class='ocrx_word' id='word_1_384' title='bbox 346 4216 443 4286; x_wconf 80' lang='grc' dir='ltr'>γάρ</span> <span class='ocrx_word' id='word_1_385' title='bbox 464 4233 514 4268; x_wconf 90' lang='grc' dir='ltr'>τι</span> <span class='ocrx_word' id='word_1_386' title='bbox 541 4215 711 4268; x_wconf 81' lang='grc' dir='ltr'>δεινὸν</span> <span class='ocrx_word' id='word_1_387' title='bbox 741 4214 1109 4284; x_wconf 82' lang='grc' dir='ltr'>ἐργασάμενος</span> <span class='ocrx_word' id='word_1_388' title='bbox 1126 4209 1177 4271; x_wconf 74' lang='grc' dir='ltr'>ἀ,</span> <span class='ocrx_word' id='word_1_389' title='bbox 1203 4210 1329 4264; x_wconf 87' lang='grc' dir='ltr'>ὅταν</span> <span class='ocrx_word' id='word_1_390' title='bbox 1352 4227 1435 4273; x_wconf 90' lang='grc' dir='ltr'>τις</span> <span class='ocrx_word' id='word_1_391' title='bbox 1462 4212 1760 4279; x_wconf 82' lang='grc' dir='ltr'>κατηγορῇ,</span> <span class='ocrx_word' id='word_1_392' title='bbox 1780 4226 1894 4261; x_wconf 84' lang='grc' dir='ltr'>πει-</span> 
     </span>
    </p>
   </div>
   <div class='ocr_carea' id='block_1_48' title="bbox 348 4292 1893 4367">
    <p class='ocr_par' dir='ltr' id='par_1_48' title="bbox 348 4292 1893 4367">
     <span class='ocr_line' id='line_1_48' title="bbox 348 4292 1893 4367; baseline -0.004 -17"><span class='ocrx_word' id='word_1_393' title='bbox 348 4303 572 4367; x_wconf 81' lang='grc' dir='ltr'>ρώμενος</span> <span class='ocrx_word' id='word_1_394' title='bbox 604 4294 1005 4360; x_wconf 87' lang='grc' dir='ltr'>ἀπολογείσθαι,</span> <span class='ocrx_word' id='word_1_395' title='bbox 1055 4293 1403 4364; x_wconf 80' lang='grc' dir='ltr'>σφοδρότερος</span> <span class='ocrx_word' id='word_1_396' title='bbox 1440 4292 1665 4360; x_wconf 87' lang='grc' dir='ltr'>γίνεται.</span> <span class='ocrx_word' id='word_1_397' title='bbox 1703 4295 1807 4345; x_wconf 75' lang='grc' dir='ltr'>Καὶ</span> <span class='ocrx_word' id='word_1_398' title='bbox 1834 4292 1893 4345; x_wconf 83' lang='grc' dir='ltr'>οὑ</span> 
     </span>
    </p>
   </div>
   <div class='ocr_carea' id='block_1_49' title="bbox 347 4375 1892 4447">
    <p class='ocr_par' dir='ltr' id='par_1_49' title="bbox 347 4375 1892 4447">
     <span class='ocr_line' id='line_1_49' title="bbox 347 4375 1892 4447; baseline -0.003 -16"><span class='ocrx_word' id='word_1_399' title='bbox 347 4380 479 4447; x_wconf 86' lang='grc' dir='ltr'>λέγει</span> <span class='ocrx_word' id='word_1_400' title='bbox 509 4381 692 4433; x_wconf 81' lang='grc' dir='ltr'>λοιπὸν</span> <span class='ocrx_word' id='word_1_401' title='bbox 714 4418 729 4444; x_wconf 91' lang='grc'>,</span> <span class='ocrx_word' id='word_1_402' title='bbox 765 4379 847 4430; x_wconf 84' lang='grc' dir='ltr'>ὅτι</span> <span class='ocrx_word' id='word_1_403' title='bbox 893 4375 1321 4447; x_wconf 84' lang='grc' dir='ltr'>Ἐσταυρώσατε,</span> <span class='ocrx_word' id='word_1_404' title='bbox 1362 4376 1685 4445; x_wconf 79' lang='grc' dir='ltr'>ἐφονεύσατε</span> <span class='ocrx_word' id='word_1_405' title='bbox 1711 4390 1725 4404; x_wconf 77' lang='grc'><strong>⁸</strong></span> <span class='ocrx_word' id='word_1_406' title='bbox 1759 4375 1892 4440; x_wconf 82' lang='grc' dir='ltr'>ἀλλ’,</span> 
     </span>
    </p>
   </div>
   <div class='ocr_carea' id='block_1_50' title="bbox 358 4458 1895 4531">
    <p class='ocr_par' dir='ltr' id='par_1_50' title="bbox 358 4458 1895 4531">
     <span class='ocr_line' id='line_1_50' title="bbox 358 4458 1895 4531; baseline -0.003 -16"><span class='ocrx_word' id='word_1_407' title='bbox 358 4462 690 4531; x_wconf 75' lang='grc' dir='ltr'>ἐπράξατε,</span> <span class='ocrx_word' id='word_1_408' title='bbox 721 4462 814 4514; x_wconf 78' lang='grc' dir='ltr'>ἐπὶ</span> <span class='ocrx_word' id='word_1_409' title='bbox 849 4458 1171 4529; x_wconf 85' lang='grc' dir='ltr'>συγγνώμην</span> <span class='ocrx_word' id='word_1_410' title='bbox 1197 4459 1388 4520; x_wconf 79' lang='grc' dir='ltr'>αὑτοὺς</span> <span class='ocrx_word' id='word_1_411' title='bbox 1419 4458 1583 4526; x_wconf 79' lang='grc' dir='ltr'>ἄγων.</span> <span class='ocrx_word' id='word_1_412' title='bbox 1614 4458 1676 4511; x_wconf 76' lang='grc' dir='ltr'>ΕΞ</span> <span class='ocrx_word' id='word_1_413' title='bbox 1702 4458 1895 4511; x_wconf 82' lang='grc' dir='ltr'>ἐκεῖνοι</span> 
     </span>
    </p>
   </div>
   <div class='ocr_carea' id='block_1_51' title="bbox 348 4534 1894 4615">
    <p class='ocr_par' dir='ltr' id='par_1_51' title="bbox 348 4534 1894 4615">
     <span class='ocr_line' id='line_1_51' title="bbox 348 4534 1894 4615; baseline -0.006 -15"><span class='ocrx_word' id='word_1_414' title='bbox 348 4548 475 4601; x_wconf 81' lang='grc' dir='ltr'>κατά</span> <span class='ocrx_word' id='word_1_415' title='bbox 506 4547 744 4615; x_wconf 75' lang='grc' dir='ltr'>ἄγνοιαν,</span> <span class='ocrx_word' id='word_1_416' title='bbox 768 4541 947 4612; x_wconf 87' lang='grc' dir='ltr'>πολλῷ</span> <span class='ocrx_word' id='word_1_417' title='bbox 976 4540 1173 4612; x_wconf 79' lang='grc' dir='ltr'>μᾶλλον</span> <span class='ocrx_word' id='word_1_418' title='bbox 1204 4534 1346 4593; x_wconf 72' lang='grc' dir='ltr'>οὗτοι</span> <span class='ocrx_word' id='word_1_419' title='bbox 1368 4558 1382 4572; x_wconf 77' lang='grc' dir='ltr'><strong><em>ο</em></strong></span> <span class='ocrx_word' id='word_1_420' title='bbox 1415 4542 1461 4593; x_wconf 91' lang='grc' dir='ltr'>εἰ</span> <span class='ocrx_word' id='word_1_421' title='bbox 1493 4540 1685 4593; x_wconf 86' lang='grc' dir='ltr'>ἐκεῖνοι</span> <span class='ocrx_word' id='word_1_422' title='bbox 1711 4541 1894 4609; x_wconf 78' lang='grc' dir='ltr'>ἀφίεν-</span> 
     </span>
    </p>
   </div>
   <div class='ocr_carea' id='block_1_52' title="bbox 347 4619 1896 4699">
    <p class='ocr_par' dir='ltr' id='par_1_52' title="bbox 347 4619 1896 4699">
     <span class='ocr_line' id='line_1_52' title="bbox 347 4619 1896 4699; baseline -0.005 -15"><span class='ocrx_word' id='word_1_423' title='bbox 347 4649 450 4694; x_wconf 81' lang='grc' dir='ltr'>ται,</span> <span class='ocrx_word' id='word_1_424' title='bbox 691 4627 886 4698; x_wconf 81' lang='grc' dir='ltr'>μᾶλλον</span> <span class='ocrx_word' id='word_1_425' title='bbox 926 4619 1090 4678; x_wconf 77' lang='grc' dir='ltr'>οὗτοι.</span> <span class='ocrx_word' id='word_1_426' title='bbox 1120 4624 1191 4677; x_wconf 84' lang='grc' dir='ltr'>Τὸ</span> <span class='ocrx_word' id='word_1_427' title='bbox 1223 4625 1278 4677; x_wconf 91' lang='grc' dir='ltr'>δέ</span> <span class='ocrx_word' id='word_1_428' title='bbox 1307 4624 1612 4695; x_wconf 77' lang='grc' dir='ltr'>θαυμαστὸν</span> <span class='ocrx_word' id='word_1_429' title='bbox 1632 4666 1645 4689; x_wconf 90' lang='grc'>,</span> <span class='ocrx_word' id='word_1_430' title='bbox 1687 4626 1769 4677; x_wconf 80' lang='grc' dir='ltr'>ὅτι</span> <span class='ocrx_word' id='word_1_431' title='bbox 1804 4626 1896 4677; x_wconf 75' lang='grc' dir='ltr'>καὶ</span> 
     </span>
    </p>
   </div>
   <div class='ocr_carea' id='block_1_53' title="bbox 348 4706 1891 4777">
    <p class='ocr_par' dir='ltr' id='par_1_53' title="bbox 348 4706 1891 4777">
     <span class='ocr_line' id='line_1_53' title="bbox 348 4706 1891 4777; baseline -0.005 -10"><span class='ocrx_word' id='word_1_432' title='bbox 348 4716 453 4767; x_wconf 79' lang='grc' dir='ltr'>ἀνω</span> <span class='ocrx_word' id='word_1_433' title='bbox 500 4716 590 4767; x_wconf 72' lang='grc' dir='ltr'>καὶ</span> <span class='ocrx_word' id='word_1_434' title='bbox 634 4710 867 4766; x_wconf 87' lang='grc' dir='ltr'>ἐνταῦθα</span> <span class='ocrx_word' id='word_1_435' title='bbox 907 4707 1075 4762; x_wconf 71' lang='grc' dir='ltr'>εἰπὼν</span> <span class='ocrx_word' id='word_1_436' title='bbox 1102 4748 1115 4775; x_wconf 90' lang='grc'>,</span> <span class='ocrx_word' id='word_1_437' title='bbox 1157 4710 1273 4760; x_wconf 86' lang='grc' dir='ltr'>ἐκεῖ</span> <span class='ocrx_word' id='word_1_438' title='bbox 1327 4707 1445 4777; x_wconf 86' lang='grc' dir='ltr'>μὲν,</span> <span class='ocrx_word' id='word_1_439' title='bbox 1490 4706 1567 4775; x_wconf 78' lang='grc' dir='ltr'><strong><em>Τῇ</em></strong></span> <span class='ocrx_word' id='word_1_440' title='bbox 1601 4709 1891 4777; x_wconf 77' lang='grc' dir='ltr'>ὡρισμένη</span> 
     </span>
    </p>
   </div>
   <div class='ocr_carea' id='block_1_54' title="bbox 348 4790 1895 4869">
    <p class='ocr_par' dir='ltr' id='par_1_54' title="bbox 348 4790 1895 4869">
     <span class='ocr_line' id='line_1_54' title="bbox 348 4790 1895 4869; baseline -0.007 -17"><span class='ocrx_word' id='word_1_441' title='bbox 348 4796 532 4865; x_wconf 72' lang='grc' dir='ltr'>,βουλῇ</span> <span class='ocrx_word' id='word_1_442' title='bbox 558 4797 657 4850; x_wconf 74' lang='grc' dir='ltr'>καὶ</span> <span class='ocrx_word' id='word_1_443' title='bbox 694 4792 1053 4862; x_wconf 74' lang='grc' dir='ltr'>προγνώσει,</span> <span class='ocrx_word' id='word_1_444' title='bbox 1087 4790 1319 4869; x_wconf 80' lang='grc' dir='ltr'>ἐνταῦθα</span> <span class='ocrx_word' id='word_1_445' title='bbox 1342 4791 1415 4851; x_wconf 78' lang='grc' dir='ltr'>δὲ,</span> <span class='ocrx_word' id='word_1_446' title='bbox 1446 4792 1526 4844; x_wconf 79' lang='grc' dir='ltr'>ὅτι</span> <span class='ocrx_word' id='word_1_447' title='bbox 1559 4792 1895 4860; x_wconf 63' lang='grc' dir='ltr'>Προκιιτιῇγο</span> 
     </span>
    </p>
   </div>
   <div class='ocr_carea' id='block_1_55' title="bbox 352 4873 1893 4948">
    <p class='ocr_par' dir='ltr' id='par_1_55' title="bbox 352 4873 1893 4948">
     <span class='ocr_line' id='line_1_55' title="bbox 352 4873 1893 4948; baseline -0.005 -14"><span class='ocrx_word' id='word_1_448' title='bbox 352 4885 496 4947; x_wconf 77' lang='grc' dir='ltr'>τειλε</span> <span class='ocrx_word' id='word_1_449' title='bbox 517 4883 646 4933; x_wconf 81' lang='grc' dir='ltr'>πᾶσι</span> <span class='ocrx_word' id='word_1_450' title='bbox 674 4879 765 4930; x_wconf 74' lang='grc' dir='ltr'>τὸν</span> <span class='ocrx_word' id='word_1_451' title='bbox 788 4876 1037 4948; x_wconf 83' lang='grc' dir='ltr'>Χριστὸν,</span> <span class='ocrx_word' id='word_1_452' title='bbox 1060 4873 1292 4944; x_wconf 79' lang='grc' dir='ltr'>οὐδαμοῦ</span> <span class='ocrx_word' id='word_1_453' title='bbox 1318 4875 1551 4946; x_wconf 82' lang='grc' dir='ltr'>παράγει</span> <span class='ocrx_word' id='word_1_454' title='bbox 1575 4876 1893 4946; x_wconf 78' lang='grc' dir='ltr'>μαρτυρίαν,</span> 
     </span>
    </p>
   </div>
   <div class='ocr_carea' id='block_1_56' title="bbox 355 4955 1895 5031">
    <p class='ocr_par' dir='ltr' id='par_1_56' title="bbox 355 4955 1895 5031">
     <span class='ocr_line' id='line_1_56' title="bbox 355 4955 1895 5031; baseline -0.002 -18"><span class='ocrx_word' id='word_1_455' title='bbox 355 4961 469 5016; x_wconf 78' lang='grc' dir='ltr'>διότι</span> <span class='ocrx_word' id='word_1_456' title='bbox 491 4965 690 5031; x_wconf 76' lang='grc' dir='ltr'>ἑκάστη</span> <span class='ocrx_word' id='word_1_457' title='bbox 718 4961 894 5013; x_wconf 84' lang='grc' dir='ltr'>αὑτῶν</span> <span class='ocrx_word' id='word_1_458' title='bbox 925 4971 947 4997; x_wconf 76' lang='grc' dir='ltr'>ο</span> <span class='ocrx_word' id='word_1_459' title='bbox 973 4958 1107 5028; x_wconf 87' lang='grc' dir='ltr'>μετά</span> <span class='ocrx_word' id='word_1_460' title='bbox 1139 4955 1348 5009; x_wconf 77' lang='grc' dir='ltr'>πολλῶν</span> <span class='ocrx_word' id='word_1_461' title='bbox 1387 4956 1761 5029; x_wconf 79' lang='grc' dir='ltr'>ἐγκλημάτων,</span> <span class='ocrx_word' id='word_1_462' title='bbox 1804 4959 1895 5010; x_wconf 75' lang='grc' dir='ltr'>καὶ</span> 
     </span>
    </p>
   </div>
   <div class='ocr_carea' id='block_1_57' title="bbox 356 5039 1893 5113">
    <p class='ocr_par' dir='ltr' id='par_1_57' title="bbox 356 5039 1893 5113">
     <span class='ocr_line' id='line_1_57' title="bbox 356 5039 1893 5113; baseline -0.004 -14"><span class='ocrx_word' id='word_1_463' title='bbox 356 5046 438 5113; x_wconf 75' lang='grc' dir='ltr'>τῆς</span> <span class='ocrx_word' id='word_1_464' title='bbox 479 5046 748 5107; x_wconf 82' lang='grc' dir='ltr'>κολάσεως</span> <span class='ocrx_word' id='word_1_465' title='bbox 778 5044 875 5113; x_wconf 88' lang='grc' dir='ltr'>τῆς</span> <span class='ocrx_word' id='word_1_466' title='bbox 901 5044 1017 5095; x_wconf 85' lang='grc' dir='ltr'>κατ’</span> <span class='ocrx_word' id='word_1_467' title='bbox 1065 5041 1241 5095; x_wconf 89' lang='grc' dir='ltr'>αὑτῶν</span> <span class='ocrx_word' id='word_1_468' title='bbox 1279 5039 1513 5112; x_wconf 78' lang='grc' dir='ltr'>εἴρηται.</span> <span class='ocrx_word' id='word_1_469' title='bbox 1568 5041 1677 5095; x_wconf 77' lang='grc' dir='ltr'>Καὶ</span> <span class='ocrx_word' id='word_1_470' title='bbox 1705 5040 1893 5106; x_wconf 85' lang='grc' dir='ltr'>δώσω,</span> 
     </span>
    </p>
   </div>
   <div class='ocr_carea' id='block_1_58' title="bbox 358 5122 1892 5198">
    <p class='ocr_par' dir='ltr' id='par_1_58' title="bbox 358 5122 1892 5198">
     <span class='ocr_line' id='line_1_58' title="bbox 358 5122 1892 5198; baseline -0.002 -17"><span class='ocrx_word' id='word_1_471' title='bbox 358 5130 489 5198; x_wconf 72' lang='grc' dir='ltr'>φησὶ,</span> <span class='ocrx_word' id='word_1_472' title='bbox 512 5129 650 5193; x_wconf 81' lang='grc' dir='ltr'>τοὺς</span> <span class='ocrx_word' id='word_1_473' title='bbox 701 5126 1000 5193; x_wconf 84' lang='grc' dir='ltr'>πονηροὺς</span> <span class='ocrx_word' id='word_1_474' title='bbox 1032 5126 1163 5179; x_wconf 76' lang='grc' dir='ltr'>ἀντὶ</span> <span class='ocrx_word' id='word_1_475' title='bbox 1199 5122 1307 5191; x_wconf 86' lang='grc' dir='ltr'>τῆς</span> <span class='ocrx_word' id='word_1_476' title='bbox 1332 5123 1522 5193; x_wconf 70' lang='grc' dir='ltr'>ταφῆς</span> <span class='ocrx_word' id='word_1_477' title='bbox 1557 5124 1762 5189; x_wconf 87' lang='grc' dir='ltr'>αὐτοῦ,</span> <span class='ocrx_word' id='word_1_478' title='bbox 1795 5127 1892 5178; x_wconf 78' lang='grc' dir='ltr'>καὶ</span> 
     </span>
    </p>
   </div>
   <div class='ocr_carea' id='block_1_59' title="bbox 358 5206 1895 5278">
    <p class='ocr_par' dir='ltr' id='par_1_59' title="bbox 358 5206 1895 5278">
     <span class='ocr_line' id='line_1_59' title="bbox 358 5206 1895 5278; baseline -0.003 -15"><span class='ocrx_word' id='word_1_479' title='bbox 358 5212 481 5278; x_wconf 84' lang='grc' dir='ltr'>τοὺς</span> <span class='ocrx_word' id='word_1_480' title='bbox 504 5212 837 5274; x_wconf 73' lang='grc' dir='ltr'>πλουσίους</span> <span class='ocrx_word' id='word_1_481' title='bbox 861 5209 990 5262; x_wconf 77' lang='grc' dir='ltr'>ἀντὶ</span> <span class='ocrx_word' id='word_1_482' title='bbox 1021 5209 1123 5262; x_wconf 84' lang='grc' dir='ltr'>τοῦ</span> <span class='ocrx_word' id='word_1_483' title='bbox 1147 5207 1401 5261; x_wconf 79' lang='grc' dir='ltr'>θανάτου</span> <span class='ocrx_word' id='word_1_484' title='bbox 1433 5206 1615 5262; x_wconf 82' lang='grc' dir='ltr'>αὑτοῦ</span> <span class='ocrx_word' id='word_1_485' title='bbox 1639 5223 1653 5238; x_wconf 86' lang='grc'><strong>·</strong></span> <span class='ocrx_word' id='word_1_486' title='bbox 1681 5207 1772 5260; x_wconf 75' lang='grc' dir='ltr'>καὶ</span> <span class='ocrx_word' id='word_1_487' title='bbox 1794 5207 1895 5260; x_wconf 86' lang='grc' dir='ltr'>πά-</span> 
     </span>
    </p>
   </div>
   <div class='ocr_carea' id='block_1_60' title="bbox 356 5289 1896 5363">
    <p class='ocr_par' dir='ltr' id='par_1_60' title="bbox 356 5289 1896 5363">
     <span class='ocr_line' id='line_1_60' title="bbox 356 5289 1896 5363; baseline -0.001 -18"><span class='ocrx_word' id='word_1_488' title='bbox 356 5294 444 5357; x_wconf 83' lang='grc' dir='ltr'>λιν,</span> <span class='ocrx_word' id='word_1_489' title='bbox 472 5298 528 5349; x_wconf 71' lang='grc' dir='ltr'><strong>Ἀ</strong></span> <span class='ocrx_word' id='word_1_490' title='bbox 549 5293 1033 5362; x_wconf 72' lang='grc' dir='ltr'>προκατήγγειλε,</span> <span class='ocrx_word' id='word_1_491' title='bbox 1060 5292 1211 5363; x_wconf 82' lang='grc' dir='ltr'>φησὶ,</span> <span class='ocrx_word' id='word_1_492' title='bbox 1233 5289 1329 5343; x_wconf 86' lang='grc' dir='ltr'>διὰ</span> <span class='ocrx_word' id='word_1_493' title='bbox 1347 5292 1636 5358; x_wconf 80' lang='grc' dir='ltr'>στόματος</span> <span class='ocrx_word' id='word_1_494' title='bbox 1658 5289 1896 5343; x_wconf 83' lang='grc' dir='ltr'>πάντων</span> 
     </span>
    </p>
   </div>
   <div class='ocr_carea' id='block_1_61' title="bbox 355 5374 1891 5446">
    <p class='ocr_par' dir='ltr' id='par_1_61' title="bbox 355 5374 1891 5446">
     <span class='ocr_line' id='line_1_61' title="bbox 355 5374 1891 5446; baseline -0.003 -15"><span class='ocrx_word' id='word_1_495' title='bbox 355 5377 459 5430; x_wconf 81' lang='grc' dir='ltr'>τῶν</span> <span class='ocrx_word' id='word_1_496' title='bbox 496 5376 815 5446; x_wconf 62' lang='grc' dir='ltr'>προφητῶν</span> <span class='ocrx_word' id='word_1_497' title='bbox 842 5374 1049 5427; x_wconf 78' lang='grc' dir='ltr'>παθεῖν</span> <span class='ocrx_word' id='word_1_498' title='bbox 1086 5376 1293 5437; x_wconf 86' lang='grc' dir='ltr'>αὑτὸν,</span> <span class='ocrx_word' id='word_1_499' title='bbox 1343 5374 1693 5441; x_wconf 81' lang='grc' dir='ltr'>ἐπλήρωσεν</span> <span class='ocrx_word' id='word_1_500' title='bbox 1723 5374 1891 5427; x_wconf 81' lang='grc' dir='ltr'>οὕτω.</span> 
     </span>
    </p>
   </div>
   <div class='ocr_carea' id='block_1_62' title="bbox 354 5455 1896 5531">
    <p class='ocr_par' dir='ltr' id='par_1_62' title="bbox 354 5455 1896 5531">
     <span class='ocr_line' id='line_1_62' title="bbox 354 5455 1896 5531; baseline -0.004 -18"><span class='ocrx_word' id='word_1_501' title='bbox 354 5462 589 5531; x_wconf 85' lang='grc' dir='ltr'>Μεγάλην</span> <span class='ocrx_word' id='word_1_502' title='bbox 614 5461 852 5513; x_wconf 88' lang='grc' dir='ltr'>δείκνυσι</span> <span class='ocrx_word' id='word_1_503' title='bbox 876 5458 971 5528; x_wconf 81' lang='grc' dir='ltr'>τὴν</span> <span class='ocrx_word' id='word_1_504' title='bbox 999 5458 1211 5527; x_wconf 76' lang='grc' dir='ltr'>βουλὴν,</span> <span class='ocrx_word' id='word_1_505' title='bbox 1233 5458 1283 5508; x_wconf 78' lang='grc' dir='ltr'>εἰ</span> <span class='ocrx_word' id='word_1_506' title='bbox 1299 5473 1363 5525; x_wconf 91' lang='grc' dir='ltr'>γε</span> <span class='ocrx_word' id='word_1_507' title='bbox 1394 5457 1587 5518; x_wconf 87' lang='grc' dir='ltr'>πάντες</span> <span class='ocrx_word' id='word_1_508' title='bbox 1610 5456 1765 5508; x_wconf 88' lang='grc' dir='ltr'>τοῦτο</span> <span class='ocrx_word' id='word_1_509' title='bbox 1783 5455 1896 5508; x_wconf 81' lang='grc' dir='ltr'>ἕλε-</span> 
     </span>
    </p>
   </div>
   <div class='ocr_carea' id='block_1_63' title="bbox 352 5537 1895 5613">
    <p class='ocr_par' dir='ltr' id='par_1_63' title="bbox 352 5537 1895 5613">
     <span class='ocr_line' id='line_1_63' title="bbox 352 5537 1895 5613; baseline -0.005 -15"><span class='ocrx_word' id='word_1_510' title='bbox 352 5560 456 5611; x_wconf 86' lang='grc' dir='ltr'>γον,</span> <span class='ocrx_word' id='word_1_511' title='bbox 485 5546 576 5598; x_wconf 71' lang='grc' dir='ltr'>καὶ</span> <span class='ocrx_word' id='word_1_512' title='bbox 607 5544 705 5613; x_wconf 85' lang='grc' dir='ltr'>οὑχ</span> <span class='ocrx_word' id='word_1_513' title='bbox 734 5537 815 5605; x_wconf 76' lang='grc' dir='ltr'>εἷς</span> <span class='ocrx_word' id='word_1_514' title='bbox 848 5542 1021 5610; x_wconf 84' lang='grc' dir='ltr'>μόνος.</span> <span class='ocrx_word' id='word_1_515' title='bbox 1056 5542 1128 5594; x_wconf 86' lang='grc' dir='ltr'>υὺ</span> <span class='ocrx_word' id='word_1_516' title='bbox 1161 5542 1265 5610; x_wconf 85' lang='grc' dir='ltr'>μὴν</span> <span class='ocrx_word' id='word_1_517' title='bbox 1296 5538 1479 5610; x_wconf 81' lang='grc' dir='ltr'>ἐπειδὴ</span> <span class='ocrx_word' id='word_1_518' title='bbox 1507 5539 1646 5591; x_wconf 86' lang='grc' dir='ltr'>κατὰ</span> <span class='ocrx_word' id='word_1_519' title='bbox 1676 5539 1895 5608; x_wconf 83' lang='grc' dir='ltr'>ἄγνοιαν</span> 
     </span>
    </p>
   </div>
   <div class='ocr_carea' id='block_1_64' title="bbox 352 5623 1531 5697">
    <p class='ocr_par' dir='ltr' id='par_1_64' title="bbox 352 5623 1531 5697">
     <span class='ocr_line' id='line_1_64' title="bbox 352 5623 1531 5697; baseline -0.004 -16"><span class='ocrx_word' id='word_1_520' title='bbox 352 5629 545 5695; x_wconf 76' lang='grc' dir='ltr'>γέγονε,</span> <span class='ocrx_word' id='word_1_521' title='bbox 569 5630 720 5697; x_wconf 87' lang='grc' dir='ltr'>παρά</span> <span class='ocrx_word' id='word_1_522' title='bbox 739 5626 802 5679; x_wconf 80' lang='grc' dir='ltr'>τὸ</span> <span class='ocrx_word' id='word_1_523' title='bbox 828 5624 904 5694; x_wconf 76' lang='grc' dir='ltr'>τῷ</span> <span class='ocrx_word' id='word_1_524' title='bbox 936 5625 1052 5694; x_wconf 84' lang='grc' dir='ltr'>Θεῴ</span> <span class='ocrx_word' id='word_1_525' title='bbox 1087 5624 1272 5678; x_wconf 83' lang='grc' dir='ltr'>δοκοῦν</span> <span class='ocrx_word' id='word_1_526' title='bbox 1295 5623 1531 5692; x_wconf 83' lang='grc' dir='ltr'>γέγονεν.</span> 
     </span>
    </p>
   </div>
   <div class='ocr_carea' id='block_1_65' title="bbox 407 5806 1894 5871">
    <p class='ocr_par' dir='ltr' id='par_1_65' title="bbox 407 5806 1894 5871">
     <span class='ocr_line' id='line_1_65' title="bbox 407 5806 1894 5871; baseline -0.003 -11"><span class='ocrx_word' id='word_1_527' title='bbox 407 5812 431 5839; x_wconf 70' lang='grc'><strong><em>³</em></strong></span> <span class='ocrx_word' id='word_1_528' title='bbox 453 5812 591 5860; x_wconf 72' lang='lat' dir='ltr'><strong>Alius</strong></span> <span class='ocrx_word' id='word_1_529' title='bbox 610 5814 688 5858; x_wconf 82' lang='grc' dir='ltr'>ἵνα</span> <span class='ocrx_word' id='word_1_530' title='bbox 711 5811 803 5871; x_wconf 79' lang='grc' dir='ltr'>γὰρ</span> <span class='ocrx_word' id='word_1_531' title='bbox 828 5808 893 5869; x_wconf 77' lang='grc' dir='ltr'>μή</span> <span class='ocrx_word' id='word_1_532' title='bbox 974 5806 1003 5845; x_wconf 70' lang='grc' dir='ltr'><em>δ</em></span> <span class='ocrx_word' id='word_1_533' title='bbox 1030 5810 1165 5871; x_wconf 72' lang='lat' dir='ltr'>Aliqs</span> <span class='ocrx_word' id='word_1_534' title='bbox 1185 5808 1318 5871; x_wconf 68' lang='grc' dir='ltr'>οῦδὲν</span> <span class='ocrx_word' id='word_1_535' title='bbox 1339 5808 1574 5869; x_wconf 85' lang='grc' dir='ltr'>προεῖπεν,</span> <span class='ocrx_word' id='word_1_536' title='bbox 1595 5808 1713 5855; x_wconf 84' lang='grc' dir='ltr'>ἀλλὰ</span> <span class='ocrx_word' id='word_1_537' title='bbox 1738 5810 1894 5869; x_wconf 83' lang='grc' dir='ltr'>μόνον.</span> 
     </span>
    </p>
   </div>
   <div class='ocr_carea' id='block_1_66' title="bbox 354 5868 1899 5932">
    <p class='ocr_par' dir='ltr' id='par_1_66' title="bbox 354 5868 1899 5932">
     <span class='ocr_line' id='line_1_66' title="bbox 354 5868 1899 5932; baseline -0.001 -11"><span class='ocrx_word' id='word_1_538' title='bbox 354 5875 373 5901; x_wconf 65' lang='grc' dir='ltr'><strong>ε</strong></span> <span class='ocrx_word' id='word_1_539' title='bbox 397 5874 487 5921; x_wconf 72' lang='lat' dir='ltr'><strong>Alii</strong></span> <span class='ocrx_word' id='word_1_540' title='bbox 518 5868 740 5929; x_wconf 52' lang='grc' dir='ltr'>αἱτὴσαιλ</span> <span class='ocrx_word' id='word_1_541' title='bbox 764 5868 936 5929; x_wconf 75' lang='grc' dir='ltr'>τὸγὰρ</span> <span class='ocrx_word' id='word_1_542' title='bbox 958 5870 1053 5916; x_wconf 83' lang='grc' dir='ltr'>τόν.</span> <span class='ocrx_word' id='word_1_543' title='bbox 1115 5868 1140 5906; x_wconf 70' lang='grc' dir='ltr'>τι</span> <span class='ocrx_word' id='word_1_544' title='bbox 1164 5868 1303 5932; x_wconf 74' lang='lat' dir='ltr'><strong>Alius</strong></span> <span class='ocrx_word' id='word_1_545' title='bbox 1325 5868 1456 5931; x_wconf 81' lang='grc' dir='ltr'>ὁγὰρ</span> <span class='ocrx_word' id='word_1_546' title='bbox 1474 5871 1533 5915; x_wconf 87' lang='grc' dir='ltr'>τά</span> <span class='ocrx_word' id='word_1_547' title='bbox 1556 5871 1681 5932; x_wconf 81' lang='grc' dir='ltr'>δεινά</span> <span class='ocrx_word' id='word_1_548' title='bbox 1707 5868 1899 5932; x_wconf 80' lang='grc' dir='ltr'>ἐργαζὸ-</span> 
     </span>
    </p>
   </div>
   <div class='ocr_carea' id='block_1_67' title="bbox 354 5950 711 6049">
    <p class='ocr_par' dir='ltr' id='par_1_67' title="bbox 354 5950 711 6049">
     <span class='ocr_line' id='line_1_67' title="bbox 354 5950 711 5994; baseline -0.011 -13"><span class='ocrx_word' id='word_1_549' title='bbox 354 5950 493 5994; x_wconf 72' lang='grc' dir='ltr'>μενος.</span> <span class='ocrx_word' id='word_1_550' title='bbox 569 5950 591 5964; x_wconf 66' lang='grc' dir='ltr'>ν</span> <span class='ocrx_word' id='word_1_551' title='bbox 626 5950 711 5981; x_wconf 73' lang='lat' dir='ltr'>mw</span> 
     </span>
     <span class='ocr_line' id='line_1_68' title="bbox 355 5994 711 6049; baseline -0.008 -5"><span class='ocrx_word' id='word_1_552' title='bbox 355 5994 517 6049; x_wconf 69' lang='grc' dir='ltr'>ἑκάστη</span> <span class='ocrx_word' id='word_1_553' title='bbox 552 5995 711 6043; x_wconf 80' lang='grc' dir='ltr'>αὐτῶν</span> 
     </span>
    </p>
   </div>
   <div class='ocr_carea' id='block_1_68' title="bbox 2068 472 3563 550">
    <p class='ocr_par' dir='ltr' id='par_1_68' title="bbox 2068 472 3563 550">
     <span class='ocr_line' id='line_1_69' title="bbox 2068 472 3563 550; baseline -0.004 -18"><span class='ocrx_word' id='word_1_554' title='bbox 2068 481 2227 550; x_wconf 84' lang='grc' dir='ltr'>Ὅρα,</span> <span class='ocrx_word' id='word_1_555' title='bbox 2264 480 2404 549; x_wconf 85' lang='grc' dir='ltr'>πόση</span> <span class='ocrx_word' id='word_1_556' title='bbox 2432 478 2526 531; x_wconf 88' lang='grc' dir='ltr'>τοῦ</span> <span class='ocrx_word' id='word_1_557' title='bbox 2558 478 2693 531; x_wconf 84' lang='grc' dir='ltr'>Θεοῦ</span> <span class='ocrx_word' id='word_1_558' title='bbox 2745 480 2778 548; x_wconf 84' lang='grc' dir='ltr'><strong>ἡ</strong></span> <span class='ocrx_word' id='word_1_559' title='bbox 2814 483 2993 548; x_wconf 82' lang='grc' dir='ltr'>σοφία,</span> <span class='ocrx_word' id='word_1_560' title='bbox 3024 480 3150 531; x_wconf 81' lang='grc' dir='ltr'>ὅταν</span> <span class='ocrx_word' id='word_1_561' title='bbox 3196 478 3315 539; x_wconf 83' lang='grc' dir='ltr'>ταῖς</span> <span class='ocrx_word' id='word_1_562' title='bbox 3361 472 3563 545; x_wconf 83' lang='grc' dir='ltr'>ἐτέρων</span> 
     </span>
    </p>
   </div>
   <div class='ocr_carea' id='block_1_69' title="bbox 1996 558 3560 633">
    <p class='ocr_par' dir='ltr' id='par_1_69' title="bbox 1996 558 3560 633">
     <span class='ocr_line' id='line_1_70' title="bbox 1996 558 3560 633; baseline -0.003 -18"><span class='ocrx_word' id='word_1_563' title='bbox 1996 565 2279 633; x_wconf 83' lang='grc' dir='ltr'>πονηρίαις</span> <span class='ocrx_word' id='word_1_564' title='bbox 2311 565 2388 625; x_wconf 89' lang='grc' dir='ltr'>εἰς</span> <span class='ocrx_word' id='word_1_565' title='bbox 2412 561 2472 615; x_wconf 77' lang='grc' dir='ltr'>τὸ</span> <span class='ocrx_word' id='word_1_566' title='bbox 2492 558 2661 632; x_wconf 81' lang='grc' dir='ltr'>δέονῇ</span> <span class='ocrx_word' id='word_1_567' title='bbox 2688 562 3162 631; x_wconf 86' lang='grc' dir='ltr'>κατακεχρημένη.</span> <span class='ocrx_word' id='word_1_568' title='bbox 3193 558 3560 626; x_wconf 81' lang='grc' dir='ltr'>Ἐπλήρωσε,</span> 
     </span>
    </p>
   </div>
   <div class='ocr_carea' id='block_1_70' title="bbox 1999 642 3561 715">
    <p class='ocr_par' dir='ltr' id='par_1_70' title="bbox 1999 642 3561 715">
     <span class='ocr_line' id='line_1_71' title="bbox 1999 642 3561 715; baseline -0.003 -18"><span class='ocrx_word' id='word_1_569' title='bbox 1999 646 2179 714; x_wconf 86' lang='grc' dir='ltr'>φησίν.</span> <span class='ocrx_word' id='word_1_570' title='bbox 2235 647 2348 698; x_wconf 81' lang='grc' dir='ltr'>Ἵνα</span> <span class='ocrx_word' id='word_1_571' title='bbox 2389 645 2462 715; x_wconf 84' lang='grc' dir='ltr'>μὴ</span> <span class='ocrx_word' id='word_1_572' title='bbox 2498 645 2760 713; x_wconf 89' lang='grc' dir='ltr'>νομίσωσι</span> <span class='ocrx_word' id='word_1_573' title='bbox 2808 643 2991 695; x_wconf 80' lang='grc' dir='ltr'>λοιπὸν</span> <span class='ocrx_word' id='word_1_574' title='bbox 3039 642 3423 696; x_wconf 84' lang='grc' dir='ltr'>ὑπολείπεσθαί</span> <span class='ocrx_word' id='word_1_575' title='bbox 3467 658 3519 694; x_wconf 87' lang='grc' dir='ltr'>τι</span> <span class='ocrx_word' id='word_1_576' title='bbox 3545 680 3561 702; x_wconf 93' lang='grc'>,</span> 
     </span>
    </p>
   </div>
   <div class='ocr_carea' id='block_1_71' title="bbox 1999 725 3563 799">
    <p class='ocr_par' dir='ltr' id='par_1_71' title="bbox 1999 725 3563 799">
     <span class='ocr_line' id='line_1_72' title="bbox 1999 725 3563 799; baseline -0.003 -19"><span class='ocrx_word' id='word_1_577' title='bbox 1999 728 2156 782; x_wconf 87' lang='grc' dir='ltr'>τοῦτο</span> <span class='ocrx_word' id='word_1_578' title='bbox 2186 731 2450 799; x_wconf 84' lang='grc' dir='ltr'>ἐπήγαγε,</span> <span class='ocrx_word' id='word_1_579' title='bbox 2479 727 2651 799; x_wconf 90' lang='grc' dir='ltr'>δηλῶν</span> <span class='ocrx_word' id='word_1_580' title='bbox 2672 728 2752 781; x_wconf 87' lang='grc' dir='ltr'>ὅτι</span> <span class='ocrx_word' id='word_1_581' title='bbox 2778 728 2875 780; x_wconf 84' lang='grc' dir='ltr'>ὅσα</span> <span class='ocrx_word' id='word_1_582' title='bbox 2902 727 3089 779; x_wconf 85' lang='grc' dir='ltr'>παθεῖν</span> <span class='ocrx_word' id='word_1_583' title='bbox 3120 728 3248 790; x_wconf 78' lang='grc' dir='ltr'>ἔδει,</span> <span class='ocrx_word' id='word_1_584' title='bbox 3280 725 3563 795; x_wconf 76' lang='grc' dir='ltr'>πεπλήρωο</span> 
     </span>
    </p>
   </div>
   <div class='ocr_carea' id='block_1_72' title="bbox 1996 808 3561 883">
    <p class='ocr_par' dir='ltr' id='par_1_72' title="bbox 1996 808 3561 883">
     <span class='ocr_line' id='line_1_73' title="bbox 1996 808 3561 883; baseline -0.003 -18"><span class='ocrx_word' id='word_1_585' title='bbox 1996 829 2104 865; x_wconf 90' lang='grc' dir='ltr'>ται.</span> <span class='ocrx_word' id='word_1_586' title='bbox 2170 812 2327 865; x_wconf 85' lang='grc' dir='ltr'>Ἀλλά</span> <span class='ocrx_word' id='word_1_587' title='bbox 2358 813 2431 883; x_wconf 81' lang='grc' dir='ltr'>μὴ</span> <span class='ocrx_word' id='word_1_588' title='bbox 2481 812 2758 881; x_wconf 83' lang='grc' dir='ltr'>νομίσητε,</span> <span class='ocrx_word' id='word_1_589' title='bbox 2804 810 2986 879; x_wconf 81' lang='grc' dir='ltr'>ἐπειδὴ</span> <span class='ocrx_word' id='word_1_590' title='bbox 3014 812 3060 862; x_wconf 87' lang='grc' dir='ltr'>οἱ</span> <span class='ocrx_word' id='word_1_591' title='bbox 3090 810 3359 880; x_wconf 78' lang='grc' dir='ltr'>προφῆται</span> <span class='ocrx_word' id='word_1_592' title='bbox 3388 808 3561 861; x_wconf 89' lang='grc' dir='ltr'>ταῦτα</span> 
     </span>
    </p>
   </div>
   <div class='ocr_carea' id='block_1_73' title="bbox 1996 892 3563 965">
    <p class='ocr_par' dir='ltr' id='par_1_73' title="bbox 1996 892 3563 965">
     <span class='ocr_line' id='line_1_74' title="bbox 1996 892 3563 965; baseline -0.003 -18"><span class='ocrx_word' id='word_1_593' title='bbox 1996 892 2165 959; x_wconf 85' lang='grc' dir='ltr'>εἷπον,</span> <span class='ocrx_word' id='word_1_594' title='bbox 2188 897 2281 949; x_wconf 82' lang='grc' dir='ltr'>καὶ</span> <span class='ocrx_word' id='word_1_595' title='bbox 2315 895 2499 965; x_wconf 85' lang='grc' dir='ltr'>ἐπειδὴ</span> <span class='ocrx_word' id='word_1_596' title='bbox 2534 895 2674 948; x_wconf 85' lang='grc' dir='ltr'>κατὰ</span> <span class='ocrx_word' id='word_1_597' title='bbox 2706 895 2925 961; x_wconf 84' lang='grc' dir='ltr'>ἄγνοιαν</span> <span class='ocrx_word' id='word_1_598' title='bbox 2959 894 3248 963; x_wconf 82' lang='grc' dir='ltr'>ἐπράξατε,</span> <span class='ocrx_word' id='word_1_599' title='bbox 3296 894 3375 946; x_wconf 86' lang='grc' dir='ltr'>ὃτι</span> <span class='ocrx_word' id='word_1_600' title='bbox 3405 895 3563 963; x_wconf 86' lang='grc' dir='ltr'>ἀρκεῖ</span> 
     </span>
    </p>
   </div>
   <div class='ocr_carea' id='block_1_74' title="bbox 1993 976 3562 1048">
    <p class='ocr_par' dir='ltr' id='par_1_74' title="bbox 1993 976 3562 1048">
     <span class='ocr_line' id='line_1_75' title="bbox 1993 976 3562 1048; baseline -0.001 -19"><span class='ocrx_word' id='word_1_601' title='bbox 1993 980 2072 1042; x_wconf 83' lang='grc' dir='ltr'>εἰς</span> <span class='ocrx_word' id='word_1_602' title='bbox 2101 979 2388 1047; x_wconf 89' lang='grc' dir='ltr'>ἀπολογίαν</span> <span class='ocrx_word' id='word_1_603' title='bbox 2424 980 2549 1048; x_wconf 88' lang='grc' dir='ltr'>ὑμῖν</span> <span class='ocrx_word' id='word_1_604' title='bbox 2581 978 2756 1032; x_wconf 89' lang='grc' dir='ltr'>τοῦτο.</span> <span class='ocrx_word' id='word_1_605' title='bbox 2802 976 2938 1029; x_wconf 81' lang='grc' dir='ltr'>Ἀλλ’</span> <span class='ocrx_word' id='word_1_606' title='bbox 2960 977 3019 1029; x_wconf 82' lang='grc' dir='ltr'>οὑ</span> <span class='ocrx_word' id='word_1_607' title='bbox 3050 976 3191 1044; x_wconf 77' lang='grc' dir='ltr'>λέγει</span> <span class='ocrx_word' id='word_1_608' title='bbox 3214 977 3404 1039; x_wconf 82' lang='grc' dir='ltr'>οὑτως,</span> <span class='ocrx_word' id='word_1_609' title='bbox 3428 976 3562 1029; x_wconf 86' lang='grc' dir='ltr'>ἀλλὰ</span> 
     </span>
    </p>
   </div>
   <div class='ocr_carea' id='block_1_75' title="bbox 1994 1057 3565 1133">
    <p class='ocr_par' dir='ltr' id='par_1_75' title="bbox 1994 1057 3565 1133">
     <span class='ocr_line' id='line_1_76' title="bbox 1994 1057 3565 1133; baseline -0.002 -20"><span class='ocrx_word' id='word_1_610' title='bbox 1994 1062 2289 1133; x_wconf 81' lang='grc' dir='ltr'>πραότερον</span> <span class='ocrx_word' id='word_1_611' title='bbox 2311 1080 2323 1093; x_wconf 81' lang='lat'>&#39;</span> <span class='ocrx_word' id='word_1_612' title='bbox 2359 1061 2779 1127; x_wconf 77' lang='grc' dir='ltr'>Μετανοήσατε</span> <span class='ocrx_word' id='word_1_613' title='bbox 2833 1057 2942 1114; x_wconf 83' lang='grc' dir='ltr'>οὖν.</span> <span class='ocrx_word' id='word_1_614' title='bbox 2982 1062 3079 1112; x_wconf 83' lang='grc' dir='ltr'>Διά</span> <span class='ocrx_word' id='word_1_615' title='bbox 3110 1061 3158 1112; x_wconf 87' lang='grc' dir='ltr'>τί</span> <span class='ocrx_word' id='word_1_616' title='bbox 3187 1076 3199 1122; x_wconf 90' lang='grc'><strong>;</strong></span> <span class='ocrx_word' id='word_1_617' title='bbox 3237 1063 3339 1123; x_wconf 84' lang='grc' dir='ltr'>Εὶς</span> <span class='ocrx_word' id='word_1_618' title='bbox 3372 1060 3437 1111; x_wconf 88' lang='grc' dir='ltr'>τὸ</span> <span class='ocrx_word' id='word_1_619' title='bbox 3469 1060 3565 1123; x_wconf 80' lang='grc' dir='ltr'>ἑξ-</span> 
     </span>
    </p>
   </div>
   <div class='ocr_carea' id='block_1_76' title="bbox 2007 1142 3564 1213">
    <p class='ocr_par' dir='ltr' id='par_1_76' title="bbox 2007 1142 3564 1213">
     <span class='ocr_line' id='line_1_77' title="bbox 2007 1142 3564 1213; baseline -0.003 -17"><span class='ocrx_word' id='word_1_620' title='bbox 2007 1144 2364 1212; x_wconf 72' lang='grc' dir='ltr'>αλειφθῆναι</span> <span class='ocrx_word' id='word_1_621' title='bbox 2389 1144 2553 1213; x_wconf 86' lang='grc' dir='ltr'>ὑμῶν</span> <span class='ocrx_word' id='word_1_622' title='bbox 2583 1144 2687 1209; x_wconf 84' lang='grc' dir='ltr'>τὰς</span> <span class='ocrx_word' id='word_1_623' title='bbox 2713 1144 3018 1212; x_wconf 79' lang='grc' dir='ltr'>ἁμαρτίας.</span> <span class='ocrx_word' id='word_1_624' title='bbox 3043 1144 3116 1195; x_wconf 87' lang='grc' dir='ltr'>Οὑ</span> <span class='ocrx_word' id='word_1_625' title='bbox 3151 1142 3291 1210; x_wconf 79' lang='grc' dir='ltr'>λέγω</span> <span class='ocrx_word' id='word_1_626' title='bbox 3308 1142 3376 1193; x_wconf 86' lang='grc' dir='ltr'>τὰ</span> <span class='ocrx_word' id='word_1_627' title='bbox 3399 1143 3456 1194; x_wconf 87' lang='grc' dir='ltr'>ἐν</span> <span class='ocrx_word' id='word_1_628' title='bbox 3486 1142 3564 1210; x_wconf 84' lang='grc' dir='ltr'>τῷ</span> 
     </span>
    </p>
   </div>
   <div class='ocr_carea' id='block_1_77' title="bbox 1996 1225 3558 1298">
    <p class='ocr_par' dir='ltr' id='par_1_77' title="bbox 1996 1225 3558 1298">
     <span class='ocr_line' id='line_1_78' title="bbox 1996 1225 3558 1298; baseline -0.003 -19"><span class='ocrx_word' id='word_1_629' title='bbox 1996 1228 2211 1298; x_wconf 80' lang='grc' dir='ltr'>σταυρῷ</span> <span class='ocrx_word' id='word_1_630' title='bbox 2264 1227 2676 1297; x_wconf 77' lang='grc' dir='ltr'>τετολμημέναο</span> <span class='ocrx_word' id='word_1_631' title='bbox 2726 1229 2855 1290; x_wconf 80' lang='grc' dir='ltr'>ἴσως</span> <span class='ocrx_word' id='word_1_632' title='bbox 2890 1229 3071 1280; x_wconf 85' lang='grc' dir='ltr'>ἐκεῖνα</span> <span class='ocrx_word' id='word_1_633' title='bbox 3116 1225 3255 1279; x_wconf 83' lang='grc' dir='ltr'>κατὰ</span> <span class='ocrx_word' id='word_1_634' title='bbox 3301 1226 3558 1292; x_wconf 72' lang='grc' dir='ltr'>ἄγνοιανο</span> 
     </span>
    </p>
   </div>
   <div class='ocr_carea' id='block_1_78' title="bbox 1993 1306 3560 1381">
    <p class='ocr_par' dir='ltr' id='par_1_78' title="bbox 1993 1306 3560 1381">
     <span class='ocr_line' id='line_1_79' title="bbox 1993 1306 3560 1381; baseline 0 -22"><span class='ocrx_word' id='word_1_635' title='bbox 1993 1308 2108 1360; x_wconf 84' lang='grc' dir='ltr'>ἀλλ’</span> <span class='ocrx_word' id='word_1_636' title='bbox 2139 1309 2275 1361; x_wconf 81' lang='grc' dir='ltr'>ὥστε</span> <span class='ocrx_word' id='word_1_637' title='bbox 2305 1310 2401 1373; x_wconf 81' lang='grc' dir='ltr'>τὰς</span> <span class='ocrx_word' id='word_1_638' title='bbox 2439 1310 2631 1380; x_wconf 83' lang='grc' dir='ltr'>ἐτέρας</span> <span class='ocrx_word' id='word_1_639' title='bbox 2655 1309 2805 1378; x_wconf 91' lang='grc' dir='ltr'>ὑμῶν</span> <span class='ocrx_word' id='word_1_640' title='bbox 2854 1310 3126 1381; x_wconf 83' lang='grc' dir='ltr'>ἁμαρτίας</span> <span class='ocrx_word' id='word_1_641' title='bbox 3164 1306 3560 1375; x_wconf 78' lang='grc' dir='ltr'>ἐξαλειφθῆναι.</span> 
     </span>
    </p>
   </div>
   <div class='ocr_carea' id='block_1_79' title="bbox 1994 1386 3563 1461">
    <p class='ocr_par' dir='ltr' id='par_1_79' title="bbox 1994 1386 3563 1461">
     <span class='ocr_line' id='line_1_80' title="bbox 1994 1386 3563 1461; baseline -0.001 -19"><span class='ocrx_word' id='word_1_642' title='bbox 1994 1386 2125 1444; x_wconf 80' lang='grc' dir='ltr'>Εἶτα</span> <span class='ocrx_word' id='word_1_643' title='bbox 2162 1392 2387 1461; x_wconf 88' lang='grc' dir='ltr'>ἐπάγει·</span> <span class='ocrx_word' id='word_1_644' title='bbox 2415 1393 2606 1458; x_wconf 84' lang='grc' dir='ltr'>Ὅπως</span> <span class='ocrx_word' id='word_1_645' title='bbox 2640 1391 2716 1446; x_wconf 85' lang='grc' dir='ltr'>ἂν</span> <span class='ocrx_word' id='word_1_646' title='bbox 2747 1392 3002 1446; x_wconf 75' lang='grc' dir='ltr'>ἔλθωσιν</span> <span class='ocrx_word' id='word_1_647' title='bbox 3031 1391 3173 1458; x_wconf 84' lang='grc' dir='ltr'>ὑμῖν</span> <span class='ocrx_word' id='word_1_648' title='bbox 3204 1391 3392 1459; x_wconf 78' lang='grc' dir='ltr'>καιροὶ</span> <span class='ocrx_word' id='word_1_649' title='bbox 3421 1390 3563 1448; x_wconf 83' lang='grc' dir='ltr'>ἀνα-</span> 
     </span>
    </p>
   </div>
   <div class='ocr_carea' id='block_1_80' title="bbox 1993 1474 3561 1545">
    <p class='ocr_par' dir='ltr' id='par_1_80' title="bbox 1993 1474 3561 1545">
     <span class='ocr_line' id='line_1_81' title="bbox 1993 1474 3561 1545; baseline -0.002 -18"><span class='ocrx_word' id='word_1_650' title='bbox 1993 1475 2250 1543; x_wconf 69' lang='grc' dir='ltr'>ψύξεως.</span> <span class='ocrx_word' id='word_1_651' title='bbox 2298 1475 2559 1528; x_wconf 84' lang='grc' dir='ltr'>Ἐνταῦθα</span> <span class='ocrx_word' id='word_1_652' title='bbox 2588 1478 2842 1545; x_wconf 73' lang='grc' dir='ltr'>περὶτῆς</span> <span class='ocrx_word' id='word_1_653' title='bbox 2883 1475 3225 1537; x_wconf 85' lang='grc' dir='ltr'>ἀναστάσεως</span> <span class='ocrx_word' id='word_1_654' title='bbox 3261 1474 3561 1541; x_wconf 85' lang='grc' dir='ltr'>διαλέγεται</span> 
     </span>
    </p>
   </div>
   <div class='ocr_carea' id='block_1_81' title="bbox 1993 1556 3560 1629">
    <p class='ocr_par' dir='ltr' id='par_1_81' title="bbox 1993 1556 3560 1629">
     <span class='ocr_line' id='line_1_82' title="bbox 1993 1556 3560 1629; baseline -0.001 -20"><span class='ocrx_word' id='word_1_655' title='bbox 1993 1558 2265 1629; x_wconf 85' lang='grc' dir='ltr'>ἀμυδρῶς.</span> <span class='ocrx_word' id='word_1_656' title='bbox 2295 1561 2501 1622; x_wconf 88' lang='grc' dir='ltr'>Ὄντως</span> <span class='ocrx_word' id='word_1_657' title='bbox 2534 1560 2640 1629; x_wconf 76' lang='grc' dir='ltr'>γὰρ</span> <span class='ocrx_word' id='word_1_658' title='bbox 2670 1562 2864 1612; x_wconf 89' lang='grc' dir='ltr'>ἐκεῖνοι</span> <span class='ocrx_word' id='word_1_659' title='bbox 2891 1557 3203 1627; x_wconf 71' lang='grc' dir='ltr'>ἀναψύξεως</span> <span class='ocrx_word' id='word_1_660' title='bbox 3236 1558 3436 1627; x_wconf 74' lang='grc' dir='ltr'>καιροὶ,</span> <span class='ocrx_word' id='word_1_661' title='bbox 3468 1556 3560 1619; x_wconf 79' lang='grc' dir='ltr'>οὓς</span> 
     </span>
    </p>
   </div>
   <div class='ocr_carea' id='block_1_82' title="bbox 1993 1636 3564 1711">
    <p class='ocr_par' dir='ltr' id='par_1_82' title="bbox 1993 1636 3564 1711">
     <span class='ocr_line' id='line_1_83' title="bbox 1993 1636 3564 1711; baseline 0 -19"><span class='ocrx_word' id='word_1_662' title='bbox 1993 1640 2242 1711; x_wconf 77' lang='grc' dir='ltr'>ἐπεζήτει</span> <span class='ocrx_word' id='word_1_663' title='bbox 2266 1643 2357 1695; x_wconf 73' lang='grc' dir='ltr'>καὶ</span> <span class='ocrx_word' id='word_1_664' title='bbox 2385 1642 2610 1706; x_wconf 77' lang='grc' dir='ltr'>Παῦλος,</span> <span class='ocrx_word' id='word_1_665' title='bbox 2645 1642 2814 1710; x_wconf 84' lang='grc' dir='ltr'>λέγων</span> <span class='ocrx_word' id='word_1_666' title='bbox 2840 1636 2855 1671; x_wconf 74' lang='grc'>³</span> <span class='ocrx_word' id='word_1_667' title='bbox 2895 1642 3000 1695; x_wconf 81' lang='grc' dir='ltr'>Καὶ</span> <span class='ocrx_word' id='word_1_668' title='bbox 3032 1640 3201 1710; x_wconf 71' lang='grc' dir='ltr'>ἡμεῖς</span> <span class='ocrx_word' id='word_1_669' title='bbox 3223 1643 3276 1693; x_wconf 85' lang='grc' dir='ltr'>οι</span> <span class='ocrx_word' id='word_1_670' title='bbox 3298 1641 3466 1706; x_wconf 85' lang='grc' dir='ltr'>ὄντες</span> <span class='ocrx_word' id='word_1_671' title='bbox 3493 1641 3564 1692; x_wconf 73' lang='grc' dir='ltr'>ἐν</span> 
     </span>
    </p>
   </div>
   <div class='ocr_carea' id='block_1_83' title="bbox 1993 1720 3560 1793">
    <p class='ocr_par' dir='ltr' id='par_1_83' title="bbox 1993 1720 3560 1793">
     <span class='ocr_line' id='line_1_84' title="bbox 1993 1720 3560 1793; baseline 0.003 -19"><span class='ocrx_word' id='word_1_672' title='bbox 1993 1722 2072 1787; x_wconf 82' lang='grc' dir='ltr'>τῷ</span> <span class='ocrx_word' id='word_1_673' title='bbox 2097 1723 2310 1788; x_wconf 78' lang='grc' dir='ltr'>σκήνει</span> <span class='ocrx_word' id='word_1_674' title='bbox 2356 1725 2711 1793; x_wconf 75' lang='grc' dir='ltr'>στενάζομεν</span> <span class='ocrx_word' id='word_1_675' title='bbox 2743 1726 3123 1793; x_wconf 75' lang='grc' dir='ltr'>βαρούμενοι.</span> <span class='ocrx_word' id='word_1_676' title='bbox 3170 1720 3301 1776; x_wconf 76' lang='grc' dir='ltr'>Εἶτα</span> <span class='ocrx_word' id='word_1_677' title='bbox 3328 1724 3560 1785; x_wconf 71' lang='grc' dir='ltr'>δεικνὺς.</span> 
     </span>
    </p>
   </div>
   <div class='ocr_carea' id='block_1_84' title="bbox 1992 1806 3562 1878">
    <p class='ocr_par' dir='ltr' id='par_1_84' title="bbox 1992 1806 3562 1878">
     <span class='ocr_line' id='line_1_85' title="bbox 1992 1806 3562 1878; baseline 0.001 -18"><span class='ocrx_word' id='word_1_678' title='bbox 1992 1808 2074 1860; x_wconf 81' lang='grc' dir='ltr'>ὅτι</span> <span class='ocrx_word' id='word_1_679' title='bbox 2126 1808 2288 1869; x_wconf 75' lang='grc' dir='ltr'>αὑτὸς</span> <span class='ocrx_word' id='word_1_680' title='bbox 2338 1808 2445 1860; x_wconf 88' lang='grc' dir='ltr'>τῶν</span> <span class='ocrx_word' id='word_1_681' title='bbox 2475 1808 2681 1878; x_wconf 88' lang='grc' dir='ltr'>καιρῶν</span> <span class='ocrx_word' id='word_1_682' title='bbox 2716 1810 2813 1877; x_wconf 86' lang='grc' dir='ltr'>τῆς</span> <span class='ocrx_word' id='word_1_683' title='bbox 2856 1808 3169 1877; x_wconf 71' lang='grc' dir='ltr'>ἀναψύξεως</span> <span class='ocrx_word' id='word_1_684' title='bbox 3215 1806 3405 1871; x_wconf 82' lang='grc' dir='ltr'>αἴτιος,</span> <span class='ocrx_word' id='word_1_685' title='bbox 3453 1810 3562 1861; x_wconf 76' lang='grc' dir='ltr'>Καὶ</span> 
     </span>
    </p>
   </div>
   <div class='ocr_carea' id='block_1_85' title="bbox 1992 1892 3562 1961">
    <p class='ocr_par' dir='ltr' id='par_1_85' title="bbox 1992 1892 3562 1961">
     <span class='ocr_line' id='line_1_86' title="bbox 1992 1892 3562 1961; baseline 0.003 -18"><span class='ocrx_word' id='word_1_686' title='bbox 1992 1892 2343 1957; x_wconf 81' lang='grc' dir='ltr'>ἀποστείλῃ,</span> <span class='ocrx_word' id='word_1_687' title='bbox 2372 1892 2526 1960; x_wconf 77' lang='grc' dir='ltr'>φησὶ,</span> <span class='ocrx_word' id='word_1_688' title='bbox 2558 1892 2665 1943; x_wconf 78' lang='grc' dir='ltr'>τὸν</span> <span class='ocrx_word' id='word_1_689' title='bbox 2695 1892 3260 1960; x_wconf 76' lang='grc' dir='ltr'>προκεχειρισμένον</span> <span class='ocrx_word' id='word_1_690' title='bbox 3288 1893 3427 1960; x_wconf 82' lang='grc' dir='ltr'>ὑμῖν</span> <span class='ocrx_word' id='word_1_691' title='bbox 3448 1896 3562 1961; x_wconf 77' lang='grc' dir='ltr'>Ἰηο</span> 
     </span>
    </p>
   </div>
   <div class='ocr_carea' id='block_1_86' title="bbox 1993 1972 3565 2048">
    <p class='ocr_par' dir='ltr' id='par_1_86' title="bbox 1993 1972 3565 2048">
     <span class='ocr_line' id='line_1_87' title="bbox 1993 1972 3565 2048; baseline 0.003 -23"><span class='ocrx_word' id='word_1_692' title='bbox 1993 1972 2146 2026; x_wconf 85' lang='grc' dir='ltr'>σοῦν</span> <span class='ocrx_word' id='word_1_693' title='bbox 2164 1975 2437 2039; x_wconf 85' lang='grc' dir='ltr'>Χριστόν.</span> <span class='ocrx_word' id='word_1_694' title='bbox 2465 1976 2577 2027; x_wconf 83' lang='grc' dir='ltr'>Οὐκ</span> <span class='ocrx_word' id='word_1_695' title='bbox 2603 1972 2771 2039; x_wconf 79' lang='grc' dir='ltr'>εἶπεν,</span> <span class='ocrx_word' id='word_1_696' title='bbox 2816 1975 3134 2045; x_wconf 78' lang='grc' dir='ltr'>Ἐξαλειφθῇ</span> <span class='ocrx_word' id='word_1_697' title='bbox 3159 1976 3309 2044; x_wconf 86' lang='grc' dir='ltr'>ὑμῶν</span> <span class='ocrx_word' id='word_1_698' title='bbox 3334 1979 3365 2045; x_wconf 85' lang='grc' dir='ltr'>ή</span> <span class='ocrx_word' id='word_1_699' title='bbox 3394 1978 3565 2048; x_wconf 82' lang='grc' dir='ltr'>ἀμαρ-</span> 
     </span>
    </p>
   </div>
   <div class='ocr_carea' id='block_1_87' title="bbox 1992 2057 3559 2129">
    <p class='ocr_par' dir='ltr' id='par_1_87' title="bbox 1992 2057 3559 2129">
     <span class='ocr_line' id='line_1_88' title="bbox 1992 2057 3559 2129; baseline 0.003 -22"><span class='ocrx_word' id='word_1_700' title='bbox 1992 2057 2101 2117; x_wconf 88' lang='grc' dir='ltr'>τία,</span> <span class='ocrx_word' id='word_1_701' title='bbox 2140 2057 2275 2117; x_wconf 77' lang='grc' dir='ltr'>ἀλλ’,</span> <span class='ocrx_word' id='word_1_702' title='bbox 2337 2061 2405 2110; x_wconf 76' lang='grc' dir='ltr'>Αἱ</span> <span class='ocrx_word' id='word_1_703' title='bbox 2444 2059 2737 2125; x_wconf 79' lang='grc' dir='ltr'>ἁμαρτίαι,</span> <span class='ocrx_word' id='word_1_704' title='bbox 2790 2060 2883 2110; x_wconf 76' lang='grc' dir='ltr'>καὶ</span> <span class='ocrx_word' id='word_1_705' title='bbox 2926 2060 3138 2128; x_wconf 87' lang='grc' dir='ltr'>ἐκείνην</span> <span class='ocrx_word' id='word_1_706' title='bbox 3177 2061 3559 2129; x_wconf 85' lang='grc' dir='ltr'>αίνιττόμενος,</span> 
     </span>
    </p>
   </div>
   <div class='ocr_carea' id='block_1_88' title="bbox 2006 2139 3559 2207">
    <p class='ocr_par' dir='ltr' id='par_1_88' title="bbox 2006 2139 3559 2207">
     <span class='ocr_line' id='line_1_89' title="bbox 2006 2139 3559 2207; baseline 0.002 -15"><span class='ocrx_word' id='word_1_707' title='bbox 2006 2140 2371 2207; x_wconf 75' lang='grc' dir='ltr'>Ἀποστείλῃ.</span> <span class='ocrx_word' id='word_1_708' title='bbox 2411 2140 2581 2192; x_wconf 88' lang='grc' dir='ltr'>Τοῦτο</span> <span class='ocrx_word' id='word_1_709' title='bbox 2618 2139 2822 2200; x_wconf 77' lang='grc' dir='ltr'>εἰπὼν,</span> <span class='ocrx_word' id='word_1_710' title='bbox 2868 2142 2928 2193; x_wconf 91' lang='grc' dir='ltr'>οὑ</span> <span class='ocrx_word' id='word_1_711' title='bbox 2970 2141 3120 2207; x_wconf 88' lang='grc' dir='ltr'>λέγει</span> <span class='ocrx_word' id='word_1_712' title='bbox 3164 2142 3326 2194; x_wconf 87' lang='grc' dir='ltr'>πόθεν</span> <span class='ocrx_word' id='word_1_713' title='bbox 3355 2143 3559 2205; x_wconf 85' lang='grc' dir='ltr'>λοιπὸν,</span> 
     </span>
    </p>
   </div>
   <div class='ocr_carea' id='block_1_89' title="bbox 1993 2221 3557 2291">
    <p class='ocr_par' dir='ltr' id='par_1_89' title="bbox 1993 2221 3557 2291">
     <span class='ocr_line' id='line_1_90' title="bbox 1993 2221 3557 2291; baseline 0.003 -18"><span class='ocrx_word' id='word_1_714' title='bbox 1993 2221 2126 2274; x_wconf 86' lang='grc' dir='ltr'>ἀλλά</span> <span class='ocrx_word' id='word_1_715' title='bbox 2162 2222 2319 2289; x_wconf 90' lang='grc' dir='ltr'>μόνον</span> <span class='ocrx_word' id='word_1_716' title='bbox 2348 2222 2563 2289; x_wconf 87' lang='grc' dir='ltr'>ἐπάγει,</span> <span class='ocrx_word' id='word_1_717' title='bbox 2600 2225 2709 2275; x_wconf 88' lang='grc' dir='ltr'>Ὃν</span> <span class='ocrx_word' id='word_1_718' title='bbox 2728 2222 2819 2276; x_wconf 86' lang='grc' dir='ltr'>δεῖ</span> <span class='ocrx_word' id='word_1_719' title='bbox 2842 2224 3100 2289; x_wconf 82' lang='grc' dir='ltr'>οὐρανόν</span> <span class='ocrx_word' id='word_1_720' title='bbox 3114 2224 3229 2291; x_wconf 83' lang='grc' dir='ltr'>μὲν</span> <span class='ocrx_word' id='word_1_721' title='bbox 3253 2224 3557 2288; x_wconf 78' lang='grc' dir='ltr'>δέξασθαι.</span> 
     </span>
    </p>
   </div>
   <div class='ocr_carea' id='block_1_90' title="bbox 2006 2305 3562 2380">
    <p class='ocr_par' dir='ltr' id='par_1_90' title="bbox 2006 2305 3562 2380">
     <span class='ocr_line' id='line_1_91' title="bbox 2006 2305 3562 2380; baseline 0.005 -23"><span class='ocrx_word' id='word_1_722' title='bbox 2006 2305 2208 2375; x_wconf 81' lang='grc' dir='ltr'>Ἀκμὴν</span> <span class='ocrx_word' id='word_1_723' title='bbox 2254 2305 2523 2368; x_wconf 82' lang='grc' dir='ltr'>δέξασθαι.</span> <span class='ocrx_word' id='word_1_724' title='bbox 2567 2306 2675 2359; x_wconf 76' lang='grc' dir='ltr'>Καὶ</span> <span class='ocrx_word' id='word_1_725' title='bbox 2709 2307 2825 2370; x_wconf 88' lang='grc' dir='ltr'>πῶς</span> <span class='ocrx_word' id='word_1_726' title='bbox 2866 2309 2966 2361; x_wconf 90' lang='grc' dir='ltr'>οὑκ</span> <span class='ocrx_word' id='word_1_727' title='bbox 3008 2305 3179 2369; x_wconf 83' lang='grc' dir='ltr'>εἶπεν,</span> <span class='ocrx_word' id='word_1_728' title='bbox 3214 2311 3306 2362; x_wconf 91' lang='grc' dir='ltr'>Ὃν</span> <span class='ocrx_word' id='word_1_729' title='bbox 3340 2311 3562 2380; x_wconf 78' lang='grc' dir='ltr'>οὐρανὸς</span> 
     </span>
    </p>
   </div>
   <div class='ocr_carea' id='block_1_91' title="bbox 1993 2387 3561 2465">
    <p class='ocr_par' dir='ltr' id='par_1_91' title="bbox 1993 2387 3561 2465">
     <span class='ocr_line' id='line_1_92' title="bbox 1993 2387 3561 2465; baseline 0.004 -26"><span class='ocrx_word' id='word_1_730' title='bbox 1993 2387 2242 2452; x_wconf 80' lang='grc' dir='ltr'>ἐδέξατο;</span> <span class='ocrx_word' id='word_1_731' title='bbox 2274 2387 2440 2440; x_wconf 87' lang='grc' dir='ltr'>Τοῦτο</span> <span class='ocrx_word' id='word_1_732' title='bbox 2464 2390 2535 2451; x_wconf 85' lang='grc' dir='ltr'>ὡς</span> <span class='ocrx_word' id='word_1_733' title='bbox 2568 2389 2821 2459; x_wconf 71' lang='grc' dir='ltr'>περὶτῶν</span> <span class='ocrx_word' id='word_1_734' title='bbox 2851 2390 2962 2443; x_wconf 82' lang='grc' dir='ltr'>ἀνω</span> <span class='ocrx_word' id='word_1_735' title='bbox 3004 2391 3208 2461; x_wconf 77' lang='grc' dir='ltr'>χρόνων</span> <span class='ocrx_word' id='word_1_736' title='bbox 3250 2392 3561 2465; x_wconf 81' lang='grc' dir='ltr'>διαλεγόμε-</span> 
     </span>
    </p>
   </div>
   <div class='ocr_carea' id='block_1_92' title="bbox 1991 2467 3561 2544">
    <p class='ocr_par' dir='ltr' id='par_1_92' title="bbox 1991 2467 3561 2544">
     <span class='ocr_line' id='line_1_93' title="bbox 1991 2467 3561 2544; baseline 0.005 -21"><span class='ocrx_word' id='word_1_737' title='bbox 1991 2488 2078 2533; x_wconf 88' lang='grc' dir='ltr'>νος</span> <span class='ocrx_word' id='word_1_738' title='bbox 2105 2467 2275 2534; x_wconf 79' lang='grc' dir='ltr'>εἶπεν,</span> <span class='ocrx_word' id='word_1_739' title='bbox 2304 2472 2488 2534; x_wconf 74' lang='grc' dir='ltr'>Οὕτως</span> <span class='ocrx_word' id='word_1_740' title='bbox 2522 2472 2882 2543; x_wconf 80' lang='grc' dir='ltr'>ᾠκονόμηται,</span> <span class='ocrx_word' id='word_1_741' title='bbox 2908 2476 3087 2544; x_wconf 78' lang='grc' dir='ltr'>φησὶν,</span> <span class='ocrx_word' id='word_1_742' title='bbox 3131 2476 3271 2529; x_wconf 80' lang='grc' dir='ltr'>οὑτω</span> <span class='ocrx_word' id='word_1_743' title='bbox 3295 2467 3561 2532; x_wconf 82' lang='grc' dir='ltr'>συντέθει-</span> 
     </span>
    </p>
   </div>
   <div class='ocr_carea' id='block_1_93' title="bbox 1990 2552 3561 2628">
    <p class='ocr_par' dir='ltr' id='par_1_93' title="bbox 1990 2552 3561 2628">
     <span class='ocr_line' id='line_1_94' title="bbox 1990 2552 3561 2628; baseline 0.005 -23"><span class='ocrx_word' id='word_1_744' title='bbox 1990 2570 2079 2606; x_wconf 89' lang='grc' dir='ltr'>ται</span> <span class='ocrx_word' id='word_1_745' title='bbox 2114 2552 2169 2590; x_wconf 71' lang='grc' dir='ltr'>ί·</span> <span class='ocrx_word' id='word_1_746' title='bbox 2202 2556 2327 2625; x_wconf 77' lang='grc' dir='ltr'>περὶ</span> <span class='ocrx_word' id='word_1_747' title='bbox 2354 2554 2412 2607; x_wconf 85' lang='grc' dir='ltr'>δέ</span> <span class='ocrx_word' id='word_1_748' title='bbox 2442 2558 2539 2626; x_wconf 83' lang='grc' dir='ltr'>τῆς</span> <span class='ocrx_word' id='word_1_749' title='bbox 2586 2556 2801 2609; x_wconf 76' lang='grc' dir='ltr'>αἰωνίου</span> <span class='ocrx_word' id='word_1_750' title='bbox 2843 2557 3126 2628; x_wconf 78' lang='grc' dir='ltr'>ὑπάρξεως</span> <span class='ocrx_word' id='word_1_751' title='bbox 3162 2560 3325 2612; x_wconf 86' lang='grc' dir='ltr'>αὑτοῦ</span> <span class='ocrx_word' id='word_1_752' title='bbox 3355 2562 3561 2615; x_wconf 83' lang='grc' dir='ltr'>οὑδέπω</span> 
     </span>
    </p>
   </div>
   <div class='ocr_carea' id='block_1_94' title="bbox 1994 2637 3560 2716">
    <p class='ocr_par' dir='ltr' id='par_1_94' title="bbox 1994 2637 3560 2716">
     <span class='ocr_line' id='line_1_95' title="bbox 1994 2637 3560 2716; baseline 0.007 -29"><span class='ocrx_word' id='word_1_753' title='bbox 1994 2637 2174 2706; x_wconf 75' lang='grc' dir='ltr'>φησὶν,</span> <span class='ocrx_word' id='word_1_754' title='bbox 2201 2637 2311 2689; x_wconf 89' lang='grc' dir='ltr'>ἀλλ’</span> <span class='ocrx_word' id='word_1_755' title='bbox 2340 2638 2418 2690; x_wconf 78' lang='grc' dir='ltr'>ἔτι</span> <span class='ocrx_word' id='word_1_756' title='bbox 2441 2642 2551 2702; x_wconf 86' lang='grc' dir='ltr'>τοῖς</span> <span class='ocrx_word' id='word_1_757' title='bbox 2583 2642 2679 2710; x_wconf 85' lang='grc' dir='ltr'>τῆς</span> <span class='ocrx_word' id='word_1_758' title='bbox 2708 2642 3014 2711; x_wconf 72' lang='grc' dir='ltr'>οἰκονομίας</span> <span class='ocrx_word' id='word_1_759' title='bbox 3039 2642 3212 2711; x_wconf 83' lang='grc' dir='ltr'>λόγοις</span> <span class='ocrx_word' id='word_1_760' title='bbox 3244 2645 3560 2716; x_wconf 78' lang='grc' dir='ltr'>ἐνδιατρίϐει</span> 
     </span>
    </p>
   </div>
   <div class='ocr_carea' id='block_1_95' title="bbox 1996 2719 3562 2793">
    <p class='ocr_par' dir='ltr' id='par_1_95' title="bbox 1996 2719 3562 2793">
     <span class='ocr_line' id='line_1_96' title="bbox 1996 2719 3562 2793; baseline 0.007 -21"><span class='ocrx_word' id='word_1_761' title='bbox 1996 2721 2089 2772; x_wconf 74' lang='grc' dir='ltr'>καὶ</span> <span class='ocrx_word' id='word_1_762' title='bbox 2112 2720 2285 2787; x_wconf 83' lang='grc' dir='ltr'>λέγει·</span> <span class='ocrx_word' id='word_1_763' title='bbox 2326 2719 2548 2788; x_wconf 81' lang='grc' dir='ltr'>Μωσῆς</span> <span class='ocrx_word' id='word_1_764' title='bbox 2572 2722 2688 2789; x_wconf 83' lang='grc' dir='ltr'>μὲν</span> <span class='ocrx_word' id='word_1_765' title='bbox 2726 2723 2832 2792; x_wconf 80' lang='grc' dir='ltr'>γὰρ</span> <span class='ocrx_word' id='word_1_766' title='bbox 2866 2719 2995 2777; x_wconf 74' lang='grc' dir='ltr'>εἷπε</span> <span class='ocrx_word' id='word_1_767' title='bbox 3050 2725 3199 2792; x_wconf 78' lang='grc' dir='ltr'>πρὸς</span> <span class='ocrx_word' id='word_1_768' title='bbox 3223 2727 3361 2793; x_wconf 75' lang='grc' dir='ltr'>τοὺς</span> <span class='ocrx_word' id='word_1_769' title='bbox 3386 2729 3562 2783; x_wconf 84' lang='grc' dir='ltr'>πατέ-</span> 
     </span>
    </p>
   </div>
   <div class='ocr_carea' id='block_1_96' title="bbox 1996 2802 3562 2877">
    <p class='ocr_par' dir='ltr' id='par_1_96' title="bbox 1996 2802 3562 2877">
     <span class='ocr_line' id='line_1_97' title="bbox 1996 2802 3562 2877; baseline 0.006 -24"><span class='ocrx_word' id='word_1_770' title='bbox 1996 2819 2130 2869; x_wconf 85' lang='grc' dir='ltr'>ρας,</span> <span class='ocrx_word' id='word_1_771' title='bbox 2170 2802 2258 2854; x_wconf 83' lang='grc' dir='ltr'>ὄτι</span> <span class='ocrx_word' id='word_1_772' title='bbox 2290 2802 2611 2870; x_wconf 65' lang='grc' dir='ltr'>Προφήτην</span> <span class='ocrx_word' id='word_1_773' title='bbox 2641 2804 2781 2873; x_wconf 70' lang='grc' dir='ltr'>ὑμῖν</span> <span class='ocrx_word' id='word_1_774' title='bbox 2810 2805 3139 2870; x_wconf 78' lang='grc' dir='ltr'>ἀναστήσει</span> <span class='ocrx_word' id='word_1_775' title='bbox 3170 2810 3400 2877; x_wconf 79' lang='grc' dir='ltr'>Κύριος.</span> <span class='ocrx_word' id='word_1_776' title='bbox 3428 2807 3562 2864; x_wconf 78' lang='grc' dir='ltr'>Εἶτα</span> 
     </span>
    </p>
   </div>
   <div class='ocr_carea' id='block_1_97' title="bbox 1995 2884 3559 2958">
    <p class='ocr_par' dir='ltr' id='par_1_97' title="bbox 1995 2884 3559 2958">
     <span class='ocr_line' id='line_1_98' title="bbox 1995 2884 3559 2958; baseline 0.005 -21"><span class='ocrx_word' id='word_1_777' title='bbox 1995 2886 2249 2953; x_wconf 83' lang='grc' dir='ltr'>ἀνωτέρω</span> <span class='ocrx_word' id='word_1_778' title='bbox 2300 2884 2485 2949; x_wconf 84' lang='grc' dir='ltr'>εἰπὼν,</span> <span class='ocrx_word' id='word_1_779' title='bbox 2532 2887 2690 2953; x_wconf 74' lang='grc' dir='ltr'>Ἄχρι</span> <span class='ocrx_word' id='word_1_780' title='bbox 2745 2887 2977 2955; x_wconf 77' lang='grc' dir='ltr'>χρόνων</span> <span class='ocrx_word' id='word_1_781' title='bbox 3017 2890 3559 2958; x_wconf 78' lang='grc' dir='ltr'>ἀποκαταστάσεως</span> 
     </span>
    </p>
   </div>
   <div class='ocr_carea' id='block_1_98' title="bbox 1995 2959 3560 3039">
    <p class='ocr_par' dir='ltr' id='par_1_98' title="bbox 1995 2959 3560 3039">
     <span class='ocr_line' id='line_1_99' title="bbox 1995 2959 3560 3039; baseline 0.006 -20"><span class='ocrx_word' id='word_1_782' title='bbox 1995 2966 2251 3031; x_wconf 82' lang='grc' dir='ltr'>πάντων,</span> <span class='ocrx_word' id='word_1_783' title='bbox 2277 2959 2364 3020; x_wconf 86' lang='grc' dir='ltr'>ὧν</span> <span class='ocrx_word' id='word_1_784' title='bbox 2388 2968 2693 3035; x_wconf 79' lang='grc' dir='ltr'>ἐλάλησεν</span> <span class='ocrx_word' id='word_1_785' title='bbox 2724 2973 2755 3021; x_wconf 86' lang='grc' dir='ltr'>ό</span> <span class='ocrx_word' id='word_1_786' title='bbox 2787 2970 2928 3035; x_wconf 77' lang='grc' dir='ltr'>Θεὸς</span> <span class='ocrx_word' id='word_1_787' title='bbox 2957 2970 3051 3022; x_wconf 82' lang='grc' dir='ltr'>διὰ</span> <span class='ocrx_word' id='word_1_788' title='bbox 3084 2974 3377 3039; x_wconf 84' lang='grc' dir='ltr'>στόματος</span> <span class='ocrx_word' id='word_1_789' title='bbox 3408 2976 3560 3028; x_wconf 85' lang='grc' dir='ltr'>πάν-</span> 
     </span>
    </p>
   </div>
   <div class='ocr_carea' id='block_1_99' title="bbox 1994 3050 3561 3121">
    <p class='ocr_par' dir='ltr' id='par_1_99' title="bbox 1994 3050 3561 3121">
     <span class='ocr_line' id='line_1_100' title="bbox 1994 3050 3561 3121; baseline 0.005 -19"><span class='ocrx_word' id='word_1_790' title='bbox 1994 3066 2110 3102; x_wconf 89' lang='grc' dir='ltr'>των</span> <span class='ocrx_word' id='word_1_791' title='bbox 2140 3050 2257 3103; x_wconf 87' lang='grc' dir='ltr'>τῶν</span> <span class='ocrx_word' id='word_1_792' title='bbox 2275 3050 2456 3118; x_wconf 75' lang='grc' dir='ltr'>ἁγίων</span> <span class='ocrx_word' id='word_1_793' title='bbox 2475 3051 2661 3105; x_wconf 84' lang='grc' dir='ltr'><em>αὐτοῦ</em></span> <span class='ocrx_word' id='word_1_794' title='bbox 2684 3052 3001 3120; x_wconf 58' lang='grc' dir='ltr'>προφητῶν</span> <span class='ocrx_word' id='word_1_795' title='bbox 3026 3054 3125 3106; x_wconf 74' lang='grc' dir='ltr'>ἀπ’</span> <span class='ocrx_word' id='word_1_796' title='bbox 3151 3052 3381 3121; x_wconf 79' lang='grc' dir='ltr'>αἰῶνος,</span> <span class='ocrx_word' id='word_1_797' title='bbox 3400 3057 3561 3110; x_wconf 81' lang='grc' dir='ltr'>αὑτὸν</span> 
     </span>
    </p>
   </div>
   <div class='ocr_carea' id='block_1_100' title="bbox 1995 3131 3557 3209">
    <p class='ocr_par' dir='ltr' id='par_1_100' title="bbox 1995 3131 3557 3209">
     <span class='ocr_line' id='line_1_101' title="bbox 1995 3131 3557 3209; baseline 0.006 -24"><span class='ocrx_word' id='word_1_798' title='bbox 1995 3134 2201 3201; x_wconf 80' lang='grc' dir='ltr'>εἰσάγει</span> <span class='ocrx_word' id='word_1_799' title='bbox 2230 3131 2414 3186; x_wconf 83' lang='grc' dir='ltr'>λοιπὸν</span> <span class='ocrx_word' id='word_1_800' title='bbox 2441 3133 2529 3186; x_wconf 85' lang='grc' dir='ltr'>τὸν</span> <span class='ocrx_word' id='word_1_801' title='bbox 2554 3134 2803 3204; x_wconf 84' lang='grc' dir='ltr'>Χριστόν.</span> <span class='ocrx_word' id='word_1_802' title='bbox 2840 3136 2900 3187; x_wconf 86' lang='grc' dir='ltr'>Εἰ</span> <span class='ocrx_word' id='word_1_803' title='bbox 2930 3134 3036 3203; x_wconf 82' lang='grc' dir='ltr'>γὰρ</span> <span class='ocrx_word' id='word_1_804' title='bbox 3082 3136 3250 3191; x_wconf 84' lang='grc' dir='ltr'>πολλά</span> <span class='ocrx_word' id='word_1_805' title='bbox 3279 3143 3557 3209; x_wconf 88' lang='grc' dir='ltr'>προεῖπεν,</span> 
     </span>
    </p>
   </div>
   <div class='ocr_carea' id='block_1_101' title="bbox 1994 3217 3562 3291">
    <p class='ocr_par' dir='ltr' id='par_1_101' title="bbox 1994 3217 3562 3291">
     <span class='ocr_line' id='line_1_102' title="bbox 1994 3217 3562 3291; baseline 0.004 -19"><span class='ocrx_word' id='word_1_806' title='bbox 1994 3218 2158 3272; x_wconf 87' lang='grc' dir='ltr'>αὑτοῦ</span> <span class='ocrx_word' id='word_1_807' title='bbox 2184 3217 2241 3270; x_wconf 87' lang='grc' dir='ltr'>δὲ</span> <span class='ocrx_word' id='word_1_808' title='bbox 2266 3217 2483 3271; x_wconf 85' lang='grc' dir='ltr'>ἀκούειν</span> <span class='ocrx_word' id='word_1_809' title='bbox 2502 3218 2626 3287; x_wconf 80' lang='grc' dir='ltr'>χρὴ,</span> <span class='ocrx_word' id='word_1_810' title='bbox 2659 3219 2759 3270; x_wconf 89' lang='grc' dir='ltr'>οὑκ</span> <span class='ocrx_word' id='word_1_811' title='bbox 2780 3218 2843 3271; x_wconf 82' lang='grc' dir='ltr'>ἄν</span> <span class='ocrx_word' id='word_1_812' title='bbox 2875 3237 2958 3282; x_wconf 87' lang='grc' dir='ltr'>τις</span> <span class='ocrx_word' id='word_1_813' title='bbox 2992 3220 3226 3291; x_wconf 83' lang='grc' dir='ltr'>ἁμάρτοι</span> <span class='ocrx_word' id='word_1_814' title='bbox 3249 3223 3419 3276; x_wconf 90' lang='grc' dir='ltr'>ταῦτα</span> <span class='ocrx_word' id='word_1_815' title='bbox 3434 3226 3562 3289; x_wconf 78' lang='grc' dir='ltr'>τοὺς</span> 
     </span>
    </p>
   </div>
   <div class='ocr_carea' id='block_1_102' title="bbox 1996 3301 2804 3371">
    <p class='ocr_par' dir='ltr' id='par_1_102' title="bbox 1996 3301 2804 3371">
     <span class='ocr_line' id='line_1_103' title="bbox 1996 3301 2804 3371; baseline 0.001 -18"><span class='ocrx_word' id='word_1_816' title='bbox 1996 3302 2278 3371; x_wconf 77' lang='grc' dir='ltr'>προφήτας</span> <span class='ocrx_word' id='word_1_817' title='bbox 2310 3302 2585 3371; x_wconf 73' lang='grc' dir='ltr'>εἰρηκέναι</span> <span class='ocrx_word' id='word_1_818' title='bbox 2614 3301 2804 3369; x_wconf 88' lang='grc' dir='ltr'>λέγων.</span> 
     </span>
    </p>
   </div>
   <div class='ocr_carea' id='block_1_103' title="bbox 2063 3382 3562 3454">
    <p class='ocr_par' dir='ltr' id='par_1_103' title="bbox 2063 3382 3562 3454">
     <span class='ocr_line' id='line_1_104' title="bbox 2063 3382 3562 3454; baseline 0.007 -19"><span class='ocrx_word' id='word_1_819' title='bbox 2063 3384 2126 3436; x_wconf 85' lang='grc' dir='ltr'>δ’.</span> <span class='ocrx_word' id='word_1_820' title='bbox 2310 3384 2515 3447; x_wconf 75' lang='grc' dir='ltr'>’Ἄλλως</span> <span class='ocrx_word' id='word_1_821' title='bbox 2535 3385 2590 3437; x_wconf 85' lang='grc' dir='ltr'>δὲ</span> <span class='ocrx_word' id='word_1_822' title='bbox 2619 3383 2759 3438; x_wconf 88' lang='grc' dir='ltr'>θέλει</span> <span class='ocrx_word' id='word_1_823' title='bbox 2808 3384 2994 3450; x_wconf 87' lang='grc' dir='ltr'>δεῖξαι,</span> <span class='ocrx_word' id='word_1_824' title='bbox 3022 3388 3100 3438; x_wconf 76' lang='grc' dir='ltr'>ὅτι</span> <span class='ocrx_word' id='word_1_825' title='bbox 3126 3388 3194 3440; x_wconf 77' lang='grc' dir='ltr'>τὰ</span> <span class='ocrx_word' id='word_1_826' title='bbox 3237 3390 3373 3443; x_wconf 87' lang='grc' dir='ltr'>αὑτὰ</span> <span class='ocrx_word' id='word_1_827' title='bbox 3398 3391 3487 3443; x_wconf 76' lang='grc' dir='ltr'>καὶ</span> <span class='ocrx_word' id='word_1_828' title='bbox 3513 3394 3562 3445; x_wconf 83' lang='grc' dir='ltr'>οἱ</span> 
     </span>
    </p>
   </div>
   <div class='ocr_carea' id='block_1_104' title="bbox 1995 3467 3562 3545">
    <p class='ocr_par' dir='ltr' id='par_1_104' title="bbox 1995 3467 3562 3545">
     <span class='ocr_line' id='line_1_105' title="bbox 1995 3467 3562 3545; baseline 0.006 -27"><span class='ocrx_word' id='word_1_829' title='bbox 1995 3467 2269 3536; x_wconf 78' lang='grc' dir='ltr'>προφῆται</span> <span class='ocrx_word' id='word_1_830' title='bbox 2287 3471 2563 3537; x_wconf 89' lang='grc' dir='ltr'>προεῖπον.</span> <span class='ocrx_word' id='word_1_831' title='bbox 2586 3469 2697 3521; x_wconf 87' lang='grc' dir='ltr'>Κάν</span> <span class='ocrx_word' id='word_1_832' title='bbox 2720 3486 2801 3532; x_wconf 90' lang='grc' dir='ltr'>τις</span> <span class='ocrx_word' id='word_1_833' title='bbox 2819 3470 3060 3541; x_wconf 73' lang='grc' dir='ltr'>ἀκριϐῶς</span> <span class='ocrx_word' id='word_1_834' title='bbox 3081 3471 3325 3545; x_wconf 79' lang='grc' dir='ltr'>ἐξετάζῃ,</span> <span class='ocrx_word' id='word_1_835' title='bbox 3342 3474 3562 3545; x_wconf 82' lang='grc' dir='ltr'>εὑρήσει</span> 
     </span>
    </p>
   </div>
   <div class='ocr_carea' id='block_1_105' title="bbox 1994 3550 3562 3624">
    <p class='ocr_par' dir='ltr' id='par_1_105' title="bbox 1994 3550 3562 3624">
     <span class='ocr_line' id='line_1_106' title="bbox 1994 3550 3562 3624; baseline 0.006 -23"><span class='ocrx_word' id='word_1_836' title='bbox 1994 3550 2087 3603; x_wconf 73' lang='grc' dir='ltr'>καὶ</span> <span class='ocrx_word' id='word_1_837' title='bbox 2116 3551 2173 3602; x_wconf 88' lang='grc' dir='ltr'>ἐν</span> <span class='ocrx_word' id='word_1_838' title='bbox 2194 3553 2258 3621; x_wconf 82' lang='grc' dir='ltr'>τῇ</span> <span class='ocrx_word' id='word_1_839' title='bbox 2296 3552 2505 3622; x_wconf 84' lang='grc' dir='ltr'>Παλαιᾷ</span> <span class='ocrx_word' id='word_1_840' title='bbox 2529 3552 2781 3623; x_wconf 87' lang='grc' dir='ltr'>ἀμυδρῶς</span> <span class='ocrx_word' id='word_1_841' title='bbox 2818 3553 2935 3623; x_wconf 85' lang='grc' dir='ltr'>μὲν,</span> <span class='ocrx_word' id='word_1_842' title='bbox 2986 3555 3245 3624; x_wconf 83' lang='grc' dir='ltr'>εἰρημένα</span> <span class='ocrx_word' id='word_1_843' title='bbox 3278 3557 3333 3608; x_wconf 87' lang='grc' dir='ltr'>δέ</span> <span class='ocrx_word' id='word_1_844' title='bbox 3356 3571 3370 3586; x_wconf 84' lang='lat'><strong>&#39;</strong></span> <span class='ocrx_word' id='word_1_845' title='bbox 3422 3558 3562 3611; x_wconf 83' lang='grc' dir='ltr'>ὥστε</span> 
     </span>
    </p>
   </div>
   <div class='ocr_carea' id='block_1_106' title="bbox 1993 3632 3560 3709">
    <p class='ocr_par' dir='ltr' id='par_1_106' title="bbox 1993 3632 3560 3709">
     <span class='ocr_line' id='line_1_107' title="bbox 1993 3632 3560 3709; baseline 0.007 -25"><span class='ocrx_word' id='word_1_846' title='bbox 1993 3632 2140 3685; x_wconf 81' lang='grc' dir='ltr'>οὐδὲν</span> <span class='ocrx_word' id='word_1_847' title='bbox 2164 3635 2443 3704; x_wconf 88' lang='grc' dir='ltr'>νεώτερον.</span> <span class='ocrx_word' id='word_1_848' title='bbox 2472 3634 2579 3687; x_wconf 84' lang='grc' dir='ltr'>Τὸν</span> <span class='ocrx_word' id='word_1_849' title='bbox 2605 3635 3186 3704; x_wconf 81' lang='grc' dir='ltr'>προκεχειρισμένον,</span> <span class='ocrx_word' id='word_1_850' title='bbox 3209 3641 3390 3709; x_wconf 86' lang='grc' dir='ltr'>φησίν.</span> <span class='ocrx_word' id='word_1_851' title='bbox 3441 3640 3560 3695; x_wconf 82' lang='grc' dir='ltr'>Ἐν-</span> 
     </span>
    </p>
   </div>
   <div class='ocr_carea' id='block_1_107' title="bbox 1993 3716 3558 3792">
    <p class='ocr_par' dir='ltr' id='par_1_107' title="bbox 1993 3716 3558 3792">
     <span class='ocr_line' id='line_1_108' title="bbox 1993 3716 3558 3792; baseline 0.007 -25"><span class='ocrx_word' id='word_1_852' title='bbox 1993 3716 2162 3768; x_wconf 88' lang='grc' dir='ltr'>ταῦθα</span> <span class='ocrx_word' id='word_1_853' title='bbox 2188 3716 2382 3780; x_wconf 79' lang='grc' dir='ltr'>αὑτοὺς</span> <span class='ocrx_word' id='word_1_854' title='bbox 2409 3718 2503 3770; x_wconf 72' lang='grc' dir='ltr'>καὶ</span> <span class='ocrx_word' id='word_1_855' title='bbox 2541 3719 2715 3785; x_wconf 81' lang='grc' dir='ltr'>φοϐεῖ,</span> <span class='ocrx_word' id='word_1_856' title='bbox 2749 3718 2824 3781; x_wconf 84' lang='grc' dir='ltr'>ὡς</span> <span class='ocrx_word' id='word_1_857' title='bbox 2851 3719 3060 3773; x_wconf 88' lang='grc' dir='ltr'>πολλῶν</span> <span class='ocrx_word' id='word_1_858' title='bbox 3101 3721 3558 3792; x_wconf 89' lang='grc' dir='ltr'>ὑπολειπομένων.</span> 
     </span>
    </p>
   </div>
   <div class='ocr_carea' id='block_1_108' title="bbox 1998 3794 3563 3873">
    <p class='ocr_par' dir='ltr' id='par_1_108' title="bbox 1998 3794 3563 3873">
     <span class='ocr_line' id='line_1_109' title="bbox 1998 3794 3563 3873; baseline 0.006 -24"><span class='ocrx_word' id='word_1_859' title='bbox 1998 3798 2120 3859; x_wconf 88' lang='grc' dir='ltr'>Πῶς</span> <span class='ocrx_word' id='word_1_860' title='bbox 2139 3794 2229 3850; x_wconf 77' lang='grc' dir='ltr'>οὖν</span> <span class='ocrx_word' id='word_1_861' title='bbox 2250 3798 2452 3866; x_wconf 78' lang='grc' dir='ltr'>ἔλεγεν,</span> <span class='ocrx_word' id='word_1_862' title='bbox 2479 3800 2864 3867; x_wconf 81' lang='grc' dir='ltr'>Ἐπλήρωσεν</span> <span class='ocrx_word' id='word_1_863' title='bbox 2883 3801 2919 3855; x_wconf 82' lang='grc' dir='ltr'>ἀ</span> <span class='ocrx_word' id='word_1_864' title='bbox 2939 3802 3057 3856; x_wconf 74' lang='grc' dir='ltr'>ἔδει</span> <span class='ocrx_word' id='word_1_865' title='bbox 3078 3805 3288 3857; x_wconf 84' lang='grc' dir='ltr'>παθεῖν</span> <span class='ocrx_word' id='word_1_866' title='bbox 3305 3823 3323 3868; x_wconf 89' lang='grc'><strong><em>;</em></strong></span> <span class='ocrx_word' id='word_1_867' title='bbox 3354 3808 3563 3873; x_wconf 78' lang='grc' dir='ltr'>Ἐπλη-</span> 
     </span>
    </p>
   </div>
   <div class='ocr_carea' id='block_1_109' title="bbox 1988 3877 3563 3960">
    <p class='ocr_par' dir='ltr' id='par_1_109' title="bbox 1988 3877 3563 3960">
     <span class='ocr_line' id='line_1_110' title="bbox 1988 3877 3563 3960; baseline 0.007 -27"><span class='ocrx_word' id='word_1_868' title='bbox 1988 3898 2206 3948; x_wconf 85' lang='grc' dir='ltr'>ρωσεν,</span> <span class='ocrx_word' id='word_1_869' title='bbox 2234 3877 2406 3943; x_wconf 75' lang='grc' dir='ltr'>εἶπεν,</span> <span class='ocrx_word' id='word_1_870' title='bbox 2433 3884 2552 3941; x_wconf 88' lang='grc' dir='ltr'>οὑκ,</span> <span class='ocrx_word' id='word_1_871' title='bbox 2595 3883 2914 3953; x_wconf 85' lang='grc' dir='ltr'>Ἐπληρώθη</span> <span class='ocrx_word' id='word_1_872' title='bbox 2939 3902 2949 3916; x_wconf 71' lang='grc' dir='ltr'><strong>ο</strong></span> <span class='ocrx_word' id='word_1_873' title='bbox 2986 3886 3197 3949; x_wconf 78' lang='grc' dir='ltr'>δεικνὺς</span> <span class='ocrx_word' id='word_1_874' title='bbox 3222 3927 3237 3950; x_wconf 94' lang='grc'>,</span> <span class='ocrx_word' id='word_1_875' title='bbox 3282 3891 3363 3942; x_wconf 83' lang='grc' dir='ltr'>ὅτι</span> <span class='ocrx_word' id='word_1_876' title='bbox 3390 3890 3425 3942; x_wconf 83' lang='grc' dir='ltr'>δι</span> <span class='ocrx_word' id='word_1_877' title='bbox 3461 3892 3563 3960; x_wconf 88' lang='grc' dir='ltr'>μὲν</span> 
     </span>
    </p>
   </div>
   <div class='ocr_carea' id='block_1_110' title="bbox 1997 3963 3561 4035">
    <p class='ocr_par' dir='ltr' id='par_1_110' title="bbox 1997 3963 3561 4035">
     <span class='ocr_line' id='line_1_111' title="bbox 1997 3963 3561 4035; baseline 0.008 -21"><span class='ocrx_word' id='word_1_878' title='bbox 1997 3963 2159 4034; x_wconf 80' lang='grc' dir='ltr'>ἐχρῆν</span> <span class='ocrx_word' id='word_1_879' title='bbox 2208 3964 2419 4023; x_wconf 85' lang='grc' dir='ltr'>παθεῖν,</span> <span class='ocrx_word' id='word_1_880' title='bbox 2467 3964 2814 4035; x_wconf 82' lang='grc' dir='ltr'>ἐπλήρωσεν’</span> <span class='ocrx_word' id='word_1_881' title='bbox 2850 3965 2885 4019; x_wconf 80' lang='grc' dir='ltr'>ἃ</span> <span class='ocrx_word' id='word_1_882' title='bbox 2917 3966 2973 4019; x_wconf 85' lang='grc' dir='ltr'>δέ</span> <span class='ocrx_word' id='word_1_883' title='bbox 3011 3968 3258 4035; x_wconf 87' lang='grc' dir='ltr'>γενέσθαι</span> <span class='ocrx_word' id='word_1_884' title='bbox 3318 3972 3561 4027; x_wconf 87' lang='grc' dir='ltr'>λείπεται</span> 
     </span>
    </p>
   </div>
   <div class='ocr_carea' id='block_1_111' title="bbox 1997 4045 3561 4123">
    <p class='ocr_par' dir='ltr' id='par_1_111' title="bbox 1997 4045 3561 4123">
     <span class='ocr_line' id='line_1_112' title="bbox 1997 4045 3561 4123; baseline 0.007 -26"><span class='ocrx_word' id='word_1_885' title='bbox 1997 4045 2095 4107; x_wconf 82' lang='grc' dir='ltr'>ἐτι,</span> <span class='ocrx_word' id='word_1_886' title='bbox 2126 4046 2353 4099; x_wconf 85' lang='grc' dir='ltr'>οὑδέπω.</span> <span class='ocrx_word' id='word_1_887' title='bbox 2393 4046 2711 4123; x_wconf 64' lang='grc' dir='ltr'>Προφήτην</span> <span class='ocrx_word' id='word_1_888' title='bbox 2729 4048 2873 4113; x_wconf 81' lang='grc' dir='ltr'>ὑμῖν</span> <span class='ocrx_word' id='word_1_889' title='bbox 2903 4048 3235 4115; x_wconf 83' lang='grc' dir='ltr'>ἀναστήσει</span> <span class='ocrx_word' id='word_1_890' title='bbox 3269 4054 3483 4121; x_wconf 82' lang='grc' dir='ltr'>Κύριος</span> <span class='ocrx_word' id='word_1_891' title='bbox 3527 4060 3561 4109; x_wconf 87' lang='grc' dir='ltr'>ό</span> 
     </span>
    </p>
   </div>
   <div class='ocr_carea' id='block_1_112' title="bbox 1999 4127 3561 4204">
    <p class='ocr_par' dir='ltr' id='par_1_112' title="bbox 1999 4127 3561 4204">
     <span class='ocr_line' id='line_1_113' title="bbox 1999 4127 3561 4204; baseline 0.006 -23"><span class='ocrx_word' id='word_1_892' title='bbox 1999 4129 2139 4193; x_wconf 82' lang='grc' dir='ltr'>Θεός</span> <span class='ocrx_word' id='word_1_893' title='bbox 2170 4129 2237 4182; x_wconf 84' lang='grc' dir='ltr'>ἐκ</span> <span class='ocrx_word' id='word_1_894' title='bbox 2272 4127 2388 4181; x_wconf 87' lang='grc' dir='ltr'>τῶν</span> <span class='ocrx_word' id='word_1_895' title='bbox 2440 4129 2716 4198; x_wconf 64' lang='grc' dir='ltr'>ἀδελφῶν</span> <span class='ocrx_word' id='word_1_896' title='bbox 2742 4129 2905 4198; x_wconf 83' lang='grc' dir='ltr'>ὑμῶν</span> <span class='ocrx_word' id='word_1_897' title='bbox 2929 4132 3007 4197; x_wconf 87' lang='grc' dir='ltr'>ὼς</span> <span class='ocrx_word' id='word_1_898' title='bbox 3050 4133 3171 4200; x_wconf 84' lang='grc' dir='ltr'>ἐμέ.</span> <span class='ocrx_word' id='word_1_899' title='bbox 3230 4135 3295 4185; x_wconf 89' lang='grc' dir='ltr'>Ὃ</span> <span class='ocrx_word' id='word_1_900' title='bbox 3332 4137 3561 4204; x_wconf 87' lang='grc' dir='ltr'>μάλιστα</span> 
     </span>
    </p>
   </div>
   <div class='ocr_carea' id='block_1_113' title="bbox 1996 4210 3559 4292">
    <p class='ocr_par' dir='ltr' id='par_1_113' title="bbox 1996 4210 3559 4292">
     <span class='ocr_line' id='line_1_114' title="bbox 1996 4210 3559 4292; baseline 0.005 -29"><span class='ocrx_word' id='word_1_901' title='bbox 1996 4210 2250 4281; x_wconf 77' lang='grc' dir='ltr'>ᾠκειοῦτο</span> <span class='ocrx_word' id='word_1_902' title='bbox 2271 4212 2484 4275; x_wconf 84' lang='grc' dir='ltr'>αὑτοὺς,</span> <span class='ocrx_word' id='word_1_903' title='bbox 2510 4212 2676 4280; x_wconf 88' lang='grc' dir='ltr'>λέγει.</span> <span class='ocrx_word' id='word_1_904' title='bbox 2719 4214 2898 4283; x_wconf 82' lang='grc' dir='ltr'>Ὁρᾷς,</span> <span class='ocrx_word' id='word_1_905' title='bbox 2922 4215 3035 4278; x_wconf 84' lang='grc' dir='ltr'>πῶς</span> <span class='ocrx_word' id='word_1_906' title='bbox 3057 4216 3283 4269; x_wconf 83' lang='grc' dir='ltr'>ταπεινά</span> <span class='ocrx_word' id='word_1_907' title='bbox 3305 4219 3397 4269; x_wconf 69' lang='grc' dir='ltr'>καὶ</span> <span class='ocrx_word' id='word_1_908' title='bbox 3425 4220 3559 4292; x_wconf 78' lang='grc' dir='ltr'>ὑψη-</span> 
     </span>
    </p>
   </div>
   <div class='ocr_carea' id='block_1_114' title="bbox 1995 4295 3558 4370">
    <p class='ocr_par' dir='ltr' id='par_1_114' title="bbox 1995 4295 3558 4370">
     <span class='ocr_line' id='line_1_115' title="bbox 1995 4295 3558 4370; baseline 0.006 -23"><span class='ocrx_word' id='word_1_909' title='bbox 1995 4295 2061 4347; x_wconf 83' lang='grc' dir='ltr'>λὰ</span> <span class='ocrx_word' id='word_1_910' title='bbox 2110 4295 2468 4365; x_wconf 89' lang='grc' dir='ltr'>παρασπείρει</span> <span class='ocrx_word' id='word_1_911' title='bbox 2503 4306 2527 4343; x_wconf 79' lang='grc' dir='ltr'>ις</span> <span class='ocrx_word' id='word_1_912' title='bbox 2554 4313 2567 4360; x_wconf 89' lang='grc'>;</span> <span class='ocrx_word' id='word_1_913' title='bbox 2602 4297 2864 4349; x_wconf 82' lang='grc' dir='ltr'>Ταπεινὸν</span> <span class='ocrx_word' id='word_1_914' title='bbox 2925 4296 3032 4368; x_wconf 90' lang='grc' dir='ltr'>γάρ</span> <span class='ocrx_word' id='word_1_915' title='bbox 3064 4297 3154 4350; x_wconf 69' lang='grc' dir='ltr'>καὶ</span> <span class='ocrx_word' id='word_1_916' title='bbox 3185 4300 3403 4370; x_wconf 75' lang='grc' dir='ltr'>ὑψηλὸν,</span> <span class='ocrx_word' id='word_1_917' title='bbox 3456 4306 3503 4356; x_wconf 87' lang='grc' dir='ltr'>εἰ</span> <span class='ocrx_word' id='word_1_918' title='bbox 3530 4306 3558 4357; x_wconf 90' lang='grc' dir='ltr'>ό</span> 
     </span>
    </p>
   </div>
   <div class='ocr_carea' id='block_1_115' title="bbox 1998 4378 3557 4458">
    <p class='ocr_par' dir='ltr' id='par_1_115' title="bbox 1998 4378 3557 4458">
     <span class='ocr_line' id='line_1_116' title="bbox 1998 4378 3557 4458; baseline 0.007 -29"><span class='ocrx_word' id='word_1_919' title='bbox 1998 4378 2201 4447; x_wconf 85' lang='grc' dir='ltr'>μέλλων</span> <span class='ocrx_word' id='word_1_920' title='bbox 2234 4380 2313 4441; x_wconf 82' lang='grc' dir='ltr'>είς</span> <span class='ocrx_word' id='word_1_921' title='bbox 2337 4379 2595 4458; x_wconf 71' lang='grc' dir='ltr'>οὐρανοὺς</span> <span class='ocrx_word' id='word_1_922' title='bbox 2620 4379 2827 4432; x_wconf 83' lang='grc' dir='ltr'>ἀνιέναι</span> <span class='ocrx_word' id='word_1_923' title='bbox 2857 4380 2997 4432; x_wconf 86' lang='grc' dir='ltr'>κατά</span> <span class='ocrx_word' id='word_1_924' title='bbox 3016 4381 3219 4435; x_wconf 85' lang='grc' dir='ltr'>Μωσέα</span> <span class='ocrx_word' id='word_1_925' title='bbox 3244 4384 3385 4438; x_wconf 80' lang='grc' dir='ltr'>ἐστί’</span> <span class='ocrx_word' id='word_1_926' title='bbox 3420 4386 3557 4458; x_wconf 82' lang='grc' dir='ltr'>πλὴν</span> 
     </span>
    </p>
   </div>
   <div class='ocr_carea' id='block_1_116' title="bbox 1995 4456 3555 4532">
    <p class='ocr_par' dir='ltr' id='par_1_116' title="bbox 1995 4456 3555 4532">
     <span class='ocr_line' id='line_1_117' title="bbox 1995 4456 3555 4532; baseline 0.007 -20"><span class='ocrx_word' id='word_1_927' title='bbox 1995 4460 2126 4512; x_wconf 82' lang='grc' dir='ltr'>ἀλλά</span> <span class='ocrx_word' id='word_1_928' title='bbox 2148 4462 2282 4522; x_wconf 87' lang='grc' dir='ltr'>τέως</span> <span class='ocrx_word' id='word_1_929' title='bbox 2323 4461 2464 4529; x_wconf 87' lang='grc' dir='ltr'>μέγα</span> <span class='ocrx_word' id='word_1_930' title='bbox 2489 4456 2575 4531; x_wconf 81' lang='grc' dir='ltr'>ἦν.</span> <span class='ocrx_word' id='word_1_931' title='bbox 2607 4463 2680 4514; x_wconf 89' lang='grc' dir='ltr'>Οὑ</span> <span class='ocrx_word' id='word_1_932' title='bbox 2710 4462 2814 4532; x_wconf 78' lang='grc' dir='ltr'>γὰρ</span> <span class='ocrx_word' id='word_1_933' title='bbox 2838 4461 2901 4532; x_wconf 82' lang='grc' dir='ltr'>δὴ</span> <span class='ocrx_word' id='word_1_934' title='bbox 2938 4464 3075 4515; x_wconf 85' lang='grc' dir='ltr'>κατὰ</span> <span class='ocrx_word' id='word_1_935' title='bbox 3107 4466 3306 4518; x_wconf 86' lang='grc' dir='ltr'>Μωσέα</span> <span class='ocrx_word' id='word_1_936' title='bbox 3340 4467 3417 4530; x_wconf 78' lang='grc' dir='ltr'>τὸ,</span> <span class='ocrx_word' id='word_1_937' title='bbox 3449 4456 3555 4524; x_wconf 75' lang='grc' dir='ltr'>Καὶ</span> 
     </span>
    </p>
   </div>
   <div class='ocr_carea' id='block_1_117' title="bbox 1994 4543 3556 4624">
    <p class='ocr_par' dir='ltr' id='par_1_117' title="bbox 1994 4543 3556 4624">
     <span class='ocr_line' id='line_1_118' title="bbox 1994 4543 3556 4624; baseline 0.006 -27"><span class='ocrx_word' id='word_1_938' title='bbox 1994 4545 2163 4598; x_wconf 77' lang='grc' dir='ltr'>ἔσται</span> <span class='ocrx_word' id='word_1_939' title='bbox 2191 4543 2309 4610; x_wconf 83' lang='grc' dir='ltr'>πᾶς</span> <span class='ocrx_word' id='word_1_940' title='bbox 2338 4548 2370 4598; x_wconf 83' lang='grc' dir='ltr'><em>ὁ</em></span> <span class='ocrx_word' id='word_1_941' title='bbox 2383 4544 2468 4624; x_wconf 80' lang='grc' dir='ltr'>μὴ</span> <span class='ocrx_word' id='word_1_942' title='bbox 2503 4546 2735 4598; x_wconf 83' lang='grc' dir='ltr'>ἀκούων</span> <span class='ocrx_word' id='word_1_943' title='bbox 2762 4546 3343 4613; x_wconf 80' lang='grc' dir='ltr'>ἑξολοθρευθήσετιιι.</span> <span class='ocrx_word' id='word_1_944' title='bbox 3376 4553 3556 4624; x_wconf 86' lang='grc' dir='ltr'>Μυρία</span> 
     </span>
    </p>
   </div>
   <div class='ocr_carea' id='block_1_118' title="bbox 1996 4623 3555 4691">
    <p class='ocr_par' dir='ltr' id='par_1_118' title="bbox 1996 4623 3555 4691">
     <span class='ocr_line' id='line_1_119' title="bbox 1996 4623 3555 4691; baseline 0.004 -12"><span class='ocrx_word' id='word_1_945' title='bbox 1996 4627 2051 4679; x_wconf 85' lang='grc' dir='ltr'>δέ</span> <span class='ocrx_word' id='word_1_946' title='bbox 2077 4627 2169 4680; x_wconf 72' lang='grc' dir='ltr'>καὶ</span> <span class='ocrx_word' id='word_1_947' title='bbox 2200 4627 2331 4681; x_wconf 85' lang='grc' dir='ltr'>ἄλλα</span> <span class='ocrx_word' id='word_1_948' title='bbox 2350 4623 2468 4679; x_wconf 88' lang='grc' dir='ltr'>εἷπε</span> <span class='ocrx_word' id='word_1_949' title='bbox 2492 4629 2559 4681; x_wconf 80' lang='grc' dir='ltr'>τὰ</span> <span class='ocrx_word' id='word_1_950' title='bbox 2588 4628 2885 4691; x_wconf 84' lang='grc' dir='ltr'>δεικνύντα,</span> <span class='ocrx_word' id='word_1_951' title='bbox 2912 4631 2991 4683; x_wconf 84' lang='grc' dir='ltr'>ὃτι</span> <span class='ocrx_word' id='word_1_952' title='bbox 3017 4632 3114 4683; x_wconf 84' lang='grc' dir='ltr'>οὑκ</span> <span class='ocrx_word' id='word_1_953' title='bbox 3138 4632 3248 4686; x_wconf 77' lang='grc' dir='ltr'>ἔστι</span> <span class='ocrx_word' id='word_1_954' title='bbox 3270 4636 3405 4687; x_wconf 76' lang='grc' dir='ltr'>κατὰ</span> <span class='ocrx_word' id='word_1_955' title='bbox 3431 4638 3555 4689; x_wconf 83' lang='grc' dir='ltr'>Μω-</span> 
     </span>
    </p>
   </div>
   <div class='ocr_carea' id='block_1_119' title="bbox 1998 4702 3557 4784">
    <p class='ocr_par' dir='ltr' id='par_1_119' title="bbox 1998 4702 3557 4784">
     <span class='ocr_line' id='line_1_120' title="bbox 1998 4702 3557 4784; baseline 0.005 -22"><span class='ocrx_word' id='word_1_956' title='bbox 1998 4711 2113 4775; x_wconf 90' lang='grc' dir='ltr'>σέα,</span> <span class='ocrx_word' id='word_1_957' title='bbox 2139 4710 2276 4763; x_wconf 82' lang='grc' dir='ltr'>ὥστε</span> <span class='ocrx_word' id='word_1_958' title='bbox 2302 4710 2539 4780; x_wconf 84' lang='grc' dir='ltr'>μεγάλης</span> <span class='ocrx_word' id='word_1_959' title='bbox 2560 4712 2731 4782; x_wconf 74' lang='grc' dir='ltr'>ἥψατο</span> <span class='ocrx_word' id='word_1_960' title='bbox 2751 4715 3070 4784; x_wconf 85' lang='grc' dir='ltr'>μαρτυρίας.</span> <span class='ocrx_word' id='word_1_961' title='bbox 3115 4716 3175 4767; x_wconf 82' lang='lat'><strong>&#39;0</strong></span> <span class='ocrx_word' id='word_1_962' title='bbox 3200 4702 3357 4783; x_wconf 55' lang='grc' dir='ltr'>’Θεὸς</span> <span class='ocrx_word' id='word_1_963' title='bbox 3374 4720 3557 4772; x_wconf 76' lang='grc' dir='ltr'>αὑτὸν</span> 
     </span>
    </p>
   </div>
   <div class='ocr_carea' id='block_1_120' title="bbox 1994 4793 3551 4867">
    <p class='ocr_par' dir='ltr' id='par_1_120' title="bbox 1994 4793 3551 4867">
     <span class='ocr_line' id='line_1_121' title="bbox 1994 4793 3551 4867; baseline 0.005 -22"><span class='ocrx_word' id='word_1_964' title='bbox 1994 4793 2344 4861; x_wconf 85' lang='grc' dir='ltr'>ἀναστήσει,</span> <span class='ocrx_word' id='word_1_965' title='bbox 2396 4795 2574 4863; x_wconf 75' lang='grc' dir='ltr'>φησὶν,</span> <span class='ocrx_word' id='word_1_966' title='bbox 2608 4796 2674 4848; x_wconf 85' lang='grc' dir='ltr'>ἐκ</span> <span class='ocrx_word' id='word_1_967' title='bbox 2707 4796 2824 4847; x_wconf 85' lang='grc' dir='ltr'>τῶν</span> <span class='ocrx_word' id='word_1_968' title='bbox 2876 4796 3143 4864; x_wconf 70' lang='grc' dir='ltr'>ἀδελφῶν</span> <span class='ocrx_word' id='word_1_969' title='bbox 3178 4800 3359 4867; x_wconf 82' lang='grc' dir='ltr'>ὑμῶν.</span> <span class='ocrx_word' id='word_1_970' title='bbox 3394 4802 3551 4853; x_wconf 84' lang='grc' dir='ltr'>Ὥστε</span> 
     </span>
    </p>
   </div>
   <div class='ocr_carea' id='block_1_121' title="bbox 1995 4876 3554 4947">
    <p class='ocr_par' dir='ltr' id='par_1_121' title="bbox 1995 4876 3554 4947">
     <span class='ocr_line' id='line_1_122' title="bbox 1995 4876 3554 4947; baseline 0.005 -18"><span class='ocrx_word' id='word_1_971' title='bbox 1995 4876 2197 4946; x_wconf 84' lang='grc' dir='ltr'>Μωσῆς</span> <span class='ocrx_word' id='word_1_972' title='bbox 2224 4878 2384 4939; x_wconf 84' lang='grc' dir='ltr'>αὑτὸς</span> <span class='ocrx_word' id='word_1_973' title='bbox 2415 4878 2675 4947; x_wconf 76' lang='grc' dir='ltr'>ἠπείλησε</span> <span class='ocrx_word' id='word_1_974' title='bbox 2700 4882 2810 4941; x_wconf 87' lang='grc' dir='ltr'>τοῖς</span> <span class='ocrx_word' id='word_1_975' title='bbox 2845 4880 2916 4947; x_wconf 83' lang='grc' dir='ltr'>μὴ</span> <span class='ocrx_word' id='word_1_976' title='bbox 2948 4881 3220 4934; x_wconf 88' lang='grc' dir='ltr'>ἀκούουσι.</span> <span class='ocrx_word' id='word_1_977' title='bbox 3256 4883 3433 4936; x_wconf 87' lang='grc' dir='ltr'>Ταῦτα</span> <span class='ocrx_word' id='word_1_978' title='bbox 3460 4886 3554 4938; x_wconf 71' lang='grc' dir='ltr'>ὅλα</span> 
     </span>
    </p>
   </div>
   <div class='ocr_carea' id='block_1_122' title="bbox 1996 4958 3556 5031">
    <p class='ocr_par' dir='ltr' id='par_1_122' title="bbox 1996 4958 3556 5031">
     <span class='ocr_line' id='line_1_123' title="bbox 1996 4958 3556 5031; baseline 0.006 -21"><span class='ocrx_word' id='word_1_979' title='bbox 1996 4958 2277 5025; x_wconf 84' lang='grc' dir='ltr'>ἐπαγωγά.</span> <span class='ocrx_word' id='word_1_980' title='bbox 2308 4959 2419 5012; x_wconf 81' lang='grc' dir='ltr'>Καὶ</span> <span class='ocrx_word' id='word_1_981' title='bbox 2448 4960 2666 5026; x_wconf 80' lang='grc' dir='ltr'>πάντες</span> <span class='ocrx_word' id='word_1_982' title='bbox 2694 4960 2777 5023; x_wconf 84' lang='grc' dir='ltr'>δὲ,</span> <span class='ocrx_word' id='word_1_983' title='bbox 2810 4963 2992 5029; x_wconf 71' lang='grc' dir='ltr'>φησὶν,</span> <span class='ocrx_word' id='word_1_984' title='bbox 3019 4966 3071 5015; x_wconf 79' lang='grc' dir='ltr'>οἰ</span> <span class='ocrx_word' id='word_1_985' title='bbox 3113 4963 3403 5031; x_wconf 66' lang='grc' dir='ltr'>προφῆται</span> <span class='ocrx_word' id='word_1_986' title='bbox 3436 4969 3556 5020; x_wconf 78' lang='grc' dir='ltr'>ἀπὸ</span> 
     </span>
    </p>
   </div>
   <div class='ocr_carea' id='block_1_123' title="bbox 1993 5040 3555 5113">
    <p class='ocr_par' dir='ltr' id='par_1_123' title="bbox 1993 5040 3555 5113">
     <span class='ocr_line' id='line_1_124' title="bbox 1993 5040 3555 5113; baseline 0.005 -19"><span class='ocrx_word' id='word_1_987' title='bbox 1993 5040 2292 5109; x_wconf 70' lang='grc' dir='ltr'>Σαμουὴλ.</span> <span class='ocrx_word' id='word_1_988' title='bbox 2314 5044 2425 5095; x_wconf 84' lang='grc' dir='ltr'>Οὐκ</span> <span class='ocrx_word' id='word_1_989' title='bbox 2445 5042 2675 5113; x_wconf 76' lang='grc' dir='ltr'>ἠθέλησε</span> <span class='ocrx_word' id='word_1_990' title='bbox 2700 5043 2817 5095; x_wconf 90' lang='grc' dir='ltr'>καθ’</span> <span class='ocrx_word' id='word_1_991' title='bbox 2854 5044 3078 5096; x_wconf 74' lang='grc' dir='ltr'>ἕκαστον</span> <span class='ocrx_word' id='word_1_992' title='bbox 3100 5045 3385 5111; x_wconf 79' lang='grc' dir='ltr'>ἐπεξιέναι,</span> <span class='ocrx_word' id='word_1_993' title='bbox 3417 5048 3555 5103; x_wconf 85' lang='grc' dir='ltr'>ὥστε</span> 
     </span>
    </p>
   </div>
   <div class='ocr_carea' id='block_1_124' title="bbox 1998 5123 3557 5203">
    <p class='ocr_par' dir='ltr' id='par_1_124' title="bbox 1998 5123 3557 5203">
     <span class='ocr_line' id='line_1_125' title="bbox 1998 5123 3557 5203; baseline 0.006 -29"><span class='ocrx_word' id='word_1_994' title='bbox 1998 5123 2071 5192; x_wconf 85' lang='grc' dir='ltr'>μὴ</span> <span class='ocrx_word' id='word_1_995' title='bbox 2101 5124 2305 5192; x_wconf 77' lang='grc' dir='ltr'>μακρὸν</span> <span class='ocrx_word' id='word_1_996' title='bbox 2354 5125 2574 5193; x_wconf 90' lang='grc' dir='ltr'>ποιῆσαι</span> <span class='ocrx_word' id='word_1_997' title='bbox 2602 5126 2695 5177; x_wconf 86' lang='grc' dir='ltr'>τὸν</span> <span class='ocrx_word' id='word_1_998' title='bbox 2748 5125 2938 5192; x_wconf 89' lang='grc' dir='ltr'>λόγον·</span> <span class='ocrx_word' id='word_1_999' title='bbox 2990 5126 3124 5179; x_wconf 90' lang='grc' dir='ltr'>ἀλλά</span> <span class='ocrx_word' id='word_1_1000' title='bbox 3156 5131 3373 5198; x_wconf 86' lang='grc' dir='ltr'>καιρίας</span> <span class='ocrx_word' id='word_1_1001' title='bbox 3423 5150 3557 5203; x_wconf 85' lang='grc' dir='ltr'>μνη-</span> 
     </span>
    </p>
   </div>
   <div class='ocr_carea' id='block_1_125' title="bbox 1998 5205 3551 5281">
    <p class='ocr_par' dir='ltr' id='par_1_125' title="bbox 1998 5205 3551 5281">
     <span class='ocr_line' id='line_1_126' title="bbox 1998 5205 3551 5281; baseline 0.01 -26"><span class='ocrx_word' id='word_1_1002' title='bbox 1998 5205 2142 5266; x_wconf 80' lang='grc' dir='ltr'>σθεὶς</span> <span class='ocrx_word' id='word_1_1003' title='bbox 2171 5207 2468 5277; x_wconf 86' lang='grc' dir='ltr'>μαρτυρίας</span> <span class='ocrx_word' id='word_1_1004' title='bbox 2500 5208 2595 5274; x_wconf 86' lang='grc' dir='ltr'>τῆς</span> <span class='ocrx_word' id='word_1_1005' title='bbox 2618 5206 2931 5277; x_wconf 82' lang='grc' dir='ltr'>Μωσαῖκῆς,</span> <span class='ocrx_word' id='word_1_1006' title='bbox 2959 5210 3315 5281; x_wconf 64' lang='grc' dir='ltr'>παρέπεμψεν</span> <span class='ocrx_word' id='word_1_1007' title='bbox 3340 5214 3551 5280; x_wconf 85' lang='grc' dir='ltr'>αὑτούς.</span> 
     </span>
    </p>
   </div>
   <div class='ocr_carea' id='block_1_126' title="bbox 2006 5288 3557 5366">
    <p class='ocr_par' dir='ltr' id='par_1_126' title="bbox 2006 5288 3557 5366">
     <span class='ocr_line' id='line_1_127' title="bbox 2006 5288 3557 5366; baseline 0.009 -27"><span class='ocrx_word' id='word_1_1008' title='bbox 2006 5288 2200 5355; x_wconf 83' lang='grc' dir='ltr'>Ὑμεῖς</span> <span class='ocrx_word' id='word_1_1009' title='bbox 2236 5290 2397 5351; x_wconf 80' lang='grc' dir='ltr'>ἐστε,</span> <span class='ocrx_word' id='word_1_1010' title='bbox 2417 5289 2600 5358; x_wconf 72' lang='grc' dir='ltr'>φησὶν,</span> <span class='ocrx_word' id='word_1_1011' title='bbox 2635 5289 2747 5342; x_wconf 76' lang='grc' dir='ltr'>υἱοὶ</span> <span class='ocrx_word' id='word_1_1012' title='bbox 2782 5289 2900 5344; x_wconf 85' lang='grc' dir='ltr'>τῶν</span> <span class='ocrx_word' id='word_1_1013' title='bbox 2936 5292 3270 5361; x_wconf 67' lang='grc' dir='ltr'>προφητῶν,</span> <span class='ocrx_word' id='word_1_1014' title='bbox 3314 5297 3410 5351; x_wconf 80' lang='grc' dir='ltr'>καὶ</span> <span class='ocrx_word' id='word_1_1015' title='bbox 3448 5299 3557 5366; x_wconf 74' lang='grc' dir='ltr'>τῆς</span> 
     </span>
    </p>
   </div>
   <div class='ocr_carea' id='block_1_127' title="bbox 1994 5368 3552 5451">
    <p class='ocr_par' dir='ltr' id='par_1_127' title="bbox 1994 5368 3552 5451">
     <span class='ocr_line' id='line_1_128' title="bbox 1994 5368 3552 5451; baseline 0.006 -28"><span class='ocrx_word' id='word_1_1016' title='bbox 1994 5371 2278 5438; x_wconf 79' lang='grc' dir='ltr'>διαθήκης</span> <span class='ocrx_word' id='word_1_1017' title='bbox 2307 5368 2381 5441; x_wconf 84' lang='grc' dir='ltr'>ἧς</span> <span class='ocrx_word' id='word_1_1018' title='bbox 2407 5371 2627 5425; x_wconf 78' lang='grc' dir='ltr'>διέθετο</span> <span class='ocrx_word' id='word_1_1019' title='bbox 2648 5376 2680 5426; x_wconf 84' lang='grc' dir='ltr'>ό</span> <span class='ocrx_word' id='word_1_1020' title='bbox 2705 5375 2864 5439; x_wconf 88' lang='grc' dir='ltr'>Θεός.</span> <span class='ocrx_word' id='word_1_1021' title='bbox 2902 5373 3014 5443; x_wconf 80' lang='grc' dir='ltr'>Τῆς</span> <span class='ocrx_word' id='word_1_1022' title='bbox 3034 5375 3339 5446; x_wconf 81' lang='grc' dir='ltr'>διαθήκης,</span> <span class='ocrx_word' id='word_1_1023' title='bbox 3370 5382 3552 5451; x_wconf 77' lang='grc' dir='ltr'>φησὶν,</span> 
     </span>
    </p>
   </div>
   <div class='ocr_carea' id='block_1_128' title="bbox 1994 5454 3555 5531">
    <p class='ocr_par' dir='ltr' id='par_1_128' title="bbox 1994 5454 3555 5531">
     <span class='ocr_line' id='line_1_129' title="bbox 1994 5454 3555 5531; baseline 0.004 -24"><span class='ocrx_word' id='word_1_1024' title='bbox 1994 5454 2129 5517; x_wconf 76' lang='grc' dir='ltr'>υἱοὶ,</span> <span class='ocrx_word' id='word_1_1025' title='bbox 2161 5455 2424 5517; x_wconf 86' lang='grc' dir='ltr'>τουτέστι,</span> <span class='ocrx_word' id='word_1_1026' title='bbox 2470 5455 2810 5525; x_wconf 87' lang='grc' dir='ltr'>κληρονόμοι.</span> <span class='ocrx_word' id='word_1_1027' title='bbox 2842 5458 2959 5512; x_wconf 83' lang='grc' dir='ltr'>Ἵνα</span> <span class='ocrx_word' id='word_1_1028' title='bbox 2986 5459 3093 5529; x_wconf 83' lang='grc' dir='ltr'>γάρ</span> <span class='ocrx_word' id='word_1_1029' title='bbox 3124 5462 3197 5531; x_wconf 84' lang='grc' dir='ltr'>μὴ</span> <span class='ocrx_word' id='word_1_1030' title='bbox 3236 5462 3453 5526; x_wconf 81' lang='grc' dir='ltr'>δόξωσιν</span> <span class='ocrx_word' id='word_1_1031' title='bbox 3480 5463 3555 5525; x_wconf 87' lang='grc' dir='ltr'>ὡς</span> 
     </span>
    </p>
   </div>
   <div class='ocr_carea' id='block_1_129' title="bbox 1995 5537 3554 5609">
    <p class='ocr_par' dir='ltr' id='par_1_129' title="bbox 1995 5537 3554 5609">
     <span class='ocr_line' id='line_1_130' title="bbox 1995 5537 3554 5609; baseline 0.001 -18"><span class='ocrx_word' id='word_1_1032' title='bbox 1995 5538 2102 5591; x_wconf 76' lang='grc' dir='ltr'>ἀπὸ</span> <span class='ocrx_word' id='word_1_1033' title='bbox 2135 5537 2354 5608; x_wconf 88' lang='grc' dir='ltr'>χάριτος</span> <span class='ocrx_word' id='word_1_1034' title='bbox 2384 5537 2589 5608; x_wconf 84' lang='grc' dir='ltr'>Πέτρου</span> <span class='ocrx_word' id='word_1_1035' title='bbox 2621 5539 2792 5592; x_wconf 87' lang='grc' dir='ltr'>ταῦτα</span> <span class='ocrx_word' id='word_1_1036' title='bbox 2823 5540 3136 5609; x_wconf 79' lang='grc' dir='ltr'>λαμϐάνειν,</span> <span class='ocrx_word' id='word_1_1037' title='bbox 3163 5544 3443 5603; x_wconf 86' lang='grc' dir='ltr'>δείκνυσιν,</span> <span class='ocrx_word' id='word_1_1038' title='bbox 3474 5546 3554 5594; x_wconf 75' lang='grc' dir='ltr'>ὅτι</span> 
     </span>
    </p>
   </div>
   <div class='ocr_carea' id='block_1_130' title="bbox 1995 5619 3550 5693">
    <p class='ocr_par' dir='ltr' id='par_1_130' title="bbox 1995 5619 3550 5693">
     <span class='ocr_line' id='line_1_131' title="bbox 1995 5619 3550 5693; baseline -0.001 -18"><span class='ocrx_word' id='word_1_1039' title='bbox 1995 5620 2199 5675; x_wconf 85' lang='grc' dir='ltr'>ἀνωθεν</span> <span class='ocrx_word' id='word_1_1040' title='bbox 2258 5622 2439 5683; x_wconf 83' lang='grc' dir='ltr'>αὑτοῖς</span> <span class='ocrx_word' id='word_1_1041' title='bbox 2470 5619 2749 5689; x_wconf 85' lang='grc' dir='ltr'>ὠφείλετο,</span> <span class='ocrx_word' id='word_1_1042' title='bbox 2794 5623 2881 5676; x_wconf 85' lang='grc' dir='ltr'>ἵνα</span> <span class='ocrx_word' id='word_1_1043' title='bbox 2922 5625 3118 5693; x_wconf 79' lang='grc' dir='ltr'>μᾶλλον</span> <span class='ocrx_word' id='word_1_1044' title='bbox 3176 5625 3550 5683; x_wconf 68' lang='grc' dir='ltr'>πιστεύσωσιν,</span> 
     </span>
    </p>
   </div>
   <div class='ocr_carea' id='block_1_131' title="bbox 1918 5701 3552 5773">
    <p class='ocr_par' dir='ltr' id='par_1_131' title="bbox 1918 5701 3552 5773">
     <span class='ocr_line' id='line_1_132' title="bbox 1918 5701 3552 5773; baseline -0.002 -16"><span class='ocrx_word' id='word_1_1045' title='bbox 1918 5736 1929 5747; x_wconf 76' lang='lat'>~</span> <span class='ocrx_word' id='word_1_1046' title='bbox 1995 5705 2075 5757; x_wconf 81' lang='grc' dir='ltr'>ὅτι</span> <span class='ocrx_word' id='word_1_1047' title='bbox 2108 5701 2202 5754; x_wconf 75' lang='grc' dir='ltr'>καὶ</span> <span class='ocrx_word' id='word_1_1048' title='bbox 2224 5701 2303 5772; x_wconf 84' lang='grc' dir='ltr'>τῷ</span> <span class='ocrx_word' id='word_1_1049' title='bbox 2333 5702 2449 5773; x_wconf 90' lang='grc' dir='ltr'>Θεῷ</span> <span class='ocrx_word' id='word_1_1050' title='bbox 2468 5702 2623 5756; x_wconf 86' lang='grc' dir='ltr'>τοῦτο</span> <span class='ocrx_word' id='word_1_1051' title='bbox 2649 5704 2813 5756; x_wconf 87' lang='grc' dir='ltr'>δοκεῖ.</span> <span class='ocrx_word' id='word_1_1052' title='bbox 2849 5704 3007 5773; x_wconf 81' lang='grc' dir='ltr'>Ὑμῖν</span> <span class='ocrx_word' id='word_1_1053' title='bbox 3043 5704 3274 5773; x_wconf 86' lang='grc' dir='ltr'>πρῶτον</span> <span class='ocrx_word' id='word_1_1054' title='bbox 3294 5704 3552 5770; x_wconf 74' lang='grc' dir='ltr'>ἀναστηο</span> 
     </span>
    </p>
   </div>
   <div class='ocr_carea' id='block_1_132' title="bbox 1996 5784 3552 5855">
    <p class='ocr_par' dir='ltr' id='par_1_132' title="bbox 1996 5784 3552 5855">
     <span class='ocr_line' id='line_1_133' title="bbox 1996 5784 3552 5855; baseline 0.003 -18"><span class='ocrx_word' id='word_1_1055' title='bbox 1996 5802 2131 5852; x_wconf 87' lang='grc' dir='ltr'>σας,</span> <span class='ocrx_word' id='word_1_1056' title='bbox 2166 5786 2349 5855; x_wconf 74' lang='grc' dir='ltr'>φησὶν,</span> <span class='ocrx_word' id='word_1_1057' title='bbox 2385 5789 2418 5841; x_wconf 83' lang='grc' dir='ltr'>ό</span> <span class='ocrx_word' id='word_1_1058' title='bbox 2453 5787 2596 5853; x_wconf 77' lang='grc' dir='ltr'>Θεὸς</span> <span class='ocrx_word' id='word_1_1059' title='bbox 2620 5788 2725 5841; x_wconf 75' lang='grc' dir='ltr'>τὸν</span> <span class='ocrx_word' id='word_1_1060' title='bbox 2756 5787 2942 5841; x_wconf 84' lang='grc' dir='ltr'>Παῖδα</span> <span class='ocrx_word' id='word_1_1061' title='bbox 2974 5786 3160 5842; x_wconf 83' lang='grc' dir='ltr'>αὐτοῦ</span> <span class='ocrx_word' id='word_1_1062' title='bbox 3178 5784 3552 5842; x_wconf 78' lang='grc' dir='ltr'>ἀπέστειλεν.</span> 
     </span>
    </p>
   </div>
   <div class='ocr_carea' id='block_1_133' title="bbox 569 5931 1894 5994">
    <p class='ocr_par' dir='ltr' id='par_1_133' title="bbox 569 5931 1894 5994">
     <span class='ocr_line' id='line_1_134' title="bbox 569 5931 1894 5994; baseline 0 -13"><span class='ocrx_word' id='word_1_1063' title='bbox 569 5938 592 5964; x_wconf 66' lang='grc' dir='ltr'>θ</span> <span class='ocrx_word' id='word_1_1064' title='bbox 626 5934 828 5991; x_wconf 74' lang='grc' dir='ltr'>Μοτεί.,</span> <span class='ocrx_word' id='word_1_1065' title='bbox 863 5932 978 5978; x_wconf 68' lang='lat' dir='ltr'><strong>vitio</strong></span> <span class='ocrx_word' id='word_1_1066' title='bbox 1029 5931 1387 5994; x_wconf 76' lang='lat' dir='ltr'>lypograuhico,</span> <span class='ocrx_word' id='word_1_1067' title='bbox 1424 5931 1689 5992; x_wconf 82' lang='grc' dir='ltr'>μαοτυοίαν.</span> <span class='ocrx_word' id='word_1_1068' title='bbox 1736 5931 1894 5981; x_wconf 83' lang='grc' dir='ltr'>Δὼσει</span> 
     </span>
    </p>
   </div>
   <div class='ocr_carea' id='block_1_134' title="bbox 1994 5931 2532 5994">
    <p class='ocr_par' dir='ltr' id='par_1_134' title="bbox 2062 5934 2532 5984">
     <span class='ocr_line' id='line_1_135' title="bbox 2062 5934 2532 5984; baseline -0.002 -1"><span class='ocrx_word' id='word_1_1069' title='bbox 2062 5934 2081 5972; x_wconf 69' lang='grc' dir='ltr'><em>τ</em></span> <span class='ocrx_word' id='word_1_1070' title='bbox 2120 5936 2218 5984; x_wconf 82' lang='lat' dir='ltr'><strong>Alii</strong></span> <span class='ocrx_word' id='word_1_1071' title='bbox 2256 5936 2532 5983; x_wconf 85' lang='grc' dir='ltr'>συντίθεται.</span> 
     </span>
    </p>
   </div>
   <div class='ocr_carea' id='block_1_135' title="bbox 2064 5997 2555 6059">
    <p class='ocr_par' dir='ltr' id='par_1_135' title="bbox 2064 5997 2555 6059">
     <span class='ocr_line' id='line_1_136' title="bbox 2064 5997 2555 6059; baseline -0.008 -11"><span class='ocrx_word' id='word_1_1072' title='bbox 2064 5999 2089 6037; x_wconf 71' lang='lat'><strong>5</strong></span> <span class='ocrx_word' id='word_1_1073' title='bbox 2115 5997 2212 6047; x_wconf 81' lang='lat' dir='ltr'><strong>Alii</strong></span> <span class='ocrx_word' id='word_1_1074' title='bbox 2236 5997 2555 6059; x_wconf 81' lang='grc' dir='ltr'>κατασπείρει.</span> 
     </span>
    </p>
   </div>
  </div>
