4040 6212
470 336 541 396 ει
1174 333 1231 387 S.
1270 330 1557 387 JOANNIS
1592 330 2079 389 CHRYSOSTOMI
2119 337 2442 396 ARCHIEP.
2482 336 3030 395 CONSTANTINOP.
3646 342 3720 399 8%

465 447 589 506 ὀὐκ
616 446 789 513 εἶπεν,
828 448 1007 518 Ὑμῖν,
1045 444 1253 508 ἁπλῶς,
1281 444 1571 499 ἀπέστειλε
1606 445 1697 498 τὸν
1742 445 1914 499 Παῐδα
1949 447 2045 499 αὐ-

473 538 587 601 τοῦ,
622 537 756 591 ἀλλὰ
790 538 902 597 καὶ,
931 534 1069 604 μετά
1106 535 1205 603 τὴν
1239 534 1553 595 ἀνάστασιν,
1590 534 1683 586 καὶ
1716 533 1804 585 ὅτε
1847 536 2044 586 ὲσταυ·

475 628 643 700 ρώθη.
678 626 796 678 Ἵνα
826 624 934 693 γὰρ
970 622 1044 693 μὴ
1081 623 1393 693 νομίσωσιν,
1429 624 1511 676 ὅτι
1556 622 1717 686 αὐτὸς
1746 622 1843 693 μὲν
1872 621 2045 676 ταῦτα

472 715 775 787 ἐχαρίζετο,
808 717 836 767 6
862 715 915 768 δὲ
944 715 1133 784 Πατὴρ
1164 714 1303 784 οὐχὶ,
1332 714 1419 766 διὰ
1442 712 1599 765 τοῦτο
1631 711 1936 782 προσέθηκε
1963 711 2045 775 τὸ,
2088 744 2101 759 κ

471 804 860 871 Εὐλογοῦντα
880 802 1053 872 ὑμᾶς.
1088 802 1151 855 EE
1185 802 1290 870 γὰρ
1328 801 1555 871 ἀδελφὸς
1584 801 1737 871 ὑμῶν
1766 800 1926 864 αὐτὸς
1954 801 2049 853 καὶ¹

470 892 682 962 εὐλογεῖ
707 893 869 963 ὑμᾶς,
905 892 1198 961 ὑπόσχεσις
1222 891 1281 944 τὸ
1314 890 1546 962 πρᾶγμά
1589 892 1738 943 ἐστι’
1780 889 2045 951 τουτέστι,

470 980 731 1034 Τοσοῦτον
756 981 987 1051 ἀπέχετε
1013 979 1105 1033 τοῦ
1149 979 1223 1051 μὴ
1256 980 1532 1032 κοινωνεῖν
1567 977 1795 1040 τούτοις,
1841 978 1921 1030 ὅτι
1954 977 2047 1030 καὶ

469 1073 581 1133 τοῖς
606 1068 786 1133 ἄλλοις
814 1071 957 1140 ὐμᾶς
977 1068 1179 1132 αίτίους
1200 1068 1292 1120 καὶ
1312 1068 1588 1138 ἀρχηγοὺς
1619 1066 1861 1136 βούλεται
1892 1065 2046 1134 γενέ-

473 1159 616 1212 σθαι.
642 1157 851 1211 Οὐκοῦν
874 1158 946 1227 μὴ
970 1157 1042 1221 ὡς
1071 1170 1096 1198 α
1118 1157 1517 1227 ἀπερριμμένοι
1557 1153 1828 1209 διάκεισθε
1860 1155 1892 1226 ἢ
1915 1155 2048 1207 ἀπο-

470 1246 811 1317 ϐεϐλημένοι.
855 1246 957 1298 Ἐν
992 1243 1071 1308 τῷ
1106 1242 1521 1312 ἀποστρέφειν,
1566 1243 1749 1313 φησὶν,
1788 1242 2049 1297 ἕκαστον

470 1338 587 1391 ἀπὸ
623 1335 740 1389 τῶν
792 1335 1111 1404 πονηριῶν.
1148 1333 1334 1397 Οὐτως
1367 1335 1509 1404 ὑμᾶς
1543 1333 1772 1401 εὐλογεῖ,
1826 1333 1920 1387 καὶ
1949 1334 2047 1403 οὐχ

472 1426 674 1490 ἁπλῶς.
710 1426 819 1479 Kal
846 1425 974 1478 ποία
998 1423 1135 1497 αὐτη
1167 1423 1421 1493 εὐλογία;
1463 1423 1710 1494 Μεγάλη.
1741 1423 1815 1476 Οὐ
1845 1424 1952 1494 γάρ
1982 1422 2046 1492 δὴ

471 1515 531 1568 τὸ
556 1513 891 1584 ἀποστρέψαι
920 1512 1026 1565 ἀπὸ
1056 1511 1351 1581 πονηριῶν,
1383 1511 1539 1563 τοῦτο
1567 1511 1748 1564 ἱκανὸν
1770 1509 1862 1563 καὶ
1886 1508 2045 1562 λῦσαι

472 1604 656 1665 αὐτάς.
685 1603 746 1655 Εἰ
774 1602 830 1654 δὲ
856 1602 947 1655 καὶ
974 1600 1132 1654 λῦσαι
1177 1600 1273 1669 οὐχ
1306 1598 1485 1652 ίκανδν
1516 1594 1602 1668 ἦν.
1655 1598 1771 1662 πῶς
1801 1597 2046 1666 εὐλογίαν

473 1691 811 1762 παρασχεῖν;
841 1689 914 1741 Οὐ
948 1689 1055 1759 γάρ
1084 1689 1146 1759 δὴ
1173 1689 1202 1740 6
1223 1685 1519 1758 ἠδικηκὼς,
1550 1687 1652 1757 ήδη
1687 1687 1780 1739 καὶ
1809 1686 2046 1754 εὐλογεῖο

472 1795 581 1843 ται,
617 1776 731 1830 ἀλλ’
767 1776 1179 1847 ἁμαρτημάτων
1201 1774 1439 1843 ἀφίεται.
1488 1774 1561 1825 Τὸ
1598 1773 1675 1836 δὲ,
1720 1773 1815 1839 Ὣς
1840 1773 1963 1841 ἐμὲ,
1997 1772 2045 1825 εί

478 1865 551 1936 μὴ
604 1864 744 1917 κατά
775 1864 864 1917 τὸν
912 1863 1011 1932 τῆς
1043 1860 1362 1932 νομοθεσίας
1404 1878 1484 1924 τις
1523 1860 1720 1931 τρόπον
1748 1859 2043 1923 ὲκδέξαιτο,

474 1951 710 2023 οὐδαμοῦ
745 1951 900 2019 λόγον
927 1950 993 2003 ἂν
1023 1947 1257 2018 ἀλλαχοῦ
1291 1948 1422 2015 ἕξοι.
1458 1947 1654 2002 Αὐτοῦ
1686 1948 2043 2009 ἀκουσεσθε,

474 2039 634 2110 φησι*
689 2040 782 2092 καὶ
811 2039 908 2107 οὐχ
957 2036 1162 2101 ἁπλῶς,
1206 2035 1343 2100 ἀλλ’,
1375 2037 1587 2089 Ἔσται
1648 2034 1814 2089 πάσα
1851 2033 2045 2103 ψυχὴ,

474 2125 603 2193 ἣτις
630 2125 706 2178 ἂν
734 2124 819 2193 μὴ
858 2124 1093 2191 ἀκούσῃ
1128 2122 1237 2176 τοῦ
1297 2121 1608 2191 προφήτου
1648 2122 1907 2184 ἐκείνου.
1949 2123 2047 2187 ἐξ-

474 2212 977 2280 ολοθρευθήσεται
1011 2210 1079 2262 ἐκ
1110 2209 1216 2263 τοῦ
1241 2210 1415 2266 λαοῦ.
1444 2210 1574 2263 Ὅτε
1607 2210 1804 2272 αὐτοὺς
1850 2208 2048 2273 ἔδειξεν

474 2298 885 2370 ἡμαρτηκότας,
910 2298 1005 2350 καὶ
1038 2295 1370 2367 συγγνώμης
1402 2296 1694 2366 μετέδωκε,
1732 2297 1826 2350 καὶ
1872 2299 2045 2367 ἐπηγ-

474 2387 688 2453 γείλατο
732 2386 945 2455 χρηστά
969 2401 982 2415 ·
1015 2384 1137 2437 τότε
1166 2384 1229 2454 δὴ
1258 2384 1547 2445 δείκνυσιν,
1587 2385 1666 2437 ὃτι
1721 2385 1814 2437 καὶ
1845 2386 2049 2455 Μωσῆς

472 2473 533 2524 τὸ
566 2472 697 2525 αὐτὸ
716 2472 881 2540 λέγει.
909 2471 1019 2525 Καὶ
1041 2470 1171 2523 ποία
1188 2470 1323 2539 αὐτη
1349 2470 1638 2523 ἀκολουθία
1659 2472 1850 2535 εἰπεῖν,
1885 2473 2049 2541 Ἀχρι

476 2560 588 2633 [76]
615 2560 847 2628 χρόνων
877 2556 1445 2622 ἀποκαταστάσεως,
1482 2558 1576 2611 καὶ
1601 2559 1897 2627 ἐπαγαγεῖν
1919 2561 2050 2613 Μω-

477 2648 573 2700 σέα
594 2648 837 2716 λέγοντα,
862 2647 945 2699 ὅτι
973 2645 1149 2699 πάντα
1177 2644 1522 2707 ἀκούσουσιν,
1548 2645 1584 2700 ἀ.
1603 2646 1717 2717 ἐρεῖ
1742 2648 1770 2698 6
1795 2647 2046 2718 Χριστός

475 2740 567 2793 καὶ
585 2738 681 2807 οὐχ
699 2735 903 2798 ἁπλῶς,
932 2733 1068 2789 ἀλλά
1099 2734 1236 2805 μετά
1258 2733 1483 2805 ἀπειλῆς
1505 2735 1773 2806 φοϐερᾶς;
1799 2736 2044 2805 Μεγάλη·

472 2826 709 2879 δείκνυσι
741 2824 868 2895 γὰρ,
902 2825 985 2878 ὅτι
1018 2823 1112 2877 καὶ
1133 2822 1219 2876 διὰ
1245 2822 1403 2877 τοῦτο
1436 2823 1719 2879 πείθεσθαι
1747 2825 2049 2895 ὀφείλουσιν

474 2914 642 2986 αὐτῷ.
680 2914 744 2967 Τί
764 2916 930 2977 ἐστιν,
979 2914 1098 2967 Υἱοὶ
1124 2913 1243 2966 τῶν
1274 2913 1614 2984 προφητῶν,
1650 2914 1750 2968 καὶ
1778 2915 1887 2984 τῆς
1923 2916 2049 2969 δια-

474 3003 693 3073 θήκης;
719 3003 1072 3074 Κληρονόμοι,
1111 3002 1361 3074 διάδοχοι.
1390 3005 1449 3056 EE
1474 3000 1565 3057 οῦν
1591 3005 1714 3065 υἱοὶ,
1748 3005 1800 3058 τί
1828 3005 1903 3068 ώς
1924 3006 2050 3074 περὶ

473 3090 727 3161 ἀλλότρια
754 3089 1027 3144 διάκεισθε
1059 3089 1193 3160 πρὸς
1217 3090 1287 3143 τὰ
1315 3091 1591 3161 ὐμέτερας
1636 3092 1778 3161 Ἀρα
1813 3108 2049 3160 κατηγο-

478 3177 597 3249 ρίας
621 3178 717 3248 μὲν
740 3177 1010 3248 ἐπράξατε
1036 3176 1161 3240 ἄξια
1180 3192 1194 3207 ’
1223 3177 1517 3248 δυνήσεσθε
1545 3178 1600 3231 δὲ
1628 3178 1777 3247 ὅμως
1808 3177 2051 3246 συγγνώ-

478 3284 586 3339 μης
610 3268 813 3337 τυχεῖν.
837 3261 969 3319 Εἶτα
996 3265 1182 3335 ἐπειδὴ
1218 3262 1340 3319 εἷπε
1369 3266 1560 3329 ταῦτα,
1610 3267 1833 3330 εἰκότως
1868 3267 2050 3320 λοιπὸν

472 3353 656 3424 λέγει’
699 3352 869 3423 Ὑμῖν
888 3353 1246 3408 ἀπέστειλεν
1280 3356 1312 3406 ό
1347 3352 1488 3419 Θεὸς
1520 3353 1625 3407 τὸν
1648 3354 1836 3407 Παῖδα
1862 3356 2049 3410 αὑτοῦ

472 3442 843 3513 εὐλογοῦντα
861 3440 1034 3511 ὑμᾶς.
1072 3441 1185 3493 Οὐκ
1207 3438 1345 3506 εἷπε,
1375 3440 1641 3506 Σώζοντα,
1678 3441 1792 3495 ἀλλ’
1815 3442 1843 3495 ὃ
1867 3444 2050 3513 μεῖζόν

474 3534 642 3595 ἐστιν,
672 3529 1087 3597 Εὐλογοῦντα·
1112 3529 1347 3592 δεικνὺς,
1380 3530 1509 3582 ὅτιό
1545 3529 1875 3600 σταυρωθεὶς
1899 3531 2045 3584 εὐλοο

474 3620 563 3688 γεῖ
584 3618 711 3681 τοὺς
759 3614 1198 3687 σταυρώσαντας.
1234 3614 1617 3685 Μιμησώμεθα
1664 3615 1839 3669 τοίνυν
1864 3617 2050 3671 τοῦτον

475 3707 570 3761 καὶ
590 3708 768 3777 ἡμεῖς.
806 3702 1154 3773 Ἐκϐάλωμεν
1180 3702 1355 3773 ψυχὴν
1385 3703 1607 3775 φονικὴν
1641 3706 1735 3759 καὶ
1764 3706 2048 3777 πολεμίαν.

475 3795 588 3865 Οὐχ
614 3794 773 3865 ἀρκεῖ
803 3792 862 3845 τὸ
898 3792 969 3862 μὴ
1002 3790 1309 3861 ἀμύνασθαι
1335 3790 1527 3861 (τοῦτο
1549 3792 1643 3845 καὶ
1664 3794 1721 3845 ὲν
1749 3796 1810 3865 τῇ
1842 3794 2052 3866 Παλαιᾷ

474 3882 738 3952 γέγονεν),
760 3880 895 3935 ἀλλά
929 3880 1107 3933 πάντα
1130 3880 1457 3951 πράττωμεν
1487 3881 1625 3952 ὑπὲρ
1656 3881 1764 3935 τῶν
1799 3883 2053 3953 ήδικηκό-

475 3989 603 4034 των,
633 3971 707 4034 ὡς
741 3970 880 4041 ὐπὲρ
907 3969 1073 4038 φίλων
1102 3969 1359 4040 γνησίων,
1393 3970 1468 4033 ώς
1500 3970 1640 4042 ὑπὲρ
1668 3971 1827 4042 ήμῶν
1847 3973 2047 4027 αὐτῶν.

487 4058 727 4112 Ἐκεῖνον
760 4056 993 4129 μιμηταί
1035 4058 1220 4127 ἐσμεν,
1258 4057 1466 4111 ἐκείνου
1501 4057 1738 4128 μαθηταὶ
1778 4058 1873 4111 τοῦ
1915 4060 2052 4129 μετά

475 4147 535 4200 τὸ
562 4135 937 4217 σταυρωθῆναι
967 4146 1146 4199 πάντα
1185 4145 1459 4209 κινοῦντος
1502 4145 1639 4216 ὑπὲρ
1669 4144 1776 4199 τῶν
1808 4163 2051 4217 σταυρω-

478 4235 704 4298 σάντων,
737 4235 829 4286 καὶ
859 4234 983 4296 τούς
1012 4233 1338 4294 ἀποστόλους
1360 4233 1749 4302 ἐκπέμποντος.
1770 4232 1959 4286 Καίτοι
1985 4250 2048 4300 γε

474 4325 635 4393 ήμεῖς
673 4319 936 4389 πολλαχοῦ
964 4319 1057 4372 καὶ
1082 4319 1305 4381 δικαίως
1333 4320 1614 4388 πάσχομεν
1639 4335 1652 4350 ·
1679 4321 1882 4383 ἐκεῖνος
1910 4321 1966 4372 δὲ
1987 4320 2048 4373 οὐ

480 4410 637 4476 μόνον
667 4407 883 4467 ἀδίκως,
917 4404 1053 4456 ἀλλά
1082 4403 1176 4455 καὶ
1210 4404 1420 4467 ἀσεϐῶς
1442 4421 1454 4434 ·
1481 4406 1568 4457 τὸν
1598 4406 1891 4477 εὐεργέτην
1918 4406 2047 4477 γὰρ,

474 4492 565 4545 τὸν
596 4493 746 4545 οὐδὲν
793 4489 1108 4559 ἠδικηκότα,
1167 4489 1353 4543 τοῦτον
1393 4491 1761 4558 ἐσταύρωσαν.
1810 4493 1908 4547 Διά
1955 4494 2044 4561 τί;

476 4580 595 4633 εἰπέ
627 4597 734 4650 μοι.
767 4578 923 4649 δόξης
957 4578 1177 4641 ἓνεκενς
1223 4579 1333 4631 Καὶ
1377 4579 1483 4649 μὴν
1516 4581 1676 4643 αὐτὸς
1704 4582 1900 4646 αὐτοὺς
1931 4582 2050 4636 ἐσέ-

480 4686 662 4739 μνυνε.
697 4667 849 4734 Πῶςς
896 4667 1027 4721 Ἐπὶ
1058 4666 1168 4736 τῆς
1216 4667 1475 4733 Μωσέως
1506 4670 1813 4738 καθέδρας,
1862 4672 2045 4742 φησὶν,

473 4757 759 4811 ἐκάθισαν
786 4757 839 4808 οι
883 4754 1237 4824 γραμματεῖς
1273 4755 1371 4809 καὶ
1394 4759 1447 4810 οἱ
1492 4758 1816 4824 Φαρισαῖοι.
1848 4760 2050 4833 Πάντα

474 4841 588 4901 οὖν
614 4843 652 4898 ἀ
671 4842 957 4913 λέγουσιν
1000 4842 1141 4910 ὑμῖν
1168 4843 1380 4909 ποιεῖν,
1425 4844 1670 4899 ποιεῖτε·
1703 4847 1851 4901 κατὰ
1881 4847 1949 4901 δὲ
1979 4849 2050 4904 τὰ

475 4934 615 5003 ἔργα
636 4931 834 4987 αὐτῶν
853 4931 937 5001 μὴ
960 4930 1200 4985 ποιεῖτε.
1221 4932 1332 4986 Καὶ
1353 4932 1511 4986 πάλιν
1530 4931 1757 5005 ἀλλαχοῦ
1778 4951 1792 4967 ο
1808 4936 2045 5007 Ὕπαγε,

476 5023 675 5087 δεῖξον
695 5020 955 5077 σεαυτὸν
969 5020 1050 5087 τῷ
1078 5022 1235 5090 ἱερεῖ.
1261 5022 1368 5075 Καὶ
1387 5021 1679 5093 δυνάμενος
1728 5025 1922 5089 αὐτοὺς
1941 5029 2049 5081 ἀπ-

478 5110 678 5173 ολέσαι,
722 5107 903 5174 σώζει.
937 5109 1145 5163 Τοῦτον
1176 5106 1268 5164 οὖν
1308 5110 1696 5181 μιμησώμεθα,
1727 5114 1821 5165 καὶ
1858 5114 2048 5185 μηδεὶς

477 5197 668 5267 ἐχθρός
697 5215 842 5261 τινος
875 5198 1035 5261 ἔστω,
1073 5199 1261 5270 μηδεὶς
1291 5198 1565 5270 πολέμιος,
1597 5200 1708 5253 ἀλλ’
1734 5202 1766 5271 ἢ
1797 5201 1889 5255 τοῦ
1928 5203 2046 5257 δια-

478 5282 633 5337 ϐόλου
668 5284 847 5355 μόνον.
1653 5352 1663 5362 ι

555 5370 614 5426 ε’.
632 5374 704 5425 Οὐ
734 5371 927 5442 μικρόν
951 5388 1002 5423 τι
1020 5371 1157 5441 πρὸς
1174 5372 1330 5426 τοῦτο
1344 5375 1436 5428 καὶ
1458 5376 1517 5427 τὸ
1535 5375 1609 5447 μὴ
1625 5376 1847 5446 ὀμνύναι
1868 5396 2047 5433 συντε-

476 5462 576 5526 λεῖ,
616 5461 707 5514 καὶ
737 5460 799 5512 τὸ
831 5460 905 5531 μὴ
935 5460 1267 5531 ὀργίζεσθαι.
1318 5463 1447 5515 ’Λπὸ
1476 5464 1568 5517 τοῦ
1626 5466 1699 5537 μὴ
1732 5467 2046 5535 ὀργίζεσθαι

476 5550 595 5603 οὐδὲ
623 5549 812 5619 ἐχθρὸν
841 5547 1052 5617 ἕξομεν.
1092 5548 1361 5618 Ἔκκοψον
1410 5550 1693 5621 ἀνθρώπου
1740 5554 1830 5607 τὸν
1859 5555 2041 5627 ὅρκον,

476 5640 569 5691 καὶ
593 5636 661 5690 τά
702 5634 875 5706 πτερά
903 5634 1229 5705 περιέκοψας
1258 5637 1356 5706 τῆς
1381 5637 1570 5708 ὀργῆς,
1588 5640 1679 5693 τόν
1702 5639 1869 5712 θυμὸν
1897 5642 2047 5695 ἔσϐε-

480 5744 574 5789 σας
629 5728 859 5781 ἀπάντα.
910 5723 1118 5795 Ὥσπερ
1171 5724 1277 5804 γὰρ
1334 5724 1549 5795 πνεῦμα
1591 5726 1624 5797 ή
1671 5727 1827 5799 ὀργὴ,
1882 5730 1974 5783 καὶ
2019 5732 2047 5784 6

477 5809 633 5878 ὅρκος
653 5809 835 5865 ὲστίδ.
861 5807 1106 5863 Χάλασον
1143 5808 1209 5861 τὰ
1239 5808 1400 5863 ἱστία·
1432 5807 1583 5863 οὐδὲν
1623 5808 1814 5879 ὄφελος
1853 5811 2043 5880 ἱστίου,

543 5936 566 6001 ς’
605 5936 739 6001 Unus
765 5941 997 6000 γενέσθαι.
1042 5939 1121 5995 Μὴ
1148 5937 1236 6001 γὰρ
1258 5939 1338 5994 ὡς.

540 5993 568 6035 δ’
593 5999 740 6048 Savil.
777 5993 969 6062 ’πνεῦμα
991 5993 1135 6064 ὀργῆς
1159 5993 1190 6049 ό
1213 5993 1361 6063 ’ὅρκος
1381 6000 1505 6050 ἐστί.

1672 6096 1683 6106 ⁵

2151 451 2459 521 πνεύματος
2496 454 2594 505 οὐκ
2621 452 2791 518 ὄντος.
2814 454 2910 507 Ἂν
2930 454 3107 508 τοίνυν
3133 454 3207 525 μὴ
3239 454 3548 526 κράζωμεν,
3588 458 3719 526 μηδὲ

2148 536 2459 607 ὀμνύωμεν,
2506 538 2573 590 τά
2604 536 2771 608 νεῦρα
2821 538 3153 609 ἐξεκόψαμεν
3198 538 3291 592 τοῦ
3346 539 3540 611 θυμοῦ.
3571 541 3632 593 Εἰ
3665 542 3725 595 δὲ

2149 618 2446 681 ἀπιστεῖτε,
2506 624 2698 691 πεῖραν
2726 620 2914 675 λάϐετε
2971 622 3063 675 τοῦ
3096 623 3432 693 πράγματος.
3496 623 3586 676 καὶ
3643 625 3727 677 ὅτι

2149 700 2320 765 οὕτως
2344 702 2475 772 ἔχει,
2497 705 2615 756 τότε
2630 704 2919 772 γνώσεσθε.
2944 705 3045 768 Θὲς
3078 706 3155 776 τῷ
3202 704 3524 775 θυμουμένῳ
3562 706 3722 776 νόμον

2153 785 2420 855 μηδέποτε
2449 786 2695 857 ὀμνύναι,
2751 789 2843 841 καὶ
2865 789 2968 842 οὐκ
2997 788 3385 861 ἀναγκασθήσῃ
3406 790 3533 857 περὶ
3552 793 3724 842 ἐπιει-

2149 869 2299 932 κείας
2350 870 2495 941 αὐτῷ
2526 871 2888 941 διαλεχθῆναι.
2948 872 3102 926 Οὐτω
3133 874 3194 926 τὸ
3222 874 3329 926 πᾶν
3351 875 3595 944 ήνυσταιο
3634 875 3727 926 κα)⁸

2149 950 2272 1005 οὐτε
2297 954 2671 1023 ὲπιορκήσετε,
2698 953 2817 1006 οὕτε
2838 948 3097 1024 ὀμόσεσθε
3114 955 3270 1019 ὅλως.
3303 956 3415 1008 Οὐκ
3456 956 3590 1019 ἴστε,
3646 958 3724 1019 είς

2148 1035 2278 1098 ὅσας
2309 1037 2534 1100 ἀτοπίας
2564 1038 2787 1099 ἑαυτοὺς
2814 1038 3058 1090 ἐντεῦθεν
3092 1039 3422 1109 ὲμϐάλλετε;
3482 1040 3727 1111 Ἀνάγκη

2149 1119 2257 1190 γάρ
2293 1120 2474 1190 δεσμῷ
2501 1122 2724 1185 ἑαυτοὺς
2755 1122 3182 1191 περιϐάλλοντες,
3205 1124 3299 1176 καὶ
3330 1125 3479 1197 πάσῃ
3507 1128 3722 1195 μηχανῇ

2152 1206 2540 1269 σπουδάζοντες
2577 1205 2714 1259 ὥστε
2742 1207 2987 1277 καθάπερ
3023 1207 3079 1274 ἐξ
3112 1207 3353 1276 ἀφύκτου
3380 1209 3523 1272 τινὸς
3553 1208 3726 1261 κακοῦ

2148 1289 2249 1359 τὴν
2266 1289 2442 1359 ψυχήν
2467 1289 2652 1355 ὲξελκύ
2662 1308 2769 1356 σαι,
2810 1287 2926 1344 εἶτα
2945 1291 3018 1361 μὴ
3046 1291 3362 1361 δυνηθέντες
3378 1303 3425 1357 ο,
3444 1292 3627 1345 λοιπὸν
3667 1294 3725 1344 ὲν

2149 1372 2307 1443 ὀδύνῃ
2347 1373 2553 1439 διάγειν
2614 1373 2707 1425 καὶ
2738 1374 2955 1444 μάχαις,
2982 1373 3348 1445 καὶ.ἀράσθαι
3397 1375 3475 1445 τῷ
3537 1375 3724 1445 θυμῴο

2150 1455 2288 1509 ἀλλά
2319 1458 2496 1511 πάντα
2521 1458 2642 1527 είκῆ
2696 1458 2792 1510 καὶ
2845 1459 3018 1529 μάτην
3046 1458 3272 1526 γίνεται.
3318 1457 3526 1512 Οὐκοῦν
3573 1458 3729 1512 ἀπεί-⁹

2149 1539 2331 1609 λησον,
2380 1540 2642 1609 διόρισαι,
2682 1543 2857 1596 πάντα
2900 1542 3125 1611 ποίησον
3159 1541 3323 1612 χωρὶς
3372 1542 3558 1613 ὅρκου.
3599 1542 3723 1606 Ἐξ-

2149 1640 2296 1677 εστιν
2328 1623 2587 1677 ἀναλῦσαι
2617 1624 2712 1677 καὶ
2738 1623 2805 1676 τὰ
2830 1623 3104 1693 λεχθέντα,
3133 1627 3226 1678 καὶ
3250 1626 3318 1679 τὰ
3350 1626 3631 1694 γενόμενα,
3660 1626 3737 1679 ἀντ

2150 1705 2328 1779 θέλῃς.
2352 1706 2507 1760 Οῦτω
2542 1711 2776 1778 τήμερον
2821 1708 3028 1779 ἀνάγκη
3066 1710 3363 1779 πραότερον
3401 1710 3525 1777 ύμῖν
3549 1710 3729 1761 διαλε-

2148 1789 2361 1859 χθῆναι.
2380 1789 2595 1861 Ἐπειδὴ
2618 1789 2725 1861 γὰρ
2740 1790 3026 1860 ἠκούσατε,
3043 1793 3134 1844 καὶ
3163 1792 3222 1843 τὸ
3255 1791 3412 1844 πλέον
3445 1792 3571 1861 ὑμῖν
3595 1809 3729 1845 κατ-

2149 1873 2419 1944 ώρθωται.
2457 1875 2593 1945 Φέρε
2627 1874 2688 1945 δὴ
2723 1874 2924 1935 λοιπὸν,
2972 1875 3115 1935 τίνος
3141 1874 3322 1927 ἕνεκεν
3355 1876 3726 1944 έπεισῆλθενό

2151 1954 2452 2026 [Ἰηόρκος,
2471 1957 2562 2009 καὶ
2578 1957 2663 2009 διὰ
2675 1958 2724 2009 τί
2749 1957 3091 2027 συνεχωρήθη
3110 1952 3268 2020 εἷναι,
3285 1958 3727 2027 εῖπωμεν.Ἀνω-

2150 2039 2241 2093 θεν
2263 2039 2360 2109 τὴν
2380 2040 2590 2107 γένεσιν
2620 2040 2781 2093 αὐτοῦ
2822 2039 3189 2110 διηγούμενοι,
3217 2040 3310 2093 καὶ
3335 2040 3461 2093 πότε
3499 2041 3720 2111 ἐτέχθη,

2149 2121 2394 2186 καὶπῶς,
2408 2123 2503 2175 καὶ
2518 2124 2668 2194 παρά
2684 2122 2862 2185 τίνων,
2879 2122 3218 2193 ἀμειψόμεθα
3237 2123 3267 2174 ὐ
3275 2124 3377 2189 μᾶς
3394 2125 3460 2192 τῇ
3476 2123 3723 2193 διηγήσει

2150 2204 2287 2274 ὑπὲρ
2313 2207 2412 2274 τῆς
2443 2205 2686 2275 ὑπακοῆς
2699 2204 2857 2259 ἀ.Τὸν
2886 2207 2982 2276 μὲν
3016 2206 3123 2276 γὰρ
3142 2204 3539 2275 κατωρθωκότα
3556 2209 3724 2272 ἀναγ-

2152 2290 2306 2341 καῖον
2346 2288 2438 2340 καὶ
2478 2287 2816 2358 φιλοσοφεῖνο
2863 2289 2954 2342 τὸν
3001 2289 3057 2342 65
3118 2289 3362 2359 μηδέπω,
3413 2288 3533 2340 οὐδὲ
3571 2288 3729 2357 λόγον

2151 2370 2381 2425 ἀκοῦσαι
2417 2371 2583 2437 ἀξιον.
2625 2371 2911 2442 Ἐποίησαν
2960 2370 3229 2442 συνθήκας
3282 2372 3480 2435 πολλὰς
3507 2373 3556 2425 οἱ
3596 2373 3730 2443 περὶ

2150 2455 2242 2507 τὸν
2284 2454 2554 2526 Ἀϐραὰμ,
2599 2455 2693 2508 καὶ
2718 2454 2956 2523 ἔσφαξαν
2986 2454 3218 2524 θύματα,
3254 2455 3349 2507 καὶ
3379 2454 3565 2518 θυσίας
3597 2456 3729 2527 ἀνιή-

2152 2554 2370 2604 νεγκαν,
2390 2538 2482 2590 καὶ
2509 2538 2716 2591 οὐδέπω
2736 2538 2801 2609 ἦν
2830 2540 3011 2607 ὅρκος.
3038 2538 3208 2592 Πόθεν
3237 2533 3330 2591 οὖν
3351 2538 3667 2609 ἐπεισῆλθεν
3700 2541 3733 2593 6

2145 2622 2342 2693 69x05;
2390 2622 2519 2675 Ὅτε
2545 2622 2612 2676 τὰ
2645 2621 2791 2675 κακὰ
2829 2621 3062 2692 ηὐξήθη,
3122 2623 3209 2676 ὅτε
3245 2622 3418 2676 πάντα
3447 2621 3579 2693 ὀμοῦ
3613 2624 3726 2679 ἀνω

2153 2707 2245 2759 καὶ
2274 2707 2421 2759 κάτω
2440 2706 2678 2774 γέγονεν,
2693 2707 2779 2760 ὅτε
2807 2705 2941 2775 πρὸς
2955 2705 3390 2777 είδωλολατρείαν
3409 2707 3726 2761 ἀπέκλιναν·

2151 2790 2270 2843 τότε
2290 2791 2375 2860 δὴ,
2402 2790 2542 2855 τότε,
2571 2790 2659 2842 ὅτε
2703 2790 2917 2843 ἄπιστοι
2939 2788 3121 2842 λοιπὸν
3148 2790 3443 2857 ἐφαίνοντο,
3474 2790 3566 2843 τὸν
3599 2792 3732 2845 Θεὸν

2152 2873 2380 2926 ἐκάλουν
2407 2873 2676 2943 μάρτυρα,
2716 2871 2903 2943 ὥσπερ
2950 2872 3220 2945 ἐγγυητὴν
3252 2873 3481 2937 διδόντες
3508 2874 3614 2927 τῶν
3638 2875 3727 2927 λε-

2152 2957 2395 3026 γομένων
2428 2956 2743 3027 ἀξιόχρεων.
2805 2955 2975 3009 Τοῦτο
3003 2958 3110 3027 γὰρ
3136 2958 3296 3028 ὅρκος
3324 2959 3459 3020 ἐστὶ,
3512 2959 3730 3029 τρόπων

2152 3039 2563 3108 ἀπιστουμένων
2580 3039 2941 3111 ὲγγύη.Ὢστε
2957 3040 3144 3112 πρώτη
3161 3042 3461 3113 κατηγορία
3483 3042 3620 3115 αῦτη
3636 3044 3731 3097 τοῦ

2151 3121 2455 3193 ὀμνύοντος,
2479 3125 2526 3175 εί
2555 3124 2629 3195 μὴ
2660 3124 2962 3176 πιστεύοιτο
2989 3125 3153 3195 χωρὶς
3175 3125 3393 3193 ὲγγύου,
3409 3127 3503 3181 καὶ
3527 3128 3729 3196 ὲγγύου

2155 3204 2413 3274 μεγάλου·
2436 3204 2524 3258 διά
2550 3206 2657 3277 γὰρ
2673 3208 2771 3277 τὴν
2808 3206 3007 3276 πολλὴν
3042 3208 3297 3261 ἀπιστίαν
3324 3209 3422 3262 οὐκ
3444 3209 3732 3277 ἄνθρωπον

2153 3286 2405 3356 ζητοῦσιν
2463 3288 2677 3355 ἔγγυον,
2713 3289 2848 3343 ἀλλά
2880 3290 2969 3342 τὸν
2997 3290 3143 3343 Θεόν.
3185 3290 3462 3363 Δεύτερον,
3496 3293 3591 3346 καὶ
3631 3294 3728 3347 τοῦ

2151 3370 2516 3441 λαμϐάνοντος
2538 3371 2629 3423 τὸν
2657 3373 2816 3442 ὅρκον
2840 3373 2899 3426 τὸ
2918 3373 3046 3426 αὐτὸ
3077 3373 3343 3445 ἔγκλημα,
3360 3377 3408 3429 εί
3447 3377 3587 3448 ὑπὲρ
3612 3395 3731 3430 συν-

2153 3456 2512 3525 αλλαγμάτων
2550 3456 2956 3527 διαφερόμενος,
2985 3458 3074 3511 τὸν
3116 3457 3246 3513 Θεὸν
3270 3460 3416 3513 ’ἑλκοι
3449 3461 3586 3533 πρὸς
3627 3463 3733 3534 τὴν

2154 3538 2373 3607 ἐγγύην,
2396 3538 2489 3591 καὶ
2504 3538 2651 3607 λέγοι
2675 3540 2747 3612 μὴ
2775 3540 3123 3608 ἀφίστασθαι,
3151 3544 3200 3595 εἰ
3224 3542 3298 3613 μὴ
3330 3544 3534 3596 ἐκεῖνον
3551 3544 3728 3599 λάϐοι.

2157 3628 2220 3680 Ὢ
2247 3626 2344 3695 τῆς
2381 3626 2825 3697 ὑπερϐαλλούσης
2859 3628 3229 3700 ἀναισθησίας,
3268 3629 3313 3682 ὣ
3339 3630 3436 3700 τῆς
3478 3630 3729 3702 ῦϐρεωςὶ

2155 3707 2367 3779 σκώληξ
2389 3710 2481 3762 καὶ
2501 3710 2569 3780 γῆ
2600 3710 2693 3763 καὶ
2719 3710 2910 3773 σποδὸς
2948 3712 3229 3781 τυγχάνων
3254 3713 3348 3780 καὶ
3385 3715 3607 3779 καπνὸς,
3636 3716 3734 3772 τὸν

2152 3794 2429 3864 Δεσπότην
2459 3811 2550 3847 σου
2573 3794 2751 3857 ἕλκεις
2773 3796 2853 3857 εἰς
2881 3795 3368 3865 ὲγγύην,κάκεῖνον
3400 3798 3733 3868 ἀναγκάζεις

2152 3877 2355 3933 λαϐεῖν.
2391 3878 2523 3930 Είπέ
2551 3895 2640 3948 μοι
2665 3888 2712 3941 θ,
2746 3880 2794 3931 ει
2816 3877 2923 3931 τῶν
2962 3878 3165 3934 παίδων
3190 3881 3341 3951 ὑμῶν
3371 3882 3735 3950 φιλονεικούνο

2151 3978 2259 4016 των
2328 3960 2462 4031 πρὸς
2519 3961 2782 4031 ἀλλήλους
2804 3999 2819 4024 ,
2880 3963 2975 4015 καὶ
3032 3964 3439 4035 ἀπιστουμένων
3491 3967 3731 4032 ἑαυτοῖς,

2152 4043 2350 4114 ἔφησεν
2388 4046 2416 4096 6
2460 4044 2745 4113 όμόδουλος
2790 4045 2864 4117 μὴ
2907 4046 3339 4117 ἀποστήσεσθαι,
3386 4049 3491 4112 ἕως
3534 4048 3600 4103 ἂν
3636 4053 3739 4105 τὸν

2153 4129 2327 4182 κοινὸν
2355 4128 2616 4198 δεσπότην
2662 4130 2933 4199 ἐγγυητὴν
2969 4130 3143 4184 λάϐοιο
3171 4129 3279 4204 ἆρα
3317 4133 3416 4187 οὐκ
3445 4133 3511 4187 ἀν
3568 4134 3735 4190 ἔλαϐε

2154 4210 2365 4281 πληγὰς
2401 4210 2617 4281 μυρίας,
2642 4213 2736 4264 καὶ
2758 4212 2979 4283 ἔμαθεν,
3011 4214 3191 4284 ὅτιτῷ
3227 4215 3460 4288 δεσπότῃ
3490 4218 3571 4280 είς
3593 4219 3736 4272 ἄλλα

2155 4294 2453 4364 κεχρῆσθαι
2485 4294 2582 4358 δεῖ,
2629 4296 2729 4347 οὐκ
2760 4298 2838 4359 είς
2866 4296 3066 4361 ταῦτα;
3131 4299 3195 4352 Τί
3220 4298 3361 4367 λέγω
3397 4301 3689 4370 ὁμόδουλον
3717 4320 3736 4369 ;

2154 4379 2215 4429 Εί
2252 4376 2358 4448 γὰρ
2407 4376 2824 4450 αίδεσιμώτερον
2876 4380 3047 4433 εἵλετο
3084 4381 3270 4452 ἄνδρα,
3305 4384 3403 4453 οὐχ
3451 4384 3605 4455 ὓϐριν
3673 4388 3736 4439 τὸ

2152 4463 2384 4531 πρᾶγμα
2412 4462 2655 4531 ἡγήσατο
2686 4463 2785 4529 άν;
2828 4464 2966 4516 Ἀλλ’
2995 4464 3105 4533 ἐγὼ
3137 4466 3195 4517 οὐ
3255 4466 3534 4537 βούλομαι,
3570 4470 3732 4539 φησί.

2152 4543 2366 4608 Καλῶς
2394 4543 2587 4598 οὐκοῦν
2640 4546 2772 4617 μηδὲ
2809 4549 3014 4601 ἐκεῖνον
3044 4549 3340 4617 ἀνάγκαζε,
3367 4552 3490 4605 ἐπεὶ
3516 4552 3606 4604 καὶ
3642 4554 3734 4605 ἐπ’

2150 4626 2450 4699 ἀνθρώπων
2477 4628 2635 4681 τοῦτο
2666 4628 2891 4698 γίνεται,
2923 4631 2987 4684 ἂν
3025 4631 3173 4705 εἴπῃ,
3217 4633 3318 4685 Τὸν
3348 4634 3492 4687 δεῖνα
3534 4634 3731 4706 δίδωμι

2150 4710 2440 4781 ἐγγυητὴν,
2474 4712 2537 4764 σὺ
2566 4712 2665 4765 οὐκ
2694 4714 2879 4785 ἀνέχῃ.
2913 4714 2976 4766 Τί
3004 4710 3128 4781 οῦνς
3158 4716 3252 4768 καὶ
3279 4716 3546 4781 ἀπολέσω,
3568 4721 3728 4787 φησὶ,

2150 4793 2211 4847 τὸ
2251 4795 2551 4865 διδόμενον;
2593 4798 2667 4851 Οὐ
2706 4796 2850 4865 λέγω
2898 4798 3085 4864 τοῦτο,
3135 4799 3271 4852 ἀλλά
3333 4802 3414 4854 ὅτι
3451 4802 3542 4853 τὸν
3593 4802 3737 4855 Θεὸν

2152 4882 2370 4953 ὑϐρίσαι
2397 4882 2584 4955 ἀνέχῃ.
2633 4884 2722 4937 Διὸ
2748 4886 2843 4939 καὶ
2895 4885 3091 4957 μᾶλλον
3125 4889 3152 4939 ὁ
3189 4886 3621 4955 καταναγκάζων
3692 4889 3727 4959 ἢ

2149 4968 2177 5019 6
2204 4967 2371 5036 ὀμνὺς
2395 4966 2763 5038 ἀπαραίτητον
2791 4968 2903 5038 ἔχει
2929 4969 3026 5040 τὴν
3057 4970 3295 5023 κόλασινο
3343 4970 3603 5036 ὡσαύτως
3628 4975 3729 5029 καὶ

2149 5051 2177 5103 6
2201 5050 2423 5120 μηδενὸς
2453 5050 2724 5114 αἰτοῦντος
2737 5052 2922 5122 ὀμνύς.
2948 5052 3055 5105 Καὶ
3078 5053 3139 5105 τὸ
3157 5053 3219 5123 δὴ
3236 5054 3631 5125 χαλεπώτερον,
3643 5058 3727 5112 ὅτι

2149 5134 2336 5204 ὀμνύει
2386 5134 2610 5198 ἕκαστος
2660 5135 2798 5207 ὑπὲρ
2834 5135 3019 5188 ὀϐολοῦ
3070 5137 3204 5200 ἑνὸς,
3238 5138 3375 5209 ὑπὲρ
3409 5140 3726 5214 προσθήκης

2153 5219 2371 5288 μικρᾶς,
2391 5217 2529 5288 ὑπὲρ
2560 5217 2792 5281 ἀδικίας.
2826 5219 3027 5279 Ταῦτα.
3047 5220 3172 5273 ὅταν
3195 5220 3268 5291 μὴ
3284 5215 3416 5274 ὦσιν
3428 5224 3723 5295 ἐπιορκίαι.

2149 5300 2214 5354 ἂν
2275 5300 2330 5353 δὲ
2385 5301 2633 5372 ἐπιορκία
2686 5301 3165 5375 παρακολουθήσῃ,
3229 5306 3404 5359 πάντα
3463 5306 3574 5360 ἀνω
3630 5310 3726 5362 καὶ

2149 5383 2315 5443 κάτω,
2348 5385 2440 5436 καὶ
2469 5386 2496 5436 6
2519 5384 2717 5445 λαϐὼν,
2741 5385 2879 5439 καὶό
2908 5387 3031 5450 δοὺς
3058 5389 3370 5459 πεποίηκεν.
3409 5391 3546 5443 Ἀλλ’
3577 5390 3725 5445 ἔστιν

2148 5465 2483 5535 ἀγνοούμενά
2509 5486 2648 5531 τινα,
2687 5468 2867 5536 φησίν.
2916 5469 3076 5523 Ἀλλά
3112 5471 3283 5525 ταῦτα
3318 5473 3721 5544 προορώμενος,

2152 5549 2318 5618 μηδὲν
2348 5550 2488 5602 ποίει
2543 5551 2819 5621 ῥᾳθύμως
2847 5553 2895 5604 εί
2926 5553 2981 5605 δὲ
3015 5554 3274 5624 ῥᾳθύμως
3306 5559 3509 5618 ποιεῖς,
3562 5556 3725 5610 ἀπαί-

2147 5649 2228 5684 τει
2281 5633 2475 5687 σαυτὸν
2510 5634 2663 5704 δίκην
2715 5637 2937 5706 ζημίας.
2991 5633 3209 5692 Βέλτιον
3261 5641 3400 5693 οῦτω
3444 5641 3726 5711 ζημιωθῆ-

2148 5733 2254 5779 ναι,
2284 5716 2316 5786 ἢ
2347 5718 2566 5787 ἑτέρως.
2621 5720 2753 5774 Εἰπὲ
2808 5722 2917 5792 γάρ
2967 5740 3078 5793 μοι,
3112 5725 3290 5788 ἕλκεις
3331 5729 3410 5788 είς
3442 5726 3603 5796 ὃρκον
3632 5725 3727 5778 τὸν

2147 5798 2335 5869 ἄνδρα,
2364 5800 2416 5852 τί
2451 5803 2787 5871 προσδοκῶν;
2836 5807 2917 5859 ὅτι
2970 5809 3318 5877 ὲπιορκήσει;
3370 5808 3529 5861 Ἀλλὰ
3567 5806 3726 5862 τοῦτο

2216 5953 2236 5978 ε
2261 5942 2423 5992 COdPx
2456 5956 2584 5991 unus
2624 5945 2868 5998 ἐξελκύσαι
2910 5947 3265 6002 σπουδάζοντες,
3287 5949 3316 6003 ἢ

3347 5950 3408 6008 μή
3436 5950 3721 6005 δυνηθέντες.

2154 6002 2180 6042 ἀ
2203 6006 2338 6056 Idem
2354 6006 2469 6068 ὑπὲρ
2481 6012 2563 6063 τῆς
2585 6006 2749 6065 ἀκοῆς.

2827 6022 2847 6048 ο
2859 6007 2958 6060 Alii
2976 6008 3247 6067 ἀναγκάζεις
3260 6007 3475 6070 ἑλκύσαι,
3500 6011 3599 6060 εἰπέ
3621 6024 3727 6059 an.
