4036 6212
264 312 317 368 8|
1215 307 1283 363 ΙΝ
1322 308 1497 363 ACTA
1537 305 2054 364 APOSTOLORUM.
2096 307 2322 363 "OMIL.
2365 306 2454 363 lX.
3408 314 3479 370 se

264 426 389 487 estis,
421 423 610 493 inquit,
644 422 741 490 ﬁlii
767 422 1144 493 map/telarum,
1176 431 1221 475 et
1244 422 1521 475 testamenti
1545 420 1677 489 quod
1695 419 1803 473 dis-

264 516 406 581 posuit
428 513 577 569 Deus.
601 513 933 578 Testamenti,
964 513 1153 582 inquit,
1182 512 1308 579 ﬁlii,
1337 510 1385 563 id
1408 520 1510 576 est,
1543 508 1802 564 hatredes.

262 604 325 659 Ne
348 604 640 658 viderentur
666 604 812 656 enim
844 603 959 656 lucc
986 618 1051 656 ex
1082 601 1340 655 beneﬁcio
1365 601 1505 655 Petti
1529 599 1768 668 accipere
1788 639 1803 661 ,

260 694 470 747 ostendit
490 694 589 763 jam
621 693 753 746 olim
782 693 886 748 illis
916 693 1018 747 hoc
1058 691 1295 746 debitum
1334 691 1529 755 fuisse,
1562 700 1617 745 ut
1643 689 1809 758 magis

261 787 520 842 crederent
540 786 588 840 id
623 786 737 840 Deo
764 786 1019 855 placitum
1042 799 1183 839 esse.
1222 783 1367 836 Vobis
1398 784 1612 850 primum
1634 781 1768 834 Deus
1790 820 1804 842 ,

263 878 455 946 inquit,
479 893 584 931 cm
610 878 901 931 suscitasset
921 918 936 941 ,
968 877 1129 943 ﬁlium
1158 891 1307 928 suum
1351 876 1501 927 misit.
1539 873 1652 927 Non
1682 874 1810 927 sitn-

265 969 457 1039 pliciter
480 970 639 1033 dixit,
670 968 838 1023 Vobis
864 970 1009 1022 misit
1050 967 1239 1021 Filium
1268 982 1422 1019 suum
1452 984 1465 1029 ;
1493 964 1586 1019 sed
1613 966 1769 1017 etiam
1792 1006 1807 1027 ,

265 1074 373 1130 post
408 1063 840 1117 resurrectionem
864 1103 880 1127 ,
912 1070 968 1116 et
1004 1061 1216 1131 quando
1259 1060 1546 1113 cruciﬁxus
1586 1058 1702 1112 luit.
1734 1056 1811 1111 Ne

262 1165 477 1224 putarent
503 1157 649 1209 enim
680 1153 855 1224 ipsum
884 1153 1097 1223 quidem
1128 1152 1238 1207 haec
1263 1152 1507 1221 lurgitum
1535 1166 1672 1213 esse,
1706 1165 1808 1202 non

259 1264 371 1303 vero
395 1249 596 1303 Patrem
619 1288 635 1312 ,
670 1248 793 1302 ideo
827 1246 1029 1301 addidit
1057 1245 1179 1299 illud
1205 1288 1218 1309 ,
1249 1244 1625 1298 Benedicentent
1656 1241 1808 1295 vobis.

259 1342 305 1395 Si
326 1343 452 1397 enim
480 1341 683 1395 fratrer
713 1350 893 1413 vester
918 1349 1001 1394 est
1020 1349 1073 1395 et
1104 1339 1365 1394 benedicit
1388 1337 1554 1398 vobis,
1588 1335 1810 1404 promisr

261 1435 328 1487 sio
347 1452 419 1488 res
444 1444 551 1496 est;
582 1434 635 1486 id
666 1444 772 1497 est,
804 1432 1031 1486 Tantum
1060 1430 1229 1495 abest,
1252 1443 1309 1482 ut
1335 1445 1436 1484 non
1458 1426 1814 1483 communice-

266 1529 324 1581 tis
342 1541 443 1579 cum
471 1526 573 1584 his.
602 1535 665 1578 ut
697 1524 860 1578 etiam
885 1540 980 1576 vos
1006 1522 1125 1576 aliis
1158 1530 1402 1574 auctores
1429 1530 1481 1573 et
1506 1518 1667 1573 duces
1696 1531 1813 1571 esse

269 1618 399 1672 \elit.
417 1617 486 1670 Ne
507 1619 691 1686 itaque
718 1631 815 1668 vos
852 1624 908 1668 ut
946 1614 1137 1681 abjecti
1164 1622 1219 1667 et
1255 1611 1514 1681 repudiati
1554 1609 1810 1664 habeatis.

280 1707 338 1762 Ut
357 1719 575 1761 causam
595 1726 673 1770 se,
696 1708 888 1777 inquit,
913 1707 1248 1775 unusquisque
1265 1705 1326 1758 ab
1348 1703 1703 1772 iniquitatibus.
1728 1701 1816 1756 Sic

278 1815 356 1854 vos
380 1801 635 1855 benedicet
656 1843 674 1865 ,
707 1811 759 1852 et
788 1814 895 1853 non
925 1798 1256 1865 simpliciter.
1286 1797 1463 1865 Ecqua
1496 1796 1610 1849 lucc
1649 1795 1813 1849 benc-

273 1893 429 1945 (ﬁctio?
448 1893 659 1959 Magna.
697 1893 878 1962 Neque
905 1892 1045 1946 enim
1072 1891 1309 1944 converti
1334 1888 1402 1942 ab
1431 1887 1811 1957 iniquitatibus,

264 1986 364 2039 satis
386 1995 460 2039 est
494 1985 564 2039 ad
612 1986 737 2039 illas
765 1984 1046 2038 solvendas
1074 2002 1086 2037 :
1114 1984 1156 2037 si
1185 1991 1361 2036 autem
1398 1981 1463 2035 ad
1505 1979 1814 2036 solvendum

260 2092 341 2129 non
381 2076 579 2129 sufﬁcit
606 2118 623 2141 ,
669 2074 938 2145 quomodo
985 2073 1407 2128 benedictionem
1442 2070 1567 2125 dare
1614 2068 1817 2140 possit?

256 2167 406 2235 Nque
432 2169 582 2222 enim
612 2169 705 2237 qui
753 2167 951 2236 injuste
994 2167 1131 2235 egit,
1172 2166 1278 2233 jam
1322 2163 1654 2218 benedicitur
1677 2201 1691 2226 ,
1721 2160 1814 2215 sed

254 2271 572 2327 peccatorum
616 2259 989 2313 remissionem
1019 2258 1228 2325 accipit.
1261 2254 1389 2309 Illud
1418 2265 1593 2309 autem
1620 2295 1633 2317 ,
1668 2251 1813 2305 Tamv

250 2368 375 2418 suam
402 2368 505 2412 me,
538 2351 642 2404 nisi
668 2350 959 2405 secundum
983 2346 1328 2418 lt-gislationis
1355 2346 1568 2399 modum
1599 2344 1818 2412 accipia-

250 2453 348 2507 tur,
380 2444 595 2496 nullam
626 2450 802 2511 potest
822 2441 1082 2495 rationem
1112 2439 1329 2494 habere.
1359 2436 1536 2508 Ipsum
1565 2437 1778 2491 audietis
1800 2476 1815 2502 ,

248 2536 432 2602 inquit:
465 2550 645 2603 neque
674 2535 997 2604 simpliciter,
1026 2531 1260 2594 sed,Erit
1286 2533 1447 2587 omnis
1475 2534 1643 2586 anima
1666 2575 1680 2595 ,
1709 2548 1822 2601 quas

246 2643 329 2679 non
371 2628 607 2679 audierit
642 2628 933 2696 prapltetam
948 2626 1113 2690 illum,
1137 2626 1544 2679 exterminabitur
1578 2626 1640 2678 de
1660 2624 1816 2695 plebe.

247 2718 461 2783 Quando
502 2718 627 2771 illos
675 2726 980 2785 peccatores
1013 2715 1287 2781 ostendit,
1340 2715 1570 2785 ipsisque
1612 2715 1818 2770 veniam

245 2809 380 2862 dedit
405 2852 422 2871 ,
451 2809 705 2879 bamque
732 2809 1009 2878 promisit;
1042 2819 1165 2862 tunc
1203 2808 1438 2863 ostendit
1463 2808 1692 2879 Moysem
1722 2807 1822 2862 hoc

249 2900 413 2965 ipsum
451 2899 677 2953 dixisse.
722 2900 785 2953 Et
828 2915 1067 2968 quaenam
1113 2899 1226 2953 hare
1276 2902 1649 2969 consequentia
1700 2910 1819 2967 est,

253 2989 415 3055 Εηυι
440 2993 506 3043 ad
546 3002 777 3058 tempora
812 2991 1169 3055 restitutionis;
1197 3003 1249 3046 et
1293 2991 1543 3046 inducere
1587 2991 1819 3062 Moysetn

250 3085 533 3145 dicentem,
562 3099 659 3136 ρος
685 3084 861 3137 omnia
887 3126 901 3145 ,
934 3100 1053 3150 qua:
1075 3084 1215 3136 dicet
1242 3082 1483 3138 Christus
1506 3125 1520 3149 ,
1552 3084 1823 3138 audituros

250 3192 363 3233 esse
386 3195 401 3241 ;
431 3194 607 3248 neque
635 3178 949 3247 simpliciter
973 3217 985 3238 ,
1015 3176 1106 3231 sed
1132 3192 1251 3230 cum
1283 3176 1503 3231 terribili
1531 3175 1821 3231 commina-

255 3272 435 3325 tione?
462 3271 649 3340 “agna
681 3289 693 3323 :
723 3270 956 3325 ostendit
982 3271 1122 3324 enim
1166 3279 1221 3324 et
1252 3281 1468 3338 propter
1506 3270 1607 3325 hoc
1635 3271 1709 3325 illi
1736 3270 1823 3325 ob.

256 3363 534 3429 temperari
572 3370 843 3427 oportere.
878 3361 1011 3425 Quid
1050 3370 1170 3423 est,
1215 3358 1340 3413 Filii
1382 3360 1735 3429 prophetarum
1778 3372 1825 3415 et

257 3452 576 3505 testamenti?
605 3453 856 3507 lla-redes
881 3494 896 3517 ,
936 3466 1291 3506 successores.
1322 3451 1375 3507 Si
1416 3467 1542 3523 ergo
1573 3453 1701 3517 ﬁlii,
1729 3469 1826 3509 cur

259 3560 389 3611 erga
414 3558 501 3597 res
523 3554 745 3608 vestras,
776 3554 834 3598 ut
856 3561 978 3613 erga
1007 3545 1236 3608 alienas,
1266 3544 1438 3600 allecti
1468 3545 1633 3600 estis?
1664 3546 1826 3615 Igitur

259 3636 599 3689 accusatione
639 3636 852 3703 quidem
893 3636 1045 3706 digna
1090 3637 1330 3702 fecistis;
1377 3638 1615 3707 poteritis
1648 3646 1823 3692 tamen

258 3726 467 3779 veniam
497 3726 769 3797 consequi.
799 3726 995 3781 Deinde
1022 3736 1297 3797 postquam
1322 3727 1434 3782 hac
1456 3728 1681 3791 dixerat,
1706 3728 1826 3797 jure

259 3820 479 3886 adjicit:
524 3818 674 3872 Vobis
710 3819 841 3872 misit
881 3818 1013 3872 Deus
1054 3818 1244 3873 Filium
1283 3837 1427 3874 suum
1466 3820 1827 3874 benedicentem

262 3926 361 3962 eos.
392 3909 508 3964 Non
553 3910 702 3971 dicit,
730 3909 1061 3973 Servantem,
1092 3910 1206 3977 sed,
1234 3910 1375 3981 quod
1403 3912 1571 3979 majus
1597 3920 1697 3975 est,
1727 3910 1825 3965 Be-

268 4007 603 4071 udicmwm,’
630 4004 920 4059 ostendens
956 4004 1263 4059 crucilixum
1305 4004 1700 4059 benedicturum
1735 4020 1829 4060 eos

268 4112 410 4159 es-e.
460 4098 551 4165 qui
596 4112 656 4150 se
694 4095 1091 4150 cruciﬁxerunt.
1142 4096 1291 4150 Hunc
1340 4111 1466 4167 ergo
1496 4111 1595 4151 nos
1620 4110 1830 4165 quoque

272 4192 530 4244 imitemur
560 4207 576 4243 :
603 4190 876 4257 ejiciatnus
898 4191 1126 4243 animam
1156 4192 1545 4260 sanguinariam
1571 4203 1622 4246 et
1650 4193 1829 4246 inimi-

269 4299 394 4335 cam.
426 4284 545 4337 Non
591 4283 786 4337 suflicit
821 4299 925 4336 nou
968 4284 1169 4338 ulcisci.
1203 4284 1311 4338 Hoc
1336 4294 1390 4339 et
1430 4285 1481 4338 in
1526 4287 1689 4339 veteri
1718 4286 1831 4356 lege

270 4378 451 4429 factum
483 4385 597 4438 est;
630 4374 722 4428 sed
747 4376 923 4429 omnia
950 4374 1201 4429 faciamus
1232 4392 1326 4444 pro
1356 4376 1439 4439 iis,
1472 4377 1558 4445 qui
1594 4392 1692 4431 nos
1735 4377 1827 4430 la:-

269 4478 439 4519 seruut
463 4508 481 4531 ,
510 4466 663 4536 quasi
693 4481 791 4535 pro
827 4466 1009 4520 amicus
1037 4469 1305 4536 germanis
1329 4508 1343 4529 ,
1375 4468 1523 4535 quasi
1556 4483 1650 4536 pro
1680 4469 1831 4523 nobis

270 4556 409 4623 quis.
446 4557 602 4611 illius
645 4558 937 4613 imitatores
978 4574 1197 4623 sumus,
1247 4560 1385 4613 illius
1428 4560 1703 4627 discipuli,
1743 4562 1830 4629 qui

269 4660 541 4717 postquam
580 4652 861 4704 cruciﬁxus
888 4651 1004 4713 fuit,
1036 4651 1211 4705 omnia
1234 4654 1398 4707 movit
1428 4669 1521 4721 pro
1549 4656 1629 4718 iis,
1657 4655 1743 4725 qui
1774 4670 1831 4709 se

266 4740 654 4801 enseitixerant,
688 4741 1024 4809 etapostolos
1048 4742 1213 4797 misit.
1241 4743 1393 4811 Atqui
1423 4758 1518 4796 nos
1539 4759 1677 4812 ειιτρεε
1693 4744 1833 4813 juste

268 4834 526 4897 patimur;
557 4832 650 4886 ille
678 4847 803 4886 vero
839 4849 942 4886 non
980 4834 1138 4888 modo
1169 4834 1358 4902 injuste
1381 4876 1394 4896 ,
1428 4836 1518 4889 sed
1544 4847 1599 4891 et
1626 4839 1782 4907 impie
1815 4856 1828 4893 :

266 4922 659 4979 bene-factorem
699 4927 839 4980 euitn
861 4967 877 4990 ,
908 4927 997 4997 qui
1039 4927 1168 4980 nihil
1199 4942 1256 4981 se
1284 4928 1523 4995 lzeserat,
1552 4932 1830 4987 cruciﬁxe-

266 5026 401 5069 runt.
442 5015 706 5070 Cor?dic
742 5015 869 5069 mihi
896 5036 912 5073 :
943 5018 1127 5085 gloria:
1165 5018 1361 5071 causa?
1406 5019 1563 5089 Atqui
1603 5023 1712 5091 ipse
1740 5039 1832 5076 eos

264 5106 466 5159 honore
482 5104 770 5159 afﬁciebat.
789 5107 1104 5172 Quomodo?
1134 5106 1303 5176 Super
1326 5110 1614 5163 cathedram
1644 5110 1828 5182 Moysi,

264 5199 463 5269 inquit.
505 5200 737 5253 sedenmt
773 5201 947 5253 scriba:
980 5211 1026 5253 et
1068 5199 1335 5255 Pharistei.
1366 5202 1545 5255 Omnia
1586 5220 1702 5273 ergo
1725 5220 1835 5273 quia

262 5294 429 5344 dicunt
460 5291 600 5345 vobis
629 5303 681 5343 ut
709 5293 940 5364 faciatis.
974 5295 1123 5361 facite
1144 5310 1162 5346 :
1200 5295 1469 5349 secundum
1495 5314 1647 5364 opera
1673 5308 1834 5351 autent

259 5384 463 5436 illorum
493 5384 648 5437 nolite
670 5386 836 5451 facere
858 5385 1066 5457 (Matth.
1094 5386 1183 5442 25.
1212 5387 1266 5443 2.
1292 5389 1365 5455 5);
1389 5396 1441 5441 et
1461 5403 1644 5442 rursus
1670 5390 1791 5444 alibi
1817 5407 1831 5440 τ

270 5472 409 5529 Vnde
430 5492 451 5528 :
471 5476 680 5529 ostende
717 5486 764 5530 te
785 5478 1030 5531 sacerdoti
1063 5481 1080 5547 (
1102 5478 1182 5532 Id.
1209 5480 1260 5535 8.
1280 5480 1315 5535 4
1344 5480 1380 5550 ).
1419 5480 1481 5533 Ει
1515 5495 1631 5533 cum
1658 5489 1836 5549 posset

262 5567 381 5621 illos
428 5567 694 5637 perdere,
735 5570 999 5625 servabat.
1044 5570 1192 5627 llunc
1237 5574 1395 5644 igitur
1444 5572 1744 5639 imitemur,
1785 5581 1838 5627 et

263 5675 422 5716 neruo
442 5664 741 5733 cujuspiam
767 5664 1109 5734 sitinimicus,
1126 5683 1293 5743 neque
1310 5666 1497 5747 hostis,
1516 5666 1614 5721 nisi
1638 5675 1836 5721 tantum

1986 420 2038 476 5.
2067 420 2316 479 Adversus
2326 422 2535 491 jurundi
2561 423 3188 479 consuetudinem—Non
3216 440 3400 495 parum
3413 429 3480 483 ad

1915 511 2016 567 hoc
2055 512 2261 568 confert
2303 513 2462 568 etiam
2495 529 2597 567 non
2620 513 2821 583 jurare,
2859 524 2914 570 et
2950 531 3055 569 non
3084 516 3257 570 irasci.
3286 516 3342 571 Si
3374 531 3479 571 non

1915 604 2233 671 irascamur,
2265 621 2436 672 tteqtte
2464 606 2734 661 inimicum
2759 607 3088 663 habebimus.
3110 608 3379 665 Ahscinde
3414 609 3483 664 ab

1916 694 2131 750 homine
2149 697 2530 763 jurameutum,
2561 706 2613 751 et
2643 697 2735 750 ira:
2784 698 2895 752 alas
2938 698 3203 764 excidisti,
3232 700 3483 771 illamque

1918 795 2079 839 totam
2111 786 2430 841 cxstinxisti.
2459 787 2554 841 Est
2578 788 2718 841 enim
2762 788 2898 842 sicut
2928 799 3115 844 ventus
3163 790 3240 844 ira
3267 791 3483 860 etjura-

1916 890 2153 934 mentum
2189 880 2204 911 ¹
2238 897 2252 933 :
2284 879 2505 934 demitte
2533 880 2668 940 vela.
2700 880 2842 934 nulla
2864 880 2964 935 veli
2998 882 3231 948 utilitas,
3259 882 3303 935 si
3344 883 3485 938 desit

1916 982 2124 1027 ventus.
2154 972 2207 1027 Si
2236 989 2362 1040 ergo
2390 989 2487 1027 nec
2511 974 2752 1040 juremus
2773 989 2872 1028 nec
2896 974 3211 1036 clamemus,
3241 976 3332 1028 ira:
3354 990 3480 1030 ner-

1915 1079 2010 1117 vos
2047 1064 2384 1119 succidimus.
2431 1065 2484 1119 Si
2509 1082 2633 1119 vero
2666 1082 2767 1118 non
2796 1066 3033 1126 creditis.
3070 1067 3359 1135 periculmn
3404 1068 3483 1122 rei

1916 1156 2088 1220 facite,
2112 1165 2163 1209 ct
2198 1171 2309 1209 rem
2340 1157 2416 1209 sic
2445 1172 2500 1209 se
2530 1155 2728 1210 habere
2766 1159 3122 1227 cognoscetis.
3155 1158 3349 1228 Legem
3375 1159 3484 1213 ira-

1917 1245 2091 1299 ctmdo
2120 1262 2277 1312 pone,
2302 1255 2360 1300 ut
2386 1264 2451 1301 ne
2476 1264 2723 1316 umquam
2753 1248 2913 1317 juret,
2942 1259 2994 1303 et
3020 1264 3123 1303 non
3166 1266 3299 1318 opus
3324 1250 3485 1306 habe-

1919 1337 1998 1390 bis
2024 1353 2142 1390 cum
2163 1338 2249 1391 illo
2270 1338 2336 1392 de
2359 1339 2758 1393 mansuetudine
2804 1355 3102 1395 sermonem
3142 1340 3361 1397 habere.
3390 1341 3480 1397 Sic

1917 1434 2082 1480 totum
2116 1428 2400 1496 perfectum
2428 1430 2556 1494 erit;
2598 1440 2651 1483 et
2680 1445 2776 1483 nec
2803 1431 3128 1498 pejerabitis,
3159 1446 3258 1485 nec
3278 1431 3487 1501 jurabi-

1917 1518 1984 1572 tis
2032 1520 2265 1574 omnino.
2315 1519 2558 1581 Nescitis.
2607 1522 2656 1574 in
2688 1533 2883 1589 quanta
2936 1522 3165 1578 absurd.)
3217 1539 3311 1579 vos
3360 1524 3483 1579 inde

1917 1610 2208 1678 conjiciatis
2236 1610 2259 1663 ’ἒ
2314 1610 2542 1665 Necesse
2572 1612 2710 1666 enim
2730 1623 2830 1670 est.
2880 1622 2935 1666 ιιι
2981 1614 3190 1667 vinculo
3215 1629 3310 1667 vos
3348 1630 3484 1669 cou-

1918 1701 2210 1770 stringatis,
2237 1711 2291 1755 et
2314 1718 2525 1756 omnem
2554 1704 2851 1757 machinam
2893 1704 3188 1759 atlhibeatis
3210 1746 3225 1769 ,
3259 1713 3314 1757 ut
3336 1704 3485 1773 quasi

1918 1805 1981 1845 ex
2012 1793 2298 1847 inevitabili
2324 1795 2569 1863 quoliiam
2596 1795 2984 1863 malo‘aniptam
3007 1794 3265 1873 eripiatis;
3291 1795 3487 1851 deinde

1918 1898 2064 1949 vero,
2092 1885 2135 1939 si
2163 1900 2265 1938 non
2290 1885 2520 1953 possitis,
2550 1886 2599 1937 in
2627 1885 2831 1947 dolore,
2863 1887 3008 1949 rixis,
3031 1885 3487 1941 exsecrationibus

1919 1974 2154 2043 degetis;
2186 1975 2278 2029 sed
2309 1976 2484 2029 omnia
2540 1975 2728 2029 frustra
2776 1976 2986 2031 cedent.
3045 1976 3209 2044 Igitur
3257 1978 3484 2042 minare,

1920 2066 2234 2134 prmscribe,
2289 2066 2462 2119 omnia
2515 2065 2631 2120 sine
2672 2066 2976 2131 juramento
3028 2066 3204 2119 facito.
3258 2066 3407 2120 Licet
3431 2074 3486 2120 et

1920 2156 2056 2211 dicta
2077 2165 2131 2211 et
2159 2155 2293 2211 facta
2311 2158 2599 2218 resolvere,
2630 2161 2672 2210 si
2702 2157 2953 2210 volueris.
2975 2156 3063 2211 Sic
3086 2156 3245 2212 hodie
3260 2172 3483 2213 necesse

1920 2258 2021 2312 est,
2052 2258 2107 2302 ut
2134 2249 2283 2302 vobis
2309 2250 2631 2304 mansuetius
2662 2249 2957 2318 loquamur.
2986 2250 3117 2314 Quia
3138 2250 3277 2304 enim
3304 2250 3486 2304 audis-

1922 2340 2009 2402 tis,
2036 2355 2223 2409 magua
2256 2355 2376 2408 pars
2405 2341 2480 2394 rei
2508 2355 2536 2392 a
2560 2341 2710 2393 vobis
2734 2338 2965 2408 perfecta
2994 2353 3095 2396 est.
3124 2343 3234 2412 Age
3262 2341 3330 2397 de
3355 2342 3484 2396 reli—
3570 2326 3585 2345 ’

1921 2448 2045 2501 quo,
2074 2430 2530 2501 curjuramentum
2555 2432 2817 2486 invectum
2846 2443 2947 2497 est,
2978 2443 3028 2485 et
3054 2448 3149 2487 cur
3167 2432 3487 2493 admissum,

1921 2522 2176 2577 dicamus.
2210 2522 2533 2578 Enarrantes
2588 2523 2855 2593 quomodo
2896 2526 3065 2592 primo
3091 2535 3265 2579 ortum
3295 2526 3399 2587 sit,
3431 2537 3486 2579 et

1922 2615 2134 2685 quando
2180 2623 2235 2669 et
2263 2631 2291 2667 a
2317 2617 2654 2684 quibusnam,
2704 2616 3063 2685 obsequentia:
3116 2626 3307 2670 vestras
3347 2615 3491 2670 vices

1929 2707 2299 2776 rependamus.
2330 2707 2477 2760 lllum
2499 2708 2661 2768 enim,
2691 2709 2777 2776 qui
2808 2716 2952 2762 recte
2976 2709 3103 2776 agit,
3138 2723 3355 2763 necesse
3398 2717 3483 2763 est

1929 2798 2291 2868 philosophari
2324 2816 2337 2850 :
2376 2798 2463 2867 qui
2495 2798 2727 2850 nondum
2757 2799 2879 2851 talis
2896 2808 2997 2857 est,
3031 2813 3127 2852 nec
3153 2798 3346 2866 dignus
3382 2799 3487 2853 erit

1925 2891 2011 2960 qui
2040 2890 2235 2944 audiat.
2277 2889 2425 2944 Fecit
2450 2890 2575 2942 olim
2606 2900 2755 2956 pacta
2780 2888 2943 2941 multa
2974 2889 3263 2952 Abraham,
3294 2900 3348 2941 et
3370 2890 3480 2942 vic-

1925 2981 2082 3033 timas
2112 2979 2426 3043 immolavit,
2458 2978 2763 3048 bestiasque
2787 2979 2996 3035 obtulit.
3021 2993 3083 3032 ac
3109 2977 3341 3032 nondum
3372 2987 3492 3032 erat

1922 3070 2307 3138 jurameutum.
2340 3068 2490 3124 Unde
2517 3084 2642 3139 ergo
2664 3073 3021 3138 juramentmn
3059 3078 3232 3123 ortum
3258 3068 3439 3121 habuit
3465 3070 3489 3110 ⁷

1927 3161 2151 3228 Quando
2189 3172 2339 3216 aucta
2371 3171 2493 3215 sunt
2518 3161 2675 3227 mala,
2699 3162 2910 3230 quando
2953 3163 3128 3216 omnia
3180 3176 3271 3215 sus
3315 3161 3489 3230 deque

1929 3254 2067 3309 facta
2090 3263 2232 3320 sunt,
2264 3254 2475 3324 quando
2499 3254 2562 3307 ad
2594 3253 2941 3307 idololatriam
2965 3254 3316 3309 declinarunt.
3339 3253 3490 3309 Tunc

1928 3361 2076 3416 ergo,
2105 3358 2249 3412 tunc,
2273 3362 2391 3400 cum
2416 3345 2670 3400 increduli
2720 3361 2933 3414 prorsus
2968 3356 3168 3409 essent,
3205 3346 3367 3401 Deum
3401 3347 3493 3399 ad-

1927 3439 2184 3493 vocabant
2205 3447 2413 3501 testvm,
2446 3438 2592 3507 quasi
2611 3436 2826 3506 dignum
2853 3438 3111 3491 dictorum
3136 3437 3495 3506 ﬁdejussorem

1927 3529 2134 3583 dantes.
2169 3530 2280 3584 Hoc
2308 3530 2447 3584 enim
2477 3538 2561 3583 est
2585 3530 2962 3595 juramenlunt,
2998 3528 3287 3596 ﬁdejussio,
3314 3528 3399 3580 tibi
3429 3527 3498 3579 ob

1930 3636 2137 3674 morum
2181 3621 2575 3690 corruptionem
2600 3621 2727 3674 ﬁdes
2744 3620 3113 3674 nouhobetur.
3164 3620 3343 3689 Itaque
3397 3620 3499 3673 hoc

1933 3713 2158 3780 primum
2183 3713 2382 3766 crimen
2430 3712 2656 3781 jurantis
2677 3723 2778 3776 est,
2802 3713 2844 3765 si
2878 3728 2982 3767 non
3010 3713 3257 3767 credatur
3286 3714 3401 3768 sine
3430 3713 3497 3766 li-

1931 3805 2229 3874 dejussore,
2262 3812 2318 3858 et
2343 3820 2532 3874 magno
2555 3805 2897 3873 ﬁdejussore:
2930 3809 3051 3874 quia
3081 3809 3224 3861 enim
3263 3806 3401 3860 nulla
3433 3806 3499 3860 ll-

1931 3895 2028 3951 des
2072 3896 2314 3959 ltabetur,
2349 3911 2452 3948 non
2484 3894 2752 3950 hominem
2787 3897 3062 3965 requirunt
3091 3898 3453 3965 lidejussorem
3481 3939 3497 3962 ,

1932 3986 2024 4042 sed
2082 3988 2267 4041 Deum.
2297 3985 2563 4051 Secundo,
2597 3985 2783 4040 eadem
2808 4002 3019 4055 quoque
3045 3989 3199 4055 culpa
3226 3998 3307 4042 est
3335 3989 3451 4058 ejus
3481 4030 3497 4055 ,

1932 4080 2020 4148 qui
2046 4079 2399 4148 juramentttm
2431 4077 2635 4143 recipit,
2663 4078 2706 4132 si
2730 4077 2780 4130 in
2811 4077 2974 4145 pactis
3003 4077 3168 4131 Deum
3190 4076 3255 4131 ad
3280 4078 3498 4147 ﬁdejus-

1933 4172 2137 4225 sionem
2165 4170 2357 4235 trahat,
2376 4178 2430 4223 et
2457 4168 2599 4223 dicat
2623 4184 2724 4223 non
2757 4168 3113 4223 discessurum
3142 4183 3200 4223 se
3223 4168 3325 4222 nisi
3349 4168 3497 4222 illum

1933 4263 2173 4332 accipiat.
2204 4262 2248 4316 Ο
2277 4262 2540 4331 ingentem
2584 4259 2981 4329 stupiditateml
3010 4274 3043 4314 ο
3068 4260 3440 4315 contumeliam
3475 4261 3490 4316 !

1937 4353 2160 4417 Vermis,
2191 4360 2330 4406 terra
2359 4361 2413 4405 et
2437 4352 2573 4405 cinis
2617 4366 2739 4406 cum
2765 4351 2837 4405 sis
2866 4360 3024 4422 atque
3061 4349 3260 4413 fumus.
3316 4350 3494 4406 Domi-

1935 4460 2059 4498 num
2094 4452 2240 4497 tuum
2274 4443 2440 4498 trahis
2468 4442 2533 4496 ad
2563 4442 2955 4510 ﬁdejussionem
2988 4451 3043 4497 et
3068 4442 3216 4496 illum
3246 4444 3392 4514 cogis
3407 4458 3499 4498 ac-

1934 4535 2148 4605 cipere?
2180 4534 2271 4589 Dic
2292 4534 2440 4599 mihi,
2471 4534 2515 4587 si
2545 4536 2714 4589 servis
2735 4534 2927 4588 vestris
2952 4536 3089 4589 inter
3106 4549 3163 4589 se
3181 4534 3499 4601 rixantibus,

1937 4642 2034 4681 nec
2057 4626 2155 4680 sibi
2190 4634 2373 4680 mutuo
2400 4626 2760 4691 credentibus,
2805 4626 3007 4681 diceret
3051 4640 3345 4682 conservus
3394 4643 3498 4681 non

1934 4716 2309 4772 discedendum
2333 4732 2453 4772 esse
2480 4716 2649 4771 donec
2677 4718 2975 4771 communis
3004 4716 3254 4773 dominus
3278 4717 3499 4785 ﬁdejus-

1937 4824 2026 4862 sor
2044 4808 2349 4873 accederet;
2378 4823 2550 4863 annon
2575 4808 2719 4863 mille
2738 4809 2919 4879 plagas
2935 4809 3219 4878 acciperet,
3247 4818 3305 4863 ut
3332 4810 3502 4865 disce-

1938 4910 2017 4954 ret
2068 4899 2283 4953 domino
2312 4899 2375 4953 ad
2397 4900 2521 4964 alia,
2554 4914 2658 4953 non
2690 4899 2756 4952 ad
2786 4899 2899 4954 haec
2923 4900 2997 4953 uti
3025 4900 3314 4969 Oportere?
3364 4900 3501 4966 Quid

1935 4991 2056 5044 dico
2082 5004 2395 5055 conservum
2418 4989 2442 5041 τ
2470 5005 2589 5042 nam
2612 4989 2655 5043 si
2688 4989 2855 5043 virum
2913 4988 3357 5045 vcnerabiliorem
3400 4991 3502 5045 eli-

1936 5092 2119 5153 geret,
2149 5097 2325 5135 annon
2355 5079 2405 5135 id
2432 5081 2523 5135 ille
2547 5095 2642 5149 pro
2666 5080 2985 5134 contumelia
3016 5079 3233 5135 haberet
3258 5081 3281 5134 ‘l
3310 5082 3379 5135 At
3404 5097 3504 5152 ego

1942 5177 2086 5237 nolo,
2117 5175 2345 5243 inquies.
2374 5174 2539 5227 Recte
2567 5190 2579 5223 :
2621 5188 2749 5241 ergo
2779 5187 2951 5242 neque
2979 5172 3127 5227 illum
3147 5187 3307 5243 cogas
3338 5193 3351 5229 :
3381 5190 3503 5232 nam

1938 5267 2039 5321 hoc
2070 5269 2127 5319 tit
2151 5267 2308 5320 etiam
2329 5264 2466 5337 apud
2487 5266 2726 5321 homines
2744 5306 2759 5333 ,
2782 5266 2825 5320 si
2849 5264 2967 5335 quis
2993 5264 3221 5335 dixerit,
3247 5266 3397 5322 Illum
3428 5276 3506 5322 ta-

2004 5401 2021 5432 ί
2048 5400 2196 5467 iuxta
2223 5398 2377 5448 Savil.
2402 5400 2666 5467 legendum
2691 5408 2842 5455 esset.
2868 5404 2950 5451 Est
2986 5399 3112 5467 enim
3141 5400 3281 5467 quasi
3302 5400 3505 5465 spiritus

1941 5462 2031 5529 ira:
2048 5461 2394 5529 jurameutum.
2436 5464 2561 5529 Haec
2589 5476 2736 5524 porro
2775 5477 2875 5529 non,
2894 5461 3459 5529 parum__iniriea_ta'sun_t
3488 5479 3501 5489 ο

1936 5522 2210 5586 juramenta
2237 5522 2355 5571 dicit
2382 5536 2491 5571 esse
2520 5522 2621 5572 alas
2648 5532 2698 5586 et
2726 5526 2831 5572 vela
2866 5522 2968 5581 iraa,
2998 5524 3176 5586 quibus
3202 5522 3411 5586 sublatis
3436 5522 3502 5571 ira

1943 5587 2159 5649 tollitur;
2183 5584 2763 5649 juramenta_enim_ir_atl
2803 5592 2960 5649 erant,
2997 5584 3049 5633 et
3082 5584 3499 5649 iram__augeba_nt.

1943 5646 2124 5694 Verum
2146 5651 2201 5706 ut
2221 5643 2269 5692 in
2291 5643 2577 5706 Prasiatione
2604 5646 2833 5701 diximus,
2860 5642 2905 5691 in
2931 5642 3063 5693 hisce
3085 5642 3319 5704 Homiliis~
3335 5642 3503 5706 multa

1941 5714 2054 5772 sunt
2087 5704 2383 5772 reticetttia;_:
2406 5707 2486 5772 ubi
2528 5722 2609 5755 res
2633 5706 3062 5772 itacuuntiantur,
3088 5712 3140 5755 ut
3173 5704 3369 5749 uountsi
3391 5711 3506 5749 cum

1944 5769 2111 5820 labore
2144 5777 2196 5818 et
2228 5766 2546 5819 meditatione
2580 5767 2817 5829 explicari
2843 5766 3047 5827 possint.
