4026 6216
454 374 525 432 n3
1224 364 1278 420 8.
1316 361 1587 419 JOANNIS
1621 352 2094 415 CHRYSOSTOMI
2132 359 2446 419 ARCHIEP.
2487 364 3011 424 CONSTANTINOP.
3611 373 3679 425 Si.

456 490 558 544 lem
588 486 659 541 do
707 483 1090 552 fideiussorem,
1121 488 1173 534 tu
1201 495 1304 533 non
1341 475 1620 547 permittis.
1650 472 1787 543 Quid
1809 472 1965 542 igitur
1992 470 2016 523 ἲ

457 580 688 648 inquies,
721 575 1007 645 perdatnne
1025 573 1166 642 quod
1207 569 1374 625 dedi?
1410 568 1527 623 Non
1571 567 1675 622 hoc
1723 565 1845 643 dico
1872 580 1888 628 ;
1923 561 2017 616 sed

457 684 654 740 queror
682 667 822 737 quod
854 667 1019 721 Deum
1040 664 1240 718 afficias
1281 661 1620 718 contumelia.
1667 658 1893 727 Ideoque
1926 657 1970 710 is
1998 696 2015 721 ,

450 761 538 831 qui
569 760 746 829 cogit,
781 757 1137 813 inevitabilius
1166 753 1479 825 supplicium
1500 749 1733 816 habebit,
1760 762 1916 818 quam
1947 746 2014 812 is,

448 852 537 921 qui
563 851 709 920 iurat
733 868 745 902 :
769 849 1118 916 similiterque
1148 846 1212 907 is,
1240 845 1327 914 qui
1368 842 1577 897 nemine
1603 838 1902 910 postulante
1923 837 2014 906 iu-

449 940 827 1009 rat.Quodque
862 939 1077 1008 gravius
1101 946 1203 1001 est,
1255 934 1442 1003 singuli
1476 932 1560 987 vel
1597 948 1691 1000 pro
1719 945 1823 983 uno
1853 928 2014 981 obolo

446 1033 647 1102 iurant,
679 1046 775 1099 pro
797 1048 953 1100 parva
983 1046 1060 1094 re,
1093 1043 1186 1095 pro
1213 1027 1491 1096 iniustitia.
1535 1024 1659 1078 Haec
1688 1038 1835 1087 vero,
1890 1037 2010 1074 cum

446 1123 566 1177 sine
588 1121 818 1190 periurio
859 1122 1069 1190 agitur:
1122 1132 1239 1172 nam
1296 1116 1338 1170 si
1394 1113 1680 1184 periurium
1720 1122 2009 1182 sequatur,

447 1214 623 1267 omnia
651 1228 741 1266 sus
769 1213 942 1281 deque
985 1218 1282 1272 vertuntur,
1307 1218 1362 1263 et
1392 1208 1443 1261 in
1471 1220 1631 1262 causa
1656 1213 1780 1259 sunt
1811 1214 1916 1256 tam
1968 1204 2011 1257 is

450 1308 538 1378 qui
561 1307 785 1375 accepit,
813 1321 969 1375 quam
997 1305 1042 1359 is
1070 1305 1158 1374 qui
1186 1303 1352 1357 dedit.
1382 1305 1467 1365 At,
1515 1301 1741 1370 inquies,
1770 1298 2010 1369 quaedam

448 1409 571 1454 sunt
596 1414 712 1466 qua:
740 1398 1067 1467 ignorantur.
1097 1396 1288 1450 Verum
1318 1393 1431 1447 haec
1459 1394 1505 1448 si
1530 1392 1846 1461 praevidcas,
1879 1388 2011 1442 nihil

448 1503 645 1544 temere
668 1490 828 1543 facies
855 1506 869 1542 :
897 1490 941 1542 si
965 1488 1089 1558 quid
1118 1502 1247 1541 vero
1274 1486 1598 1554 negligenter
1627 1498 1750 1553 agas
1772 1523 1787 1547 ,
1818 1497 1847 1535 a
1873 1482 2011 1549 teip-

446 1596 506 1633 so
539 1594 721 1648 poenas
769 1581 940 1649 exige.
988 1578 1175 1635 Melius
1200 1586 1283 1631 est
1319 1577 1396 1630 sic
1416 1576 1612 1629 damno
1639 1573 1800 1637 affici,
1850 1586 2009 1641 quam

446 1671 551 1723 alio
581 1670 759 1726 modo.
791 1671 886 1726 Dic
907 1670 1049 1726 enim
1071 1671 1218 1733 mihi,
1256 1668 1421 1723 trahis
1441 1667 1742 1736 quempiam
1769 1664 1834 1718 ad
1855 1666 2008 1733 iura-

446 1773 680 1817 mentnm
700 1802 713 1826 ,
752 1762 874 1831 quid
902 1761 1259 1830 exspectans?
1297 1774 1423 1813 num
1445 1758 1585 1827 quod
1623 1757 1864 1826 peieret?
1904 1754 2008 1810 Sed

448 1854 552 1908 hoc
577 1834 828 1907 extrema:
852 1862 934 1908 est
963 1853 1313 1922 insipientiaa;
1373 1853 1425 1905 in
1475 1859 1631 1920 caput
1684 1860 1828 1901 tuum
1878 1846 2008 1900 ultio

450 1954 688 1999 vertetur
718 1963 730 1997 :
769 1945 958 1998 melius
984 1953 1099 1998 crat
1130 1943 1380 2013 pecunias
1423 1950 1546 1995 tuas
1588 1940 1759 2007 perire
1784 1979 1800 2004 ,
1849 1953 2006 2008 quam

447 2034 616 2089 illum.
648 2033 753 2087 Cur
794 2038 893 2089 hoc
920 2035 986 2089 ad
1013 2033 1266 2088 damnum
1312 2022 1458 2087 tuum
1487 2042 1538 2085 et
1587 2031 1679 2084 Dei
1726 2038 2005 2084 contume-

448 2127 574 2181 liam
605 2127 732 2181 facis
758 2128 781 2180 Υ
808 2127 931 2181 Haec
977 2128 1152 2179 anima
1202 2128 1327 2179 fera:
1357 2134 1435 2180 est
1462 2133 1516 2178 et
1550 2122 1696 2191 impii
1735 2121 1853 2175 viri.
1900 2119 2007 2175 Sed

443 2235 621 2289 spero,
652 2220 799 2274 illum
835 2234 937 2272 non
968 2219 1324 2287 peieraturum
1352 2230 1492 2271 esse.
1522 2217 1658 2285 Ergo
1679 2214 1837 2268 etiam
1879 2212 1998 2267 sine

441 2313 741 2385 iuramento
765 2312 946 2366 crede.
980 2311 1084 2365 Sed
1130 2311 1279 2364 multi
1316 2319 1460 2372 sunt,
1494 2310 1719 2377 inquies,
1771 2306 1863 2375 qui
1894 2320 1998 2359 nou

440 2406 597 2476 iurati
629 2405 875 2459 fraudare
903 2404 1097 2458 audent
1126 2445 1139 2467 ,
1167 2404 1327 2473 iurati
1374 2417 1548 2456 secus.
1582 2401 1831 2468 Teipsum
1862 2399 2007 2453 deci-

440 2499 544 2567 pis,
576 2514 609 2550 o
638 2498 815 2551 homo.
846 2496 945 2561 Qui
974 2496 1133 2548 furari
1159 2505 1211 2549 et
1239 2496 1533 2562 proximum
1564 2492 1757 2546 luiderc
1784 2491 2001 2556 didicit,

438 2605 582 2658 saepe
597 2589 951 2658 inramentmn
981 2588 1138 2641 etiam
1170 2586 1527 2649 conculcabit;
1556 2584 1601 2639 si
1628 2593 1801 2637 autem
1827 2582 2006 2651 iurare

441 2690 713 2744 vereatur,
761 2681 931 2733 multo
966 2679 1133 2748 magis
1168 2677 1364 2746 iniuste
1397 2691 1554 2744 agere
1580 2674 1864 2728 verebitur.
1900 2670 2007 2728 Sed

442 2771 640 2826 invitus
666 2771 769 2826 hoc
794 2771 1032 2840 patitur?
1061 2770 1201 2839 Ergo
1232 2770 1382 2823 venia
1427 2766 1635 2837 dignus.
1675 2766 1778 2822 Sed
1806 2766 2006 2822 relictis

440 2862 546 2917 illis
574 2861 873 2915 forensibus
893 2860 1228 2930 iuramentis,
1250 2859 1378 2929 quid
1399 2858 1627 2913 dehisce
1650 2858 1865 2912 dicam?
1896 2856 2004 2910 Illic

439 2956 567 3010 nihil
592 2954 698 3010 tale
715 2955 896 3009 dicere
922 2963 1073 3023 potes
1104 2971 1116 3006 :
1148 2968 1267 3007 nam
1308 2968 1402 3021 pro
1436 2953 1618 3006 decem
1653 2951 1824 3005 obolis
1854 2950 2002 3019 iura-

438 3059 614 3102 menta
636 3047 768 3101 fiunt
784 3056 839 3101 et
859 3046 1108 3117 periuria.
1123 3045 1253 3112 Quia
1275 3036 1415 3096 enim
1440 3042 1632 3096 fulmen
1654 3056 1881 3110 superne
1899 3055 2001 3093 non

437 3140 681 3205 mittitur,
706 3140 826 3209 quia
850 3154 954 3192 non
985 3140 1160 3191 omnia
1182 3136 1700 3199 subvertantur,stas
1727 3134 1887 3187 Deum
1909 3132 2004 3185 ob-

436 3228 848 3299 stringens.Qua
874 3228 942 3283 de
966 3226 1147 3281 causa?
1173 3224 1240 3280 Ut
1260 3226 1421 3286 olera,
1448 3223 1726 3277 utealceos
1752 3222 1997 3290 accipias,

437 3339 535 3394 pro
563 3322 770 3376 modica
792 3321 1012 3391 pecunia
1042 3321 1091 3372 in
1113 3329 1300 3372 testem
1331 3317 1475 3370 illum
1500 3316 1745 3371 advocas.
1767 3316 1998 3385 Nc,qnia

437 3432 541 3469 non
576 3417 852 3485 plectimur
877 3456 892 3476 ,
924 3424 1166 3481 putemus
1191 3426 1286 3466 nos
1316 3429 1419 3464 non
1451 3426 1668 3479 peccare
1692 3428 1705 3464 :
1732 3412 1831 3464 hoc
1860 3411 1997 3466 divi-

436 3522 521 3561 nae
564 3506 943 3561 misericordia:
972 3514 1051 3559 est
1075 3546 1089 3569 ,
1119 3520 1222 3556 non
1265 3514 1459 3556 nostra:
1494 3502 1719 3556 virtutis.
1752 3502 1876 3557 Jura
1905 3519 2001 3571 per

437 3613 656 3668 puerum
689 3606 834 3650 tntnn
866 3614 878 3660 ;
928 3597 1042 3663 iura
1072 3611 1166 3664 per
1198 3600 1420 3663 tcipsum
1447 3612 1460 3656 ;
1492 3595 1575 3648 dic
1607 3612 1620 3647 :
1651 3595 1737 3648 Sic
1754 3610 1821 3649 ne
1844 3596 1999 3648 lictor

437 3690 610 3743 adstet
643 3688 901 3743 lateribus
922 3688 1074 3741 meis.
1112 3686 1218 3741 Sed
1249 3687 1421 3739 times.
1446 3685 1719 3739 Lateribus
1739 3702 1865 3754 ergo
1894 3687 1997 3739 tuis

435 3781 594 3835 vilior
620 3791 701 3835 est
729 3781 888 3845 Deus,
916 3789 970 3833 et
993 3781 1165 3847 capite
1212 3788 1303 3831 tuo
1327 3778 1622 3845 abiectior?
1654 3777 1821 3832 Dicito
1849 3796 1861 3830 :
1908 3779 1998 3833 Sic

435 3886 503 3928 ne
528 3885 784 3926 excaecer.
824 3873 894 3924 At
942 3870 1189 3924 Christus
1224 3870 1295 3922 ita
1323 3869 1479 3921 nobis
1534 3872 1701 3935 parcit
1724 3910 1737 3929 ,
1772 3879 1827 3921 ut
1857 3877 1998 3923 vetet

435 3961 594 4016 etiam
642 3976 737 4029 per
766 3961 1037 4029 preprium
1074 3970 1231 4028 caput
1259 3960 1441 4027 iurare
1470 3978 1484 4012 :
1517 3975 1611 4012 nos
1639 3974 1766 4013 vero
1795 3960 1862 4013 ita
1892 3973 1995 4012 non

434 4054 703 4124 parcimus
730 4053 911 4124 gloriae
934 4054 1055 4117 Dei,
1084 4062 1140 4105 ut
1165 4052 1356 4119 ubique
1374 4051 1545 4120 ipsum
1564 4050 1850 4103 trahamns.
1878 4050 1998 4105 Nes-

433 4144 574 4207 citis,
599 4143 724 4213 quid
743 4145 811 4197 sit
834 4144 993 4207 Deus,
1020 4151 1075 4198 et
1103 4159 1207 4213 quo
1225 4157 1317 4196 ore
1338 4139 1677 4194 advocandus
1701 4140 1788 4194 sit.
1821 4139 1927 4195 Sed
1951 4142 1993 4194 si

436 4234 505 4290 de
522 4237 639 4289 viro
674 4236 869 4288 virtute
914 4235 1057 4288 claro
1104 4234 1412 4301 loquamur,
1454 4230 1716 4293 dicimus,
1758 4229 1896 4283 Lava
1936 4245 1997 4284 os

436 4336 616 4392 tuum,
649 4337 702 4380 et
725 4326 803 4380 sic
823 4333 1217 4383 commemora;
1251 4336 1389 4375 nunc
1417 4336 1543 4375 vero
1588 4322 1872 4389 pretiosum
1903 4336 1998 4374 no-

436 4434 558 4472 men
583 4461 597 4482 ,
632 4418 769 4487 quod
799 4427 882 4471 est
905 4431 1065 4485 super
1092 4430 1248 4469 omne
1274 4429 1463 4468 nomen
1490 4456 1505 4480 ,
1538 4414 1779 4469 mirabile
1807 4415 1857 4467 in
1882 4415 1998 4468 uni-

434 4523 584 4562 versa
613 4519 772 4571 terra,
796 4508 937 4575 quod
964 4506 1241 4560 audientes
1269 4505 1539 4560 daemones
1587 4505 1994 4569 exhorrescunt,

437 4608 640 4655 temere
669 4599 1153 4653 circumtrahimus.

507 4689 559 4743 6.
598 4689 643 4745 0
666 4690 1139 4746 consuetudinem!
1169 4690 1235 4744 ab
1256 4690 1342 4744 illa
1371 4690 1512 4745 enim
1540 4692 1863 4759 contemptui
1893 4700 1995 4746 est.

440 4786 576 4840 Sane
600 4784 645 4838 si
686 4784 737 4837 in
766 4784 930 4837 sacris
965 4784 1167 4836 aedibus
1192 4782 1352 4837 alicui
1391 4785 1760 4837 necessitatem
1787 4785 1997 4853 iurandi

438 4875 793 4945 imposueris,
826 4876 895 4929 ita
926 4876 1147 4928 allectus
1174 4890 1233 4929 es
1270 4891 1333 4929 ac
1367 4876 1409 4928 si
1440 4875 1758 4929 horrendum
1812 4879 1999 4932 feceris

433 4969 811 5039 iuramentnm.
842 4969 996 5039 Atqui
1018 4985 1112 5022 cur
1141 4980 1243 5022 tam
1277 4969 1593 5021 horrendum
1623 4971 1826 5025 videtur
1846 4988 1996 5037 esse,

438 5064 542 5118 nisi
562 5064 684 5133 quia
714 5064 802 5118 illo
817 5063 1026 5132 quidem
1052 5062 1203 5117 facile
1225 5064 1439 5126 utimur.
1471 5063 1572 5117 hoc
1593 5078 1718 5117 vero
1743 5064 2001 5119 minime?

438 5170 614 5209 annon
660 5155 878 5211 horrere
910 5165 1177 5225 oporteret
1216 5171 1333 5210 cum
1373 5157 1673 5209 nominatur
1712 5156 1892 5210 Deus?
1934 5159 2001 5211 At

439 5247 580 5317 apud
609 5247 821 5303 Judaeos
850 5249 923 5302 ita
955 5250 1314 5305 venerandum
1336 5261 1449 5303 erat
1480 5265 1668 5303 nomen
1697 5250 1830 5319 eius,
1858 5262 1912 5304 ιιι
1948 5251 1997 5305 in

438 5339 648 5393 laminis
684 5338 1075 5394 describeretur
1106 5340 1293 5411 (Exod.
1328 5342 1413 5395 59.
1451 5340 1577 5409 29),
1606 5350 1661 5395 et
1704 5342 1898 5395 nemini
1940 5341 2004 5394 li-

438 5440 587 5487 ceret
614 5430 793 5484 literas
820 5431 945 5484 istas
981 5431 1152 5497 ferre,
1186 5432 1282 5484 nisi
1324 5432 1422 5485 soli
1453 5447 1661 5486 summo
1698 5431 1997 5495 sacerdoti;

441 5538 583 5578 nunc
618 5532 793 5576 autem
827 5532 931 5576 tam
975 5521 1126 5577 facile
1164 5538 1353 5576 nomen
1399 5524 1512 5593 eius
1558 5523 1997 5579 circumferimus.

441 5616 500 5673 Si
525 5616 835 5686 simpliciter
854 5617 1131 5671 nominare
1164 5617 1322 5670 Deum
1346 5632 1449 5673 non
1481 5618 1725 5673 omnibus
1749 5620 1822 5674 tas
1852 5628 1996 5686 erat;

445 5710 617 5777 ipsum
658 5709 707 5761 in
749 5716 937 5764 testem
964 5724 1152 5762 vocare
1176 5750 1191 5774 ,
1224 5719 1435 5776 quantae
1463 5710 1697 5766 audaciae
1725 5754 1738 5777 ,
1772 5726 1953 5780 quarso
1982 5754 1997 5777 ,

442 5805 626 5875 quanti
668 5803 864 5862 furoris
892 5806 1008 5863 est!
1056 5806 1110 5863 Si
1155 5806 1293 5861 cuitu
1337 5806 1511 5876 potius
1550 5806 1723 5861 omnia
1770 5808 1999 5877 abiicerc

2121 485 2413 545 oporteret,
2437 494 2613 535 annon
2636 481 2863 538 libenter
2890 484 3188 553 relinquere
3215 499 3309 555 par
3328 485 3512 539 esset?
3541 484 3683 541 Ecce

2119 563 2258 633 dico,
2282 578 2336 623 et
2362 571 2653 627 testiﬁcor:
2678 574 2970 630 Emendate
2983 575 3278 643 iuramenta
3306 577 3391 631 illa
3414 577 3678 640 forensia;

2119 670 2225 710 non
2270 658 2699 731 obtemperantes
2741 676 2916 721 autem
2954 681 3140 721 omnes
3183 667 3249 722 ad
3286 683 3370 722 me
3405 668 3677 724 adducite.

2120 745 2260 803 Ecce
2283 750 2431 806 vobis
2458 755 2809 821 praesentibus
2842 756 3048 826 impero
3086 758 3185 823 iis,
3216 757 3307 827 qui
3334 758 3400 813 ad
3434 758 3681 815 ministe-

2118 837 2253 893 rium
2280 851 2403 896 sunt
2426 842 2677 898 domuum
2700 847 2975 915 orationis,
3016 848 3201 904 hortor
3225 857 3278 904 et
3303 851 3487 915 edico,
3518 856 3673 907 nemi-

2119 930 2172 983 ni
2197 931 2355 988 licere
2376 945 2573 993 temere
2590 937 2805 1006 iurare;
2835 941 2942 995 imo
2967 958 3137 1012 neque
3164 944 3270 997 alio
3288 946 3475 1013 quovis
3496 945 3676 1001 modo.

2116 1021 2197 1076 Ad
2226 1038 2309 1079 me
2333 1040 2460 1095 ergo
2486 1028 2713 1083 ducatur
2738 1070 2752 1093 ,
2783 1033 3020 1101 quisquis
3045 1034 3115 1088 sit
3136 1075 3150 1095 ,
3180 1035 3299 1103 quia
3344 1036 3458 1090 haec
3498 1042 3677 1092 omnia

2115 1104 2181 1157 ad
2221 1121 2318 1160 nos
2346 1124 2511 1178 usque
2534 1111 2731 1167 deferri
2757 1124 3001 1183 oportet,
3048 1133 3111 1171 ac
3138 1119 3182 1171 si
3216 1121 3416 1187 pueruli
3461 1124 3674 1181 essetis.

2116 1196 2267 1251 Absit
2296 1207 2353 1251 ut
2395 1199 2467 1254 ita
2508 1217 2593 1256 res
2618 1204 2707 1257 sit.
2736 1205 2914 1260 Pudor
2933 1209 3073 1261 enim
3098 1219 3215 1272 est,
3247 1210 3294 1263 si
3316 1210 3489 1265 adhuc
3514 1213 3679 1267 disci-

2117 1287 2256 1353 plina
2284 1291 2503 1359 egeatis.
2555 1293 2688 1347 Nunt
2735 1311 2937 1351 sacram
2984 1314 3222 1355 mensam
3252 1309 3466 1372 tangere
3510 1304 3677 1360 audes

2114 1395 2220 1434 non
2245 1382 2508 1438 initiatus?
2532 1384 2635 1441 Sed
2661 1388 2798 1457 quod
2823 1390 2968 1460 peius
2990 1400 3091 1457 est,
3124 1400 3176 1445 tu
3208 1393 3440 1449 initiatus
3468 1410 3674 1450 sacram

2113 1488 2348 1529 mensam
2376 1487 2588 1547 tangere
2624 1480 2809 1547 audes,
2841 1499 2996 1551 quam
3028 1499 3125 1539 nec
3151 1487 3394 1541 omnibus
3423 1488 3673 1544 sacerdo-

2116 1565 2254 1619 tibus
2283 1576 2495 1638 tangere
2518 1569 2641 1625 licet
2665 1612 2678 1635 ,
2709 1582 2763 1626 et
2792 1573 2869 1627 sic
2889 1575 3089 1641 iurare.
3118 1575 3185 1630 Et
3211 1586 3265 1630 tu
3290 1577 3501 1647 quidem
3524 1582 3674 1649 pueri

2113 1666 2271 1726 caput
2297 1675 2399 1711 non
2431 1669 2675 1729 tangercs
2699 1677 2967 1731 egressus,
2997 1676 3051 1720 et
3077 1682 3315 1721 mensam
3337 1674 3505 1739 tangis
3526 1710 3541 1735 ,
3574 1686 3673 1726 nc-

2110 1762 2214 1817 que
2239 1750 2570 1806 exhorrescis
2597 1769 2696 1807 nec
2717 1755 3003 1811 formidas?
3023 1759 3099 1812 Ad
3124 1776 3209 1815 me
3233 1762 3363 1817 tales
3383 1763 3631 1819 adducito
3656 1784 3670 1820 :

2110 1853 2208 1909 ego
2231 1838 2483 1909 iudicium
2515 1844 2676 1897 feram
2703 1885 2719 1907 ,
2746 1853 2800 1898 et
2825 1847 3008 1900 ambos
3042 1849 3335 1918 gaudentes
3377 1857 3669 1909 remittam.

2110 1930 2258 1997 Quod
2288 1933 2559 1988 volueritis
2580 1976 2597 2001 ,
2626 1936 2818 1999 facite;
2858 1939 3027 2009 legem
3061 1957 3221 2009 pono,
3255 1960 3321 1997 ne
3349 1947 3565 2001 omnino
3586 1948 3674 2017 iu-

2110 2032 2273 2077 retur.
2296 2024 2422 2091 Qua:
2451 2028 2635 2081 salutis
2659 2043 2782 2097 Spes
2798 2031 2875 2083 sic
2900 2031 3055 2087 nobis
3075 2035 3250 2088 omnia
3276 2040 3670 2106 pessumdanti-

2110 2111 2246 2167 bus?
2271 2113 2389 2168 ideo
2415 2117 2748 2186 syngraphae,
2780 2119 2902 2174 ideo
2922 2123 3173 2191 symbols:
3192 2164 3208 2190 ,
3237 2136 3292 2180 ut
3318 2136 3456 2182 tuam
3487 2130 3671 2184 immo-

2109 2203 2187 2258 les
2206 2206 2435 2260 animam
2462 2207 2484 2260 ?
2510 2208 2635 2277 quid
2666 2219 2866 2265 tantum
2890 2213 3132 2282 lucraris,
3164 2230 3421 2287 quantum
3445 2223 3625 2289 perdis
3645 2224 3674 2278 ἲ

2110 2296 2412 2366 Pcieravit?
2454 2299 2734 2355 Perdidisti
2772 2313 2825 2358 et
2875 2306 3023 2360 illum
3052 2317 3105 2362 et
3134 2310 3379 2379 teipsum.
3420 2312 3524 2368 Sed
3566 2331 3671 2371 non

2110 2390 2365 2457 peieravit
2385 2391 2406 2444 ?
2427 2390 2600 2446 Etiam
2637 2394 2712 2446 sic
2745 2396 3040 2464 perdidisti,
3070 2400 3154 2469 qui
3178 2404 3415 2471 coegeris
3438 2419 3667 2475 ιιι-ωειδν-

2109 2487 2217 2534 tum
2242 2484 2551 2552 transgredi.
2583 2484 2731 2539 Hunc
2759 2488 3003 2543 morbum
3025 2491 3091 2546 ab
3106 2493 3283 2549 anima
3305 2497 3668 2565 expellamus;

2111 2572 2317 2625 interim
2354 2590 2382 2624 a
2424 2575 2538 2627 foro
2568 2575 2710 2629 illum
2740 2577 3014 2646 eiiciamus
3037 2621 3051 2645 ,
3083 2598 3113 2635 a
3146 2584 3379 2640 tabernis
3403 2600 3667 2644 mercato-

2108 2677 2245 2728 rum,
2271 2672 2325 2718 et
2345 2679 2375 2717 a
2397 2664 2616 2734 reliquis
2637 2665 2863 2724 officinis
2888 2687 2900 2721 :
2931 2672 3101 2741 maior
3121 2675 3273 2729 nobis
3303 2677 3424 2731 hinc
3450 2694 3670 2748 proven-

2110 2764 2191 2808 tus
2215 2756 2336 2809 erit.
2366 2755 2443 2811 Ne
2472 2758 2668 2827 putetis
2710 2774 2803 2828 per
2851 2766 3326 2831 transgressionem
3367 2768 3665 2826 divinarum

2109 2847 2280 2918 legum
2323 2864 2409 2905 res
2453 2851 2609 2921 huius
2649 2854 2769 2909 vita:
2809 2866 2953 2910 recte
2986 2857 3161 2927 dirigi.
3194 2862 3263 2913 At
3312 2877 3414 2916 non
3455 2865 3664 2931 credit,

2107 2940 2330 3011 inquies.
2362 2943 2493 2998 Nam
2517 2944 2619 3000 hoc
2645 2962 2743 3017 ego
2764 2948 2830 3002 ab
2853 2948 3114 3018 aliquibus
3135 2952 3313 3006 audivi
3345 2970 3358 3005 :
3389 2952 3498 3009 Nisi
3522 2956 3667 3010 mille

2102 3032 2396 3102 iuramenta
2427 3036 2712 3105 proferam,
2745 3055 2849 3092 non
2877 3041 3076 3096 credet.
3102 3042 3180 3096 Tu
3211 3044 3264 3098 in
3290 3060 3448 3099 causa
3466 3062 3545 3113 es,
3576 3049 3665 3116 qui

2108 3135 2211 3177 tam
2243 3124 2392 3180 facile
2415 3127 2561 3196 iuras
2587 3146 2599 3180 :
2637 3144 2756 3183 nam
2781 3131 2825 3183 si
2853 3131 2954 3186 hoc
2982 3148 3086 3188 non
3108 3143 3269 3201 esset,
3301 3137 3393 3191 sed
3418 3139 3664 3195 omnibus

2104 3227 2282 3273 notum
2307 3231 2447 3274 esset
2475 3231 2525 3277 te
2556 3240 2838 3295 numquam
2869 3227 3067 3296 iurare,
3093 3230 3251 3285 crede
3276 3231 3402 3285 mihi
3424 3232 3618 3288 dicenti
3643 3275 3660 3300 ,

2102 3311 2184 3365 vel
2214 3311 2446 3367 innuenti
2478 3316 2568 3368 tibi
2599 3322 2763 3387 magis
2784 3321 3107 3385 crederetur,
3139 3339 3291 3392 quam
3317 3326 3379 3379 iis
3403 3327 3490 3395 qui
3514 3329 3662 3383 mille

2095 3404 2387 3472 iuramenta
2419 3407 2692 3464 devorant.
2715 3410 2845 3465 Nam
2868 3416 2972 3479 cui,
2999 3430 3194 3483 qmeso,
3227 3419 3388 3486 magis
3415 3420 3658 3487 creditis,

2102 3497 2225 3549 mihi
2255 3513 2359 3551 non
2384 3499 2619 3567 iuranti,
2648 3517 2713 3554 an
2736 3503 3081 3572 iurantibus?
3108 3508 3210 3561 Sed
3242 3520 3315 3570 tu,
3350 3510 3576 3579 inquies,
3599 3529 3659 3565 es

2103 3586 2344 3655 princeps
2373 3599 2427 3642 et
2453 3591 2779 3661 episc0pus?
2807 3593 2940 3661 Quid
2969 3596 3125 3665 igitur
3149 3638 3162 3660 ,
3193 3599 3237 3651 si
3265 3599 3547 3655 ostendero
3573 3616 3661 3655 me

2101 3696 2203 3733 non
2234 3681 2331 3735 hoc
2358 3684 2527 3737 solum
2555 3700 2673 3740 esse
2697 3687 2718 3740 ?
2744 3686 2871 3740 Cum
2905 3690 3127 3746 veritate
3150 3732 3165 3754 ,
3194 3708 3371 3760 quzeso
3399 3733 3414 3756 ,
3448 3710 3661 3763 respon-

2098 3774 2219 3830 dete
2238 3776 2366 3831 mihi
2392 3796 2405 3830 :
2434 3778 2479 3833 si
2508 3780 2813 3850 frequenter
2836 3792 2889 3836 et
2912 3798 3121 3851 semper
3141 3785 3374 3854 iurarem
3398 3829 3411 3849 ,
3439 3803 3503 3841 an
3537 3804 3658 3856 pro—

2099 3871 2275 3925 desset
2322 3872 2446 3925 mihi
2487 3875 2853 3943 principatus?
2880 3876 3112 3931 Minime.
3146 3878 3327 3932 Viden‘
3371 3897 3472 3933 non
3515 3882 3654 3935 illam

2099 3979 2217 4018 esse
2244 3979 2454 4018 causam
2476 3965 2499 4017 ?
2522 3966 2657 4033 Quid
2685 3966 2839 4034 igitur
2864 4007 2878 4031 ,
2906 3982 3086 4036 quaeso
3106 4008 3122 4033 ,
3168 3970 3432 4025 lucraris?
3466 3973 3659 4027 l'aulus

2098 4057 2363 4110 esui-iebat
2391 4074 2403 4109 :
2434 4066 2489 4110 et
2530 4069 2583 4111 tu
2621 4060 2827 4115 esurire
2870 4062 3045 4130 potius
3075 4063 3275 4133 eligas,
3306 4082 3464 4135 quam
3489 4078 3662 4122 trans-

2097 4147 2245 4214 gredi
2274 4147 2515 4215 qutedam
2542 4163 2610 4202 ex
2638 4149 2830 4204 divinis
2866 4152 3145 4208 mandatis.
3175 4156 3281 4210 Cur
3319 4174 3447 4225 ergo
3487 4160 3661 4215 incre-

2100 4237 2251 4289 dulus
2278 4238 2377 4291 es?
2407 4238 2481 4291 Tu
2511 4254 2638 4310 ergo
2666 4240 2795 4293 nihil
2824 4257 2928 4295 non
2960 4259 3105 4312 ages,
3139 4254 3193 4299 et
3224 4249 3441 4316 patieris
3466 4292 3478 4313 ,
3513 4262 3568 4304 ut
3593 4269 3667 4306 ne

2103 4347 2347 4399 umquam
2370 4332 2551 4400 iures;
2581 4342 2637 4386 at
2671 4333 2756 4388 ille
2780 4343 2830 4388 te
2860 4351 2962 4389 non
2992 4341 3389 4393 remunerabit?
3416 4343 3570 4411 Atqui
3605 4355 3659 4398 et

2102 4424 2340 4492 periuros
2361 4433 2415 4479 et
2434 4425 2748 4493 iuramentis
2772 4439 3013 4482 assuetos
3033 4430 3269 4495 quotidie
3295 4433 3388 4483 alit
3413 4449 3425 4496 ;
3459 4445 3507 4486 te
3530 4448 3659 4489 vero

2099 4514 2222 4569 fami
2253 4515 2461 4579 tradet,
2491 4516 2611 4585 quia
2653 4516 2796 4570 illum
2824 4518 3059 4571 audisti?
3103 4518 3303 4574 Omnes
3332 4521 3547 4575 videant
3583 4540 3657 4579 ex

2100 4608 2165 4662 iis
2186 4649 2201 4671 ,
2229 4608 2314 4676 qui
2348 4609 2400 4662 in
2430 4607 2526 4661 hac
2551 4607 2770 4663 ecclesia
2799 4619 3213 4679 Congregautur,
3244 4612 3506 4666 neminem
3539 4629 3659 4670 eSse

2100 4702 2189 4770 qui
2214 4702 2356 4770 iuret
2382 4718 2396 4766 ;
2423 4711 2475 4755 et
2520 4701 2640 4755 hinc
2670 4702 2777 4754 uoti
2819 4702 2986 4756 simus
3014 4742 3028 4765 ,
3056 4716 3157 4756 non
3187 4718 3250 4757 ex
3278 4703 3380 4758 ﬁde
3409 4714 3609 4758 tantum
3640 4725 3657 4772 ;

2102 4792 2227 4849 hinc
2251 4810 2279 4847 a
2308 4792 2504 4848 Graecis
2524 4792 2662 4846 etab
2687 4793 2804 4847 aliis
2833 4794 3078 4847 omnibus
3107 4794 3426 4849 differamus.
3472 4797 3663 4866 Signa-

2102 4886 2275 4940 culum
2301 4884 2621 4953 accipiamus
2645 4884 2711 4940 de
2739 4886 2902 4952 caalis,
2934 4894 2990 4938 ut
3016 4888 3161 4955 quasi
3195 4888 3368 4956 regius
3392 4903 3517 4956 grex
3548 4890 3662 4943 ubi-

2102 4993 2204 5046 quc
2225 4990 2572 5046 appareamus
2599 4994 2611 5029 :
2636 4976 2702 5029 ab
2728 4992 2820 5030 ore
2847 4986 2899 5030 et
2927 4993 2954 5027 a
2986 4977 3157 5046 lingua
3188 4992 3491 5043 nosCamur,
3524 4979 3662 5033 sicut

2104 5068 2349 5130 barbari;
2375 5068 2511 5119 sicut
2551 5066 2584 5119 ii
2611 5067 2698 5135 qui
2734 5066 2915 5121 Graece
2939 5067 3112 5121 sciunt
3139 5108 3154 5131 ,
3183 5066 3310 5121 hinc.
3347 5084 3378 5121 a
3421 5069 3664 5126 barbaris

2103 5158 2484 5213 discernamur.
2512 5158 2604 5211 Dic
2624 5159 2761 5211 enim
2787 5158 2936 5222 mihi,
2962 5157 3102 5212 unde
3124 5161 3231 5212 noti
3259 5169 3381 5213 sunt
3410 5162 3615 5230 psittaci
3638 5164 3663 5215 Ἰ

2105 5264 2281 5304 nonne
2309 5264 2371 5302 ex
2400 5264 2482 5309 co.
2515 5249 2652 5317 quod
2684 5258 2945 5317 tamquam
2977 5249 3219 5305 homines
3243 5251 3522 5321 loquantur
3546 5254 3569 5307 ?
3594 5254 3665 5309 Et

2103 5355 2202 5395 nos
2227 5354 2455 5410 quoque,
2482 5341 2619 5394 sicut
2645 5340 2889 5407 apostoli,
2919 5356 2982 5394 ex
3011 5340 3219 5410 loquela
3245 5345 3351 5396 noti
3382 5344 3567 5408 simus.
3596 5360 3663 5400 ex

2104 5447 2168 5487 eo
2197 5432 2334 5501 quod
2382 5440 2437 5485 ut
2465 5431 2633 5502 angeli
2678 5430 2973 5500 loquamur.
3021 5432 3072 5487 Si
3103 5433 3221 5502 quis
3244 5434 3471 5499 dixerit,
3499 5434 3662 5499 Jura;

2104 5524 2305 5589 audiat,
2336 5522 2575 5577 Christus
2610 5531 2771 5588 vetat,
2800 5532 2852 5576 et
2883 5539 2987 5577 non
3012 5524 3157 5593 iuro.
3189 5524 3300 5579 Hoc
3326 5526 3454 5579 satis
3491 5535 3572 5579 est
3596 5526 3664 5580 ad

2106 5632 2316 5671 omnem
2339 5613 2685 5670 inducendam
2712 5615 2979 5669 virtutem.
3003 5615 3169 5671 Janua
3190 5618 3427 5687 quaedam
3452 5626 3533 5671 est
3555 5618 3666 5686 pie-

2107 5711 2246 5769 tatis,
2278 5709 2359 5762 via
2389 5707 2453 5762 ad
2479 5706 2866 5780 philosophiam
2892 5708 3146 5781 (pietatis)
3170 5709 3445 5772 inducens,
3476 5710 3664 5776 palare—

2109 5814 2189 5860 tra
2215 5804 2475 5885 qumdam.
2505 5801 2626 5857 llaec
2652 5802 3037 5867 custodiamus,
3073 5814 3124 5856 ut
3156 5803 3430 5872 pra-scotia
3456 5812 3511 5859 et
3526 5800 3676 5858 futu~
