4032 6212
543 223 618 283 85
1175 224 1234 279 S.
1271 222 1553 279 JOANNIS
1589 222 2078 280 CHRYSOSTOMI
2116 223 2444 280 ABGHIEP.
2483 223 3032 280 CONSTANTINOP.
3692 224 3767 281 86

539 340 883 412 ἐπιτύχωμεν
911 338 1343 410 άγαθῶν,χάριτι
1366 340 1455 392 καὶ
1476 339 1853 410 φιλανθρωπίᾳ
1877 338 1970 392 τοῦ
1993 342 2106 393 Κυ-

545 424 663 497 ρίου
682 422 845 496 ημῶν
884 421 1055 491 Ἰησοῦ
1089 422 1344 493 Χριστοῦ,
1389 423 1507 492 μεθ’
1541 416 1599 477 οῦ
1635 422 1713 493 τῷ
1752 423 1944 493 Πατρὶ,
1994 421 2107 493 ἅμα

2209 339 2287 409 τῷ
2315 339 2451 409 ἀγίῳ
2471 339 2765 408 Πνεύματι,
2796 338 2940 404 δόξα,
2973 338 3188 407 κράτος,
3226 335 3380 408 τιμὴ,
3414 336 3510 390 νῦν
3535 336 3632 390 καὶ
3658 337 3769 395 ἀεὶ,

2214 423 2306 475 καὶ
2342 421 2419 483 είς
2441 422 2563 485 τοὺς
2593 420 2789 485 αἰῶνας
2818 422 2927 473 τῶν
2959 422 3184 475 αἰώνων.
3227 421 3417 491 Ἀμὴν.

3416 550 3703 564 --

2003 604 2245 658 ΟΜΙΛΙΑ
2277 605 2331 658 l’.

540 701 903 759 Λαλούντων
928 696 996 751 δὲ
1013 696 1210 752 αὐτῶν
1243 697 1392 764 πρὸς
1431 697 1538 751 τὸν
1558 698 1728 758 λαὸν,
1760 696 2106 762 ἐπέστησαν

643 768 848 834 αὐτοῖς
872 772 923 822 οὶ
952 770 1122 836 ἱερεῖς
1149 768 1245 821 καὶ
1271 770 1302 821 ὁ
1332 767 1661 836 στρατηγὸς
1684 766 1787 820 τοῦ
1821 766 1998 831 ἱεροῦ.

610 853 680 906 α’.
702 852 868 905 Οῦπω
886 852 995 904 τῶν
1018 853 1296 922 προτέρων
1316 850 1746 912 ἀναπνεύσαντες
1766 848 2102 919 πειρασμῶν,

539 936 739 998 εύθέως
767 938 844 997 είς
882 936 1097 1005 ἑτέρους
1126 934 1383 1003 ἐνέϐησαν
1407 945 1455 984 α.
1488 932 1595 985 Καὶ
1624 933 1743 1000 δρα,
1761 932 1876 994 πῶς
1896 934 2103 983 οίκονο-

543 1018 810 1087 μεῖταιτά
838 1018 1157 1087 πράγματα.
1193 1016 1410 1086 Πρῶτον
1465 1014 1867 1083 ἐχλευάσθησαν
1905 1013 2105 1075 πάντες

537 1100 692 1169 όμοῦ’
732 1102 792 1152 ού
817 1100 1005 1170 μικρὸς
1034 1094 1183 1161 οὗτος
1227 1100 1254 1150 ὁ
1289 1098 1609 1167 πειρασμός*
1651 1095 1918 1165 δεύτερον,
1953 1096 2105 1147 αὐτοὶ

538 1188 585 1235 οἱ
609 1187 888 1252 κορυφαῖοι
916 1185 993 1245 εἰς
1031 1181 1301 1243 κινδύνους
1331 1182 1709 1250 ἐμπίπτουσιν.
1766 1180 1878 1232 Οὐκ
1908 1178 2103 1246 ἐφεξῆς

538 1267 595 1317 δὲ
615 1266 683 1318 τὰ
710 1266 801 1318 δύο
828 1268 1067 1333 γέγονεν,
1102 1265 1220 1318 οὐδὲ
1277 1264 1478 1324 ἁπλῶς·
1538 1262 1671 1315 άλλά
1724 1262 1983 1331 πρότερον
2015 1261 2103 1311 εύ-

536 1348 925 1420 δοκιμήσαντες
955 1350 1009 1400 ὲν
1035 1350 1152 1408 ταῖς
1192 1345 1568 1416 δημηγορίαις,
1618 1346 1710 1397 καὶ
1739 1344 1919 1413 θαῦμα
1940 1344 2103 1411 ἐργα-

538 1432 760 1500 σάμενοι
787 1433 920 1501 μετὰ
943 1429 1113 1483 ταῦτα
1162 1430 1319 1499 μέγα·
1374 1427 1514 1479 οὕτω
1551 1428 1613 1498 δὴ
1645 1427 1828 1479 λοιπὸν
1872 1425 2006 1495 μετά
2041 1423 2101 1475 τὺ

537 1513 828 1583 θαρρῆσαι,
851 1511 1253 1581 συγχωροῦντος
1277 1510 1368 1562 τοῦ
1393 1509 1525 1562 Θεοῦ
1538 1510 1644 1563 τῶν
1667 1508 1891 1576 ἀγώνων
1913 1506 2101 1558 ἅπτον-

532 1613 642 1649 ται.
685 1596 755 1648 Σὺ
785 1595 841 1648 δέ
880 1596 1103 1666 μοιθέα,
1135 1595 1249 1657 πῶς
1280 1593 1370 1644 ἐπὶ
1400 1592 1492 1644 τοῦ
1526 1591 1757 1660 Χριστοῦ
1788 1591 1877 1643 τὸν
1935 1606 2103 1659 παραο

531 1679 768 1732 δώσοντα
791 1680 1096 1749 ζητοῦντες,
1131 1677 1365 1730 ἐνταῦθα
1394 1676 1575 1728 λοιπὸν
1604 1675 1755 1727 αὐτοὶ
1777 1674 1875 1737 τάς
1914 1675 2099 1744 χεῖρας

533 1763 899 1823 ἐπιϐάλλουσι,
938 1762 1258 1833 θρασύτεροι
1280 1760 1558 1829 γεγονότες
1581 1762 1673 1812 καὶ
1693 1759 2100 1826 ἀναισχυντότε-

533 1864 616 1917 ροι
656 1848 792 1916 μετά
823 1847 914 1900 τὸν
942 1846 1190 1916 σταυρόν.
1241 1846 1306 1897 Ἠ
1334 1844 1439 1914 γὰρ
1480 1844 1735 1912 ἁμαρτία,
1776 1843 1876 1904 ἓως
1907 1842 2004 1911 μὲν
2030 1841 2097 1895 ἂν

529 1930 805 1999 ώδίνηται,
846 1930 956 1999 ἔχει
985 1931 1107 1982 τινα
1144 1927 1424 1997 αἰσχύνην⁸
1463 1925 1677 1977 ἐπειδὰν
1729 1923 1784 1976 δὲ
1845 1924 2093 1995 τελεσθῇ,

528 2012 649 2063 τότε
681 2012 1187 2082 ἁναισχυντοτέρους
1213 2012 1360 2062 ποιεῖ
1404 2010 1525 2071 τοὺς
1556 2005 1948 2077 ἐργαζομένους
1995 2008 2094 2059 αύ-

527 2095 645 2164 τήν.
667 2094 728 2146 Τί
754 2095 947 2164 δήποτε
968 2093 1023 2145 δὲ
1046 2096 1135 2146 καὶ
1149 2091 1442 2163 στρατηγὸς
1470 2090 1747 2159 ἐφίσταται
1769 2107 1783 2155 ;
1820 2090 2095 2158 Ἐπέστη-

527 2195 648 2232 σαν
681 2179 789 2249 γὰρ
815 2178 1011 2244 αὐτοῖς
1054 2180 1107 2231 οἱ
1131 2177 1305 2245 ιἱερεῖς
1338 2176 1437 2229 καὶ
1469 2179 1500 2229 ό
1521 2175 1849 2244 στρατηγός
1875 2173 1978 2226 τοῦ
2016 2176 2095 2226 ιε-

518 2261 651 2326 ροπῦ,
678 2262 857 2330 φησίν.
895 2262 1009 2313 Ἵνα
1054 2260 1212 2313 πάλιν
1235 2260 1485 2329 δημόσιον
1530 2258 1778 2327 ἔγκλημα
1833 2256 2094 2328 περιθῶσι

525 2347 636 2406 τοῖς
670 2344 988 2414 γινομένοις,
1015 2347 1107 2396 καὶ
1143 2346 1217 2415 μὴ
1246 2345 1316 2405 ώς
1353 2342 1609 2396 ἰδιωτικὸν
1630 2340 1931 2394 ἐκδικῶσιψ
1958 2341 2093 2410 ὅπερ

526 2425 796 2495 πανταχοῦ
821 2428 1176 2490 σπουδάζουσι
1216 2428 1406 2478 ποιεῖν.
1429 2425 1889 2491 Διαπονούμενοι
1915 2423 2093 2476 διὰτὸ

525 2507 835 2561 διδάσκειν
864 2509 1085 2572 αὐτοὺς
1106 2508 1210 2560 τὸν
1238 2508 1408 2560 λαόν.
1436 2505 1800 2569 Διεπονοῦντο,
1842 2507 1902 2557 ού
1935 2505 2093 2575 μόνον

523 2592 604 2644 ὅτι
623 2591 913 2648 ἐδίδασκον,
936 2592 1046 2644 ἀλλ’
1073 2593 1153 2643 ὅτι
1170 2592 1267 2642 οὐκ
1294 2590 1455 2641 αὑτὸν
1478 2590 1634 2659 μόνον
1658 2588 1840 2654 ἔλεγον
1862 2588 2092 2659 ἐγηγέρ-

525 2666 779 2737 θαι,άλλὰ
802 2677 894 2728 καὶ
923 2677 1067 2744 ἡμᾶς
1097 2676 1162 2728 δι’
1196 2677 1402 2727 ἐκεῖνον
1428 2673 1765 2727 ἀνίστασθαι.
1795 2673 1896 2726 Διὰ
1923 2674 1989 2725 τὸ
2015 2673 2093 2725 δι.

521 2757 769 2811 δάσκειν
790 2760 1029 2823 αὐτοὺς,
1055 2759 1205 2828 φησὶ,
1228 2757 1335 2809 τὸν
1353 2758 1527 2821 λαὸν,
1552 2755 1649 2808 καί
1671 2756 2094 2825 καταγγέλλειν

520 2842 592 2895 έν
616 2840 695 2906 τῷ
733 2842 924 2909 Ἰησοῦ
979 2842 1091 2909 τὴν
1116 2841 1453 2896 ἀνάστασιν
1493 2840 1609 2894 τῶν
1637 2839 1881 2909 νεκρῶν.
1910 2840 2093 2903 Οῦτως

526 2926 720 2996 ίσχυρά
742 2926 955 2994 ἐγένετο
980 2928 1013 2995 ἡ
1031 2927 1340 2989 ἀνάστασις,
1369 2926 1442 2989 ὡς
1478 2926 1568 2978 καὶ
1585 2925 1787 2995 ἑτέροις
1820 2924 1979 2978 αὑτὸν
2006 2926 2090 2978 αῐο

521 3026 632 3062 τιον
660 3009 907 3077 γενέσθαι
925 3010 1289 3070 ἀναστάσεως.
1319 3010 1425 3063 Καὶ
1445 3010 1741 3062 ἐπέϐαλον
1767 3008 1969 3074 αὐτοῖς
1989 3008 2091 3073 τὰς

520 3082 742 3161 χεῖρας,
768 3092 865 3146 καὶ
885 3094 1085 3147 ἔθεντο
1111 3092 1328 3157 αὐτοὺς
1355 3095 1440 3157 εὶς
1458 3095 1710 3159 τήρησιν
1734 3094 1820 3155 εἰς
1851 3091 1965 3158 τὴν
1987 3094 2091 3144 αὓ-

514 3192 667 3244 ριον’
689 3172 768 3245 ἦν
788 3175 896 3244 γὰρ
942 3174 1167 3241 ἑσπέρα
1194 3175 1328 3243 ἤδη.
1360 3175 1422 3226 Ὢ
1450 3177 1547 3244 τῆς
1571 3174 1944 3242 ἀναισχυντίας
1966 3174 1977 3224 !
2007 3174 2083 3227 ἔτι

521 3259 628 3311 τῶν
660 3258 935 3328 προτέρων
969 3258 1215 3327 αἱμάτων
1250 3256 1524 3327 γεμούσας
1577 3255 1676 3318 τὰς
1707 3258 1893 3325 χεῖρας
1920 3249 2082 3324 εἶχον,

522 3341 619 3395 καὶ
650 3342 747 3394 οὐκ
768 3343 1031 3412 ἐνάρκων,
1056 3340 1168 3393 ἀλλ’
1191 3340 1481 3393 ἐπέϐαλλον
1508 3339 1666 3391 πάλιν
1688 3339 1855 3401 αὑτὰς
1882 3340 2085 3409 έτέροις

520 3424 749 3493 αἴμασιν
775 3423 914 3476 ὥστε
956 3423 1323 3494 πληρῶσαι-ἢ
1356 3424 1493 3492 τάχα
1528 3425 1617 3476 καὶ
1648 3422 1852 3475 ἔδεισαν
1887 3423 2084 3493 πλῆοος

512 3507 717 3571 αὐτοὺς
752 3507 850 3577 ἤδη
874 3507 1183 3575 γεγονότας,
1220 3507 1325 3559 καὶ
1350 3506 1436 3558 διά
1462 3506 1618 3558 τοῦτο
1644 3507 1823 3567 αὐτοῖς
1853 3508 1880 3558 ό
1925 3522 2084 3576 στρα-

519 3590 691 3659 τηγὸς
740 3591 1062 3659 συνεπέστη.
1098 3586 1209 3642 Ἦν
1235 3589 1375 3658 γάρ,
1412 3589 1608 3657 φησὶν,
1662 3588 1886 3656 ἑσπέρα
1941 3588 2080 3656 ἤδη.

532 3673 756 3725 Ἐκεῖνοι
784 3673 883 3742 μὲν
921 3668 1012 3725 οῦν
1054 3672 1359 3741 βουλόμενοι
1402 3673 1593 3732 αὐτοὺς
1636 3672 1897 3740 μαλάξαι,
1928 3671 2085 3725 τοῦτο
2124 3688 2129 3695 ’

518 3756 735 3809 ἐποίουν
778 3757 870 3809 καὶ
921 3756 1247 3824 ἐφύλαττον
1276 3758 1400 3817 τοὺς
1433 3756 1487 3808 δέ
1528 3756 1854 3819 ἀποστόλους
1881 3756 2084 3826 τολμη-

521 3841 775 3913 ροτέρους
823 3840 1019 3910 μᾶλλον
1060 3838 1338 3910 είργάζετο
1383 3841 1415 3910 ἡ
1467 3839 1697 3910 ἀναϐολὴ
1743 3838 1835 3891 τοῦ
1870 3839 2080 3910 χρόνου.

518 3926 630 3979 Καὶ
659 3927 797 3997 δρα,
839 3926 979 3987 τίνες
1022 3925 1518 3995 ἀπολαμϐάνονται’
1551 3926 1599 3977 οἱ
1655 3928 1933 3996 κορυφαῖοι
1976 3925 2083 3977 τῶν

517 4009 847 4067 ἀποστόλων,
872 4011 982 4071 τοῖς
1007 4008 1185 4071 ἄλλοις
1229 4008 1410 4061 λοιπὸν
1447 4008 1746 4077 ὑπόδειγμα
1783 4008 2079 4079 γενόμενοι,

517 4093 604 4145 ἵνα
637 4093 828 4164 μηκέτι
877 4092 1109 4163 ζητῶσιν
1137 4092 1414 4162 ἀλλήλους,
1455 4093 1587 4161 μηδέ
1630 4092 1689 4143 τὸ
1731 4094 1880 4159 κοινῇ
1921 4090 2077 4145 εἶναι.

515 4178 742 4231 Πολλοὶ
770 4176 836 4229 δὲ
865 4174 981 4229 τῶν
1008 4174 1399 4229 ἀκουσάντων
1441 4174 1545 4226 τὸν
1582 4177 1765 4242 λόγον
1805 4174 2080 4227 ἐπίστευ-

515 4279 657 4322 σαν,
706 4262 803 4313 καὶ
858 4260 1111 4329 ἐγενήθη
1146 4262 1177 4312 d
1214 4258 1457 4326 ἀριθμὸς
1503 4256 1619 4311 τῶν
1659 4257 1893 4325 ἀνδρῶν
1939 4256 2080 4312 ὡσεὶ

516 4343 783 4413 χιλιάδες
813 4344 1010 4395 πέντε.

587 4424 653 4478 Τί
681 4425 872 4487 τοῦτο;
912 4425 987 4494 μὴ
1018 4424 1124 4496 γάρ
1164 4424 1620 4493 εὐδοκιμήσαντας
1654 4419 1822 4486 εἷδον;
1853 4423 1971 4493 οὐχὶ
1998 4423 2079 4475 δε-

516 4508 707 4570 θέντας
738 4506 1060 4572 ἐθεάσαντο;
1087 4506 1202 4570 πῶς
1226 4504 1318 4559 οὖν
1343 4506 1700 4571 ἐπίστευσαν;
1736 4507 1894 4578 Ὁρᾷς
1928 4508 2079 4577 ἐνέρ-

514 4608 670 4661 γειαν
697 4590 967 4661 φανεράν;
1014 4590 1123 4643 Καὶ
1158 4590 1260 4661 μὴν
1284 4589 1397 4662 [81]
1436 4591 1530 4644 καὶ
1570 4591 1694 4652 τοὺς
1730 4591 1828 4661 ἢδη
1863 4590 2081 4644 πιστεύ-

517 4693 714 4739 σαντας
740 4676 844 4728 ἔδει
888 4674 1302 4744 ἀσθενεστέρους
1342 4673 1621 4742 γενέσθαι’
1664 4673 1779 4727 ἀλλ’
1826 4676 1924 4728 οὐκ
1956 4676 2078 4743 ἐγέ-

514 4776 696 4815 νοντοο
744 4762 777 4830 ἡ
816 4759 923 4830 γὰρ
968 4760 1172 4828 Πέτρου
1199 4756 1224 4796 δ
1261 4757 1570 4829 δημηγορία
1600 4759 1676 4821 εὶς
1707 4759 1766 4811 τὸ
1810 4758 1969 4828 βάθος
2011 4760 2080 4813 τὰ

516 4845 809 4916 σπέρματα
840 4842 1123 4906 κατέϐαλε,
1156 4843 1247 4895 καὶ
1273 4843 1370 4909 τῆς
1402 4842 1634 4904 διανοίας
1668 4843 1844 4896 αὐτῶν
1880 4845 2074 4912 ἥψατο.

514 4931 577 4983 υί
598 4929 656 4981 δέ
679 4928 765 4981 διὰ
789 4926 944 4980 τοῦτο
964 4927 1275 4997 ὠργίζοντο,
1300 4926 1379 4978 ὅτι
1404 4925 1552 4978 οὐδὲν
1574 4926 1765 4988 αὐτοὺς
1791 4928 2075 4991 ἐδεδίεσαν,

515 5015 597 5067 ὅτι
623 5013 772 5066 οὐδὲν
800 5012 867 5065 τά
897 5011 1137 5083 παρόντα
1170 5011 1315 5065 δεινά
1348 5009 1592 5081 ἡγοῦντο.
1627 5011 1687 5062 EE
1720 5013 1826 5082 γάρ
1854 5014 1881 5064 ὁ
1913 5030 2076 5065 σταυ-

515 5096 730 5167 ρωθεὶς,
760 5096 913 5166 φησὶ,
939 5095 1161 5147 τοιαῦτα
1190 5094 1499 5163 ἐργάζεται,
1534 5092 1626 5144 καὶ
1649 5093 1739 5145 τὸν
1764 5094 1931 5164 χωλὸν
1956 5097 2077 5149 ἀνέ-

516 5196 730 5249 στησεν,
757 5181 816 5231 ού
852 5177 1161 5248 φοϐούμεθα
1199 5177 1317 5229 οὐδὲ
1344 5175 1581 5238 τούτους.
1618 5178 1755 5247 Ἀρα
1789 5180 1882 5232 καὶ
1921 5179 2075 5233 τοῦτο

510 5262 613 5331 τῆς
654 5262 746 5314 τοῦ
782 5261 915 5313 Θεοῦ
948 5259 1252 5328 οίκονομίας
1289 5260 1499 5326 γέγονε.
1542 5260 1815 5313 Ἐντεῦθεν
1861 5262 2076 5326 πλείους

511 5347 561 5396 οἱ
590 5343 684 5396 νῦν
709 5343 1093 5405 πιστεύσαντες
1107 5341 1214 5393 τῶν
1232 5342 1456 5411 πρώτων
1485 5344 1747 5411 ἐγένοντο.
1777 5344 1891 5413 Ἐφ’
1912 5339 1955 5413 ᾧ
1984 5349 2074 5400 καὶ

510 5426 818 5489 δείσαντες,
852 5425 941 5478 διὰ
980 5424 1137 5477 τοῦτο
1190 5425 1366 5479 αὐτῶν
1421 5425 1669 5496 ὁρώντων
1713 5427 1906 5497 ἔδησαν
1949 5431 2075 5493 τοὺς

512 5511 863 5575 ἀποστόλους,
887 5512 971 5564 ἵνα
1004 5512 1095 5562 καὶ
1129 5510 1325 5574 αὐτοὺς
1355 5510 1684 5583 δειλοτέρους
1714 5515 2068 5584 ἐργάσωνται.

510 5596 584 5647 Τὸ
614 5594 852 5647 ἐναντίον
874 5594 930 5646 δὲ
962 5595 1181 5661 γέγονεν
1210 5595 1242 5665 ἢ
1272 5596 1463 5646 ἐκεῖνοι
1484 5596 1775 5650 ἐϐούλοντο.
1798 5599 1895 5650 Διά
1919 5598 2072 5651 τοῦτο

509 5680 604 5731 καὶ
644 5678 741 5731 οὑκ
785 5678 870 5730 ἐπ’
903 5676 1079 5730 αὐτῶν
1127 5678 1321 5741 αὐτοὺς
1374 5677 1744 5748 ἐξετάζουσιν,
1788 5682 1920 5736 ἀλλά
1952 5685 2071 5736 κατ’

573 5800 595 5823 ⁴¹
628 5796 722 5846 Alii
752 5798 997 5847 ἐνέϐαινον.
1065 5797 1093 5837 1»
1121 5797 1216 5846 Alii
1239 5797 1340 5845 ἀλλ’
1363 5798 1448 5846 οὐκ
1492 5799 1558 5847 ἔτι
1583 5798 1741 5849 τοῦτο.
1786 5800 1844 5849 Ἦ
1866 5803 1954 5866 γὰρ
1981 5803 2070 5851 Πέ-

510 5871 640 5915 τρου.

2211 695 2365 758 ἰδίαν,
2390 696 2476 748 ἵνα
2510 694 2582 766 μὴ
2618 694 2725 748 ἀπὸ
2750 694 2851 763 τῆς
2891 691 3198 764 παρρησίας
3239 692 3289 743 οἱ
3328 690 3611 754 ἀκούοντες
3641 707 3775 764 κερ-

2205 778 2452 832 δὰνωσιν.
2491 777 2755 847 Ἐγένετο
2782 778 2851 829 δὲ
2876 776 2972 829 ἐπὶ
3001 775 3114 843 τὴν
3146 776 3354 842 αὔριον
3389 774 3775 843 συναχθῆναι

2202 861 2400 914 αὐτῶν
2454 861 2593 927 τοὺς
2648 861 2942 928 ἄρχοντας
2989 859 3088 911 καὶ
3161 857 3600 925 πρεσϐυτέρους
3666 857 3773 911 καὶ

2203 945 2553 1011 γραμματεῖς
2579 944 2647 995 έν
2682 940 3097 1009 Ἰερουσαλὴμ,
3135 940 3233 993 καί
3268 941 3483 994 Ἅνναν
3519 939 3626 992 τὸν
3661 941 3773 1008 ἀρ·-

2202 1024 2417 1092 χιερέα,
2461 1026 2557 1077 καὶ
2590 1024 2879 1092 Καϊάφαν,
2912 1024 3007 1076 καὶ
3041 1022 3340 1089 Ἰωάννην,
3376 1022 3473 1074 καί
3506 1021 3773 1085 Ἀλέξαν-

2202 1106 2364 1175 δρον,
2391 1108 2488 1161 καὶ
2515 1108 2647 1161 ὅσοι
2674 1110 2741 1161 ἐκ
2766 1107 2978 1176 γένους
3008 1103 3167 1176 ἦσαν
3200 1105 3629 1174 ἀρχιερατικοῦ.
3656 1106 3772 1159 Πά-

2202 1191 2286 1244 λιν
2331 1192 2676 1263 συνέρχονται
2734 1189 3032 1243 ὲπιτοαυτό.
3070 1188 3265 1242 Οὐκέτι
3312 1189 3419 1255 γάρ
3468 1186 3605 1254 μετά
3656 1188 3769 1240 τῶν

2202 1273 2375 1327 ἄλλων
2402 1274 2584 1326 κακῶν
2610 1274 2678 1326 τὰ
2708 1272 2800 1325 τοῦ
2848 1273 3010 1342 νόμου
3057 1272 3400 1340 ἐφυλάττετο.
3444 1272 3555 1323 Καὶ
3600 1270 3767 1324 πάλιν

2201 1355 2545 1426 δικαστηρίου
2596 1357 2779 1425 σχῆμα
2807 1354 2883 1424 τῷ
2925 1352 3205 1425 πράγματι
3246 1351 3636 1423 περιτιθέασιν,
3674 1354 3766 1407 ἵνα

2202 1439 2486 1491 ὑπεύθυνοι
2506 1442 2570 1510 τῇ
2603 1439 2768 1509 ἀδίκῳ
2794 1441 3052 1506 γένωνται
3076 1437 3272 1508 κρίσει.
3294 1437 3396 1490 Καὶ
3423 1436 3766 1503 στήσαντες

2198 1522 2417 1588 αὐτοὺς
2440 1523 2508 1575 ἐν
2531 1521 2714 1591 μέσῳ,
2749 1519 3170 1581 ἐπυνθάνοντο,
3199 1521 3300 1572 Ἐν
3325 1520 3464 1586 ποίᾳ
3488 1518 3761 1587 δυνάμει,

2198 1606 2236 1673 ἢ
2274 1606 2343 1658 ἐν
2385 1605 2532 1667 ποίῳ
2562 1605 2802 1672 ὀνόματι
2840 1602 3160 1667 ἐποιήσατε
3193 1600 3365 1654 τοῦτο
3393 1599 3604 1669 ὑμεῖς;
3649 1602 3762 1654 Καὶ

2201 1688 2304 1757 μὴν
2348 1688 2591 1757 ᾔδεισανθ
2641 1685 3103 1753 Διαπονούμενοι
3152 1684 3292 1754 γὰρ.
3340 1683 3506 1751 φησὶ,
3553 1682 3650 1736 διά
3691 1682 3762 1736 τὸ

2196 1771 2621 1839 καταγγέλλειν
2649 1770 2718 1821 έν
2748 1769 2828 1832 τῷ
2868 1767 3069 1834 Ἰησοῦ
3108 1766 3222 1831 τὴν
3261 1765 3617 1821 ἀνάστασιν.
3659 1767 3762 1820 Διά

2194 1852 2257 1922 δὴ
2280 1854 2437 1904 τοῦτο
2470 1854 2562 1905 καὶ
2593 1851 2852 1919 κατέσχον
2874 1849 3086 1911 αὐτούς.
3106 1850 3260 1910 Τίνος
3293 1844 3383 1900 οὖν
3408 1848 3591 1901 ἕνεκεν
3622 1848 3763 1918 ἐρω-

2194 1934 2358 1999 τῶσι;
2401 1935 2804 2007 Προσδοκῶντες
2835 1933 3030 1994 αὐτοὺς
3058 1931 3146 1984 διὰ
3176 1931 3235 1983 τὸ
3271 1931 3470 1999 πλῆθος
3500 1930 3761 2001 ἐξάρνους

2194 2016 2534 2087 γενήσεσθαι,
2572 2016 2666 2068 καὶ
2702 2015 2759 2067 τὸ
2794 2016 2897 2067 πᾶν
2934 2014 3023 2066 διὰ
3056 2012 3243 2066 τούτου
3285 2011 3591 2081 νομίζοντες
3621 2029 3759 2065 κατ-

2192 2100 2527 2169 ωρθωκέναι.
2562 2101 2700 2169 Ὅρα
2727 2097 2855 2165 γοῦν
2882 2098 2974 2149 κα)⁸
3002 2096 3053 2149 τί
3075 2113 3234 2165 φασιν
3256 2110 3269 2123 '
3312 2096 3412 2148 Ἐν
3441 2096 3588 2158 ποίῳ
3619 2096 3757 2148 ὀνό-

2188 2200 2327 2252 ματι
2356 2182 2675 2245 ἐποιήσατε
2721 2180 2892 2233 τοῦτο
2924 2180 3120 2249 ὐμεῖς;
3169 2182 3304 2233 Τότε
3344 2177 3561 2246 Πέτρος
3598 2181 3753 2244 πλη-

2193 2264 2358 2329 σθεὶς
2385 2264 2723 2331 Πνεύματος
2750 2263 2940 2329 ἁγίου,
2972 2262 3102 2315 εἷπε
3131 2261 3279 2328 πρὸς
3340 2262 3560 2324 αὐτούς
3579 2276 3592 2289 ·
3621 2259 3755 2311 ἀνα-

2197 2346 2463 2418 μνήσθητί
2501 2364 2588 2415 μοι
2624 2345 2715 2397 νῦν
2737 2343 2844 2397 τῶν
2876 2344 2967 2396 τοῦ
3002 2344 3235 2415 Χριστοῦ
3285 2343 3480 2412 λόγων,
3509 2344 3600 2397 καὶ
3638 2341 3757 2404 πῶς

2194 2429 2371 2499 ἐξέϐη,
2400 2429 2427 2481 ὃ
2450 2428 2629 2496 ἔλεγεν
2649 2443 2661 2455 ·
2698 2428 2881 2480 Ὅταν
2905 2426 2972 2479 δὲ
3000 2425 3404 2495 παραδιδῶσιν
3440 2424 3595 2494 ὑμᾶς
3617 2428 3704 2493 εὶς
3725 2438 3749 2467 α

2192 2511 2563 2579 συναγωγὰς.
2584 2509 2668 2577 μὴ
2685 2509 3104 2579 μεριμνήσητε,
3132 2507 3255 2573 πῶς
3278 2510 3316 2576 ἢ
3347 2509 3403 2561 τί
3422 2508 3753 2575 λαλήσετεο

2190 2595 2258 2647 τὸ
2290 2594 2399 2664 γὰρ
2419 2594 2655 2662 Πνεῦμα
2691 2593 2794 2647 τοῦ
2820 2595 3044 2660 Πατρός
3074 2592 3241 2662 ὑμῶν
3267 2594 3397 2645 ἐστι
3426 2593 3491 2645 τὸ
3523 2593 3759 2646 λαλοῦν

2189 2677 2258 2730 ἐν
2284 2677 2442 2746 ὑμῖν.
2467 2680 2610 2748 ’Δρα
2638 2677 2915 2746 ἐνεργείας
2950 2676 3148 2747 πολλῆς
3172 2675 3460 2729 ἀπέλαϐον.
3486 2677 3551 2728 Τί
3579 2676 3635 2728 δὲ
3661 2677 3757 2730 καὶ

2190 2760 2358 2828 λέγει,
2402 2761 2655 2814 ἄκουσον·
2696 2762 3015 2829 ’Ἄρχοντες
3053 2758 3158 2813 τοῦ
3191 2759 3342 2813 λαοῦ
3376 2758 3471 2812 καὶ
3500 2760 3759 2827 πρεσϐύ-

2190 2861 2345 2912 τεροι
2372 2845 2478 2898 τοῦ
2511 2843 2766 2913 Ἰσραήλ.
2784 2844 2922 2913 Ὅρα
2944 2842 3258 2912 φιλοσοφίαν
3281 2843 3490 2914 ἀνδρὸς,
3516 2845 3610 2895 καὶ
3640 2842 3759 2905 πῶς

2190 2930 2372 2997 γέμων
2402 2929 2711 2999 παρρησίας
2754 2927 2903 2979 οὐδὲν
2936 2926 3244 2996 ὑϐριστικὸν
3279 2926 3596 2995 φθέγγεται,
3620 2926 3758 2980 ἀλλά

2193 3011 2330 3079 μετά
2356 3015 2517 3081 τιμῆς
2538 3028 2551 3040 ο
2599 3012 2915 3077 ’Ἄρχοντες
2943 3008 3048 3062 τοῦ
3085 3008 3259 3072 λαοῦ,
3293 3010 3448 3079 φησὶ,
3484 3010 3584 3063 καὶ
3617 3027 3754 3079 πρε-

2189 3096 2463 3161 σϐύτεροι
2502 3094 2604 3147 τοῦ
2639 3092 2902 3160 Ἰσραὴλ.
2934 3096 2987 3146 εί
3016 3092 3185 3161 ἡμεῖς
3206 3092 3474 3162 σήμερον
3514 3095 3759 3163 ἀνακρι-

2190 3178 2407 3245 νόμεθα
2431 3177 2847 3245 ἑπίεὺεργεσίᾳ
2862 3174 3173 3244 ἀνθρώπου
3199 3176 3519 3242 ἀσθενοῦς,
3540 3177 3611 3230 έν
3637 3178 3758 3229 τίνι

2183 3256 2359 3325 οὗτος
2378 3259 2696 3320 σέσωσται,
2727 3259 2996 3329 γνωστὸν
3025 3260 3179 3313 ἔστω
3217 3258 3406 3313 πᾶσιν
3451 3259 3612 3329 ὑμῖν,
3653 3261 3755 3315 καὶ

2184 3343 2361 3397 παντί
2394 3341 2472 3406 τῷ
2518 3341 2643 3407 λαῷ
2686 3342 2953 3411 Ἰσραήλ.
3009 3342 3220 3413 Σφόδρα
3267 3341 3444 3395 αὐτῶν
3492 3342 3759 3409 γενναίως

2183 3424 2461 3494 καθήψατο
2514 3426 2619 3477 ἀπὸ
2678 3425 2772 3477 τοῦ
2827 3426 3111 3495 προοιμίου
3142 3465 3156 3490 ,
3226 3426 3318 3477 καὶ
3361 3422 3757 3477 διεκωδώνισεο

2187 3507 2383 3576 μᾶλλον
2410 3507 2467 3560 δέ
2502 3508 2699 3571 αὐτοὺς
2743 3507 2837 3561 καὶ
2868 3507 3138 3578 ἀνέμνησε
3180 3507 3286 3559 τῶν
3325 3505 3634 3577 προτέρων,
3667 3507 3756 3561 ὅτι

2186 3589 2270 3642 ἐπ’
2308 3590 2595 3661 εὐεργεσίᾳ
2623 3591 2818 3653 αὐτοὺς
2847 3591 3143 3661 κρίνουσιν,
3176 3591 3372 3643 ὡσανεὶ
3415 3590 3599 3659 ἐλεγεο
3633 3590 3758 3644 Μά-

2182 3672 2337 3725 λιστα
2370 3674 2465 3743 μὲν
2497 3673 2661 3744 ἐχρῆν
2692 3672 3081 3742 στεφανοῦσθαι
3114 3675 3255 3743 ἡμᾶς
3289 3673 3379 3725 ἐπὶ
3404 3673 3631 3735 τούτοις,
3657 3674 3754 3727 καὶ

2183 3755 2257 3818 ώς
2281 3756 2570 3827 εὐεργέτας
2596 3756 3087 3828 ἀνακηρύττεσθαιο
3130 3757 3223 3809 νῦν
3253 3755 3310 3808 δὲ
3340 3757 3434 3809 καὶ
3458 3754 3756 3825 κρινόμεθα

2184 3839 2276 3891 ἐπί
2308 3840 2597 3912 εὐεργεσίᾳ
2638 3839 2925 3910 ἀνθρώπου
2978 3837 3258 3902 ἀσθενοῦς,
3305 3840 3426 3908 οὐχὶ
3474 3838 3753 3903 πλουσίου,

2182 3920 2302 3991 οὐχὶ
2333 3922 2614 3987 δυνάστου,
2642 3922 2760 3992 οὐχὶ
2790 3920 3028 3986 ἐνδόξουο
3061 3922 3238 3974 καίτοι
3268 3924 3325 3975 ἐν
3348 3921 3522 3992 τούτῳ
3564 3921 3645 3984 τίς
3685 3920 3757 3974 ἂν

2182 4004 2447 4072 ἐϐάσκηνε
2474 4022 2487 4068 ;

2253 4087 2317 4157 β’.
2342 4088 2546 4157 Πολλῆς
2574 4087 2872 4158 βαρύτητος
2891 4090 2923 4159 ἠ
2940 4088 3237 4156 ἐπαγγελία
3263 4088 3445 4158 γέμει.
3463 4089 3748 4141 Δείκνυται

2180 4174 2237 4227 δέ
2251 4170 2513 4235 ἐντεῦθεν,
2532 4172 2611 4224 ὅτι
2629 4171 2781 4224 αὐτοὶ
2806 4172 3033 4234 ἑαυτοὺς
3054 4172 3081 4210 ά
3113 4173 3493 4243 περιπείρουσι
3522 4175 3633 4236 τοῖς
3660 4189 3757 4225 κα-

2180 4273 2315 4315 κοις.
2341 4255 2466 4307 Ὀτι
2496 4254 2566 4306 ἐν
2586 4253 2666 4319 τῷ
2692 4254 2931 4322 ὀνόματι
2964 4255 3168 4321 Ἰησοῦ
3208 4255 3464 4322 Χριστοῦ
3497 4256 3602 4309 τοῦ
3630 4258 3755 4309 Να-

2180 4338 2419 4406 ζωραίου
2436 4335 2575 4408 [82].
2600 4339 2663 4390 Ὀ
2694 4337 2926 4407 μάλιστα
2942 4338 3135 4400 αὐτοὺς
3165 4338 3369 4400 ἐλύπει,
3401 4338 3750 4410 προστίθησι.

2181 4420 2351 4507 Τρῦτο
2385 4416 2453 4489 ἦν
2479 4421 2615 4507 ἀρα,
2636 4420 2664 4472 ὃ
2700 4420 2884 4507 ἔλεγεν
2912 4420 3144 4507 αὑτοῖςῃό
3176 4421 3405 4507 Χριστός
3424 4435 3442 4507 ’-
3468 4422 3536 4473 Ὃ
3571 4424 3758 4487 ἠκού-

2180 4502 2326 4560 σᾶτε
2348 4507 2434 4569 είς
2454 4504 2518 4558 τὸ
2548 4502 2679 4570 οὖς,
2702 4504 2994 4571 κηρύξατε
3022 4503 3120 4557 ἐπὶ
3144 4503 3258 4557 τῶν
3286 4502 3588 4570 δωμάτων.
3618 4505 3755 4560 Ὅτι

2178 4589 2248 4641 ἐν
2271 4586 2349 4653 τῷ
2370 4589 2614 4657 ὀνόματι
2656 4589 2859 4654 Ἰησοῦ
2884 4588 3138 4656 Χριστοῦ
3162 4587 3265 4640 τοῦ
3287 4586 3640 4655 Ναζωραίου,
3677 4591 3755 4643 ὃν

2180 4671 2346 4741 ὑμεῖς
2370 4671 2805 4739 ἐσταυρώσατε,
2830 4672 2901 4725 ὃν
2921 4674 2951 4725 ό
2979 4671 3119 4737 Θεὸς
3140 4671 3372 4740 ἤγειρεν
3402 4671 3469 4723 ἐκ
3498 4672 3751 4740 νεκρῶν,

2177 4757 2247 4809 ἐν
2274 4758 2457 4821 τούτῳ
2473 4753 2649 4823 οὗτος
2677 4757 3053 4826 παρέστηκεν
3082 4757 3331 4811 ἐνώπιον
3355 4757 3518 4827 ὑμῶν
3548 4759 3747 4827 ὑγιής.

2178 4842 2268 4910 Μὴ
2294 4841 2568 4911 νομίσητε,
2589 4843 2766 4914 φησὶν.
2796 4844 2875 4895 ὅτι
2901 4843 3212 4914 κρύπτομεν
3246 4843 3342 4912 τὴν
3364 4842 3595 4911 πατρίδα
3629 4843 3660 4912 ἢ
3687 4844 3752 4897 τὸ

2177 4924 2363 4988 πάθος.
2376 4928 2482 4978 Ὃν
2496 4924 2659 4993 ὑμεῖς
2677 4925 3109 4994 ἐσταυρώσατε,
3127 4926 3198 4978 ὃν
3218 4928 3250 4977 ό
3267 4925 3407 4989 Θεὸς
3431 4923 3661 4994 ἤγειρεν
3678 4926 3749 4980 ἐκ

2176 5007 2421 5074 νεκρῶν,
2439 5009 2507 5059 έν
2528 5010 2711 5072 τούτῳ
2727 5011 2905 5073 αὐτὸς
2920 5008 3296 5074 παρέστηκεν
3312 5007 3568 5059 ἐνώπιον
3582 5006 3751 5076 ὑμῶν

2174 5094 2269 5154 ὐγι
2280 5092 2541 5156 ής.Πάλιν
2556 5093 2615 5149 τὸ
2630 5092 2815 5153 πάθος,
2831 5091 2988 5144 πάλιν
3002 5094 3033 5158 ἡ
3054 5090 3562 5157 άνάστασις.Αὺτός
3577 5093 3750 5145 ἐστιν

2176 5179 2209 5228 ό
2227 5176 2396 5241 λίθος
2420 5180 2452 5228 ὁ
2477 5176 2888 5241 ἐξουθενωθεὶς
2908 5175 3008 5243 ὑφ’
3030 5174 3195 5241 ὑμῶν
3225 5174 3344 5227 τῶν
3366 5176 3749 5244 οἰκοδομοῦν-

2174 5274 2309 5321 των,
2336 5262 2368 5311 ὀ
2400 5261 2717 5327 γενόμενος
2741 5261 2827 5323 εὶς
2851 5258 3124 5326 κεφαλὴν
3146 5259 3382 5327 γωνίας.
3418 5259 3747 5328 Ἀνέμνησεν

2175 5342 2371 5404 αὐτοὺς
2402 5344 2496 5395 καὶ
2527 5344 2766 5413 ῥήματος
2791 5341 2973 5395 ἱκανοῦ
3005 5342 3269 5411 φοϐῆσαιο
3306 5344 3367 5395 '0
3387 5342 3590 5396 πεσὼν
3610 5344 3741 5414 γὰρ,

2174 5425 2355 5495 φησὶν,
2403 5425 2501 5476 ἐπὶ
2535 5426 2640 5478 τὸν
2674 5427 2845 5479 λίθον
2895 5426 3127 5487 τοῦτον,
3175 5426 3702 5491 συνθλασθήσεται
3728 5442 3742 5457 ·

2171 5508 2261 5576 ἐφ’
2293 5507 2363 5559 ὃν
2390 5506 2441 5559 δ’
2466 5506 2544 5562 ἂν
2568 5506 2747 5578 πέσῃ,
2767 5508 3045 5576 λικμήσει
3069 5512 3273 5563 αὐτόν.
3297 5512 3397 5563 Καὶ
3427 5511 3537 5563 οὐκ
3567 5509 3743 5562 ἐστιν

2170 5592 2239 5644 ὲν
2268 5588 2433 5657 ἄλλῳ
2472 5590 2669 5643 οὐδενὶ
2720 5591 2758 5657 ἡ
2802 5594 3060 5660 σωτηρία
3084 5604 3128 5644 ο.
3180 5595 3341 5655 Ποίας
3384 5594 3484 5645 οἴει
3527 5592 3742 5661 πληγάς

2237 5690 2259 5717 ε
2296 5686 2429 5736 Unus
2450 5686 2534 5749 τοῦ
2567 5686 2773 5749 Χριστοῦ
2808 5689 3036 5749 λέγοντος.
3078 5689 3229 5737 εὈτιιν
3259 5688 3310 5737 δ’
3338 5690 3585 5749 ἀγάγωσιν
3617 5691 3741 5747 ὑμᾶς

2176 5751 2239 5803 είς
2277 5750 2377 5804 τάς.
2444 5748 2467 5787 ἀ
2509 5748 2850 5809 Ηὶσιιιιιεάεῐῐι
2874 5748 3007 5799 οόόὶῐ
3032 5750 3281 5806 Morellus,
3304 5763 3413 5809 quae
3436 5752 3482 5798 in
3508 5748 3616 5799 aliis
3639 5764 3737 5799 non

2175 5810 2435 5883 hahenpur,
2472 5818 2524 5862 el
2559 5813 2739 5861 seriem
2785 5812 3129 5860 inlex-turbant.
3198 5826 3219 5852 e
3254 5813 3391 5861 Alius
3440 5812 3487 5859 ἐν
3525 5812 3656 5875 dm,»
3702 5817 3733 5870 ἡ

2177 5890 2391 5935 cunan
3180 5898 3187 5901 ν
