4036 6212
328 186 398 241 τε
1356 194 1421 249 1Ν
1460 196 1630 251 ACTA
1671 196 2184 259 APOSTOLORUM.
2227 206 2453 264 llOMlL.
2495 210 2562 265 X.
3520 224 3589 283 86

320 325 379 365 ra
409 325 811 380 consequamur
849 314 984 368 bona
1011 355 1025 378 ,
1051 316 1220 385 gratia
1258 326 1313 370 et
1339 317 1661 385 benignitate
1700 321 1910 377 Domini

321 411 491 454 nostri
520 400 649 455 Jesu
680 402 879 456 Christi
901 446 915 466 .
947 405 1160 473 quicum
1196 405 1337 459 Patri
1379 420 1433 461 et
1460 407 1679 477 Spiritui
1724 422 1909 465 sancto

2018 325 2205 393 gloria,
2238 327 2515 397 imperium
2542 373 2558 396 ,
2589 332 2779 400 honor,
2810 351 2945 391 nunc
2972 348 3025 393 et
3052 356 3266 412 semper
3289 382 3304 408 ,
3327 356 3378 400 et
3407 345 3461 401 in
3482 360 3587 401 8th

2018 415 2135 470 cula
2161 419 2497 474 szeculorum.
2524 429 2710 477 Amen.

1717 619 2057 684 HOMILIA
2101 626 2184 687 X.

315 764 456 819 Cu.
494 766 541 818 ι.
574 780 623 817 v.
668 764 725 817 ί.
765 763 1109 832 Loquentibus
1148 774 1313 818 autem
1355 767 1457 820 illis
1501 767 1569 820 ad
1618 769 1898 837 populum,

399 866 789 925 superi-ruerunt
814 863 1100 909 sacerdotes
1120 867 1167 910 et
1196 858 1521 927 magistratus
1552 860 1741 928 ιεηιριί.

398 951 451 1002 1.
492 948 735 1001 Nondum
780 964 809 999 ιι
858 948 1121 1017 prioribus
1162 950 1557 1018 reSpiraverant
1596 951 1899 1003 tentationi-

316 1042 439 1099 bus.
467 1052 515 1094 et
542 1041 728 1095 statim
757 1042 810 1094 in
842 1042 973 1095 alias
1004 1041 1323 1096 inciderunt.
1358 1042 1421 1095 Et
1444 1042 1566 1096 vide
1592 1083 1606 1104 ,
1634 1042 1900 1111 quomodo

312 1149 404 1187 res
441 1134 846 1203 dispensentur.
890 1132 1068 1186 Primo
1104 1148 1223 1186 cum
1257 1133 1505 1187 irrisione
1531 1134 1739 1201 excepti
1778 1142 1900 1187 sunt

308 1241 498 1279 omnes
523 1268 539 1289 ,
586 1241 686 1278 nec
717 1240 874 1293 parva
915 1234 1032 1279 erat
1075 1224 1188 1280 ha’c
1215 1226 1433 1279 tentatio
1459 1244 1471 1279 :
1497 1225 1731 1279 secundo
1755 1265 1769 1290 ,
1800 1226 1896 1294 ipsi

305 1317 579 1387 eoryphaei
611 1317 666 1369 in
701 1316 935 1384 pericula
980 1316 1232 1370 incidunt.
1262 1315 1375 1371 Non
1406 1316 1744 1371 continenter
1772 1330 1897 1371 vero

310 1408 421 1461 haec
445 1408 554 1460 duo
578 1408 719 1461 facta
748 1417 895 1467 sunt,
925 1422 1095 1475 neque
1125 1407 1468 1476 simpliciter;
1498 1407 1589 1461 sed
1619 1418 1892 1476 postquam

314 1501 368 1552 in
412 1498 767 1554 concionibus
812 1499 1156 1562 claruerant,
1205 1507 1261 1552 et
1308 1498 1615 1551 miraculum
1645 1513 1892 1567 magnum

319 1578 610 1657 patr-arant;
643 1593 729 1642 sic
758 1588 973 1643 demum
1006 1599 1272 1657 assumpta
1303 1588 1491 1643 fiducia
1512 1630 1526 1653 ,
1558 1588 1673 1643 Deo
1700 1603 1894 1643 concc-

321 1680 477 1734 dente
519 1679 811 1733 certamina
858 1680 1059 1733 ineunt.
1106 1679 1185 1731 Tu
1234 1694 1360 1732 vero
1405 1678 1531 1731 tnihi
1578 1679 1845 1747 perpende
1873 1719 1888 1742 ,

322 1772 602 1842 quomodo,
636 1773 734 1841 qui
771 1773 1097 1839 quaesieram
1124 1771 1448 1841 proditorem
1492 1771 1582 1841 qui
1621 1771 1888 1826 Christum

316 1866 535 1919 traderet
560 1906 576 1924 .
611 1864 705 1918 hic
736 1864 836 1932 ipsi
869 1879 1058 1917 manus
1084 1862 1325 1931 injiciunt
1370 1863 1660 1918 ferociores
1690 1863 1808 1917 facti
1837 1871 1890 1916 et

306 1957 729 2025 impudentiores
778 1964 903 2025 post
950 1970 1185 2009 crucem.
1236 1955 1514 2009 Peccatum
1561 1956 1703 2009 enim
1759 1955 1885 2009 dum

298 2051 592 2118 parturitur
620 2091 637 2115 ,
688 2048 977 2117 quemdam
1025 2048 1184 2101 habet
1228 2048 1524 2117 pudorem;
1557 2064 1676 2102 cum
1707 2058 1882 2101 autem

296 2141 595 2210 perfectum
647 2149 772 2203 est,
810 2140 1227 2208 impudentiores
1270 2140 1443 2194 reddit
1486 2152 1749 2194 auctores.
1777 2140 1885 2194 Cur

291 2244 467 2287 autem
516 2232 872 2301 magistratus
918 2231 1267 2294 supervenit?
1304 2231 1432 2285 Nam
1478 2231 1884 2299 Supervenerunt

288 2327 411 2393 ipsis
434 2326 730 2378 sacerdotes
756 2336 803 2377 et
847 2326 1172 2394 ntagistratus
1202 2325 1407 2392 templi,
1450 2325 1637 2395 inquit.
1673 2324 1739 2379 Ut
1766 2341 1883 2378 rur-

286 2433 373 2472 sus
396 2419 683 2488 publicum
709 2420 910 2471 crimen
932 2418 1097 2488 gestis
1128 2417 1405 2483 inferrent,
1430 2427 1483 2473 et
1508 2434 1610 2472 non
1639 2426 1697 2471 ut
1722 2434 1881 2488 pecu-

284 2512 421 2564 liarc
454 2522 512 2563 et
542 2510 805 2579 privatum
836 2510 1222 2564 ulciscerentur
1251 2527 1264 2561 :
1297 2509 1434 2579 quod
1462 2510 1655 2579 ubique
1703 2509 1877 2564 facere

282 2601 605 2654 studebant.
645 2599 701 2653 2.
736 2600 973 2653 Dolentes
1013 2600 1149 2669 quod
1177 2601 1409 2654 docerent
1455 2600 1712 2669 populum.
1764 2602 1875 2655 Mo-

284 2691 428 2745 lcste
460 2691 711 2745 ferebant
732 2732 748 2755 ,
782 2708 886 2744 non
916 2692 1075 2744 modo
1101 2691 1556 2759 quoddocerent;
1598 2692 1689 2745 sed
1719 2693 1874 2745 etiam

282 2783 438 2851 quod
453 2784 704 2837 dicerent
719 2800 825 2836 non
843 2784 1016 2837 solum
1030 2784 1199 2852 ipsum
1220 2784 1591 2849 resurresisse,
1610 2784 1701 2837 sed
1716 2783 1875 2837 etiam

283 2893 384 2929 nos
407 2892 505 2945 per
524 2877 679 2929 illum
698 2885 1093 2930 resurrecturos
1110 2890 1246 2929 esse.
1258 2874 1405 2942 Quod
1419 2874 1667 2941 docerent,
1690 2875 1871 2945 inquit,

286 2972 561 3040 populum.
590 2984 636 3022 et
657 2970 1018 3028 anituntiareul
1043 2972 1097 3027 in
1122 2958 1250 3028 Iesu
1290 2969 1698 3029 resurreClionem
1738 2990 1874 3027 mor-

283 3073 523 3120 tuarum.
542 3061 614 3117 Ita
645 3062 834 3121 enicas
859 3070 954 3120 fuit
980 3068 1120 3121 illius
1140 3068 1478 3134 resurrectio,
1503 3077 1558 3121 ut
1581 3068 1738 3121 etiam
1760 3067 1877 3121 aliis

284 3169 490 3211 auctor
525 3158 591 3210 sit
624 3158 1053 3211 resurrectionis.
1094 3158 1145 3213 3.
1181 3157 1244 3210 Et
1281 3159 1559 3228 injecerunt
1584 3157 1637 3210 in
1665 3173 1747 3211 eos
1769 3174 1877 3209 ma-

285 3269 393 3304 m
424 3292 443 3311 .
467 3262 509 3301 et
537 3261 807 3319 posuerunt
834 3267 917 3303 eos
944 3268 998 3304 in
1029 3251 1306 3305 custodiam
1331 3252 1385 3304 in
1426 3252 1701 3305 crastinum
1725 3266 1743 3305 :
1770 3260 1876 3303 erat

284 3347 443 3397 enim
474 3346 581 3412 jam
630 3361 859 3411 vespera.
908 3344 952 3398 Ο
1002 3345 1419 3413 impudentiam!
1466 3346 1654 3399 Adhuc
1700 3345 1875 3413 priore

287 3437 569 3504 sanguine
616 3437 795 3504 plenas
848 3452 1038 3490 manus
1088 3436 1400 3499 habebant,
1459 3452 1557 3490 nec
1602 3437 1874 3506 segniores

296 3540 485 3583 erant
504 3570 519 3589 ,
550 3531 634 3582 sed
661 3530 953 3599 injeccrunt
981 3530 1155 3583 denuo
1182 3530 1299 3583 illas
1325 3571 1339 3589 .
1384 3540 1438 3581 ut
1479 3529 1583 3581 alio
1620 3528 1874 3598 sanguine

288 3621 634 3689 implerent:
659 3623 735 3675 vel
762 3622 986 3675 fortasse
1018 3622 1137 3690 quia
1171 3623 1241 3675 illi
1263 3622 1371 3690 jam
1400 3622 1733 3675 multitudine
1753 3637 1872 3675 cre-

284 3721 520 3772 verant.
551 3712 847 3776 timuerunt,
875 3713 1099 3783 ideoque
1118 3714 1457 3783 magistratus
1488 3713 1663 3781 templi
1697 3729 1873 3781 super-

279 3806 473 3859 venit.
507 3803 626 3856 Erat
662 3806 794 3857 enim
818 3846 831 3868 ,
866 3806 1033 3875 inquit
1056 3842 1071 3868 ,
1110 3808 1222 3872 jam
1256 3820 1477 3874 vespera.
1506 3802 1580 3857 llli
1629 3819 1752 3857 vero
1783 3819 1873 3858 vo-

280 3899 479 3952 lentes
513 3912 606 3951 eos
648 3899 886 3967 mitigare
915 3940 928 3958 .
968 3897 1046 3950 sic
1090 3897 1350 3950 faciebant
1377 3906 1432 3950 et
1467 3897 1866 3951 custodiebant:

278 3988 577 4057 apostolos
601 4000 774 4043 autem
803 3989 1113 4044 audaciores
1140 3990 1390 4043 reddebat
1421 4004 1565 4043 mora
1596 3989 1867 4058 temporis.

279 4085 351 4137 Et
412 4082 535 4136 vide
571 4124 586 4145 ,
634 4082 846 4151 quinam
891 4080 1409 4150 comprehendantur
1446 4098 1459 4135 :
1507 4081 1867 4149 apostolorum

277 4174 572 4244 corypha-i
599 4216 611 4233 ,
640 4174 757 4227 aliis
786 4184 966 4243 postea
1014 4172 1313 4241 exemplum
1359 4171 1479 4226 facti
1505 4212 1518 4233 ,
1551 4188 1616 4225 ue
1648 4172 1779 4224 ultra
1811 4186 1869 4225 se

278 4278 489 4319 mutuo
516 4267 810 4335 inquirant,
840 4280 1009 4335 neque
1039 4267 1389 4319 communiter
1426 4273 1600 4333 agant.
1633 4264 1685 4318 4.
1718 4263 1867 4317 Multi

278 4370 468 4410 autem
494 4373 663 4409 eorum
686 4398 698 4420 ,
744 4358 827 4420 qui
867 4357 1130 4409 audierant
1168 4356 1367 4409 verbum
1392 4397 1407 4419 ,
1434 4355 1750 4408 crediderunt
1775 4397 1789 4420 ,
1820 4366 1867 4409 et

274 4458 464 4517 [usus
490 4458 564 4500 est
592 4464 823 4501 numerus
852 4449 1069 4501 virorum
1098 4448 1291 4500 circiter
1314 4447 1530 4517 quinque
1557 4446 1735 4499 millia.

362 4538 515 4592 Petri
560 4540 608 4591 in
636 4539 976 4592 concionando
1016 4540 1107 4591 vis.
1137 4538 1359 4605 —Qnid
1406 4537 1541 4591 hoc?
1573 4554 1697 4591 lllllll
1748 4538 1865 4591 illos

276 4633 613 4699 conspicuos
646 4632 929 4685 videbant?
960 4646 1134 4684 annon
1182 4630 1405 4699 ligatos?
1432 4629 1697 4699 quoniiodo
1725 4644 1855 4699 ergo

276 4721 679 4779 crediderunt?
710 4722 891 4776 Viden'
939 4721 1273 4775 manifestam
1322 4721 1657 4775 efficaciam?
1704 4721 1861 4789 Atqui

278 4830 387 4869 eos
414 4855 429 4877 .
460 4816 549 4883 qui
595 4806 967 4875 crediderant,
1014 4812 1295 4882 oportebat
1346 4809 1660 4867 infirmiores
1705 4812 1856 4876 fieri;

284 4907 385 4960 sed
415 4923 516 4957 non
542 4906 606 4975 ita
636 4904 732 4957 fuit
756 4924 767 4957 :
798 4905 933 4958 Petri
972 4919 1199 4973 namque
1221 4904 1407 4957 concio
1428 4903 1627 4957 semina
1653 4904 1702 4955 in
1728 4920 1853 4971 pro-

282 4998 511 5052 frmduttt
556 4999 789 5066 jecerat,
841 5009 1179 5067 mentemque
1230 4997 1436 5051 illorum
1486 4998 1751 5051 affecerat.
1782 4995 1858 5049 Illi

282 5106 423 5143 vero
445 5089 563 5142 ideo
586 5089 963 5142 suoceuscbant
983 5128 997 5151 ,
1026 5087 1164 5157 quod
1195 5103 1297 5140 non
1330 5088 1398 5140 ab
1425 5087 1528 5140 illis
1554 5098 1856 5141 metueren-

286 5196 397 5247 tur,
416 5186 662 5251 quodque
680 5182 753 5236 illi
773 5181 1048 5249 praesentia
1069 5183 1204 5234 mala
1232 5196 1324 5249 pro
1345 5181 1507 5233 nihilo
1530 5190 1853 5248 reputarent.

285 5278 345 5329 5'.
372 5277 519 5330 enim
540 5278 823 5328 crucifixus
843 5315 857 5338 ,
887 5272 1100 5326 aiebant
1123 5314 1137 5336 ,
1171 5273 1289 5325 talia
1319 5282 1567 5341 operatur
1588 5313 1601 5337 ,
1632 5282 1685 5326 et
1712 5272 1856 5324 clau-

284 5374 412 5423 dam
442 5370 617 5438 erigit,
648 5384 714 5421 ne
746 5368 1021 5420 timeamus
1065 5366 1199 5419 illos.
1240 5365 1349 5419 Hoc
1378 5380 1504 5434 ergo
1533 5382 1594 5417 ex
1625 5365 1714 5419 Dei
1745 5366 1857 5418 dis-

289 5464 600 5532 pmsatione
645 5459 840 5513 factum
885 5470 984 5512 est.
1044 5458 1175 5512 llinc
1216 5474 1343 5513 vero
1372 5458 1467 5521 fit,
1502 5460 1669 5523 utqui
1718 5475 1854 5512 nunc

290 5556 515 5610 credunt
542 5554 720 5621 plures
739 5552 862 5612 sint,
885 5566 1041 5619 quam
1068 5550 1285 5619 priores.
1328 5550 1552 5620 Ideoque
1574 5553 1818 5605 timentes
1835 5592 1848 5613 ,

292 5648 393 5703 illis
420 5646 722 5701 videntibus
750 5642 1017 5713 apostolos
1048 5642 1283 5717 ligarant,
1326 5653 1377 5701 ut
1412 5642 1530 5699 illos
1558 5641 1851 5698 timidiores

2010 767 2310 825 redderent.
2344 774 2509 830 Secus
2539 788 2715 833 autem
2741 783 2968 849 accidit,
3010 802 3164 856 quam
3196 791 3269 845 illi
3301 794 3576 848 volebant.

2008 857 2237 931 Ideoque
2268 881 2371 919 non
2404 883 2579 923 coram
2612 873 2715 927 illis
2746 875 2889 943 ipsos
2918 879 3276 951 interrogant.
3309 887 3405 939 sed
3433 902 3581 942 seor-

2006 952 2139 1017 sim,
2173 970 2238 1007 ne
2264 970 2327 1009 ex
2376 974 2559 1013 eorum
2607 962 2852 1031 loquendi
2898 968 3140 1025 libertate
3186 974 3463 1031 auditores
3493 978 3580 1033 lu-

2004 1057 2152 1097 crum
2194 1048 2469 1103 referrent.
2499 1053 2550 1107 5.
2611 1054 2821 1111 Factum
2851 1070 2922 1113 est
2966 1072 3134 1116 autem
3160 1065 3213 1119 in
3257 1069 3577 1135 crastinum,

2004 1143 2056 1184 ut
2076 1151 2495 1207 congregarentur
2537 1146 2785 1215 principes
2812 1167 2982 1203 eorum
3013 1164 3058 1207 et
3083 1157 3305 1212 seniores
3331 1168 3377 1211 et
3406 1161 3581 1214 scriba.-

2001 1222 2053 1317 in
2082 1224 2401 1285 Jerusalem:
2446 1237 2496 1287 b'.
2553 1246 2599 1289 et
2643 1237 2815 1295 Aunus
2867 1245 3100 1312 princeps
3152 1250 3507 1317 sacerdotum,
3534 1262 3581 1307 et

2001 1313 2217 1386 Caiphas
2243 1329 2286 1372 et
2305 1320 2527 1401 Joannes
2549 1337 2592 1380 et
2614 1330 2917 1396 Alexander,
2933 1344 2979 1387 et
2999 1349 3238 1407 quotquot
3252 1351 3401 1393 erant
3416 1342 3480 1395 de
3494 1313 3581 1413 ge-

1998 1422 2115 1460 nere
2156 1412 2477 1469 sacerdotali.
2525 1416 2729 1492 Rursus
2774 1426 3096 1480 conveniunt
3136 1428 3187 1482 in
3219 1446 3412 1485 unum.
3440 1432 3576 1487 Cum

1998 1499 2115 1555 aliis
2143 1503 2299 1557 etiam
2333 1508 2485 1562 malis
2526 1508 2626 1564 hoc
2654 1513 2839 1569 aderat
2858 1556 2872 1578 ,
2900 1519 3042 1586 quod
3072 1520 3154 1575 lex
3185 1538 3291 1577 non
3323 1539 3569 1581 servare-

1999 1600 2103 1646 tur.
2137 1594 2213 1649 Ac
2240 1612 2424 1651 rursus
2453 1600 2631 1667 iudicii
2680 1603 2904 1661 formam
2934 1609 3061 1665 huic
3088 1616 3301 1682 negotio
3331 1616 3528 1671 indunt
3558 1660 3573 1679 .

1997 1689 2054 1733 ut
2079 1682 2271 1753 injusto
2295 1688 2495 1755 judicio
2525 1696 2708 1750 noxios
2739 1698 2856 1753 illos
2883 1700 3125 1757 reddant.
3156 1706 3207 1758 7.
3240 1705 3306 1759 Et
3334 1718 3576 1763 statuen-

1995 1780 2065 1823 tes
2090 1789 2172 1826 eos
2199 1775 2250 1829 in
2277 1778 2436 1833 medio
2460 1824 2472 1843 ,
2502 1782 2872 1855 interrogabant
2896 1804 2913 1843 :
2943 1789 3009 1844 In
3037 1808 3136 1859 qua
3162 1794 3369 1861 virtute,
3399 1807 3493 1850 aut
3519 1815 3572 1851 in

1992 1876 2089 1928 quo
2118 1867 2317 1920 nomine
2344 1871 2531 1937 fecistis
2576 1875 2668 1927 hoc
2707 1880 2833 1931 vos?
2860 1881 3015 1950 Atqui
3048 1882 3101 1937 id
3125 1886 3365 1941 sciebant
3394 1907 3406 1942 :
3441 1903 3570 1943 nam

1992 1954 2260 2022 dolebant,
2293 1960 2496 2029 inquit,
2549 1968 2683 2033 quod
2710 1973 3063 2025 annuntiarent
3086 1975 3138 2028 in
3178 1975 3303 2030 Iesu
3345 1996 3572 2034 resurre-

1989 2049 2219 2104 clionem.
2251 2050 2372 2106 Ideo
2396 2059 2914 2125 comprehenderant
2941 2064 3081 2119 illos.
3112 2066 3218 2122 Cur
3236 2085 3363 2140 ergo
3385 2072 3560 2127 inter-

1988 2142 2215 2209 rogant?
2269 2144 2659 2214 Exspectabant
2718 2152 2837 2206 illos
2893 2167 3112 2225 prOpter
3165 2161 3559 2219 multitudinem

1988 2240 2273 2300 negaturos
2299 2250 2449 2301 esse,
2484 2246 2539 2292 et
2566 2240 2642 2293 sic
2673 2244 2928 2309 putabant
2954 2261 3010 2301 se
3040 2256 3208 2305 totum
3238 2254 3556 2310 emendatu-

1986 2339 2076 2377 ros
2102 2342 2241 2380 esse.
2272 2326 2405 2385 Vide
2434 2346 2561 2401 ergo
2587 2335 2710 2402 quid
2751 2335 2931 2391 dicant
2958 2356 2971 2391 :
3004 2337 3070 2393 In
3110 2358 3209 2411 quo
3240 2346 3439 2400 nomine
3464 2347 3559 2401 hoc

1986 2416 2178 2485 fecistis
2199 2435 2283 2472 vos
2301 2420 2326 2472 .9
2346 2422 2399 2475 8.
2419 2421 2561 2476 Tunc
2582 2424 2759 2480 Petrus
2784 2427 3001 2499 repletus
3022 2430 3220 2499 Spiritu
3232 2445 3405 2490 sancto
3425 2438 3556 2493 dixit

1982 2507 2050 2558 ad
2078 2525 2176 2561 eos.
2204 2508 2349 2564 Nunc
2372 2514 2650 2569 recordare
2682 2518 2963 2573 verborum
2987 2519 3182 2577 Christi
3201 2523 3299 2594 (a),
3326 2523 3402 2597 [et
3425 2542 3558 2597 quo-

1984 2599 2140 2652 modo
2170 2603 2409 2656 evenerit
2431 2604 2478 2657 id
2510 2606 2649 2674 quod
2679 2608 2886 2663 dicebat
2916 2628 2930 2663 :
2955 2608 2976 2681 ]
3009 2612 3135 2665 Cum
3164 2626 3332 2668 autem
3360 2619 3557 2673 tradent

1980 2707 2067 2743 vos
2108 2693 2159 2744 in
2187 2698 2454 2766 sgnagogis
2476 2738 2487 2759 ,
2525 2714 2587 2751 ne
2624 2699 2831 2753 solliciti
2876 2703 2986 2756 sitis
3015 2706 3263 2774 quomodo
3301 2718 3389 2761 aut
3431 2711 3555 2778 quid

1981 2782 2253 2854 loquamini
2280 2802 2297 2839 :
2328 2788 2551 2858 Spiritus
2576 2792 2704 2844 enim
2730 2790 2901 2845 Patris
2931 2797 3081 2848 vestri
3109 2807 3201 2859 est,
3225 2800 3312 2867 qui
3336 2800 3554 2870 loquitur

1980 2878 2031 2929 in
2060 2878 2195 2930 vobis
2226 2879 2243 2946 (
2269 2878 2393 2932 Luc.
2425 2880 2509 2934 12.
2546 2883 2629 2936 Η.
2669 2882 2796 2953 12).
2849 2884 2988 2955 Ergo
3033 2902 3276 2957 magnam
3328 2905 3551 2960 accepe-

1981 2976 2101 3023 rant
2143 2968 2452 3025 eflicaciam.
2502 2972 2637 3039 Quid
2683 2990 2811 3029 vero
2854 2976 3030 3043 dicat,
3072 2979 3232 3033 audi:
3285 2978 3552 3053 Principes

1981 3064 2187 3134 populi,
2236 3074 2282 3119 et
2324 3067 2541 3122 seniores
2595 3067 2777 3123 Israel.
2819 3070 2947 3125 Vide
2992 3071 3376 3143 phi1050phiam
3422 3077 3549 3143 viri,

1979 3167 2033 3211 ct
2082 3158 2347 3227 quomodo
2391 3159 2577 3214 fiducia
2620 3162 2807 3231 plenus
2847 3163 2973 3217 nihil
3027 3167 3410 3222 contumeliose
3465 3167 3548 3223 di-

1976 3256 2091 3312 cat,
2138 3249 2231 3304 sed
2260 3266 2380 3304 cum
2412 3251 2613 3306 honore
2646 3270 2657 3305 :
2692 3252 2956 3322 Principes
3000 3256 3207 3324 populi,
3258 3257 3461 3327 inquit,
3492 3271 3541 3313 et

1978 3341 2195 3394 seniores
2221 3341 2384 3397 Israel
2398 3359 2416 3396 :
2438 3343 2489 3399 9.
2516 3344 2561 3398 si
2582 3361 2672 3399 nos
2693 3345 2841 3400 hodie
2860 3346 3201 3412 diiudicamur
3221 3350 3273 3402 in
3294 3349 3552 3419 benefacta

1978 3430 2193 3487 hominis
2221 3434 2409 3501 inﬁrmi
2426 3475 2442 3501 ,
2473 3436 2525 3488 in
2554 3453 2651 3506 quo
2678 3438 2769 3490 iste
2783 3438 2949 3491 salvus
2981 3442 3145 3509 [actus
3176 3450 3249 3493 est
3274 3482 3289 3506 ,
3324 3442 3411 3496 10,
3445 3459 3545 3496 no-

1978 3532 2081 3575 tum
2111 3524 2173 3576 sit
2215 3525 2384 3589 vobis,
2416 3536 2463 3579 et
2507 3528 2645 3581 omni
2687 3527 2820 3598 plebi
2858 3527 3041 3584 Israel.
3094 3530 3320 3587 Strenue
3358 3535 3478 3589 illos
3517 3552 3548 3592 a

1977 3615 2237 3683 principio
2263 3617 2569 3686 perstringit
2595 3627 2649 3673 et
2672 3620 2881 3689 carpit;
2916 3621 3021 3675 imo
3042 3622 3147 3675 illis
3172 3624 3346 3692 priora
3367 3626 3417 3679 iu
3439 3642 3548 3681 me-

1976 3708 2197 3761 moriam
2228 3718 2438 3762 revocat
2460 3751 2474 3774 ,
2516 3712 2653 3779 quod
2708 3713 2823 3766 illos
2852 3712 2919 3767 de
2958 3713 3219 3768 beneﬁcio
3254 3716 3306 3771 in
3332 3718 3420 3786 jus
3447 3734 3544 3773 vo-

1975 3807 2132 3863 cent,
2161 3813 2223 3852 ac.
2252 3800 2294 3852 si
2337 3800 2539 3854 diceret
2570 3820 2582 3852 :
2616 3802 2805 3870 Utique
2841 3807 3126 3873 Oportebat
3155 3824 3252 3861 nos
3280 3809 3377 3863 hac
3399 3810 3464 3864 de
3489 3828 3546 3865 re

1975 3891 2255 3955 coronari,
2288 3902 2446 3961 atque
2478 3900 2535 3946 ut
2571 3893 2835 3949 beneficos
2879 3898 3243 3966 promulgari;
3279 3917 3419 3956 nunc
3446 3918 3543 3955 au-

1977 3990 2080 4036 tem
2113 3982 2163 4036 in
2190 3983 2276 4052 jus
2300 3999 2568 4049 vocamur,
2609 3986 2727 4053 quia
2762 3986 2897 4041 bene
2925 3987 3146 4041 fecimus
3169 3989 3365 4043 homini
3392 3993 3541 4047 infir-

1976 4090 2082 4138 mo,
2104 4091 2207 4129 non
2232 4077 2454 4145 potenti,
2477 4093 2579 4130 non
2599 4077 2782 4143 nobili;
2806 4094 3127 4149 quamquam
3147 4092 3199 4135 et
3220 4083 3271 4135 in
3304 4082 3403 4137 hoc
3424 4086 3542 4153 quis

1974 4167 2285 4222 invidisset?

2040 4259 2093 4311 2.
2114 4259 2294 4327 Magna
2311 4260 2565 4329 gravitate
2590 4261 2864 4315 exordium
2911 4262 3121 4331 plenum
3143 4272 3245 4319 est.
3266 4264 3397 4319 Hinc
3411 4280 3536 4320 vero

1972 4354 2265 4405 ostenditur
2300 4353 2442 4420 ipsos
2464 4367 2583 4407 sese
2607 4354 2761 4407 malis
2788 4354 3076 4422 implicare.
3102 4354 3232 4419 Quia
3252 4356 3304 4408 in
3334 4357 3537 4411 nomine

1971 4442 2093 4495 Jesu
2121 4442 2304 4496 Christi
2328 4443 2605 4497 Nazareni.
2629 4444 2779 4510 Quod
2822 4445 2940 4499 illos
2980 4447 3208 4500 maxime
3245 4448 3536 4501 contrista-

1971 4536 2079 4598 bat,
2114 4535 2309 4603 adjicit.
2352 4536 2460 4591 lloc
2505 4546 2639 4600 erat,
2678 4537 2815 4606 quod
2857 4538 3065 4591 dicebat
3106 4539 3207 4592 illis
3250 4540 3531 4595 Christus:

1976 4622 2130 4687 Quod
2144 4626 2200 4681 in
2215 4639 2341 4678 aure
2366 4628 2577 4680 audistis
2601 4669 2616 4691 ,
2670 4628 2939 4694 prwdicate
2966 4644 3118 4694 super
3143 4638 3269 4681 tecta
3309 4629 3529 4697 (Matth.

1970 4721 2054 4774 10.
2081 4719 2204 4788 27).
2237 4719 2298 4772 lu
2329 4723 2527 4773 nomine
2567 4720 2691 4773 Iesu
2736 4719 2923 4774 Christi
2956 4720 3213 4775 Nazareni
3231 4762 3245 4787 ,
3282 4738 3429 4793 quem
3448 4738 3533 4776 vos

1966 4814 2303 4880 cruciﬁxistis,
2322 4830 2465 4881 quem
2485 4811 2619 4865 Deus
2640 4814 2893 4867 suscitavit
2911 4830 2971 4866 ea:
2994 4815 3224 4878 mortuis,
3243 4814 3295 4866 in
3318 4814 3411 4867 hoc
3438 4815 3531 4870 istc

1966 4905 2128 4956 adstat
2160 4922 2327 4957 corant
2363 4906 2495 4957 vobis
2520 4921 2692 4957 sanus.
2720 4904 2795 4958 Ne
2825 4906 3038 4973 putetis,
3070 4906 3238 4973 inquit
3258 4946 3274 4969 ,
3304 4920 3402 4959 nos
3430 4921 3523 4961 oc-

1965 4996 2167 5049 euitare
2191 4996 2407 5063 patriam
2428 4996 2509 5049 vel
2538 4994 2857 5063 paSsionem.
2880 4995 3036 5060 Quem
3054 5011 3137 5047 vos
3154 4996 3479 5063 cruciﬁzistis
3498 5040 3515 5063 ,

1963 5106 2104 5157 quem
2129 5087 2263 5141 Deus
2289 5089 2541 5141 suscitavit
2556 5103 2616 5139 ex
2631 5088 2858 5147 mortuis.
2876 5088 2925 5138 in
2942 5086 3034 5138 hoc
3053 5086 3137 5138 ille
3163 5087 3329 5139 adstat
3354 5104 3524 5142 coram

1962 5181 2097 5233 robis
2122 5199 2293 5234 sanus.
2343 5182 2531 5234 Iterum
2584 5180 2758 5248 passio
2785 5222 2799 5244 ,
2840 5182 3030 5233 iterum
3062 5184 3400 5235 resurrectio.
3435 5184 3524 5237 Η.

1966 5272 2063 5325 Hic
2091 5284 2161 5326 est
2194 5276 2354 5344 lapis,
2386 5274 2473 5343 qui
2501 5274 2792 5342 reprobatus
2821 5285 2893 5326 est
2919 5290 2949 5325 a
2979 5274 3113 5327 vobis
3138 5275 3523 5342 a'di/icantibus,

1961 5366 2046 5434 qui
2070 5369 2229 5435 factus
2270 5377 2339 5419 est
2373 5369 2421 5417 in
2460 5375 2611 5435 caput
2650 5365 2826 5434 anguli
2847 5364 3013 5433 (Psal.
3045 5366 3166 5419 H7.
3197 5364 3309 5434 22).
3337 5365 3391 5417 In
3415 5380 3523 5418 me-

1964 5458 2181 5507 moriam
2230 5456 2356 5523 ipsis
2405 5466 2618 5509 revocat
2671 5457 2927 5520 verbum,
2973 5457 3112 5524 quod
3162 5465 3359 5509 terrere
3404 5451 3522 5505 illos

2024 5631 2043 5665 ⁸
2074 5638 2185 5685 oua:
2210 5632 2393 5680 uncinis
2412 5633 2714 5691 claudunt-ir,
2741 5644 2867 5682 unus
2889 5645 2983 5681 non
3006 5631 3169 5680 habet.
3482 5656 3489 5663 -
3540 5655 3562 5761 χ
