4032 6212
455 260 525 314 87

456 377 658 443 posset.
684 364 816 422 Nam
844 360 953 415 ait:
990 356 1090 425 Qui
1123 348 1352 406 ceciderit
1389 360 1539 415 super
1580 339 1798 405 lapidem
1848 335 2015 395 hunc,

456 462 829 531 confringetur;
855 466 1004 520 super
1026 461 1173 519 quem
1209 457 1322 497 vero
1350 434 1611 500 ceciderit,
1650 437 1867 484 conteret
1899 439 2013 478 eum

457 517 685 626 (Martha.
711 517 957 613 ειη).
989 517 1076 597 η.
1108 537 1172 591 Et
1219 551 1317 587 non
1347 541 1417 585 est
1444 530 1495 582 in
1520 525 1621 579 alio
1650 522 1819 591 aliquo
1860 517 2016 571 salus.

456 608 651 718 Quales
702 646 853 709 putas
879 608 944 690 ex
988 633 1070 687 his
1117 628 1293 682 verbis
1337 625 1456 677 illos
1488 618 1667 690 plagas
1715 608 2020 680 accepisse?

460 703 569 790 51cc
603 734 733 787 enint
770 728 912 782 aliud
939 739 1117 779 nomen
1141 730 1214 775 est
1241 716 1328 771 sub
1357 714 1479 769 caelo
1506 711 1681 763 datum
1703 703 1984 759 hominibus
2002 742 2018 766 ,

456 832 507 883 in
533 843 630 899 quo
653 833 882 893 oporteat
909 835 998 872 nos
1023 816 1186 869 salvos
1217 811 1347 879 fieri.
1380 807 1475 861 llic
1495 812 1549 859 et
1575 798 1820 856 sublimia
1844 795 2019 864 loqui-

460 934 565 974 tur.
591 914 817 984 Quando
842 911 980 967 enim
1010 923 1115 961 non
1138 912 1219 959 est
1236 898 1432 970 aliquid
1456 893 1709 967 praeclare
1731 886 2017 958 agendum,

458 1012 549 1065 sed
585 1017 785 1063 tantum
832 1018 951 1058 cuin
1000 1000 1243 1052 libertate
1286 987 1606 1061 loquendum
1630 1026 1643 1047 ,
1674 995 1779 1036 non
1810 978 2019 1047 parcit:

459 1119 563 1156 non
593 1099 737 1154 enim
769 1093 1017 1153 timebat,
1051 1104 1115 1141 ne
1158 1083 1559 1155 perstringeret.
1601 1073 1709 1128 Nec
1732 1068 1868 1124 dixit
1892 1067 2021 1120 sint-

461 1192 687 1264 pliciter,
718 1188 818 1241 Per
844 1178 1167 1246 alium;sed,
1202 1175 1323 1230 Non
1351 1182 1421 1226 est
1446 1171 1498 1223 in
1524 1167 1626 1221 alio
1656 1164 1824 1233 aliquo
1854 1161 1986 1216 salus
2006 1172 2025 1210 :

462 1286 749 1337 declarans,
774 1275 912 1346 quod
946 1274 1032 1326 hic
1064 1285 1159 1324 nos
1190 1275 1365 1337 potest
1408 1274 1653 1323 servare,
1707 1264 1867 1323 atque
1919 1250 2023 1304 illis

458 1374 615 1429 simul
647 1382 904 1424 terrorem
939 1366 1269 1417 incussurus.
1303 1356 1392 1409 15.
1433 1350 1667 1406 Videntes
1694 1356 1860 1399 autem
1890 1340 2026 1394 Petri

460 1464 793 1520 constantiam
816 1468 861 1512 et
888 1454 1104 1509 Joannis
1122 1493 1135 1515 ,
1177 1458 1429 1516 comperto
1458 1440 1590 1512 quod
1620 1438 1843 1491 homines
1869 1440 2027 1487 essent

460 1562 567 1615 sine
594 1556 752 1611 literis
773 1562 820 1607 et
846 1552 1037 1614 idiotae,
1061 1542 1463 1604 admirabantur,
1484 1544 1528 1589 et
1543 1527 1901 1602 cognoscebant
1923 1540 2023 1587 eos,

460 1655 577 1725 quia
593 1667 703 1705 cum
714 1647 750 1702 J
754 1664 838 1702 esu
859 1645 1077 1715 fuerant.
1098 1630 1462 1706 thuomodo,
1481 1626 1670 1697 inquit,
1700 1618 1935 1677 illiterati
1952 1617 2022 1670 illi

465 1757 519 1801 et
546 1746 687 1815 ipsos
702 1752 754 1796 et
769 1749 1003 1794 summos
1028 1730 1331 1788 sacerdotes
1352 1720 1615 1779 rhetorica
1641 1730 1735 1771 sua
1757 1708 2031 1768 vicerunt?

466 1800 582 1892 Noti
604 1835 701 1903 ipsi
728 1829 1096 1901 loquebantur,
1111 1821 1202 1877 sed
1231 1834 1322 1888 per
1349 1830 1441 1870 eos
1470 1810 1639 1883 gratia
1659 1805 1911 1876 Spiritus.
1940 1800 2027 1855 14.

467 1897 851 1995 Hominemque,
879 1923 960 1992 qui
978 1924 1185 1973 sanatus
1205 1913 1389 1982 fuerat,
1413 1921 1527 1960 cum
1547 1903 1615 1956 eis
1636 1910 1770 1955 stare
1792 1897 2027 1957 videntes,

465 2022 594 2076 nihil
615 2026 839 2090 poterant
865 2010 1222 2067 contradicere.
1248 2003 1433 2071 Magna
1456 1994 1686 2050 hominis
1710 1986 2027 2046 constantia,

464 2126 523 2172 ut
547 2086 720 2186 palam
747 2118 914 2165 estex
943 2120 1007 2159 eo
1030 2144 1045 2170 ,
1078 2098 1218 2171 quod
1248 2097 1299 2151 in
1322 2096 1439 2163 ipso
1459 2087 1643 2159 judicii
1672 2086 1789 2137 loco
1816 2094 1919 2135 non
1947 2093 2032 2132 re-

465 2177 729 2278 linqueret
753 2216 849 2258 eos
879 2218 890 2253 :
940 2200 1010 2252 ita
1042 2203 1098 2249 ut
1121 2194 1163 2247 si
1195 2190 1269 2246 illi
1297 2186 1590 2247 dixissent,
1624 2192 1731 2234 non
1761 2177 1830 2229 ita
1860 2187 1919 2228 se
1944 2185 2031 2226 res

473 2300 670 2362 habet,
701 2295 788 2349 ille
815 2285 1188 2356 redarguisset.

537 2358 891 2459 Apostolorum
917 2382 1091 2435 virtus.
1121 2373 1293 2429 -15.
1314 2371 1581 2424 Iusserunt
1601 2372 1766 2417 autem
1791 2376 1872 2414 eos
1896 2358 2034 2429 foras

467 2492 610 2538 extra
627 2476 895 2533 concilium
915 2468 1140 2526 secedere
1156 2481 1176 2520 :
1200 2473 1245 2518 et
1265 2460 1579 2529 conferebant
1596 2455 1663 2507 ad
1688 2452 1914 2514 invicem,
1942 2447 2029 2502 16.

469 2574 687 2627 dicentes
711 2584 728 2621 :
759 2565 891 2633 Quid
918 2564 1159 2633 faciemus
1186 2554 1465 2609 hominibus
1484 2548 1630 2604 istis?
1656 2543 1817 2600 Vides
1836 2584 1850 2607 ,
1877 2555 2034 2610 quam

471 2666 656 2722 incerti
685 2662 823 2718 sint?
850 2659 998 2714 vides
1024 2654 1310 2709 humanum
1341 2648 1585 2701 timorem
1611 2639 1783 2695 omnia
1814 2648 2041 2704 operan—

473 2758 615 2813 tem?
646 2756 715 2812 Ut
735 2767 852 2820 quze
883 2748 1126 2804 Christus
1153 2739 1470 2811 operabatur
1498 2734 1805 2789 subvertere
1827 2726 1907 2780 vel
1937 2724 2036 2779 ob-

471 2863 687 2904 scurare
716 2860 819 2899 non
853 2843 1115 2912 poterant,
1141 2833 1235 2888 sed
1257 2831 1361 2885 illis
1388 2834 1570 2883 contra
1597 2818 1881 2877 nitentibus
1907 2814 2037 2869 lides

472 2942 637 3011 magis
665 2936 992 3007 augebatur:
1024 2930 1102 2985 sic
1131 2935 1183 2980 et
1206 2937 1346 2979 nunc
1374 2918 1569 2975 evenit.
1600 2912 1736 2981 Quid
1760 2906 2039 2982 faciemus?

471 3034 515 3088 Ο
539 2998 922 3100 ihsipientiattt,
959 3019 1098 3091 quod
1138 3017 1257 3071 illos
1298 3019 1416 3082 post
1450 3009 1722 3077 degustata
1751 2998 2039 3055 certamina

474 3124 659 3182 terreri
691 3119 972 3191 putabant;
1005 3116 1111 3168 imo
1138 3112 1181 3163 si
1211 3121 1329 3162 cum
1361 3101 1508 3157 initio
1542 3097 1671 3153 nihil
1714 3093 2003 3164 potuissent
2023 3130 2036 3149 ,

478 3226 594 3287 post
622 3180 822 3270 tantam
867 3180 1073 3264 dicendi
1104 3199 1404 3256 facultatem
1433 3188 1805 3248 existimabant
1839 3198 1897 3237 se
1938 3180 2039 3234 ali-

474 3307 599 3378 quid
624 3319 741 3359 esse
768 3301 1017 3355 facturos.
1052 3294 1258 3360 Quanto
1283 3288 1437 3357 igitur
1464 3281 1631 3349 magis
1668 3274 1923 3344 impedire
1946 3287 2042 3324 vo-

474 3399 653 3454 lebant
670 3436 685 3458 ,
729 3401 872 3447 tanto
897 3388 1064 3457 magis
1085 3397 1172 3439 res
1190 3380 1532 3449 augebantur.
1570 3369 1822 3438 Quoniam
1841 3365 2042 3437 quidem

476 3498 650 3544 notum
674 3486 872 3553 signum
900 3483 1088 3551 factum
1112 3484 1182 3528 est
1211 3490 1298 3544 per
1327 3486 1427 3529 eos,
1458 3465 1683 3520 omnibus
1707 3457 2042 3515 habitantibus

474 3581 757 3636 Jerusalem
778 3548 1120 3643 manifestum,
1138 3576 1187 3621 et
1207 3581 1305 3619 non
1329 3574 1590 3631 possumus
1606 3563 1804 3625 negare.
1828 3552 1915 3605 17.
1941 3548 2044 3604 Sed

479 3690 540 3727 ne
563 3669 782 3739 amplius
808 3663 1093 3731 divulgetur
1111 3659 1163 3712 in
1193 3653 1453 3726 papulum,
1484 3647 1842 3702 comminemur
1869 3640 1958 3706 eis,
1985 3654 2046 3692 ne

480 3766 614 3820 ultra
642 3765 911 3832 loquantur
935 3758 986 3810 in
1008 3751 1205 3808 nomine
1233 3750 1326 3802 hoc
1347 3746 1436 3799 ulli
1457 3742 1732 3796 hominum.
1758 3736 1844 3792 18.
1868 3733 1937 3787 Ει
1962 3748 2047 3787 vo-

479 3867 646 3913 cantes
675 3873 757 3908 eos
784 3850 1195 3906 denuntiauerunt
1224 3858 1286 3896 ne
1319 3838 1521 3894 omnino
1552 3836 1869 3904 loquerentur
1892 3841 2048 3894 neque

482 3950 711 4003 docerent
738 3947 789 3997 in
819 3942 1015 3996 nomine
1040 3937 1183 3991 Jesu.
1228 3932 1358 3989 Vide
1388 3930 1598 3985 illorum
1632 3921 2010 3993 impudentiam
2030 3959 2045 3983 ,

482 4052 538 4096 et
563 4039 922 4109 apostolorum
948 4029 1351 4103 philosophiam.
1376 4024 1460 4079 19.
1492 4022 1674 4075 Petrus
1695 4033 1810 4072 vero
1829 4024 1874 4069 et
1898 4012 2051 4066 Joan-

486 4151 571 4188 nes
593 4130 964 4199 respondentes,
988 4126 1217 4179 dixerunt
1241 4120 1308 4174 ad
1329 4134 1411 4172 eos
1439 4131 1457 4170 :
1484 4114 1541 4169 Si
1567 4114 1753 4179 iustum
1777 4114 1847 4161 est
1866 4106 1917 4158 in
1942 4120 2055 4157 con-

486 4236 657 4295 spectu
676 4193 789 4283 1)εὴ
822 4236 906 4272 vos
929 4218 1091 4286 potius
1120 4212 1297 4265 audire
1319 4223 1471 4277 quam
1494 4202 1677 4263 Deum,
1697 4199 1941 4269 judicate.
1959 4193 2048 4247 20.

494 4314 603 4370 Nos
628 4330 727 4367 non
758 4324 1039 4381 possumus,
1070 4320 1183 4371 qua:
1212 4300 1424 4355 vidimus
1450 4305 1495 4350 et
1521 4292 1820 4353 audivimus,
1854 4303 1952 4341 non
1975 4286 2051 4338 lo-

488 4408 592 4477 qui.
621 4405 710 4458 2|.
738 4402 798 4454 At
824 4400 896 4452 illi
935 4394 1289 4450 comminantes
1336 4388 1626 4442 dimiserunt
1652 4398 1764 4446 eos,
1792 4395 1892 4432 non
1914 4378 2055 4429 inve-

492 4498 680 4551 nientes
700 4536 715 4559 ,
741 4488 990 4556 quomodo
1030 4484 1261 4555 punirent
1299 4495 1415 4542 eos,
1445 4483 1647 4546 propter
1682 4470 1941 4543 populum.
1970 4464 2055 4520 Si-

492 4586 713 4643 lentium
762 4582 864 4636 illis
918 4574 1245 4646 imperabant
1295 4566 1578 4630 miracula,
1632 4578 1694 4617 ac
1732 4568 1913 4631 postea
1953 4573 2058 4611 non

496 4677 826 4749 patiebantur
849 4672 965 4725 illos
987 4667 1205 4737 implere
1225 4675 1523 4719 sermonem
1546 4676 1560 4721 ;
1587 4655 1679 4710 sed
1702 4652 1912 4708 interim
1934 4664 2063 4704 con-

498 4769 772 4827 tumelioso
794 4762 1079 4820 admodum
1099 4760 1237 4819 illos,
1257 4771 1323 4810 ne
1344 4754 1705 4823 loquerentur,
1725 4744 2060 4801 cohibebant.

504 4864 635 4930 Quia
655 4875 824 4916 omnes
849 4853 1193 4923 cluriﬁcabant
1223 4847 1386 4902 Deum
1409 4846 1461 4898 in
1487 4860 1565 4909 eo,
1593 4841 1728 4910 quod
1750 4844 1933 4909 factum
1956 4840 2066 4907 fue-

499 4966 597 5011 rat.
628 4954 722 5007 22.
748 4952 1009 5003 Annorum
1030 4944 1162 4997 enim
1185 4949 1288 4994 erat
1310 4935 1527 5004 amplius
1546 4929 1880 5000 quadraginta
1896 4927 2063 4992 homo,

502 5051 553 5103 in
578 5064 675 5117 quo
696 5047 883 5114 factum
912 5045 1076 5111 fuerat
1106 5036 1304 5105 signum
1335 5031 1429 5084 hoc
1447 5026 1692 5082 sanitatis.
1714 5021 1817 5078 Sed
1845 5036 1928 5083 ea,
1950 5034 2068 5089 qua:

504 5111 661 5211 supra
689 5111 827 5191 dicta
857 5140 1000 5197 sunt,
1030 5138 1352 5199 repetamus.
1382 5122 1459 5194 (a)
1490 5118 1622 5187 Quid
1644 5117 1882 5186 faciemus
1912 5111 2071 5165 homi-

510 5207 657 5288 nibus
699 5228 847 5283 istis?
891 5226 1069 5280 Primo
1113 5222 1271 5291 igitur
1300 5224 1515 5286 propter
1539 5211 1759 5282 gloriam
1791 5207 2071 5260 humanam

512 5324 687 5379 omnia
719 5319 1013 5382 faciebant;
1044 5328 1183 5369 nunc
1207 5320 1382 5365 autem
1409 5306 1549 5362 aliud
1571 5317 1782 5375 quoque
1806 5302 1857 5355 in
1887 5312 2076 5370 prapo-

509 5418 611 5471 sito
641 5420 787 5475 erat,
830 5417 887 5462 ut
924 5423 989 5462 ne
1032 5405 1337 5460 viderentur
1384 5394 1704 5468 sanguinarii
1742 5405 1894 5452 esse;
1938 5387 2079 5459 quod

515 5516 699 5581 postea
723 5502 970 5558 dicebant
996 5518 1011 5555 :
1048 5496 1214 5551 Vultis
1240 5494 1475 5548 inducere
1496 5505 1646 5559 super
1674 5502 1764 5541 nos
1788 5482 2078 5554 sanguinem

575 5640 650 5712 to)
681 5637 775 5712 Hic
800 5642 852 5712 et
872 5632 1012 5697 infra,
1052 5628 1200 5681 multa
1231 5627 1436 5677 deerant
1476 5624 1525 5673 in
1555 5620 1716 5671 Morel.
1752 5631 1859 5683 quae
1883 5629 1944 5668 ex
1967 5621 2073 5664 uss.

517 5708 855 5752 restituuntur.

1188 237 1246 293 S.
1281 228 1554 291 JOAN‘NIS
1590 219 2056 283 CllRYSOSTOMl
2094 211 2411 275 ARCHIEP.
2450 215 2975 274 CONSTANTINOP.

2123 330 2337 384 hominis
2362 330 2542 385 istius?
2569 329 2937 385 Commincmur
2963 331 3061 395 eis,
3096 346 3159 386 ne
3182 332 3315 387 ultra
3340 332 3609 401 loquantur
3631 335 3688 389 in

2121 424 2320 477 nomine
2356 424 2450 476 hoc
2486 423 2582 477 ulli
2619 423 2894 477 hominum.
2927 422 2973 479 Ο
3008 426 3392 493 insipientiam!
3441 428 3687 483 Pet-suasi

2121 516 2260 584 quod
2283 516 2807 579 resurrexisset,cum
2833 516 2954 571 hinc
2973 530 3335 587 argumentum
3358 520 3689 587 accepissent

2124 608 2293 678 ipsum
2322 622 2442 663 esse
2475 609 2660 671 Deum,
2692 622 2812 662 eum
2842 609 2930 677 qui
2958 624 2986 662 a
3016 619 3187 664 morte
3210 610 3432 665 detineri
3462 627 3566 666 non
3592 627 3689 682 po-

2124 712 2313 805 tuerat,
2342 703 2450 755 suis
2483 705 2739 758 machinis
2759 701 2994 761 cohiberi
3017 720 3172 774 posse
3190 706 3530 775 sperabant‘.
3548 706 3687 775 Quid

2125 794 2245 848 huic
2269 797 2485 850 insania:
2506 798 2638 865 par?
2660 799 2722 853 Et
2746 815 2811 854 ne
2833 799 3039 853 mireris
3065 799 3203 869 quod
3232 813 3338 864 res,
3360 814 3478 869 qua:
3502 801 3689 870 perﬁci

2125 903 2228 993 n'on
2260 898 2522 993 poterant,
2548 891 2734 945 iterum
2755 900 3034 945 attentent.
3059 891 3369 961 Hujusmodi
3394 901 3475 947 est
3497 894 3692 964 iniqui-

2127 979 2242 1032 ιῆετ
2274 979 2401 1033 nihil
2444 983 2685 1051 respicit,
2728 983 2819 1037 sed
2849 984 3040 1052 ubique
3078 984 3442 1038 tumultuatur.
3471 985 3691 1043 Moleste

2126 1074 2265 1124 enim
2302 1072 2559 1139 ferentes,
2600 1075 2669 1128 ita
2703 1074 2877 1129 affecti
2912 1084 3097 1140 erant,
3138 1085 3193 1129 ut
3232 1076 3277 1130 si
3309 1074 3513 1147 decepti
3556 1078 3691 1133 fuis-

2125 1170 2245 1262 sent
2276 1164 2328 1227 ²;
2367 1163 2507 1262 quod
2549 1164 2738 1219 accidit
2776 1165 2872 1229 iis,
2911 1164 3001 1233 qui
3040 1167 3387 1235 pratoccupati
3420 1177 3474 1221 et
3513 1168 3691 1223 ludifi-

2127 1253 2229 1304 cati
2269 1263 2394 1306 sunt
2435 1253 2488 1307 itt
2527 1255 2698 1323 aliqua
2741 1269 2819 1308 re.
2868 1254 2947 1309 illi
2989 1256 3126 1308 enim
3168 1255 3362 1325 ubique
3407 1256 3690 1326 dicebant,

2128 1344 2266 1412 quod
2311 1346 2449 1399 Deus
2491 1345 2659 1416 ipsum
2688 1347 3023 1408 suscitasset,
3055 1348 3194 1415 quod
3226 1347 3276 1399 in
3319 1350 3531 1403 nomine
3564 1348 3691 1405 Jcsu

2131 1436 2215 1491 hic
2243 1436 2474 1490 adstaret
2510 1451 2697 1504 sanus,
2738 1436 3078 1491 ostendentes
3108 1454 3233 1493 vere
3272 1440 3566 1495 surrexisse
3602 1440 3695 1496 Je-

2130 1543 2267 1581 sum.
2298 1527 2544 1597 Alioquin
2582 1542 2709 1583 vero
2738 1528 2836 1598 ipsi
2874 1543 3082 1598 quoque
3108 1532 3544 1586 resurrectionem
3575 1548 3697 1587 esse

2131 1620 2418 1688 putabant,
2464 1618 2649 1688 frigide
2673 1620 2885 1689 quidem
2917 1629 2971 1673 et
3000 1620 3302 1689 pueriliter;
3335 1624 3585 1690 putabant
3611 1636 3695 1679 ta-

2134 1727 2253 1765 men
2280 1730 2291 1764 :
2323 1726 2463 1766 nunc
2487 1727 2614 1766 vero
2643 1728 2747 1765 non
2772 1712 3023 1774 credunt,
3054 1724 3109 1767 et
3134 1712 3429 1781 turbantur,
3457 1716 3581 1785 quid
3620 1715 3699 1771 fa-

2131 1804 2375 1859 ciendum
2415 1806 2482 1858 sit
2518 1805 2897 1859 consultantes.
2948 1805 3058 1858 Hoc
3103 1806 3339 1875 profecto
3380 1807 3549 1862 solum
3590 1826 3695 1863 non

2134 1897 2260 1947 satis
2286 1905 2400 1949 erat
2435 1895 2499 1949 ad
2535 1896 2985 1967 persuadendum,
3032 1912 3098 1949 ne
3126 1897 3249 1966 quid
3282 1898 3383 1952 illis
3424 1897 3657 1954 facerent

2135 1943 2155 1947 -
2199 1943 2257 1947 -.-
2293 1943 2400 1949 η--
2436 1943 2499 1949 η
2535 1943 2985 1967 r----__---__---,
3032 1943 3096 1949 --ν
3129 1943 3249 1966 η---
3283 1943 3382 1952 η..-
3424 1943 3657 1954 -..--......

2131 1984 2273 2054 quod
2319 2001 2506 2054 nempe
2534 2000 2652 2038 cum
2694 1994 2836 2039 tanta
2877 1986 3117 2039 libertate
3162 1986 3535 2056 loquerentur?
3563 1943 3696 2056 Cur:

2134 2091 2342 2146 quaeso,
2388 2094 2493 2131 non
2522 2076 2726 2140 credis,
2768 2094 2801 2130 ο
2838 2076 3057 2131 Juda-e?
3090 2075 3217 2130 Nam
3244 2078 3394 2147 signo
3422 2080 3697 2134 attendere

2133 2169 2410 2238 oportebat
2442 2176 2496 2224 et
2531 2168 2896 2234 sermonibus,
2928 2185 3034 2223 non
3063 2180 3239 2222 autem
3282 2168 3563 2231 multorum
3592 2170 3696 2222 ini-

2134 2262 2343 2331 quitati.
2379 2255 3532 2328 thuarenontraduntillosltontanis?Iam
3563 2259 3701 2313 male

2134 2353 2419 2408 audiebant
2461 2349 2598 2422 apud
2647 2351 2767 2406 illos
2818 2350 2887 2405 ob
2924 2366 3007 2414 ea,
3065 2365 3182 2419 qua:
3226 2349 3279 2403 in
3322 2348 3588 2403 Christum
3620 2348 3703 2402 fe-

2135 2456 2348 2511 cerant,
2380 2456 2536 2514 atque
2565 2444 2635 2498 ita
2675 2443 2774 2497 sibi
2816 2443 2943 2513 ipsis
2974 2440 3169 2495 malum
3207 2440 3535 2501 inferebant,
3573 2439 3699 2494 dum

2135 2537 2409 2603 curabant,
2433 2546 2490 2590 ut
2516 2551 2699 2591 eorum
2732 2533 3017 2602 publicatio
3046 2532 3373 2587 differretur.
3404 2531 3460 2586 In
3489 2526 3717 2587 Christo

2136 2638 2310 2686 autem
2342 2645 2445 2684 non
2470 2631 2630 2694 item;
2659 2627 2750 2682 sed
2780 2626 2952 2681 media
2978 2636 3133 2680 nocte
3159 2636 3363 2693 raptum
3393 2624 3571 2680 statim
3601 2624 3699 2678 ab-

2135 2722 2420 2786 duxerunt,
2450 2716 2619 2790 neque
2638 2719 2975 2783 distulerunt,
3008 2716 3392 2772 multitudinem
3416 2717 3701 2772 admodum

2139 2815 2406 2868 timentes.
2426 2810 2577 2867 Circa
2601 2810 2696 2865 hos
2712 2820 2884 2865 autem
2913 2807 3109 2861 nullam
3136 2807 3375 2861 fiduciam
3400 2806 3702 2863 habebant:

2140 2920 2313 2974 neque
2340 2902 2608 2958 adducunt
2639 2917 2731 2957 eos
2768 2901 2833 2955 ad
2874 2900 3130 2965 Pilatum,
3158 2900 3298 2970 quod
3328 2902 3560 2969 priorum
3608 2917 3706 2969 pn-

2140 2999 2310 3060 deret,
2343 3012 2403 3051 ac
2433 3012 2500 3051 ne
2527 2996 2594 3051 de
2622 2995 2686 3049 iis
2708 2994 3171 3065 redarguerenwr.
3202 2976 3420 3048 Factum
3444 3004 3516 3048 est
3539 3005 3702 3048 auterr

2140 3092 2193 3145 in
2218 3091 2509 3153 crastinum,
2536 3098 2592 3142 ut
2636 3096 3057 3157 congregarentur
3095 3086 3345 3156 principes
3364 3101 3535 3140 eorum
3557 3095 3601 3139 et
3621 3102 3705 3139 se-

2142 3187 2309 3239 niores
2331 3194 2375 3236 et
2398 3182 2573 3235 scriba:
2600 3181 2652 3233 in
2672 3179 2979 3235 Jerusalem.

2211 3280 2264 3334 5.
2305 3275 2446 3329 Petri
2464 3273 2762 3327 constantia.
2780 3303 2851 3311 —
2870 3271 3071 3326 Rursus
3092 3269 3309 3325 concilia
3336 3268 3704 3339 Jerosolymis,

2142 3380 2196 3428 et
2219 3370 2287 3425 ibi
2320 3368 2531 3438 sanguis
2546 3365 2863 3428 effunditur;
2890 3380 3059 3432 neque
3085 3364 3268 3416 urbem
3292 3360 3505 3415 reveriti
3549 3369 3697 3413 sunt.

2146 3467 2344 3527 Aonas,
2378 3459 2563 3529 inquit,
2596 3465 2650 3511 et
2679 3455 2931 3524 Caiphas.
2966 3454 3127 3523 Hujus
3177 3468 3301 3505 vero
3344 3468 3410 3504 ne
3460 3451 3709 3504 ancillam

2145 3555 2356 3629 quidem
2399 3554 2812 3622 interrogantem
2844 3548 3094 3604 sustinuit
3140 3546 3328 3600 Petrus
3371 3543 3579 3613 (Matth.
3615 3542 3710 3597 26.

2146 3650 2235 3718 70)
2265 3667 2277 3702 :
2302 3646 2399 3701 sub
2426 3645 2524 3700 hoc
2546 3650 2849 3712 negaverat,
2881 3642 3007 3696 dum
3025 3640 3160 3693 alius
3186 3638 3535 3693 detineretur.
3560 3634 3715 3690 Nunc

2146 3759 2275 3799 vero
2299 3743 2350 3796 in
2380 3740 2582 3796 medios
2622 3738 2738 3791 illos
2767 3749 3073 3804 erumpens,
3097 3732 3217 3787 vide
3242 3730 3508 3800 quomodo
3534 3729 3716 3796 loqua-

2152 3849 2237 3892 tur
2269 3855 2281 3890 :
2318 3834 2378 3890 Si
2406 3850 2497 3887 nos
2544 3832 2691 3885 hodie
2718 3829 3054 3900 dijudicamur
3094 3826 3147 3877 in
3194 3825 3451 3893 benefacta
3501 3820 3716 3874 hominis

2150 3928 2359 3999 infirmi,
2386 3928 2441 3979 in
2469 3940 2565 3995 quo
2584 3925 2677 3977 iste
2699 3921 2864 3975 salvus
2894 3922 3055 3988 factus
3084 3927 3175 3981 est,
3204 3926 3376 3968 notum
3402 3916 3462 3967 sit
3492 3914 3719 3967 omnibus

2152 4021 2309 4075 vobis.
2344 4018 2420 4072 Illi
2451 4032 2601 4079 vero,
2634 4014 2703 4067 In
2729 4030 2826 4081 quo
2861 4013 3079 4071 nomine,
3108 4009 3377 4077 inquiunt,
3414 4009 3597 4078 fecistis
3626 4008 3721 4059 hoc

2153 4113 2276 4167 vos?
2299 4109 2404 4164 Cur
2435 4124 2537 4162 non
2561 4106 2660 4160 hoc
2687 4105 2839 4164 dicis,
2860 4101 2952 4156 sed
2987 4099 3257 4155 occultas?
3288 4097 3353 4152 In
3378 4115 3474 4168 quo
3520 4099 3725 4152 nomine

2156 4203 2338 4275 fecistis
2365 4201 2458 4254 hoc
2478 4215 2562 4253 vos
2578 4199 2603 4251 ?
2622 4198 2778 4266 Atqui
2805 4194 3030 4257 dicebat,
3059 4192 3173 4246 Non
3195 4205 3292 4245 nos
3320 4189 3560 4246 fecimus.
3591 4190 3725 4246 Vide

2156 4294 2486 4367 prudentiam
2522 4309 2535 4344 :
2570 4305 2674 4343 non
2696 4287 2830 4342 dixit
2855 4286 3053 4349 statim,
3086 4284 3140 4338 ln
3170 4282 3385 4337 nomine
3413 4281 3540 4337 Jesu
3588 4280 3724 4336 feci-

2160 4403 2307 4453 mus;
2336 4386 2427 4440 sed
2448 4382 2618 4455 quid?
2645 4380 2713 4436 In
2741 4381 2940 4434 nomine
2963 4380 3072 4449 ejus
3101 4378 3180 4431 hic
3201 4378 3366 4431 adstat
3392 4391 3560 4429 coram
3587 4372 3729 4428 vobis

2159 4497 2327 4535 sanus.
2362 4477 2544 4545 Neque
2565 4474 2711 4535 dicit,
2736 4471 2926 4525 Factus
2955 4479 3036 4524 est
3064 4484 3091 4521 a
3122 4467 3274 4522 nobis
3302 4480 3481 4521 sanus.
3515 4464 3577 4518 Et
3600 4479 3729 4517 rur-

2162 4588 2271 4638 sus,
2305 4570 2364 4625 Si
2392 4586 2481 4623 nos
2510 4566 2848 4636 dijudicamur
2875 4564 2926 4616 in
2977 4563 3233 4631 benefacta
3270 4558 3484 4611 hominis
3512 4555 3726 4623 inﬁrmi.

2164 4662 2480 4731 Perstringit
2517 4659 2638 4714 illos
2675 4664 2734 4711 ut
2758 4655 2850 4726 qui
2896 4669 3105 4723 semper
3133 4651 3343 4706 easdem
3368 4646 3735 4702 accusationes

2168 4756 2469 4830 proferant,
2498 4761 2553 4806 et
2583 4748 2842 4806 beneficia
2886 4747 3157 4801 hominum
3204 4738 3596 4813 reprehendant
3623 4755 3636 4791 :
3666 4752 3735 4792 ac

2170 4849 2431 4922 prmterita
2456 4847 2508 4900 in
2531 4842 2843 4899 memoriam
2869 4849 3101 4903 revocat,
3130 4834 3269 4907 quod
3291 4847 3500 4901 semper
3523 4829 3589 4883 ad
3624 4844 3733 4883 ca:-

2170 4945 2264 4999 dcs
2291 4948 2507 4998 currant
2528 4955 2542 5002 ;
2565 4951 2738 5006 neque
2766 4934 2867 4988 hoc
2890 4941 3111 4991 tantum,
3155 4925 3251 4981 sed
3280 4925 3440 4980 etiam
3469 4922 3537 4976 tle
3566 4922 3739 4976 bene-

2174 5036 2307 5092 ficiis
2360 5034 2620 5088 incusent.
2650 5026 2829 5089 Vides,
2858 5022 2995 5093 quod
3035 5018 3239 5090 pondus
3268 5016 3427 5070 verba
3461 5014 3737 5068 habeant?

2176 5128 2230 5182 In
2261 5127 2345 5181 his
2372 5125 2516 5180 enim
2541 5117 2982 5179 exercitabantur,
3014 5126 3076 5165 ac
3101 5109 3351 5177 deinceps
3395 5105 3741 5175 imperterriti

2177 5227 2345 5275 erant.
2376 5216 2510 5270 Hinc
2536 5210 2766 5267 ostendit
2806 5208 2924 5262 illos
2958 5204 3041 5259 vel
3082 5202 3276 5256 invitos
3303 5199 3574 5255 Christum
3604 5213 3745 5266 prte-

2243 5356 2260 5385 ί
2327 5347 2464 5395 Unus
2514 5345 2669 5394 codex
2718 5338 2905 5397 habet,
2986 5345 3147 5401 Ipsum
3168 5327 3747 5401 _ess_e_.neum,_innomine

2179 5418 2309 5470 illius
2332 5394 2471 5473 quem
2491 5394 2961 5473 morsudetinerenon
2980 5394 3148 5461 potuit,
3161 5398 3215 5448 in
3234 5394 3364 5448 illius
3385 5394 3536 5459 ipsius
3557 5402 3747 5441 nomine

2183 5462 2499 5545 prtedicantss
2517 5467 2731 5545 cohibere
2745 5462 3027 5545 .mqliuntnr.

2246 5516 2560 5586 ἶνίἶῖὄᾶὼῆ
2576 5516 2691 5593 Cod.
2717 5525 2983 5587 siclegitur
3002 5523 3130 5593 ,_sed
3155 5521 3347 5593 ubique.
3364 5516 3676 5593 tumultuatur
3701 5518 3751 5586 et

2186 5606 2239 5719 in
2254 5578 2728 5716 glipiﬂ'impingit.
2759 5594 2816 5640 Ut
2855 5578 2971 5651 Ergo
2991 5578 3034 5637 si
3067 5578 3258 5648 decepti
3276 5581 3491 5646 fuissent,
3510 5578 3578 5630 ita
3593 5578 3749 5630 coms?-

2206 5682 2255 5719 tu
2488 5693 2503 5708 .

2206 5682 2308 5719 tum
2326 5682 2503 5715 meum.
