4014 6218
483 264 561 325 ‘91
1203 260 1256 315 S.
1298 256 1574 314 JOANNIS
1611 252 2083 333 CIIRYSOSTOMI
2126 252 2441 311 ARCHIEP.
2482 255 3014 315 CONSTANTINOP.
3696 264 3762 320 9?.

493 398 679 440 rursus
701 379 924 436 dicenda
951 378 1109 432 sunt?
1135 376 1245 431 hno
1274 378 1385 433 sive
1412 375 1609 447 aliquid
1633 375 1827 429 factum
1851 373 1940 438 sil,
1964 373 2076 426 sive

495 489 600 527 non
622 512 638 536 ,
669 472 858 526 eadem
901 469 1011 537 ipsa
1056 468 1429 538 aggrediemur
1450 510 1463 532 ,
1495 476 1549 521 ut
1578 480 1761 521 curam
1793 464 2032 518 habeat's
2056 506 2071 530 ,

496 573 551 616 ut
589 562 718 617 illud
760 559 964 614 firmius
995 558 1290 614 observetis
1338 569 1391 614 et
1420 559 1554 613 alios
1584 554 1894 612 hortemini.
1926 554 2075 610 Unde

490 668 619 723 ergo
645 652 963 721 incipiemus
983 652 1006 706 ?
1029 650 1198 707 Vultis
1229 668 1257 705 a
1286 652 1453 707 veteri
1484 650 1638 720 lege?
1667 650 1828 719 Atqui
1856 648 1956 704 hoc
1979 662 2075 702 no-

492 744 574 796 bis
606 740 794 811 pudori
838 750 943 809 est,
978 741 1120 812 quod
1167 758 1227 797 ea
1253 784 1269 809 ,
1299 758 1418 812 qua:
1459 743 1510 796 in
1543 742 1713 797 veleri
1745 740 1861 811 lege
1907 748 2033 794 sunt
2055 780 2069 805 ,

488 848 606 900 qua:
633 846 962 902 exsuperare
984 841 1278 903 oporteret,
1304 848 1372 887 ne
1401 845 1680 887 servemus
1701 829 1940 900 quidem.
1966 826 2074 881 Nos

488 932 636 978 certe
667 938 772 977 non
804 923 871 977 dc
902 924 985 977 his
1014 922 1201 978 audire
1247 922 1601 977 conveniebat
1631 920 1887 991 (Iudaicae
1931 916 2072 973 enim

495 1014 717 1069 vilitatis
766 1013 882 1069 bcec
946 1024 1211 1084 prmcepta
1258 1013 1460 1078 sunt),
1510 1013 1604 1068 sed
1658 1013 1747 1066 illa
1797 1010 2071 1081 perfecta:

491 1104 664 1174 abjice
696 1105 948 1175 pecunias
969 1145 984 1171 ,
1028 1114 1109 1159 sta
1135 1104 1345 1159 fortiter
1371 1146 1385 1170 ,
1429 1104 1663 1158 animam
1686 1118 1786 1173 pro
1812 1101 2073 1173 praedica-

493 1197 638 1251 tione
675 1196 800 1251 dato
822 1237 837 1263 ,
870 1204 1080 1250 terrena
1120 1196 1297 1250 omnia
1327 1195 1442 1250 ride
1468 1235 1482 1260 ,
1513 1194 1645 1248 nihil
1692 1194 1782 1248 tibi
1822 1194 1891 1248 sit
1918 1207 2072 1247 cum—

491 1301 654 1341 mune
683 1302 801 1341 cum
848 1287 1100 1356 praesenti
1128 1288 1270 1353 vita;
1301 1287 1345 1341 si
1375 1286 1495 1356 quis
1525 1296 1577 1342 te
1624 1284 1782 1340 Iazdat
1803 1325 1818 1349 ,
1850 1281 2071 1338 benefa-

489 1380 628 1445 cito;
658 1380 704 1435 si
735 1388 785 1435 te
809 1379 1121 1445 defraudet,
1152 1379 1492 1444 benedicito;
1540 1379 1585 1433 si
1616 1387 1802 1433 contra
1846 1385 1896 1431 te
1925 1376 2071 1430 blas-

490 1471 738 1541 phemet,
768 1473 1063 1538 honorato;
1101 1473 1350 1527 omnibus
1378 1472 1625 1543 superior
1666 1479 1805 1527 esto.
1855 1469 1979 1525 Haec
2018 1477 2072 1524 et

489 1565 683 1619 similia
712 1566 897 1620 audire
923 1565 1222 1635 oportebat.

559 1656 748 1710 Contra
763 1658 1076 1726 juramenla.
1104 1686 1174 1697 —
1192 1654 1343 1712 Nunc
1365 1664 1542 1710 autem
1570 1654 1638 1711 de
1659 1654 1963 1725 juramento
1994 1653 2070 1709 lo-

482 1747 736 1815 quimur;
768 1756 927 1817 atque
958 1745 1188 1815 idipsum
1236 1746 1527 1816 contingit,
1570 1760 1631 1799 ac
1670 1745 1715 1799 si
1758 1745 1876 1815 quis
1904 1759 2027 1799 eum
2049 1784 2065 1810 ,

485 1845 573 1911 qui
602 1842 711 1911 jam
742 1842 935 1897 debeat
963 1840 1327 1911 philosophari
1355 1882 1369 1907 ,
1402 1855 1430 1893 a
1459 1839 1770 1895 doctoribus
1814 1838 1927 1894 suis
1972 1837 2067 1892 ab-

487 1934 732 1998 strahat,
781 1941 941 2003 atque
991 1933 1226 2003 syllabas
1253 1941 1307 1987 et
1353 1933 1618 1988 elententa
1670 1931 1850 2000 legere
1891 1938 2064 2001 cogat.

485 2024 669 2094 Cogita
704 2025 831 2078 mihi
878 2034 1109 2094 quantus
1137 2024 1309 2094 pudor
1336 2024 1406 2079 sit
1447 2022 1715 2077 hominem
1751 2020 2064 2091 profundam

485 2115 768 2170 habentem
803 2114 1045 2182 barbam,
1077 2115 1327 2170 baculum
1360 2112 1621 2168 ferentem
1644 2122 1696 2167 et
1724 2112 1938 2181 pallium
1968 2110 2063 2180 (α),

482 2207 548 2259 ad
577 2207 862 2277 magistros
907 2222 1029 2262 cum
1058 2207 1239 2276 pueris
1269 2205 1417 2261 abire
1438 2245 1454 2273 ,
1498 2212 1556 2259 ut
1586 2203 1773 2259 eadem
1803 2217 1924 2258 cum
1963 2202 2066 2257 illis

482 2298 688 2350 discat:
718 2312 896 2351 nonne
923 2296 1047 2351 hinc
1075 2312 1300 2366 magnus
1331 2295 1512 2350 risus?
1539 2294 1644 2350 Sed
1675 2294 1778 2364 jam
1806 2294 1975 2363 major
2001 2308 2063 2347 ex

480 2387 654 2443 nobis.
677 2387 793 2442 Non
815 2388 959 2442 enim
993 2396 1198 2442 tantum
1232 2386 1557 2441 discriminis
1575 2393 1656 2440 est
1678 2383 2063 2455 phi1030pbiam

480 2480 620 2533 inter
649 2487 703 2533 et
731 2479 997 2533 elementa
1021 2518 1036 2544 ,
1071 2487 1325 2547 quantum
1357 2478 1496 2531 inter
1520 2475 1740 2530 Judaica
1766 2484 1821 2529 et
1847 2483 2023 2529 nostra
2046 2490 2060 2540 ;

477 2568 573 2624 sed
603 2577 861 2639 quantum
891 2568 1030 2623 inter
1052 2568 1271 2638 angelos
1296 2577 1350 2623 et
1377 2567 1642 2621 homines.
1675 2564 1731 2621 Si
1755 2566 1894 2635 quis,
1919 2581 2065 2635 qua:-

476 2674 540 2713 so
570 2668 621 2713 te
645 2700 660 2725 ,
691 2658 941 2729 angelum
979 2658 1047 2714 de
1072 2659 1203 2712 carlo
1228 2657 1517 2713 deductum
1542 2656 1759 2726 juberet
1790 2657 1877 2711 hic
1922 2665 2064 2711 stare

478 2756 534 2803 ct
579 2748 740 2804 verba
773 2757 955 2802 nostra
994 2748 1177 2802 audire
1196 2790 1211 2813 ,
1258 2755 1316 2802 ut
1345 2747 1637 2803 secundum
1665 2761 1728 2802 ea
1756 2761 1818 2801 se
1845 2761 2065 2816 compo-

475 2848 669 2905 neret,
702 2852 881 2893 annon
927 2838 1098 2908 pudor
1147 2837 1271 2893 inde
1322 2847 1376 2892 et
1424 2836 1561 2891 risus
1605 2835 1965 2906 sequeretur?
2007 2835 2063 2891 Si

475 2946 604 2984 vero
630 2930 696 2985 de
725 2931 788 2984 iis
812 2930 922 2999 jam
947 2929 1147 2985 erudiri
1181 2928 1463 2984 ridiculum
1493 2936 1577 2982 est
1602 2967 1616 2992 ,
1649 2926 1732 2981 bis
1757 2940 1825 2980 ne
1847 2925 2062 2995 quidem

470 3020 779 3088 attendere,
831 3030 1025 3091 quanta
1092 3019 1406 3075 damnatio?
1457 3026 1689 3088 quantus
1735 3016 1949 3085 pudor?
1997 3016 2065 3070 Et

471 3111 745 3181 quomodo
776 3126 882 3165 non
924 3110 1096 3180 pudor
1121 3109 1225 3174 sit,
1265 3107 1406 3179 quod
1435 3106 1611 3161 adhuc
1636 3104 1925 3161 Christiani
1967 3104 2061 3159 ad-

466 3201 679 3261 discant
708 3216 815 3255 non
842 3215 963 3256 esse
1005 3199 1337 3269 jurandum?
1366 3200 1616 3253 Attamen
1662 3211 1761 3252 nos
1806 3197 2063 3267 reprima-

470 3309 589 3346 mus
609 3333 623 3357 ,
653 3307 721 3347 ne
749 3292 918 3358 magis
968 3291 1259 3346 rideamur.
1292 3291 1411 3359 Age
1441 3288 1603 3359 igitur
1630 3303 1701 3343 ex
1732 3289 1897 3342 veteri
1942 3288 2061 3359 lege

477 3382 629 3435 vobis
654 3382 981 3435 disseramus
1012 3379 1194 3436 hodie.
1222 3379 1360 3446 Quid
1387 3387 1565 3434 autem
1592 3378 1721 3433 dicit
1748 3378 1881 3433 illa?
1908 3378 2060 3432 Jura—

471 3483 638 3527 mento
687 3490 750 3526 ne
794 3473 1103 3543 assuefacias
1146 3489 1204 3527 os
1263 3482 1444 3537 tuum,
1495 3487 1654 3541 neque
1704 3487 1820 3525 cum
1863 3472 2061 3527 nomine

470 3564 652 3618 Sancti
702 3578 1023 3619 consuescas.
1065 3562 1283 3632 Quare?
1325 3562 1472 3617 Sicut
1533 3562 1667 3615 enim
1715 3576 1927 3625 servus,
1974 3563 2059 3631 qui

469 3666 729 3728 torquetur
769 3656 1001 3722 assidue,
1045 3673 1077 3710 a
1118 3657 1274 3711 livore
1308 3670 1409 3709 non
1446 3654 1781 3726 purgabitur;
1806 3654 1878 3708 sic
1903 3670 2059 3723 neque

461 3755 642 3823 jnrans
673 3746 861 3821 (Eccli.
887 3749 978 3805 25.
1008 3750 1097 3806 9-1
1117 3750 1193 3821 1).
1896 3808 1901 3811 ,

416 3906 421 3911 _
535 3847 589 3901 5.
631 3845 765 3902 Vide
810 3844 1145 3916 prudentiam
1198 3841 1355 3912 hujus
1400 3840 1680 3911 sapientis.
1727 3838 1844 3893 Non
1889 3837 2052 3904 dixit,

464 3938 771 3993 Juramento
818 3953 884 3994 ne
926 3934 1253 3992 assuefacias
1302 3942 1541 3988 mentem
1587 3922 1771 3994 tuam;
1818 3928 1936 3994 sed,
1984 3926 2056 3983 0s

465 4042 642 4095 tuum;
691 4032 812 4102 quia
848 4040 1013 4085 totum
1043 4045 1109 4085 ex
1137 4041 1231 4082 ore
1260 4039 1380 4080 esse
1413 4022 1634 4087 sciebat,
1668 4031 1722 4076 et
1751 4020 1875 4089 quia
1903 4019 2055 4073 facile

463 4126 765 4194 corrigitur.
816 4124 946 4177 Nam
981 4118 1316 4177 consuetudo
1343 4126 1427 4172 est
1458 4117 1673 4171 demum
1709 4112 1825 4166 sine
1850 4125 2052 4180 propo-

463 4219 567 4273 sito
609 4217 744 4270 facta
779 4232 793 4268 :
828 4225 888 4269 ut
918 4223 1045 4268 sunt
1076 4211 1229 4266 multi
1255 4209 1344 4279 qui
1374 4210 1426 4262 in
1458 4207 1643 4261 balnea
1676 4203 1931 4273 ingressi,
1964 4202 2053 4257 ubi

463 4307 604 4361 fores
646 4306 991 4368 transierunt,
1031 4318 1093 4357 se
1141 4302 1373 4369 signant.
1426 4297 1541 4352 lloc
1572 4296 1712 4351 solet
1738 4308 1926 4347 manus
1954 4309 2050 4348 ne-

463 4397 606 4450 mine
625 4394 848 4463 jubente
877 4408 943 4447 ex
970 4390 1358 4447 consuetudine
1385 4389 1581 4443 facere.
1605 4387 1809 4441 Rursus
1826 4400 2051 4441 accensa

466 4488 707 4551 lucerna,
746 4494 924 4541 mente
963 4483 1106 4538 aliud
1134 4481 1405 4553 quidpiam
1437 4480 1832 4543 eonsidcrante,
1862 4493 2051 4534 manus

465 4580 672 4650 signum
696 4578 839 4632 facit.
865 4577 940 4632 Ita
968 4584 1024 4631 et
1052 4591 1132 4641 os,
1159 4589 1262 4629 non
1286 4590 1353 4628 ex
1381 4572 1558 4627 animo
1592 4571 1843 4641 loquitur,
1867 4570 1959 4624 sed
1983 4587 2049 4625 ex

460 4671 875 4737 conmetudiue,
903 4679 1178 4739 totumque
1201 4676 1282 4721 est
1310 4668 1361 4721 in
1390 4667 1587 4735 lingua.
1623 4663 1800 4733 Neque
1824 4679 1939 4717 cum
1968 4679 2052 4717 no-

462 4766 598 4819 mine
627 4763 805 4819 Sancti
829 4778 1145 4815 consucscas.
1179 4759 1325 4815 Sicut
1355 4758 1488 4812 enim
1512 4772 1702 4817 servus,
1735 4756 1821 4825 qui
1841 4764 2045 4824 torque-

463 4866 546 4910 tur
561 4855 782 4919 assidue,
807 4870 838 4906 a
859 4853 1014 4907 livore
1039 4869 1138 4906 non
1159 4850 1454 4922 purgabitur
1478 4866 1495 4903 :
1522 4849 1591 4902 sic
1612 4863 1769 4917 neque
1784 4847 1869 4917 qui
1884 4847 2047 4918 jurat.

462 4947 578 5003 Non
608 4945 901 5018 perjurium
930 4943 1037 5011 hic,
1069 4941 1163 4998 sed
1192 4942 1553 5012 juramentum
1589 4938 1853 4994 exscindit
1891 4952 2047 5007 poena

528 5080 616 5144 (a)_
636 5079 691 5144 In
709 5080 839 5144 hunc
861 5079 1149 5144 locunihzec
1172 5082 1310 5144 notat
1343 5075 1591 5126 Dounaeus
1626 5070 1755 5144 apud
1782 5070 2045 5144 Savilium‘:

468 5135 938 5205 Hti'c'insigniasunt
959 5140 1363 5203 philosophorum,
1389 5154 1513 5205 ea}...
1536 5136 1838 5205 patbclspissfl
1856 5135 2047 5205 barba),

467 5216 644 5272 βατπρεα
666 5195 928 5272 (baculus).
954 5195 1093 5272 ίξυμίς,
1118 5195 1263 5272 «nam
1303 5195 1546 5269 σάνυιίιιιιί
1588 5195 2048 5272 uera-egeram

466 5256 533 5311 ad
572 5256 848 5326 magisteria
892 5256 1282 5313 iiastfahddetur
1315 5256 1375 5310 α’
1403 5260 1527 5310 risco
1566 5256 1721 5307 more
1742 5256 2046 5313 trcmslatum,

466 5335 758 5371 quamquam
782 5325 1011 5371 Lucianus
1026 5324 1075 5371 in
1098 5324 1262 5371 habitu
1274 5275 1658 5371 viritim/torum
1668 5330 1901 5371 tamquam
1921 5318 2046 5371 quod

466 5318 758 5385 quamquam
782 5325 1011 5375 Luciams
1026 5324 1075 5373 in
1098 5324 1262 5373 habitu
1274 5318 1658 5385 philosophorum
1668 5330 1901 5385 tamquam
1912 5318 2048 5385 quod

466 5378 678 5451 manilii,
706 5391 952 5451 "tentarat,
972 5398 1035 5441 es.
1058 5394 1232 5451 ιξωμιᾷα.
1255 5378 1341 5434 sed
1359 5378 1554 5451 barbam
1582 5378 2049 5451 pi'ontissam,_l7acu-

469 5438 880 5509 ιιιηιιριὲοισάνιον,
906 5438 1099 5509 noceat.
1124 5438 1305 5495 trinum
1327 5444 1538 5509 pallium.
1564 5438 1619 5492 λε
1640 5441 1794 5492 Julius
1822 5438 1991 5509 Ρριιιςπ
2028 5453 2045 5509 .f

469 5499 678 5575 Cantica,
704 5499 877 5575 inquit,
900 5507 1037 5575 vestis
1068 5519 1177 5570 qua:
1202 5499 1391 5575 exoajis
1436 5513 1625 5575 vocatur
1655 5517 1672 5575 ς
1700 5516 1792 5575 non
1813 5499 1950 5575 aliud
1973 5507 2042 5551 est

470 5569 604 5634 enim
621 5565 713 5634 nisi
745 5565 907 5634 tunica
946 5569 1053 5634 alba
1079 5565 1137 5619 ἐι
1172 5565 1377 5634 serentis,
1404 5579 1433 5615 α
1457 5565 1812 5634 latere‘dextro
1832 5570 2047 5634 suturam

468 5641 563 5680 non
585 5629 775 5682 habens.
795 5631 856 5682 Et
880 5631 979 5681 vult
1005 5644 1115 5680 esse
1139 5629 1331 5680 servilis
1352 5623 1628 5677 vestimenti
1652 5636 1826 5687 genus,
1845 5626 1914 5672 sic
1928 5623 2045 5673 dicti

470 5693 599 5753 quod
624 5694 777 5745 latere
800 5703 971 5758 aperto
992 5693 1219 5743 dextrum
1240 5692 1500 5742 humerum
1519 5689 1839 5738 exserebant.

2187 369 2259 424 illi
2283 374 2541 442 apposita.
2565 374 2701 444 Ergo
2724 375 3080 444 juramentum
3107 385 3375 446 peccatum
3399 386 3499 432 est.
3521 377 3665 437 Talis
3688 393 3762 437 est

2181 464 2378 527 anima,
2414 465 2606 520 talibus
2623 475 2792 521 scatet
2810 467 3137 534 vulneribus,
3166 469 3465 540 talibusque
3488 472 3761 529 livoribus.

2182 552 2263 608 An
2292 565 2344 608 tu
2370 571 2474 610 non
2503 555 2688 612 vides?
2714 556 2826 613 Hoc
2854 559 2996 613 enim
3027 574 3187 630 grave
3212 568 3297 616 est
3326 578 3337 614 :
3368 564 3613 632 quamvis
3637 580 3763 635 pos-

2181 645 2255 700 sis
2300 645 2479 702 vidcre
2527 648 2570 702 si
2618 649 2790 713 velis;
2845 650 2993 704 dedit
3028 652 3224 722 quippe
3253 653 3347 709 tibi
3377 654 3516 710 Deus
3558 656 3761 713 oculos.

2183 736 2399 793 Talibus
2429 741 2599 794 oculis
2624 740 2839 796 videbat
2871 742 3154 813 propheta,
3186 743 3372 799 dicens
3404 762 3417 798 :
3451 743 3765 802 Putrucrunt

2180 838 2226 883 ct
2255 840 2506 900 corrupta:
2530 842 2647 885 sunt
2675 832 2934 887 cicatrices
2958 849 3084 888 mea:
3103 850 3134 886 a
3161 834 3292 903 {acie
3316 835 3623 907 incipiendi:
3642 855 3766 894 mea

2181 918 2370 989 (Psat.
2415 920 2503 973 57.
2541 919 2638 989 6).
2687 921 2853 977 Deum
2903 921 3280 992 despeximus,
3322 941 3517 981 nomen
3566 926 3763 982 bonum

2177 1012 2304 1067 odio
2343 1012 2646 1080 habuimus,
2688 1013 2959 1070 Christum
2998 1017 3463 1083 coneulcavimus,
3507 1019 3765 1075 solvimus

2178 1104 2456 1173 pudorem,
2509 1120 2667 1160 nemo
2713 1121 2834 1160 cum
2878 1107 3082 1163 honore
3123 1124 3315 1165 nomen
3354 1110 3447 1165 Dei
3477 1121 3759 1165 memorat.

2179 1193 2248 1247 Et
2277 1203 2328 1248 tu
2357 1193 2593 1263 quidem,
2623 1195 2669 1249 si
2697 1197 2999 1266 quempiam
3027 1198 3300 1267 dilexeris,
3326 1200 3395 1256 ad
3421 1214 3613 1257 nomen
3646 1202 3764 1271 ejus

2178 1284 2401 1355 erigeris
2427 1301 2440 1349 ;
2486 1285 2651 1340 Deum
2684 1303 2810 1342 vero
2840 1289 2919 1343 sic
2948 1299 3204 1361 perpetuo
3239 1307 3403 1348 vocas
3428 1294 3577 1363 quasi
3605 1294 3759 1350 nihil.

2178 1373 2321 1429 Voca
2350 1391 2470 1430 cum
2500 1376 2838 1434 benefaciens
2861 1380 3096 1449 inimico,
3126 1397 3257 1439 voca
3283 1384 3349 1438 ad
3388 1384 3610 1440 salutem
3640 1386 3758 1441 ani-

2181 1484 2284 1524 ma:
2306 1477 2417 1524 tua:
2452 1487 2465 1525 :
2496 1478 2623 1525 tunc
2649 1472 2822 1538 adest,
2855 1483 2980 1529 tunc
3006 1475 3245 1532 laetiﬁcas
3276 1478 3425 1534 illum
3456 1495 3635 1545 ;nunc
3659 1495 3761 1535 au-

2176 1570 2283 1615 tem
2326 1563 2637 1617 exacerbas.
2688 1564 2833 1620 Voca
2881 1566 3030 1621 illum
3079 1576 3135 1623 ut
3172 1570 3385 1625 vocavit
3426 1571 3757 1641 Stephanus.

2174 1653 2311 1720 Quid
2355 1654 2575 1709 dicens?
2609 1655 2840 1721 Domine,
2892 1674 2955 1712 ne
2996 1669 3191 1713 statuas
3231 1661 3334 1716 illis
3371 1662 3466 1717 hoc
3497 1672 3762 1732 peccatum

2175 1745 2309 1815 (Act.
2332 1746 2382 1799 7.
2414 1746 2530 1815 59).
2567 1746 2706 1800 Voca
2739 1747 2887 1801 illum
2914 1756 2969 1802 ιιι
2994 1750 3199 1803 vocavit
3223 1765 3359 1805 uxor
3384 1752 3760 1816 Eleana',cum

2173 1835 2441 1907 lacrymis,
2486 1852 2609 1891 cum
2650 1838 2797 1904 fletu,
2842 1853 2962 1892 cum
3004 1840 3248 1893 oratione
3288 1841 3363 1909 (1.
3395 1841 3526 1912 Reg.
3560 1841 3759 1913 1.10).

2170 1925 2285 1981 Non
2328 1926 2607 1995 prohibeo,
2651 1927 2745 1982 sed
2784 1927 2939 1983 valde
2985 1926 3192 1984 hortor.
3224 1928 3361 1984 Voca
3395 1930 3545 1984 illum
3575 1942 3631 1986 ut
3661 1947 3764 1988 vo-

2170 2017 2312 2073 cavit
2349 2018 2580 2089 Moyses,
2617 2029 2669 2072 et
2699 2018 2964 2074 clamabat
2990 2034 3151 2074 orans
3190 2035 3286 2089 pro
3322 2020 3405 2085 iis,
3452 2022 3540 2091 qui
3575 2022 3758 2092 ipsum

2171 2108 2223 2163 in
2256 2108 2433 2179 fugam
2459 2116 2681 2178 egerant
2712 2107 2896 2181 (Num.
2926 2109 3013 2163 l2.
3044 2108 3156 2180 15).
3188 2109 3256 2163 Ει
3278 2118 3333 2164 ιιι
3359 2110 3571 2180 quidem
3598 2112 3642 2165 si
3674 2113 3760 2166 vi-

2171 2217 2288 2256 rum
2315 2200 2617 2270 quempiam
2645 2198 2999 2255 reverendum
3030 2209 3233 2255 temere
3263 2216 3548 2266 memores,
3580 2202 3631 2256 id
3658 2217 3762 2271 pro

2172 2291 2491 2347 contumelia
2544 2290 2803 2356 habetur;
2840 2291 2885 2345 si
2930 2306 3060 2345 vero
3098 2292 3267 2347 Deum
3310 2292 3486 2347 verbis
3523 2293 3762 2347 circum-

2172 2382 2327 2446 feras,
2376 2397 2479 2436 non
2503 2382 2661 2437 modo
2688 2392 2909 2446 temere,
2934 2382 3028 2436 sed
3056 2382 3215 2437 etiam
3242 2382 3634 2453 intempestive,
3660 2400 3758 2453 pro

2171 2476 2338 2530 nihilo
2364 2490 2476 2531 rem
2502 2475 2709 2530 habes?
2760 2476 2825 2529 Et
2862 2484 3065 2545 quanto
3108 2474 3371 2544 supplicio
3410 2474 3601 2544 dignus
3643 2492 3753 2531 non

2170 2567 2371 2623 fueris?
2400 2567 2513 2622 Non
2534 2566 2793 2637 prohibeo
2819 2566 2990 2621 Deum
3014 2580 3227 2636 semper
3256 2566 3309 2621 in
3337 2576 3515 2622 mente
3536 2568 3759 2634 habere,

2169 2662 2271 2717 hoc
2300 2662 2444 2716 enim
2499 2670 2553 2716 et
2597 2660 2825 2731 optarim
2857 2669 2911 2715 et
2936 2660 3133 2725 velim;
3181 2667 3235 2713 at
3271 2675 3375 2714 non
3420 2670 3611 2730 praeter
3644 2662 3760 2730 pla-

2167 2756 2332 2811 citum
2376 2754 2514 2824 ejus,
2559 2769 2744 2809 verum
2774 2769 2894 2809 cum
2924 2753 3082 2809 laude
3108 2762 3162 2809 et
3202 2753 3426 2809 honore.
3486 2754 3671 2824 Magna
3705 2754 3760 2809 id

2167 2848 2319 2901 nobis
2341 2853 2552 2915 pareret
2572 2845 2730 2909 bona,
2754 2845 2798 2899 si
2824 2860 2944 2899 cum
2967 2855 3197 2914 oportet,
3220 2854 3275 2900 et
3297 2846 3351 2900 in
3380 2846 3572 2916 quibus
3597 2862 3759 2915 opor-

2168 2946 2264 3001 tet,
2298 2946 2504 2991 tantum
2544 2950 2858 2990 vocaremus
2895 2950 3036 2990 cum.
3069 2935 3198 3001 Cur,
3228 2950 3431 3006 quaeso,
3463 2936 3757 3006 apostolo—

2164 3044 2286 3082 rum
2328 3042 2443 3081 ωηο
2483 3036 2561 3081 tot
2601 3036 2866 3097 tantasque
2905 3026 3130 3081 virtutes
3169 3026 3387 3091 fiebant,
3422 3038 3599 3082 nostra
3629 3043 3759 3082 vero

2164 3127 2322 3172 celate
2345 3117 2586 3182 minime,
2638 3118 2763 3173 licet
2793 3117 2931 3171 idem
2961 3116 3074 3187 ipse
3102 3118 3169 3170 sit
3200 3117 3364 3183 Deus,
3394 3118 3624 3187 idipsum
3654 3134 3755 3172 no-

2163 3210 2327 3263 men?
2349 3209 2453 3265 Sed
2484 3224 2587 3264 non
2614 3225 2712 3280 par
2740 3224 2826 3265 res
2846 3218 2948 3266 est.
2976 3208 3290 3277 Quomodo?
3316 3209 3448 3277 Quia
3479 3211 3553 3265 illi
3585 3212 3635 3265 in
3666 3212 3757 3279 iis,

2162 3316 2283 3371 quae
2318 3299 2448 3363 dixi,
2481 3300 2654 3370 ipsum
2686 3300 2950 3355 vocabant
2977 3299 3179 3364 solum;
3217 3314 3316 3355 nos
3359 3315 3487 3354 vero
3532 3315 3641 3354 non
3701 3302 3758 3357 in

2164 3392 2270 3454 bis,
2313 3391 2408 3445 sed
2440 3392 2490 3446 in
2524 3392 2666 3447 aliis.
2697 3393 2753 3447 Si
2784 3400 2962 3446 autem
2991 3391 3109 3446 ideo
3132 3391 3298 3460 juras,
3341 3391 3463 3461 quia
3512 3392 3603 3447 ille
3643 3409 3758 3448 non

2168 3478 2345 3538 credit
2374 3499 2387 3536 :
2415 3482 2502 3536 dic
2532 3481 2769 3551 quidem,
2804 3481 3007 3547 Crede;
3039 3490 3290 3536 ueterum
3316 3480 3360 3534 si
3388 3480 3487 3544 vis,
3514 3481 3631 3550 jura
3656 3497 3761 3552 per

2162 3581 2218 3629 te
2249 3576 2442 3642 ipsum.
2469 3572 2594 3626 Haec
2614 3572 2821 3637 dicens,
2846 3587 2956 3627 non
2978 3573 3244 3627 contraria
3269 3571 3470 3627 Christi
3498 3573 3600 3641 legi
3632 3588 3758 3642 pro-

2164 3662 2299 3727 fero,
2328 3661 2467 3716 absit
2496 3679 2509 3716 :
2542 3677 2667 3716 nam
2689 3661 2782 3725 ait,
2808 3660 2890 3716 Sit
2918 3671 3088 3715 autem
3113 3677 3274 3715 sermo
3301 3670 3481 3728 vester,
3515 3661 3625 3728 Est,
3653 3672 3755 3729 est;

2166 3754 2307 3819 Non,
2341 3771 2442 3809 non
2467 3753 2675 3820 (Matth.
2710 3755 2762 3810 5.
2792 3754 2882 3823 57)
2912 3770 2925 3819 ;
2952 3755 3044 3810 sed
3075 3769 3162 3810 me
3183 3754 3334 3809 vobis
3363 3763 3752 3823 attemperans,

2166 3858 2224 3903 ut
2255 3849 2423 3918 magis
2449 3847 2517 3901 ad
2544 3848 2647 3902 hoc
2668 3862 2763 3902 vos
2791 3846 3040 3901 inducam
3070 3855 3125 3901 et
3149 3862 3178 3899 a
3203 3847 3481 3916 tyrannica
3522 3862 3754 3902 consue-

2164 3939 2347 3993 tudine
2382 3939 2629 3993 liberem.
2658 3938 2800 4005 Quot
2838 3938 2890 3992 in
2922 3938 3039 3993 aliis
3066 3938 3228 3993 rebus
3258 3938 3490 4007 probati,
3540 3937 3639 3991 hac
3683 3937 3754 3995 de

2158 4044 2317 4084 causa
2346 4030 2621 4098 perierunt
2657 4029 2669 4082 l
2709 4027 2886 4083 Vultis
2912 4028 3143 4094 discere,
3182 4043 3280 4083 cur
3312 4027 3502 4096 priscis
3526 4027 3636 4081 illis
3666 4028 3755 4097 ju-

2160 4137 2280 4177 rare
2313 4122 2757 4191 permitteretur?
2789 4120 3055 4193 (pejerare
3096 4122 3238 4176 enim
3272 4135 3445 4189 neque
3483 4121 3588 4174 illis
3618 4135 3751 4175 con-

2160 4228 2368 4269 cessum
2396 4206 2707 4281 erat).Quia
2741 4228 2836 4281 per
2866 4213 3002 4267 idola
3022 4213 3292 4282 jurahant.
3326 4211 3442 4267 Non
3468 4226 3562 4265 vos
3584 4211 3751 4280 pudet

2161 4305 2215 4359 in
2247 4305 2309 4359 iis
2340 4319 2558 4358 manere
2588 4303 2814 4372 legibus,
2860 4304 2912 4357 in
2955 4304 3148 4373 quibus
3182 4303 3259 4357 illi
3284 4302 3636 4357 versabantur
3668 4302 3750 4355 in-

2161 4396 2318 4451 firmi.
2352 4395 2481 4449 Nam
2512 4396 2554 4448 si
2584 4409 2725 4448 nunc
2751 4394 3005 4461 gentilem
3037 4394 3271 4460 adoriar,
3319 4408 3425 4447 non
3456 4394 3637 4447 statim
3672 4392 3748 4447 illi

2159 4488 2261 4543 hoc
2286 4488 2511 4556 impero,
2538 4484 2632 4540 sed
2662 4484 2873 4538 interim
2897 4493 2952 4537 ut
2977 4484 3112 4538 sciat
3136 4484 3409 4538 Christum
3438 4483 3704 4538 admoneo
3728 4500 3743 4536 :

2157 4578 2327 4634 fidelis
2351 4592 2500 4641 vero,
2531 4576 2618 4645 qui
2645 4575 2912 4630 Christum
2938 4573 3121 4629 didicit
3150 4584 3203 4630 et
3227 4574 3448 4639 audivit,
3473 4577 3519 4629 si
3552 4572 3743 4629 eadem

2157 4686 2259 4740 qua
2288 4669 2509 4724 Graecus
2536 4664 2862 4736 indulgentia
2915 4679 3050 4733 opus
3090 4664 3307 4729 habeat,
3357 4680 3476 4733 qua:
3507 4664 3746 4718 utilitas?

2156 4762 2295 4833 quod
2323 4760 2570 4816 lucrum?
2603 4759 2705 4813 Sed
2726 4759 2905 4827 gravis
2932 4773 3019 4813 res
3041 4768 3126 4813 est
3150 4757 3502 4820 consuetudo,
3528 4766 3583 4812 et
3606 4756 3749 4811 diffi-

2156 4854 2257 4908 cile
2302 4850 2665 4906 abstraberis?
2699 4849 2859 4920 Ergo,
2910 4848 3034 4918 quia
3065 4857 3212 4903 tanta
3234 4857 3319 4904 est
3337 4847 3747 4903 consuetudinis

2158 4942 2417 5014 tyrannis,
2457 4958 2577 4997 eam
2608 4941 2659 4995 in
2685 4941 2842 4993 aliam
2890 4938 3123 4993 transfer
3160 4936 3625 4994 consuetudinem.
3680 4938 3746 4995 Et

2154 5033 2444 5107 quomodo,
2470 5034 2699 5103 inquies,
2725 5031 2839 5086 fieri
2866 5031 3082 5101 p0test?
3126 5029 3280 5098 Quod
3309 5045 3453 5101 sa‘pe
3476 5030 3611 5095 disi,
3646 5029 3747 5085 hoc

2155 5137 2209 5183 et
2234 5141 2372 5180 nunc
2394 5125 2513 5179 dico
2547 5142 2560 5178 ε
2589 5123 2708 5179 Sint
2737 5121 3113 5177 emendatores
3136 5122 3400 5177 dictorum
3430 5121 3608 5185 multi,
3640 5120 3748 5173 sint

2154 5216 2502 5286 inquisitores
2544 5224 2599 5268 et
2644 5223 2999 5268 correctores.
3051 5211 3170 5267 Non
3215 5212 3386 5282 pudor
3413 5220 3495 5267 est
3522 5209 3593 5266 ab
3626 5208 3746 5265 aliis

2154 5307 2385 5376 corrigi;
2420 5307 2529 5359 imo
2553 5304 2726 5376 pudor
2766 5312 2850 5358 cst
2882 5304 3146 5372 repellere
3180 5302 3537 5372 corrigentes.
3579 5309 3638 5354 et
3691 5299 3743 5354 in

2156 5398 2386 5469 prepria:
2424 5395 2612 5451 salutis
2657 5394 2910 5449 damnum
2944 5393 3044 5448 hoc
3072 5392 3269 5447 facere.
3318 5392 3385 5446 Et
3429 5400 3483 5445 tu
3526 5389 3743 5460 quidem

2152 5490 2197 5543 si
2224 5495 2425 5543 vestem
2454 5486 2642 5540 induas
2667 5485 2958 5548 inversum,
3007 5484 3268 5553 permittis
3296 5492 3347 5537 te
3376 5498 3404 5536 a
3437 5496 3607 5552 puero
3644 5480 3743 5535 ad-

2155 5579 2382 5646 moneri,
2407 5592 2505 5633 nec
2534 5588 2585 5632 te
2614 5575 2777 5647 pudet
2806 5576 2872 5630 ab
2904 5576 2995 5631 illo
3018 5576 3262 5641 discere;
3302 5575 3546 5645 quamvis
3572 5574 3741 5629 hacin

2157 5687 2215 5727 re
2244 5685 2467 5741 magnus
2496 5670 2564 5725 sit
2593 5658 2764 5739 pudor
2793 5683 2805 5721 :
2839 5667 2927 5724 hic
2961 5677 3137 5724 autem
3176 5666 3229 5722 in
3269 5666 3446 5722 anima
3474 5664 3659 5730 laesus,
3681 5673 3733 5720 te
