  <div class='ocr_page' id='page_1' title='image "/cluster/home/n/w/nwhite01/storage/ocr_20150623/60/hvd.32044073501942/099.png"; bbox 0 0 4014 6218; ppageno 0'>
   <div class='ocr_carea' id='block_1_1' title="bbox 459 326 3714 393">
    <p class='ocr_par' dir='ltr' id='par_1_1' title="bbox 459 326 3714 393">
     <span class='ocr_line' id='line_1_1' title="bbox 459 326 3714 393; baseline -0.002 -4"><span class='ocrx_word' id='word_1_1' title='bbox 459 333 531 389; x_wconf 76' lang='grc'>93</span> <span class='ocrx_word' id='word_1_2' title='bbox 1173 333 1231 389; x_wconf 89' lang='lat' dir='ltr'>S.</span> <span class='ocrx_word' id='word_1_3' title='bbox 1271 333 1556 390; x_wconf 75' lang='lat' dir='ltr'>JOANNIS</span> <span class='ocrx_word' id='word_1_4' title='bbox 1591 332 2077 393; x_wconf 79' lang='lat' dir='ltr'>CHRYSOSTOMI</span> <span class='ocrx_word' id='word_1_5' title='bbox 2115 330 2434 388; x_wconf 80' lang='lat' dir='ltr'>ARCHIEP.</span> <span class='ocrx_word' id='word_1_6' title='bbox 2469 326 3013 387; x_wconf 79' lang='lat' dir='ltr'>CONSTANTINOP.</span> <span class='ocrx_word' id='word_1_7' title='bbox 3643 326 3714 384; x_wconf 70' lang='lat'>94</span> 
     </span>
    </p>
   </div>
   <div class='ocr_carea' id='block_1_2' title="bbox 455 449 2032 525">
    <p class='ocr_par' dir='ltr' id='par_1_2' title="bbox 455 449 2032 525">
     <span class='ocr_line' id='line_1_2' title="bbox 455 449 2032 525; baseline 0.001 -19"><span class='ocrx_word' id='word_1_8' title='bbox 455 452 553 507; x_wconf 72' lang='grc' dir='ltr'>καὶ</span> <span class='ocrx_word' id='word_1_9' title='bbox 577 451 732 520; x_wconf 75' lang='grc' dir='ltr'>γυνὴ,</span> <span class='ocrx_word' id='word_1_10' title='bbox 760 450 897 503; x_wconf 80' lang='grc' dir='ltr'>ἔστω</span> <span class='ocrx_word' id='word_1_11' title='bbox 924 451 1016 502; x_wconf 73' lang='grc' dir='ltr'>καὶ</span> <span class='ocrx_word' id='word_1_12' title='bbox 1041 449 1193 518; x_wconf 89' lang='grc' dir='ltr'>φίλος</span> <span class='ocrx_word' id='word_1_13' title='bbox 1211 463 1236 492; x_wconf 74' lang='grc' dir='ltr'>α</span> <span class='ocrx_word' id='word_1_14' title='bbox 1264 453 1358 506; x_wconf 73' lang='grc' dir='ltr'>καὶ</span> <span class='ocrx_word' id='word_1_15' title='bbox 1385 453 1653 525; x_wconf 80' lang='grc' dir='ltr'>συγγενὴς</span> <span class='ocrx_word' id='word_1_16' title='bbox 1695 456 1789 508; x_wconf 77' lang='grc' dir='ltr'>καὶ</span> <span class='ocrx_word' id='word_1_17' title='bbox 1816 455 2032 523; x_wconf 89' lang='grc' dir='ltr'>γείτων.</span> 
     </span>
    </p>
   </div>
   <div class='ocr_carea' id='block_1_3' title="bbox 460 530 2036 608">
    <p class='ocr_par' dir='ltr' id='par_1_3' title="bbox 460 530 2036 608">
     <span class='ocr_line' id='line_1_3' title="bbox 460 530 2036 608; baseline 0.002 -20"><span class='ocrx_word' id='word_1_18' title='bbox 460 535 670 602; x_wconf 83' lang='grc' dir='ltr'>Ὥσπερ</span> <span class='ocrx_word' id='word_1_19' title='bbox 699 532 806 601; x_wconf 83' lang='grc' dir='ltr'>γὰρ</span> <span class='ocrx_word' id='word_1_20' title='bbox 832 531 894 584; x_wconf 82' lang='grc' dir='ltr'>τὸ</span> <span class='ocrx_word' id='word_1_21' title='bbox 913 532 1176 586; x_wconf 79' lang='grc' dir='ltr'>πάντοθεν</span> <span class='ocrx_word' id='word_1_22' title='bbox 1207 533 1562 606; x_wconf 77' lang='grc' dir='ltr'>ἐλαυνόμενον</span> <span class='ocrx_word' id='word_1_23' title='bbox 1594 537 1781 608; x_wconf 75' lang='grc' dir='ltr'>θηρίον</span> <span class='ocrx_word' id='word_1_24' title='bbox 1799 530 1897 607; x_wconf 71' lang='grc' dir='ltr'>οὐχ</span> <span class='ocrx_word' id='word_1_25' title='bbox 1925 533 2036 590; x_wconf 82' lang='grc' dir='ltr'>οἷόν</span> 
     </span>
    </p>
   </div>
   <div class='ocr_carea' id='block_1_4' title="bbox 455 613 2034 688">
    <p class='ocr_par' dir='ltr' id='par_1_4' title="bbox 455 613 2034 688">
     <span class='ocr_line' id='line_1_4' title="bbox 455 613 2034 688; baseline 0.002 -18"><span class='ocrx_word' id='word_1_26' title='bbox 455 632 517 671; x_wconf 83' lang='grc' dir='ltr'>τε</span> <span class='ocrx_word' id='word_1_27' title='bbox 564 617 864 683; x_wconf 75' lang='grc' dir='ltr'>διαφυγεῖν·</span> <span class='ocrx_word' id='word_1_28' title='bbox 899 613 1042 668; x_wconf 76' lang='grc' dir='ltr'>οὕτω</span> <span class='ocrx_word' id='word_1_29' title='bbox 1100 616 1192 669; x_wconf 82' lang='grc' dir='ltr'>τὸν</span> <span class='ocrx_word' id='word_1_30' title='bbox 1239 621 1519 681; x_wconf 70' lang='grc' dir='ltr'>τοσούτους</span> <span class='ocrx_word' id='word_1_31' title='bbox 1553 618 1742 687; x_wconf 80' lang='grc' dir='ltr'>ἔχοντα</span> <span class='ocrx_word' id='word_1_32' title='bbox 1769 619 2034 688; x_wconf 81' lang='grc' dir='ltr'>φύλακας,</span> 
     </span>
    </p>
   </div>
   <div class='ocr_carea' id='block_1_5' title="bbox 455 696 2040 774">
    <p class='ocr_par' dir='ltr' id='par_1_5' title="bbox 455 696 2040 774">
     <span class='ocr_line' id='line_1_5' title="bbox 455 696 2040 774; baseline 0.001 -21"><span class='ocrx_word' id='word_1_33' title='bbox 455 699 548 753; x_wconf 79' lang='grc' dir='ltr'>τὸν</span> <span class='ocrx_word' id='word_1_34' title='bbox 573 696 858 760; x_wconf 80' lang='grc' dir='ltr'>τοσούτους</span> <span class='ocrx_word' id='word_1_35' title='bbox 882 697 1265 768; x_wconf 76' lang='grc' dir='ltr'>ἐπιτιμῶντας,</span> <span class='ocrx_word' id='word_1_36' title='bbox 1310 700 1400 753; x_wconf 84' lang='grc' dir='ltr'>τὸν</span> <span class='ocrx_word' id='word_1_37' title='bbox 1429 701 1694 754; x_wconf 79' lang='grc' dir='ltr'>πάντοθεν</span> <span class='ocrx_word' id='word_1_38' title='bbox 1737 702 2040 774; x_wconf 76' lang='grc' dir='ltr'>πληττόμε-</span> 
     </span>
    </p>
   </div>
   <div class='ocr_carea' id='block_1_6' title="bbox 454 779 2038 859">
    <p class='ocr_par' dir='ltr' id='par_1_6' title="bbox 454 779 2038 859">
     <span class='ocr_line' id='line_1_6' title="bbox 454 779 2038 859; baseline 0.004 -26"><span class='ocrx_word' id='word_1_39' title='bbox 454 798 565 843; x_wconf 89' lang='grc' dir='ltr'>νον,</span> <span class='ocrx_word' id='word_1_40' title='bbox 589 780 688 832; x_wconf 79' lang='grc' dir='ltr'>οῦκ</span> <span class='ocrx_word' id='word_1_41' title='bbox 724 780 804 833; x_wconf 81' lang='grc' dir='ltr'>ἔνι</span> <span class='ocrx_word' id='word_1_42' title='bbox 837 779 910 850; x_wconf 81' lang='grc' dir='ltr'>μὴ</span> <span class='ocrx_word' id='word_1_43' title='bbox 942 780 1298 850; x_wconf 81' lang='grc' dir='ltr'>φυλάξασθαι.</span> <span class='ocrx_word' id='word_1_44' title='bbox 1339 781 1444 836; x_wconf 76' lang='grc' dir='ltr'>Καὶ</span> <span class='ocrx_word' id='word_1_45' title='bbox 1487 785 1544 836; x_wconf 88' lang='grc' dir='ltr'>ἐν</span> <span class='ocrx_word' id='word_1_46' title='bbox 1599 784 1698 854; x_wconf 87' lang='grc' dir='ltr'>μὲν</span> <span class='ocrx_word' id='word_1_47' title='bbox 1725 787 1791 856; x_wconf 79' lang='grc' dir='ltr'>τῇ</span> <span class='ocrx_word' id='word_1_48' title='bbox 1845 786 2038 859; x_wconf 75' lang='grc' dir='ltr'>πρώτῃ</span> 
     </span>
    </p>
   </div>
   <div class='ocr_carea' id='block_1_7' title="bbox 457 863 2038 939">
    <p class='ocr_par' dir='ltr' id='par_1_7' title="bbox 457 863 2038 939">
     <span class='ocr_line' id='line_1_7' title="bbox 457 863 2038 939; baseline 0.002 -20"><span class='ocrx_word' id='word_1_49' title='bbox 457 863 573 934; x_wconf 78' lang='grc'>[89]</span> <span class='ocrx_word' id='word_1_50' title='bbox 605 864 788 935; x_wconf 68' lang='grc' dir='ltr'>ἡμέρα</span> <span class='ocrx_word' id='word_1_51' title='bbox 837 864 1089 935; x_wconf 79' lang='grc' dir='ltr'>χαλεπῶς</span> <span class='ocrx_word' id='word_1_52' title='bbox 1155 866 1292 919; x_wconf 81' lang='grc' dir='ltr'>οἴσει</span> <span class='ocrx_word' id='word_1_53' title='bbox 1351 866 1538 930; x_wconf 89' lang='grc' dir='ltr'>τοῦτο,</span> <span class='ocrx_word' id='word_1_54' title='bbox 1603 869 1699 922; x_wconf 70' lang='grc' dir='ltr'>καὶ</span> <span class='ocrx_word' id='word_1_55' title='bbox 1756 869 1898 922; x_wconf 85' lang='grc' dir='ltr'>κατά</span> <span class='ocrx_word' id='word_1_56' title='bbox 1939 869 2038 939; x_wconf 81' lang='grc' dir='ltr'>τὴν</span> 
     </span>
    </p>
   </div>
   <div class='ocr_carea' id='block_1_8' title="bbox 455 947 2036 1024">
    <p class='ocr_par' dir='ltr' id='par_1_8' title="bbox 455 947 2036 1024">
     <span class='ocr_line' id='line_1_8' title="bbox 455 947 2036 1024; baseline 0.004 -24"><span class='ocrx_word' id='word_1_57' title='bbox 455 947 736 1020; x_wconf 84' lang='grc' dir='ltr'>δευτέραν,</span> <span class='ocrx_word' id='word_1_58' title='bbox 781 950 874 1002; x_wconf 77' lang='grc' dir='ltr'>καὶ</span> <span class='ocrx_word' id='word_1_59' title='bbox 917 949 975 1001; x_wconf 88' lang='grc' dir='ltr'>ἐν</span> <span class='ocrx_word' id='word_1_60' title='bbox 1027 953 1092 1020; x_wconf 84' lang='grc' dir='ltr'>τῇ</span> <span class='ocrx_word' id='word_1_61' title='bbox 1123 950 1304 1021; x_wconf 75' lang='grc' dir='ltr'>τρίτῃο</span> <span class='ocrx_word' id='word_1_62' title='bbox 1339 950 1597 1006; x_wconf 82' lang='grc' dir='ltr'>λοιπὸνδέ</span> <span class='ocrx_word' id='word_1_63' title='bbox 1625 955 1820 1024; x_wconf 79' lang='grc' dir='ltr'>ῥᾷστον</span> <span class='ocrx_word' id='word_1_64' title='bbox 1861 952 2036 1018; x_wconf 79' lang='grc' dir='ltr'>ἔσται,</span> 
     </span>
    </p>
   </div>
   <div class='ocr_carea' id='block_1_9' title="bbox 459 1047 2040 1158">
    <p class='ocr_par' dir='ltr' id='par_1_9' title="bbox 459 1047 2040 1158">
     <span class='ocr_line' id='line_1_9' title="bbox 459 1047 2040 1158; baseline -0.004 -54"><span class='ocrx_word' id='word_1_65' title='bbox 459 1049 568 1158; x_wconf 50' lang='lat' dir='ltr'>an;</span> <span class='ocrx_word' id='word_1_66' title='bbox 603 1047 777 1098; x_wconf 73' lang='lat' dir='ltr'>Morel.</span> <span class='ocrx_word' id='word_1_67' title='bbox 803 1049 1108 1109; x_wconf 82' lang='grc' dir='ltr'>διδάσκαλος,</span> <span class='ocrx_word' id='word_1_68' title='bbox 1138 1049 1264 1098; x_wconf 76' lang='grc' dir='ltr'>ἔστω</span> <span class='ocrx_word' id='word_1_69' title='bbox 1287 1053 1370 1100; x_wconf 78' lang='grc' dir='ltr'>καὶ</span> <span class='ocrx_word' id='word_1_70' title='bbox 1399 1053 1550 1116; x_wconf 80' lang='grc' dir='ltr'>φίλος,</span> <span class='ocrx_word' id='word_1_71' title='bbox 1589 1051 1788 1103; x_wconf 87' lang='lat' dir='ltr'>omissis</span> <span class='ocrx_word' id='word_1_72' title='bbox 1811 1054 2040 1116; x_wconf 81' lang='lat' dir='ltr'>interpo-</span> 
     </span>
    </p>
   </div>
   <div class='ocr_carea' id='block_1_10' title="bbox 2141 443 3718 522">
    <p class='ocr_par' dir='ltr' id='par_1_10' title="bbox 2141 443 3718 522">
     <span class='ocr_line' id='line_1_10' title="bbox 2141 443 3718 522; baseline -0.002 -17"><span class='ocrx_word' id='word_1_73' title='bbox 2141 452 2234 505; x_wconf 77' lang='grc' dir='ltr'>καὶ</span> <span class='ocrx_word' id='word_1_74' title='bbox 2269 446 2406 521; x_wconf 89' lang='grc' dir='ltr'>μετά</span> <span class='ocrx_word' id='word_1_75' title='bbox 2429 450 2528 522; x_wconf 80' lang='grc' dir='ltr'>τῆν</span> <span class='ocrx_word' id='word_1_76' title='bbox 2548 447 2816 518; x_wconf 79' lang='grc' dir='ltr'>τετάρτην</span> <span class='ocrx_word' id='word_1_77' title='bbox 2854 446 2974 500; x_wconf 84' lang='grc' dir='ltr'>οῦδὲ</span> <span class='ocrx_word' id='word_1_78' title='bbox 2994 443 3054 499; x_wconf 76' lang='grc' dir='ltr'>τὸ</span> <span class='ocrx_word' id='word_1_79' title='bbox 3098 447 3331 516; x_wconf 79' lang='grc' dir='ltr'>πρᾶγμα</span> <span class='ocrx_word' id='word_1_80' title='bbox 3367 444 3522 498; x_wconf 81' lang='grc' dir='ltr'>ἐσται</span> <span class='ocrx_word' id='word_1_81' title='bbox 3562 445 3718 502; x_wconf 81' lang='grc' dir='ltr'>αὐτό.</span> 
     </span>
    </p>
   </div>
   <div class='ocr_carea' id='block_1_11' title="bbox 2149 528 3718 602">
    <p class='ocr_par' dir='ltr' id='par_1_11' title="bbox 2149 528 3718 602">
     <span class='ocr_line' id='line_1_11' title="bbox 2149 528 3718 602; baseline -0.004 -16"><span class='ocrx_word' id='word_1_82' title='bbox 2149 533 2480 602; x_wconf 78' lang='grc' dir='ltr'>’Δπόπειραν</span> <span class='ocrx_word' id='word_1_83' title='bbox 2506 532 2788 601; x_wconf 83' lang='grc' dir='ltr'>ποιήσατε,</span> <span class='ocrx_word' id='word_1_84' title='bbox 2826 528 2880 582; x_wconf 78' lang='grc' dir='ltr'>εί</span> <span class='ocrx_word' id='word_1_85' title='bbox 2922 546 2986 597; x_wconf 93' lang='grc' dir='ltr'>γε</span> <span class='ocrx_word' id='word_1_86' title='bbox 3025 529 3322 582; x_wconf 87' lang='grc' dir='ltr'>ἀπιστεῖτε·</span> <span class='ocrx_word' id='word_1_87' title='bbox 3367 528 3718 598; x_wconf 83' lang='grc' dir='ltr'>φροντίσατε,</span> 
     </span>
    </p>
   </div>
   <div class='ocr_carea' id='block_1_12' title="bbox 2137 610 3722 688">
    <p class='ocr_par' dir='ltr' id='par_1_12' title="bbox 2137 610 3722 688">
     <span class='ocr_line' id='line_1_12' title="bbox 2137 610 3722 688; baseline -0.004 -18"><span class='ocrx_word' id='word_1_88' title='bbox 2137 614 2457 688; x_wconf 84' lang='grc' dir='ltr'>παρακαλῶ.</span> <span class='ocrx_word' id='word_1_89' title='bbox 2483 615 2596 669; x_wconf 79' lang='grc' dir='ltr'>Οὐκ</span> <span class='ocrx_word' id='word_1_90' title='bbox 2625 613 2740 667; x_wconf 82' lang='grc' dir='ltr'>ἐστι</span> <span class='ocrx_word' id='word_1_91' title='bbox 2769 614 2830 666; x_wconf 79' lang='grc' dir='ltr'>τὸ</span> <span class='ocrx_word' id='word_1_92' title='bbox 2879 612 3039 681; x_wconf 77' lang='grc' dir='ltr'>τυχὸν</span> <span class='ocrx_word' id='word_1_93' title='bbox 3079 610 3547 682; x_wconf 87' lang='grc' dir='ltr'>ἁμαρτανόμενον,</span> <span class='ocrx_word' id='word_1_94' title='bbox 3600 611 3722 666; x_wconf 69' lang='grc' dir='ltr'>οὐδὶ</span> 
     </span>
    </p>
   </div>
   <div class='ocr_carea' id='block_1_13' title="bbox 2137 693 3722 768">
    <p class='ocr_par' dir='ltr' id='par_1_13' title="bbox 2137 693 3722 768">
     <span class='ocr_line' id='line_1_13' title="bbox 2137 693 3722 768; baseline -0.004 -15"><span class='ocrx_word' id='word_1_95' title='bbox 2137 697 2589 768; x_wconf 80' lang='grc' dir='ltr'>κατορθούμενον,</span> <span class='ocrx_word' id='word_1_96' title='bbox 2622 695 2758 750; x_wconf 85' lang='grc' dir='ltr'>ἀλλὰ</span> <span class='ocrx_word' id='word_1_97' title='bbox 2811 693 3152 766; x_wconf 78' lang='grc' dir='ltr'>ἑκατέρωθεν</span> <span class='ocrx_word' id='word_1_98' title='bbox 3187 694 3365 762; x_wconf 90' lang='grc' dir='ltr'>μέγα,</span> <span class='ocrx_word' id='word_1_99' title='bbox 3415 694 3511 747; x_wconf 79' lang='grc' dir='ltr'>καὶ</span> <span class='ocrx_word' id='word_1_100' title='bbox 3550 693 3722 747; x_wconf 79' lang='grc' dir='ltr'>κακὸν</span> 
     </span>
    </p>
   </div>
   <div class='ocr_carea' id='block_1_14' title="bbox 2138 775 3724 847">
    <p class='ocr_par' dir='ltr' id='par_1_14' title="bbox 2138 775 3724 847">
     <span class='ocr_line' id='line_1_14' title="bbox 2138 775 3724 847; baseline -0.003 -13"><span class='ocrx_word' id='word_1_101' title='bbox 2138 781 2234 834; x_wconf 60' lang='grc' dir='ltr'>καλ⁹</span> <span class='ocrx_word' id='word_1_102' title='bbox 2263 780 2447 835; x_wconf 85' lang='grc' dir='ltr'>καλόν.</span> <span class='ocrx_word' id='word_1_103' title='bbox 2496 780 2711 833; x_wconf 86' lang='grc' dir='ltr'>Γένοιτο</span> <span class='ocrx_word' id='word_1_104' title='bbox 2761 779 2816 832; x_wconf 85' lang='grc' dir='ltr'>δέ</span> <span class='ocrx_word' id='word_1_105' title='bbox 2859 778 3024 832; x_wconf 83' lang='grc' dir='ltr'>καλὸν</span> <span class='ocrx_word' id='word_1_106' title='bbox 3069 776 3343 846; x_wconf 85' lang='grc' dir='ltr'>γενέσθαι,</span> <span class='ocrx_word' id='word_1_107' title='bbox 3403 775 3587 847; x_wconf 82' lang='grc' dir='ltr'>χάριτι</span> <span class='ocrx_word' id='word_1_108' title='bbox 3628 778 3724 830; x_wconf 77' lang='grc' dir='ltr'>καὶ</span> 
     </span>
    </p>
   </div>
   <div class='ocr_carea' id='block_1_15' title="bbox 2139 857 3723 934">
    <p class='ocr_par' dir='ltr' id='par_1_15' title="bbox 2139 857 3723 934">
     <span class='ocr_line' id='line_1_15' title="bbox 2139 857 3723 934; baseline -0.002 -18"><span class='ocrx_word' id='word_1_109' title='bbox 2139 862 2518 934; x_wconf 71' lang='grc' dir='ltr'>φιλανθρωπίᾳ</span> <span class='ocrx_word' id='word_1_110' title='bbox 2552 861 2647 916; x_wconf 91' lang='grc' dir='ltr'>τοῦ</span> <span class='ocrx_word' id='word_1_111' title='bbox 2669 861 2876 931; x_wconf 81' lang='grc' dir='ltr'>Κυρίου</span> <span class='ocrx_word' id='word_1_112' title='bbox 2907 859 3064 931; x_wconf 82' lang='grc' dir='ltr'>ἡμῶν</span> <span class='ocrx_word' id='word_1_113' title='bbox 3104 858 3277 928; x_wconf 87' lang='grc' dir='ltr'>Ἰησοῦ</span> <span class='ocrx_word' id='word_1_114' title='bbox 3309 857 3567 929; x_wconf 82' lang='grc' dir='ltr'>Χριστοῦ,</span> <span class='ocrx_word' id='word_1_115' title='bbox 3599 859 3723 930; x_wconf 82' lang='grc' dir='ltr'>μεθ’</span> 
     </span>
    </p>
   </div>
   <div class='ocr_carea' id='block_1_16' title="bbox 2137 939 3721 1018">
    <p class='ocr_par' dir='ltr' id='par_1_16' title="bbox 2137 939 3721 1018">
     <span class='ocr_line' id='line_1_16' title="bbox 2137 939 3721 1018; baseline -0.003 -18"><span class='ocrx_word' id='word_1_116' title='bbox 2137 941 2200 1000; x_wconf 76' lang='grc' dir='ltr'>οὗ</span> <span class='ocrx_word' id='word_1_117' title='bbox 2234 945 2310 1018; x_wconf 82' lang='grc' dir='ltr'>τῷ</span> <span class='ocrx_word' id='word_1_118' title='bbox 2336 947 2532 1015; x_wconf 77' lang='grc' dir='ltr'>Πατρὶ,</span> <span class='ocrx_word' id='word_1_119' title='bbox 2568 945 2685 1015; x_wconf 68' lang='grc' dir='ltr'>ἅμα</span> <span class='ocrx_word' id='word_1_120' title='bbox 2707 944 2785 1014; x_wconf 86' lang='grc' dir='ltr'>τῷ</span> <span class='ocrx_word' id='word_1_121' title='bbox 2809 943 2950 1012; x_wconf 83' lang='grc' dir='ltr'>ἁγίῳ</span> <span class='ocrx_word' id='word_1_122' title='bbox 2977 941 3276 1011; x_wconf 83' lang='grc' dir='ltr'>Πνεῦματι,</span> <span class='ocrx_word' id='word_1_123' title='bbox 3305 939 3432 1006; x_wconf 79' lang='grc' dir='ltr'>δόξα</span> <span class='ocrx_word' id='word_1_124' title='bbox 3451 980 3466 1006; x_wconf 94' lang='grc'>,</span> <span class='ocrx_word' id='word_1_125' title='bbox 3499 943 3721 1014; x_wconf 85' lang='grc' dir='ltr'>κράτος,</span> 
     </span>
    </p>
   </div>
   <div class='ocr_carea' id='block_1_17' title="bbox 2137 1024 3722 1100">
    <p class='ocr_par' dir='ltr' id='par_1_17' title="bbox 2137 1024 3722 1100">
     <span class='ocr_line' id='line_1_17' title="bbox 2137 1024 3722 1100; baseline 0 -17"><span class='ocrx_word' id='word_1_126' title='bbox 2137 1029 2294 1100; x_wconf 85' lang='grc' dir='ltr'>τιμὴ,</span> <span class='ocrx_word' id='word_1_127' title='bbox 2334 1029 2430 1083; x_wconf 90' lang='grc' dir='ltr'>νῦν</span> <span class='ocrx_word' id='word_1_128' title='bbox 2450 1029 2544 1083; x_wconf 72' lang='grc' dir='ltr'>καὶ</span> <span class='ocrx_word' id='word_1_129' title='bbox 2580 1029 2687 1096; x_wconf 74' lang='grc' dir='ltr'>ἀεὶ,</span> <span class='ocrx_word' id='word_1_130' title='bbox 2718 1028 2811 1083; x_wconf 78' lang='grc' dir='ltr'>καὶ</span> <span class='ocrx_word' id='word_1_131' title='bbox 2834 1029 2914 1091; x_wconf 84' lang='grc' dir='ltr'>εἰς</span> <span class='ocrx_word' id='word_1_132' title='bbox 2946 1027 3072 1089; x_wconf 77' lang='grc' dir='ltr'>τοὺς</span> <span class='ocrx_word' id='word_1_133' title='bbox 3100 1024 3301 1088; x_wconf 89' lang='grc' dir='ltr'>αἰῶνας</span> <span class='ocrx_word' id='word_1_134' title='bbox 3331 1026 3440 1079; x_wconf 89' lang='grc' dir='ltr'>τῶν</span> <span class='ocrx_word' id='word_1_135' title='bbox 3486 1027 3722 1083; x_wconf 91' lang='grc' dir='ltr'>αίώνων.</span> 
     </span>
    </p>
   </div>
   <div class='ocr_carea' id='block_1_18' title="bbox 2155 1114 2353 1184">
    <p class='ocr_par' dir='ltr' id='par_1_18' title="bbox 2155 1114 2353 1184">
     <span class='ocr_line' id='line_1_18' title="bbox 2155 1114 2353 1184; baseline 0.005 -17"><span class='ocrx_word' id='word_1_136' title='bbox 2155 1114 2353 1184; x_wconf 79' lang='grc' dir='ltr'>Ἀμήν.</span> 
     </span>
    </p>
   </div>
   <div class='ocr_carea' id='block_1_19' title="bbox 1919 1369 2306 1425">
    <p class='ocr_par' dir='ltr' id='par_1_19' title="bbox 1919 1369 2306 1425">
     <span class='ocr_line' id='line_1_19' title="bbox 1919 1369 2306 1425; baseline 0.005 -3"><span class='ocrx_word' id='word_1_137' title='bbox 1919 1369 2162 1423; x_wconf 83' lang='grc' dir='ltr'>ΟΜΙΛῙΑ</span> <span class='ocrx_word' id='word_1_138' title='bbox 2200 1371 2306 1425; x_wconf 82' lang='lat' dir='ltr'>IA&#39;.</span> 
     </span>
    </p>
   </div>
   <div class='ocr_carea' id='block_1_20' title="bbox 473 1455 3733 1532">
    <p class='ocr_par' dir='ltr' id='par_1_20' title="bbox 473 1455 3733 1532">
     <span class='ocr_line' id='line_1_20' title="bbox 473 1455 3733 1532; baseline 0 -20"><span class='ocrx_word' id='word_1_139' title='bbox 473 1455 898 1532; x_wconf 78' lang='grc' dir='ltr'>Ἀπολυθέντες</span> <span class='ocrx_word' id='word_1_140' title='bbox 946 1455 1025 1532; x_wconf 69' lang='grc' dir='ltr'>δὲ</span> <span class='ocrx_word' id='word_1_141' title='bbox 1066 1455 1256 1532; x_wconf 79' lang='grc' dir='ltr'>ἦλθον</span> <span class='ocrx_word' id='word_1_142' title='bbox 1302 1461 1450 1532; x_wconf 83' lang='grc' dir='ltr'>πρὸς</span> <span class='ocrx_word' id='word_1_143' title='bbox 1482 1459 1896 1532; x_wconf 46' lang='grc' dir='ltr'>τοὺςῑδίους,⁴</span> <span class='ocrx_word' id='word_1_144' title='bbox 1943 1461 2044 1532; x_wconf 67' lang='grc' dir='ltr'>καί</span> <span class='ocrx_word' id='word_1_145' title='bbox 2143 1461 2442 1532; x_wconf 86' lang='grc' dir='ltr'>τεκμήριον</span> <span class='ocrx_word' id='word_1_146' title='bbox 2468 1461 2674 1529; x_wconf 85' lang='grc' dir='ltr'>γέγονε.</span> <span class='ocrx_word' id='word_1_147' title='bbox 2709 1460 2820 1514; x_wconf 75' lang='grc' dir='ltr'>Καὶ</span> <span class='ocrx_word' id='word_1_148' title='bbox 2843 1457 3245 1526; x_wconf 72' lang='grc' dir='ltr'>ἐπλήσθησαν</span> <span class='ocrx_word' id='word_1_149' title='bbox 3264 1456 3528 1522; x_wconf 84' lang='grc' dir='ltr'>ἅπαντες</span> <span class='ocrx_word' id='word_1_150' title='bbox 3542 1458 3733 1512; x_wconf 80' lang='grc' dir='ltr'>11νεύ-</span> 
     </span>
    </p>
   </div>
   <div class='ocr_carea' id='block_1_21' title="bbox 529 1527 3724 1614">
    <p class='ocr_par' dir='ltr' id='par_1_21' title="bbox 529 1527 3724 1614">
     <span class='ocr_line' id='line_1_21' title="bbox 529 1527 3724 1614; baseline 0 -22"><span class='ocrx_word' id='word_1_151' title='bbox 529 1527 902 1614; x_wconf 51' lang='lat' dir='ltr'>diuinatqu</span> <span class='ocrx_word' id='word_1_152' title='bbox 935 1527 1053 1581; x_wconf 81' lang='grc' dir='ltr'>ὅσα</span> <span class='ocrx_word' id='word_1_153' title='bbox 1072 1527 1229 1614; x_wconf 64' lang='grc' dir='ltr'>ξερὸς</span> <span class='ocrx_word' id='word_1_154' title='bbox 1255 1529 1479 1594; x_wconf 68' lang='grc' dir='ltr'>αὐτοὺς</span> <span class='ocrx_word' id='word_1_155' title='bbox 1526 1533 1580 1583; x_wconf 77' lang='grc' dir='ltr'>οι</span> <span class='ocrx_word' id='word_1_156' title='bbox 1618 1528 1914 1599; x_wconf 76' lang='grc' dir='ltr'>ἀρχιερεῖς</span> <span class='ocrx_word' id='word_1_157' title='bbox 1941 1530 2042 1584; x_wconf 73' lang='grc' dir='ltr'>καὶ</span> <span class='ocrx_word' id='word_1_158' title='bbox 2139 1527 2554 1614; x_wconf 36' lang='grc' dir='ltr'>ματος-ἁγίου.</span> <span class='ocrx_word' id='word_1_159' title='bbox 2583 1544 2648 1596; x_wconf 89' lang='grc' dir='ltr'>Τί</span> <span class='ocrx_word' id='word_1_160' title='bbox 2679 1543 2850 1608; x_wconf 80' lang='grc' dir='ltr'>ἐστιν,</span> <span class='ocrx_word' id='word_1_161' title='bbox 2899 1541 3372 1609; x_wconf 84' lang='grc' dir='ltr'>Ἐπλήσθησαν;</span> <span class='ocrx_word' id='word_1_162' title='bbox 3423 1540 3572 1592; x_wconf 81' lang='grc' dir='ltr'>Ἀντὶ</span> <span class='ocrx_word' id='word_1_163' title='bbox 3603 1540 3724 1605; x_wconf 85' lang='grc' dir='ltr'>τοῦ,</span> 
     </span>
    </p>
   </div>
   <div class='ocr_carea' id='block_1_22' title="bbox 533 1595 1232 1666">
    <p class='ocr_par' dir='ltr' id='par_1_22' title="bbox 533 1595 1232 1666">
     <span class='ocr_line' id='line_1_22' title="bbox 533 1595 1232 1666; baseline 0.003 -16"><span class='ocrx_word' id='word_1_164' title='bbox 533 1601 586 1651; x_wconf 80' lang='grc' dir='ltr'>οἱ</span> <span class='ocrx_word' id='word_1_165' title='bbox 617 1595 1006 1666; x_wconf 80' lang='grc' dir='ltr'>πρεσϐύτεροι</span> <span class='ocrx_word' id='word_1_166' title='bbox 1039 1595 1232 1652; x_wconf 81' lang='grc' dir='ltr'>εἷπον.</span> 
     </span>
    </p>
   </div>
   <div class='ocr_carea' id='block_1_23' title="bbox 533 1687 2047 1761">
    <p class='ocr_par' dir='ltr' id='par_1_23' title="bbox 533 1687 2047 1761">
     <span class='ocr_line' id='line_1_23' title="bbox 533 1687 2047 1761; baseline 0.004 -21"><span class='ocrx_word' id='word_1_167' title='bbox 533 1688 742 1758; x_wconf 79' lang='grc' dir='ltr'>α’.οῦχὶ</span> <span class='ocrx_word' id='word_1_168' title='bbox 759 1687 1065 1758; x_wconf 72' lang='grc' dir='ltr'>φιλοτιμίας</span> <span class='ocrx_word' id='word_1_169' title='bbox 1083 1689 1268 1742; x_wconf 74' lang='grc' dir='ltr'>ἕνεκεν</span> <span class='ocrx_word' id='word_1_170' title='bbox 1285 1689 1618 1760; x_wconf 72' lang='grc' dir='ltr'>διηγοῦνται·</span> <span class='ocrx_word' id='word_1_171' title='bbox 1635 1691 1752 1754; x_wconf 86' lang='grc' dir='ltr'>πῶς</span> <span class='ocrx_word' id='word_1_172' title='bbox 1762 1690 1890 1761; x_wconf 78' lang='grc' dir='ltr'>γάρς</span> <span class='ocrx_word' id='word_1_173' title='bbox 1910 1691 2047 1746; x_wconf 85' lang='grc' dir='ltr'>ἀλλά</span> 
     </span>
    </p>
   </div>
   <div class='ocr_carea' id='block_1_24' title="bbox 463 1772 2046 1846">
    <p class='ocr_par' dir='ltr' id='par_1_24' title="bbox 463 1772 2046 1846">
     <span class='ocr_line' id='line_1_24' title="bbox 463 1772 2046 1846; baseline 0.002 -22"><span class='ocrx_word' id='word_1_174' title='bbox 463 1773 562 1843; x_wconf 88' lang='grc' dir='ltr'>τῆς</span> <span class='ocrx_word' id='word_1_175' title='bbox 597 1773 690 1824; x_wconf 87' lang='grc' dir='ltr'>τοῦ</span> <span class='ocrx_word' id='word_1_176' title='bbox 707 1772 942 1842; x_wconf 80' lang='grc' dir='ltr'>Χριστοῦ</span> <span class='ocrx_word' id='word_1_177' title='bbox 960 1773 1182 1844; x_wconf 88' lang='grc' dir='ltr'>χάριτος</span> <span class='ocrx_word' id='word_1_178' title='bbox 1211 1774 1384 1827; x_wconf 89' lang='grc' dir='ltr'>ταῦτα</span> <span class='ocrx_word' id='word_1_179' title='bbox 1403 1775 1680 1846; x_wconf 86' lang='grc' dir='ltr'>τεκμήρια</span> <span class='ocrx_word' id='word_1_180' title='bbox 1711 1775 2046 1829; x_wconf 83' lang='grc' dir='ltr'>ἐπιδείκνυν-</span> 
     </span>
    </p>
   </div>
   <div class='ocr_carea' id='block_1_25' title="bbox 463 1853 2045 1930">
    <p class='ocr_par' dir='ltr' id='par_1_25' title="bbox 463 1853 2045 1930">
     <span class='ocr_line' id='line_1_25' title="bbox 463 1853 2045 1930; baseline 0.004 -23"><span class='ocrx_word' id='word_1_181' title='bbox 463 1872 574 1908; x_wconf 86' lang='grc' dir='ltr'>ται.</span> <span class='ocrx_word' id='word_1_182' title='bbox 615 1857 705 1908; x_wconf 85' lang='grc' dir='ltr'>Διὸ</span> <span class='ocrx_word' id='word_1_183' title='bbox 736 1856 828 1908; x_wconf 78' lang='grc' dir='ltr'>καὶ</span> <span class='ocrx_word' id='word_1_184' title='bbox 863 1856 964 1910; x_wconf 82' lang='grc' dir='ltr'>ὅσα</span> <span class='ocrx_word' id='word_1_185' title='bbox 1005 1857 1105 1926; x_wconf 88' lang='grc' dir='ltr'>μὲν</span> <span class='ocrx_word' id='word_1_186' title='bbox 1145 1859 1340 1910; x_wconf 84' lang='grc' dir='ltr'>ἐκεῖνοι</span> <span class='ocrx_word' id='word_1_187' title='bbox 1373 1853 1554 1920; x_wconf 76' lang='grc' dir='ltr'>εἷπον,</span> <span class='ocrx_word' id='word_1_188' title='bbox 1595 1855 1766 1912; x_wconf 88' lang='grc' dir='ltr'>ταῦτα</span> <span class='ocrx_word' id='word_1_189' title='bbox 1807 1856 2045 1930; x_wconf 84' lang='grc' dir='ltr'>διηγοῦν·</span> 
     </span>
    </p>
   </div>
   <div class='ocr_carea' id='block_1_26' title="bbox 462 1940 2047 2012">
    <p class='ocr_par' dir='ltr' id='par_1_26' title="bbox 462 1940 2047 2012">
     <span class='ocr_line' id='line_1_26' title="bbox 462 1940 2047 2012; baseline 0.003 -22"><span class='ocrx_word' id='word_1_190' title='bbox 462 1956 586 1991; x_wconf 61' lang='grc' dir='ltr'>ταν</span> <span class='ocrx_word' id='word_1_191' title='bbox 622 1940 689 1991; x_wconf 72' lang='grc' dir='ltr'>τὰ</span> <span class='ocrx_word' id='word_1_192' title='bbox 716 1940 773 1993; x_wconf 83' lang='grc' dir='ltr'>δὲ</span> <span class='ocrx_word' id='word_1_193' title='bbox 817 1941 994 1995; x_wconf 81' lang='grc' dir='ltr'>αὐτῶν</span> <span class='ocrx_word' id='word_1_194' title='bbox 1025 1943 1073 1994; x_wconf 86' lang='grc' dir='ltr'>εἰ</span> <span class='ocrx_word' id='word_1_195' title='bbox 1121 1942 1215 1995; x_wconf 72' lang='grc' dir='ltr'>καὶ</span> <span class='ocrx_word' id='word_1_196' title='bbox 1259 1941 1727 2012; x_wconf 87' lang='grc' dir='ltr'>παρατρέχουσιν,</span> <span class='ocrx_word' id='word_1_197' title='bbox 1763 1943 1911 2012; x_wconf 82' lang='grc' dir='ltr'>ὅμως</span> <span class='ocrx_word' id='word_1_198' title='bbox 1951 1941 2047 1996; x_wconf 72' lang='grc' dir='ltr'>καὶ</span> 
     </span>
    </p>
   </div>
   <div class='ocr_carea' id='block_1_27' title="bbox 464 2021 2049 2094">
    <p class='ocr_par' dir='ltr' id='par_1_27' title="bbox 464 2021 2049 2094">
     <span class='ocr_line' id='line_1_27' title="bbox 464 2021 2049 2094; baseline 0.003 -21"><span class='ocrx_word' id='word_1_199' title='bbox 464 2021 634 2094; x_wconf 73' lang='grc' dir='ltr'>ταύτῃ</span> <span class='ocrx_word' id='word_1_200' title='bbox 693 2022 1128 2094; x_wconf 67' lang='grc' dir='ltr'>θαρσαλεώτερον.</span> <span class='ocrx_word' id='word_1_201' title='bbox 1181 2024 1440 2092; x_wconf 88' lang='grc' dir='ltr'>γίνονται.</span> <span class='ocrx_word' id='word_1_202' title='bbox 1503 2024 1612 2078; x_wconf 72' lang='grc' dir='ltr'>Καὶ</span> <span class='ocrx_word' id='word_1_203' title='bbox 1663 2025 1874 2089; x_wconf 87' lang='grc' dir='ltr'>σκόπει,</span> <span class='ocrx_word' id='word_1_204' title='bbox 1930 2024 2049 2088; x_wconf 91' lang='grc' dir='ltr'>πῶς</span> 
     </span>
    </p>
   </div>
   <div class='ocr_carea' id='block_1_28' title="bbox 468 2105 2048 2179">
    <p class='ocr_par' dir='ltr' id='par_1_28' title="bbox 468 2105 2048 2179">
     <span class='ocr_line' id='line_1_28' title="bbox 468 2105 2048 2179; baseline 0.004 -23"><span class='ocrx_word' id='word_1_205' title='bbox 468 2106 629 2158; x_wconf 83' lang='grc' dir='ltr'>πάλιν</span> <span class='ocrx_word' id='word_1_206' title='bbox 681 2107 775 2160; x_wconf 70' lang='grc' dir='ltr'>ἐπὶ</span> <span class='ocrx_word' id='word_1_207' title='bbox 814 2105 914 2178; x_wconf 80' lang='grc' dir='ltr'>τὴν</span> <span class='ocrx_word' id='word_1_208' title='bbox 944 2107 1117 2178; x_wconf 82' lang='grc' dir='ltr'>ἀληθῆ</span> <span class='ocrx_word' id='word_1_209' title='bbox 1161 2107 1411 2178; x_wconf 72' lang='grc' dir='ltr'>βοήθειαν</span> <span class='ocrx_word' id='word_1_210' title='bbox 1464 2108 1793 2176; x_wconf 82' lang='grc' dir='ltr'>κατέφυγον,</span> <span class='ocrx_word' id='word_1_211' title='bbox 1826 2109 1917 2161; x_wconf 73' lang='grc' dir='ltr'>ἐπὶ</span> <span class='ocrx_word' id='word_1_212' title='bbox 1949 2109 2048 2179; x_wconf 78' lang='grc' dir='ltr'>τὴν</span> 
     </span>
    </p>
   </div>
   <div class='ocr_carea' id='block_1_29' title="bbox 468 2190 2050 2262">
    <p class='ocr_par' dir='ltr' id='par_1_29' title="bbox 468 2190 2050 2262">
     <span class='ocr_line' id='line_1_29' title="bbox 468 2190 2050 2262; baseline 0.003 -20"><span class='ocrx_word' id='word_1_213' title='bbox 468 2191 783 2262; x_wconf 79' lang='grc' dir='ltr'>συμμαχίαν</span> <span class='ocrx_word' id='word_1_214' title='bbox 815 2190 913 2262; x_wconf 83' lang='grc' dir='ltr'>τὴν</span> <span class='ocrx_word' id='word_1_215' title='bbox 946 2191 1157 2262; x_wconf 85' lang='grc' dir='ltr'>ἄμαχον</span> <span class='ocrx_word' id='word_1_216' title='bbox 1184 2232 1198 2256; x_wconf 89' lang='grc'>,</span> <span class='ocrx_word' id='word_1_217' title='bbox 1242 2192 1336 2244; x_wconf 69' lang='grc' dir='ltr'>καὶ</span> <span class='ocrx_word' id='word_1_218' title='bbox 1368 2192 1528 2247; x_wconf 87' lang='grc' dir='ltr'>πάλιν</span> <span class='ocrx_word' id='word_1_219' title='bbox 1558 2191 1919 2262; x_wconf 83' lang='grc' dir='ltr'>ὁμοθυμαδὸν,</span> <span class='ocrx_word' id='word_1_220' title='bbox 1956 2193 2050 2246; x_wconf 78' lang='grc' dir='ltr'>καὶ</span> 
     </span>
    </p>
   </div>
   <div class='ocr_carea' id='block_1_30' title="bbox 470 2275 2048 2347">
    <p class='ocr_par' dir='ltr' id='par_1_30' title="bbox 470 2275 2048 2347">
     <span class='ocr_line' id='line_1_30' title="bbox 470 2275 2048 2347; baseline 0.001 -19"><span class='ocrx_word' id='word_1_221' title='bbox 470 2276 606 2346; x_wconf 82' lang='grc' dir='ltr'>μετά</span> <span class='ocrx_word' id='word_1_222' title='bbox 636 2276 870 2346; x_wconf 81' lang='grc' dir='ltr'>σπουδῆς</span> <span class='ocrx_word' id='word_1_223' title='bbox 892 2292 904 2305; x_wconf 90' lang='grc'><strong>·</strong></span> <span class='ocrx_word' id='word_1_224' title='bbox 932 2276 1050 2328; x_wconf 77' lang='grc' dir='ltr'>οὐδὲ</span> <span class='ocrx_word' id='word_1_225' title='bbox 1084 2277 1191 2347; x_wconf 89' lang='grc' dir='ltr'>γάρ</span> <span class='ocrx_word' id='word_1_226' title='bbox 1222 2277 1370 2329; x_wconf 84' lang='grc' dir='ltr'>ἐστιν</span> <span class='ocrx_word' id='word_1_227' title='bbox 1397 2276 1528 2346; x_wconf 77' lang='grc' dir='ltr'>εὐχὴ</span> <span class='ocrx_word' id='word_1_228' title='bbox 1559 2275 1744 2338; x_wconf 87' lang='grc' dir='ltr'>ἁπλῶς</span> <span class='ocrx_word' id='word_1_229' title='bbox 1767 2275 2048 2346; x_wconf 83' lang='grc' dir='ltr'>γινομένη.</span> 
     </span>
    </p>
   </div>
   <div class='ocr_carea' id='block_1_31' title="bbox 471 2356 2053 2430">
    <p class='ocr_par' dir='ltr' id='par_1_31' title="bbox 471 2356 2053 2430">
     <span class='ocr_line' id='line_1_31' title="bbox 471 2356 2053 2430; baseline -0.001 -16"><span class='ocrx_word' id='word_1_230' title='bbox 471 2359 538 2414; x_wconf 79' lang='lat' dir='ltr'>Ol</span> <span class='ocrx_word' id='word_1_231' title='bbox 571 2359 639 2412; x_wconf 83' lang='grc' dir='ltr'>δὲ</span> <span class='ocrx_word' id='word_1_232' title='bbox 659 2361 1053 2426; x_wconf 83' lang='grc' dir='ltr'>ἀκούσαντες,</span> <span class='ocrx_word' id='word_1_233' title='bbox 1085 2359 1466 2430; x_wconf 80' lang='grc' dir='ltr'>ὁμοθυμαδὸν</span> <span class='ocrx_word' id='word_1_234' title='bbox 1489 2356 1642 2429; x_wconf 80' lang='grc' dir='ltr'>ἦραν</span> <span class='ocrx_word' id='word_1_235' title='bbox 1664 2359 1873 2428; x_wconf 69' lang='grc' dir='ltr'>φωνὴν</span> <span class='ocrx_word' id='word_1_236' title='bbox 1901 2358 2053 2427; x_wconf 82' lang='grc' dir='ltr'>πρός</span> 
     </span>
    </p>
   </div>
   <div class='ocr_carea' id='block_1_32' title="bbox 467 2441 2052 2515">
    <p class='ocr_par' dir='ltr' id='par_1_32' title="bbox 467 2441 2052 2515">
     <span class='ocr_line' id='line_1_32' title="bbox 467 2441 2052 2515; baseline -0.001 -20"><span class='ocrx_word' id='word_1_237' title='bbox 467 2443 572 2496; x_wconf 88' lang='grc' dir='ltr'>τὸν</span> <span class='ocrx_word' id='word_1_238' title='bbox 609 2445 774 2506; x_wconf 87' lang='grc' dir='ltr'>Θεὸν,</span> <span class='ocrx_word' id='word_1_239' title='bbox 800 2445 898 2496; x_wconf 86' lang='grc' dir='ltr'>καί</span> <span class='ocrx_word' id='word_1_240' title='bbox 929 2445 1119 2498; x_wconf 79' lang='grc' dir='ltr'>εἷπον.</span> <span class='ocrx_word' id='word_1_241' title='bbox 1153 2447 1316 2515; x_wconf 87' lang='grc' dir='ltr'>Ὅρα,</span> <span class='ocrx_word' id='word_1_242' title='bbox 1355 2441 1470 2508; x_wconf 87' lang='grc' dir='ltr'>πῶς</span> <span class='ocrx_word' id='word_1_243' title='bbox 1499 2443 1635 2495; x_wconf 82' lang='grc' dir='ltr'>εἰσιν</span> <span class='ocrx_word' id='word_1_244' title='bbox 1673 2441 2052 2512; x_wconf 79' lang='grc' dir='ltr'>ὴκριϐωμέναι</span> 
     </span>
    </p>
   </div>
   <div class='ocr_carea' id='block_1_33' title="bbox 469 2525 2053 2596">
    <p class='ocr_par' dir='ltr' id='par_1_33' title="bbox 469 2525 2053 2596">
     <span class='ocr_line' id='line_1_33' title="bbox 469 2525 2053 2596; baseline 0.001 -18"><span class='ocrx_word' id='word_1_245' title='bbox 469 2526 648 2579; x_wconf 80' lang='grc' dir='ltr'>αὐτῶν</span> <span class='ocrx_word' id='word_1_246' title='bbox 675 2528 732 2580; x_wconf 75' lang='grc' dir='ltr'>αἱ</span> <span class='ocrx_word' id='word_1_247' title='bbox 759 2527 936 2596; x_wconf 83' lang='grc' dir='ltr'>εὐχαί.</span> <span class='ocrx_word' id='word_1_248' title='bbox 970 2528 1099 2581; x_wconf 85' lang='grc' dir='ltr'>Ὅτε</span> <span class='ocrx_word' id='word_1_249' title='bbox 1131 2527 1220 2580; x_wconf 84' lang='grc' dir='ltr'>τὸν</span> <span class='ocrx_word' id='word_1_250' title='bbox 1250 2525 1399 2592; x_wconf 74' lang='grc' dir='ltr'>ἄξιον</span> <span class='ocrx_word' id='word_1_251' title='bbox 1433 2528 1512 2589; x_wconf 88' lang='grc' dir='ltr'>είς</span> <span class='ocrx_word' id='word_1_252' title='bbox 1538 2525 1843 2596; x_wconf 78' lang='grc' dir='ltr'>ἀποστολὴν</span> <span class='ocrx_word' id='word_1_253' title='bbox 1867 2525 2053 2596; x_wconf 75' lang='grc' dir='ltr'>ἠξίουν</span> 
     </span>
    </p>
   </div>
   <div class='ocr_carea' id='block_1_34' title="bbox 469 2610 2054 2682">
    <p class='ocr_par' dir='ltr' id='par_1_34' title="bbox 469 2610 2054 2682">
     <span class='ocr_line' id='line_1_34' title="bbox 469 2610 2054 2682; baseline -0.001 -17"><span class='ocrx_word' id='word_1_254' title='bbox 469 2612 650 2675; x_wconf 75' lang='grc' dir='ltr'>αὐτοῖς</span> <span class='ocrx_word' id='word_1_255' title='bbox 679 2612 1075 2682; x_wconf 80' lang='grc' dir='ltr'>ἀναδειχθῆναι,</span> <span class='ocrx_word' id='word_1_256' title='bbox 1110 2611 1284 2674; x_wconf 76' lang='grc' dir='ltr'>οὕτως</span> <span class='ocrx_word' id='word_1_257' title='bbox 1305 2611 1514 2680; x_wconf 74' lang='grc' dir='ltr'>ἔλεγον⁵</span> <span class='ocrx_word' id='word_1_258' title='bbox 1545 2610 1650 2674; x_wconf 85' lang='grc' dir='ltr'>Σὺ,</span> <span class='ocrx_word' id='word_1_259' title='bbox 1687 2612 1881 2679; x_wconf 84' lang='grc' dir='ltr'>Κύριε,</span> <span class='ocrx_word' id='word_1_260' title='bbox 1909 2627 2054 2679; x_wconf 87' lang='grc' dir='ltr'>καρ-</span> 
     </span>
    </p>
   </div>
   <div class='ocr_carea' id='block_1_35' title="bbox 468 2694 2052 2767">
    <p class='ocr_par' dir='ltr' id='par_1_35' title="bbox 468 2694 2052 2767">
     <span class='ocr_line' id='line_1_35' title="bbox 468 2694 2052 2767; baseline -0.002 -18"><span class='ocrx_word' id='word_1_261' title='bbox 468 2696 803 2765; x_wconf 71' lang='grc' dir='ltr'>διογνῶστα</span> <span class='ocrx_word' id='word_1_262' title='bbox 844 2696 1102 2760; x_wconf 86' lang='grc' dir='ltr'>πάντων,</span> <span class='ocrx_word' id='word_1_263' title='bbox 1141 2695 1467 2760; x_wconf 77' lang='grc' dir='ltr'>ἀνάδειξον</span> <span class='ocrx_word' id='word_1_264' title='bbox 1512 2694 1897 2767; x_wconf 81' lang='grc' dir='ltr'>(προγνώσεως</span> <span class='ocrx_word' id='word_1_265' title='bbox 1945 2694 2052 2764; x_wconf 87' lang='grc' dir='ltr'>γάρ</span> 
     </span>
    </p>
   </div>
   <div class='ocr_carea' id='block_1_36' title="bbox 468 2777 2054 2853">
    <p class='ocr_par' dir='ltr' id='par_1_36' title="bbox 468 2777 2054 2853">
     <span class='ocr_line' id='line_1_36' title="bbox 468 2777 2054 2853; baseline -0.001 -20"><span class='ocrx_word' id='word_1_266' title='bbox 468 2777 538 2851; x_wconf 78' lang='grc' dir='ltr'>ἦν</span> <span class='ocrx_word' id='word_1_267' title='bbox 580 2783 697 2835; x_wconf 89' lang='grc' dir='ltr'>ἐκεῖ</span> <span class='ocrx_word' id='word_1_268' title='bbox 733 2781 912 2853; x_wconf 83' lang='grc' dir='ltr'>χρεία)</span> <span class='ocrx_word' id='word_1_269' title='bbox 935 2799 948 2813; x_wconf 88' lang='grc'><strong>·</strong></span> <span class='ocrx_word' id='word_1_270' title='bbox 978 2780 1210 2835; x_wconf 85' lang='grc' dir='ltr'>ἐνταῦθα</span> <span class='ocrx_word' id='word_1_271' title='bbox 1241 2781 1333 2847; x_wconf 81' lang='grc' dir='ltr'>δὲ,</span> <span class='ocrx_word' id='word_1_272' title='bbox 1373 2780 1558 2851; x_wconf 84' lang='grc' dir='ltr'>ἐπειδὴ</span> <span class='ocrx_word' id='word_1_273' title='bbox 1601 2779 2054 2849; x_wconf 88' lang='grc' dir='ltr'>ἐπιστομισθῆναι</span> 
     </span>
    </p>
   </div>
   <div class='ocr_carea' id='block_1_37' title="bbox 471 2865 2052 2938">
    <p class='ocr_par' dir='ltr' id='par_1_37' title="bbox 471 2865 2052 2938">
     <span class='ocr_line' id='line_1_37' title="bbox 471 2865 2052 2938; baseline -0.001 -21"><span class='ocrx_word' id='word_1_274' title='bbox 471 2867 596 2930; x_wconf 76' lang='grc' dir='ltr'>τοὺς</span> <span class='ocrx_word' id='word_1_275' title='bbox 634 2867 907 2930; x_wconf 79' lang='grc' dir='ltr'>ἐναντίους</span> <span class='ocrx_word' id='word_1_276' title='bbox 943 2868 1130 2938; x_wconf 86' lang='grc' dir='ltr'>ἐχρῆν,</span> <span class='ocrx_word' id='word_1_277' title='bbox 1173 2866 1301 2937; x_wconf 82' lang='grc' dir='ltr'>περί</span> <span class='ocrx_word' id='word_1_278' title='bbox 1341 2866 1656 2929; x_wconf 76' lang='grc' dir='ltr'>δεσποτείας</span> <span class='ocrx_word' id='word_1_279' title='bbox 1683 2865 2052 2932; x_wconf 77' lang='grc' dir='ltr'>διαλέγονται’</span> 
     </span>
    </p>
   </div>
   <div class='ocr_carea' id='block_1_38' title="bbox 470 2947 2053 3024">
    <p class='ocr_par' dir='ltr' id='par_1_38' title="bbox 470 2947 2053 3024">
     <span class='ocr_line' id='line_1_38' title="bbox 470 2947 2053 3024; baseline -0.001 -21"><span class='ocrx_word' id='word_1_280' title='bbox 470 2951 550 3004; x_wconf 70' lang='grc' dir='ltr'>διὸ</span> <span class='ocrx_word' id='word_1_281' title='bbox 573 2953 666 3004; x_wconf 76' lang='grc' dir='ltr'>καὶ</span> <span class='ocrx_word' id='word_1_282' title='bbox 691 2951 864 3016; x_wconf 76' lang='grc' dir='ltr'>οὕτως</span> <span class='ocrx_word' id='word_1_283' title='bbox 892 2953 1128 3024; x_wconf 79' lang='grc' dir='ltr'>ἤρξαντο</span> <span class='ocrx_word' id='word_1_284' title='bbox 1147 2967 1160 2980; x_wconf 87' lang='lat'><strong>&#39;</strong></span> <span class='ocrx_word' id='word_1_285' title='bbox 1191 2953 1463 3006; x_wconf 77' lang='grc' dir='ltr'>Δέσποτα</span> <span class='ocrx_word' id='word_1_286' title='bbox 1483 2952 1513 3005; x_wconf 89' lang='grc' dir='ltr'>ό</span> <span class='ocrx_word' id='word_1_287' title='bbox 1543 2951 1708 3016; x_wconf 84' lang='grc' dir='ltr'>Θεὸς,</span> <span class='ocrx_word' id='word_1_288' title='bbox 1733 2951 1764 3002; x_wconf 93' lang='grc' dir='ltr'>ό</span> <span class='ocrx_word' id='word_1_289' title='bbox 1791 2947 2053 3015; x_wconf 80' lang='grc' dir='ltr'>ποιήσας</span> 
     </span>
    </p>
   </div>
   <div class='ocr_carea' id='block_1_39' title="bbox 473 3031 2052 3104">
    <p class='ocr_par' dir='ltr' id='par_1_39' title="bbox 473 3031 2052 3104">
     <span class='ocr_line' id='line_1_39' title="bbox 473 3031 2052 3104; baseline -0.001 -18"><span class='ocrx_word' id='word_1_290' title='bbox 473 3034 578 3087; x_wconf 73' lang='grc' dir='ltr'>τὸν</span> <span class='ocrx_word' id='word_1_291' title='bbox 615 3036 876 3104; x_wconf 81' lang='grc' dir='ltr'>οὐρανὸν</span> <span class='ocrx_word' id='word_1_292' title='bbox 909 3035 1008 3088; x_wconf 83' lang='grc' dir='ltr'>καί</span> <span class='ocrx_word' id='word_1_293' title='bbox 1057 3035 1171 3102; x_wconf 80' lang='grc' dir='ltr'>τὴν</span> <span class='ocrx_word' id='word_1_294' title='bbox 1206 3033 1338 3104; x_wconf 80' lang='grc' dir='ltr'>γῆν,</span> <span class='ocrx_word' id='word_1_295' title='bbox 1389 3034 1487 3087; x_wconf 87' lang='grc' dir='ltr'>καί</span> <span class='ocrx_word' id='word_1_296' title='bbox 1539 3033 1655 3100; x_wconf 78' lang='grc' dir='ltr'>τὴν</span> <span class='ocrx_word' id='word_1_297' title='bbox 1703 3031 2052 3093; x_wconf 87' lang='grc' dir='ltr'>θάλασσαν,</span> 
     </span>
    </p>
   </div>
   <div class='ocr_carea' id='block_1_40' title="bbox 471 3114 2057 3184">
    <p class='ocr_par' dir='ltr' id='par_1_40' title="bbox 471 3114 2057 3184">
     <span class='ocr_line' id='line_1_40' title="bbox 471 3114 2057 3184; baseline -0.003 -13"><span class='ocrx_word' id='word_1_298' title='bbox 471 3117 569 3172; x_wconf 80' lang='grc' dir='ltr'>καὶ</span> <span class='ocrx_word' id='word_1_299' title='bbox 605 3118 801 3173; x_wconf 86' lang='grc' dir='ltr'>πάντα</span> <span class='ocrx_word' id='word_1_300' title='bbox 836 3119 909 3173; x_wconf 87' lang='grc' dir='ltr'>τὰ</span> <span class='ocrx_word' id='word_1_301' title='bbox 958 3119 1027 3171; x_wconf 82' lang='grc' dir='ltr'>ἐν</span> <span class='ocrx_word' id='word_1_302' title='bbox 1073 3116 1308 3183; x_wconf 84' lang='grc' dir='ltr'>αὐτοῖς·</span> <span class='ocrx_word' id='word_1_303' title='bbox 1347 3119 1389 3171; x_wconf 80' lang='grc' dir='ltr'>ό·</span> <span class='ocrx_word' id='word_1_304' title='bbox 1411 3116 1506 3170; x_wconf 83' lang='grc' dir='ltr'>διὰ</span> <span class='ocrx_word' id='word_1_305' title='bbox 1545 3115 1843 3184; x_wconf 87' lang='grc' dir='ltr'>στόματος</span> <span class='ocrx_word' id='word_1_306' title='bbox 1875 3114 2057 3167; x_wconf 67' lang='grc' dir='ltr'>Δαυῒδ</span> 
     </span>
    </p>
   </div>
   <div class='ocr_carea' id='block_1_41' title="bbox 472 3196 2054 3268">
    <p class='ocr_par' dir='ltr' id='par_1_41' title="bbox 472 3196 2054 3268">
     <span class='ocr_line' id='line_1_41' title="bbox 472 3196 2054 3268; baseline -0.003 -14"><span class='ocrx_word' id='word_1_307' title='bbox 472 3202 580 3254; x_wconf 87' lang='grc' dir='ltr'>τοῦ</span> <span class='ocrx_word' id='word_1_308' title='bbox 625 3203 836 3268; x_wconf 85' lang='grc' dir='ltr'>παιδός</span> <span class='ocrx_word' id='word_1_309' title='bbox 866 3218 984 3255; x_wconf 88' lang='grc' dir='ltr'>σου</span> <span class='ocrx_word' id='word_1_310' title='bbox 1033 3199 1237 3265; x_wconf 82' lang='grc' dir='ltr'>είπὼν,</span> <span class='ocrx_word' id='word_1_311' title='bbox 1293 3201 1416 3254; x_wconf 84' lang='grc' dir='ltr'>Ἵνα</span> <span class='ocrx_word' id='word_1_312' title='bbox 1447 3199 1505 3252; x_wconf 89' lang='grc' dir='ltr'>τί</span> <span class='ocrx_word' id='word_1_313' title='bbox 1547 3197 1856 3267; x_wconf 69' lang='grc' dir='ltr'>ἐφρύαξαν</span> <span class='ocrx_word' id='word_1_314' title='bbox 1887 3196 2054 3265; x_wconf 80' lang='grc' dir='ltr'>ἔθνη,</span> 
     </span>
    </p>
   </div>
   <div class='ocr_carea' id='block_1_42' title="bbox 477 3281 2059 3353">
    <p class='ocr_par' dir='ltr' id='par_1_42' title="bbox 477 3281 2059 3353">
     <span class='ocr_line' id='line_1_42' title="bbox 477 3281 2059 3353; baseline -0.003 -15"><span class='ocrx_word' id='word_1_315' title='bbox 477 3285 574 3338; x_wconf 79' lang='grc' dir='ltr'>καί</span> <span class='ocrx_word' id='word_1_316' title='bbox 605 3285 738 3339; x_wconf 87' lang='grc' dir='ltr'>λαοί</span> <span class='ocrx_word' id='word_1_317' title='bbox 782 3284 1154 3353; x_wconf 68' lang='grc' dir='ltr'>ἐμελέτησαν</span> <span class='ocrx_word' id='word_1_318' title='bbox 1196 3283 1378 3347; x_wconf 82' lang='grc' dir='ltr'>κενά;</span> <span class='ocrx_word' id='word_1_319' title='bbox 1411 3282 1815 3351; x_wconf 87' lang='grc' dir='ltr'>Παρέστησαν</span> <span class='ocrx_word' id='word_1_320' title='bbox 1859 3282 1913 3334; x_wconf 79' lang='grc' dir='ltr'>οἱ</span> <span class='ocrx_word' id='word_1_321' title='bbox 1944 3281 2059 3345; x_wconf 78' lang='grc' dir='ltr'>βα-</span> 
     </span>
    </p>
   </div>
   <div class='ocr_carea' id='block_1_43' title="bbox 476 3363 2056 3436">
    <p class='ocr_par' dir='ltr' id='par_1_43' title="bbox 476 3363 2056 3436">
     <span class='ocr_line' id='line_1_43' title="bbox 476 3363 2056 3436; baseline -0.003 -16"><span class='ocrx_word' id='word_1_322' title='bbox 476 3367 670 3432; x_wconf 81' lang='grc' dir='ltr'>σιλεῖς</span> <span class='ocrx_word' id='word_1_323' title='bbox 697 3365 805 3434; x_wconf 81' lang='grc' dir='ltr'>τῆς</span> <span class='ocrx_word' id='word_1_324' title='bbox 833 3365 968 3436; x_wconf 80' lang='grc' dir='ltr'>γῆς,</span> <span class='ocrx_word' id='word_1_325' title='bbox 995 3367 1093 3420; x_wconf 86' lang='grc' dir='ltr'>καί</span> <span class='ocrx_word' id='word_1_326' title='bbox 1129 3369 1183 3421; x_wconf 75' lang='lat' dir='ltr'>ot</span> <span class='ocrx_word' id='word_1_327' title='bbox 1208 3367 1498 3436; x_wconf 76' lang='grc' dir='ltr'>ἄρχοντες</span> <span class='ocrx_word' id='word_1_328' title='bbox 1534 3364 1940 3433; x_wconf 76' lang='grc' dir='ltr'>συνήχθησαν</span> <span class='ocrx_word' id='word_1_329' title='bbox 1959 3363 2056 3416; x_wconf 74' lang='grc' dir='ltr'>ἐπὶ</span> 
     </span>
    </p>
   </div>
   <div class='ocr_carea' id='block_1_44' title="bbox 475 3447 2059 3518">
    <p class='ocr_par' dir='ltr' id='par_1_44' title="bbox 475 3447 2059 3518">
     <span class='ocr_line' id='line_1_44' title="bbox 475 3447 2059 3518; baseline -0.001 -16"><span class='ocrx_word' id='word_1_330' title='bbox 475 3449 544 3502; x_wconf 83' lang='grc' dir='ltr'>τὸ</span> <span class='ocrx_word' id='word_1_331' title='bbox 576 3449 722 3502; x_wconf 81' lang='grc' dir='ltr'>αὐτὸ</span> <span class='ocrx_word' id='word_1_332' title='bbox 746 3451 898 3502; x_wconf 87' lang='grc' dir='ltr'>κατὰ</span> <span class='ocrx_word' id='word_1_333' title='bbox 925 3449 1032 3504; x_wconf 89' lang='grc' dir='ltr'>τοῦ</span> <span class='ocrx_word' id='word_1_334' title='bbox 1070 3451 1322 3518; x_wconf 82' lang='grc' dir='ltr'>Κυρίου.</span> <span class='ocrx_word' id='word_1_335' title='bbox 1356 3450 1452 3504; x_wconf 83' lang='grc' dir='ltr'>καί</span> <span class='ocrx_word' id='word_1_336' title='bbox 1485 3449 1636 3502; x_wconf 85' lang='grc' dir='ltr'>κατὰ</span> <span class='ocrx_word' id='word_1_337' title='bbox 1671 3447 1777 3502; x_wconf 88' lang='grc' dir='ltr'>τοῦ</span> <span class='ocrx_word' id='word_1_338' title='bbox 1801 3447 2059 3515; x_wconf 80' lang='grc' dir='ltr'>Χριστοῦ</span> 
     </span>
    </p>
   </div>
   <div class='ocr_carea' id='block_1_45' title="bbox 477 3531 2058 3605">
    <p class='ocr_par' dir='ltr' id='par_1_45' title="bbox 477 3531 2058 3605">
     <span class='ocr_line' id='line_1_45' title="bbox 477 3531 2058 3605; baseline -0.001 -19"><span class='ocrx_word' id='word_1_339' title='bbox 477 3531 684 3586; x_wconf 83' lang='grc' dir='ltr'>αὑτοῦ.</span> <span class='ocrx_word' id='word_1_340' title='bbox 731 3531 998 3605; x_wconf 84' lang='grc' dir='ltr'>Καθάπερ</span> <span class='ocrx_word' id='word_1_341' title='bbox 1045 3533 1316 3604; x_wconf 80' lang='grc' dir='ltr'>συνθήκας</span> <span class='ocrx_word' id='word_1_342' title='bbox 1356 3531 1715 3595; x_wconf 82' lang='grc' dir='ltr'>ἀπαιτοῦντες</span> <span class='ocrx_word' id='word_1_343' title='bbox 1752 3531 1843 3585; x_wconf 81' lang='grc' dir='ltr'>τὸν</span> <span class='ocrx_word' id='word_1_344' title='bbox 1886 3531 2018 3585; x_wconf 78' lang='grc' dir='ltr'>Θεὸν</span> <span class='ocrx_word' id='word_1_345' title='bbox 2043 3571 2058 3595; x_wconf 93' lang='grc'>,</span> 
     </span>
    </p>
   </div>
   <div class='ocr_carea' id='block_1_46' title="bbox 477 3614 2060 3687">
    <p class='ocr_par' dir='ltr' id='par_1_46' title="bbox 477 3614 2060 3687">
     <span class='ocr_line' id='line_1_46' title="bbox 477 3614 2060 3687; baseline -0.001 -19"><span class='ocrx_word' id='word_1_346' title='bbox 477 3614 576 3686; x_wconf 78' lang='grc' dir='ltr'>τὴν</span> <span class='ocrx_word' id='word_1_347' title='bbox 605 3616 940 3687; x_wconf 79' lang='grc' dir='ltr'>προφητείαν</span> <span class='ocrx_word' id='word_1_348' title='bbox 974 3617 1054 3680; x_wconf 86' lang='grc' dir='ltr'>είς</span> <span class='ocrx_word' id='word_1_349' title='bbox 1083 3616 1246 3685; x_wconf 83' lang='grc' dir='ltr'>μέσον</span> <span class='ocrx_word' id='word_1_350' title='bbox 1280 3618 1523 3685; x_wconf 81' lang='grc' dir='ltr'>ἄγουσιν,</span> <span class='ocrx_word' id='word_1_351' title='bbox 1556 3615 1672 3686; x_wconf 79' lang='grc' dir='ltr'>ἅμα</span> <span class='ocrx_word' id='word_1_352' title='bbox 1711 3614 1807 3669; x_wconf 78' lang='grc' dir='ltr'>καὶ</span> <span class='ocrx_word' id='word_1_353' title='bbox 1835 3614 2060 3679; x_wconf 75' lang='grc' dir='ltr'>ἑαυτοὺς</span> 
     </span>
    </p>
   </div>
   <div class='ocr_carea' id='block_1_47' title="bbox 480 3697 2061 3772">
    <p class='ocr_par' dir='ltr' id='par_1_47' title="bbox 480 3697 2061 3772">
     <span class='ocr_line' id='line_1_47' title="bbox 480 3697 2061 3772; baseline -0.001 -20"><span class='ocrx_word' id='word_1_354' title='bbox 480 3699 994 3772; x_wconf 83' lang='grc' dir='ltr'>παραμυθούμενοι,</span> <span class='ocrx_word' id='word_1_355' title='bbox 1058 3701 1140 3754; x_wconf 84' lang='grc' dir='ltr'>ὅτι</span> <span class='ocrx_word' id='word_1_356' title='bbox 1198 3700 1321 3770; x_wconf 88' lang='grc' dir='ltr'>εἰκῆ</span> <span class='ocrx_word' id='word_1_357' title='bbox 1384 3699 1600 3753; x_wconf 75' lang='grc' dir='ltr'>ἅπαντα</span> <span class='ocrx_word' id='word_1_358' title='bbox 1658 3697 1954 3769; x_wconf 84' lang='grc' dir='ltr'>μελετῶσιν</span> <span class='ocrx_word' id='word_1_359' title='bbox 2011 3698 2061 3750; x_wconf 82' lang='grc' dir='ltr'>οἱ</span> 
     </span>
    </p>
   </div>
   <div class='ocr_carea' id='block_1_48' title="bbox 478 3778 2062 3855">
    <p class='ocr_par' dir='ltr' id='par_1_48' title="bbox 478 3778 2062 3855">
     <span class='ocr_line' id='line_1_48' title="bbox 478 3778 2062 3855; baseline -0.001 -21"><span class='ocrx_word' id='word_1_360' title='bbox 478 3782 761 3855; x_wconf 76' lang='grc' dir='ltr'>ἐχθροί.“0</span> <span class='ocrx_word' id='word_1_361' title='bbox 786 3778 879 3836; x_wconf 79' lang='grc' dir='ltr'>οῦν</span> <span class='ocrx_word' id='word_1_362' title='bbox 905 3780 1145 3852; x_wconf 89' lang='grc' dir='ltr'>λέγουσι,</span> <span class='ocrx_word' id='word_1_363' title='bbox 1172 3782 1332 3836; x_wconf 85' lang='grc' dir='ltr'>τοῦτό</span> <span class='ocrx_word' id='word_1_364' title='bbox 1359 3784 1526 3836; x_wconf 87' lang='grc' dir='ltr'>ἐστιν·</span> <span class='ocrx_word' id='word_1_365' title='bbox 1557 3783 1771 3836; x_wconf 87' lang='grc' dir='ltr'>Ἐκεῖνα</span> <span class='ocrx_word' id='word_1_366' title='bbox 1789 3782 1870 3845; x_wconf 87' lang='grc' dir='ltr'>είς</span> <span class='ocrx_word' id='word_1_367' title='bbox 1889 3780 2062 3852; x_wconf 87' lang='grc' dir='ltr'>πέρας</span> 
     </span>
    </p>
   </div>
   <div class='ocr_carea' id='block_1_49' title="bbox 480 3861 2062 3938">
    <p class='ocr_par' dir='ltr' id='par_1_49' title="bbox 480 3861 2062 3938">
     <span class='ocr_line' id='line_1_49' title="bbox 480 3861 2062 3938; baseline -0.003 -17"><span class='ocrx_word' id='word_1_368' title='bbox 480 3867 675 3934; x_wconf 73' lang='grc' dir='ltr'>ἄγαγε,</span> <span class='ocrx_word' id='word_1_369' title='bbox 716 3867 812 3920; x_wconf 72' lang='grc' dir='ltr'>καὶ</span> <span class='ocrx_word' id='word_1_370' title='bbox 839 3867 1031 3934; x_wconf 81' lang='grc' dir='ltr'>δεῖξον,</span> <span class='ocrx_word' id='word_1_371' title='bbox 1065 3867 1146 3920; x_wconf 85' lang='grc' dir='ltr'>ὅτι</span> <span class='ocrx_word' id='word_1_372' title='bbox 1178 3865 1311 3920; x_wconf 81' lang='grc' dir='ltr'>κενά</span> <span class='ocrx_word' id='word_1_373' title='bbox 1347 3867 1703 3938; x_wconf 82' lang='grc' dir='ltr'>ἐμελέτησαν.</span> <span class='ocrx_word' id='word_1_374' title='bbox 1747 3861 2062 3932; x_wconf 77' lang='grc' dir='ltr'>Συνήχθη-</span> 
     </span>
    </p>
   </div>
   <div class='ocr_carea' id='block_1_50' title="bbox 480 3946 2064 4021">
    <p class='ocr_par' dir='ltr' id='par_1_50' title="bbox 480 3946 2064 4021">
     <span class='ocr_line' id='line_1_50' title="bbox 480 3946 2064 4021; baseline -0.003 -17"><span class='ocrx_word' id='word_1_375' title='bbox 480 3964 604 4004; x_wconf 87' lang='grc' dir='ltr'>σαν</span> <span class='ocrx_word' id='word_1_376' title='bbox 631 3951 741 4021; x_wconf 72' lang='grc' dir='ltr'>γὰρ</span> <span class='ocrx_word' id='word_1_377' title='bbox 773 3950 866 4004; x_wconf 83' lang='grc' dir='ltr'>ἐπ’</span> <span class='ocrx_word' id='word_1_378' title='bbox 895 3951 1180 4020; x_wconf 86' lang='grc' dir='ltr'>ἀληθείας</span> <span class='ocrx_word' id='word_1_379' title='bbox 1211 3951 1280 4004; x_wconf 83' lang='grc' dir='ltr'>ἐν</span> <span class='ocrx_word' id='word_1_380' title='bbox 1319 3949 1392 4018; x_wconf 81' lang='grc' dir='ltr'>τῇ</span> <span class='ocrx_word' id='word_1_381' title='bbox 1421 3953 1593 4005; x_wconf 82' lang='grc' dir='ltr'>πόλει</span> <span class='ocrx_word' id='word_1_382' title='bbox 1615 3951 1798 4017; x_wconf 78' lang='grc' dir='ltr'>ταύτῃ</span> <span class='ocrx_word' id='word_1_383' title='bbox 1829 3947 1929 4002; x_wconf 78' lang='grc' dir='ltr'>ἐπὶ</span> <span class='ocrx_word' id='word_1_384' title='bbox 1957 3946 2064 4000; x_wconf 84' lang='grc' dir='ltr'>τὸν</span> 
     </span>
    </p>
   </div>
   <div class='ocr_carea' id='block_1_51' title="bbox 481 4030 2066 4106">
    <p class='ocr_par' dir='ltr' id='par_1_51' title="bbox 481 4030 2066 4106">
     <span class='ocr_line' id='line_1_51' title="bbox 481 4030 2066 4106; baseline -0.004 -16"><span class='ocrx_word' id='word_1_385' title='bbox 481 4035 652 4106; x_wconf 78' lang='grc' dir='ltr'>ἅγιον</span> <span class='ocrx_word' id='word_1_386' title='bbox 683 4033 872 4090; x_wconf 85' lang='grc' dir='ltr'>Παῐδά</span> <span class='ocrx_word' id='word_1_387' title='bbox 898 4051 1013 4090; x_wconf 87' lang='grc' dir='ltr'>σου</span> <span class='ocrx_word' id='word_1_388' title='bbox 1063 4034 1332 4102; x_wconf 86' lang='grc' dir='ltr'>Ἰησοῦν,</span> <span class='ocrx_word' id='word_1_389' title='bbox 1373 4034 1445 4088; x_wconf 86' lang='grc' dir='ltr'>ὃν</span> <span class='ocrx_word' id='word_1_390' title='bbox 1470 4037 1728 4105; x_wconf 79' lang='grc' dir='ltr'>ἔχρισας</span> <span class='ocrx_word' id='word_1_391' title='bbox 1749 4073 1765 4096; x_wconf 96' lang='grc'>,</span> <span class='ocrx_word' id='word_1_392' title='bbox 1806 4030 2066 4101; x_wconf 82' lang='grc' dir='ltr'>Ἡρώδης</span> 
     </span>
    </p>
   </div>
   <div class='ocr_carea' id='block_1_52' title="bbox 482 4113 2066 4186">
    <p class='ocr_par' dir='ltr' id='par_1_52' title="bbox 482 4113 2066 4186">
     <span class='ocr_line' id='line_1_52' title="bbox 482 4113 2066 4186; baseline -0.005 -12"><span class='ocrx_word' id='word_1_393' title='bbox 482 4136 546 4174; x_wconf 85' lang='grc' dir='ltr'>τε</span> <span class='ocrx_word' id='word_1_394' title='bbox 591 4120 690 4173; x_wconf 86' lang='grc' dir='ltr'>καί</span> <span class='ocrx_word' id='word_1_395' title='bbox 749 4122 1000 4186; x_wconf 87' lang='grc' dir='ltr'>Πόντιος</span> <span class='ocrx_word' id='word_1_396' title='bbox 1034 4113 1290 4185; x_wconf 76' lang='grc' dir='ltr'>Πιλᾶτος·</span> <span class='ocrx_word' id='word_1_397' title='bbox 1329 4119 1452 4172; x_wconf 86' lang='grc' dir='ltr'>σὺν</span> <span class='ocrx_word' id='word_1_398' title='bbox 1509 4119 1712 4172; x_wconf 80' lang='grc' dir='ltr'>ἔθνεσι</span> <span class='ocrx_word' id='word_1_399' title='bbox 1742 4115 1841 4168; x_wconf 87' lang='grc' dir='ltr'>καί</span> <span class='ocrx_word' id='word_1_400' title='bbox 1893 4113 2066 4178; x_wconf 84' lang='grc' dir='ltr'>λαοῖς</span> 
     </span>
    </p>
   </div>
   <div class='ocr_carea' id='block_1_53' title="bbox 492 4195 2062 4274">
    <p class='ocr_par' dir='ltr' id='par_1_53' title="bbox 492 4195 2062 4274">
     <span class='ocr_line' id='line_1_53' title="bbox 492 4195 2062 4274; baseline -0.004 -16"><span class='ocrx_word' id='word_1_401' title='bbox 492 4203 757 4274; x_wconf 81' lang='grc' dir='ltr'>Ἰσραὴλ,</span> <span class='ocrx_word' id='word_1_402' title='bbox 788 4201 1033 4274; x_wconf 80' lang='grc' dir='ltr'>ποιῆσαι</span> <span class='ocrx_word' id='word_1_403' title='bbox 1069 4203 1187 4257; x_wconf 86' lang='grc' dir='ltr'>ὅσα</span> <span class='ocrx_word' id='word_1_404' title='bbox 1240 4203 1277 4269; x_wconf 74' lang='grc' dir='ltr'><strong>ἡ</strong></span> <span class='ocrx_word' id='word_1_405' title='bbox 1312 4203 1442 4269; x_wconf 86' lang='grc' dir='ltr'>χείρ</span> <span class='ocrx_word' id='word_1_406' title='bbox 1490 4215 1606 4254; x_wconf 89' lang='grc' dir='ltr'>σου</span> <span class='ocrx_word' id='word_1_407' title='bbox 1636 4199 1734 4253; x_wconf 84' lang='grc' dir='ltr'>καί</span> <span class='ocrx_word' id='word_1_408' title='bbox 1781 4199 1820 4268; x_wconf 72' lang='grc' dir='ltr'><strong><em>ἡ</em></strong></span> <span class='ocrx_word' id='word_1_409' title='bbox 1858 4195 2062 4266; x_wconf 75' lang='grc' dir='ltr'>,ϐουλή</span> 
     </span>
    </p>
   </div>
   <div class='ocr_carea' id='block_1_54' title="bbox 483 4279 2067 4356">
    <p class='ocr_par' dir='ltr' id='par_1_54' title="bbox 483 4279 2067 4356">
     <span class='ocr_line' id='line_1_54' title="bbox 483 4279 2067 4356; baseline -0.004 -16"><span class='ocrx_word' id='word_1_410' title='bbox 483 4304 600 4341; x_wconf 87' lang='grc' dir='ltr'>σου</span> <span class='ocrx_word' id='word_1_411' title='bbox 626 4287 918 4356; x_wconf 82' lang='grc' dir='ltr'>προώρισε</span> <span class='ocrx_word' id='word_1_412' title='bbox 945 4285 1244 4354; x_wconf 80' lang='grc' dir='ltr'>γενέσθαι.</span> <span class='ocrx_word' id='word_1_413' title='bbox 1276 4283 1384 4338; x_wconf 81' lang='grc' dir='ltr'>Καὶ</span> <span class='ocrx_word' id='word_1_414' title='bbox 1414 4283 1484 4336; x_wconf 84' lang='grc' dir='ltr'>τὰ</span> <span class='ocrx_word' id='word_1_415' title='bbox 1511 4282 1646 4346; x_wconf 84' lang='grc' dir='ltr'>νῦν,</span> <span class='ocrx_word' id='word_1_416' title='bbox 1674 4281 1868 4348; x_wconf 82' lang='grc' dir='ltr'>Κύριε,</span> <span class='ocrx_word' id='word_1_417' title='bbox 1899 4279 2067 4334; x_wconf 77' lang='grc' dir='ltr'>ἔπιδε</span> 
     </span>
    </p>
   </div>
   <div class='ocr_carea' id='block_1_55' title="bbox 483 4363 2063 4436">
    <p class='ocr_par' dir='ltr' id='par_1_55' title="bbox 483 4363 2063 4436">
     <span class='ocr_line' id='line_1_55' title="bbox 483 4363 2063 4436; baseline -0.005 -12"><span class='ocrx_word' id='word_1_418' title='bbox 483 4371 582 4424; x_wconf 78' lang='grc' dir='ltr'>ἐπὶ</span> <span class='ocrx_word' id='word_1_419' title='bbox 615 4371 721 4436; x_wconf 82' lang='grc' dir='ltr'>τὰς</span> <span class='ocrx_word' id='word_1_420' title='bbox 767 4369 1018 4433; x_wconf 85' lang='grc' dir='ltr'>ἀπειλὰς</span> <span class='ocrx_word' id='word_1_421' title='bbox 1049 4367 1266 4423; x_wconf 83' lang='grc' dir='ltr'>αὐτῶν.</span> <span class='ocrx_word' id='word_1_422' title='bbox 1319 4367 1532 4436; x_wconf 67' lang='grc' dir='ltr'>Ὀρᾷςδ</span> <span class='ocrx_word' id='word_1_423' title='bbox 1575 4365 1674 4435; x_wconf 82' lang='grc' dir='ltr'>τὴν</span> <span class='ocrx_word' id='word_1_424' title='bbox 1725 4363 2063 4434; x_wconf 81' lang='grc' dir='ltr'>φιλοσοφίαν,</span> 
     </span>
    </p>
   </div>
   <div class='ocr_carea' id='block_1_56' title="bbox 486 4447 2067 4522">
    <p class='ocr_par' dir='ltr' id='par_1_56' title="bbox 486 4447 2067 4522">
     <span class='ocr_line' id='line_1_56' title="bbox 486 4447 2067 4522; baseline -0.004 -14"><span class='ocrx_word' id='word_1_425' title='bbox 486 4455 579 4508; x_wconf 63' lang='grc' dir='ltr'>καλ⁵</span> <span class='ocrx_word' id='word_1_426' title='bbox 598 4454 714 4518; x_wconf 90' lang='grc' dir='ltr'>πῶς</span> <span class='ocrx_word' id='word_1_427' title='bbox 739 4453 859 4522; x_wconf 66' lang='grc' dir='ltr'>οὐχὶ</span> <span class='ocrx_word' id='word_1_428' title='bbox 892 4451 1298 4522; x_wconf 83' lang='grc' dir='ltr'>καταρωμένων</span> <span class='ocrx_word' id='word_1_429' title='bbox 1330 4451 1448 4503; x_wconf 73' lang='grc' dir='ltr'>ἐστὶ</span> <span class='ocrx_word' id='word_1_430' title='bbox 1479 4449 1686 4515; x_wconf 87' lang='grc' dir='ltr'>ταῦτα;</span> <span class='ocrx_word' id='word_1_431' title='bbox 1724 4449 1838 4503; x_wconf 84' lang='grc' dir='ltr'>Οὐκ</span> <span class='ocrx_word' id='word_1_432' title='bbox 1863 4447 2067 4516; x_wconf 76' lang='grc' dir='ltr'>ἔθηκαν</span> 
     </span>
    </p>
   </div>
   <div class='ocr_carea' id='block_1_57' title="bbox 484 4531 2068 4603">
    <p class='ocr_par' dir='ltr' id='par_1_57' title="bbox 484 4531 2068 4603">
     <span class='ocr_line' id='line_1_57' title="bbox 484 4531 2068 4603; baseline -0.006 -10"><span class='ocrx_word' id='word_1_433' title='bbox 484 4539 542 4594; x_wconf 76' lang='grc' dir='ltr'>δέ</span> <span class='ocrx_word' id='word_1_434' title='bbox 570 4537 669 4601; x_wconf 77' lang='grc' dir='ltr'>τὰς</span> <span class='ocrx_word' id='word_1_435' title='bbox 697 4535 926 4598; x_wconf 83' lang='grc' dir='ltr'>ἀπειλὰς</span> <span class='ocrx_word' id='word_1_436' title='bbox 960 4534 1162 4598; x_wconf 88' lang='grc' dir='ltr'>ἱδικῶς,</span> <span class='ocrx_word' id='word_1_437' title='bbox 1195 4533 1309 4587; x_wconf 88' lang='grc' dir='ltr'>ἀλλ’</span> <span class='ocrx_word' id='word_1_438' title='bbox 1334 4535 1416 4588; x_wconf 77' lang='grc' dir='ltr'>ὅτι</span> <span class='ocrx_word' id='word_1_439' title='bbox 1450 4533 1754 4603; x_wconf 76' lang='grc' dir='ltr'>ἠπείλησαν</span> <span class='ocrx_word' id='word_1_440' title='bbox 1791 4532 1951 4602; x_wconf 88' lang='grc' dir='ltr'>μόνον</span> <span class='ocrx_word' id='word_1_441' title='bbox 1984 4531 2068 4584; x_wconf 76' lang='grc' dir='ltr'>λέο</span> 
     </span>
    </p>
   </div>
   <div class='ocr_carea' id='block_1_58' title="bbox 488 4615 2065 4690">
    <p class='ocr_par' dir='ltr' id='par_1_58' title="bbox 488 4615 2065 4690">
     <span class='ocr_line' id='line_1_58' title="bbox 488 4615 2065 4690; baseline -0.004 -15"><span class='ocrx_word' id='word_1_442' title='bbox 488 4639 707 4690; x_wconf 88' lang='grc' dir='ltr'>γουσιν·</span> <span class='ocrx_word' id='word_1_443' title='bbox 743 4618 1099 4689; x_wconf 82' lang='grc' dir='ltr'>ἐπιτέμνεται</span> <span class='ocrx_word' id='word_1_444' title='bbox 1134 4618 1244 4687; x_wconf 88' lang='grc' dir='ltr'>γὰρ</span> <span class='ocrx_word' id='word_1_445' title='bbox 1287 4619 1316 4671; x_wconf 80' lang='grc' dir='ltr'><strong>ὁ</strong></span> <span class='ocrx_word' id='word_1_446' title='bbox 1365 4617 1714 4688; x_wconf 83' lang='grc' dir='ltr'>συγγραφεὺς</span> <span class='ocrx_word' id='word_1_447' title='bbox 1753 4615 1845 4668; x_wconf 75' lang='grc' dir='ltr'>τὸν</span> <span class='ocrx_word' id='word_1_448' title='bbox 1889 4615 2065 4683; x_wconf 87' lang='grc' dir='ltr'>λόγον.</span> 
     </span>
    </p>
   </div>
   <div class='ocr_carea' id='block_1_59' title="bbox 487 4699 2067 4780">
    <p class='ocr_par' dir='ltr' id='par_1_59' title="bbox 487 4699 2067 4780">
     <span class='ocr_line' id='line_1_59' title="bbox 487 4699 2067 4780; baseline -0.007 -18"><span class='ocrx_word' id='word_1_449' title='bbox 487 4708 600 4762; x_wconf 71' lang='grc' dir='ltr'>Καὶ</span> <span class='ocrx_word' id='word_1_450' title='bbox 629 4708 729 4780; x_wconf 82' lang='grc' dir='ltr'>ὅρα</span> <span class='ocrx_word' id='word_1_451' title='bbox 751 4724 764 4739; x_wconf 92' lang='grc'><strong>·</strong></span> <span class='ocrx_word' id='word_1_452' title='bbox 789 4706 888 4759; x_wconf 76' lang='grc' dir='ltr'>οὐκ</span> <span class='ocrx_word' id='word_1_453' title='bbox 923 4701 1096 4769; x_wconf 75' lang='grc' dir='ltr'>εἶπον,</span> <span class='ocrx_word' id='word_1_454' title='bbox 1128 4702 1324 4768; x_wconf 81' lang='grc' dir='ltr'>-Ῥάξον</span> <span class='ocrx_word' id='word_1_455' title='bbox 1354 4703 1386 4742; x_wconf 66' lang='grc' dir='ltr'>ι)</span> <span class='ocrx_word' id='word_1_456' title='bbox 1409 4703 1627 4764; x_wconf 80' lang='grc' dir='ltr'>αὐτοὺς,</span> <span class='ocrx_word' id='word_1_457' title='bbox 1659 4700 1936 4755; x_wconf 81' lang='grc' dir='ltr'>κατάϐαλε</span> <span class='ocrx_word' id='word_1_458' title='bbox 1967 4699 2067 4753; x_wconf 84' lang='grc' dir='ltr'>αὑ-</span> 
     </span>
    </p>
   </div>
   <div class='ocr_carea' id='block_1_60' title="bbox 484 4783 2072 4854">
    <p class='ocr_par' dir='ltr' id='par_1_60' title="bbox 484 4783 2072 4854">
     <span class='ocr_line' id='line_1_60' title="bbox 484 4783 2072 4854; baseline -0.005 -10"><span class='ocrx_word' id='word_1_459' title='bbox 484 4792 612 4854; x_wconf 84' lang='grc' dir='ltr'>τοὺς</span> <span class='ocrx_word' id='word_1_460' title='bbox 630 4805 645 4820; x_wconf 86' lang='grc'>⁶</span> <span class='ocrx_word' id='word_1_461' title='bbox 676 4789 812 4842; x_wconf 86' lang='grc' dir='ltr'>ἀλλά</span> <span class='ocrx_word' id='word_1_462' title='bbox 831 4789 884 4842; x_wconf 89' lang='grc' dir='ltr'>τί</span> <span class='ocrx_word' id='word_1_463' title='bbox 908 4806 922 4853; x_wconf 90' lang='lat'><strong>;</strong></span> <span class='ocrx_word' id='word_1_464' title='bbox 945 4789 1054 4842; x_wconf 81' lang='grc' dir='ltr'>Καὶ</span> <span class='ocrx_word' id='word_1_465' title='bbox 1075 4787 1181 4853; x_wconf 87' lang='grc' dir='ltr'>δὸς</span> <span class='ocrx_word' id='word_1_466' title='bbox 1206 4786 1329 4852; x_wconf 80' lang='grc' dir='ltr'>τοῖς</span> <span class='ocrx_word' id='word_1_467' title='bbox 1351 4785 1593 4850; x_wconf 81' lang='grc' dir='ltr'>δούλοις</span> <span class='ocrx_word' id='word_1_468' title='bbox 1616 4799 1732 4838; x_wconf 90' lang='grc' dir='ltr'>σου</span> <span class='ocrx_word' id='word_1_469' title='bbox 1756 4783 1906 4852; x_wconf 79' lang='grc' dir='ltr'>μετὰ</span> <span class='ocrx_word' id='word_1_470' title='bbox 1927 4784 2072 4851; x_wconf 73' lang='grc' dir='ltr'>παρο</span> 
     </span>
    </p>
   </div>
   <div class='ocr_carea' id='block_1_61' title="bbox 482 4855 2072 4942">
    <p class='ocr_par' dir='ltr' id='par_1_61' title="bbox 482 4855 2072 4942">
     <span class='ocr_line' id='line_1_61' title="bbox 482 4855 2072 4942; baseline -0.005 -15"><span class='ocrx_word' id='word_1_471' title='bbox 482 4874 704 4941; x_wconf 82' lang='grc' dir='ltr'>ῥησίας</span> <span class='ocrx_word' id='word_1_472' title='bbox 749 4873 955 4942; x_wconf 84' lang='grc' dir='ltr'>πάσης</span> <span class='ocrx_word' id='word_1_473' title='bbox 987 4871 1199 4926; x_wconf 83' lang='grc' dir='ltr'>λαλεῖν</span> <span class='ocrx_word' id='word_1_474' title='bbox 1225 4869 1332 4924; x_wconf 89' lang='grc' dir='ltr'>τὸν</span> <span class='ocrx_word' id='word_1_475' title='bbox 1358 4870 1545 4938; x_wconf 76' lang='grc' dir='ltr'>λόγον</span> <span class='ocrx_word' id='word_1_476' title='bbox 1577 4855 1715 4924; x_wconf 75' lang='grc' dir='ltr'>σου.</span> <span class='ocrx_word' id='word_1_477' title='bbox 1747 4866 1904 4922; x_wconf 83' lang='grc' dir='ltr'>υῦτω</span> <span class='ocrx_word' id='word_1_478' title='bbox 1939 4884 2072 4937; x_wconf 85' lang='grc' dir='ltr'>μαν-</span> 
     </span>
    </p>
   </div>
   <div class='ocr_carea' id='block_1_62' title="bbox 489 4952 2069 5029">
    <p class='ocr_par' dir='ltr' id='par_1_62' title="bbox 489 4952 2069 5029">
     <span class='ocr_line' id='line_1_62' title="bbox 489 4952 2069 5029; baseline -0.004 -17"><span class='ocrx_word' id='word_1_479' title='bbox 489 4959 739 5029; x_wconf 79' lang='grc' dir='ltr'>θάνωμεν</span> <span class='ocrx_word' id='word_1_480' title='bbox 770 4955 1022 5027; x_wconf 71' lang='grc' dir='ltr'>εὔχεσθαι</span> <span class='ocrx_word' id='word_1_481' title='bbox 1067 4957 1162 5010; x_wconf 70' lang='grc' dir='ltr'>καὶ</span> <span class='ocrx_word' id='word_1_482' title='bbox 1201 4953 1313 5024; x_wconf 84' lang='grc'>190]</span> <span class='ocrx_word' id='word_1_483' title='bbox 1356 4955 1536 5024; x_wconf 81' lang='grc' dir='ltr'>ἡμεῖς.</span> <span class='ocrx_word' id='word_1_484' title='bbox 1582 4953 1773 5006; x_wconf 83' lang='grc' dir='ltr'>Καίτοι</span> <span class='ocrx_word' id='word_1_485' title='bbox 1812 4968 1876 5020; x_wconf 86' lang='grc' dir='ltr'>γε</span> <span class='ocrx_word' id='word_1_486' title='bbox 1904 4952 2069 5006; x_wconf 87' lang='grc' dir='ltr'>πόσου</span> 
     </span>
    </p>
   </div>
   <div class='ocr_carea' id='block_1_63' title="bbox 489 5033 2072 5110">
    <p class='ocr_par' dir='ltr' id='par_1_63' title="bbox 489 5033 2072 5110">
     <span class='ocr_line' id='line_1_63' title="bbox 489 5033 2072 5110; baseline -0.004 -16"><span class='ocrx_word' id='word_1_487' title='bbox 489 5041 589 5094; x_wconf 77' lang='grc' dir='ltr'>οὐκ</span> <span class='ocrx_word' id='word_1_488' title='bbox 610 5045 674 5097; x_wconf 85' lang='grc' dir='ltr'>ἄν</span> <span class='ocrx_word' id='word_1_489' title='bbox 705 5060 791 5105; x_wconf 83' lang='grc' dir='ltr'>τις</span> <span class='ocrx_word' id='word_1_490' title='bbox 833 5038 1172 5110; x_wconf 82' lang='grc' dir='ltr'>ἐμπλησθείη</span> <span class='ocrx_word' id='word_1_491' title='bbox 1222 5036 1417 5108; x_wconf 89' lang='grc' dir='ltr'>θυμοῦ,</span> <span class='ocrx_word' id='word_1_492' title='bbox 1447 5038 1524 5100; x_wconf 83' lang='grc' dir='ltr'>εἰς</span> <span class='ocrx_word' id='word_1_493' title='bbox 1581 5036 1781 5106; x_wconf 80' lang='grc' dir='ltr'>ἄνδρας</span> <span class='ocrx_word' id='word_1_494' title='bbox 1813 5033 2072 5105; x_wconf 84' lang='grc' dir='ltr'>ἐμπεσὼν</span> 
     </span>
    </p>
   </div>
   <div class='ocr_carea' id='block_1_64' title="bbox 492 5117 2070 5196">
    <p class='ocr_par' dir='ltr' id='par_1_64' title="bbox 492 5117 2070 5196">
     <span class='ocr_line' id='line_1_64' title="bbox 492 5117 2070 5196; baseline -0.004 -20"><span class='ocrx_word' id='word_1_495' title='bbox 492 5125 698 5178; x_wconf 84' lang='grc' dir='ltr'>ἀνελεῖν</span> <span class='ocrx_word' id='word_1_496' title='bbox 726 5124 886 5180; x_wconf 74' lang='grc' dir='ltr'>αὑτὸν</span> <span class='ocrx_word' id='word_1_497' title='bbox 911 5121 1343 5196; x_wconf 84' lang='grc' dir='ltr'>ἐπιχειροῦντας,</span> <span class='ocrx_word' id='word_1_498' title='bbox 1385 5120 1479 5175; x_wconf 71' lang='grc' dir='ltr'>καὶ</span> <span class='ocrx_word' id='word_1_499' title='bbox 1507 5119 1865 5181; x_wconf 87' lang='grc' dir='ltr'>ἀπειλοῦντας</span> <span class='ocrx_word' id='word_1_500' title='bbox 1886 5117 2070 5172; x_wconf 88' lang='grc' dir='ltr'>τοιαῦ-</span> 
     </span>
    </p>
   </div>
   <div class='ocr_carea' id='block_1_65' title="bbox 491 5205 2071 5282">
    <p class='ocr_par' dir='ltr' id='par_1_65' title="bbox 491 5205 2071 5282">
     <span class='ocr_line' id='line_1_65' title="bbox 491 5205 2071 5282; baseline -0.003 -20"><span class='ocrx_word' id='word_1_501' title='bbox 491 5228 594 5273; x_wconf 86' lang='grc' dir='ltr'>τα;</span> <span class='ocrx_word' id='word_1_502' title='bbox 626 5213 796 5282; x_wconf 80' lang='grc' dir='ltr'>πόσης</span> <span class='ocrx_word' id='word_1_503' title='bbox 824 5214 923 5266; x_wconf 82' lang='grc' dir='ltr'>οὐκ</span> <span class='ocrx_word' id='word_1_504' title='bbox 969 5211 1034 5265; x_wconf 86' lang='grc' dir='ltr'>ἂν</span> <span class='ocrx_word' id='word_1_505' title='bbox 1075 5210 1368 5282; x_wconf 77' lang='grc' dir='ltr'>ἀπεχθείας</span> <span class='ocrx_word' id='word_1_506' title='bbox 1417 5205 1762 5279; x_wconf 81' lang='grc' dir='ltr'>πληρωθείη;</span> <span class='ocrx_word' id='word_1_507' title='bbox 1801 5205 1940 5259; x_wconf 89' lang='grc' dir='ltr'>Ἀλλ’</span> <span class='ocrx_word' id='word_1_508' title='bbox 1973 5205 2071 5276; x_wconf 82' lang='grc' dir='ltr'>οὐχ</span> 
     </span>
    </p>
   </div>
   <div class='ocr_carea' id='block_1_66' title="bbox 493 5290 2072 5362">
    <p class='ocr_par' dir='ltr' id='par_1_66' title="bbox 493 5290 2072 5362">
     <span class='ocr_line' id='line_1_66' title="bbox 493 5290 2072 5362; baseline -0.003 -16"><span class='ocrx_word' id='word_1_509' title='bbox 493 5296 540 5346; x_wconf 83' lang='grc' dir='ltr'>οἰ</span> <span class='ocrx_word' id='word_1_510' title='bbox 571 5292 714 5362; x_wconf 72' lang='grc' dir='ltr'>ἅγιοι</span> <span class='ocrx_word' id='word_1_511' title='bbox 743 5290 910 5347; x_wconf 77' lang='grc' dir='ltr'>οῦτοι.</span> <span class='ocrx_word' id='word_1_512' title='bbox 949 5297 1054 5348; x_wconf 82' lang='grc' dir='ltr'>Ἔν</span> <span class='ocrx_word' id='word_1_513' title='bbox 1074 5293 1154 5359; x_wconf 87' lang='grc' dir='ltr'>τῷ</span> <span class='ocrx_word' id='word_1_514' title='bbox 1186 5292 1300 5361; x_wconf 83' lang='grc' dir='ltr'>τὴν</span> <span class='ocrx_word' id='word_1_515' title='bbox 1323 5291 1490 5361; x_wconf 80' lang='grc' dir='ltr'>χεῖρά</span> <span class='ocrx_word' id='word_1_516' title='bbox 1522 5309 1638 5346; x_wconf 89' lang='grc' dir='ltr'>σου</span> <span class='ocrx_word' id='word_1_517' title='bbox 1661 5290 1952 5344; x_wconf 80' lang='grc' dir='ltr'>ἐκτείνειν</span> <span class='ocrx_word' id='word_1_518' title='bbox 1985 5291 2072 5354; x_wconf 80' lang='grc' dir='ltr'>εἰς</span> 
     </span>
    </p>
   </div>
   <div class='ocr_carea' id='block_1_67' title="bbox 497 5372 2073 5446">
    <p class='ocr_par' dir='ltr' id='par_1_67' title="bbox 497 5372 2073 5446">
     <span class='ocr_line' id='line_1_67' title="bbox 497 5372 2073 5446; baseline -0.003 -16"><span class='ocrx_word' id='word_1_519' title='bbox 497 5380 684 5442; x_wconf 73' lang='grc' dir='ltr'>ἴασιν,</span> <span class='ocrx_word' id='word_1_520' title='bbox 734 5377 832 5431; x_wconf 87' lang='grc' dir='ltr'>καί</span> <span class='ocrx_word' id='word_1_521' title='bbox 867 5377 1085 5445; x_wconf 79' lang='grc' dir='ltr'>σημεῖα</span> <span class='ocrx_word' id='word_1_522' title='bbox 1132 5377 1231 5432; x_wconf 82' lang='grc' dir='ltr'>καί</span> <span class='ocrx_word' id='word_1_523' title='bbox 1274 5374 1487 5441; x_wconf 84' lang='grc' dir='ltr'>τέρατα</span> <span class='ocrx_word' id='word_1_524' title='bbox 1515 5378 1784 5446; x_wconf 74' lang='grc' dir='ltr'>τίνεσθαι</span> <span class='ocrx_word' id='word_1_525' title='bbox 1825 5375 1921 5428; x_wconf 84' lang='grc' dir='ltr'>διὰ</span> <span class='ocrx_word' id='word_1_526' title='bbox 1965 5372 2073 5427; x_wconf 88' lang='grc' dir='ltr'>τοῦ</span> 
     </span>
    </p>
   </div>
   <div class='ocr_carea' id='block_1_68' title="bbox 495 5456 2074 5532">
    <p class='ocr_par' dir='ltr' id='par_1_68' title="bbox 495 5456 2074 5532">
     <span class='ocr_line' id='line_1_68' title="bbox 495 5456 2074 5532; baseline -0.005 -18"><span class='ocrx_word' id='word_1_527' title='bbox 495 5464 788 5532; x_wconf 67' lang='grc' dir='ltr'>ὀνόματος</span> <span class='ocrx_word' id='word_1_528' title='bbox 843 5459 954 5514; x_wconf 85' lang='grc' dir='ltr'>τοῦ</span> <span class='ocrx_word' id='word_1_529' title='bbox 982 5461 1154 5527; x_wconf 74' lang='grc' dir='ltr'>ἁγίου</span> <span class='ocrx_word' id='word_1_530' title='bbox 1201 5461 1418 5524; x_wconf 87' lang='grc' dir='ltr'>Παιδός</span> <span class='ocrx_word' id='word_1_531' title='bbox 1457 5475 1573 5514; x_wconf 88' lang='grc' dir='ltr'>σου</span> <span class='ocrx_word' id='word_1_532' title='bbox 1611 5457 1824 5526; x_wconf 86' lang='grc' dir='ltr'>Ἰησοῦ.</span> <span class='ocrx_word' id='word_1_533' title='bbox 1869 5458 1966 5509; x_wconf 76' lang='grc' dir='ltr'>’Ἂν</span> <span class='ocrx_word' id='word_1_534' title='bbox 2016 5456 2074 5507; x_wconf 90' lang='grc' dir='ltr'>ἐν</span> 
     </span>
    </p>
   </div>
   <div class='ocr_carea' id='block_1_69' title="bbox 496 5537 2073 5616">
    <p class='ocr_par' dir='ltr' id='par_1_69' title="bbox 496 5537 2073 5616">
     <span class='ocr_line' id='line_1_69' title="bbox 496 5537 2073 5616; baseline -0.006 -18"><span class='ocrx_word' id='word_1_535' title='bbox 621 5544 849 5615; x_wconf 85' lang='grc' dir='ltr'>ὀνόματι</span> <span class='ocrx_word' id='word_1_536' title='bbox 883 5543 1076 5613; x_wconf 82' lang='grc' dir='ltr'>ἐκείνῳ</span> <span class='ocrx_word' id='word_1_537' title='bbox 1112 5541 1370 5610; x_wconf 83' lang='grc' dir='ltr'>γίνωνται</span> <span class='ocrx_word' id='word_1_538' title='bbox 1407 5543 1462 5594; x_wconf 90' lang='grc' dir='ltr'>αἰ</span> <span class='ocrx_word' id='word_1_539' title='bbox 1512 5541 1819 5609; x_wconf 80' lang='grc' dir='ltr'>ἐνέργειαι,</span> <span class='ocrx_word' id='word_1_540' title='bbox 1863 5537 2073 5609; x_wconf 84' lang='grc' dir='ltr'>μεγάλη</span> 
     </span>
    </p>
   </div>
   <div class='ocr_carea' id='block_1_70' title="bbox 498 5620 2078 5699">
    <p class='ocr_par' dir='ltr' id='par_1_70' title="bbox 498 5620 2078 5699">
     <span class='ocr_line' id='line_1_70' title="bbox 498 5620 2078 5699; baseline -0.006 -16"><span class='ocrx_word' id='word_1_541' title='bbox 498 5631 649 5683; x_wconf 71' lang='grc' dir='ltr'>ἔσται</span> <span class='ocrx_word' id='word_1_542' title='bbox 672 5630 705 5699; x_wconf 82' lang='grc' dir='ltr'>ὴ</span> <span class='ocrx_word' id='word_1_543' title='bbox 731 5625 1032 5698; x_wconf 73' lang='grc' dir='ltr'>παρρησία,</span> <span class='ocrx_word' id='word_1_544' title='bbox 1057 5625 1209 5694; x_wconf 88' lang='grc' dir='ltr'>φησί.</span> <span class='ocrx_word' id='word_1_545' title='bbox 1239 5626 1575 5692; x_wconf 88' lang='grc' dir='ltr'>Δεηθέντων</span> <span class='ocrx_word' id='word_1_546' title='bbox 1599 5623 1667 5676; x_wconf 84' lang='grc' dir='ltr'>δὲ</span> <span class='ocrx_word' id='word_1_547' title='bbox 1698 5620 1914 5682; x_wconf 78' lang='grc' dir='ltr'>αὐτῶν,</span> <span class='ocrx_word' id='word_1_548' title='bbox 1942 5621 2078 5674; x_wconf 81' lang='grc' dir='ltr'>ἐσα-</span> 
     </span>
    </p>
   </div>
   <div class='ocr_carea' id='block_1_71' title="bbox 498 5703 2079 5782">
    <p class='ocr_par' dir='ltr' id='par_1_71' title="bbox 498 5703 2079 5782">
     <span class='ocr_line' id='line_1_71' title="bbox 498 5703 2079 5782; baseline -0.009 -14"><span class='ocrx_word' id='word_1_549' title='bbox 498 5716 684 5782; x_wconf 84' lang='grc' dir='ltr'>λεύθη</span> <span class='ocrx_word' id='word_1_550' title='bbox 708 5715 741 5768; x_wconf 87' lang='grc' dir='ltr'>ό</span> <span class='ocrx_word' id='word_1_551' title='bbox 771 5712 972 5776; x_wconf 76' lang='grc' dir='ltr'>τόπος,</span> <span class='ocrx_word' id='word_1_552' title='bbox 1006 5712 1075 5763; x_wconf 74' lang='grc' dir='ltr'>ἐν</span> <span class='ocrx_word' id='word_1_553' title='bbox 1103 5703 1148 5776; x_wconf 79' lang='grc' dir='ltr'><strong>ᾧ</strong></span> <span class='ocrx_word' id='word_1_554' title='bbox 1169 5705 1331 5780; x_wconf 83' lang='grc' dir='ltr'>ἦσαν</span> <span class='ocrx_word' id='word_1_555' title='bbox 1359 5706 1746 5776; x_wconf 64' lang='grc' dir='ltr'>συνηγμένοι.</span> <span class='ocrx_word' id='word_1_556' title='bbox 1785 5704 1891 5758; x_wconf 91' lang='grc' dir='ltr'>Τοῦ</span> <span class='ocrx_word' id='word_1_557' title='bbox 1915 5704 2079 5756; x_wconf 76' lang='grc' dir='ltr'>ἀκου-</span> 
     </span>
    </p>
   </div>
   <div class='ocr_carea' id='block_1_72' title="bbox 505 5787 2082 5871">
    <p class='ocr_par' dir='ltr' id='par_1_72' title="bbox 505 5787 2082 5871">
     <span class='ocr_line' id='line_1_72' title="bbox 505 5787 2082 5871; baseline -0.01 -17"><span class='ocrx_word' id='word_1_558' title='bbox 505 5799 693 5871; x_wconf 81' lang='grc' dir='ltr'>σθῆναι</span> <span class='ocrx_word' id='word_1_559' title='bbox 728 5798 945 5864; x_wconf 79' lang='grc' dir='ltr'>αὐτοὺς,</span> <span class='ocrx_word' id='word_1_560' title='bbox 991 5797 1084 5850; x_wconf 68' lang='grc' dir='ltr'>καὶ</span> <span class='ocrx_word' id='word_1_561' title='bbox 1116 5796 1213 5865; x_wconf 89' lang='grc' dir='ltr'>τῆς</span> <span class='ocrx_word' id='word_1_562' title='bbox 1247 5791 1585 5861; x_wconf 63' lang='grc' dir='ltr'>ἐπισκέψεως</span> <span class='ocrx_word' id='word_1_563' title='bbox 1614 5789 1706 5843; x_wconf 86' lang='grc' dir='ltr'>τοῦ</span> <span class='ocrx_word' id='word_1_564' title='bbox 1745 5788 1881 5843; x_wconf 84' lang='grc' dir='ltr'>Θεοῦ</span> <span class='ocrx_word' id='word_1_565' title='bbox 1924 5787 2082 5839; x_wconf 87' lang='grc' dir='ltr'>τοῦτο</span> 
     </span>
    </p>
   </div>
   <div class='ocr_carea' id='block_1_73' title="bbox 582 5914 2081 5990">
    <p class='ocr_par' dir='ltr' id='par_1_73' title="bbox 582 5914 2081 5990">
     <span class='ocr_line' id='line_1_73' title="bbox 582 5914 2081 5990; baseline -0.009 -14"><span class='ocrx_word' id='word_1_566' title='bbox 582 5925 778 5990; x_wconf 30' lang='lat' dir='ltr'>{LIIng</span> <span class='ocrx_word' id='word_1_567' title='bbox 809 5926 962 5990; x_wconf 70' lang='lat' dir='ltr'><strong>cpdex</strong></span> <span class='ocrx_word' id='word_1_568' title='bbox 987 5925 1074 5989; x_wconf 70' lang='grc' dir='ltr'>ὅρα</span> <span class='ocrx_word' id='word_1_569' title='bbox 1103 5923 1396 5990; x_wconf 71' lang='grc' dir='ltr'>φιὶοσοφὶαν.</span> <span class='ocrx_word' id='word_1_570' title='bbox 1484 5919 1508 5959; x_wconf 78' lang='lat' dir='ltr'>b</span> <span class='ocrx_word' id='word_1_571' title='bbox 1538 5918 1610 5970; x_wconf 79' lang='lat' dir='ltr'>lla</span> <span class='ocrx_word' id='word_1_572' title='bbox 1651 5916 1814 5980; x_wconf 66' lang='lat' dir='ltr'>codd.f</span> <span class='ocrx_word' id='word_1_573' title='bbox 1835 5914 1990 5965; x_wconf 72' lang='lat' dir='ltr'>nostri</span> <span class='ocrx_word' id='word_1_574' title='bbox 2029 5916 2081 5963; x_wconf 77' lang='lat' dir='ltr'>cl</span> 
     </span>
    </p>
   </div>
   <div class='ocr_carea' id='block_1_74' title="bbox 516 5985 1042 6041">
    <p class='ocr_par' dir='ltr' id='par_1_74' title="bbox 516 5985 1042 6041">
     <span class='ocr_line' id='line_1_74' title="bbox 516 5985 1042 6041; baseline 0.013 -9"><span class='ocrx_word' id='word_1_575' title='bbox 516 5985 665 6034; x_wconf 68' lang='lat' dir='ltr'>Snil.</span> <span class='ocrx_word' id='word_1_576' title='bbox 693 5987 857 6036; x_wconf 75' lang='lat' dir='ltr'>Momf.</span> <span class='ocrx_word' id='word_1_577' title='bbox 887 5985 1042 6041; x_wconf 58' lang='grc' dir='ltr'>ῥῆξον.</span> 
     </span>
    </p>
   </div>
   <div class='ocr_carea' id='block_1_75' title="bbox 2156 1618 3730 1695">
    <p class='ocr_par' dir='ltr' id='par_1_75' title="bbox 2156 1618 3730 1695">
     <span class='ocr_line' id='line_1_75' title="bbox 2156 1618 3730 1695; baseline -0.002 -20"><span class='ocrx_word' id='word_1_578' title='bbox 2156 1623 2608 1695; x_wconf 78' lang='grc' dir='ltr'>’Λνεπυρώθησαν</span> <span class='ocrx_word' id='word_1_579' title='bbox 2647 1623 2725 1692; x_wconf 85' lang='grc' dir='ltr'>τῷ</span> <span class='ocrx_word' id='word_1_580' title='bbox 2749 1621 3046 1692; x_wconf 76' lang='grc' dir='ltr'>Πνεῦματι.</span> <span class='ocrx_word' id='word_1_581' title='bbox 3083 1619 3191 1674; x_wconf 75' lang='grc' dir='ltr'>Καὶ</span> <span class='ocrx_word' id='word_1_582' title='bbox 3217 1618 3327 1690; x_wconf 80' lang='grc' dir='ltr'>γάρ</span> <span class='ocrx_word' id='word_1_583' title='bbox 3352 1619 3634 1672; x_wconf 84' lang='grc' dir='ltr'>ἀνεκαίετο</span> <span class='ocrx_word' id='word_1_584' title='bbox 3667 1622 3730 1672; x_wconf 89' lang='grc' dir='ltr'>ἐν</span> 
     </span>
    </p>
   </div>
   <div class='ocr_carea' id='block_1_76' title="bbox 2144 1701 3731 1779">
    <p class='ocr_par' dir='ltr' id='par_1_76' title="bbox 2144 1701 3731 1779">
     <span class='ocr_line' id='line_1_76' title="bbox 2144 1701 3731 1779; baseline -0.002 -20"><span class='ocrx_word' id='word_1_585' title='bbox 2144 1707 2326 1770; x_wconf 79' lang='grc' dir='ltr'>αὐτοῖς</span> <span class='ocrx_word' id='word_1_586' title='bbox 2352 1707 2411 1761; x_wconf 75' lang='grc' dir='ltr'>τὸ</span> <span class='ocrx_word' id='word_1_587' title='bbox 2441 1708 2706 1779; x_wconf 81' lang='grc' dir='ltr'>χάρισμα.</span> <span class='ocrx_word' id='word_1_588' title='bbox 2763 1703 2872 1759; x_wconf 76' lang='grc' dir='ltr'>Καὶ</span> <span class='ocrx_word' id='word_1_589' title='bbox 2921 1701 3190 1757; x_wconf 87' lang='grc' dir='ltr'>ἐλάλουν</span> <span class='ocrx_word' id='word_1_590' title='bbox 3235 1701 3342 1755; x_wconf 87' lang='grc' dir='ltr'>τὸν</span> <span class='ocrx_word' id='word_1_591' title='bbox 3389 1702 3576 1771; x_wconf 78' lang='grc' dir='ltr'>λόγον</span> <span class='ocrx_word' id='word_1_592' title='bbox 3617 1702 3731 1756; x_wconf 89' lang='grc' dir='ltr'>τοῦ</span> 
     </span>
    </p>
   </div>
   <div class='ocr_carea' id='block_1_77' title="bbox 2148 1779 3733 1860">
    <p class='ocr_par' dir='ltr' id='par_1_77' title="bbox 2148 1779 3733 1860">
     <span class='ocr_line' id='line_1_77' title="bbox 2148 1779 3733 1860; baseline -0.004 -15"><span class='ocrx_word' id='word_1_593' title='bbox 2148 1791 2293 1846; x_wconf 87' lang='grc' dir='ltr'>Θεοῦ</span> <span class='ocrx_word' id='word_1_594' title='bbox 2317 1790 2467 1860; x_wconf 80' lang='grc' dir='ltr'>μετὰ</span> <span class='ocrx_word' id='word_1_595' title='bbox 2505 1779 2861 1858; x_wconf 73' lang='grc' dir='ltr'>παρρησίας.</span> <span class='ocrx_word' id='word_1_596' title='bbox 2912 1787 3020 1841; x_wconf 87' lang='grc' dir='ltr'>Τοῦ</span> <span class='ocrx_word' id='word_1_597' title='bbox 3058 1786 3126 1838; x_wconf 79' lang='grc' dir='ltr'>δὲ</span> <span class='ocrx_word' id='word_1_598' title='bbox 3162 1785 3436 1851; x_wconf 82' lang='grc' dir='ltr'>πλήθους</span> <span class='ocrx_word' id='word_1_599' title='bbox 3477 1785 3595 1838; x_wconf 85' lang='grc' dir='ltr'>τῶν</span> <span class='ocrx_word' id='word_1_600' title='bbox 3635 1801 3733 1840; x_wconf 87' lang='grc' dir='ltr'>πι-</span> 
     </span>
    </p>
   </div>
   <div class='ocr_carea' id='block_1_78' title="bbox 2145 1865 3730 1942">
    <p class='ocr_par' dir='ltr' id='par_1_78' title="bbox 2145 1865 3730 1942">
     <span class='ocr_line' id='line_1_78' title="bbox 2145 1865 3730 1942; baseline 0.006 -17"><span class='ocrx_word' id='word_1_601' title='bbox 2145 1872 2536 1927; x_wconf 84' lang='grc' dir='ltr'>στευσάντων</span> <span class='ocrx_word' id='word_1_602' title='bbox 2556 1869 2634 1942; x_wconf 85' lang='grc' dir='ltr'>ἦν</span> <span class='ocrx_word' id='word_1_603' title='bbox 2669 1873 2708 1938; x_wconf 74' lang='grc' dir='ltr'>η</span> <span class='ocrx_word' id='word_1_604' title='bbox 2739 1869 2954 1938; x_wconf 79' lang='grc' dir='ltr'>καρδία</span> <span class='ocrx_word' id='word_1_605' title='bbox 2981 1868 3079 1922; x_wconf 87' lang='grc' dir='ltr'>καί</span> <span class='ocrx_word' id='word_1_606' title='bbox 3105 1869 3144 1936; x_wconf 77' lang='grc' dir='ltr'>ἡ</span> <span class='ocrx_word' id='word_1_607' title='bbox 3174 1865 3344 1936; x_wconf 68' lang='grc' dir='ltr'>ψυχὴ</span> <span class='ocrx_word' id='word_1_608' title='bbox 3372 1874 3499 1936; x_wconf 67' lang='grc' dir='ltr'>μία.</span> <span class='ocrx_word' id='word_1_609' title='bbox 3540 1869 3730 1940; x_wconf 72' lang='grc' dir='ltr'>Ὁρᾷς.</span> 
     </span>
    </p>
   </div>
   <div class='ocr_carea' id='block_1_79' title="bbox 2145 1950 3733 2026">
    <p class='ocr_par' dir='ltr' id='par_1_79' title="bbox 2145 1950 3733 2026">
     <span class='ocr_line' id='line_1_79' title="bbox 2145 1950 3733 2026; baseline -0.004 -16"><span class='ocrx_word' id='word_1_610' title='bbox 2145 1957 2226 2010; x_wconf 85' lang='grc' dir='ltr'>ὅτι</span> <span class='ocrx_word' id='word_1_611' title='bbox 2269 1956 2403 2026; x_wconf 85' lang='grc' dir='ltr'>μετά</span> <span class='ocrx_word' id='word_1_612' title='bbox 2430 1955 2530 2026; x_wconf 85' lang='grc' dir='ltr'>τῆς</span> <span class='ocrx_word' id='word_1_613' title='bbox 2576 1956 2796 2024; x_wconf 85' lang='grc' dir='ltr'>χάριτος</span> <span class='ocrx_word' id='word_1_614' title='bbox 2821 1951 2916 2005; x_wconf 90' lang='grc' dir='ltr'>τοῦ</span> <span class='ocrx_word' id='word_1_615' title='bbox 2949 1950 3082 2005; x_wconf 83' lang='grc' dir='ltr'>Θεοῦ</span> <span class='ocrx_word' id='word_1_616' title='bbox 3111 1951 3206 2005; x_wconf 74' lang='grc' dir='ltr'>καὶ</span> <span class='ocrx_word' id='word_1_617' title='bbox 3248 1950 3317 2003; x_wconf 89' lang='grc' dir='ltr'>τά</span> <span class='ocrx_word' id='word_1_618' title='bbox 3350 1951 3480 2022; x_wconf 85' lang='grc' dir='ltr'>παρ’</span> <span class='ocrx_word' id='word_1_619' title='bbox 3515 1951 3733 2005; x_wconf 87' lang='grc' dir='ltr'>ἐαυτῶν</span> 
     </span>
    </p>
   </div>
   <div class='ocr_carea' id='block_1_80' title="bbox 2149 2033 3732 2110">
    <p class='ocr_par' dir='ltr' id='par_1_80' title="bbox 2149 2033 3732 2110">
     <span class='ocr_line' id='line_1_80' title="bbox 2149 2033 3732 2110; baseline -0.004 -17"><span class='ocrx_word' id='word_1_620' title='bbox 2149 2039 2468 2110; x_wconf 84' lang='grc' dir='ltr'>είσέφερον;</span> <span class='ocrx_word' id='word_1_621' title='bbox 2517 2037 2798 2108; x_wconf 88' lang='grc' dir='ltr'>Πανταχοῦ</span> <span class='ocrx_word' id='word_1_622' title='bbox 2845 2035 2954 2106; x_wconf 76' lang='grc' dir='ltr'>γάρ</span> <span class='ocrx_word' id='word_1_623' title='bbox 2993 2034 3149 2089; x_wconf 89' lang='grc' dir='ltr'>τοῦτο</span> <span class='ocrx_word' id='word_1_624' title='bbox 3208 2033 3316 2105; x_wconf 82' lang='grc' dir='ltr'>χρὴ</span> <span class='ocrx_word' id='word_1_625' title='bbox 3356 2037 3732 2104; x_wconf 86' lang='grc' dir='ltr'>παρατηρεῖν,</span> 
     </span>
    </p>
   </div>
   <div class='ocr_carea' id='block_1_81' title="bbox 2149 2117 3732 2194">
    <p class='ocr_par' dir='ltr' id='par_1_81' title="bbox 2149 2117 3732 2194">
     <span class='ocr_line' id='line_1_81' title="bbox 2149 2117 3732 2194; baseline -0.005 -17"><span class='ocrx_word' id='word_1_626' title='bbox 2149 2125 2230 2178; x_wconf 87' lang='grc' dir='ltr'>ὄτι</span> <span class='ocrx_word' id='word_1_627' title='bbox 2258 2122 2396 2194; x_wconf 88' lang='grc' dir='ltr'>μετά</span> <span class='ocrx_word' id='word_1_628' title='bbox 2434 2124 2536 2193; x_wconf 83' lang='grc' dir='ltr'>τῆς</span> <span class='ocrx_word' id='word_1_629' title='bbox 2567 2123 2791 2193; x_wconf 85' lang='grc' dir='ltr'>χάριτος</span> <span class='ocrx_word' id='word_1_630' title='bbox 2819 2123 2914 2174; x_wconf 89' lang='grc' dir='ltr'>τοῦ</span> <span class='ocrx_word' id='word_1_631' title='bbox 2946 2118 3080 2173; x_wconf 87' lang='grc' dir='ltr'>Θεοῦ</span> <span class='ocrx_word' id='word_1_632' title='bbox 3120 2118 3214 2172; x_wconf 74' lang='grc' dir='ltr'>καὶ</span> <span class='ocrx_word' id='word_1_633' title='bbox 3251 2117 3322 2170; x_wconf 88' lang='grc' dir='ltr'>τά</span> <span class='ocrx_word' id='word_1_634' title='bbox 3365 2117 3492 2188; x_wconf 79' lang='grc' dir='ltr'>παρ’</span> <span class='ocrx_word' id='word_1_635' title='bbox 3515 2117 3732 2171; x_wconf 80' lang='grc' dir='ltr'>ἑαυτῶν</span> 
     </span>
    </p>
   </div>
   <div class='ocr_carea' id='block_1_82' title="bbox 2149 2201 3736 2276">
    <p class='ocr_par' dir='ltr' id='par_1_82' title="bbox 2149 2201 3736 2276">
     <span class='ocr_line' id='line_1_82' title="bbox 2149 2201 3736 2276; baseline -0.008 -13"><span class='ocrx_word' id='word_1_636' title='bbox 2149 2207 2577 2263; x_wconf 81' lang='grc' dir='ltr'>ἐπιδεικνύουσι’</span> <span class='ocrx_word' id='word_1_637' title='bbox 2616 2206 2866 2275; x_wconf 86' lang='grc' dir='ltr'>καθάπερ</span> <span class='ocrx_word' id='word_1_638' title='bbox 2915 2205 3124 2276; x_wconf 88' lang='grc' dir='ltr'>Πέτρος</span> <span class='ocrx_word' id='word_1_639' title='bbox 3160 2201 3377 2270; x_wconf 76' lang='grc' dir='ltr'>ἔλεγεν,</span> <span class='ocrx_word' id='word_1_640' title='bbox 3424 2201 3736 2270; x_wconf 76' lang='grc' dir='ltr'>Ἀργύριον</span> 
     </span>
    </p>
   </div>
   <div class='ocr_carea' id='block_1_83' title="bbox 2151 2275 3737 2359">
    <p class='ocr_par' dir='ltr' id='par_1_83' title="bbox 2151 2275 3737 2359">
     <span class='ocr_line' id='line_1_83' title="bbox 2151 2275 3737 2359; baseline -0.008 -14"><span class='ocrx_word' id='word_1_641' title='bbox 2151 2291 2249 2345; x_wconf 85' lang='grc' dir='ltr'>καί</span> <span class='ocrx_word' id='word_1_642' title='bbox 2301 2291 2560 2359; x_wconf 86' lang='grc' dir='ltr'>χρυσίον</span> <span class='ocrx_word' id='word_1_643' title='bbox 2603 2290 2717 2357; x_wconf 83' lang='grc' dir='ltr'>οὐχ</span> <span class='ocrx_word' id='word_1_644' title='bbox 2761 2275 3170 2358; x_wconf 17' lang='grc' dir='ltr'>ὑπάρχειίμοι.</span> <span class='ocrx_word' id='word_1_645' title='bbox 3217 2288 3283 2337; x_wconf 84' lang='grc' dir='ltr'><strong>Ὃ</strong></span> <span class='ocrx_word' id='word_1_646' title='bbox 3336 2283 3589 2352; x_wconf 84' lang='grc' dir='ltr'>ἀνωτέρω</span> <span class='ocrx_word' id='word_1_647' title='bbox 3638 2275 3737 2334; x_wconf 85' lang='grc' dir='ltr'>οῦν</span> 
     </span>
    </p>
   </div>
   <div class='ocr_carea' id='block_1_84' title="bbox 2152 2362 3740 2444">
    <p class='ocr_par' dir='ltr' id='par_1_84' title="bbox 2152 2362 3740 2444">
     <span class='ocr_line' id='line_1_84' title="bbox 2152 2362 3740 2444; baseline -0.006 -16"><span class='ocrx_word' id='word_1_648' title='bbox 2152 2371 2326 2437; x_wconf 74' lang='grc' dir='ltr'>εἶπεν,</span> <span class='ocrx_word' id='word_1_649' title='bbox 2372 2375 2456 2427; x_wconf 83' lang='grc' dir='ltr'>ὅτι</span> <span class='ocrx_word' id='word_1_650' title='bbox 2489 2373 2687 2436; x_wconf 91' lang='grc' dir='ltr'>πάντες</span> <span class='ocrx_word' id='word_1_651' title='bbox 2721 2368 2864 2444; x_wconf 75' lang='grc' dir='ltr'>ἦσαν</span> <span class='ocrx_word' id='word_1_652' title='bbox 2923 2368 3272 2434; x_wconf 85' lang='grc' dir='ltr'>ἐπιτοαυτὸ,</span> <span class='ocrx_word' id='word_1_653' title='bbox 3311 2366 3472 2420; x_wconf 85' lang='grc' dir='ltr'>πάλιν</span> <span class='ocrx_word' id='word_1_654' title='bbox 3500 2362 3740 2418; x_wconf 83' lang='grc' dir='ltr'>ἐνταῦθα</span> 
     </span>
    </p>
   </div>
   <div class='ocr_carea' id='block_1_85' title="bbox 2151 2449 3741 2529">
    <p class='ocr_par' dir='ltr' id='par_1_85' title="bbox 2151 2449 3741 2529">
     <span class='ocr_line' id='line_1_85' title="bbox 2151 2449 3741 2529; baseline -0.007 -17"><span class='ocrx_word' id='word_1_655' title='bbox 2151 2459 2327 2529; x_wconf 91' lang='grc' dir='ltr'>δηλῶν</span> <span class='ocrx_word' id='word_1_656' title='bbox 2355 2458 2414 2512; x_wconf 82' lang='grc' dir='ltr'>τὸ</span> <span class='ocrx_word' id='word_1_657' title='bbox 2438 2457 2569 2510; x_wconf 80' lang='grc' dir='ltr'>αὐτὸ</span> <span class='ocrx_word' id='word_1_658' title='bbox 2597 2457 2768 2525; x_wconf 85' lang='grc' dir='ltr'>λέγει,</span> <span class='ocrx_word' id='word_1_659' title='bbox 2789 2457 2871 2509; x_wconf 82' lang='grc' dir='ltr'>δτι</span> <span class='ocrx_word' id='word_1_660' title='bbox 2904 2455 3013 2510; x_wconf 87' lang='grc' dir='ltr'>Τοῦ</span> <span class='ocrx_word' id='word_1_661' title='bbox 3039 2452 3310 2520; x_wconf 78' lang='grc' dir='ltr'>πλήθους</span> <span class='ocrx_word' id='word_1_662' title='bbox 3347 2449 3466 2504; x_wconf 72' lang='grc' dir='ltr'>τῶν</span> <span class='ocrx_word' id='word_1_663' title='bbox 3487 2464 3741 2502; x_wconf 86' lang='grc' dir='ltr'>πιστευ-</span> 
     </span>
    </p>
   </div>
   <div class='ocr_carea' id='block_1_86' title="bbox 2152 2531 3739 2611">
    <p class='ocr_par' dir='ltr' id='par_1_86' title="bbox 2152 2531 3739 2611">
     <span class='ocr_line' id='line_1_86' title="bbox 2152 2531 3739 2611; baseline -0.008 -15"><span class='ocrx_word' id='word_1_664' title='bbox 2152 2542 2393 2596; x_wconf 83' lang='grc' dir='ltr'>σάντων</span> <span class='ocrx_word' id='word_1_665' title='bbox 2442 2536 2522 2611; x_wconf 81' lang='grc' dir='ltr'>ἦν</span> <span class='ocrx_word' id='word_1_666' title='bbox 2560 2541 2598 2610; x_wconf 81' lang='grc' dir='ltr'><em>ὴ</em></span> <span class='ocrx_word' id='word_1_667' title='bbox 2629 2539 2845 2608; x_wconf 89' lang='grc' dir='ltr'>καρδία</span> <span class='ocrx_word' id='word_1_668' title='bbox 2883 2538 2979 2593; x_wconf 76' lang='grc' dir='ltr'>καὶ</span> <span class='ocrx_word' id='word_1_669' title='bbox 3004 2537 3042 2605; x_wconf 76' lang='grc' dir='ltr'>ἡ</span> <span class='ocrx_word' id='word_1_670' title='bbox 3080 2535 3252 2604; x_wconf 72' lang='grc' dir='ltr'>ψυχὴ</span> <span class='ocrx_word' id='word_1_671' title='bbox 3296 2539 3418 2604; x_wconf 82' lang='grc' dir='ltr'>μία.</span> <span class='ocrx_word' id='word_1_672' title='bbox 3450 2531 3631 2587; x_wconf 84' lang='grc' dir='ltr'>Εἰπὼν</span> <span class='ocrx_word' id='word_1_673' title='bbox 3656 2532 3739 2597; x_wconf 77' lang='grc' dir='ltr'>δὲ,</span> 
     </span>
    </p>
   </div>
   <div class='ocr_carea' id='block_1_87' title="bbox 2153 2617 3741 2697">
    <p class='ocr_par' dir='ltr' id='par_1_87' title="bbox 2153 2617 3741 2697">
     <span class='ocr_line' id='line_1_87' title="bbox 2153 2617 3741 2697; baseline -0.007 -16"><span class='ocrx_word' id='word_1_674' title='bbox 2153 2628 2234 2682; x_wconf 80' lang='grc' dir='ltr'>ὅτι</span> <span class='ocrx_word' id='word_1_675' title='bbox 2265 2617 2631 2697; x_wconf 74' lang='grc' dir='ltr'>ῆκούσθησαν,</span> <span class='ocrx_word' id='word_1_676' title='bbox 2667 2625 2816 2694; x_wconf 87' lang='grc' dir='ltr'>λέγει</span> <span class='ocrx_word' id='word_1_677' title='bbox 2842 2622 3026 2676; x_wconf 77' lang='grc' dir='ltr'>λοιπὸν</span> <span class='ocrx_word' id='word_1_678' title='bbox 3051 2621 3230 2692; x_wconf 83' lang='grc' dir='ltr'>αὐτῶν</span> <span class='ocrx_word' id='word_1_679' title='bbox 3274 2621 3367 2674; x_wconf 75' lang='grc' dir='ltr'>καὶ</span> <span class='ocrx_word' id='word_1_680' title='bbox 3395 2618 3494 2690; x_wconf 84' lang='grc' dir='ltr'>τὴν</span> <span class='ocrx_word' id='word_1_681' title='bbox 3513 2619 3741 2690; x_wconf 79' lang='grc' dir='ltr'>ἀρετήν.</span> 
     </span>
    </p>
   </div>
   <div class='ocr_carea' id='block_1_88' title="bbox 2155 2702 3745 2783">
    <p class='ocr_par' dir='ltr' id='par_1_88' title="bbox 2155 2702 3745 2783">
     <span class='ocr_line' id='line_1_88' title="bbox 2155 2702 3745 2783; baseline -0.007 -16"><span class='ocrx_word' id='word_1_682' title='bbox 2155 2714 2266 2767; x_wconf 74' lang='grc' dir='ltr'>Καὶ</span> <span class='ocrx_word' id='word_1_683' title='bbox 2314 2712 2422 2783; x_wconf 86' lang='grc' dir='ltr'>γὰρ</span> <span class='ocrx_word' id='word_1_684' title='bbox 2467 2710 2651 2782; x_wconf 86' lang='grc' dir='ltr'>μέλλει</span> <span class='ocrx_word' id='word_1_685' title='bbox 2685 2707 2965 2780; x_wconf 77' lang='grc' dir='ltr'>ἐμϐαίνειν</span> <span class='ocrx_word' id='word_1_686' title='bbox 2993 2708 3072 2770; x_wconf 84' lang='grc' dir='ltr'>εἰς</span> <span class='ocrx_word' id='word_1_687' title='bbox 3106 2705 3165 2759; x_wconf 76' lang='grc' dir='ltr'>τὸ</span> <span class='ocrx_word' id='word_1_688' title='bbox 3193 2705 3436 2775; x_wconf 86' lang='grc' dir='ltr'>διήγημα</span> <span class='ocrx_word' id='word_1_689' title='bbox 3461 2702 3560 2772; x_wconf 87' lang='grc' dir='ltr'>τῆς</span> <span class='ocrx_word' id='word_1_690' title='bbox 3592 2702 3745 2756; x_wconf 68' lang='grc' dir='ltr'>Σαπι-</span> 
     </span>
    </p>
   </div>
   <div class='ocr_carea' id='block_1_89' title="bbox 2157 2784 3745 2868">
    <p class='ocr_par' dir='ltr' id='par_1_89' title="bbox 2157 2784 3745 2868">
     <span class='ocr_line' id='line_1_89' title="bbox 2157 2784 3745 2868; baseline -0.009 -18"><span class='ocrx_word' id='word_1_691' title='bbox 2157 2797 2349 2868; x_wconf 88' lang='grc' dir='ltr'>φείρας</span> <span class='ocrx_word' id='word_1_692' title='bbox 2379 2796 2473 2850; x_wconf 79' lang='grc' dir='ltr'>καὶ</span> <span class='ocrx_word' id='word_1_693' title='bbox 2511 2793 2604 2848; x_wconf 90' lang='grc' dir='ltr'>τοῦ</span> <span class='ocrx_word' id='word_1_694' title='bbox 2643 2792 2908 2847; x_wconf 82' lang='grc' dir='ltr'>Ἀνανίου.</span> <span class='ocrx_word' id='word_1_695' title='bbox 2951 2790 3042 2843; x_wconf 76' lang='grc' dir='ltr'>Διὸ</span> <span class='ocrx_word' id='word_1_696' title='bbox 3076 2788 3243 2842; x_wconf 86' lang='grc' dir='ltr'>θέλων</span> <span class='ocrx_word' id='word_1_697' title='bbox 3280 2787 3452 2852; x_wconf 81' lang='grc' dir='ltr'>δεῖξαι</span> <span class='ocrx_word' id='word_1_698' title='bbox 3482 2784 3578 2856; x_wconf 82' lang='grc' dir='ltr'>τὴν</span> <span class='ocrx_word' id='word_1_699' title='bbox 3611 2803 3745 2868; x_wconf 76' lang='grc' dir='ltr'>μιαο</span> 
     </span>
    </p>
   </div>
   <div class='ocr_carea' id='block_1_90' title="bbox 2160 2867 3746 2950">
    <p class='ocr_par' dir='ltr' id='par_1_90' title="bbox 2160 2867 3746 2950">
     <span class='ocr_line' id='line_1_90' title="bbox 2160 2867 3746 2950; baseline -0.007 -20"><span class='ocrx_word' id='word_1_700' title='bbox 2160 2867 2278 2950; x_wconf 80' lang='grc' dir='ltr'>ρίαν</span> <span class='ocrx_word' id='word_1_701' title='bbox 2309 2878 2556 2944; x_wconf 88' lang='grc' dir='ltr'>ἐκείνων,</span> <span class='ocrx_word' id='word_1_702' title='bbox 2587 2876 2853 2948; x_wconf 79' lang='grc' dir='ltr'>πρότερον</span> <span class='ocrx_word' id='word_1_703' title='bbox 2883 2873 3010 2944; x_wconf 76' lang='grc' dir='ltr'>περὶ</span> <span class='ocrx_word' id='word_1_704' title='bbox 3050 2871 3148 2940; x_wconf 88' lang='grc' dir='ltr'>τῆς</span> <span class='ocrx_word' id='word_1_705' title='bbox 3171 2870 3280 2924; x_wconf 89' lang='grc' dir='ltr'>τῶν</span> <span class='ocrx_word' id='word_1_706' title='bbox 3317 2869 3492 2924; x_wconf 78' lang='grc' dir='ltr'>ἄλλων</span> <span class='ocrx_word' id='word_1_707' title='bbox 3537 2867 3746 2939; x_wconf 87' lang='grc' dir='ltr'>ἀρετῆς</span> 
     </span>
    </p>
   </div>
   <div class='ocr_carea' id='block_1_91' title="bbox 2155 2950 3749 3030">
    <p class='ocr_par' dir='ltr' id='par_1_91' title="bbox 2155 2950 3749 3030">
     <span class='ocr_line' id='line_1_91' title="bbox 2155 2950 3749 3030; baseline -0.009 -13"><span class='ocrx_word' id='word_1_708' title='bbox 2155 2962 2462 3030; x_wconf 84' lang='grc' dir='ltr'>διαλέγεται</span> <span class='ocrx_word' id='word_1_709' title='bbox 2484 2972 2534 3017; x_wconf 75' lang='grc' dir='ltr'>ο.</span> <span class='ocrx_word' id='word_1_710' title='bbox 2568 2960 2706 3014; x_wconf 85' lang='grc' dir='ltr'>Εἰπὲ</span> <span class='ocrx_word' id='word_1_711' title='bbox 2739 2959 2801 3029; x_wconf 83' lang='grc' dir='ltr'>δή</span> <span class='ocrx_word' id='word_1_712' title='bbox 2852 2975 2962 3028; x_wconf 90' lang='grc' dir='ltr'>μοι,</span> <span class='ocrx_word' id='word_1_713' title='bbox 2998 2957 3031 3027; x_wconf 81' lang='grc' dir='ltr'>ἡ</span> <span class='ocrx_word' id='word_1_714' title='bbox 3068 2955 3256 3026; x_wconf 82' lang='grc' dir='ltr'>ἀγάπη</span> <span class='ocrx_word' id='word_1_715' title='bbox 3298 2953 3396 3024; x_wconf 80' lang='grc' dir='ltr'>τὴν</span> <span class='ocrx_word' id='word_1_716' title='bbox 3428 2950 3749 3022; x_wconf 84' lang='grc' dir='ltr'>ἀκτημοσύ-</span> 
     </span>
    </p>
   </div>
   <div class='ocr_carea' id='block_1_92' title="bbox 2157 3034 3751 3116">
    <p class='ocr_par' dir='ltr' id='par_1_92' title="bbox 2157 3034 3751 3116">
     <span class='ocr_line' id='line_1_92' title="bbox 2157 3034 3751 3116; baseline -0.008 -16"><span class='ocrx_word' id='word_1_717' title='bbox 2157 3065 2255 3116; x_wconf 87' lang='grc' dir='ltr'>νην</span> <span class='ocrx_word' id='word_1_718' title='bbox 2299 3045 2507 3110; x_wconf 80' lang='grc' dir='ltr'>ἔτεκεν,</span> <span class='ocrx_word' id='word_1_719' title='bbox 2559 3044 2593 3114; x_wconf 85' lang='grc' dir='ltr'>ἢ</span> <span class='ocrx_word' id='word_1_720' title='bbox 2641 3045 2675 3114; x_wconf 80' lang='grc' dir='ltr'><strong>ἡ</strong></span> <span class='ocrx_word' id='word_1_721' title='bbox 2719 3040 3071 3112; x_wconf 87' lang='grc' dir='ltr'>ἀκτημοσύνη</span> <span class='ocrx_word' id='word_1_722' title='bbox 3117 3039 3217 3110; x_wconf 81' lang='grc' dir='ltr'>τὴν</span> <span class='ocrx_word' id='word_1_723' title='bbox 3276 3039 3531 3109; x_wconf 88' lang='grc' dir='ltr'>ἀγάπην;</span> <span class='ocrx_word' id='word_1_724' title='bbox 3589 3034 3751 3106; x_wconf 73' lang='grc' dir='ltr'>Ἐμοὶ</span> 
     </span>
    </p>
   </div>
   <div class='ocr_carea' id='block_1_93' title="bbox 2157 3122 3751 3202">
    <p class='ocr_par' dir='ltr' id='par_1_93' title="bbox 2157 3122 3751 3202">
     <span class='ocr_line' id='line_1_93' title="bbox 2157 3122 3751 3202; baseline -0.007 -18"><span class='ocrx_word' id='word_1_725' title='bbox 2157 3131 2361 3202; x_wconf 84' lang='grc' dir='ltr'>δοκεῖὴ</span> <span class='ocrx_word' id='word_1_726' title='bbox 2393 3129 2581 3200; x_wconf 84' lang='grc' dir='ltr'>ἀγάπη</span> <span class='ocrx_word' id='word_1_727' title='bbox 2621 3129 2720 3198; x_wconf 85' lang='grc' dir='ltr'>τὴν</span> <span class='ocrx_word' id='word_1_728' title='bbox 2748 3124 3153 3197; x_wconf 77' lang='grc' dir='ltr'>άκτημοσύνην,</span> <span class='ocrx_word' id='word_1_729' title='bbox 3200 3125 3233 3194; x_wconf 79' lang='grc' dir='ltr'>ἢ</span> <span class='ocrx_word' id='word_1_730' title='bbox 3275 3123 3370 3177; x_wconf 81' lang='grc' dir='ltr'>καὶ</span> <span class='ocrx_word' id='word_1_731' title='bbox 3410 3122 3751 3202; x_wconf 80' lang='grc' dir='ltr'>ἐπέσφιγγεν</span> 
     </span>
    </p>
   </div>
   <div class='ocr_carea' id='block_1_94' title="bbox 2159 3200 3753 3283">
    <p class='ocr_par' dir='ltr' id='par_1_94' title="bbox 2159 3200 3753 3283">
     <span class='ocr_line' id='line_1_94' title="bbox 2159 3200 3753 3283; baseline -0.006 -15"><span class='ocrx_word' id='word_1_732' title='bbox 2159 3214 2328 3283; x_wconf 77' lang='grc' dir='ltr'>αὐτὴν</span> <span class='ocrx_word' id='word_1_733' title='bbox 2350 3200 2583 3282; x_wconf 83' lang='grc' dir='ltr'>μᾶλλον.</span> <span class='ocrx_word' id='word_1_734' title='bbox 2622 3212 2821 3265; x_wconf 82' lang='grc' dir='ltr'>Ἀκουε</span> <span class='ocrx_word' id='word_1_735' title='bbox 2851 3210 2907 3263; x_wconf 90' lang='grc' dir='ltr'>δὲ</span> <span class='ocrx_word' id='word_1_736' title='bbox 2939 3210 3032 3262; x_wconf 71' lang='grc' dir='ltr'>καὶ</span> <span class='ocrx_word' id='word_1_737' title='bbox 3057 3209 3110 3260; x_wconf 86' lang='grc' dir='ltr'>τί</span> <span class='ocrx_word' id='word_1_738' title='bbox 3149 3225 3312 3277; x_wconf 83' lang='grc' dir='ltr'>φησιν</span> <span class='ocrx_word' id='word_1_739' title='bbox 3331 3222 3345 3237; x_wconf 79' lang='grc'><strong><em>⁸</em></strong></span> <span class='ocrx_word' id='word_1_740' title='bbox 3387 3205 3637 3260; x_wconf 84' lang='grc' dir='ltr'>Πάντων</span> <span class='ocrx_word' id='word_1_741' title='bbox 3666 3200 3753 3275; x_wconf 81' lang='grc' dir='ltr'>ἦν</span> 
     </span>
    </p>
   </div>
   <div class='ocr_carea' id='block_1_95' title="bbox 2159 3287 3753 3366">
    <p class='ocr_par' dir='ltr' id='par_1_95' title="bbox 2159 3287 3753 3366">
     <span class='ocr_line' id='line_1_95' title="bbox 2159 3287 3753 3366; baseline -0.009 -15"><span class='ocrx_word' id='word_1_742' title='bbox 2159 3300 2197 3366; x_wconf 80' lang='grc' dir='ltr'>ἡ</span> <span class='ocrx_word' id='word_1_743' title='bbox 2227 3297 2439 3364; x_wconf 85' lang='grc' dir='ltr'>καρδία</span> <span class='ocrx_word' id='word_1_744' title='bbox 2465 3295 2565 3349; x_wconf 83' lang='grc' dir='ltr'>καί</span> <span class='ocrx_word' id='word_1_745' title='bbox 2606 3293 2645 3361; x_wconf 81' lang='grc' dir='ltr'><strong><em>ή</em></strong></span> <span class='ocrx_word' id='word_1_746' title='bbox 2682 3293 2855 3362; x_wconf 68' lang='grc' dir='ltr'>ψυχὴ</span> <span class='ocrx_word' id='word_1_747' title='bbox 2879 3292 3008 3362; x_wconf 81' lang='grc' dir='ltr'>μία.</span> <span class='ocrx_word' id='word_1_748' title='bbox 3048 3291 3178 3344; x_wconf 80' lang='grc' dir='ltr'>Ἰδοὺ</span> <span class='ocrx_word' id='word_1_749' title='bbox 3219 3288 3415 3358; x_wconf 84' lang='grc' dir='ltr'>καρδία</span> <span class='ocrx_word' id='word_1_750' title='bbox 3461 3287 3555 3341; x_wconf 78' lang='grc' dir='ltr'>καὶ</span> <span class='ocrx_word' id='word_1_751' title='bbox 3596 3287 3753 3357; x_wconf 73' lang='grc' dir='ltr'>ψυχὴ</span> 
     </span>
    </p>
   </div>
   <div class='ocr_carea' id='block_1_96' title="bbox 2158 3366 3757 3442">
    <p class='ocr_par' dir='ltr' id='par_1_96' title="bbox 2158 3366 3757 3442">
     <span class='ocr_line' id='line_1_96' title="bbox 2158 3366 3757 3442; baseline -0.008 -8"><span class='ocrx_word' id='word_1_752' title='bbox 2158 3382 2218 3434; x_wconf 84' lang='grc' dir='ltr'>τὸ</span> <span class='ocrx_word' id='word_1_753' title='bbox 2256 3378 2406 3433; x_wconf 80' lang='grc' dir='ltr'>αὑτό.</span> <span class='ocrx_word' id='word_1_754' title='bbox 2432 3377 2540 3432; x_wconf 79' lang='grc' dir='ltr'>Καὶ</span> <span class='ocrx_word' id='word_1_755' title='bbox 2585 3376 2728 3430; x_wconf 81' lang='grc' dir='ltr'>οὐδὲ</span> <span class='ocrx_word' id='word_1_756' title='bbox 2753 3371 2840 3442; x_wconf 80' lang='grc' dir='ltr'>εἷς</span> <span class='ocrx_word' id='word_1_757' title='bbox 2879 3392 2932 3428; x_wconf 91' lang='grc' dir='ltr'>τι</span> <span class='ocrx_word' id='word_1_758' title='bbox 2980 3371 3099 3428; x_wconf 85' lang='grc' dir='ltr'>τῶν</span> <span class='ocrx_word' id='word_1_759' title='bbox 3135 3371 3531 3440; x_wconf 83' lang='grc' dir='ltr'>ὑπαρχόντων</span> <span class='ocrx_word' id='word_1_760' title='bbox 3585 3366 3757 3434; x_wconf 74' lang='grc' dir='ltr'>αὐτῷ</span> 
     </span>
    </p>
   </div>
   <div class='ocr_carea' id='block_1_97' title="bbox 2159 3451 3754 3532">
    <p class='ocr_par' dir='ltr' id='par_1_97' title="bbox 2159 3451 3754 3532">
     <span class='ocr_line' id='line_1_97' title="bbox 2159 3451 3754 3532; baseline -0.006 -15"><span class='ocrx_word' id='word_1_761' title='bbox 2159 3463 2369 3532; x_wconf 76' lang='grc' dir='ltr'>ἔλεγεν</span> <span class='ocrx_word' id='word_1_762' title='bbox 2392 3461 2548 3514; x_wconf 77' lang='grc' dir='ltr'>ἴδιον</span> <span class='ocrx_word' id='word_1_763' title='bbox 2571 3455 2743 3524; x_wconf 76' lang='grc' dir='ltr'>εἶναι,</span> <span class='ocrx_word' id='word_1_764' title='bbox 2783 3458 2921 3513; x_wconf 83' lang='grc' dir='ltr'>ἀλλ’</span> <span class='ocrx_word' id='word_1_765' title='bbox 2953 3453 3032 3527; x_wconf 75' lang='grc' dir='ltr'>ἦν</span> <span class='ocrx_word' id='word_1_766' title='bbox 3053 3456 3255 3522; x_wconf 84' lang='grc' dir='ltr'>αὐτοῖς</span> <span class='ocrx_word' id='word_1_767' title='bbox 3284 3454 3522 3510; x_wconf 80' lang='grc' dir='ltr'>ἅπαντα</span> <span class='ocrx_word' id='word_1_768' title='bbox 3549 3451 3754 3507; x_wconf 82' lang='grc' dir='ltr'>κοινά.</span> 
     </span>
    </p>
   </div>
   <div class='ocr_carea' id='block_1_98' title="bbox 2162 3535 3757 3615">
    <p class='ocr_par' dir='ltr' id='par_1_98' title="bbox 2162 3535 3757 3615">
     <span class='ocr_line' id='line_1_98' title="bbox 2162 3535 3757 3615; baseline -0.008 -14"><span class='ocrx_word' id='word_1_769' title='bbox 2162 3545 2269 3601; x_wconf 76' lang='grc' dir='ltr'>Καὶ</span> <span class='ocrx_word' id='word_1_770' title='bbox 2301 3543 2548 3615; x_wconf 82' lang='grc' dir='ltr'>δυνάμει</span> <span class='ocrx_word' id='word_1_771' title='bbox 2579 3543 2813 3614; x_wconf 78' lang='grc' dir='ltr'>μεγάλῃ</span> <span class='ocrx_word' id='word_1_772' title='bbox 2843 3541 3171 3596; x_wconf 80' lang='grc' dir='ltr'>ἀπεδίδουν</span> <span class='ocrx_word' id='word_1_773' title='bbox 3196 3538 3259 3593; x_wconf 90' lang='grc' dir='ltr'>τὸ</span> <span class='ocrx_word' id='word_1_774' title='bbox 3291 3537 3613 3606; x_wconf 86' lang='grc' dir='ltr'>μαρτύριον</span> <span class='ocrx_word' id='word_1_775' title='bbox 3640 3535 3757 3604; x_wconf 81' lang='grc' dir='ltr'>τῆς</span> 
     </span>
    </p>
   </div>
   <div class='ocr_carea' id='block_1_99' title="bbox 2160 3618 3756 3693">
    <p class='ocr_par' dir='ltr' id='par_1_99' title="bbox 2160 3618 3756 3693">
     <span class='ocr_line' id='line_1_99' title="bbox 2160 3618 3756 3693; baseline -0.006 -10"><span class='ocrx_word' id='word_1_776' title='bbox 2160 3626 2551 3693; x_wconf 82' lang='grc' dir='ltr'>ἀναστάσεως</span> <span class='ocrx_word' id='word_1_777' title='bbox 2614 3630 2669 3681; x_wconf 91' lang='grc' dir='ltr'>οἰ</span> <span class='ocrx_word' id='word_1_778' title='bbox 2721 3626 3050 3680; x_wconf 80' lang='grc' dir='ltr'>ἀπόστολοι</span> <span class='ocrx_word' id='word_1_779' title='bbox 3099 3623 3206 3678; x_wconf 89' lang='grc' dir='ltr'>τοῦ</span> <span class='ocrx_word' id='word_1_780' title='bbox 3263 3620 3485 3688; x_wconf 81' lang='lat' dir='ltr'>Kvplov</span> <span class='ocrx_word' id='word_1_781' title='bbox 3542 3618 3756 3687; x_wconf 88' lang='grc' dir='ltr'>Ἰησοῦ</span> 
     </span>
    </p>
   </div>
   <div class='ocr_carea' id='block_1_100' title="bbox 2162 3701 3759 3783">
    <p class='ocr_par' dir='ltr' id='par_1_100' title="bbox 2162 3701 3759 3783">
     <span class='ocr_line' id='line_1_100' title="bbox 2162 3701 3759 3783; baseline -0.009 -16"><span class='ocrx_word' id='word_1_782' title='bbox 2162 3712 2440 3783; x_wconf 88' lang='grc' dir='ltr'>Χριστοῦ.</span> <span class='ocrx_word' id='word_1_783' title='bbox 2465 3710 2734 3782; x_wconf 87' lang='grc' dir='ltr'>Καθάπερ</span> <span class='ocrx_word' id='word_1_784' title='bbox 2765 3707 3203 3780; x_wconf 85' lang='grc' dir='ltr'>ἐγχειρισθέντας</span> <span class='ocrx_word' id='word_1_785' title='bbox 3231 3705 3426 3768; x_wconf 78' lang='grc' dir='ltr'>αὐτοὺς</span> <span class='ocrx_word' id='word_1_786' title='bbox 3464 3701 3621 3757; x_wconf 88' lang='grc' dir='ltr'>τοῦτο</span> <span class='ocrx_word' id='word_1_787' title='bbox 3650 3701 3759 3754; x_wconf 78' lang='grc' dir='ltr'>δεί-</span> 
     </span>
    </p>
   </div>
   <div class='ocr_carea' id='block_1_101' title="bbox 2163 3785 3756 3866">
    <p class='ocr_par' dir='ltr' id='par_1_101' title="bbox 2163 3785 3756 3866">
     <span class='ocr_line' id='line_1_101' title="bbox 2163 3785 3756 3866; baseline -0.008 -17"><span class='ocrx_word' id='word_1_788' title='bbox 2163 3812 2352 3850; x_wconf 81' lang='grc' dir='ltr'>κνυσιν</span> <span class='ocrx_word' id='word_1_789' title='bbox 2371 3810 2386 3826; x_wconf 75' lang='grc'><strong><em>⁸</em></strong></span> <span class='ocrx_word' id='word_1_790' title='bbox 2415 3795 2448 3866; x_wconf 80' lang='grc' dir='ltr'>ἦ</span> <span class='ocrx_word' id='word_1_791' title='bbox 2477 3794 2572 3848; x_wconf 77' lang='grc' dir='ltr'>καὶ</span> <span class='ocrx_word' id='word_1_792' title='bbox 2597 3793 2671 3856; x_wconf 90' lang='grc' dir='ltr'>ώς</span> <span class='ocrx_word' id='word_1_793' title='bbox 2703 3794 2828 3862; x_wconf 71' lang='grc' dir='ltr'>περὶ</span> <span class='ocrx_word' id='word_1_794' title='bbox 2849 3793 3160 3862; x_wconf 83' lang='grc' dir='ltr'>ὀφλήματος</span> <span class='ocrx_word' id='word_1_795' title='bbox 3187 3789 3334 3858; x_wconf 91' lang='grc' dir='ltr'>λέγει</span> <span class='ocrx_word' id='word_1_796' title='bbox 3354 3803 3366 3816; x_wconf 86' lang='grc'><strong>·</strong></span> <span class='ocrx_word' id='word_1_797' title='bbox 3393 3787 3659 3847; x_wconf 90' lang='grc' dir='ltr'>τουτέστι,</span> <span class='ocrx_word' id='word_1_798' title='bbox 3691 3785 3756 3836; x_wconf 82' lang='grc' dir='ltr'>τὸ</span> 
     </span>
    </p>
   </div>
   <div class='ocr_carea' id='block_1_102' title="bbox 2168 3869 3758 3951">
    <p class='ocr_par' dir='ltr' id='par_1_102' title="bbox 2168 3869 3758 3951">
     <span class='ocr_line' id='line_1_102' title="bbox 2168 3869 3758 3951; baseline -0.008 -19"><span class='ocrx_word' id='word_1_799' title='bbox 2168 3879 2466 3951; x_wconf 85' lang='grc' dir='ltr'>μαρτύριον</span> <span class='ocrx_word' id='word_1_800' title='bbox 2494 3877 2594 3947; x_wconf 89' lang='grc' dir='ltr'>τῆς</span> <span class='ocrx_word' id='word_1_801' title='bbox 2621 3875 2897 3946; x_wconf 82' lang='grc' dir='ltr'>βασιλείας</span> <span class='ocrx_word' id='word_1_802' title='bbox 2932 3874 3068 3945; x_wconf 84' lang='grc' dir='ltr'>μετά</span> <span class='ocrx_word' id='word_1_803' title='bbox 3091 3871 3402 3945; x_wconf 70' lang='grc' dir='ltr'>παρρησίας</span> <span class='ocrx_word' id='word_1_804' title='bbox 3430 3871 3593 3923; x_wconf 80' lang='grc' dir='ltr'>πᾶσιν</span> <span class='ocrx_word' id='word_1_805' title='bbox 3617 3869 3758 3921; x_wconf 88' lang='grc' dir='ltr'>ἀπε-</span> 
     </span>
    </p>
   </div>
   <div class='ocr_carea' id='block_1_103' title="bbox 2163 3953 3754 4028">
    <p class='ocr_par' dir='ltr' id='par_1_103' title="bbox 2163 3953 3754 4028">
     <span class='ocr_line' id='line_1_103' title="bbox 2163 3953 3754 4028; baseline -0.008 -12"><span class='ocrx_word' id='word_1_806' title='bbox 2163 3962 2336 4016; x_wconf 86' lang='grc' dir='ltr'>δίδουν</span> <span class='ocrx_word' id='word_1_807' title='bbox 2367 3960 2418 4016; x_wconf 73' lang='grc' dir='ltr'>ἀ.</span> <span class='ocrx_word' id='word_1_808' title='bbox 2447 3959 2626 4028; x_wconf 87' lang='grc' dir='ltr'>Χάρις</span> <span class='ocrx_word' id='word_1_809' title='bbox 2662 3975 2726 4012; x_wconf 91' lang='grc' dir='ltr'>τε</span> <span class='ocrx_word' id='word_1_810' title='bbox 2759 3957 2990 4028; x_wconf 80' lang='grc' dir='ltr'>μεγάλη</span> <span class='ocrx_word' id='word_1_811' title='bbox 3013 3953 3092 4026; x_wconf 84' lang='grc' dir='ltr'>ἦν</span> <span class='ocrx_word' id='word_1_812' title='bbox 3117 3956 3215 4009; x_wconf 77' lang='grc' dir='ltr'>ἐπὶ</span> <span class='ocrx_word' id='word_1_813' title='bbox 3249 3955 3480 4020; x_wconf 85' lang='grc' dir='ltr'>πάντας</span> <span class='ocrx_word' id='word_1_814' title='bbox 3499 3953 3754 4018; x_wconf 69' lang='grc' dir='ltr'>αὐτούς’</span> 
     </span>
    </p>
   </div>
   <div class='ocr_carea' id='block_1_104' title="bbox 2165 4036 3759 4113">
    <p class='ocr_par' dir='ltr' id='par_1_104' title="bbox 2165 4036 3759 4113">
     <span class='ocr_line' id='line_1_104' title="bbox 2165 4036 3759 4113; baseline -0.007 -14"><span class='ocrx_word' id='word_1_815' title='bbox 2165 4044 2308 4100; x_wconf 80' lang='grc' dir='ltr'>οὐδὲ</span> <span class='ocrx_word' id='word_1_816' title='bbox 2335 4044 2445 4113; x_wconf 77' lang='grc' dir='ltr'>γὰρ</span> <span class='ocrx_word' id='word_1_817' title='bbox 2470 4042 2682 4108; x_wconf 82' lang='grc' dir='ltr'>ἐνδεής</span> <span class='ocrx_word' id='word_1_818' title='bbox 2713 4059 2805 4107; x_wconf 88' lang='grc' dir='ltr'>τις</span> <span class='ocrx_word' id='word_1_819' title='bbox 2835 4038 3110 4108; x_wconf 79' lang='grc' dir='ltr'>ὑπῆρχεν</span> <span class='ocrx_word' id='word_1_820' title='bbox 3132 4040 3202 4093; x_wconf 89' lang='grc' dir='ltr'>ἐν</span> <span class='ocrx_word' id='word_1_821' title='bbox 3228 4037 3452 4103; x_wconf 81' lang='grc' dir='ltr'>αὐτοῖς.</span> <span class='ocrx_word' id='word_1_822' title='bbox 3485 4036 3759 4104; x_wconf 83' lang='grc' dir='ltr'>Καθάπερ</span> 
     </span>
    </p>
   </div>
   <div class='ocr_carea' id='block_1_105' title="bbox 2165 4122 3758 4204">
    <p class='ocr_par' dir='ltr' id='par_1_105' title="bbox 2165 4122 3758 4204">
     <span class='ocr_line' id='line_1_105' title="bbox 2165 4122 3758 4204; baseline -0.008 -17"><span class='ocrx_word' id='word_1_823' title='bbox 2165 4135 2224 4188; x_wconf 82' lang='grc' dir='ltr'>ἐν</span> <span class='ocrx_word' id='word_1_824' title='bbox 2272 4133 2420 4204; x_wconf 75' lang='grc' dir='ltr'>οἰκία</span> <span class='ocrx_word' id='word_1_825' title='bbox 2471 4133 2711 4202; x_wconf 83' lang='grc' dir='ltr'>πατρικῇ</span> <span class='ocrx_word' id='word_1_826' title='bbox 2759 4130 2867 4183; x_wconf 72' lang='grc' dir='ltr'>υἱοὶ</span> <span class='ocrx_word' id='word_1_827' title='bbox 2896 4127 3150 4198; x_wconf 79' lang='grc' dir='ltr'>ὁμότιμοι</span> <span class='ocrx_word' id='word_1_828' title='bbox 3189 4126 3389 4188; x_wconf 84' lang='grc' dir='ltr'>πάντες</span> <span class='ocrx_word' id='word_1_829' title='bbox 3413 4165 3428 4188; x_wconf 93' lang='grc'>,</span> <span class='ocrx_word' id='word_1_830' title='bbox 3464 4123 3608 4177; x_wconf 86' lang='grc' dir='ltr'>οῦτω</span> <span class='ocrx_word' id='word_1_831' title='bbox 3644 4122 3758 4176; x_wconf 85' lang='grc' dir='ltr'>διέ-</span> 
     </span>
    </p>
   </div>
   <div class='ocr_carea' id='block_1_106' title="bbox 2167 4205 3761 4282">
    <p class='ocr_par' dir='ltr' id='par_1_106' title="bbox 2167 4205 3761 4282">
     <span class='ocr_line' id='line_1_106' title="bbox 2167 4205 3761 4282; baseline -0.01 -9"><span class='ocrx_word' id='word_1_832' title='bbox 2167 4236 2367 4273; x_wconf 89' lang='grc' dir='ltr'>κειντο.</span> <span class='ocrx_word' id='word_1_833' title='bbox 2427 4217 2542 4270; x_wconf 81' lang='grc' dir='ltr'>Οὐκ</span> <span class='ocrx_word' id='word_1_834' title='bbox 2582 4214 2660 4268; x_wconf 83' lang='grc' dir='ltr'>ἐνι</span> <span class='ocrx_word' id='word_1_835' title='bbox 2710 4212 2818 4282; x_wconf 77' lang='grc' dir='ltr'>γάρ</span> <span class='ocrx_word' id='word_1_836' title='bbox 2841 4214 3036 4276; x_wconf 78' lang='grc' dir='ltr'>εἰπεῖν,</span> <span class='ocrx_word' id='word_1_837' title='bbox 3089 4211 3170 4264; x_wconf 81' lang='grc' dir='ltr'>ὅτι</span> <span class='ocrx_word' id='word_1_838' title='bbox 3209 4209 3435 4279; x_wconf 76' lang='grc' dir='ltr'>ἔτρεφον</span> <span class='ocrx_word' id='word_1_839' title='bbox 3483 4206 3580 4276; x_wconf 87' lang='grc' dir='ltr'>μὲν</span> <span class='ocrx_word' id='word_1_840' title='bbox 3631 4205 3761 4268; x_wconf 79' lang='grc' dir='ltr'>τοῦς</span> 
     </span>
    </p>
   </div>
   <div class='ocr_carea' id='block_1_107' title="bbox 2167 4290 3756 4366">
    <p class='ocr_par' dir='ltr' id='par_1_107' title="bbox 2167 4290 3756 4366">
     <span class='ocr_line' id='line_1_107' title="bbox 2167 4290 3756 4366; baseline -0.009 -9"><span class='ocrx_word' id='word_1_841' title='bbox 2167 4303 2357 4366; x_wconf 77' lang='grc' dir='ltr'>ἄλλους</span> <span class='ocrx_word' id='word_1_842' title='bbox 2385 4316 2397 4328; x_wconf 87' lang='grc'><strong>·</strong></span> <span class='ocrx_word' id='word_1_843' title='bbox 2423 4300 2500 4364; x_wconf 86' lang='grc' dir='ltr'>ὡς</span> <span class='ocrx_word' id='word_1_844' title='bbox 2545 4298 2606 4363; x_wconf 83' lang='grc' dir='ltr'>ἐξ</span> <span class='ocrx_word' id='word_1_845' title='bbox 2647 4297 2793 4351; x_wconf 88' lang='grc' dir='ltr'>ἰδίων</span> <span class='ocrx_word' id='word_1_846' title='bbox 2842 4295 2900 4348; x_wconf 80' lang='grc' dir='ltr'>δὲ</span> <span class='ocrx_word' id='word_1_847' title='bbox 2927 4295 3239 4366; x_wconf 84' lang='grc' dir='ltr'>τρέφοντες,</span> <span class='ocrx_word' id='word_1_848' title='bbox 3284 4291 3426 4346; x_wconf 75' lang='grc' dir='ltr'>οὕτω</span> <span class='ocrx_word' id='word_1_849' title='bbox 3470 4290 3756 4344; x_wconf 88' lang='grc' dir='ltr'>διέκειντο.</span> 
     </span>
    </p>
   </div>
   <div class='ocr_carea' id='block_1_108' title="bbox 2180 4373 3759 4453">
    <p class='ocr_par' dir='ltr' id='par_1_108' title="bbox 2180 4373 3759 4453">
     <span class='ocr_line' id='line_1_108' title="bbox 2180 4373 3759 4453; baseline -0.01 -13"><span class='ocrx_word' id='word_1_850' title='bbox 2180 4386 2343 4440; x_wconf 79' lang='grc' dir='ltr'>’Λλλά</span> <span class='ocrx_word' id='word_1_851' title='bbox 2369 4385 2429 4438; x_wconf 82' lang='grc' dir='ltr'>τὸ</span> <span class='ocrx_word' id='word_1_852' title='bbox 2450 4381 2758 4453; x_wconf 83' lang='grc' dir='ltr'>θαυμαστὸν</span> <span class='ocrx_word' id='word_1_853' title='bbox 2788 4377 2947 4433; x_wconf 88' lang='grc' dir='ltr'>τοῦτό</span> <span class='ocrx_word' id='word_1_854' title='bbox 2975 4381 3140 4439; x_wconf 91' lang='grc' dir='ltr'>ἐστιν,</span> <span class='ocrx_word' id='word_1_855' title='bbox 3162 4377 3246 4431; x_wconf 80' lang='grc' dir='ltr'>δτι</span> <span class='ocrx_word' id='word_1_856' title='bbox 3279 4374 3488 4428; x_wconf 85' lang='grc' dir='ltr'>ἐαυτῶν</span> <span class='ocrx_word' id='word_1_857' title='bbox 3513 4373 3759 4443; x_wconf 81' lang='grc' dir='ltr'>ἀποστή-</span> 
     </span>
    </p>
   </div>
   <div class='ocr_carea' id='block_1_109' title="bbox 2170 4455 3762 4538">
    <p class='ocr_par' dir='ltr' id='par_1_109' title="bbox 2170 4455 3762 4538">
     <span class='ocr_line' id='line_1_109' title="bbox 2170 4455 3762 4538; baseline -0.013 -12"><span class='ocrx_word' id='word_1_858' title='bbox 2170 4488 2361 4534; x_wconf 87' lang='grc' dir='ltr'>σαντες</span> <span class='ocrx_word' id='word_1_859' title='bbox 2389 4469 2457 4523; x_wconf 82' lang='grc' dir='ltr'>τὰ</span> <span class='ocrx_word' id='word_1_860' title='bbox 2491 4465 2816 4538; x_wconf 86' lang='grc' dir='ltr'>πράγματα,</span> <span class='ocrx_word' id='word_1_861' title='bbox 2841 4461 3013 4524; x_wconf 85' lang='grc' dir='ltr'>οῦτως</span> <span class='ocrx_word' id='word_1_862' title='bbox 3047 4460 3295 4531; x_wconf 76' lang='grc' dir='ltr'>ἔτρεφον,</span> <span class='ocrx_word' id='word_1_863' title='bbox 3331 4459 3417 4513; x_wconf 82' lang='grc' dir='ltr'>ἵνα</span> <span class='ocrx_word' id='word_1_864' title='bbox 3459 4456 3655 4526; x_wconf 76' lang='grc' dir='ltr'>μηκέτι</span> <span class='ocrx_word' id='word_1_865' title='bbox 3684 4455 3762 4518; x_wconf 82' lang='grc' dir='ltr'>ὡς</span> 
     </span>
    </p>
   </div>
   <div class='ocr_carea' id='block_1_110' title="bbox 2169 4540 3759 4618">
    <p class='ocr_par' dir='ltr' id='par_1_110' title="bbox 2169 4540 3759 4618">
     <span class='ocr_line' id='line_1_110' title="bbox 2169 4540 3759 4618; baseline -0.011 -10"><span class='ocrx_word' id='word_1_866' title='bbox 2169 4555 2228 4618; x_wconf 80' lang='grc' dir='ltr'>ἐξ</span> <span class='ocrx_word' id='word_1_867' title='bbox 2257 4554 2421 4614; x_wconf 88' lang='grc' dir='ltr'>ἰδίων,</span> <span class='ocrx_word' id='word_1_868' title='bbox 2449 4551 2562 4604; x_wconf 82' lang='grc' dir='ltr'>ἀλλ’</span> <span class='ocrx_word' id='word_1_869' title='bbox 2589 4550 2664 4612; x_wconf 87' lang='grc' dir='ltr'>ώς</span> <span class='ocrx_word' id='word_1_870' title='bbox 2683 4549 2747 4600; x_wconf 84' lang='grc' dir='ltr'>ἐκ</span> <span class='ocrx_word' id='word_1_871' title='bbox 2769 4545 2968 4599; x_wconf 87' lang='grc' dir='ltr'>κοινῶν</span> <span class='ocrx_word' id='word_1_872' title='bbox 2997 4543 3217 4614; x_wconf 84' lang='grc' dir='ltr'>τρέφειν</span> <span class='ocrx_word' id='word_1_873' title='bbox 3246 4540 3502 4594; x_wconf 88' lang='grc' dir='ltr'>δοκῶσιν.</span> <span class='ocrx_word' id='word_1_874' title='bbox 3527 4541 3702 4592; x_wconf 85' lang='grc' dir='ltr'>Ὅσοι</span> <span class='ocrx_word' id='word_1_875' title='bbox 3734 4548 3759 4577; x_wconf 76' lang='grc' dir='ltr'>ε</span> 
     </span>
    </p>
   </div>
   <div class='ocr_carea' id='block_1_111' title="bbox 2169 4622 3761 4701">
    <p class='ocr_par' dir='ltr' id='par_1_111' title="bbox 2169 4622 3761 4701">
     <span class='ocr_line' id='line_1_111' title="bbox 2169 4622 3761 4701; baseline -0.009 -13"><span class='ocrx_word' id='word_1_876' title='bbox 2169 4636 2236 4690; x_wconf 76' lang='grc' dir='ltr'>δὲ</span> <span class='ocrx_word' id='word_1_877' title='bbox 2291 4636 2573 4701; x_wconf 68' lang='grc' dir='ltr'>κτήτορες</span> <span class='ocrx_word' id='word_1_878' title='bbox 2635 4630 2869 4700; x_wconf 86' lang='grc' dir='ltr'>χωρίων</span> <span class='ocrx_word' id='word_1_879' title='bbox 2911 4627 2949 4696; x_wconf 86' lang='grc' dir='ltr'><strong><em>ἣ</em></strong></span> <span class='ocrx_word' id='word_1_880' title='bbox 3001 4625 3207 4680; x_wconf 85' lang='grc' dir='ltr'>οἰκιῶν</span> <span class='ocrx_word' id='word_1_881' title='bbox 3260 4622 3582 4692; x_wconf 82' lang='grc' dir='ltr'>ὑπῆρχον,</span> <span class='ocrx_word' id='word_1_882' title='bbox 3639 4635 3761 4676; x_wconf 84' lang='grc' dir='ltr'>πω-</span> 
     </span>
    </p>
   </div>
   <div class='ocr_carea' id='block_1_112' title="bbox 2169 4703 3762 4786">
    <p class='ocr_par' dir='ltr' id='par_1_112' title="bbox 2169 4703 3762 4786">
     <span class='ocr_line' id='line_1_112' title="bbox 2169 4703 3762 4786; baseline -0.013 -11"><span class='ocrx_word' id='word_1_883' title='bbox 2169 4719 2425 4784; x_wconf 82' lang='grc' dir='ltr'>λοῦντες</span> <span class='ocrx_word' id='word_1_884' title='bbox 2457 4717 2675 4786; x_wconf 69' lang='grc' dir='ltr'>ἔφερον</span> <span class='ocrx_word' id='word_1_885' title='bbox 2707 4715 2813 4779; x_wconf 84' lang='grc' dir='ltr'>τὰς</span> <span class='ocrx_word' id='word_1_886' title='bbox 2853 4709 3026 4782; x_wconf 81' lang='grc' dir='ltr'>τιμὰς</span> <span class='ocrx_word' id='word_1_887' title='bbox 3057 4708 3177 4763; x_wconf 84' lang='grc' dir='ltr'>τῶν</span> <span class='ocrx_word' id='word_1_888' title='bbox 3216 4703 3723 4774; x_wconf 83' lang='grc' dir='ltr'>πιπρασκομένων</span> <span class='ocrx_word' id='word_1_889' title='bbox 3744 4743 3762 4769; x_wconf 89' lang='grc'>,</span> 
     </span>
    </p>
   </div>
   <div class='ocr_carea' id='block_1_113' title="bbox 2172 4789 3760 4866">
    <p class='ocr_par' dir='ltr' id='par_1_113' title="bbox 2172 4789 3760 4866">
     <span class='ocr_line' id='line_1_113' title="bbox 2172 4789 3760 4866; baseline -0.009 -8"><span class='ocrx_word' id='word_1_890' title='bbox 2172 4804 2269 4858; x_wconf 84' lang='grc' dir='ltr'>καί</span> <span class='ocrx_word' id='word_1_891' title='bbox 2299 4801 2579 4857; x_wconf 82' lang='grc' dir='ltr'>ἐτίθεσαν</span> <span class='ocrx_word' id='word_1_892' title='bbox 2617 4798 2778 4866; x_wconf 86' lang='grc' dir='ltr'>παρὰ</span> <span class='ocrx_word' id='word_1_893' title='bbox 2814 4795 2959 4862; x_wconf 87' lang='grc' dir='ltr'>τοὺς</span> <span class='ocrx_word' id='word_1_894' title='bbox 3001 4792 3191 4857; x_wconf 85' lang='grc' dir='ltr'>πόδας</span> <span class='ocrx_word' id='word_1_895' title='bbox 3227 4790 3346 4844; x_wconf 86' lang='grc' dir='ltr'>τῶν</span> <span class='ocrx_word' id='word_1_896' title='bbox 3375 4789 3760 4843; x_wconf 83' lang='grc' dir='ltr'>ἀποστόλων.</span> 
     </span>
    </p>
   </div>
   <div class='ocr_carea' id='block_1_114' title="bbox 2172 4868 3760 4946">
    <p class='ocr_par' dir='ltr' id='par_1_114' title="bbox 2172 4868 3760 4946">
     <span class='ocr_line' id='line_1_114' title="bbox 2172 4868 3760 4946; baseline -0.012 -5"><span class='ocrx_word' id='word_1_897' title='bbox 2172 4884 2467 4941; x_wconf 85' lang='grc' dir='ltr'>Διεδίδοτο</span> <span class='ocrx_word' id='word_1_898' title='bbox 2489 4883 2556 4936; x_wconf 81' lang='grc' dir='ltr'>δὲ</span> <span class='ocrx_word' id='word_1_899' title='bbox 2587 4883 2823 4946; x_wconf 83' lang='grc' dir='ltr'>ἑκάστῳ</span> <span class='ocrx_word' id='word_1_900' title='bbox 2866 4880 3072 4932; x_wconf 86' lang='grc' dir='ltr'>καθότι</span> <span class='ocrx_word' id='word_1_901' title='bbox 3113 4876 3191 4929; x_wconf 81' lang='grc' dir='ltr'>ἄν</span> <span class='ocrx_word' id='word_1_902' title='bbox 3234 4892 3322 4940; x_wconf 84' lang='grc' dir='ltr'>τις</span> <span class='ocrx_word' id='word_1_903' title='bbox 3358 4872 3567 4940; x_wconf 81' lang='grc' dir='ltr'>χρείαν</span> <span class='ocrx_word' id='word_1_904' title='bbox 3612 4868 3760 4940; x_wconf 80' lang='grc' dir='ltr'>εἶχε.</span> 
     </span>
    </p>
   </div>
   <div class='ocr_carea' id='block_1_115' title="bbox 2173 4954 3763 5043">
    <p class='ocr_par' dir='ltr' id='par_1_115' title="bbox 2173 4954 3763 5043">
     <span class='ocr_line' id='line_1_115' title="bbox 2173 4954 3763 5043; baseline -0.012 -17"><span class='ocrx_word' id='word_1_905' title='bbox 2173 4971 2348 5043; x_wconf 83' lang='grc' dir='ltr'>Πολλὴ</span> <span class='ocrx_word' id='word_1_906' title='bbox 2390 4972 2422 5040; x_wconf 81' lang='grc' dir='ltr'><strong>ἡ</strong></span> <span class='ocrx_word' id='word_1_907' title='bbox 2455 4967 2624 5038; x_wconf 82' lang='grc' dir='ltr'>τιμὴ,</span> <span class='ocrx_word' id='word_1_908' title='bbox 2659 4967 2712 5019; x_wconf 82' lang='grc' dir='ltr'>εῐ</span> <span class='ocrx_word' id='word_1_909' title='bbox 2733 4981 2796 5034; x_wconf 91' lang='grc' dir='ltr'>γε</span> <span class='ocrx_word' id='word_1_910' title='bbox 2833 4964 2907 5034; x_wconf 81' lang='grc' dir='ltr'>μὴ</span> <span class='ocrx_word' id='word_1_911' title='bbox 2935 4965 3014 5025; x_wconf 90' lang='grc' dir='ltr'>εἰς</span> <span class='ocrx_word' id='word_1_912' title='bbox 3042 4962 3252 5031; x_wconf 87' lang='grc' dir='ltr'>χεῖρας,</span> <span class='ocrx_word' id='word_1_913' title='bbox 3278 4956 3428 5043; x_wconf 78' lang='grc' dir='ltr'>ἀλλά</span> <span class='ocrx_word' id='word_1_914' title='bbox 3456 4954 3609 5043; x_wconf 84' lang='grc' dir='ltr'>παρά</span> <span class='ocrx_word' id='word_1_915' title='bbox 3637 4955 3763 5043; x_wconf 78' lang='grc' dir='ltr'>τοὺς</span> 
     </span>
    </p>
   </div>
   <div class='ocr_carea' id='block_1_116' title="bbox 2175 5041 3765 5118">
    <p class='ocr_par' dir='ltr' id='par_1_116' title="bbox 2175 5041 3765 5118">
     <span class='ocr_line' id='line_1_116' title="bbox 2175 5041 3765 5118; baseline -0.013 -7"><span class='ocrx_word' id='word_1_916' title='bbox 2175 5041 2345 5118; x_wconf 82' lang='grc' dir='ltr'>πόδας</span> <span class='ocrx_word' id='word_1_917' title='bbox 2371 5052 2480 5106; x_wconf 88' lang='grc' dir='ltr'>τῶν</span> <span class='ocrx_word' id='word_1_918' title='bbox 2507 5049 2819 5104; x_wconf 79' lang='grc' dir='ltr'>ἀποστόλων</span> <span class='ocrx_word' id='word_1_919' title='bbox 2847 5045 3075 5099; x_wconf 85' lang='grc' dir='ltr'>ἐτίθουν.</span> <span class='ocrx_word' id='word_1_920' title='bbox 3123 5042 3338 5112; x_wconf 79' lang='grc' dir='ltr'>ἰωσῆς</span> <span class='ocrx_word' id='word_1_921' title='bbox 3359 5041 3428 5094; x_wconf 89' lang='grc' dir='ltr'>δὲ</span> <span class='ocrx_word' id='word_1_922' title='bbox 3465 5043 3497 5094; x_wconf 88' lang='grc' dir='ltr'>ό</span> <span class='ocrx_word' id='word_1_923' title='bbox 3524 5041 3765 5108; x_wconf 81' lang='grc' dir='ltr'>ἐπικλη-</span> 
     </span>
    </p>
   </div>
   <div class='ocr_carea' id='block_1_117' title="bbox 2175 5123 3765 5205">
    <p class='ocr_par' dir='ltr' id='par_1_117' title="bbox 2175 5123 3765 5205">
     <span class='ocr_line' id='line_1_117' title="bbox 2175 5123 3765 5205; baseline -0.013 -11"><span class='ocrx_word' id='word_1_924' title='bbox 2175 5141 2297 5205; x_wconf 86' lang='grc' dir='ltr'>θείς</span> <span class='ocrx_word' id='word_1_925' title='bbox 2321 5133 2629 5205; x_wconf 79' lang='grc' dir='ltr'>Βαρνάϐας</span> <span class='ocrx_word' id='word_1_926' title='bbox 2653 5131 2771 5187; x_wconf 84' lang='grc' dir='ltr'>ὑπὸ</span> <span class='ocrx_word' id='word_1_927' title='bbox 2795 5129 2913 5184; x_wconf 86' lang='grc' dir='ltr'>τῶν</span> <span class='ocrx_word' id='word_1_928' title='bbox 2943 5127 3322 5192; x_wconf 81' lang='grc' dir='ltr'>ἀποστόλων,</span> <span class='ocrx_word' id='word_1_929' title='bbox 3349 5124 3383 5177; x_wconf 83' lang='grc' dir='ltr'><em>ὅ</em></span> <span class='ocrx_word' id='word_1_930' title='bbox 3412 5123 3542 5177; x_wconf 82' lang='grc' dir='ltr'>ἐστι</span> <span class='ocrx_word' id='word_1_931' title='bbox 3566 5126 3765 5192; x_wconf 75' lang='grc' dir='ltr'>μεθερο</span> 
     </span>
    </p>
   </div>
   <div class='ocr_carea' id='block_1_118' title="bbox 2170 5206 3762 5292">
    <p class='ocr_par' dir='ltr' id='par_1_118' title="bbox 2170 5206 3762 5292">
     <span class='ocr_line' id='line_1_118' title="bbox 2170 5206 3762 5292; baseline -0.012 -17"><span class='ocrx_word' id='word_1_932' title='bbox 2170 5220 2605 5292; x_wconf 82' lang='grc' dir='ltr'>μηνευόμενον,</span> <span class='ocrx_word' id='word_1_933' title='bbox 2659 5215 2793 5279; x_wconf 82' lang='grc' dir='ltr'>Υἱὸς</span> <span class='ocrx_word' id='word_1_934' title='bbox 2852 5210 3308 5279; x_wconf 77' lang='grc' dir='ltr'>παρακλήσεως.</span> <span class='ocrx_word' id='word_1_935' title='bbox 3360 5207 3435 5260; x_wconf 78' lang='grc' dir='ltr'>Οὐ</span> <span class='ocrx_word' id='word_1_936' title='bbox 3477 5206 3624 5292; x_wconf 77' lang='grc' dir='ltr'>δοκεῖ</span> <span class='ocrx_word' id='word_1_937' title='bbox 3673 5220 3762 5292; x_wconf 70' lang='grc' dir='ltr'>μοι</span> 
     </span>
    </p>
   </div>
   <div class='ocr_carea' id='block_1_119' title="bbox 2175 5287 3763 5369">
    <p class='ocr_par' dir='ltr' id='par_1_119' title="bbox 2175 5287 3763 5369">
     <span class='ocr_line' id='line_1_119' title="bbox 2175 5287 3763 5369; baseline -0.013 -10"><span class='ocrx_word' id='word_1_938' title='bbox 2175 5287 2330 5369; x_wconf 75' lang='grc' dir='ltr'>οὗτος</span> <span class='ocrx_word' id='word_1_939' title='bbox 2361 5287 2564 5364; x_wconf 78' lang='grc' dir='ltr'>ἐκεῖνος</span> <span class='ocrx_word' id='word_1_940' title='bbox 2599 5295 2736 5354; x_wconf 84' lang='grc' dir='ltr'>εἶναι</span> <span class='ocrx_word' id='word_1_941' title='bbox 2763 5300 2791 5352; x_wconf 83' lang='grc' dir='ltr'>ὁ</span> <span class='ocrx_word' id='word_1_942' title='bbox 2824 5297 2962 5369; x_wconf 88' lang='grc' dir='ltr'>μετά</span> <span class='ocrx_word' id='word_1_943' title='bbox 2993 5293 3266 5349; x_wconf 83' lang='grc' dir='ltr'>Ματθίου·</span> <span class='ocrx_word' id='word_1_944' title='bbox 3303 5292 3510 5355; x_wconf 86' lang='grc' dir='ltr'>ἐκεῖνος</span> <span class='ocrx_word' id='word_1_945' title='bbox 3535 5288 3642 5360; x_wconf 76' lang='grc' dir='ltr'>γὰρ</span> <span class='ocrx_word' id='word_1_946' title='bbox 3668 5287 3763 5341; x_wconf 76' lang='grc' dir='ltr'>καὶ</span> 
     </span>
    </p>
   </div>
   <div class='ocr_carea' id='block_1_120' title="bbox 2189 5370 3760 5460">
    <p class='ocr_par' dir='ltr' id='par_1_120' title="bbox 2189 5370 3760 5460">
     <span class='ocr_line' id='line_1_120' title="bbox 2189 5370 3760 5460; baseline -0.013 -17"><span class='ocrx_word' id='word_1_947' title='bbox 2189 5389 2378 5460; x_wconf 75' lang='grc' dir='ltr'>’ῐωαῆς</span> <span class='ocrx_word' id='word_1_948' title='bbox 2409 5387 2626 5455; x_wconf 87' lang='grc' dir='ltr'>ἐλέγετο</span> <span class='ocrx_word' id='word_1_949' title='bbox 2662 5383 2754 5437; x_wconf 81' lang='grc' dir='ltr'>καὶ</span> <span class='ocrx_word' id='word_1_950' title='bbox 2784 5379 3097 5452; x_wconf 79' lang='grc' dir='ltr'>Βαρσαϐᾶς,</span> <span class='ocrx_word' id='word_1_951' title='bbox 3140 5376 3366 5448; x_wconf 79' lang='grc' dir='ltr'>ὕστερον</span> <span class='ocrx_word' id='word_1_952' title='bbox 3402 5374 3460 5427; x_wconf 84' lang='grc' dir='ltr'>δέ</span> <span class='ocrx_word' id='word_1_953' title='bbox 3488 5370 3760 5460; x_wconf 77' lang='grc' dir='ltr'>ἐπεκλήθη</span> 
     </span>
    </p>
   </div>
   <div class='ocr_carea' id='block_1_121' title="bbox 2179 5455 3762 5534">
    <p class='ocr_par' dir='ltr' id='par_1_121' title="bbox 2179 5455 3762 5534">
     <span class='ocr_line' id='line_1_121' title="bbox 2179 5455 3762 5534; baseline -0.013 -8"><span class='ocrx_word' id='word_1_954' title='bbox 2179 5473 2272 5525; x_wconf 75' lang='grc' dir='ltr'>καὶ</span> <span class='ocrx_word' id='word_1_955' title='bbox 2314 5455 2571 5532; x_wconf 63' lang='grc' dir='ltr'>Ἰοῦστος·</span> <span class='ocrx_word' id='word_1_956' title='bbox 2598 5461 2753 5530; x_wconf 75' lang='grc' dir='ltr'>οὗτος</span> <span class='ocrx_word' id='word_1_957' title='bbox 2782 5465 2838 5519; x_wconf 83' lang='grc' dir='ltr'>δὲ</span> <span class='ocrx_word' id='word_1_958' title='bbox 2869 5461 3177 5534; x_wconf 80' lang='grc' dir='ltr'>Βαρνάϐας,</span> <span class='ocrx_word' id='word_1_959' title='bbox 3205 5461 3320 5524; x_wconf 82' lang='grc' dir='ltr'>υἱὸς</span> <span class='ocrx_word' id='word_1_960' title='bbox 3365 5455 3762 5528; x_wconf 83' lang='grc' dir='ltr'>παρακλήσεως</span> 
     </span>
    </p>
   </div>
   <div class='ocr_carea' id='block_1_122' title="bbox 2179 5539 3761 5621">
    <p class='ocr_par' dir='ltr' id='par_1_122' title="bbox 2179 5539 3761 5621">
     <span class='ocr_line' id='line_1_122' title="bbox 2179 5539 3761 5621; baseline -0.015 -11"><span class='ocrx_word' id='word_1_961' title='bbox 2179 5556 2286 5610; x_wconf 79' lang='grc' dir='ltr'>ὑπὸ</span> <span class='ocrx_word' id='word_1_962' title='bbox 2309 5555 2418 5608; x_wconf 88' lang='grc' dir='ltr'>τῶν</span> <span class='ocrx_word' id='word_1_963' title='bbox 2453 5552 2766 5607; x_wconf 85' lang='grc' dir='ltr'>ἀποστόλων</span> <span class='ocrx_word' id='word_1_964' title='bbox 2791 5548 2908 5621; x_wconf 74' lang='lat'>{9|}</span> <span class='ocrx_word' id='word_1_965' title='bbox 2945 5544 3328 5616; x_wconf 86' lang='grc' dir='ltr'>ἐπωνομάσθη.</span> <span class='ocrx_word' id='word_1_966' title='bbox 3365 5542 3475 5596; x_wconf 77' lang='grc' dir='ltr'>Καὶ</span> <span class='ocrx_word' id='word_1_967' title='bbox 3503 5539 3652 5591; x_wconf 88' lang='grc' dir='ltr'>δοκεῖ</span> <span class='ocrx_word' id='word_1_968' title='bbox 3673 5552 3761 5621; x_wconf 85' lang='grc' dir='ltr'>μοι</span> 
     </span>
    </p>
   </div>
   <div class='ocr_carea' id='block_1_123' title="bbox 2186 5619 3768 5708">
    <p class='ocr_par' dir='ltr' id='par_1_123' title="bbox 2186 5619 3768 5708">
     <span class='ocr_line' id='line_1_123' title="bbox 2186 5619 3768 5708; baseline -0.015 -14"><span class='ocrx_word' id='word_1_969' title='bbox 2186 5640 2294 5694; x_wconf 86' lang='grc' dir='ltr'>ἀπὸ</span> <span class='ocrx_word' id='word_1_970' title='bbox 2322 5638 2420 5708; x_wconf 84' lang='grc' dir='ltr'>τῆς</span> <span class='ocrx_word' id='word_1_971' title='bbox 2447 5635 2649 5708; x_wconf 87' lang='grc' dir='ltr'>ἀρετῆς</span> <span class='ocrx_word' id='word_1_972' title='bbox 2677 5619 2958 5700; x_wconf 71' lang='grc' dir='ltr'>εἰληφέναι</span> <span class='ocrx_word' id='word_1_973' title='bbox 2997 5630 3056 5682; x_wconf 80' lang='grc' dir='ltr'>τὸ</span> <span class='ocrx_word' id='word_1_974' title='bbox 3085 5629 3277 5697; x_wconf 72' lang='grc' dir='ltr'>ὄνομα,</span> <span class='ocrx_word' id='word_1_975' title='bbox 3314 5625 3389 5688; x_wconf 85' lang='grc' dir='ltr'>ώς</span> <span class='ocrx_word' id='word_1_976' title='bbox 3419 5622 3554 5708; x_wconf 75' lang='grc' dir='ltr'>πρὸς</span> <span class='ocrx_word' id='word_1_977' title='bbox 3606 5619 3768 5708; x_wconf 67' lang='grc' dir='ltr'>τοῦτρ</span> 
     </span>
    </p>
   </div>
   <div class='ocr_carea' id='block_1_124' title="bbox 2189 5699 3770 5786">
    <p class='ocr_par' dir='ltr' id='par_1_124' title="bbox 2189 5699 3770 5786">
     <span class='ocr_line' id='line_1_124' title="bbox 2189 5699 3770 5786; baseline -0.014 -10"><span class='ocrx_word' id='word_1_978' title='bbox 2189 5699 2501 5786; x_wconf 64' lang='grc' dir='ltr'>ἱκανὺςών</span> <span class='ocrx_word' id='word_1_979' title='bbox 2530 5699 2622 5773; x_wconf 61' lang='grc' dir='ltr'>καί</span> <span class='ocrx_word' id='word_1_980' title='bbox 2677 5699 2999 5786; x_wconf 69' lang='grc' dir='ltr'>ἐπιτήδειος.</span> <span class='ocrx_word' id='word_1_981' title='bbox 3053 5711 3341 5777; x_wconf 85' lang='grc' dir='ltr'>Λευίτης,</span> <span class='ocrx_word' id='word_1_982' title='bbox 3394 5706 3647 5773; x_wconf 73' lang='grc' dir='ltr'>Κύπριος</span> <span class='ocrx_word' id='word_1_983' title='bbox 3685 5699 3770 5766; x_wconf 78' lang='grc' dir='ltr'>τῷ</span> 
     </span>
    </p>
   </div>
   <div class='ocr_carea' id='block_1_125' title="bbox 2228 5887 3779 5986">
    <p class='ocr_par' dir='ltr' id='par_1_125' title="bbox 2228 5887 3779 5986">
     <span class='ocr_line' id='line_1_125' title="bbox 2228 5887 3779 5986; baseline -0.016 -22"><span class='ocrx_word' id='word_1_984' title='bbox 2228 5911 2413 5986; x_wconf 61' lang='lat' dir='ltr'>§_Unus</span> <span class='ocrx_word' id='word_1_985' title='bbox 2435 5907 2647 5986; x_wconf 48' lang='lat' dir='ltr'>[imodn</span> <span class='ocrx_word' id='word_1_986' title='bbox 2671 5905 2837 5986; x_wconf 53' lang='lat' dir='ltr'>B.&#39;C.]</span> <span class='ocrx_word' id='word_1_987' title='bbox 2859 5904 3119 5986; x_wconf 40' lang='lat' dir='ltr'>5191mm</span> <span class='ocrx_word' id='word_1_988' title='bbox 3143 5900 3254 5974; x_wconf 63' lang='grc' dir='ltr'>ἄρα,</span> <span class='ocrx_word' id='word_1_989' title='bbox 3415 5912 3514 5986; x_wconf 35' lang='lat' dir='ltr'>mit;</span> <span class='ocrx_word' id='word_1_990' title='bbox 3538 5887 3779 5986; x_wconf 42' lang='grc' dir='ltr'>Πᾶσιν</span> 
     </span>
    </p>
   </div>
   <div class='ocr_carea' id='block_1_126' title="bbox 2190 5969 3766 6026">
    <p class='ocr_par' dir='ltr' id='par_1_126' title="bbox 2190 5969 3766 6026">
     <span class='ocr_line' id='line_1_126' title="bbox 2190 5969 3766 6026; baseline -0.015 -4"><span class='ocrx_word' id='word_1_991' title='bbox 2190 5975 2383 6026; x_wconf 69' lang='grc' dir='ltr'>ἐδίδουν.</span> <span class='ocrx_word' id='word_1_992' title='bbox 2409 5969 2476 6021; x_wconf 59' lang='grc' dir='ltr'>εἰῖπ</span> <span class='ocrx_word' id='word_1_993' title='bbox 2503 5987 2624 6020; x_wconf 73' lang='lat' dir='ltr'><strong>unus</strong></span> <span class='ocrx_word' id='word_1_994' title='bbox 2650 5969 2836 6019; x_wconf 54' lang='lat' dir='ltr'>md”.—</span> <span class='ocrx_word' id='word_1_995' title='bbox 2899 5973 2920 6000; x_wconf 81' lang='grc'><strong><em>⁸</em></strong></span> <span class='ocrx_word' id='word_1_996' title='bbox 2954 5969 3048 6017; x_wconf 77' lang='lat' dir='ltr'>Alii</span> <span class='ocrx_word' id='word_1_997' title='bbox 3080 5969 3250 6010; x_wconf 69' lang='grc' dir='ltr'>κοινῶν</span> <span class='ocrx_word' id='word_1_998' title='bbox 3283 5972 3514 6008; x_wconf 62' lang='lat' dir='ltr'>roznmecv</span> <span class='ocrx_word' id='word_1_999' title='bbox 3538 5972 3662 6000; x_wconf 72' lang='grc' dir='ltr'>ουτοι.</span> <span class='ocrx_word' id='word_1_1000' title='bbox 3759 5969 3766 6008; x_wconf 66' lang='grc' dir='ltr'>ι</span> 
     </span>
    </p>
   </div>
   <div class='ocr_carea' id='block_1_127' title="bbox 3747 6001 3778 6149">
    <p class='ocr_par' dir='ltr' id='par_1_127' title="bbox 3747 6001 3778 6149">
     <span class='ocr_line' id='line_1_127' title="bbox 3747 6001 3778 6149; baseline 0 0"><span class='ocrx_word' id='word_1_1001' title='bbox 3747 6001 3778 6149; x_wconf 75' lang='grc' dir='ltr'>ί</span> 
     </span>
    </p>
   </div>
  </div>
