3972 6212
238 336 301 388 {i3
1240 316 1306 372 IN
1345 316 1523 371 ACTA
1566 311 2083 369 APOSTOLOllUM.
2127 312 2357 367 llOMlL.
2401 310 2488 366 XI.
3461 315 3531 369 9;

235 440 397 512 pudet
421 437 493 492 ab
523 436 636 490 alio
661 432 899 489 erudiri?
926 441 982 487 et
1011 446 1222 486 servum
1255 429 1362 485 fers
1385 410 1435 483 te
1471 428 1611 481 circa
1635 433 1837 480 vestem

234 537 524 586 amantem
554 535 612 581 et
650 524 983 580 calceanteiu
1012 564 1026 587 ,
1075 536 1197 576 eum
1246 529 1426 574 autem
1475 517 1564 587 qui
1607 516 1838 569 animam

233 634 377 675 tuam
406 628 570 673 ornat
608 634 720 672 non
751 616 1029 669 sustines?
1073 614 1135 667 Et
1173 620 1384 682 quantm
1432 610 1533 662 hoc
1566 622 1671 661 non
1717 607 1841 659 insi-

233 711 451 782 pientia:
484 709 645 764 fuerit
672 712 687 764 ε
711 707 795 763 Sit
821 716 877 762 et
904 719 1094 760 servus
1121 703 1330 766 doctor,
1362 701 1429 754 sit
1460 697 1733 769 puerulus,
1772 697 1843 750 sit

234 822 399 871 uxor,
422 806 496 859 sit
514 803 725 857 amicus
750 802 792 867 ί,
816 807 1095 869 cognatus,
1117 796 1344 849 vicinus.
1367 792 1517 848 Sicut
1536 789 1677 844 enim
1707 789 1840 851 fera,

234 912 364 965 qua:
394 894 631 964 undique
655 891 895 961 pellitur,
924 904 1029 943 non
1062 894 1233 957 potest
1255 884 1491 953 effugere
1522 899 1535 933 :
1564 880 1641 934 sic
1664 879 1728 943 is,
1751 878 1842 946 qui

235 998 318 1043 tot
351 987 519 1042 habet
543 984 819 1051 custodes,
863 990 945 1036 tot
973 987 1328 1039 correctores,
1374 975 1463 1045 qui
1501 973 1734 1041 undique
1763 969 1842 1023 fe-

234 1084 401 1143 riant,
433 1096 541 1135 non
582 1086 764 1149 potest
786 1090 891 1131 non
915 1075 1016 1129 sibi
1059 1086 1266 1126 cavere.
1296 1068 1364 1123 Et
1405 1066 1578 1137 primo
1627 1061 1840 1134 quidem

298 1176 319 1203 ι
346 1170 521 1220 Morel.
544 1169 674 1233 legit
697 1182 711 1217 :
736 1166 805 1218 sit
845 1172 892 1217 et
926 1177 1095 1217 servus
1118 1165 1305 1221 doctor,
1330 1158 1391 1209 sit
1413 1155 1618 1214 amicus,
1648 1152 1842 1203 omissis

234 1234 565 1296 interpositis.

236 1362 513 1379 ,____._.

1947 425 2032 480 die
2063 441 2201 495 aegre
2238 426 2371 479 feret
2411 435 2566 495 atque
2600 427 2650 480 in
2688 427 2921 481 secundo
2959 437 3013 482 et
3052 429 3212 484 tertio
3248 448 3260 482 :
3292 440 3346 485 at
3381 434 3538 488 dein"

1946 529 2073 584 ceps
2113 530 2199 569 res
2224 517 2319 570 erit
2352 515 2577 579 facilior,
2610 526 2663 570 et
2696 527 2813 585 post
2837 527 3081 589 quartum
3120 536 3224 575 non
3260 522 3399 579 idem
3428 524 3529 578 erit

1947 606 2237 675 negotium.
2263 607 2560 661 Periculum
2591 608 2768 670 facile,
2797 612 2839 662 si
2866 611 3080 679 quidem
3114 627 3219 666 non
3252 615 3486 670 credatis
3514 635 3526 670 :

1946 714 2126 753 curaui
2158 698 2370 761 habete.
2404 698 2652 753 obsecro.
2698 699 2812 755 Non
2845 713 2924 755 est
2949 703 3066 758 leve
3096 716 3393 773 peccatum,
3436 724 3532 763 no-

1946 807 2049 861 que
2077 792 2211 846 levis
2239 793 2539 854 correctio;
2581 792 2675 846 sed
2712 795 2962 864 utrinque
3007 812 3253 867 maguum
3299 814 3392 853 seu
3437 800 3531 853 bo-

1948 898 2074 937 nuin
2100 897 2193 936 seu
2227 882 2444 936 malum.
2476 882 2689 938 Utinam
2723 885 2920 937 bonum
2958 886 3069 951 fiat,
3102 890 3269 956 gratia
3299 897 3353 943 et
3383 890 3533 944 beni-

1946 974 2145 1043 gnitate
2176 973 2384 1027 Domini
2412 974 2578 1029 nostri
2605 973 2730 1029 Jesu
2758 975 2978 1037 Christi,
3028 977 3242 1044 quicum
3286 980 3426 1034 Patci
3480 991 3533 1036 et

1947 1063 2166 1133 Spiritui
2190 1073 2376 1117 sancto
2397 1064 2587 1133 gloria,
2614 1064 2919 1133 imperium,
2943 1066 3137 1131 honor,
3162 1081 3308 1123 nunc
3336 1076 3532 1123 etsem-

1946 1170 2065 1225 per,
2098 1165 2150 1209 et
2182 1155 2232 1208 in
2261 1156 2453 1209 smcula
2490 1156 2830 1210 sat-culorum.
2862 1159 3055 1211 Amen.

524 1330 3352 1371 Mm

1660 1410 2006 1476 HOMILIA
2050 1408 2165 1470 Χι.

241 1583 376 1637 Car.
403 1582 458 1636 ι.
490 1595 543 1630 v.
575 1578 653 1632 25
707 1573 918 1628 Dimissi
945 1580 1113 1625 autem
1138 1575 1376 1623 venerunt
1397 1566 1463 1618 ad
1493 1576 1647 1625 suos;
1677 1568 1721 1613 et
1744 1575 1849 1610 an-

325 1671 683 1724 nntiaeerunt
705 1666 797 1727 eis,
829 1670 1018 1732 quanta
1043 1660 1110 1714 ad
1136 1675 1215 1714 eos
1247 1657 1499 1727 principes
1526 1649 1843 1706 sacerdotum

324 1777 377 1819 et
406 1763 619 1818 statiores
640 1758 909 1812 dixissent.

330 1936 382 1989 Ι.
422 1932 540 1988 Non
577 1944 712 1983 vana
753 1924 923 1997 gloria
973 1921 1100 1976 m0ti
1145 1924 1402 1973 narrant:
1449 1914 1536 1985 qui
1560 1911 1702 1967 enim
1733 1908 1842 1961 ﬁeri

248 2023 534 2097 pomerii?
581 2019 677 2075 sed
711 2018 827 2072 hiec
846 2015 1031 2086 gratia:
1058 2010 1254 2067 Christi
1285 2015 1409 2063 sunt
1437 2004 1651 2060 indicia.
1683 2000 1842 2065 Ideo,

247 2091 612 2189 aureumque
655 2111 729 2165 illi
772 2109 1053 2170 dixerant,
1098 2108 1387 2159 enarrant;
1434 2112 1528 2153 sua
1551 2110 1678 2150 vero
1703 2091 1845 2147 dicta

249 2213 383 2265 licet
408 2214 755 2278 prietereant,
786 2201 911 2255 hinc
942 2208 1116 2252 tamen
1144 2194 1399 2264 majorem
1429 2189 1674 2244 fiduciam
1697 2198 1847 2238 assu-

246 2310 438 2356 munt.
462 2298 537 2351 Et
565 2292 834 2364 perpende
856 2331 871 2355 ,
895 2285 1166 2359 quomodo
1194 2298 1409 2339 rursum
1436 2279 1511 2334 ad
1536 2294 1717 2333 verum
1750 2291 1846 2328 au-

244 2396 451 2449 xilium
482 2386 814 2456 confugiant,
842 2381 908 2435 ad
928 2378 1225 2434 subsidium
1248 2374 1527 2437 invictum,
1557 2384 1618 2424 ac
1636 2382 1847 2423 rursum

244 2482 590 2541 unanimiter
614 2489 666 2534 et
699 2492 817 2532 cum
843 2474 1020 2529 studio
1047 2490 1060 2525 :
1086 2484 1259 2540 neque
1284 2468 1427 2524 enim
1450 2474 1533 2521 est
1560 2463 1730 2518 oratio
1752 2470 1840 2515 ut-

244 2592 502 2646 cmnque
559 2574 771 2627 emissa.
811 2569 902 2623 9.4.
955 2565 1053 2634 Qui
1082 2581 1194 2619 cum
1222 2563 1512 2626 audissent,
1545 2556 1850 2612 unanimiter

244 2673 560 2724 (cremant
583 2680 747 2717 vocem
770 2664 836 2714 ad
858 2659 1043 2723 Deum,
1068 2666 1114 2710 et
1143 2656 1399 2709 dixerunt.
1427 2651 1556 2706 Vide
1582 2666 1737 2720 quani
1766 2648 1851 2702 di-

246 2763 500 2831 ligenter
570 2756 698 2809 fiant
745 2754 959 2807 illorum
1019 2762 1223 2819 preces.
1266 2744 1496 2815 Quando
1552 2742 1851 2811 apostolatu

246 2829 493 2921 dignm
534 2845 743 2901 ostendi
779 2844 878 2899 sibi
926 2840 1207 2911 petebant,
1259 2838 1338 2891 sic
1384 2834 1676 2890 dicebant:
1739 2829 1849 2895 Tu,

252 2943 519 3005 Domine,
547 2940 635 3010 qui
658 2936 813 2991 corda
840 2934 971 2988 nosti
999 2932 1223 2988 omnium
1248 2971 1262 2996 ,
1290 2928 1493 2984 ostende
1518 2926 1651 2999 (Act.
1682 2926 1731 2979 l.
1759 2922 1851 2991 2’s)

250 3034 371 3103 (ibi
404 3032 546 3084 enim
570 3026 900 3098 priescientia
931 3038 1066 3094 opus
1083 3022 1219 3091 erat)
1245 3038 1257 3073 :
1289 3019 1377 3075 hic
1404 3031 1555 3080 vero,
1598 3016 1722 3086 quia
1755 3015 1853 3069 ad-

252 3124 636 3180 versariorum
674 3133 769 3174 ora
804 3117 1006 3173 obstrui
1034 3113 1350 3184 oportebat,
1380 3111 1447 3167 de
1473 3109 1746 3164 dominatu
1775 3106 1853 3159 lo-

253 3225 549 3289 quuntur;
580 3213 696 3268 ideo
718 3211 796 3266 sic
817 3211 923 3264 orsi
952 3218 1074 3262 sunt
1106 3226 1119 3261 :
1165 3205 1380 3259 Domine
1404 3201 1563 3265 Deus,
1594 3200 1678 3268 qui
1698 3197 1857 3269 fecisti

256 3312 461 3364 cctam
484 3351 497 3371 ,
536 3320 578 3361 et
610 3318 791 3360 tenam
812 3347 825 3367 ,
857 3314 903 3358 et
934 3317 1101 3368 mare,
1127 3310 1173 3353 et
1195 3300 1363 3354 omnia
1388 3312 1499 3367 qua:
1527 3296 1578 3348 in
1605 3294 1673 3347 eis
1696 3300 1811 3346 sunt
1840 3306 1857 3344 :

256 3404 365 3458 25.
395 3402 479 3470 qui
503 3416 592 3468 per
612 3414 667 3452 os
684 3396 851 3450 Darid
868 3394 1013 3463 pueri
1035 3392 1107 3444 tui
1120 3390 1292 3444 dixiin
1318 3404 1335 3441 :
1360 3386 1532 3452 Quare
1549 3389 1859 3456 fremuerunt

260 3504 477 3567 gentes,
509 3501 555 3544 et
578 3488 747 3558 papuli
773 3485 1002 3539 meditati
1028 3492 1145 3537 sunt
1180 3480 1395 3534 inania?
1420 3477 1511 3532 ‘26.
1542 3474 1853 3528 Adstiterunt

258 3602 433 3654 reges
456 3594 597 3636 terra:
622 3592 666 3635 et
707 3580 965 3651 principes
993 3582 1328 3630 convenerunt
1355 3572 1407 3625 in
1436 3586 1591 3624 unum
1620 3568 1863 3621 adversus

267 3674 571 3729 Dominum
595 3682 637 3725 et
657 3672 897 3725 adversus
925 3666 1176 3723 Christum
1216 3666 1325 3735 ejus
1354 3660 1525 3733 (Psal.
1557 3660 1649 3721 21.
1676 3658 1759 3729 2).
1788 3658 1865 3711 Ac

264 3766 318 3822 si
354 3774 516 3835 pacta
548 3778 575 3816 a
602 3763 706 3817 Deo
726 3762 1026 3831 exigerent,
1049 3755 1383 3827 prephetiam
1413 3753 1463 3807 in
1486 3750 1718 3805 medium
1739 3746 1867 3802 all‘e-

268 3866 431 3917 rum,
462 3855 667 3922 seipsos
708 3853 865 3907 simul
891 3849 1263 3911 consolantes,
1291 3844 1429 3916 quod
1466 3846 1646 3898 omnia
1674 3842 1866 3897 frustra

270 3947 614 4003 malitentur
657 3943 901 3998 inimici.
932 3942 1043 3995 lloc
1080 3951 1257 3993 autem
1301 3935 1602 4007 significare
1640 3932 1863 3986 volunt:

272 4040 377 4093 Illa
412 4036 465 4090 in
507 4034 742 4089 medium
790 4034 989 4104 profer,
1019 4039 1072 4085 ct
1101 4028 1324 4085 ostende
1364 4026 1503 4096 quod
1538 4040 1671 4079 vana
1702 4022 1870 4077 medi-

272 4130 377 4183 tati
413 4129 546 4181 sint.
567 4125 655 4179 27.
686 4142 708 4179 t
732 4123 1115 4178 Com-eneruat
1134 4118 1275 4175 enim
1296 4132 1420 4172 vere
1448 4117 1500 4171 in
1531 4116 1746 4171 civitate
1769 4114 1867 4169 ista

272 4221 547 4275 adversus
572 4223 813 4271 sanctum
846 4213 1070 4267 l’uerum
1104 4219 1250 4264 tuum
1276 4208 1480 4275 Jesum,
1510 4222 1669 4277 quem
1723 4205 1873 4261 unxi-

272 4314 376 4371 sti.
400 4307 641 4364 Herodes
656 4317 711 4361 et
733 4305 951 4360 Pontius
974 4303 1174 4358 Pilatus
1187 4316 1306 4356 eum
1328 4299 1576 4370 gentibus
1596 4308 1648 4354 et
1666 4298 1874 4368 populis

276 4402 488 4464 Israel,
536 4400 627 4454 28.
673 4406 731 4452 ut
776 4397 1013 4452 facerent
1058 4408 1411 4464 quiecumque
1454 4407 1642 4446 manus
1686 4399 1775 4445 tua
1819 4398 1876 4445 et

274 4494 575 4551 consilium
599 4501 746 4546 tuum
775 4489 888 4545 fieri
914 4488 1216 4559 prmlinivit.
1239 4487 1328 4542 29.
1355 4487 1420 4541 Et
1440 4501 1603 4553 nunc,
1628 4485 1869 4552 Domine,

280 4586 504 4655 respice
544 4584 596 4639 in
636 4584 811 4637 minas
850 4597 1089 4637 eorum.»
1142 4578 1331 4634 Viden’
1358 4578 1790 4650 philosomiiam,
1822 4585 1877 4633 et

278 4675 565 4748 quomodo
590 4674 676 4729 his
695 4688 801 4728 non
830 4672 1191 4743 imprecentur
1214 4670 1385 4728 mala?
1410 4670 1578 4725 Minas
1600 4669 1875 4740 speciatim

282 4786 401 4825 non
442 4775 845 4838 exposuerunt,
890 4764 984 4819 sed
1025 4764 1209 4819 dicunt
1253 4770 1455 4817 tantum
1500 4761 1619 4816 illos
1646 4761 1878 4816 minatos

282 4878 415 4918 esse
447 4879 461 4915 :
487 4876 610 4914 nam
632 4856 952 4926 compendio
978 4856 1213 4927 loquitur
1233 4854 1480 4924 scriptor.
1512 4852 1581 4907 Et
1604 4852 1746 4919 vide,
1772 4867 1878 4907 non

285 4958 578 5019 dixerunt,
625 4952 879 5019 Dirumpe
922 4948 1042 5003 illos
1062 4991 1077 5013 ,
1108 4947 1283 5018 dejice
1307 4945 1467 5009 illos;
1501 4945 1592 5001 sed
1621 4946 1785 5016 quid?
1813 4944 1881 4999 Et

290 5048 362 5099 da
388 5044 542 5099 seriis
566 5042 669 5096 tatis
688 5058 804 5094 cum
827 5040 964 5095 ontni
993 5039 1184 5107 ﬁducia
1213 5036 1347 5106 loqui
1377 5038 1579 5091 verbum
1599 5047 1762 5091 tuum.
1791 5038 1882 5092 Sic

292 5150 399 5189 nus
424 5148 641 5203 quoque
664 5132 933 5186 discamus
960 5144 1135 5184 orare.
1168 5128 1285 5183 Etsi
1313 5144 1420 5199 quo
1444 5144 1551 5183 non
1579 5128 1757 5184 furore
1780 5130 1881 5183 im-

292 5231 505 5298 pleatur
526 5228 613 5297 qui
638 5226 690 5279 in
720 5224 865 5279 viros
892 5222 1079 5278 incidit
1106 5222 1356 5278 occidere
1386 5223 1557 5291 ipsum
1589 5231 1880 5290 conantes,

292 5332 344 5375 et
388 5322 511 5373 talia
554 5316 900 5373 minitantes?
922 5315 991 5370 Et
1026 5330 1134 5385 quo
1166 5329 1271 5369 non
1305 5314 1430 5368 odio
1454 5314 1775 5383 impleatur?
1818 5318 1885 5370 At

296 5426 404 5463 non
434 5412 514 5465 sic
554 5410 607 5463 hi
644 5409 839 5463 sancti.
872 5407 959 5463 30.
989 5406 1054 5459 In
1070 5423 1128 5461 eo
1155 5406 1293 5478 quod
1320 5422 1523 5458 manum
1548 5417 1687 5459 tuam
1714 5418 1883 5461 cxten-

302 5508 392 5558 du
436 5506 505 5556 ad
543 5504 807 5566 sanitates,
850 5512 897 5555 ct
940 5502 1086 5572 signa
1122 5510 1168 5553 et
1194 5499 1429 5570 prodigia
1452 5498 1563 5567 ﬁeri
1588 5516 1677 5571 per
1702 5516 1884 5553 nomen

300 5598 458 5648 sis-(ti
509 5594 667 5647 Pueri
698 5595 773 5646 tni
796 5593 943 5647 Iesu.
974 5593 1028 5648 Si
1058 5592 1110 5647 in
1142 5592 1360 5647 nomine
1391 5592 1485 5645 illo
1528 5591 1665 5646 fiunt
1695 5607 1886 5661 opera—

300 5692 502 5751 tiones,
553 5686 764 5753 inquit,
802 5699 988 5754 magna
1020 5686 1118 5741 erit
1160 5682 1408 5753 loquendi
1455 5682 1665 5737 liducia.
1701 5660 1787 5738 5i.
1822 5660 1885 5738 lit

302 5797 411 5833 αισι
437 5788 688 5842 orassent,
719 5788 880 5833 motus
916 5789 987 5832 est
1023 5777 1183 5844 locus,
1210 5777 1260 5829 in
1292 5792 1389 5845 quo
1411 5785 1551 5830 erant
1574 5779 1882 5847 congregati.

1952 1552 2069 1620 Quo
2100 1553 2220 1608 illos
2245 1554 2524 1610 exauditos
2555 1571 2673 1611 esse
2695 1558 3001 1615 etdivinam
3035 1562 3150 1618 fieri
3174 1565 3531 1624 visitationem

1951 1642 2364 1712 significabatur.
2382 1643 2451 1698 Et
2468 1645 2645 1715 repleti
2659 1657 2771 1703 sunt
2784 1666 2954 1704 omnes
2974 1652 3171 1722 Spiritu
3183 1670 3371 1713 sancto.
3399 1658 3533 1727 Quid

1950 1745 2051 1797 est,
2082 1736 2281 1806 Περιειί
2309 1748 2425 1792 sunt
2443 1741 2468 1792 Ζ)
2487 1740 2539 1793 ld
2567 1753 2669 1805 est,
2696 1741 2899 1811 Spiritu
2926 1749 3169 1803 succensi
3197 1762 3343 1816 sunt,
3371 1762 3424 1807 et
3445 1770 3537 1807 ar-

1951 1828 2110 1883 debat
2131 1831 2180 1884 in
2199 1830 2300 1886 illis
2322 1831 2701 1889 charisma-Et
2719 1835 3053 1905 loquebantur
3078 1843 3277 1898 verbum
3300 1844 3398 1899 Dei
3422 1863 3538 1900 cum

1952 1918 2159 1987 ﬁducia.
2175 1921 2263 1975 52.
2290 1920 2637 1978 Multitudinis
2651 1935 2815 1979 autem
2834 1930 3139 1984 credentium
3156 1945 3264 1987 erat
3276 1951 3364 1989 cor
3378 1953 3535 1991 unum

1951 2018 1995 2063 et
2024 2012 2196 2063 anima
2221 2028 2341 2065 una.
2402 2012 2583 2081 Vides,
2613 2016 2754 2084 quod
2782 2032 2901 2072 cum
2930 2021 3098 2088 gratia
3129 2023 3221 2078 Dei
3252 2026 3409 2080 etiam
3437 2042 3535 2081 sua

1951 2100 2266 2155 aﬂ'ercbant.
2297 2101 2504 2172 Ubique
2533 2105 2676 2159 enim
2702 2105 2803 2161 hoc
2829 2108 3219 2166 observandum
3252 2125 3365 2181 est,
3392 2123 3533 2187 quod

1951 2207 2071 2246 cum
2097 2192 2263 2262 gratia
2294 2192 2408 2258 Dei,
2441 2208 2534 2248 sua
2559 2195 2716 2249 etiam
2743 2196 3050 2267 exhibeant,
3084 2212 3141 2256 ut
3166 2202 3355 2260 Petrus
3385 2208 3534 2263 dicc-

1951 2278 2042 2335 bat
2073 2299 2085 2334 :
2114 2282 2389 2353 Argentum
2420 2294 2465 2337 et
2483 2302 2664 2338 aurum
2688 2303 2787 2342 non
2812 2298 2884 2343 est
2916 2291 3040 2344 mihi
3071 2292 3205 2361 (Act.
3243 2297 3295 2350 3.
3321 2297 3398 2366 6).
3432 2300 3534 2353 lla-

1952 2388 2056 2442 que
2081 2373 2219 2444 quod
2243 2377 2489 2445 superius
2521 2376 2748 2443 dicebat,
2781 2396 2969 2435 omnes
2996 2382 3161 2440 fuisse
3185 2385 3250 2439 In
3290 2388 3535 2458 idipsum,

1954 2480 2138 2519 rursus
2172 2465 2256 2520 hic
2282 2467 2519 2521 declarat
2547 2486 2559 2520 :
2592 2468 2940 2526 Multitudinis
2969 2476 3280 2531 credentium
3311 2492 3417 2534 erat
3448 2500 3534 2537 cor

1954 2571 2114 2609 unum
2140 2568 2186 2609 ct
2212 2558 2384 2611 anima
2412 2576 2531 2611 una.
2560 2560 2693 2615 Cum
2724 2562 2941 2619 dixisset
2971 2577 3146 2622 autem
3175 2570 3293 2624 illos
3314 2576 3537 2629 exaudi-

1960 2653 2039 2699 tos
2063 2647 2244 2712 fuisse,
2271 2664 2455 2703 eorum
2490 2661 2670 2718 postea
2699 2653 2947 2709 virtutem
2973 2668 3170 2713 narrat.
3202 2661 3540 2732 Ingressurus

1957 2754 2185 2808 namque
2205 2748 2285 2793 est
2314 2741 2364 2792 in
2387 2743 2744 2797 narrationem
2764 2747 3040 2815 Sapphirie
3062 2759 3116 2803 et
3141 2752 3380 2809 Anauim.
3412 2756 3539 2814 Ideo

1958 2830 2171 2885 illorum
2214 2831 2390 2886 scelus
2428 2841 2742 2888 ostensurus
2767 2875 2780 2900 ,
2813 2837 2959 2903 prius
2988 2838 3055 2894 de
3085 2841 3315 2899 aliorum
3345 2847 3541 2905 virtute

1960 2920 2213 2991 loquitur.
2252 2923 2367 2991 Dic,
2416 2939 2534 2989 oro,
2612 2924 2881 2981 caritasne
2939 2942 3305 3000 paupertatem
3363 2941 3539 3007 parit,

1959 3027 2026 3065 an
2076 3022 2361 3082 paupertas
2407 3015 2729 3069 caritatem?
2782 3017 3004 3075 Videtur
3072 3025 3201 3079 mihi
3273 3030 3415 3099 quod
3442 3047 3535 3086 ca-

1962 3104 2092 3157 ritas
2153 3113 2566 3175 paupertatem,
2617 3123 2736 3176 qu;e
2790 3112 2957 3181 magis
3027 3114 3168 3169 illam
3236 3118 3541 3192 adstringit.

1964 3196 2098 3250 Audi
2153 3211 2314 3263 vero,
2361 3198 2484 3267 quid
2548 3198 2736 3255 dicat:
2779 3199 3020 3256 Omnium
3064 3217 3172 3260 erat
3220 3225 3307 3263 cor
3382 3232 3548 3269 unum

1963 3297 2010 3341 et
2036 3288 2206 3341 anima
2229 3305 2349 3341 una.
2376 3289 2516 3344 Ecce
2543 3304 2637 3345 cor
2662 3300 2716 3346 et
2736 3294 2913 3348 anima
2941 3296 3170 3367 idipsum
3207 3310 3349 3357 sunt.
3392 3322 3410 3355 ι
3439 3305 3548 3362 Nec

1965 3379 2243 3449 quisquam
2299 3395 2484 3435 eorum
2516 3423 2530 3445 ,
2579 3398 2699 3453 qua:
2747 3386 3051 3455 possidebat
3082 3431 3098 3455 ,
3144 3392 3341 3466 aliquid
3386 3410 3545 3455 suum

1967 3487 2087 3528 esse
2116 3473 2347 3541 dicebat,
2381 3475 2475 3531 sed
2503 3486 2657 3531 erant
2688 3478 2788 3531 illis
2817 3481 2991 3534 omnia
3020 3487 3343 3542 communia.
3370 3489 3460 3545 55.
3488 3492 3554 3547 lit

1967 3565 2164 3621 virtute
2202 3582 2388 3638 magna
2442 3568 2739 3624 reddebant
2784 3573 3013 3640 apostoli
3057 3576 3419 3635 testimonium
3464 3598 3553 3638 re-

1969 3659 2317 3715 surrectionis
2360 3661 2570 3717 Domini
2621 3663 2750 3719 Jesu
2792 3663 3046 3721 Christi.)
3087 3668 3248 3737 Quasi
3294 3672 3372 3727 eis
3407 3688 3555 3728 com-
3616 3678 3619 3681 ’

1969 3753 2192 3807 missum
2211 3753 2310 3817 sit,
2344 3751 2445 3808 hoc
2472 3754 2730 3819 declarat,
2762 3765 2814 3811 et
2835 3759 2984 3827 quasi
3012 3758 3081 3815 de
3110 3762 3291 3817 officio
3319 3765 3553 3834 ipSorum

1974 3843 2207 3914 loquitur
2235 3862 2246 3898 :
2275 3844 2328 3897 id
2360 3852 2462 3909 est,
2497 3846 2859 3901 testimonium
2890 3850 3038 3920 regni
3069 3866 3189 3907 cum
3222 3854 3410 3911 fiducia
3440 3876 3557 3912 oni-

1973 3935 2131 3990 nibus
2179 3933 2494 3989 reddebant.
2553 3933 2732 3989 Gratia
2775 3953 2972 4007 quoque
3010 3957 3195 4012 magna
3231 3945 3283 3999 in
3326 3950 3559 4005 omnibus

1974 4036 2125 4083 erat:
2168 4027 2257 4084 34.
2300 4044 2459 4097 neque
2498 4028 2631 4082 enim
2669 4029 2930 4098 quisquam
2951 4047 3097 4102 egens
3124 4045 3228 4087 erat
3262 4037 3392 4092 inter
3417 4042 3555 4097 illos.

1975 4120 2127 4177 Sicut
2152 4120 2204 4173 in
2233 4128 2450 4189 paterna
2484 4120 2643 4173 domo
2667 4120 2759 4174 filii
2791 4136 2978 4176 omnes
3001 4124 3112 4191 pari
3142 4134 3265 4179 sunt
3311 4126 3513 4185 honore
3541 4174 3557 4197 ,

1977 4211 2054 4265 sic
2089 4210 2160 4264 illi
2197 4209 2370 4264 all‘ecti
2412 4218 2583 4264 erant.
2630 4208 2746 4264 Non
2794 4210 2986 4266 licebat
3019 4214 3163 4268 enim
3194 4213 3395 4284 dicere,
3419 4222 3559 4289 quod

1978 4303 2111 4357 alios
2141 4304 2476 4368 enutrirent;
2507 4317 2570 4357 ac
2592 4303 2637 4357 si
2664 4318 2729 4357 ex
2760 4304 2872 4359 suis
2902 4303 3025 4360 illos
3056 4308 3344 4377 nutrirent,
3376 4314 3453 4368 sic
3479 4315 3563 4369 af-

1979 4393 2101 4449 fecti
2147 4402 2319 4449 erant.
2366 4393 2470 4450 Sed
2512 4394 2614 4449 hoc
2654 4403 2737 4450 est
2766 4396 3047 4467 mirabile,
3077 4400 3217 4470 quod
3260 4402 3421 4460 rebus
3450 4408 3565 4462 suis

1980 4485 2252 4555 sepositis,
2286 4484 2356 4538 ita
2381 4484 2709 4552 nutriebant,
2739 4500 2806 4541 ne
2833 4501 2895 4541 ex
2924 4488 3036 4542 suis
3055 4531 3071 4556 ,
3103 4490 3197 4545 sed
3229 4508 3296 4547 ex
3325 4509 3565 4551 conmm-

1983 4579 2140 4633 nibus
2177 4578 2247 4631 ali
2290 4576 2621 4632 viderentur.
2670 4578 2974 4649 «Quotquot
3001 4590 3178 4637 autem
3228 4600 3567 4655 possessores

1982 4684 2235 4741 agrorum
2268 4669 2354 4724 vel
2390 4668 2669 4725 domorum
2706 4679 2859 4725 erant
2882 4712 2897 4735 ,
2940 4672 3232 4731 vendentes
3271 4678 3567 4736 afl'erebant

1985 4761 2157 4832 pretia
2179 4776 2366 4816 eorum
2392 4800 2407 4826 ,
2437 4776 2557 4831 qua:
2590 4761 2911 4816 vendebant.
2938 4762 3026 4819 55.
3058 4764 3122 4819 Et
3148 4769 3416 4835 ponebant
3443 4780 3567 4825 ante

1984 4854 2150 4925 pedes
2199 4853 2583 4922 apostolorum.
2644 4851 2995 4908 Dividebatur
3062 4865 3239 4911 autem
3305 4859 3566 4931 singulis,

1986 4955 2144 5017 prout
2174 4946 2366 5016 cuique
2392 4962 2525 5017 opus
2550 4956 2716 5002 erat.»
2749 4946 2969 5016 Magnus
2998 4948 3186 5013 honor,
3212 4952 3351 5020 quod
3383 4969 3486 5008 non
3517 4956 3567 5011 in

1988 5057 2180 5097 manus
2204 5082 2218 5106 ,
2250 5040 2343 5096 sed
2375 5040 2442 5095 ad
2474 5040 2635 5109 pedes
2661 5040 3025 5108 apostolorum
3054 5053 3331 5110 ponerent.
3356 5046 3443 5102 56.
3472 5047 3569 5102 lo.

1986 5135 2111 5204 seph
2138 5142 2305 5187 autem
2330 5174 2344 5199 ,
2369 5134 2453 5203 qui
2474 5132 2854 5201 cognominatus
2883 5140 2953 5185 est
2983 5130 3244 5189 Barnabas
3272 5137 3334 5191 ab
3363 5152 3568 5211 aposto.

1990 5227 2090 5293 lis,
2132 5225 2269 5295 quod
2310 5234 2379 5278 est
2423 5225 2839 5292 interpretatum,
2878 5224 3016 5292 [ilius
3045 5228 3420 5288 consolationis.
3456 5234 3571 5292 Non

1991 5316 2201 5370 videtur
2245 5315 2374 5369 mihi
2427 5313 2511 5367 hic
2546 5313 2635 5367 ille
2678 5329 2835 5376 esse,
2886 5316 2973 5384 qui
3020 5330 3141 5370 cum
3187 5318 3441 5379 Mattliia:
3488 5326 3573 5381 ille

1993 5423 2222 5477 namque
2249 5406 2447 5475 Joseph
2486 5406 2774 5461 vocabatur
2800 5406 3081 5475 Barsabas,
3119 5423 3298 5481 postea
3332 5432 3454 5473 vero
3482 5433 3575 5471 Cu-

1991 5500 2331 5569 gnominatus
2372 5508 2454 5554 est
2511 5498 2733 5562 Justus;
2782 5499 2867 5555 hic
2906 5517 3035 5557 vero
3080 5504 3389 5574 Barnabas,
3436 5495 3575 5562 titius

1994 5590 2377 5646 consolationis
2397 5632 2411 5656 ,
2451 5591 2519 5646 ab
2560 5592 2818 5660 apostolis
2842 5596 3249 5663 cognominatus
3277 5607 3357 5651 est
3382 5615 3393 5649 :
3422 5598 3570 5649 vide-

1996 5694 2187 5754 turque
2219 5682 2346 5737 milii
2374 5699 2402 5737 a
2426 5684 2623 5738 virtute
2666 5698 2855 5738 nomen
2886 5685 3175 5753 accepisse,
3202 5701 3263 5740 ac
3291 5688 3334 5739 si
3360 5685 3424 5740 ad
3452 5701 3572 5744 cani

1998 5794 2111 5832 rem
2139 5786 2282 5834 esset
2311 5786 2466 5846 aptus
2496 5786 2548 5830 et
2573 5775 2817 5833 idoneus.
2851 5773 3044 5829 Levites
3069 5816 3084 5841 ,
3130 5774 3346 5843 Cyprius
3377 5793 3578 5848 genere,
