4032 6212
449 359 517 416 95
1126 343 1184 400 S.
1222 337 1501 398 JOANNIS
1528 333 1999 406 CllllVSOSTOMI
2039 328 2354 386 ARCIIIEP.
2394 329 2926 387 CONSTANTINOP.
3655 324 3730 380 96

449 475 539 530 57.
570 485 684 526 cum
710 467 904 522 haberet
929 475 1126 531 agrum,
1148 455 1366 512 uendidit
1386 468 1518 518 eum,
1542 459 1587 505 et
1609 449 1774 503 attulit
1792 445 2028 517 pretium,

451 576 499 622 et
526 563 691 636 posuit
719 567 838 612 ante
866 555 1017 636 pedes
1046 550 1420 620 apostolorum.

521 629 576 711 Ξ.
604 654 702 709 llic
726 649 852 704 mihi
882 631 1136 702 observes
1159 641 1345 703 velim,
1382 633 1652 706 quomodo
1674 629 1921 686 ostendat
1948 643 2036 682 so-

453 751 617 802 lutam
649 744 845 812 legem,
885 747 940 793 et
971 752 1067 792 cur
1110 733 1240 789 dicit
1272 729 1526 794 :Levites,
1570 724 1789 796 Cyprius
1833 735 2034 790 genere.

451 838 583 904 Quia
615 807 830 889 demum
859 837 1061 885 mutata
1095 823 1287 896 patria,
1324 819 1524 876 Levita:
1550 814 1891 869 voeabantnr.
1932 807 2038 865 Sed

455 899 703 996 stupet-ins
723 925 865 978 dicta
892 929 1218 990 repetamus.
1245 911 1479 976 Dimissi,
1506 907 1696 977 inquit,
1715 910 1952 958 venerunt
1972 899 2039 952 ad

456 1035 594 1083 suos,
623 1027 668 1070 et
689 1012 1114 1068 annuntiauerunt
1145 1017 1470 1074 quiscumque
1489 999 1556 1053 ad
1578 1013 1659 1052 eos
1686 992 1938 1066 principes
1957 1005 2041 1042 sa-

455 1081 716 1164 cerdotum
745 1115 790 1159 et
813 1106 1032 1160 seniores
1061 1098 1327 1152 dixissent.
1358 1091 1493 1146 Vide
1517 1102 1673 1161 quam
1695 1101 1726 1140 a
1747 1083 1885 1139 fastu
1905 1081 2037 1136 alie-

459 1204 510 1257 ni
532 1203 636 1255 siut
652 1197 900 1268 apostoli,
920 1204 974 1250 et
993 1207 1149 1262 quam
1168 1184 1493 1260 philos0phi.
1513 1181 1627 1237 Non
1645 1181 2040 1235 circumeuntes

459 1312 579 1350 sese
598 1291 871 1345 venditant
899 1302 995 1342 nec
1020 1285 1222 1348 dicunt,
1253 1297 1360 1350 quo
1386 1285 1542 1348 pacto
1569 1270 1883 1328 sacerdotes
1908 1282 2040 1323 eon-

461 1387 717 1446 futarint;
754 1393 925 1448 neque
956 1373 1225 1430 narrando
1251 1383 1440 1424 vanam
1469 1365 1692 1437 gloriam
1729 1365 2038 1430 captarum;

461 1477 554 1532 sed
581 1447 854 1527 venientes
873 1484 957 1533 ea,
987 1482 1105 1535 quae
1126 1480 1153 1516 a
1184 1459 1486 1518 senioribus
1512 1454 1810 1518 audierant,
1834 1447 2042 1518 simpli-

462 1570 596 1624 citer
621 1563 953 1620 denuntiant.
985 1558 1121 1614 Hinc
1138 1556 1392 1610 discimus
1419 1552 1564 1621 ipsos
1581 1563 1688 1603 non
1710 1559 1829 1600 sese
1845 1543 1898 1598 in
1928 1551 2043 1597 ten—

467 1660 693 1713 taliones
722 1651 1002 1720 injecisse;
1027 1649 1118 1702 sed
1147 1659 1259 1707 eas,
1285 1657 1400 1714 qua:
1421 1638 1809 1700 inferebantur,
1841 1631 2046 1686 fortiter

467 1748 673 1802 tulissm
706 1743 853 1798 Alius
876 1757 1024 1805 vero,
1055 1735 1296 1808 quisquis
1323 1733 1528 1796 fuisset,
1552 1728 1687 1782 forte
1709 1722 2046 1781 multitudine

467 1840 652 1898 fretus,
694 1832 1044 1889 contumelias
1081 1827 1239 1883 etiam
1287 1823 1633 1895 protulisset,
1687 1833 1750 1872 ac
1797 1820 2046 1870 sexcenta

466 1930 643 2001 gravia
669 1927 918 1996 loquutus
939 1930 1104 1976 esset.
1139 1921 1207 1975 At
1231 1932 1334 1971 non
1361 1915 1412 1968 lii
1439 1909 1740 1984 phil050phi
1764 1925 1780 1974 ;
1811 1905 1905 1962 sed
1931 1919 2046 1959 om-

468 2023 552 2075 nia
583 2026 855 2072 mansuete
881 2023 935 2068 ct
955 2012 1205 2081 benigne.
1258 2008 1354 2073 Qui
1385 2021 1499 2060 cum
1531 2001 1812 2064 audissent,
1855 1996 2044 2066 inquit,

467 2109 770 2165 unanimiter
807 2121 971 2159 vocem
1000 2105 1283 2157 levaverunt
1313 2096 1379 2150 ad
1411 2095 1592 2148 Deum.
1634 2090 1850 2145 Clamor
1882 2087 2050 2140 factus

468 2211 545 2258 est
575 2216 640 2254 ex
670 2198 942 2268 voluptate
970 2201 1026 2249 et
1052 2206 1243 2261 magno
1259 2186 1472 2242 affectu.
1502 2183 1660 2238 Tales
1682 2192 1908 2248 namque
1931 2191 2053 2246 pre-

469 2307 561 2348 ces
591 2297 836 2362 prosunt,
869 2301 990 2356 qua:
1021 2281 1358 2354 philoSOphia
1385 2278 1556 2348 plenae
1577 2279 1723 2339 sunt,
1747 2269 1814 2324 de
1837 2269 2046 2331 talibus,

470 2401 501 2438 a
538 2383 750 2448 talibus,
801 2377 893 2432 tali
925 2387 1163 2445 tempore
1194 2381 1247 2427 et
1289 2369 1447 2424 modo
1476 2366 1686 2422 emissa:
1706 2402 1721 2426 ,
1771 2364 1905 2416 sicut
1934 2358 2052 2412 alia)

471 2471 864 2530 abominabiles
921 2477 1047 2523 sunt
1090 2475 1144 2518 ct
1194 2459 1506 2517 immundzn.
1562 2455 1736 2522 Vide,
1783 2450 2052 2522 quomodo

473 2567 604 2623 nihil
649 2561 976 2635 superfluum
1007 2600 1022 2625 ,
1054 2557 1146 2612 sed
1176 2558 1192 2587 ²
1225 2554 1291 2608 de
1323 2553 1518 2607 virtute
1544 2558 1746 2604 tantmn
1791 2545 1954 2614 ipsius
1975 2541 2055 2596 lo-

473 2633 753 2728 quantur:
783 2653 891 2708 imo
917 2651 1077 2707 etiam
1109 2641 1555 2718 quemadmodum
1576 2638 1821 2695 Christus
1845 2633 2055 2691 dicebat

472 2725 695 2811 imbuis,
727 2745 788 2800 Si
813 2752 981 2796 autent
1011 2757 1100 2812 ego
1123 2740 1174 2792 in
1202 2736 1401 2808 Spiritu
1429 2733 1520 2787 Dei
1541 2734 1742 2802 loquor;
1774 2729 1842 2783 ita
1873 2736 1927 2783 et
1955 2725 2053 2796 ipsi

473 2839 676 2902 dicunt,
708 2834 811 2890 Per
841 2833 1091 2902 Spiritum
1115 2837 1362 2884 sanctum.
1389 2826 1527 2880 Ecce
1541 2824 1700 2879 etiam
1719 2819 1970 2877 Scrvator
2000 2817 2052 2871 in

476 2931 676 3001 Spiritu
698 2927 950 2997 loquitur.
976 2921 1112 2991 Quid
1132 2935 1261 2976 vero
1276 2919 1476 2985 dicant,
1499 2915 1641 2971 audi.
1662 2913 1878 2968 Domine
1895 2910 2051 2977 Deus,

472 3024 558 3093 qui
587 3038 673 3094 per
710 3036 767 3074 os
796 3015 961 3070 David
989 3013 1130 3082 pueri
1173 3012 1243 3065 tui
1281 3009 1476 3074 dixisti,
1525 3007 1693 3073 Quare
1745 3005 2056 3073 fremuerunt

473 3114 682 3188 gentes?
695 3111 812 3166 Mos
833 3109 974 3164 enim
1001 3116 1082 3161 est
1102 3104 1388 3174 Scriptura:
1409 3101 1477 3156 de
1507 3116 1612 3153 uno
1643 3106 1700 3152 ut
1725 3096 1792 3151 de
1819 3095 2057 3165 pluribus

477 3207 642 3278 loqui.
667 3204 778 3258 lloc
798 3217 930 3257 vero
944 3198 1242 3270 significare
1258 3195 1474 3250 volunt:
1498 3193 1611 3247 Non
1635 3191 1732 3261 ipsi
1751 3190 2054 3254 valuerunt,

475 3299 567 3354 sed
602 3307 655 3351 tu
683 3305 851 3350 totum
880 3290 1168 3364 permisisti
1196 3298 1250 3344 et
1273 3287 1338 3342 ad
1365 3287 1521 3341 linem
1539 3282 1824 3347 deduxisti,
1856 3282 1944 3352 qui
1967 3295 2056 3335 sa-

473 3407 576 3462 gax
607 3404 664 3443 es
685 3396 737 3442 et
770 3386 1003 3456 sapiens,
1041 3391 1198 3451 atque
1225 3380 1352 3450 ipsis
1379 3377 1604 3432 inimicis
1633 3374 1699 3429 ad
1730 3373 2056 3428 voluntatem

477 3483 666 3538 uteris.
713 3477 844 3533 Nam
878 3475 966 3530 hic
994 3473 1062 3528 de
1092 3473 1230 3525 illius
1259 3470 1548 3542 sagacitate
1591 3475 1646 3522 et
1688 3464 1946 3535 sapientia
1974 3463 2058 3517 lo-

476 3583 737 3644 quuntur,
768 3566 1162 3634 ostentlnntque
1194 3563 1335 3629 illos,
1370 3569 1551 3630 utpote
1584 3557 1830 3612 inimicos
1855 3567 1909 3612 et
1934 3555 2060 3609 bos-

478 3676 577 3727 tes,
631 3679 698 3717 ex
733 3656 1076 3729 sanguinaria
1108 3655 1380 3726 proposito
1419 3651 1732 3706 convenisse
1757 3666 1769 3700 :
1797 3647 2060 3702 faciebant

473 3766 650 3810 autem
681 3767 764 3816 ea,
795 3765 915 3820 quzc
948 3759 1003 3802 tu
1035 3745 1272 3810 volebas,
1309 3745 1527 3814 Quinque
1550 3757 1726 3796 manus
1757 3751 1843 3793 tua
1867 3749 1913 3792 et
1939 3755 2061 3792 con-

471 3846 642 3900 silium
680 3852 822 3895 tuum
857 3839 1178 3892 decreverunt
1205 3834 1339 3902 ﬁeri.
1380 3832 1515 3902 Quid
1560 3843 1662 3899 est,
1716 3830 1902 3885 Manus
1931 3829 2059 3883 tua?

475 3939 571 3994 llic
603 3934 732 3989 mihi
776 3930 984 3987 videtur
1020 3943 1234 3984 manum
1266 3941 1457 3982 vocare
1499 3927 1785 3996 potentiam
1808 3932 1863 3980 et
1883 3923 2060 3980 consi-

473 4029 622 4083 lium.
653 4023 885 4090 Sufﬁcit,
929 4020 1120 4091 inquit,
1155 4027 1206 4073 te
1234 4019 1389 4083 velle;
1435 4015 1612 4072 nullus
1641 4018 1782 4072 enim
1823 4015 2056 4086 potentia

475 4117 792 4188 prmdcfiuit.
820 4113 955 4169 lllud
981 4127 1129 4183 ergo,
1163 4109 1501 4176 Quacumque
1525 4125 1702 4162 manus
1733 4118 1843 4172 tua;
1871 4107 1921 4160 id
1951 4116 2053 4171 est,

472 4214 836 4280 Quacumque
863 4205 1184 4278 prurcepisti.
1208 4203 1304 4257 Vel
1327 4202 1426 4256 hoc
1447 4201 1605 4270 igitur
1625 4199 1773 4264 dicit,
1809 4198 1891 4252 vel
1916 4196 2059 4266 quod

477 4319 638 4358 manu
653 4311 903 4372 operatus
922 4300 1008 4353 sit.
1028 4297 1179 4352 Sicut
1204 4310 1334 4365 ergo
1353 4303 1479 4348 tunc
1494 4307 1626 4345 vana
1647 4292 1885 4346 meditati
1913 4300 2055 4356 sunt,

473 4397 551 4450 sic
576 4395 732 4448 etiam
760 4405 901 4445 nunc
933 4398 990 4442 ut
1016 4402 1148 4441 vana
1177 4387 1248 4439 illi
1277 4385 1600 4439 mcditentur
1640 4383 1819 4437 facito.
1875 4381 1942 4435 Et
1992 4383 2060 4436 da

479 4486 626 4540 semis
649 4486 770 4546 tuis;
795 4481 842 4534 id
863 4488 962 4545 est,
987 4478 1063 4532 Ne
1090 4476 1247 4531 mina:
1274 4490 1458 4530 eorum
1487 4489 1650 4544 opere
1670 4472 2056 4542 compleantur.

477 4576 601 4630 llaic
623 4588 781 4643 porro
798 4570 1066 4634 dicebant,
1087 4582 1190 4621 non
1205 4567 1562 4621 detrectantes
1583 4564 1770 4618 durum
1785 4563 2059 4636 quidpiam

477 4667 605 4737 pati,
637 4665 729 4720 sed
759 4679 858 4734 pro
889 4659 1270 4730 pra‘dicatione
1296 4667 1503 4729 petunt.
1536 4657 1652 4711 Non
1683 4657 1825 4711 enim
1853 4656 2057 4724 dicunt,

478 4758 621 4813 Erue
653 4771 749 4810 nos
775 4770 805 4809 a
832 4751 1102 4824 pericnlis;
1131 4750 1225 4806 sed
1253 4749 1416 4819 quid?
1445 4746 1512 4802 Et
1541 4749 1608 4802 da
1639 4749 1793 4803 servis
1819 4750 1916 4804 tuis
1945 4766 2060 4804 cum

473 4848 610 4904 omni
626 4847 817 4915 ﬁducia
843 4845 981 4914 loqui
1005 4845 1207 4897 verbum
1227 4851 1388 4895 tuum.
1419 4841 1517 4907 Qui
1548 4855 1676 4910 ergo
1700 4840 1787 4894 illa
1817 4840 1868 4894 in
1898 4840 2057 4896 linem

471 4940 762 5005 deduxisti,
787 4947 840 4993 et
871 4937 988 4992 hmc
1013 4935 1204 4990 deduc.
1237 4934 1398 5001 Quem
1424 4933 1634 4998 auxisti,
1669 4933 1858 5003 inquit.
1904 4933 2056 5002 Vide,

473 5033 744 5105 quomodo
770 5032 930 5088 etiam
949 5031 1002 5085 in
1024 5027 1274 5100 precibus
1292 5027 1595 5098 passionem
1625 5026 1974 5097 distinguunt,
2004 5035 2061 5083 et

472 5124 651 5178 omnia
676 5121 743 5177 ad
774 5124 949 5193 ipsum
969 5117 1230 5183 referunt,
1255 5118 1532 5189 ipsumque
1553 5116 1759 5171 fiducia:
1785 5125 2057 5173 auctorem

473 5227 596 5268 esse
625 5214 828 5267 dicunt.
878 5211 1086 5277 Viden‘,
1117 5207 1385 5280 quomodo
1423 5208 1600 5264 omnia
1643 5217 1861 5277 propter
1889 5207 2060 5264 Deum

475 5310 682 5374 petant,
731 5310 785 5356 et
814 5301 946 5356 nihil
971 5301 1038 5356 ad
1063 5301 1288 5371 gloriam
1314 5300 1508 5355 suam?
1552 5299 1705 5366 Quod
1740 5314 1867 5369 ergo
1903 5315 2058 5355 suum

473 5404 558 5449 est
584 5394 924 5466 promittunt,
952 5392 1096 5463 quod
1124 5407 1314 5462 nempe
1342 5407 1446 5446 non
1477 5391 1782 5448 deterrendi
1808 5393 1944 5459 sint;
1987 5393 2060 5448 si-

472 5499 573 5558 gna
606 5498 738 5540 vero
759 5492 966 5556 petunt.
997 5481 1063 5536 In
1083 5499 1139 5537 eo
1163 5482 1322 5555 quod,
1369 5483 1638 5553 inquiunt,
1687 5500 1891 5538 mantmt
1918 5494 2059 5539 tuam

470 5727 682 5844 χλιιι
705 5725 896 5792 legunt,
919 5725 1040 5783 nihil
1052 5725 1368 5792 superﬂuum,
1389 5726 1512 5780 nihil
1527 5729 1652 5782 anile
1677 5730 1749 5783 vel
1767 5733 2053 5799 fabulosum,

2145 443 2383 499 extendas
2410 444 2477 498 ad
2504 444 2746 498 sanitates
2775 451 2821 496 et
2847 442 2995 513 signa
3022 450 3068 495 et
3095 439 3327 511 prodigia
3354 438 3485 510 fieri.
3536 437 3679 493 [terte
3707 457 3727 495 :

2143 552 2264 591 nam
2283 537 2483 606 absque
2506 537 2634 604 illis,
2667 535 2875 590 etiamsi
2898 535 3214 589 immensam
3237 532 3592 602 prastnlissent
3613 531 3726 586 ala-

2141 630 2410 695 critatem,
2437 629 2633 683 frustra
2655 630 2830 681 omnia
2860 626 3130 680 fecissent.
3163 623 3364 677 Annuit
3381 636 3566 677 eorum
3596 624 3736 691 peti-

2146 720 2298 785 tioni,
2325 728 2381 775 et
2405 720 2577 790 palam
2609 719 2734 774 fecit
2772 719 2945 774 locum
2971 715 3363 781 concutiendo,
3409 729 3469 770 se
3512 714 3734 770 illorum

2145 812 2395 882 precibus
2423 812 2632 867 adesse.
2690 810 2756 865 Et
2785 827 2899 865 cum
2919 818 3166 876 orassent,
3199 808 3408 878 inquit,
3461 817 3624 861 motus
3657 815 3735 859 est

2145 904 2304 960 locus.
2337 904 2488 971 Quod
2519 913 2694 958 autem
2719 918 2779 958 ea
2811 902 2878 957 de
2905 916 3065 957 causa
3097 901 3292 956 factum
3320 899 3409 964 sit,
3452 899 3576 953 audi
3604 913 3736 968 pro-

2147 995 2360 1065 phetam
2388 995 2656 1051 dicentem
2690 1012 2705 1051 :
2738 995 2836 1061 Qui
2864 993 3065 1062 respicit
3105 1002 3313 1057 terram,
3365 999 3412 1044 et
3454 990 3576 1060 facit
3619 1005 3738 1042 eam

2148 1095 2380 1150 tremere;
2411 1094 2467 1142 et
2490 1100 2726 1146 rursum.
2778 1085 2820 1138 A
2851 1085 2981 1155 [acie
3010 1083 3215 1136 Domini
3242 1089 3379 1134 ntota
3413 1090 3484 1134 est
3515 1089 3671 1142 terra,
3703 1096 3740 1132 ιι

2147 1176 2279 1247 facie
2323 1176 2420 1231 Dei
2462 1177 2626 1231 Jacob
2665 1175 2838 1248 (Psal.
2871 1176 2991 1230 105.
3014 1173 3104 1230 5‘2.
3133 1183 3181 1227 et
3212 1171 3434 1238 “5.7).
3468 1170 3580 1224 Hoc
3605 1184 3739 1223 vero

2146 1269 2280 1324 facit
2312 1270 2470 1334 Deus,
2495 1278 2549 1323 et
2575 1277 2631 1323 nt
2658 1269 2915 1337 majorem
2943 1275 3141 1320 metum
3168 1264 3413 1331 incutiat,
3436 1271 3488 1316 et
3513 1270 3573 1316 ut
3599 1262 3744 1314 tidu—

2147 1362 2284 1417 ciam
2317 1362 2422 1416 illis
2449 1361 2597 1415 indat
2627 1369 2746 1431 post
2784 1360 2903 1414 illas
2945 1359 3136 1423 minas,
3175 1365 3230 1411 et
3271 1364 3329 1410 ut
3373 1355 3441 1410 ad
3473 1353 3742 1422 majorem

2149 1451 2364 1508 dicendi
2390 1451 2690 1506 libertatem
2722 1457 2897 1504 acuat.
2926 1448 3060 1515 Quia
3089 1448 3229 1502 enim
3262 1446 3470 1500 initium
3497 1453 3632 1507 erat,
3680 1453 3744 1498 et

2151 1544 2390 1600 sensibili
2419 1544 2572 1615 signo
2596 1559 2731 1613 opus
2753 1542 3020 1598 habebant
3040 1550 3098 1593 ut
3118 1538 3587 1610 persuaderentur;
3618 1546 3746 1606 po~t

2153 1636 2266 1692 hazc
2293 1646 2468 1692 autem
2498 1635 2550 1690 id
2587 1651 2874 1706 numquam
2904 1631 3134 1688 accidit:
3159 1631 3230 1686 ita
3271 1630 3488 1685 multam
3515 1645 3582 1684 ex
3610 1643 3746 1684 ora-

2153 1728 2296 1782 tione
2321 1727 2738 1783 consolationem
2771 1734 2894 1781 sunt
2921 1724 3218 1794 asscqnuti.

2223 1821 2388 1890 Signa
2437 1820 2848 1874 resurrectionem
2903 1817 3200 1887 probabant.
3249 1843 3322 1856 —
3372 1813 3501 1869 Jure
3545 1821 3732 1868 autem

2153 1913 2426 1984 signorum
2493 1913 2719 1982 gratiam
2776 1921 3004 1982 petunt;
3064 1925 3170 1964 non
3224 1907 3329 1962 alio
3383 1906 3523 1961 enim
3575 1903 3744 1958 modo

2153 2003 2436 2058 ostendere
2462 2010 2708 2072 poterant
2735 2003 2906 2070 ipsum
2929 1999 3306 2061 resurrexisse,
3328 1997 3428 2050 nisi
3448 2012 3512 2050 ex
3539 1994 3739 2064 signis.

2155 2095 2338 2165 Itaque
2383 2110 2488 2149 non
2536 2108 2686 2148 suam
2755 2092 2926 2146 solum
2994 2083 3307 2161 quaerebant
3353 2088 3690 2142 securitatem
3724 2129 3740 2152 ,

2155 2201 2340 2240 verum
2369 2185 2528 2241 etiam
2561 2200 2627 2239 ne
2670 2183 3125 2238 conluudcrentur
3151 2222 3166 2248 ,
3214 2180 3306 2235 sed
3355 2181 3520 2233 libere
3549 2179 3743 2244 loque-

2157 2289 2359 2336 rentur.
2387 2279 2558 2334 Motus
2583 2286 2665 2333 est
2695 2278 2866 2342 locus,
2897 2286 2950 2330 et
2979 2275 3094 2329 illos
3135 2275 3303 2343 magis
3333 2271 3577 2326 llrinavit.
3627 2268 3748 2322 llac

2157 2382 2356 2436 autem,
2400 2370 2560 2426 modo
2611 2370 2820 2440 signum
2863 2369 2956 2422 ira:
2987 2375 3088 2432 est,
3135 2365 3295 2420 modo
3335 2363 3650 2418 visitat'onis
3688 2368 3750 2414 et

2159 2463 2505 2533 providentia:
2529 2502 2544 2526 ,
2589 2477 2732 2516 nunc
2761 2469 2938 2514 autem
2965 2459 3077 2512 ira}.
3109 2459 3169 2513 In
3196 2456 3441 2527 passione
3467 2469 3592 2512 vero
3618 2452 3751 2507 Ser-

2161 2554 2359 2608 vatoris
2410 2552 2672 2621 stupendo
2723 2551 2882 2604 tundo
2903 2561 2957 2605 et
3006 2559 3197 2618 praeter
3246 2559 3486 2601 naturam
3545 2545 3750 2598 factum

2159 2653 2264 2700 est.
2297 2645 2310 2674 ¹
2347 2642 2578 2715 [Etenim
2602 2643 2777 2696 omnis
2805 2651 2941 2696 terra
2970 2647 3233 2695 commota
3258 2647 3358 2692 est.
3383 2637 3448 2691 Et
3476 2637 3587 2706 ipse
3615 2653 3754 2703 quu-

2163 2752 2266 2806 que
2298 2736 2549 2791 Servatur
2577 2734 2788 2789 dicebat
2819 2749 2831 2785 :
2868 2732 3007 2786 Tunc
3052 2743 3194 2785 erunt
3226 2734 3385 2801 [ames
3427 2739 3472 2782 et
3503 2729 3752 2797 pestilen-

2165 2835 2248 2883 tia:
2276 2837 2320 2882 el
2349 2838 2494 2880 terra?
2527 2835 2690 2879 motus
2719 2841 2806 2894 per
2843 2823 2952 2877 loca
2979 2822 2997 2892 (
3026 2821 3208 2874 Matth.
3241 2820 3327 2874 2i.
3355 2821 3384 2872 7
3496 2819 3753 2887 Alioquin

2162 2936 2290 2974 vero
2331 2919 2424 2972 irae
2462 2925 2644 2973 contra
2676 2917 2794 2970 illos
2819 2915 3025 2983 signum
3057 2921 3172 2966 erat
3199 2930 3211 2964 :
3247 2912 3346 2966 hos
3379 2913 3520 2966 enim
3547 2911 3755 2980 Spiriut

2163 3009 2408 3080 replevit.
2435 3007 2591 3072 Vide,
2621 3016 2675 3062 et
2699 3005 2924 3076 apostoli
2954 3015 3071 3074 post
3099 3003 3394 3058 orationem
3424 3002 3624 3072 Spiritu
3659 3018 3752 3054 rc-

2164 3102 2395 3171 plcntur.
2441 3098 2508 3153 Et
2551 3099 2715 3170 gratia
2769 3115 2977 3168 magna,
3029 3095 3217 3164 inquit,
3269 3105 3375 3147 erat
3418 3094 3470 3146 in
3511 3091 3756 3147 omnibus

2163 3191 2264 3245 illis
2313 3205 2332 3243 :
2377 3207 2535 3261 neque
2573 3191 2705 3243 enim
2758 3190 3021 3258 quisquam
3059 3203 3206 3257 egens
3249 3196 3350 3240 erat
3407 3185 3537 3237 inter
3572 3183 3758 3255 illos.)

2165 3283 2350 3337 Videu‘
2376 3290 2570 3352 quanta
2598 3282 2665 3336 sit
2689 3281 2916 3351 Spiritus
2944 3280 3131 3343 virtus,
3159 3279 3241 3330 ubi
3263 3277 3465 3332 scilicet
3493 3277 3579 3330 illa
3611 3291 3758 3336 (ψιώ

2163 3374 2317 3429 erat?
2349 3373 2472 3428 llaec
2500 3381 2582 3426 est
2609 3372 2752 3426 enim
2785 3372 3046 3425 bonorum
3094 3385 3271 3431 causa,
3322 3383 3478 3437 quam
3510 3367 3756 3423 scCundo

2165 3474 2443 3532 memorat,
2477 3463 2767 3519 adhortans
2813 3478 3000 3517 omnes
3025 3463 3090 3516 ad
3136 3459 3475 3532 pecuniarum
3506 3468 3758 3513 content-

2165 3569 2338 3629 ptum;
2360 3557 2603 3627 superius
2623 3556 2805 3610 dicens
2834 3571 2848 3608 :
2881 3553 2988 3608 Nec
3013 3555 3275 3625 quisquam
3300 3568 3468 3605 eorum
3491 3565 3602 3620 qua:
3631 3565 3757 3618 pos-

2165 3649 2377 3714 sidebat,
2436 3647 2627 3718 aliquid
2669 3663 2818 3700 suum
2863 3662 2969 3699 esse
3016 3645 3248 3708 diccbat;
3295 3643 3383 3697 hic
3428 3657 3600 3696 vero:
3637 3639 3756 3694 Nec

2164 3743 2432 3812 quisquam
2460 3757 2611 3812 egens
2642 3749 2752 3795 erat
2784 3740 2914 3792 inter
2938 3739 3074 3792 illos.

2236 3835 2290 3889 '5.
2336 3832 2488 3902 Quod
2519 3841 2693 3887 autem
2725 3847 2829 3885 non
2876 3845 2940 3884 ex
2975 3829 3143 3898 signis
3175 3836 3380 3882 tantum
3405 3869 3418 3890 ,
3452 3824 3543 3881 sed
3587 3825 3757 3879 etiam

2165 3941 2230 3981 ex
2262 3926 2472 3980 illorum
2515 3923 2791 3994 proposito
2822 3920 2872 3975 id
2905 3920 3102 3974 factum
3131 3919 3306 3983 fuerit,
3357 3918 3526 3987 palam
3552 3916 3758 3970 [ιιι-ιιιιιι

2165 4017 2426 4086 Sapphira
2459 4024 2514 4070 et
2539 4015 2796 4070 Ananias.
2845 4012 2960 4068 Non
2991 4021 3166 4066 autem
3211 4013 3374 4064 vcrhn
3399 4019 3623 4072 tant-um,
3656 4011 3758 4063 sed

2165 4112 2326 4167 etiam
2351 4109 2546 4163 virtute
2564 4108 2922 4162 testimoiiimn
2947 4104 3353 4160 resurrectionis
3373 4102 3758 4165 exhibncrunt,

2167 4213 2225 4259 ut
2247 4212 2302 4258 et
2330 4202 2527 4256 Paulus
2574 4201 2648 4254 ait
2680 4217 2693 4254 :
2730 4199 2794 4252 Et
2816 4199 3110 4270 prazdicatio
3142 4215 3250 4250 mea
3277 4213 3376 4250 non
3406 4196 3458 4249 in
3497 4196 3761 4265 persuasi-

2167 4295 2344 4350 bilibus
2374 4295 2609 4347 humanae
2631 4293 2892 4362 sapientia:
2920 4291 3098 4354 verbis,
3128 4289 3215 4343 scd
3241 4289 3292 4341 in
3320 4287 3600 4340 ostensione
3630 4286 3761 4355 Spi-

2170 4390 2295 4442 ritus
2317 4399 2363 4442 et
2390 4387 2583 4441 virtutis
2609 4385 2686 4458 (1.
2719 4385 2838 4441 Cor.
2860 4384 2917 4438 2.
2949 4382 3027 4455 4).
3060 4383 3168 4438 Nec
3189 4380 3502 4451 simpliciter
3525 4380 3749 4446 virtute,

2166 4481 2283 4548 sed,
2311 4482 2511 4534 virtute
2537 4494 2748 4548 magna.
2785 4478 2852 4532 Et
2884 4477 3019 4532 bene
3045 4476 3194 4539 dicit,
3229 4475 3406 4529 Gratia
3436 4483 3544 4526 erat
3571 4473 3621 4525 in
3644 4491 3761 4526 om-

2167 4574 2329 4627 nibus.
2361 4571 2486 4631 ldeo
2513 4584 2742 4640 namque
2767 4570 2956 4640 gratia,
2981 4567 3102 4638 quia
3134 4567 3311 4620 nullus
3337 4575 3452 4620 erat
3477 4579 3666 4634 egens;
3701 4564 3758 4618 id

2167 4675 2274 4732 est,
2304 4681 2370 4720 ex
2393 4663 2632 4719 dantium
2655 4663 2934 4715 alacritate
2959 4659 3133 4714 nullus
3164 4671 3364 4727 egenus
3399 4665 3536 4710 erat.
3571 4654 3759 4724 Neque

2167 4760 2310 4816 enim
2373 4767 2576 4828 partem
2631 4753 3036 4824 largiebantur,
3086 4760 3292 4822 partem
3341 4747 3756 4803 recondebant:

2168 4863 2342 4920 neque
2367 4848 2546 4903 omnia
2577 4845 2795 4913 dabant,
2838 4844 2929 4899 scd
2956 4841 3107 4913 quasi
3153 4840 3385 4911 propria.
3418 4839 3760 4908 lnthualita-

2169 4952 2274 4998 tem
2304 4941 2371 4996 de
2400 4940 2576 4995 medio
2605 4937 2900 5002 tollebant,
2950 4945 3007 4988 et
3037 4934 3089 4988 in
3118 4931 3438 4986 abundantia
3473 4930 3636 4983 multa
3679 4930 3754 4980 vi-

2166 5035 2364 5092 vebant
2392 5049 2408 5088 :
2441 5032 2716 5102 multoque
2738 5044 2857 5084 cum
2891 5027 3094 5082 honore
3127 5025 3229 5078 hoc
3253 5023 3540 5078 faciebant.
3571 5021 3758 5092 Neque

2169 5130 2223 5185 in
2253 5128 2502 5184 manibus
2528 5123 2741 5181 tradere
2783 5120 3075 5185 audebant,
3110 5133 3281 5188 neque
3309 5133 3430 5172 cum
3462 5115 3600 5171 fastu
3647 5115 3755 5170 lar-

2233 5309 2249 5339 ι
2265 5312 2412 5355 Totus
2432 5304 2516 5366 qui
2540 5303 2668 5366 inter
2690 5300 2894 5366 uncinos
2917 5294 3154 5346 clavditur
3177 5293 3331 5366 locus,
3367 5307 3438 5366 sic
3477 5291 3750 5366 effertunin

2161 5381 2269 5418 uno
2305 5382 2348 5418 c.
2391 5379 2406 5414 :
2435 5355 2561 5415 fune
2583 5362 2710 5414 enim
2730 5359 2882 5411 omnis
2906 5366 3037 5408 terra
3068 5363 3301 5406 commota
3323 5362 3431 5418 est,
3469 5355 3536 5418 ita
3572 5361 3622 5402 ut
3647 5355 3752 5403 ubi-

2171 5415 2261 5495 «iui
2278 5415 2571 5495 uicimus";
2591 5424 2738 5495 fuerit
2777 5433 3008 5495 ηιαξιηιηη
3044 5415 3678 5495 αδδεειιιείίεφίίι’ίῆιυιεεην
3709 5423 3754 5466 ⁸⁸

2165 5477 2393 5552 ἔέιήιίᾳέιί
2414 5477 2683 5552 patiebatur
2719 5497 2823 5534 esse
2853 5477 3054 5552 Desunt
3076 5493 3168 5529 non
3201 5477 3473 5552 simplicem
3497 5477 3750 5550 Immineat.

2165 5503 2274 5542 eum
2310 5501 2393 5552 qut
2448 5501 2683 5538 alienatur
2719 5501 2823 5534 esse
2853 5501 3030 5537 Deum.
3076 5501 3168 5529 twn
3208 5501 3473 5541 stmpucem
3497 5501 3733 5526 "atumem

2165 5551 2298 5613 Quod
2320 5549 2363 5600 si
2389 5501 2527 5613 (inec
2550 5558 2699 5613 terra:
2722 5543 3012 5613 commotio)
3035 5541 3151 5613 irte.
3168 5542 3359 5613 signum
3379 5547 3501 5613 erat,
3527 5537 3655 5588 iram

2163 5603 2420 5678 ﬁni/itabat
2441 5611 2490 5662 in
2512 5609 2724 5678 Judteos,
2738 5608 2823 5678 Iros
2840 5603 3001 5678 autem
3020 5603 3203 5678 spiritu
3213 5603 3620 5678 repleuit.ttaatte
3637 5610 3746 5678 apo-

2164 5660 2416 5738 intepuit
2432 5660 2724 5738 orationeiit,’
2736 5669 2912 5738 spiritu
2936 5660 3200 5738 replentur.
3249 5660 3284 5711 at
3311 5671 3366 5738 et
3403 5660 3748 5738 testimonium,

2359 5733 2670 5846 perhibebant
2691 5725 2742 5784 in
2761 5725 2937 5792 uirtute
2957 5725 3128 5790 multa,
3151 5734 3197 5780 et
3217 5725 3379 5792 gratia
3403 5733 3507 5778 erat
3533 5727 3583 5777 in
3602 5725 3755 5779 omni-

2199 5816 2252 5853 us
2337 5815 2377 5852 s.

2199 5816 2252 5853 us
2266 5813 2377 5853 ιιηδ.
2394 5813 2420 5846 ι
