4014 6218
469 355 536 414 9'!
930 329 932 331 Ι
1137 352 1194 407 S.
1230 341 1514 406 JOANNIS
1549 339 2043 400 CHRYSOSTOMI
2078 332 2397 394 ARCHIEP.
2431 332 2977 393 CONSTANTINOP.
3665 335 3733 388 93

470 469 607 540 πρὸς
625 465 687 521 16
711 469 784 538 μὴ
815 464 1108 531 κενοδοξεῖν
1126 463 1324 526 αὑτοὺς
1364 459 1739 540 συνεϐάλλετο.
1780 453 1961 540 Τοῦτο
1983 450 2050 540 ἐί

467 534 562 605 καὶ
577 551 672 604 νῦν
703 534 915 617 γέγονε,
947 545 1086 616 μετὰ
1116 545 1363 608 πλείονος
1419 543 1486 597 ἃν
1513 542 1615 612 τῆς
1649 538 1842 610 ἡδονῆς
1877 534 2050 590 66:61-

470 647 664 701 σαμεν,
695 631 790 684 καὶ
829 629 1071 684 πλούσιοι
1118 629 1212 682 καὶ⁸
1239 628 1488 699 πένητες.
1512 625 1586 678 06
1615 625 1727 686 τοῖς
1760 622 1955 691 πένησι
1988 618 2046 672 δὲ

473 713 693 783 μᾶλλον,
730 711 762 784 ἢ
791 714 905 776 τοῖς
946 711 1221 776 πλουσίοις
1243 711 1400 765 τοῦτο
1424 723 1448 751 α
1473 709 1668 780 ἔφερεν
1707 707 1772 761 ἂν
1798 706 1896 776 τὴν
1921 703 2046 774 ἡδο-

471 797 589 866 νήν.
621 794 732 849 Καὶ
751 796 800 849 εί
837 794 1036 866 βούλει,
1079 797 1216 859 τέως
1248 794 1657 865 ὑπογράψωμεν
1692 790 1824 846 0.616
1855 788 1932 858 τῷ
1961 786 2049 840 λό-

469 893 573 949 τῳ,
597 877 691 930 καὶ
731 878 900 950 ταύτῃ
931 877 1352 950 καρπωσῶμεθα
1377 877 1476 947 τὴν
1512 874 1728 946 ἡδονὴν,
1772 871 1959 942 ἐπειδὴ
1991 871 2048 923 ἐν

471 960 653 1030 ἔργοις
685 961 746 1014 06
801 961 1074 1032 βούλεσθε.
1106 962 1354 1016 Μάλιστα
1399 961 1498 1030 μὲν
1538 959 1646 1029 γάρ
1681 959 1774 1012 καὶ
1810 956 1869 1021 ἐξ
1901 954 2048 1008 ὲκείη

472 1060 580 1096 νων
613 1043 772 1113 δῆλον
819 1046 928 1100 τῶν
979 1047 1098 1100 τότε
1140 1046 1466 1116 γενομένων,
1503 1044 1584 1097 ὅτι
1616 1041 1921 1104 πωλοῦντες
1949 1041 2050 1093 οὑκ

470 1123 614 1195 ἦσαν
665 1127 896 1197 ἐνδεεῖς,
956 1128 1093 1182 ἀλλὰ
1153 1130 1246 1182 καὶ
1299 1129 1426 1192 τοὺς
1483 1127 1721 1198 πένητας
1762 1124 2050 1186 πλουσίους

474 1209 711 1264 ἐποίουν.

548 1292 692 1361 Πλὴν
725 1292 860 1346 ἀλλὰ
888 1295 981 1348 καὶ
1031 1293 1125 1348 νῦν
1146 1293 1554 1365 ὑπογράψωμεν
1583 1291 1743 1345 τοῦτο
1771 1291 1851 1362 τῷ
1883 1270 2062 1361 λόγῴῖῖ

476 1373 572 1425 καὶ
606 1375 804 1438 πάντες
833 1375 901 1429 τά
929 1377 1106 1430 αὑτῶν
1142 1377 1487 1431 πωλείτωσαν
1514 1375 1690 1430 πάντα
1712 1414 1726 1437 ,
1757 1375 1853 1428 καὶ
1889 1372 2051 1444 φερέ-

475 1471 654 1510 τωσαν
684 1458 762 1520 είς
785 1458 969 1528 μέσον,
999 1459 1077 1530 τῷ
1105 1461 1248 1531 λόγῳ
1275 1460 1418 1527 λέγω
1439 1476 1452 1491 ·
1479 1459 1669 1530 μηδεὶς
1694 1455 2047 1528 θορυσείσθωι

479 1537 617 1606 μήτε
650 1538 921 1605 πλούσιος,
953 1543 1088 1613 μήτε
1116 1543 1302 1614 πένης.
1334 1542 1504 1596 Πόσον
1523 1542 1625 1594 οἴει
1651 1541 1872 1612 χρυσίον
1928 1556 2052 1593 συν·

476 1618 702 1686 άγεσθαι
723 1638 736 1684 ;
755 1622 894 1691 Ἐγὼ
917 1625 1248 1696 στοχάζομαι
1279 1626 1360 1696 (οὑ
1387 1625 1496 1697 γάρ
1522 1624 1586 1696 δὴ
1610 1623 1747 1696 μετά
1767 1622 2052 1694 ἀκριϐείας

475 1701 700 1757 δυνατὸν
730 1707 948 1777 εἰπεῖν),
996 1710 1076 1762 ὅτι
1115 1711 1162 1762 εί
1205 1710 1405 1774 πάντες
1455 1710 1548 1764 καὶ
1578 1711 1749 1763 πᾶσαι
1772 1707 1844 1762 τά
1870 1705 2052 1760 αὑτῶν

477 1785 711 1840 ἐνταῦθα
739 1789 1012 1846 ὲκένωσαν
1030 1794 1310 1862 χρήματα,
1343 1793 1437 1846 καὶ
1467 1792 1642 1864 χωρία
1670 1793 1765 1846 καὶ
1795 1792 2052 1862 κτήματα

479 1868 571 1921 καὶ
597 1870 772 1935 οίκίας
793 1873 1061 1928 ’ἀπέδοντο
1093 1876 1419 1947 (ἀνδράποδα
1450 1877 1559 1948 γάρ
1582 1875 1682 1930 οὑκ
1712 1875 1779 1931 ἂν
1822 1876 2048 1944 εἴποιμιο

478 1951 598 2005 οὑδὲ
631 1953 738 2026 γάρ
769 1957 890 2010 τότε
941 1958 1098 2012 τοῦτο
1135 1957 1224 2032 ἦν,
1263 1959 1379 2014 ἀλλ’
1415 1959 1732 2031 ἐλευθέρους
1765 1960 1895 2022 ἴσως
1927 1959 2053 2012 ἐπέ-

478 2051 678 2106 τρεπον
715 2039 1010 2110 γίνεσθαι)⁸
1052 2044 1194 2113 τάχα
1225 2045 1290 2098 ἂν
1332 2045 1524 2098 ἑκατὸν
1561 2043 1814 2114 μυριάδες
1856 2043 2052 2114 λιτρῶν

480 2120 703 2188 χρυσίου
772 2126 1149 2197 συνήχθησαν·
1205 2128 1407 2198 μᾶλλον
1451 2127 1508 2180 δὲ
1562 2127 1656 2181 καὶ
1690 2127 1771 2189 δὶς
1803 2127 1896 2180 καὶ
1935 2126 2054 2197 191;

478 2201 736 2259 τοσαῦτα.
770 2206 906 2261 Είπὲ
939 2210 1046 2281 γάρ
1073 2229 1183 2281 μοι,
1213 2212 1568 2282 ήπόλιςὴμῖν
1601 2210 1680 2272 είς
1711 2210 1876 2262 πόσον
1901 2209 2056 2278 μιγά-

479 2283 585 2336 δων
621 2287 854 2359 ἀριθμὸν
882 2291 976 2344 νῦν
1013 2293 1192 2359 τελεί;
1224 2296 1422 2357 πόσους
1456 2293 1710 2364 βούλεσθε
1760 2290 1898 2346 εἶναι
1929 2294 2056 2364 Χρι-

484 2369 760 2437 στιανούς;
787 2372 1044 2442 βούλεσθε
1070 2377 1200 2430 δέκα
1231 2377 1519 2449 μυριάδας,
1545 2377 1606 2429 16
1623 2377 1678 2429 δὲ
1704 2377 1832 2430 ἄλλο
1870 2378 2055 2448 Ἐλλή-

482 2465 588 2502 νων
617 2455 712 2506 καὶ
747 2457 1043 2526 Ἰουδαίων;
1092 2461 1256 2514 πόσαι
1305 2461 1561 2532 μυριάδες
1594 2462 1863 2531 χρυσίουῦ
1899 2479 2054 2514 συνε-

481 2530 752 2602 λέγησανς
793 2538 954 2602 πόσος
971 2541 1027 2594 δὲ
1056 2543 1288 2613 ἀριθμός
1307 2530 1428 2596 ἐστι
1452 2530 1700 2613 πενήτων
1721 2560 1733 2603 ;
1754 2547 1867 2597 Οὑκ
1901 2541 2053 2615 οἶμαι

484 2616 644 2673 πλέον
699 2623 974 2692 μυριάδων
1031 2627 1212 2680 πέντε.
1263 2628 1498 2691 Τούτους
1547 2628 1611 2699 δὴ
1652 2630 1774 2684 καθ’
1819 2631 2055 2700 ἑκάστην

483 2701 694 2773 ἡμέραν
751 2708 1064 2778 τρέφεσθαι,
1110 2712 1248 2782 πόση
1312 2713 1541 2782 ἀφθονία
1592 2710 1689 2787 ἦν;
1755 2715 1969 2769 Μᾶλλον
1999 2716 2056 2770 δὲ

482 2787 669 2857 κοινῆς
699 2789 798 2857 τῆς
829 2793 1034 2862 τροφῆς
1075 2795 1387 2866 γινομένης,
1427 2797 1521 2850 καὶ
1565 2799 1831 2852 συσσίτιον
1865 2799 2053 2864 ὄντων,

481 2867 603 2954 οὐδὲ
636 2871 836 2942 πολλῆς
857 2873 922 2928 ἂν
951 2876 1141 2946 ἐδέησε
1171 2879 1434 2949 δαπάνης.
1456 2879 1521 2932 Τί
1551 2877 1664 2946 οῦν,
1691 2883 1874 2954 φησὶν,
1905 2882 2058 2952 ἐμέλ-

481 2950 645 3037 λομεν
677 2959 850 3011 ποιεῖν
882 2960 1018 3026 μετά
1043 2961 1103 3015 16
1137 2962 1508 3036 άναλωθῆναι;
1540 2965 1612 3017 Σὺ
1635 2950 2056 3037 οἴειδυνηθῆναι

481 3035 824 3120 ἀναλωθῆναί
863 3059 1027 3105 ποτε;
1062 3045 1123 3098 06
1161 3045 1270 3118 γὰρ
1297 3035 1378 3102 ἂν
1422 3049 1830 3119 μυριοπλασίων
1955 3035 2055 3103 τοῦ

481 3119 616 3174 Θεοῦ
645 3126 803 3194 χάρις
835 3127 1059 3194 γέγονε;
1085 3130 1144 3182 οὑ
1179 3131 1286 3201 γάρ
1319 3130 1588 3194 πλουσίως
1609 3133 1674 3186 ἂν
1709 3135 1740 3203 ἡ
1770 3133 1864 3186 τοῦ
1899 3119 2054 3188 Θεοῦ

482 3203 642 3274 χάρις
665 3207 926 3279 ἐξεχύθη;
971 3211 1036 3263 Τί
1066 3211 1150 3276 δέ;
1181 3213 1282 3265 οὑκ
1327 3214 1393 3266 ἂν
1442 3213 1669 3284 οὐρανὸν
1717 3216 2056 3286 ἐποιήσαμεν

481 3286 582 3356 τὴν
609 3288 745 3359 γῆν;
775 3292 835 3344 Εί
857 3291 987 3346 ἔνθα
1018 3293 1299 3364 τρισχίλιοι
1319 3295 1412 3348 καὶ
1433 3297 1876 3368 πεντακισχίλιοι,
1901 3299 2057 3354 τοῦτο

482 3369 774 3439 γενόμενον
800 3373 975 3438 οῦτως
1015 3375 1244 3447 ἔλαμψε,
1287 3379 1381 3432 καὶ
1417 3379 1592 3444 οὐδεὶς
1628 3381 1810 3434 αὐτῶν
1867 3384 2055 3438 πενίαν

480 3450 764 3536 ⁴ᾐτιάσατο,
797 3456 952 3530 πόσῳ
999 3460 1199 3527 μᾶλλον
1227 3463 1285 3514 ἐν
1335 3463 1573 3534 τοσούτῳ
1621 3465 1850 3536 πλήθει;
1886 3469 1969 3533 τίς
1998 3470 2056 3524 δὲ

482 3530 584 3616 06x
613 3532 680 3586 ἂν
703 3537 798 3589 καὶ
823 3538 934 3593 τῶν
965 3541 1164 3607 ἔξωθεν
1183 3545 1489 3614 ὲπέδωκεν;
1522 3530 1640 3602 Ἵνα
1668 3530 1726 3602 δέ
1751 3530 1930 3616 δείξω,
1950 3530 2054 3606 γὸτι

482 3614 544 3706 16
571 3616 961 3706 διεσπάσθαιο,
992 3627 1146 3680 τοῦτο
1168 3629 1479 3701 δαπανηρὸν
1508 3634 1602 3687 καὶ
1633 3634 1822 3700 πενίας
1848 3614 2056 3706 ποιητι-

484 3697 772 3793 κδν,.έστω
791 3705 960 3793 οίκία,
991 3708 1118 3762 ἔνθα
1147 3713 1337 3766 παιδία
1363 3697 1494 3768 δέκα
1514 3718 1609 3770 καὶ
1641 3717 1780 3788 γυνὴ
1803 3697 2054 3793 ⁷καὶάνὴρ

458 3782 634 3875 -καὶὴ
691 3786 1188 3875 μένᾲέριουργείτω,
1220 3796 1248 3848 6
1282 3797 1338 3850 δὲ
1366 3796 1564 3863 ἔξωθεν
1612 3782 1830 3872 φερέτω
1883 3782 2054 3875 προσζ

482 3864 671 3957 όδους·
699 3870 908 3957 είπέγδή
947 3892 1058 3942 μοι,
1079 3872 1226 3932 οὗτοι
1261 3884 1413 3953 κοινῇ
1446 3864 1770 3955 σιτούμενοι,
1802 3887 1898 3940 καὶ
1927 3864 2056 3957 μίαν

483 3947 698 4041 ἔχοντες
724 3955 922 4020 οἰκίαν,
951 3958 1066 4041 96]
1101 3962 1320 4018 πλείονα
1370 3947 1436 4020 iv
1463 3947 1822 4036 ἀναλίσκοιεν,
1859 3971 1891 4041 ἢ
1930 3947 2058 4026 ’δια-

485 4033 848 4125 σπασθέντες
889 4039 1147 4125 Εὑδηλον,
1187 4046 1266 4099 ὅτι
1313 4047 1768 4119 διασπασθέντες;
1947 4055 2055 4125 γὰρ

487 4114 730 4206 μέλλοιεν
752 4120 1075 4206 διεσπάσθαι
1105 4127 1174 4181 τά
1197 4128 1326 4183 δέκα
1357 4133 1564 4195 παιδία,
1595 4114 1725 4186 δέκα
1755 4114 1868 4187 ’καὶ
1901 4114 2054 4206 οἰκηι-

487 4197 684 4286 μάτων
721 4205 899 4274 χρεία,
929 4207 1060 4262 δέκα
1105 4211 1414 4281 τραπεζῶν,
1440 4214 1570 4266 δέκα
1617 4215 1925 4286 ὑπηρετῶν.
1959 4197 2055 4271 καὶ

481 4279 580 4363 τῆς
605 4283 771 4354 ἄλλης
799 4289 1062 4358 προσόδου
1096 4279 1383 4363 τοσαύτης.
1433 4295 1498 4346 Τί
1549 4295 1640 4359 δὲ,
1688 4279 1818 4350 Ma
1855 4297 2055 4352 δούλων

482 4361 685 4450 πλῇθός
704 4366 882 4450 691w;
909 4371 1028 4439 οὑχὶ
1048 4372 1136 4425 διά
1151 4373 1305 4427 τοῦτο
1321 4361 1529 4439 πάντες
1559 4377 1687 4446 μίαν
1718 4378 1900 4448 ἔχουσι
1921 4397 1948 4432 τ
1957 4382 2052 4450 ρά-

482 4443 674 4532 πεζαν,
711 4446 853 4532 ῶστε
893 4451 970 4523 μὴ
1009 4453 1207 4525 πολλὴν
1237 4457 1486 4523 γενέσθαι
1529 4443 1625 4528 τὴν
1667 4443 1910 4532 δαπάνην
1934 4443 2054 4529 ;"H

481 4525 590 4617 γάρ
638 4528 901 4617 διαίρεσις
933 4535 1019 4588 ἀεὶ
1067 4536 1361 4593 ἐλάττωσιν
1402 4525 1698 4615 ἐμποιεῖ,ἡ
1739 4545 1796 4598 δέ
1832 4525 2054 4617 ὁμόνοια

481 4611 575 4704 καὶ
609 4616 896 4704 συμφωνία
929 4617 1175 4704 αὔξησιν.
1223 4621 1408 4687 Οὕτως
1432 4626 1482 4677 οἱ
1534 4627 1592 4678 ὲν
1633 4611 1747 4692 τοῖς
1788 4611 2054 4704 μοναστηο

481 4692 618 4762 ρίοις
647 4696 782 4761 ζῶσι
803 4699 918 4764 νῦν,
937 4701 1126 4774 ὥσπερ
1155 4706 1285 4759 ποτὲ
1315 4708 1361 4759 οἱ
1392 4709 1590 4764 πιστοί.
1623 4711 1719 4774 Τίς
1753 4692 1819 4765 ἂν
1849 4692 2051 4768 ἀπέθα-

478 4774 693 4867 νενιοῦν
715 4781 829 4867 ἀπδ
848 4783 1006 4867 λιμοῦ
1023 4788 1138 4867 ;-τίς
1159 4788 1217 4841 δὲ
1249 4791 1310 4842 06
1342 4790 1604 4864 διετράφη
1629 4795 1767 4864 μετὰ
1795 4797 2054 4867 ἀφθονίας

479 4856 681 4948 πολλῆς
699 4876 728 4948 ;Δ
749 4860 979 4948 Νῦν-μὲν
1003 4861 1096 4919 οὖν
1122 4868 1281 4922 τοῦτο
1307 4856 1609 4925 δεδοίκασιν
1629 4856 1903 4945 ἄνθρωποι
1925 4856 2055 4948 μᾶλλ

477 4937 590 5030 λον,
626 4939 761 5030 ﬁet;
785 4944 1022 5030 πέλαγος
1053 4951 1315 5020 ἐμπεσεῖν
1344 4953 1572 5008 ἄπλετον
1602 4957 1695 5009 καὶ
1725 4937 1970 5030 ἀπειρον.
1991 4963 2053 5016 Et

475 5021 533 5076 δὲ
562 5027 758 5116 πεῖραν
779 5028 1153 5116 ἐποιησάμεθα
1179 5035 1390 5099 τούτου,
1408 5038 1527 5091 τότε
1551 5039 1617 5093 ἂν
1648 5021 2054 5116 κατετολμήσα-

481 5121 580 5194 μεν
605 5109 698 5194 τοῦ
731 5112 1071 5182 πράγματος.
1103 5116 1284 5188 Πόσην
1306 5119 1407 5172 οἴει
1451 5121 1545 5174 καὶ
1573 5123 1733 5194 χάριν
1755 5109 1893 5179 εἴναί
1915 5109 1950 5191 ς’
1987 5128 2051 5183 Εί

455 5190 587 5260 ’γὰρ
612 5191 754 5254 τότε,
789 5196 890 5282 Ϋδτε
941 5199 1116 5264 οὐδεὶς
1139 5197 1208 5273 ἦν
1239 5205 1448 5272 πιστὸς,
1477 5190 1613 5262 ἀλλά
1641 5190 1927 5282 τρισχίλιοι
1957 5217 2053 5269 καὶ

479 5281 902 5373 πεντακισχίλιοι
937 5286 1114 5353 μόνον·
1154 5290 1243 5343 ὅτε
1276 5291 1476 5359 πάντες
1513 5296 1560 5347 οἱ
1593 5281 1694 5366 τῆς
1729 5300 2054 5373 οἰκουμένης

477 5350 615 5452 ἦσαν
637 5360 841 5452 ροί⁹
871 5350 959 5452 ὅτε
985 5369 1282 5441 οὐδαμόθεν
1306 5350 2050 5452 προσέδόκωνπαραμύθίανῖ

474 5441 619 5536 οὑτω
644 5443 708 5536 6-1]
731 5449 1141 5536 κατετόλμησαν
1156 5454 1182 5493 ά
1202 5456 1294 5510 τοῦ
1313 5441 1651 5528 πράγματος·
1683 5441 2052 5536 πόσιμμᾶλλον

470 5525 570 5581 νῦν
601 5529 757 5620 τοῦτο
786 5531 853 5584 ἂν
869 5534 1104 5604 ἐγένετο,
1128 5538 1256 5593 ἔνθα
1292 5525 1369 5612 τῇ
1393 5525 1486 5597 τοῦ
1529 5545 1664 5599 Θεοῦ
1708 5525 1891 5620 χάριτι
1915 5571 2052 5606 παν-

399 5688 402 5691 _
472 5610 642 5682 ταχοῦ
671 5613 770 5684 τῆς
797 5617 1122 5690 οἰκουμένης
1149 5610 1370 5691 πιστοίξ
1427 5626 1511 5690 τίς
1536 5628 1579 5680 δ’
1604 5629 1670 5682 ἂν
1697 5610 1887 5700 έμενεν
1921 5635 2051 5689 Ἕλ-

475 5692 574 5764 λην
608 5695 824 5766 λοιπόν;
856 5700 1056 5756 Οὐδένα
1087 5704 1260 5775 ἔγωγε
1281 5710 1726 5780 ὴγοῦμαιόὕτως
1752 5715 1817 5770 ἂν
1847 5721 2054 5784 πάντας

453 5917 457 5922 Ι
523 5915 534 5928 υ
555 5856 581 5885 ³
605 5855 790 5930 Μοςθιί.
805 5860 833 5918 ἢ
847 5862 954 5919 τοὺς
976 5865 1228 5930 πλουσίους
1250 5865 1406 5918 τοῦτο.
1425 5869 1602 5919 Melius
1621 5872 1703 5921 alii
1736 5876 1764 5930 ἢ
1779 5875 1876 5930 τοῖς
1908 5876 2055 5926 πλου-

484 5920 621 5995 σίοις.
690 5920 715 5955 δ
731 5921 886 5995 ,ἰαί-ηυξ
908 5928 1013 5975 cod.
1042 5920 1257 5991 μυριάδες
1280 5933 1336 5979 ἂν
1359 5949 1571 5995 χρυσίου.
1641 5920 2055 5986 εΑιίίὲόὲιέέἆᾶ-

487 5981 673 6037 σμένον.
724 5981 750 6023 ά
775 5985 938 6036 Codex
965 5981 1092 6041 umis
1108 5981 1406 6055 παραμυθίάῖ
1429 5993 1657 6044 τοσοῦτον
1877 6017 2047 6061 μησαν.

2157 447 2622 518 ἐπεσπασάμεθα,
2670 447 2764 502 καὶ
2789 445 3121 515 είλκύσαμεν
3159 444 3294 515 πρὸς
3336 446 3484 516 ἡμᾶς
3516 446 3734 509 αὐτούς.

2158 531 2306 602 Πλὴν
2346 529 2461 585 ἀλλ’
2493 531 2588 584 ἐὰν
2607 529 2711 601 ὀδῷ
2729 529 2904 603 ταύτῃ
2929 528 3332 600 προϐαίνωμεν,
3373 530 3614 585 πιστεύω
3657 534 3738 603 τῷ

2159 611 2299 684 Θεῷ,
2346 613 2428 666 ὅτι
2470 612 2752 667 καὶτοῦτο
2788 611 2959 665 ἔσται.
3009 611 3277 681 Πείσθητέ
3309 629 3401 682 μοι
3439 613 3618 682 μόνον,
3645 615 3740 667 καὶ

2160 694 2302 749 κατὰ
2345 695 2498 761 τάξιν
2533 693 2955 766 κατορθώσομεν
3006 694 3076 747 τὰ
3113 695 3434 765 πράγματα’
3488 696 3582 749 καὶ
3621 696 3688 750 ἂν
3713 699 3742 750 6

2158 778 2292 842 Θεὸς
2313 779 2456 850 ζωὴν
2480 779 2575 848 δῷ,
2605 779 2865 847 πιστεύω,
2898 780 2979 833 ὅτι
3011 779 3222 850 ταχέως
3255 782 3334 843 είς
3361 779 3564 852 ταύτην
3591 783 3743 852 ἡμᾶς

2158 861 2359 934 ἄξομεν
2392 863 2490 934 τὴν
2518 863 2816 918 πολιτείαν.

2231 946 2383 1008 Τέως
2398 946 2487 999 16v
2516 946 2679 1017 νόμον
2713 947 2804 1000 τὸν
2834 947 2963 1017 περὶ
2991 947 3085 1001 τοῦ
3123 948 3290 1017 ὅρκου
3318 946 3704 1018 κατορθώσατε
3726 988 3740 1010 ,

2159 1029 2253 1082 καὶ
2293 1028 2658 1099 βεϐαιώσατε·
2706 1030 2799 1084 καὶ
2828 1033 2857 1084 6
2885 1030 3125 1098 φυλάξας
3169 1030 3259 1084 τὸν
3301 1030 3377 1100 μὴ
3429 1029 3744 1100 φυλάξαντα

2157 1113 2312 1182 δῆλον
2344 1114 2585 1177 ποιείτω,
2620 1113 2714 1166 καὶ
2733 1113 3032 1182 ἐγκαλείτω
3063 1113 3266 1180 λοιπὸν,
3298 1114 3394 1167 καὶ
3430 1114 3744 1185 ἐπιτιμάτω

2054 1253 2060 1259 ,
2159 1195 2424 1267 σφοδρῶς.
2465 1197 2530 1250 Ἦ
2569 1196 2678 1265 γὰρ
2722 1197 3032 1267 προθεσμία
3081 1197 3284 1264 ἐγγυς,
3338 1197 3434 1250 καὶ
3489 1197 3740 1262 ἐξέτασιν

2160 1280 2372 1350 ποιήσω
2405 1279 2498 1333 τοῦ
2537 1291 2561 1320 ο
2595 1281 2921 1352 πράγματος
2942 1321 2956 1344 ,
2989 1282 3082 1334 καὶ
3116 1280 3210 1334 τὸν
3255 1280 3456 1335 ἁλόντα
3489 1282 3743 1354 ἀφορίσω

2159 1362 2255 1414 καὶ
2287 1362 2551 1434 ἀπείρξω.
2581 1363 2742 1416 Ἀλλά
2772 1363 2979 1434 μηδένα
3008 1363 3218 1431 γένοιτο
3241 1363 3482 1417 τοιοῦτον
3511 1365 3744 1436 εὑρεθῆ-

2159 1460 2247 1497 ναι
2279 1445 2408 1516 παρ’
2435 1447 2588 1516 ἡμῖν,
2620 1446 2754 1499 ἀλλὰ
2777 1445 2984 1510 πάντας
3015 1445 3153 1517 μετά
3201 1447 3486 1518 ἀκριϐείας
3524 1448 3587 1501 16
3615 1447 3744 1501 σύν-

2161 1525 2311 1596 θημα
2339 1528 2398 1580 τό
2424 1530 2794 1600 πνευματικὸν
2812 1530 2969 1582 τοῦτο
2984 1529 3236 1598 φυλάξαι.
3270 1530 3540 1602 Καθάπερ
3565 1528 3662 1584 οὖν
3687 1535 3746 1585 ὲν

2161 1610 2386 1683 πολέμῳ
2405 1613 2512 1666 ἀπὸ
2541 1613 2634 1667 τοῦ
2680 1613 3022 1684 συνθήματος
3059 1615 3112 1667 οἵ
3138 1631 3198 1666 τε
3240 1615 3427 1668 οίκεῖοι
3457 1616 3552 1668 καὶ
3581 1615 3745 1671 ἀλλό-

2159 1708 2299 1763 τριοι
2315 1694 2672 1765 γνωρίζονται
2697 1710 2712 1724 ⁸
2739 1695 2882 1749 οὕτω
2908 1696 2971 1767 δὴ
3001 1698 3095 1750 καὶ
3116 1695 3212 1749 νῦν
3228 1697 3483 1765 γινέσθω.
3506 1698 3615 1751 Καὶ
3635 1699 3747 1769 γάρ

2163 1780 2256 1833 καὶ
2307 1779 2401 1833 νῦν
2433 1785 2490 1836 ἐν
2542 1782 2764 1854 πολέμῳ
2817 1783 3017 1854 ἐσμὲν,
3059 1785 3145 1837 ἵνα
3189 1785 3281 1838 καὶ
3321 1786 3449 1849 τοὺς
3479 1785 3746 1856 ἀδελφοὺς

2162 1863 2608 1936 ἐπιγινώσκωμεν
2642 1867 2769 1930 τοὺς
2806 1867 3058 1930 οἰκείους.
3081 1867 3245 1920 Ὅσον
3271 1867 3384 1937 γάρ
3415 1870 3564 1922 ἐστιν
3597 1871 3744 1938 ἀγαο

2163 1945 2254 2000 θὸν
2281 1947 2438 2002 τοῦτο
2476 1952 2509 2021 ἡ
2520 1952 2610 2020 μίν
2656 1945 2793 2003 εἶναι
2825 1950 2886 2002 16
2914 1949 3222 2021 γνώρισμα,
3263 1953 3357 2006 καὶ
3380 1951 3614 2005 ἐνταῦθα
3649 1956 3747 2006 καὶ

2164 2029 2256 2083 ἐπὶ
2294 2030 2391 2100 τῆς
2421 2032 2740 2105 ἁλλοτρίας;
2773 2027 2884 2086 οἷον
2931 2033 3089 2086 τοῦτο
3126 2033 3290 2087 ὅπλον
3327 2035 3466 2088 κατά
3501 2039 3604 2106 τῆς
3647 2037 3744 2090 τοῦ

2161 2112 2404 2167 διαϐόλου
2437 2117 2682 2186 μηχανῆς
2710 2115 2765 2181 f;
2804 2116 2988 2186 Στόμα
3021 2115 3133 2188 γάρ
3168 2117 3270 2172 οὑκ
3310 2117 3447 2181 εἱδδς
3485 2118 3744 2188 ὀμνύειν,

2162 2197 2370 2265 ταχέως
2397 2199 2489 2251 καὶ
2521 2199 2612 2251 τὸν
2649 2198 2782 2252 Θεὸν
2807 2200 2863 2252 ἐν
2888 2200 3072 2269 εὐχαῖς
3105 2201 3491 2264 ἐπισπάσεται,
3525 2202 3619 2254 καὶ
3644 2202 3742 2254 16v

2162 2277 2410 2332 διάϐολον
2445 2279 2634 2352 πληξει
2679 2281 2897 2361 καιρίαν
2946 2281 3197 2354 πληγήνο
3245 2283 3420 2354 στόμα
3467 2284 3566 2336 οὑκ
3605 2284 3748 2347 είδδς

2163 2361 2404 2430 ὀμνύειν,
2441 2363 2561 2417 οὑδὲ
2606 2363 2846 2436 ὑϐρίζειν
2875 2365 3102 2418 εἴσεται.
3150 2366 3419 2434 Καθάπερ
3462 2365 3523 2430 ἐξ
3566 2367 3750 2430 οἰκίας

2163 2446 2328 2508 τινὸς,
2361 2446 2534 2506 οὕτως
2571 2448 2678 2501 ἀπὸ
2711 2449 2811 2518 τῆς
2837 2447 3084 2519 γλώττης
3110 2449 3171 2503 τὸ
3204 2449 3314 2521 πῦρ
3344 2450 3539 2504 ἔκϐαλε
3566 2451 3746 2512 τοῦτο,

2164 2530 2256 2582 καὶ
2281 2531 2618 2601 παρέλκυσον
2651 2531 2773 2596 ἔξω.
2796 2533 2891 2597 Δὸς
2910 2535 3046 2604 αὑτῇ
3079 2533 3274 2605 μικρὸν
3297 2533 3632 2588 ἀναπνεῦσαι
3653 2552 3666 2564 ·
3686 2535 3751 2588 τὸ

2164 2620 2320 2686 ἕλκος
2381 2622 2767 2695 ἀσθενέστερον
2823 2624 3066 2695 ποίησον.
3121 2625 3231 2679 Ναὶ
3271 2625 3612 2697 παρακαλῶ,
3659 2627 3751 2680 ἵνα

2165 2703 2292 2774 ὑμῖν
2323 2705 2416 2758 καὶ
2452 2705 2637 2776 ἕτερόν
2664 2723 2716 2759 τι
2754 2707 2894 2760 ἐκδῶ
2937 2709 3166 2778 μάθημα
3191 2725 3204 2738 ο
3237 2708 3391 2762 οῦπω
3416 2709 3527 2780 γάρ
3557 2707 3751 2763 τούτου

2165 2787 2622 2858 κατωρθωμένου,
2645 2789 2706 2841 06
2730 2789 2913 2861 τολμῶ
2949 2791 3040 2844 ἐπὶ
3069 2791 3260 2862 ἔτερόν
3297 2809 3351 2844 τι
3383 2791 3578 2845 ἐλθεῖν.
3613 2793 3753 2847 Τοῦ-

2167 2887 2226 2922 το
2249 2869 2388 2940 μετὰ
2410 2871 2693 2942 ἀκριϐείας
2718 2873 2845 2942 ὑμῖν
2867 2873 3272 2945 κατορθωθήτω
3293 2891 3305 2903 ·
3339 2875 3530 2929 τούτου
3553 2876 3750 2930 λάϐετε

2164 2954 2259 3007 τοῦ
2287 2955 2708 3025 κατορθώματος
2734 2955 2985 3028 αἴσθησιν
3018 2959 3304 3030 πρότερον,
3330 2960 3425 3013 καὶ
3461 2960 3584 3014 τότε
3615 2963 3648 3014 ὑ
3659 2965 3750 3031 μίν

2166 3040 2260 3089 καὶ
2293 3036 2513 3106 ἑτέρους
2541 3040 2741 3104 είσάξω
2771 3041 2968 3111 νόμους
2989 3081 3003 3106 ,
3037 3042 3238 3111 μᾶλλον
3267 3043 3324 3095 δὲ
3349 3044 3448 3096 οὑκ
3471 3043 3600 3112 ἐγὼ,
3631 3045 3752 3097 ἀλλ’

2164 3119 2193 3171 6
2234 3120 2487 3190 Χριστός.
2520 3121 2826 3176 Φυτεύσατε
2857 3125 2913 3177 ὲν
2945 3127 3010 3194 τῇ
3035 3123 3180 3195 ψυχῇ
3215 3127 3280 3197 τῇ
3319 3127 3561 3198 ὑμετέρᾳ
3588 3128 3754 3182 τοῦτο

2166 3201 2225 3255 16
2271 3202 2466 3266 καλὸν,
2507 3206 2603 3258 καὶ
2647 3208 2790 3258 κατά
2833 3208 3028 3277 μικρὸν
3072 3207 3263 3261 ἔσεσθε
3304 3209 3629 3279 παράδεισος
3659 3211 3753 3265 τοῦ

2165 3283 2322 3348 Θεοῦ,
2339 3284 2515 3355 πολλῷ
2532 3285 2754 3355 βελτίων
2772 3287 3108 3360 [θὸἶὲκείνου
3132 3290 3224 3343 τοῦ
3248 3291 3753 3362 παραδείσου.οῠτε

2165 3367 2275 3439 γὰρ
2306 3367 2429 3436 δφις
2461 3371 2590 3440 παρ’
2627 3371 2778 3440 ἡμῖν,
2798 3371 2922 3425 οὕτε
2947 3373 3162 3446 δένδρον
3201 3374 3594 3447 θανατηφόρον,
3622 3377 3756 3431 οῦτε

2165 3450 2292 3504 ἄλλο
2313 3451 2420 3505 τῶν
2441 3451 2696 3507 τοιούτων
2721 3455 2892 3511 οὐδέν.
2919 3458 3136 3528 Πήξατε
3163 3459 3222 3512 ἐν
3245 3458 3400 3528 βάθει
3421 3459 3627 3529 ταύτην
3655 3463 3756 3532 τὴν

2166 3533 2476 3604 συνήθειαν.
2497 3536 2593 3589 Ἂν
2623 3535 2783 3591 τοῦτο
2810 3539 3057 3610 γένηται,
3089 3542 3186 3611 οὑχ
3217 3543 3375 3612 ὑμεῖς
3397 3543 3446 3596 οί
3478 3544 3754 3614 παρόντες

2165 3616 2588 3689 ὠφεληθήσεσθε
2630 3620 2790 3690 μόνον
2810 3663 2825 3686 ,
2877 3624 3013 3678 ἀλλά
3043 3627 3138 3680 καὶ
3171 3627 3372 3690 πάντες
3405 3629 3452 3681 οί
3493 3629 3550 3681 ἐν
3585 3632 3658 3701 τῇ
3687 3631 3758 3682 οί-

2164 3701 2407 3774 κουμένῃ
2429 3717 2442 3731 ⁸
2471 3703 2567 3756 καὶ
2600 3705 2698 3756 οὑκ
2731 3705 2926 3760 ἐκεῖνοι
2962 3709 3121 3778 μόνον
3152 3719 3200 3772 8,
3235 3709 3373 3764 ἀλλά
3410 3711 3504 3764 καὶ
3528 3712 3577 3764 οί
3612 3714 3756 3782 μετὰ

2165 3783 2336 3837 ταῦτα
2375 3786 2762 3858 ἐπιγινόμενοι.
2792 3788 2952 3852 Ἔθος
2983 3791 3092 3863 γάρ
3131 3792 3294 3846 καλὸν
3339 3793 3579 3847 εἰσελθὸν
3606 3835 3624 3856 ,
3662 3796 3757 3849 καὶ

2165 3867 2318 3950 παρὰ
2367 3869 2586 3923 πάντων
2649 3871 3074 3942 φυλαττόμενον,
3137 3878 3216 3939 είς
3275 3877 3522 3950 μακροὺς
3569 3878 3755 3933 διαδο-

2166 3949 2390 4020 θήσεται
2435 3952 2681 4023 χρόνους,
2726 3955 2820 4009 καὶ
2839 3955 3012 4020 οὐδεὶς
3064 3957 3196 4013 αὑτὸ
3255 3949 3446 4031 καιρὸς
3516 3960 3754 4031 ἐκκόψαι

2164 4035 2467 4106 δυνήσεται.
2530 4037 2594 4090 El
2621 4036 2752 4101 ξύλα
2809 4056 2892 4102 τις
2936 4039 3208 4109 συλλέγων
3240 4044 3298 4096 ἐν
3351 4042 3610 4113 σαϐϐάτῳ
3671 4046 3756 4098 λι-

2166 4117 2448 4181 θόλευστος
2507 4119 2760 4187 γέγονεν·
2833 4122 2861 4174 ὁ
2931 4122 3000 4175 τά
3067 4123 3246 4195 πολλῷ
3319 4125 3422 4196 τῆς
3478 4127 3755 4197 συλλογῆς

2165 4199 2379 4270 ἐκείνης
2448 4199 2804 4273 χαλεπώτερα
2869 4204 3282 4277 ἐργαζόμενος,
3357 4208 3450 4261 καὶ
3529 4213 3756 4282 φορτίον

2166 4283 2451 4352 ἁμαρτιῶν
2515 4283 2786 4353 συλλέγων
2849 4285 3049 4356 (τοῦτο
3107 4289 3216 4361 γάρ
3287 4291 3396 4346 τῶν
3454 4293 3640 4365 ὅρκων
3695 4295 3756 4348 16

2165 4365 2387 4435 πλῆθος)
2413 4407 2427 4430 ,
2458 4365 2511 4418 τί
2563 4367 2663 4437 οὑχ
2706 4369 3112 4440 ὑποστήσεται;
3151 4373 3204 4426 τί
3235 4374 3292 4426 δὲ
3315 4374 3412 4445 οὐχ
3445 4377 3750 4447 ὑπομενεῖ;

2166 4448 2373 4519 Πολλὴν
2416 4448 2648 4520 λήψεσθε
2684 4451 2836 4523 παρὰ
2876 4454 2970 4506 τοῦ
3008 4455 3145 4508 Θεοῦ
3184 4460 3283 4530 τὴν
3324 4458 3580 4531 βοήθειαν
3604 4502 3619 4523 ,
3659 4462 3756 4516 ἐὰν

2161 4532 2320 4617 τοῦτο
2347 4535 2474 4617 ὑμίν
2492 4536 2926 4617 κατωρθωμένον
3044 4541 3140 4594 Ἂν
3159 4543 3322 4607 εἴπω,
3353 4544 3444 4616 Μὴ
3492 4544 3750 4617 ὑϐρίσῃς,

2163 4615 2366 4698 εὐθέως
2393 4616 2482 4669 16v
2505 4615 2676 4686 θυμόν
2710 4635 2800 4688 μοι
2820 4620 3008 4692 φέρεις
3040 4623 3119 4686 είς
3155 4623 3319 4692 μέσον
3343 4639 3357 4655 ’
3380 4624 3447 4678 ἀν
3467 4627 3630 4691 εῐπω,
3659 4615 3752 4698 Μὴ

2166 4697 2462 4771 βασκήνῃς,
2499 4699 2666 4770 ἄλλην
2694 4702 2873 4755 αἰτίαν
2908 4705 3072 4774 ἐρεῖς.
3109 4703 3376 4761 Ἐνταῦθα
3403 4709 3555 4763 οὐδὲν
3575 4697 3752 4764 τοιοῦέ

2162 4799 2253 4834 τον
2294 4781 2437 4851 ἔχεις
2479 4784 2674 4840 εἰπεῖν.
2712 4784 2810 4838 Διά
2838 4786 2997 4839 τοῦτο
3032 4787 3141 4841 ἀπὸ
3169 4789 3278 4844 τῶν
3310 4791 3546 4847 εὑκόλων
3572 4794 3747 4864 ἠρξά-

2165 4886 2292 4940 μην,
2322 4871 2443 4923 ἐπεὶ
2465 4871 2558 4924 καὶ
2587 4872 2644 4924 ὲν
2671 4875 2791 4937 ταῖς
2820 4874 3035 4944 τέχναις
3058 4877 3295 4941 ἀπάσαις
3326 4878 3386 4932 16
3414 4879 3547 4933 αὐτὸ
3561 4883 3750 4936 ποιοῦ-

2164 4971 2268 5007 σιν.
2295 4953 2452 5007 Οὕτω
2473 4972 2556 5020 τις
2586 4956 2681 5010 καὶ
2703 4959 2796 5011 ἐπὶ
2819 4956 2886 5010 τὰ
2906 4957 3130 5026 μείζονα
3150 4959 3390 5031 ἔρχεται,
3415 4963 3483 5015 τὰ
3511 4964 3750 5018 εὐκολώ-

2161 5054 2294 5109 τερα
2322 5037 2500 5108 πολλῷ
2532 5040 2788 5110 πρῶτονιι
2831 5042 3138 5110 μανθάνων.
3169 5045 3417 5109 Είσεσθε,
3455 5046 3575 5111 πῶς
3602 5048 3749 5104 ἔστιν

2160 5119 2381 5174 εὔκολον
2413 5121 2592 5186 τοῦτο,
2623 5123 2753 5177 ὃταν
2794 5127 2861 5195 τῇ
2895 5124 2988 5177 τοῦ
3038 5125 3174 5178 Θεοῦ
3229 5128 3413 5197 χάριτι
3460 5131 3745 5201 κατορθώ-

2163 5220 2354 5268 σαντες
2373 5245 2387 5268 ,
2413 5205 2507 5258 καὶ
2537 5205 2724 5277 ἕτερον
2757 5206 2982 5278 δέξησθε
3009 5207 3192 5278 νόμον.
3225 5211 3355 5264 Δότε
3390 5229 3481 5282 μοι
3521 5216 3743 5284 παρρη-

2162 5288 2304 5351 σίαν,
2329 5288 2422 5340 καὶ
2445 5289 2538 5341 ἐπὶ
2578 5289 2867 5361 Ἑλλήνων,
2901 5292 2996 5344 καὶ
3025 5291 3117 5345 ἐπὶ
3161 5293 3432 5347 Ἰουδαίων
3455 5336 3471 5362 ,
3508 5297 3602 5349 καὶ
3635 5298 3743 5367 πρὸ

2162 5371 2381 5426 πάντων
2409 5373 2501 5426 ἐπὶ
2530 5372 2624 5426 τοῦ
2649 5373 2805 5427 Θεοῦ.
2833 5375 2940 5428 Ναὶ
2968 5377 3273 5448 παρακαλῶ
3306 5377 3442 5450 πρὸς
3467 5379 3567 5450 τῆς
3603 5381 3743 5448 ἀγά-

2161 5473 2290 5527 πης,
2315 5456 2451 5526 πρὸς
2473 5456 2572 5526 τῆς
2595 5457 2800 5522 ὠδῖνος,
2824 5453 2973 5530 δι’ἦς
2999 5460 3143 5530 ὑμᾶς
3163 5460 3345 5529 ῶδινα,
3373 5465 3582 5517 Τεκνία
3599 5481 3738 5532 μου.

2159 5541 2234 5592 T6
2259 5539 2315 5593 δὲ
2349 5539 2476 5608 ἐξῆς
2503 5539 2602 5594 οὑκ
2623 5541 2807 5605 ἐπάξω
2843 5543 2924 5610 16,
2961 5543 3079 5609 Οὒς
3109 5543 3300 5599 πάλιν
3337 5545 3526 5600 ὠδίνω
3553 5564 3568 5576 ·
3615 5547 3740 5600 οὐδὲ

2161 5622 2272 5696 ἐρῶ
2303 5623 2383 5687 16,
2414 5624 2620 5693 Ἀχρις
2640 5620 2711 5681 οὗ
2740 5626 3028 5696 μορφωθῇ
3057 5629 3309 5698 Χριστὸς
3351 5630 3421 5682 ἐν
3450 5630 3609 5699 ὑμῖν.
3640 5631 3740 5682 Πι-

2163 5708 2338 5760 στεύω
2372 5707 2509 5776 γάρ,
2545 5707 2627 5760 ὅτι
2665 5709 3024 5779 μεμόρφωται
3068 5711 3303 5782 Χριστὸς
3341 5713 3398 5765 ὲν
3425 5713 3738 5784 ὑμῖν.⁹Λλλ⁹

2161 5797 2323 5866 ἕτερα
2351 5797 2486 5868 πρὸς
2514 5797 2656 5867 ὑμᾶς
2690 5798 2799 5868 ἐρῶ
2821 5814 2834 5828 ο
2878 5799 3152 5868 Ἀδεῖεεοί
3169 5819 3289 5869 μου
3313 5802 3602 5870 ἀγαπητοί
3631 5801 3735 5855 καὶ

2216 5945 2238 5971 ⁸
2277 5942 2408 5991 [dom
2442 5944 2520 5990 καὶ
2555 5943 2782 6004 ποιοῦμαι
2827 5945 3034 5999 ἐξέτασιν
3079 5945 3180 5995 τοῦ.
3213 5932 3224 5938 ⁷
3274 5947 3294 5979 τ
3335 5947 3467 5996 Idem
3508 5947 3735 5998 διαϐόλου

2164 6006 2407 6068 κεφαλῆς..
2452 6007 2475 6045 ε
2521 6005 2617 6056 Alli
2661 6007 2824 6055 ἐκεῖνοι
2868 6007 3017 6069 μόνοι.
3085 6007 3113 6046 δ
3158 6010 3254 6060 Ali‘
3284 6011 3442 6074 πολλῴ
3483 6013 3678 6087 πρῶτα..
