4014 6218
454 348 521 405 illi

448 461 644 536 queudi
675 458 955 523 fiduciam,
983 465 1039 512 et
1061 468 1242 510 coram
1284 446 1572 520 gentilibus
1616 451 1692 536 et,
1714 455 1896 497 coram
1940 438 2039 496 Ju—

453 534 598 618 dcis,
633 562 708 620 et,
742 550 884 622 quod
913 557 1039 604 ante
1063 544 1239 600 omnia
1283 551 1366 595 est
1392 581 1406 603 ,
1451 551 1633 594 coram
1683 535 1815 591 Deo.
1870 534 2042 588 Etiam

449 651 676 702 obsecro
708 661 806 716 per
830 643 1138 705 caritatem,
1177 650 1270 704 per
1295 633 1533 687 dolorem
1567 637 1750 699 partus
1770 668 1784 691 ,
1815 640 1922 695 quo
1951 639 2045 679 vos

452 739 743 807 parturivi,
793 733 970 790 Filioli
1012 730 1126 784 mei.
1172 725 1324 793 Quod
1357 722 1597 792 sequitur
1652 733 1758 774 non
1810 716 2042 780 addam,

386 867 388 870 μ
457 829 595 892 Quos
633 830 814 883 iterum
845 822 1108 895 parturio;
1136 832 1310 886 neque
1337 816 1509 869 dicam
1531 854 1545 877 ,
1591 811 1762 864 llonec
1804 813 2048 880 formetur

456 919 686 977 Christus
710 921 762 972 in
788 915 926 972 vobis
981 912 1120 985 (Gal.
1148 912 1201 965 ι.
1230 909 1350 978 l9).
1379 905 1558 962 Credo
1583 903 1747 966 enim,
1775 901 2046 957 Christum

456 1013 511 1068 in
548 1011 697 1066 vobis
725 1010 1009 1064 formatum
1036 1018 1182 1059 esse.
1211 1000 1317 1056 Sed
1343 1000 1444 1053 alia
1475 997 1629 1051 vobis
1653 995 1828 1050 dicam
1861 1011 1874 1046 :
1909 993 2047 1049 Fra-

457 1113 556 1158 tres
600 1103 696 1156 mei
735 1101 906 1156 dilecti
943 1108 992 1152 et
1029 1095 1331 1155 desiderati,
1379 1090 1620 1162 gaudium
1651 1097 1696 1142 et
1725 1102 1910 1141 corona
1940 1100 2049 1137 mea

457 1193 728 1262 (Philipp.
757 1192 810 1246 4.
843 1191 935 1262 1
965 1188 1182 1244 Credite
1213 1184 1339 1238 tnihi
1359 1225 1374 1248 ,
1417 1197 1503 1236 me
1545 1195 1650 1235 non
1686 1179 1842 1233 aliter
1880 1177 2050 1232 dictu-

457 1301 573 1338 rum
604 1299 745 1340 esse.
780 1283 835 1338 Si
863 1281 982 1351 quis
1012 1279 1158 1333 mille
1185 1289 1413 1330 coronas
1437 1272 1611 1344 regias
1638 1270 1866 1340 gemmis
1893 1284 2051 1322 orna-

457 1385 538 1429 tas
563 1375 722 1445 capiti
751 1389 872 1430 meo
900 1387 1039 1426 nunc
1064 1371 1384 1439 imponeret,
1415 1381 1520 1420 non
1551 1365 1619 1418 ita
1647 1360 1932 1432 gauderem
1951 1400 1966 1424 ,
1995 1367 2053 1412 ut

455 1468 660 1537 gaudeo
691 1469 742 1521 in
773 1465 1010 1535 profectu
1037 1470 1254 1526 vestro;
1285 1459 1391 1512 imo
1421 1472 1519 1512 nec
1545 1456 1716 1524 ipsum
1763 1452 2052 1520 Imperato-

457 1573 571 1612 rem
600 1558 670 1611 ita
713 1556 949 1626 gaudere
995 1561 1142 1623 puto,
1175 1561 1233 1605 ut
1261 1564 1361 1619 ego
1389 1546 1455 1602 de
1482 1545 1632 1600 vobis
1659 1542 1884 1613 gaudeo.
1915 1537 2050 1606 Quid

461 1647 621 1702 dico?
652 1647 707 1702 Si
725 1645 974 1700 erunibus
1006 1642 1243 1697 adversis
1273 1638 1520 1710 gentibus
1552 1634 1865 1704 expugnatis
1886 1632 2054 1684 vietor

466 1737 698 1800 rediret,
746 1751 810 1790 ac
856 1744 1050 1805 prteter
1071 1733 1283 1786 solitam
1327 1742 1582 1785 coronam
1610 1725 1742 1780 alias
1787 1723 2054 1790 acciperet

457 1843 690 1884 coronas
707 1839 762 1884 et
782 1826 1080 1882 diademata
1098 1823 1336 1878 victoriae
1373 1818 1613 1890 symbola
1635 1857 1649 1882 ,
1683 1830 1787 1870 non
1840 1822 1966 1882 pulo
1993 1811 2052 1866 il-

465 1923 574 1976 lum
603 1921 668 1975 de
696 1918 910 1989 tropa-is
929 1917 998 1971 ita
1016 1915 1320 1987 gavisurum
1345 1926 1489 1974 esse,
1509 1918 1566 1963 ut
1593 1923 1692 1977 ego
1719 1907 1786 1962 de
1814 1904 2052 1976 profectu

460 2023 642 2069 vestro
659 2011 884 2082 gaudeo.
912 2009 1042 2063 Nam
1075 2010 1142 2061 ita
1167 2005 1400 2068 exsulto,
1429 2018 1491 2057 ac
1505 2001 1549 2056 si
1572 2001 1953 2054 millecoronas
1975 2010 2056 2050 ca-

457 2106 570 2175 pite
584 2114 851 2174 gestarem
874 2120 889 2168 ;
919 2117 981 2155 ac
1004 2100 1125 2170 jure
1158 2097 1371 2152 merito.
1389 2094 1522 2148 Nam
1540 2094 1584 2148 si
1607 2108 1704 2162 per
1722 2091 1814 2145 Dei
1831 2089 2054 2157 gratiam

463 2195 604 2250 hunc
647 2208 853 2249 morem
881 2189 1241 2259 assequamini
1263 2227 1279 2252 ,
1307 2193 1593 2240 sexcentos
1633 2183 1814 2236 hostes
1839 2193 2058 2248 supera-

1173 334 1231 390 S.
1271 326 1546 388 JOANNIS
1581 320 2055 381 CIIBYSOSTOMI
2095 318 2414 378 ARCHIEP.
2456 318 2987 376 CONSTANTINOP.

467 2313 2096 2344 _____________________________________.____.__

1779 2387 2127 2450 HOMILIA
2171 2384 2319 2445 XII.

465 2542 592 2596 Car.
638 2540 690 2593 4.
757 2554 809 2591 v.
857 2536 944 2592 56.
987 2535 1179 2605 Joseph
1208 2545 1408 2600 autem,
1441 2535 1527 2605 qui
1555 2533 1934 2604 cognominatus
1979 2539 2050 2584 est

543 2630 802 2685 Barnabas
829 2630 890 2682 ab
916 2628 1156 2695 apostolis
1179 2626 1198 2698 (
1213 2625 1350 2697 quod
1378 2635 1449 2680 est
1474 2627 1853 2696 interpretatum
1873 2663 1888 2687 ,
1917 2621 2055 2692 [ilius

539 2720 941 2789 consolationis).
967 2719 1192 2783 Levites,
1225 2717 1442 2789 Cyprius
1469 2733 1646 2788 genere
1664 2757 1678 2783 ,
1707 2717 1795 2772 57.
1825 2731 1936 2769 cum
1967 2716 2060 2768 ha-

540 2814 670 2865 beret
693 2827 891 2880 agrum,
921 2809 1137 2863 vendidit
1159 2825 1291 2874 eum,
1314 2818 1359 2862 et
1380 2807 1548 2862 attulit
1568 2809 1802 2879 pretium,
1829 2816 1874 2860 et
1893 2806 2059 2877 posuit

543 2917 656 2960 ante
685 2905 835 2974 pedes
857 2904 1223 2973 apostolorum.

546 3001 596 3055 1.
637 2997 957 3052 Narraturus
987 2995 1053 3050 de
1082 2995 1286 3050 Anania
1317 3003 1371 3050 et
1406 2993 1665 3063 Sapphira
1687 3031 1701 3057 ,
1730 3001 1788 3047 ut
1815 2990 2062 3047 ostendat

471 3089 618 3146 illum
654 3089 706 3141 in
739 3088 1026 3140 maximum
1059 3093 1329 3154 peccatum
1368 3083 1652 3147 incidisse,
1682 3081 1826 3151 prius
1851 3095 2059 3135 memo-

458 3191 558 3237 rat
582 3195 702 3234 eum
729 3217 745 3242 ,
772 3178 860 3247 qui
893 3188 1037 3231 recte
1066 3191 1125 3230 se
1153 3182 1395 3245 gesserat
1421 3190 1438 3228 ;
1466 3173 1587 3243 quia
1617 3187 1738 3227 cum
1773 3181 1948 3225 tantus
1975 3185 2062 3226 es-

473 3283 556 3328 set
597 3284 851 3324 numerus
889 3281 1076 3321 eorum
1101 3307 1118 3332 ,
1147 3266 1235 3335 qui
1279 3265 1351 3318 ita
1389 3263 1666 3328 fecerant,
1698 3271 1840 3317 tanta
1868 3261 2058 3332 gratia,

458 3373 616 3418 tanta
647 3362 817 3432 signa,
846 3374 875 3412 a
905 3357 1052 3414 nullo
1078 3355 1268 3411 horum
1296 3353 1612 3410 emendatus
1633 3394 1651 3421 ,
1678 3353 1773 3409 sed
1802 3353 1969 3408 semel
1994 3351 2062 3407 ab

471 3453 691 3510 avaritia
720 3455 1043 3512 excwcatus,
1067 3447 1360 3517 perniciem
1373 3443 1536 3507 capiti
1554 3459 1650 3499 suo
1674 3444 1907 3498 attraxit.
1936 3443 2062 3499 Cum

475 3546 675 3600 haberet
704 3556 924 3614 agrum;
955 3540 1032 3595 sic
1061 3538 1269 3608 inquit,
1296 3547 1356 3592 ut
1383 3535 1691 3591 ostenderet
1720 3535 1863 3590 hunc
1890 3535 2062 3590 solum

474 3638 573 3708 ipsi
609 3636 807 3696 fuisse;
850 3630 1072 3685 vendidit
1099 3639 1145 3682 et
1176 3628 1345 3681 attulit
1384 3627 1632 3696 pretium,
1665 3636 1710 3680 et
1745 3628 1908 3697 posuit
1949 3635 2066 3680 ante

473 3727 623 3798 pedes
653 3722 1014 3795 apostolorum.
1049 3721 1098 3774 1.
1140 3717 1230 3772 Vir
1259 3727 1425 3771 autem
1450 3717 1655 3788 quidam
1697 3718 1898 3771 nomine
1923 3717 2064 3770 Ana-

476 3821 610 3882 nias,
641 3832 756 3870 cum
787 3813 1048 3884 Sapphira
1079 3827 1235 3866 uxore
1263 3827 1354 3864 sua
1375 3852 1391 3878 ,
1419 3809 1637 3864 vendidit
1667 3811 2064 3881 possessionem,

475 3909 531 3965 ‘2.
561 3918 606 3964 et
638 3905 890 3979 fraudavit
916 3904 979 3956 de
1001 3903 1179 3972 pretio,
1212 3903 1412 3956 conscia
1437 3917 1594 3956 uxore
1619 3918 1747 3956 sua:
1778 3912 1822 3955 et
1853 3900 2070 3966 alfereus

477 4011 672 4073 portent
702 3997 1011 4068 quamdam,
1040 3997 1106 4049 ad
1149 3996 1299 4066 pedes
1342 3996 1687 4066 apostolorum
1717 3995 1902 4066 posuit.
1937 3993 2068 4049 Illud

475 4108 639 4164 grave
665 4100 813 4156 erat,
843 4089 984 4159 quod
1027 4097 1212 4142 mutuo
1239 4102 1503 4142 consensu
1535 4085 1637 4140 hoc
1671 4084 1907 4140 facerent
1948 4099 2069 4154 pec-

479 4181 831 4249 catum,nullo
857 4181 961 4234 alio
988 4180 1226 4234 conscio.
1260 4177 1414 4234 Unde
1443 4177 1603 4231 subiit
1633 4176 1832 4231 misero
1861 4175 1960 4230 hoc
1989 4175 2069 4229 fa-

478 4275 646 4331 cere?
694 4274 745 4327 5.
789 4272 930 4325 Dixit
975 4281 1140 4323 autem
1187 4268 1367 4322 Petrus
1405 4284 1424 4322 :
1450 4267 1670 4331 Anania,
1713 4284 1804 4319 cur
1847 4267 2070 4336 impL'vit

482 4366 704 4420 Satanas
725 4378 812 4415 cor
836 4371 998 4423 tuum,
1016 4360 1216 4412 mentiri
1240 4368 1285 4411 te
1311 4358 1532 4427 Spiritui
1553 4366 1748 4420 sancto,
1771 4367 1816 4411 et
1830 4359 2071 4428 fraudare

482 4457 544 4511 de
591 4455 748 4521 pretio
789 4453 940 4522 agri?
983 4451 1113 4504 Vide
1143 4452 1301 4504 etiam
1342 4465 1482 4502 nunc
1521 4450 1729 4518 signum
1776 4466 2024 4521 magnum
2051 4494 2066 4518 ,

485 4546 759 4606 multoque
802 4541 974 4610 majus
1004 4541 1201 4610 priore.
1230 4541 1284 4594 4.
1328 4538 1514 4594 Nonne
1543 4558 1749 4595 manens
1779 4543 1867 4596 tibi
1896 4560 2070 4599 manc-

485 4636 590 4690 bat:
616 4641 662 4687 et
688 4632 1041 4686 venumdatam
1067 4632 1121 4685 in
1147 4641 1232 4683 tua
1255 4639 1361 4684 erat
1395 4633 1674 4700 potestate?
1703 4633 1814 4688 lloc
1839 4644 1922 4690 est
1944 4675 1960 4703 ,
1988 4638 2071 4691 An

485 4723 778 4780 necessitas
805 4731 859 4776 et
887 4721 1135 4776 violentia
1161 4721 1406 4791 qua-dam
1432 4724 1583 4778 erat?
1607 4740 1736 4778 num
1759 4739 1851 4780 vos
1880 4727 2072 4783 invitos

488 4814 791 4870 trahimus?
820 4811 990 4877 Quare
1018 4814 1229 4882 posuisti
1254 4814 1304 4866 in
1330 4813 1481 4866 corde
1509 4823 1592 4866 tuo
1621 4815 1752 4868 hanc
1782 4819 1923 4871 rem?
1952 4817 2072 4875 Non

486 4924 539 4960 es
568 4905 797 4959 mentitus
823 4903 1128 4970 hominibus,
1156 4904 1242 4957 sed
1267 4903 1397 4958 Deo.
1421 4905 1474 4960 5.
1498 4905 1717 4960 Audiens
1745 4918 1910 4962 autent
1936 4911 2074 4964 Ana-

488 4999 600 5050 nias
625 4997 733 5050 haec
757 4993 922 5056 verba,
947 4995 1122 5048 cecidit
1143 5004 1189 5047 et
1217 4996 1508 5066 exspiravit.
1536 4995 1719 5052 Viden’
1740 4999 1877 5053 unde
1904 5002 2074 5072 majus

487 5093 699 5161 signum
731 5089 871 5144 hoc?
901 5087 1052 5156 Quod
1081 5087 1327 5152 occidat,
1359 5089 1498 5158 quod
1531 5105 1591 5144 ea
1616 5133 1632 5157 ,
1664 5108 1782 5161 qua:
1814 5094 1864 5146 in
1897 5108 2076 5151 mente

489 5191 543 5236 et
571 5195 690 5249 qua:
719 5179 856 5233 clam
893 5179 1029 5236 facta
1058 5189 1202 5245 sunt,
1231 5192 1419 5236 noscat
1441 5182 1582 5237 ¹.“Ει
1621 5189 1786 5254 {actus
1821 5198 1893 5240 est
1927 5190 2077 5246 tintor

491 5287 704 5340 magnus
745 5286 897 5339 super
933 5287 1104 5326 omnes
1141 5275 1231 5342 qui
1266 5273 1554 5330 audierunt.
1589 5277 1641 5330 6.
1676 5277 1953 5349 Surgentes
1979 5301 2076 5338 au-

493 5375 588 5419 tem
617 5361 828 5430 juvenes
848 5402 864 5427 ,
896 5372 1185 5416 amaverunt
1211 5379 1325 5416 eum
1343 5403 1358 5426 ,
1386 5374 1436 5417 et
1464 5365 1725 5432 efferentes
1753 5372 2074 5438 sepelierunt.

491 5451 544 5506 'l.
581 5449 794 5504 Factum
831 5461 903 5506 est
931 5462 1099 5506 autem
1124 5454 1268 5520 quasi
1297 5455 1446 5509 trium
1474 5457 1712 5514 horarum
1746 5463 2000 5531 spatium,
2033 5479 2079 5522 et

491 5557 623 5597 uxor
647 5541 803 5612 ipsius
825 5583 842 5611 ,
870 5544 1092 5598 nesciens
1120 5546 1254 5614 quod
1289 5545 1486 5618 factum
1510 5551 1715 5622 fuerat,
1747 5553 1988 5612 introivit.
2022 5558 2079 5615 8.

561 5687 579 5720 ί
603 5685 729 5734 Tres
759 5700 874 5750 mss.
908 5685 1131 5750 habent,
1241 5682 1550 5750 respiravit:
1578 5701 1595 5732 ι
1623 5689 1726 5736 Hoc
1752 5684 1939 5750 signant
1969 5699 2074 5750 ma-

502 5759 581 5805 jus
603 5752 672 5815 est
696 5748 944 5815 sanatione
962 5746 1124 5815 claudi
1139 5785 1151 5804 ,
1185 5744 1366 5815 scilicet
1395 5744 1627 5798 occidisse
1649 5753 1694 5799 et
1720 5760 1775 5802 ea
1797 5744 2074 5813 cognovisse

504 5819 614 5870 quae
633 5807 682 5859 in
700 5814 854 5862 mente
875 5809 1079 5863 latebant
1108 5816 1150 5864 et
1173 5813 1296 5861 clam
1315 5807 1443 5872 facta
1465 5815 1621 5862 erant.

2147 438 2264 502 stis,
2295 437 2397 491 illis
2423 436 2578 506 longe
2599 435 2893 504 graviores,
2922 433 3013 502 qui
3043 440 3224 486 contra
3267 433 3435 487 malos
3463 434 3738 490 dmmonat

2148 537 2201 584 et
2225 527 2431 584 feroces
2457 525 2840 597 pugnaveritis,
2869 539 2975 578 non
3003 523 3198 594 gladio,
3223 522 3316 576 sed
3343 523 3519 591 lingua
3545 533 3596 578 et
3627 538 3741 592 pro-

2149 621 2344 690 posito.
2377 619 2562 672 Videte
2590 632 2819 685 namque
2845 631 3003 685 quam
3034 615 3171 670 bene
3199 628 3312 668 rem
3341 615 3614 682 gesseritis
3636 655 3651 678 ,
3697 615 3740 668 si

2150 713 2254 768 boc
2293 711 2598 781 perficiatis.
2643 710 2822 766 Primo
2857 724 3074 778 gravem
3114 706 3553 762 consuetudinem
3601 710 3743 760 exci-

2146 803 2332 868 distis;
2361 801 2596 857 secundo
2620 800 2811 854 malam
2839 800 3237 868 cogitationem,
3266 796 3408 852 unde
3433 798 3610 851 omnia
3641 813 3743 850 ma-

2151 896 2234 960 la,
2263 908 2456 964 nempe
2482 892 2622 962 quod
2665 891 2860 960 putetis
2898 905 3012 945 rem
3053 903 3174 944 esse
3216 888 3607 944 indifferentem
3649 904 3747 942 nec

2144 985 2400 1049 noxiam;
2455 985 2614 1038 tertio
2663 984 2937 1046 furorem,
2990 990 3182 1050 quarto
3231 981 3509 1034 avaritiam
3565 996 3580 1034 :
3634 978 3747 1034 licet:

2149 1077 2348 1146 quippe
2374 1074 2550 1128 omnia
2581 1073 2749 1142 gignit
2771 1073 3158 1141 juramenlum.
3190 1071 3300 1125 lino
3327 1087 3393 1125 ex
3424 1073 3526 1126 hoc
3553 1072 3617 1125 ad
3646 1071 3746 1125 alia

2151 1167 2288 1223 bena
2309 1181 2470 1236 opera
2499 1178 2744 1233 magnam
2767 1165 3101 1218 occasionem
3131 1163 3426 1232 accipietis.
3451 1163 3582 1220 Nam
3612 1164 3748 1216 sicut

2151 1262 2261 1327 illi,
2291 1261 2380 1331 qui
2406 1260 2672 1315 elementa
2701 1259 2917 1326 puerilia
2949 1257 3189 1322 discunt,
3235 1274 3340 1312 non
3381 1258 3468 1312 illa
3514 1259 3624 1310 sola
3671 1257 3747 1310 di-

2153 1363 2339 1416 scunt,
2381 1353 2472 1407 sed
2511 1367 2610 1421 per
2650 1352 2736 1404 illa
2779 1351 3028 1420 paulatim
3068 1351 3130 1404 :nl
3161 1351 3436 1418 legendum
3470 1352 3750 1406 instituun-

2155 1455 2281 1500 tur:
2327 1445 2406 1500 sic
2444 1454 2498 1498 et
2537 1443 2687 1498 vobis
2731 1443 2936 1497 accidet
2985 1459 2999 1493 :
3049 1458 3153 1495 non
3196 1443 3334 1496 ultra
3377 1457 3474 1498 vos
3517 1443 3748 1510 decipiet

2153 1537 2292 1590 mala
2320 1535 2592 1604 cogitatio,
2623 1549 2797 1604 neque
2822 1534 3013 1588 dicetis
3036 1549 3144 1586 rem
3173 1549 3293 1588 esse
3317 1533 3704 1588 imlill‘ercntezn
3732 1551 3745 1598 ;

2153 1644 2259 1682 non
2289 1630 2422 1682 ultra
2461 1644 2528 1682 ex
2567 1627 2954 1682 consuetudine
2993 1627 3315 1695 loquamini,
3358 1627 3450 1681 sed
3490 1627 3747 1682 adversus

2155 1723 2332 1776 omnia
2374 1721 2580 1776 fortiter
2609 1721 2839 1784 stabitis,
2873 1729 2929 1772 ut
2957 1736 3052 1788 per
3078 1719 3256 1772 omnia
3283 1707 3532 1773 virtutem
3561 1734 3751 1773 set-un-

2153 1814 2280 1868 dum
2309 1813 2475 1868 Deum
2505 1813 2672 1875 nacti,
2717 1811 2931 1866 aeternis
2971 1810 3124 1864 bonis
3162 1809 3444 1874 fruamini,
3483 1811 3654 1879 gratia
3696 1819 3750 1864 ct

2157 1907 2481 1976 benignitate
2507 1904 2760 1973 nuigcniti
2791 1903 2906 1956 Filii
2933 1902 3078 1970 ejus,
3109 1901 3322 1970 quicum
3363 1901 3502 1955 Patri
3535 1913 3589 1956 et
3635 1903 3750 1970 Spi-

2157 2001 2280 2054 ritui
2302 2010 2488 2053 saneto
2509 1999 2694 2066 gloria.
2716 1995 3019 2064 imperium,
3049 1993 3242 2060 honor,
3270 2007 3408 2048 nunc
3426 2002 3482 2048 et.
3504 2009 3745 2061 semper,

2153 2101 2212 2146 et
2242 2094 2292 2146 in
2321 2090 2517 2146 smcula
2540 2087 2882 2144 seculorum.
2909 2085 3102 2138 Amen.

2159 2526 2301 2581 Dixit
2325 2535 2491 2580 autem
2519 2527 2563 2580 ei
2601 2523 2785 2580 Petrus
2810 2541 2826 2578 :
2851 2523 2944 2578 Dic
2969 2525 3091 2578 mihi
3139 2524 3184 2578 si
3213 2525 3340 2579 tanti
3369 2542 3549 2596 agrum
3579 2527 3749 2581 vendi-

2161 2616 2346 2672 distis?
2379 2616 2524 2669 lianc
2549 2614 2756 2669 volebat
2784 2629 3002 2670 servare
3025 2631 3039 2670 :
3065 2615 3156 2670 ille
3184 2630 3413 2685 namque
3441 2617 3546 2670 dux
3579 2615 3752 2671 fuerat

2165 2710 2388 2779 peccati.
2423 2709 2490 2763 Et
2539 2709 2659 2762 ideo
2696 2709 2920 2765 fortasse
2953 2707 3044 2763 dat
3085 2709 3160 2763 illi
3206 2717 3415 2779 tempus
3452 2711 3518 2765 ad
3567 2711 3752 2767 defen-

2163 2802 2404 2868 sionem,
2452 2810 2506 2857 et
2550 2801 2876 2871 peetiitentiae
2921 2801 3245 2857 facultatem.
3287 2801 3412 2857 Ideo
3449 2804 3623 2867 dicit,
3658 2803 3751 2858 Dic

2163 2895 2290 2947 mihi
2331 2895 2374 2948 si
2414 2895 2540 2948 tanti
2580 2910 2759 2965 agrum
2788 2893 3127 2949 vendidistis?
3154 2895 3218 2948 At
3256 2894 3347 2948 illa
3378 2894 3550 2952 dixit:
3584 2895 3750 2950 Etiam

2164 2985 2311 3038 tanti.
2343 2985 2395 3040 9.
2432 2984 2618 3038 Petrus
2659 2995 2828 3039 autem
2862 2985 2930 3038 ad
2969 3001 3078 3039 eam
3104 3002 3123 3038 :
3151 2986 3286 3051 Quid
3324 2988 3495 3057 utique
3523 2989 3752 3043 convenit

2164 3075 2302 3132 vobis
2325 3083 2513 3128 tentare
2539 3074 2791 3145 Spiritum
2816 3077 3088 3132 sanctum?
3114 3074 3245 3131 Ecce
3272 3078 3424 3147 pedes
3447 3095 3650 3146 eorum,
3671 3079 3754 3150 qui

2165 3169 2467 3236 sepelierunt
2499 3171 2662 3222 virum
2691 3179 2830 3222 tuum
2855 3208 2871 3234 ,
2900 3169 2968 3224 ad
2999 3171 3182 3226 ostium
3204 3210 3219 3235 ,
3249 3180 3295 3224 et
3321 3170 3527 3238 e/I'erent
3561 3185 3634 3229 te.
3670 3174 3750 3230 l0.

2166 3259 2356 3314 Cecidit
2375 3269 2541 3312 autem
2566 3261 2733 3313 statim
2755 3260 2822 3313 ad
2842 3261 2992 3331 pedes
3019 3263 3147 3331 ejus,
3169 3272 3214 3318 et
3235 3265 3523 3333 exspiravit.
3552 3265 3760 3320 Intran-

2168 3361 2240 3406 tes
2264 3361 2428 3406 autent
2448 3353 2661 3422 juvenes
2689 3352 2982 3407 invenerunt
3006 3354 3150 3408 illam
3179 3365 3423 3410 mortuam
3440 3398 3457 3421 ,
3489 3368 3536 3414 et
3565 3359 3757 3412 elatam

2166 3442 2466 3511 sepelierunt
2499 3443 2654 3512 juxta
2692 3442 2852 3497 virum
2892 3461 3060 3498 suum.
3105 3447 3193 3500 11.
3221 3445 3286 3499 Et
3312 3446 3473 3516 factus
3501 3458 3574 3502 est
3610 3451 3760 3504 timor

2169 3549 2380 3603 magnus
2406 3533 2457 3587 in
2483 3533 2717 3588 universa
2744 3532 2994 3601 Ecclesia,
3024 3545 3070 3590 et
3097 3553 3249 3606 super
3273 3553 3443 3592 onmes
3466 3540 3552 3608 qui
3581 3542 3760 3594 audie-

2170 3635 2290 3680 runt
2327 3626 2454 3679 Iure.
2486 3627 2612 3680 Post
2651 3627 2895 3683 timorem
2927 3628 3074 3682 illum
3106 3629 3258 3698 plura
3288 3630 3437 3700 signa
3468 3630 3716 3686 fecerunt
3743 3650 3754 3685 :

2172 3727 2227 3770 et
2246 3717 2382 3786 quod
2415 3717 2657 3783 fecerint,
2688 3718 2832 3773 audi.
2864 3717 2951 3773 12.
2982 3718 3084 3773 Per
3104 3736 3284 3774 manus
3310 3730 3475 3775 autem
3497 3725 3757 3790 apostolo-

2170 3826 2288 3863 rum
2313 3810 2495 3877 ]iebant
2523 3810 2668 3880 signa
2691 3819 2737 3863 et
2766 3811 2998 3880 prodigia
3027 3812 3187 3865 multa
3226 3813 3280 3866 in
3320 3813 3477 3882 plebe.
3512 3813 3582 3866 Et
3623 3824 3759 3868 erant

2172 3904 2474 3958 unanimiter
2500 3919 2669 3958 onmes
2697 3904 2750 3957 in
2777 3905 2970 3974 porticu
2995 3904 3286 3960 Salomonis
3309 3922 3328 3964 .'
3352 3907 3436 3962 15.
3463 3918 3759 3962 cwterornm

2167 4003 2342 4074 autem
2370 4009 2514 4047 nemo
2541 3993 2755 4047 audebat
2782 4011 2836 4048 se
2862 3997 3167 4067 coniungere
3190 3997 3325 4062 illis;
3349 3999 3438 4054 sed
3462 4003 3761 4070 magni/ica-

2173 4081 2258 4134 bat
2284 4099 2366 4136 eos
2392 4083 2628 4153 populus.
2652 4083 2778 4140 Jnre
2804 4107 2816 4140 :
2846 4086 3031 4141 Petrus
3053 4088 3194 4143 enim
3213 4088 3323 4158 jam
3347 4091 3606 4146 terribilis
3629 4103 3758 4157 erat,

2177 4174 2421 4240 puniens,
2447 4182 2502 4230 ct
2529 4191 2648 4244 quae
2675 4176 2726 4229 in
2757 4186 2936 4232 mente
2961 4188 3115 4232 erant
3140 4180 3465 4250 redarguens
3493 4200 3505 4236 :
3532 4184 3621 4238 cui
3653 4199 3763 4238 ma-

2174 4263 2254 4332 gis
2286 4263 2576 4330 luerebant,
2609 4275 2664 4322 et
2691 4276 2909 4336 propter
2933 4269 3175 4339 signum,
3203 4281 3256 4328 et
3283 4283 3500 4342 prepter
3526 4277 3759 4345 priorem

2173 4354 2507 4418 concionem,
2536 4370 2599 4409 ne
2625 4357 2914 4412 secundam
2943 4361 3277 4431 tertiamque.
3307 4363 3424 4435 Ipse
3450 4380 3686 4436 namque
3709 4376 3763 4422 et

2175 4445 2402 4513 primum
2431 4445 2636 4515 signum
2671 4446 2886 4514 fecerat,
2917 4459 2972 4505 et
2996 4453 3320 4519 secundum,
3349 4465 3400 4509 et
3431 4455 3531 4509 hoc
3560 4458 3723 4512 etiam
3743 4498 3759 4523 ,

2175 4535 2315 4605 quod
2344 4536 2549 4591 videtur
2571 4537 2700 4591 mihi
2729 4555 2832 4594 non
2859 4556 3044 4607 unum,
3071 4543 3163 4598 sed
3191 4545 3385 4614 duplex
3411 4561 3568 4613 esse;
3600 4565 3759 4603 unum

2176 4628 2413 4699 quidem,
2431 4645 2491 4686 ea
2513 4647 2630 4701 qua;
2652 4633 2703 4688 in
2727 4644 2903 4690 mente
2925 4645 3078 4691 erant
3097 4637 3446 4709 redarguere;
3465 4643 3757 4697 secundum

2175 4729 2385 4782 autem.
2431 4724 2581 4791 jussu
2607 4723 2874 4780 occidere.
2907 4727 2991 4780 M.
3026 4727 3192 4799 Magis
3236 4740 3403 4785 autem
3447 4738 3760 4803 augebatur,

2177 4810 2385 4880 inquit,
2429 4812 2736 4869 credentium
2778 4815 2829 4869 in
2875 4816 3094 4874 Domino
3140 4822 3406 4878 multitudo
3445 4826 3670 4881 virorum
3705 4843 3764 4881 ac

2177 4902 2466 4966 mulierum,
2501 4904 2586 4958 15.
2623 4904 2695 4957 ita
2739 4915 2792 4958 ut
2829 4907 2881 4961 in
2923 4910 3116 4977 plateas
3155 4913 3389 4981 ejicerent
3417 4915 3653 4984 inﬁrmos
3675 4959 3690 4981 ,
3720 4925 3764 4972 et

2181 5003 2420 5062 ponerent
2446 4995 2498 5048 in
2528 4995 2723 5050 lectulis
2749 5013 2810 5052 ac
2838 4999 3062 5068 grabatis
3082 5043 3095 5063 ,
3123 5014 3177 5055 ut
3206 5007 3431 5060 veniente
3459 5004 3634 5072 Petro,
3662 5009 3764 5063 sal-

2181 5096 2278 5138 tem
2319 5086 2498 5140 umbra
2539 5088 2675 5142 illius
2713 5088 3029 5146 obutnbraret
3057 5111 3354 5166 quemquam
3391 5099 3622 5157 illorum.
3657 5103 3766 5159 Hoc

2182 5178 2236 5232 in
2276 5178 2488 5233 Christo
2533 5195 2636 5234 non
2679 5180 2874 5236 factum
2919 5194 3001 5240 est
3040 5205 3052 5239 :
3087 5188 3230 5244 unde
3270 5190 3451 5246 videre
3497 5202 3579 5248 est
3628 5211 3766 5249 nunc

2183 5282 2345 5336 Opere
2373 5269 2696 5339 completum
2737 5271 2788 5327 id
2813 5315 2829 5336 ,
2866 5275 3005 5344 quod
3055 5276 3141 5332 ille
3174 5279 3401 5335 dixerat.
3443 5281 3769 5350 Quodnam?

2186 5359 2286 5423 Qui
2313 5361 2466 5413 credit
2496 5362 2547 5416 in
2573 5378 2681 5429 me,
2711 5379 2865 5433 opera
2891 5383 3002 5436 qua:
3027 5385 3116 5438 ego
3147 5372 3279 5440 facio
3306 5382 3349 5428 ct
3373 5375 3480 5442 ipse
3511 5377 3697 5445 faciet,
3725 5387 3770 5429 et

2184 5451 2382 5520 majora
2410 5452 2589 5506 horum
2615 5455 2765 5525 faciet
2796 5456 2994 5526 (Joan.
3031 5461 3114 5515 M.
3149 5462 3213 5530 12
3236 5465 3276 5534 ).
3313 5466 3396 5519 16.
3429 5465 3769 5521 Concurrebat

2185 5549 2352 5595 autem
2377 5549 2422 5594 et
2453 5543 2720 5600 multitudo
2744 5547 3020 5603 vicinarum
3049 5551 3304 5608 civitatum
3327 5553 3653 5625 Jerusalem,
3683 5557 3766 5624 af-

2187 5633 2397 5703 ferentes
2437 5650 2600 5706 argros
2637 5648 2687 5692 et
2729 5651 2931 5696 vexatos
2971 5661 3003 5698 a
3044 5646 3302 5716 spiritibus
3344 5647 3653 5720 immundis,
3682 5657 3770 5722 qui

2186 5725 2492 5780 curabuntur
2516 5743 2705 5786 omnes.

2268 5815 2383 5873 Vita
2426 5817 2780 5892 Apostolorum
2824 5841 2886 5883 ex
2927 5827 3191 5884 contrariis
3243 5830 3596 5888 contuebatur
3645 5851 3778 5908 quo-

2013 5947 2016 5949 ,
2045 5946 2048 5947 ν
2108 5923 2174 5944 κιαι
