4014 6218
485 290 582 341 101

470 400 564 453 τοῦ
587 398 899 467 Πνεύματος
929 394 1182 449 κάθοδον·
1212 392 1372 445 πάλιν
1407 391 1613 461 ἀθυμία
1638 387 1725 440 διὰ
1749 386 1872 447 τούς
1899 382 2052 452 χλευ-

471 482 721 547 άζοντας,
752 478 869 531 εἶτα
901 476 1135 543 εὐθυμία
1167 475 1255 527 διά
1297 474 1421 536 τοὺς
1465 472 1689 533 πιστοὺς
1725 469 1819 521 καὶ
1862 467 1922 519 τὸ
1959 482 2054 534 ση-

477 568 649 635 μεῖον·
670 561 832 615 πάλιν
847 558 1053 626 ἀθυμία
1068 557 1155 609 διὰ
1170 556 1230 609 τὸ
1247 555 1666 626 κατασχεθῆναι,
1685 547 1802 635 εἶτα
1818 549 2052 635 εὐθυμία

468 631 555 700 διὰ
572 646 669 712 τῆς
685 640 995 708 ἀπολογίας.
1014 639 1182 693 Πάλιν
1199 637 1434 691 ἐνταῦθα
1452 638 1546 689 καὶ
1565 634 1799 701 εὐθυμία
1814 632 1907 685 καὶ
1922 631 2053 684 ἀθυ-

470 727 588 797 μία.
615 726 736 777 Ὀτι
768 723 865 792 μὲν
893 724 1002 793 γάρ
1029 718 1165 791 ἦσαν
1184 732 1208 760 ⁸
1240 720 1501 790 λαμπροὶ,
1529 720 1623 771 καὶ
1652 718 1680 769 6
1708 716 1839 777 Θεὸς
1869 714 2055 774 αὐτοῖς

467 806 835 874 ἀπεκάλυψεν,
877 804 1142 875 εὐθυμία’
1180 804 1261 855 δτι
1301 803 1357 854 δὲ
1400 802 1529 864 τοὺς
1578 799 1758 853 αὐτῶν
1796 797 2051 867 ἀνῄρουν,

469 888 698 959 ἀθυμία.
728 888 895 940 Πάλιν
928 886 1161 955 εὐθυμία
1190 885 1297 937 ἀπὸ
1326 888 1424 956 τῆς
1450 882 1859 953 λαμπρότητοςο
1892 878 2052 931 πάλιν

470 971 677 1041 ἀθυμία
715 971 824 1023 ἀπὸ
868 969 959 1022 τοῦ
1011 970 1333 1040 ἀρχιερέως.
1378 968 1486 1019 Καὶ
1518 966 1692 1019 διόλου
1742 964 1897 1016 τοῦτο
1932 978 2055 1014 σκο-

471 1054 758 1125 πουμένοις
792 1053 916 1105 ίδεῖν
950 1053 1171 1106 δυνατόν
1190 1070 1203 1083 ο
1237 1052 1331 1105 καὶ
1356 1052 1445 1121 ἐπὶ
1476 1050 1583 1103 τῶν
1620 1048 1857 1101 παλαιῶν
1882 1045 1938 1098 δέ
1965 1044 2055 1096 οὐ·

468 1156 575 1200 τως
604 1138 753 1206 εὐροι
800 1154 881 1200 τις
916 1136 979 1189 ἄν
1004 1137 1051 1189 ι).
1080 1136 1305 1205 Ἴδωμεν
1334 1135 1390 1187 δὲ
1429 1134 1633 1189 ἄνωθεν
1666 1134 1733 1186 τά
1767 1130 2051 1201 εἰρημένα.

482 1219 804 1284 Ἐπώλουν,
835 1219 1000 1289 φησι,
1042 1218 1137 1271 καὶ
1172 1219 1389 1287 ἔφερον
1425 1218 1529 1283 τὰς
1566 1218 1753 1283 τιμὰς,
1798 1214 1895 1267 καὶ
1934 1214 2055 1267 ἐτί-

470 1309 619 1358 θουν
642 1303 801 1370 παρὰ
830 1302 970 1367 τοὺς
1000 1301 1188 1367 πόδας
1218 1300 1335 1354 τῶν
1360 1302 1740 1354 ἀποστόλων.
1770 1299 1911 1372 Ὅρα
1942 1314 2053 1368 μοι,

470 1386 742 1455 ἀγαπητὲ,
779 1384 895 1446 πῶς
918 1385 979 1437 οὐ
1012 1387 1123 1447 τοῖς
1148 1383 1466 1446 ἀποστόλοις
1496 1383 1795 1451 ἐπέτρεπον
1830 1380 2051 1443 πωλεῖν,

470 1469 584 1519 ἀλλ’
608 1468 763 1520 αὐτοὶ
791 1466 1053 1529 ἐπώλουν,
1084 1468 1177 1518 καὶ
1210 1466 1307 1529 τὰς
1334 1466 1499 1534 τιμάς
1531 1464 1759 1525 ἐκείνοις
1783 1462 2045 1515 ἐδίδοσαν.

484 1552 622 1602 Ἀλλ’
662 1552 758 1619 οὐχ
803 1549 973 1612 οὕτως
1002 1550 1030 1601 6
1066 1550 1335 1614 Ἀνανίας,
1364 1548 1479 1601 ἀλλ’
1518 1546 1829 1617 ὐφαιρεῖταί
1859 1563 1911 1598 τι
1954 1545 2055 1614 τῆς

470 1634 639 1704 τιμῆς
669 1627 728 1686 οὐ
763 1633 992 1686 ἀπέδοτο
1018 1631 1187 1701 ἀγροῦ
1210 1648 1223 1663 ο
1253 1631 1331 1683 διὸ
1360 1630 1471 1702 [98]
1508 1631 1600 1683 καὶ
1630 1630 1952 1698 τιμωρεῖται
1980 1627 2055 1690 ὼς

470 1717 529 1771 τὸ
560 1718 793 1787 πρᾶγμα
841 1716 915 1786 μὴ
962 1714 1139 1775 καλῶς
1180 1713 1529 1781 διαθέμενος,
1572 1711 1666 1763 καὶ
1712 1710 1959 1763 κλέπτων
1987 1709 2056 1761 τὰ

470 1800 664 1852 ἐαυτοῦ
717 1796 1009 1869 φωραθείς.
1051 1788 1217 1858 Οὗτος
1250 1796 1343 1848 καὶ
1375 1793 1483 1847 τῶν
1526 1793 1619 1846 νῦν
1662 1793 1848 1863 ἱερέων
1881 1792 2055 1861 ἥψατο

469 1886 498 1936 6
527 1884 703 1951 λόγος,
739 1882 834 1935 καὶ
869 1880 1071 1950 σφόδρα
1099 1879 1239 1932 κατά
1282 1878 1500 1948 κράτος.
1548 1877 1699 1929 Ἐπεὶ
1737 1876 1794 1928 δέ
1839 1875 2054 1945 συνῄδει

469 1966 546 2037 τῷ
575 1964 854 2036 γενομένῳ
880 1963 973 2016 καὶ
1001 1965 1033 2034 ή
1063 1962 1249 2015 τούτου
1279 1959 1435 2031 γυνὴ,
1466 1960 1553 2013 διά
1582 1959 1739 2012 τοῦτο
1766 1959 1857 2011 καὶ
1886 1958 2054 2030 αὐτὴν

472 2049 740 2114 ἐξετάζει.

545 2129 609 2199 β’.
645 2130 781 2182 Ἀλλ’
806 2130 937 2192 ἴσως
963 2128 1104 2182 εἴποι
1141 2146 1224 2192 τις
1247 2128 1332 2194 ἂν,
1355 2128 1434 2181 ὅτι
1458 2126 1661 2197 σφόδρα
1687 2124 1899 2196 πικρῶς
1917 2125 2052 2197 αὐτῇ

472 2214 762 2284 ἐχρήσατο.
793 2213 857 2264 Τί
879 2212 1095 2279 λέγεις;
1128 2210 1250 2263 εἰπέ
1286 2227 1396 2280 μοι,
1427 2210 1552 2263 ποία
1578 2210 1802 2280 πικρίας
1834 2208 1896 2262 Εί
1926 2209 2057 2275 ξύλα

471 2294 838 2359 τιςνσυλλέξας
864 2293 1242 2356 καταλεύεται,
1269 2292 1447 2363 πολλῷ
1480 2291 1678 2362 μᾶλλον
1700 2294 1726 2345 6
1753 2290 2052 2362 ἱερόσυλοςσ

473 2379 570 2431 καὶ
594 2378 765 2429 ταῦτα
792 2377 901 2446 γὰρ
927 2377 1047 2445 ἱερά
1071 2375 1257 2428 λοιπὸν
1288 2371 1356 2444 ἦν
1388 2377 1456 2428 τὰ
1485 2376 1759 2444 χρήματα.
1791 2375 1998 2428 Οὐκοῦν
2029 2376 2057 2427 6

474 2460 725 2528 ἐλόμενος
765 2449 831 2510 τά
867 2457 1029 2509 αὐτοῦ
1064 2457 1314 2524 πωλῆσαι
1361 2456 1454 2509 καὶ
1486 2455 1771 2519 διαδοῦναι,
1803 2452 1920 2508 εἶτα
1964 2457 2057 2509 λα-

474 2528 606 2604 ϐὼν,
643 2540 916 2611 ἱερόσυλος
954 2540 1018 2593 ἂν
1052 2539 1159 2609 είη.
1193 2540 1255 2591 Εἰ
1288 2540 1343 2591 δέ
1370 2541 1396 2591 6
1430 2541 1494 2592 ἐκ
1522 2539 1628 2592 τῶν
1656 2538 1819 2593 αὐτοῦ
1853 2539 2053 2604 λαϐὼν,

477 2625 784 2698 ἱερόσυλος,
822 2622 1000 2693 πολλῷ
1047 2622 1245 2692 μᾶλλον
1292 2624 1320 2673 6
1351 2624 1413 2674 ἐκ
1458 2622 1565 2674 τῶν
1609 2621 1924 2692 ἀλλοτρίων.
1963 2623 2053 2694 Μὴ

474 2712 603 2780 γάρ,
643 2706 825 2778 ἐπειδὴ
860 2705 954 2759 νῦν
988 2704 1061 2776 μὴ
1088 2704 1296 2771 γίνεται
1334 2703 1507 2767 τοῦτο,
1552 2705 1644 2757 καὶ
1688 2704 1876 2756 ἕπεται
1908 2704 2055 2775 παρὰ

475 2792 644 2852 πόδας
683 2790 716 2859 ἡ
757 2788 998 2852 κόλασις,
1048 2786 1305 2857 νομίσητε
1350 2786 1659 2857 ἀτιμωρητὶ⁵
1700 2786 1873 2839 ταῦτα
1908 2788 2055 2855 γίνε-

476 2874 621 2927 σθαι.
658 2871 840 2942 Ὁρᾷς,
873 2871 953 2923 δτι
980 2870 1137 2922 τοῦτο
1170 2869 1502 2938 ἐγκαλεῖται,
1534 2871 1614 2923 ὅτι
1653 2872 1883 2941 ποιήσας
1916 2872 2055 2924 αὐτά

477 2956 595 3028 ἰερά
642 2957 927 3026 χρήματα,
970 2953 1091 3006 τότε
1128 2953 1327 3017 ἔλαϐες
1376 2952 1467 3022 Μὴ
1513 2953 1621 3023 γὰρ
1663 2953 1762 3005 οὐκ
1800 2953 2054 3021 ήδύνασο,

476 3040 631 3111 φησὶ,
673 3039 769 3091 καὶ
805 3038 942 3109 μετὰ
971 3037 1031 3089 τὸ
1074 3036 1326 3105 πωλῆσαι
1357 3034 1495 3087 αὐτά
1532 3035 1605 3097 ὡς
1638 3035 1786 3096 ἰδίοις
1815 3036 2057 3105 ἀποχρή-

476 3122 707 3187 σασθαι;
746 3121 819 3191 μὴ
862 3119 969 3189 γὰρ
1009 3118 1312 3188 ἐκωλύθης;
1353 3117 1441 3169 διὰ
1476 3118 1527 3169 τί
1564 3116 1701 3185 μετά
1732 3117 1792 3168 τὸ
1826 3117 2057 3185 ὐποσχέο

477 3204 600 3258 σθαι
631 3203 957 3273 λαμϐάνεις;
984 3202 1147 3270 Ὅρα,
1178 3201 1294 3262 πῶς
1318 3200 1519 3261 εὐθέως
1546 3199 1604 3262 ἐξ
1637 3200 1811 3271 ἀρχῆς
1832 3200 2055 3252 ἐπέθετο

474 3289 505 3341 6
536 3287 781 3350 διάϐολος
817 3284 1017 3354 μεταξὺ
1068 3284 1309 3352 σημείων
1353 3282 1660 3352 γενομένων
1708 3284 1804 3335 καὶ
1842 3283 2055 3352 θαυμά-

477 3386 584 3422 των
616 3367 917 3420 τοσούτων’
966 3365 1163 3434 μᾶλλον
1192 3365 1245 3416 δὲ
1282 3364 1399 3426 πῶς
1448 3365 1540 3417 καὶ
1573 3357 1725 3428 οὗτος
1757 3365 1847 3417 ὐπ’
1890 3364 2056 3421 αὐτοῦ

476 3450 769 3519 ἐπωρώθη.
798 3447 1047 3499 Τοιοῦτόν
1076 3464 1126 3498 τι
1155 3449 1247 3500 καὶ
1278 3450 1335 3501 ἐν
1361 3451 1425 3517 τῇ
1459 3448 1669 3516 Παλαιᾷ
1700 3447 1943 3516 γέγονεν,
1968 3449 2057 3500 δτε

478 3537 509 3587 6
540 3532 727 3603 Χαρμὶ
753 3531 813 3583 τὸ
844 3530 1100 3598 ἀνάθημα
1128 3530 1330 3598 κλέψας
1364 3532 1534 3584 ἐάλω’
1565 3531 1678 3583 ἀλλ’
1706 3532 1853 3600 ὅμως
1888 3532 2057 3599 ἔγνως

481 3617 579 3669 καὶ⁵
615 3617 730 3667 ἐκεῖ
771 3612 889 3671 μεθ’
928 3613 1059 3682 ὅσης
1107 3612 1347 3674 ἐκδικίας
1378 3612 1659 3685 διωρθώθη
1692 3614 1753 3667 τὸ
1803 3616 2054 3685 πρᾶγμα.

493 3695 790 3767 “puum
815 3694 923 3765 γὰρ
948 3694 1148 3765 σφόδρα
1170 3695 1425 3763 χαλεπὸν,
1448 3696 1721 3765 ἀγαπητὲ,
1741 3699 1834 3749 καὶ
1860 3696 2059 3766 πολλῆς

481 3781 649 3852 γέμον
679 3778 1160 3849 καταφρονήσεως.
1186 3777 1322 3830 Οὔτε
1355 3778 1603 3850 πωλῆσαι
1639 3780 2057 3851 ἠναγκάσαμεν,

480 3864 669 3934 φησὶν,
698 3860 821 3915 οὐτε
853 3860 1178 3929 πωλήσαντα
1198 3861 1379 3915 δοῦναι
1404 3862 1471 3916 τὰ
1498 3863 1599 3935 χρή
1610 3881 1781 3933 ματα’
1820 3865 1883 3917 σύ
1914 3865 2057 3918 εἵλου

475 3946 540 4013 ἐξ
574 3945 784 4007 οἰκείας
814 3942 1215 4015 προαιρέσεωςι
1249 3945 1300 3997 τί
1338 3947 1517 3998 τοίνυν
1547 3946 1777 4016 ἔκλεψας
1814 3945 1923 4000 ἀπὸ
1950 3946 2060 3999 τῶν

484 4029 641 4100 ιερῶν
690 4028 1021 4099 χρημάτωνς
1053 4027 1155 4081 Διά
1194 4028 1253 4081 τί
1284 4029 1622 4097 ἐπλήρωσε,
1663 4030 1848 4100 φησὶν,
1877 4032 1910 4083 ό
1946 4033 2059 4083 Σα-

482 4112 667 4179 τανᾶς
696 4112 811 4179 τὴν
850 4109 1102 4179 καρδίαν
1132 4126 1286 4174 σου;
1327 4115 1433 4166 Καὶ
1480 4115 1527 4165 εἰ
1565 4116 1593 4165 6
1631 4114 1873 4175 Σατανᾶς
1904 4111 2061 4166 τοῦτο

482 4196 727 4267 ἐποίησε,
770 4194 823 4247 τί
858 4194 1021 4257 αὐτὸς
1066 4195 1408 4261 ἐγκαλεῖταις
1458 4197 1638 4258 Δί’τιος
1671 4196 1861 4262 γέγονε
1905 4194 2061 4260 δεξά-

487 4291 645 4343 μενος
697 4273 859 4326 αὐτοῦ
902 4275 1001 4346 τὴν
1047 4278 1345 4345 ἐνέργειαν.
1402 4274 1496 4326 καὶ
1550 4274 1879 4343 πληρωθείς.
1923 4273 2060 4326 Ἀλλ’

476 4356 587 4409 ,εδει
615 4355 923 4426 διορθῶσαι,
950 4357 1131 4425 φησίν.
1170 4356 1307 4408 Ἀλλ’
1334 4356 1434 4407 οὐκ
1463 4355 1528 4407 ἂν
1551 4354 1830 4425 διωρθώθη
1852 4371 1866 4385 ⁶
1897 4357 1926 4407 6
1953 4355 2059 4425 γάρ

478 4438 709 4491 ,τοιαῦτα
733 4436 874 4504 ὀρῶν
898 4439 991 4489 καὶ
1020 4439 1096 4506 μὴ
1128 4436 1415 4507 κερδάνας,
1450 4435 1628 4505 πολλῷ
1653 4436 1850 4505 μᾶλλον
1870 4438 1969 4488 οὐκ
1994 4438 2059 4489 ἂν

485 4519 688 4588 ἑτέρως
728 4518 1034 4588 ἐκέρδανεν.
1066 4519 1178 4571 Οὐκ
1210 4518 1315 4570 ἔδει
1344 4518 1523 4570 τοίνυν
1553 4518 1737 4581 ἀπλῶς
1772 4518 2059 4590 παρελθεῖν

484 4601 547 4653 τὸ
584 4599 826 4667 γεγονὸς,
860 4600 973 4652 ἀλλ’
1007 4601 1081 4663 ὡς
1115 4600 1383 4672 σηπεδόνα
1420 4599 1542 4653 τινά
1581 4601 1944 4671 ἐκτμηθῆναι,
1976 4602 2060 4653 ἴνα
2105 4615 2114 4624 ·

489 4682 565 4753 μὴ
601 4682 678 4753 τῷ
706 4682 876 4753 λοιπῷ
919 4683 1225 4753 λυμήνηται
1263 4682 1496 4753 σώματι.
1536 4682 1651 4736 Νῦν
1689 4684 1788 4754 μὲν
1824 4684 1930 4755 γὰρ
1966 4684 2060 4736 καὶ

485 4762 640 4829 οὗτος
661 4765 935 4837 ὠφέληται
969 4766 1042 4837 μὴ
1074 4765 1350 4837 προελθὼν
1381 4766 1691 4837 περαιτέρω
1720 4767 1939 4829 κακίας,
1967 4767 2060 4820 καὶ¹

484 4852 535 4901 οἰ
568 4848 742 4901 λοιποὶ
773 4849 1177 4920 σπουδαιότεροι
1208 4848 1520 4919 γενόμενοι·
1560 4849 1681 4902 τότε
1712 4849 1769 4902 δὲ
1805 4849 1871 4903 ἂν
1900 4850 2058 4903 τούν-

486 4932 668 4984 αντίον
696 4932 911 5002 συνέϐη.
949 4930 1047 4984 Διά
1079 4930 1236 4984 τοῦτο
1269 4932 1483 5003 πρῶτον
1530 4932 1759 5001 ἐλέγχει,
1788 4933 1880 4983 καὶ
1905 4943 1926 4970 ο
1961 4931 2061 4984 δεί-

488 5031 695 5080 κνυσιν,
727 5016 807 5067 ὅτι
852 5016 952 5068 οὐκ
984 5013 1174 5067 ἔλαθεν
1221 5016 1382 5068 αὐτὸν
1422 5015 1480 5067 τὸ
1512 5016 1758 5083 γεγονὸς,
1795 5014 1889 5068 καὶ
1938 5015 2060 5068 τότε

489 5097 855 5161 καταδικάζει.
888 5098 990 5150 Διά
1024 5098 1079 5150 τί
1114 5097 1243 5169 γάρ,
1276 5098 1428 5168 φησὶ,
1464 5097 1638 5150 τοῦτο
1684 5098 2060 5164 πεποίηκαςς

489 5178 677 5248 ήθελες
700 5180 874 5249 ἔχεως
912 5182 1057 5234 Ἔδει
1091 5181 1233 5252 ἔχειν
1274 5181 1330 5247 ἐξ
1367 5182 1558 5252 ἀρχῆς,
1601 5182 1693 5234 καὶ
1726 5182 1798 5252 μὴ
1830 5182 2059 5251 ὐποσχέ-
2100 5218 2111 5229 .

491 5260 641 5313 σθαι·
676 5262 770 5313 νῦν
800 5264 855 5315 δὲ
885 5264 1065 5316 λαϐὼν
1102 5265 1239 5333 μετά
1269 5264 1330 5315 τὸ
1360 5264 1674 5330 ἀναθέσθαι,
1706 5264 1929 5334 μείζονα
1960 5266 2061 5335 τὴν

492 5343 791 5416 ἱεροσυλίαν
827 5346 1085 5414 εἰργάσω.
1129 5348 1186 5399 Ὀ
1219 5348 1317 5415 μὲν
1345 5347 1452 5417 γὰρ
1482 5347 1549 5401 τὰ
1580 5348 1685 5399 τῶν
1719 5348 1893 5400 ἀλλων
1923 5348 2062 5416 λαμ·

490 5424 686 5490 ϐάνων,
719 5428 847 5489 ἴσως
879 5427 1171 5498 ἀλλοτρίων
1202 5429 1543 5498 ἐπιθυμήσας
1572 5430 1837 5500 λαμϐάνει
1857 5446 1872 5461 °
1900 5432 1981 5484 col.
2004 5431 2061 5483 δὲ

491 5508 616 5578 ἐξῆν
644 5507 786 5577 ἔχειν
811 5510 877 5563 τά
912 5510 998 5562 σά.
1030 5510 1094 5563 Τί
1124 5511 1302 5564 τοίνυν
1338 5513 1598 5581 ἐποίησας
1624 5515 1763 5567 αὐτά
1798 5514 1937 5583 ἱερά,
1968 5516 2062 5568 καὶ

490 5593 610 5645 τότε
657 5591 842 5656 ἔλαϐες
870 5592 934 5659 δ;
986 5593 1119 5647 Ἀπὸ
1166 5594 1365 5665 πολλῆς
1412 5600 1866 5667 καταφρονήσεως
1906 5597 2063 5651 τοῦτο

556 5694 579 5722 ⁸
624 5694 717 5760 1Alii
742 5695 813 5743 δτι
837 5697 918 5757 μέν
951 5697 1031 5747 οὖν
1053 5697 1193 5757 ἦσαν.
1259 5696 1287 5737 ὶ)
1314 5697 1449 5746 Unus
1470 5698 1576 5747 cod.
1610 5701 1689 5747 καὶ
1726 5702 1785 5760 δι’
1830 5704 1942 5749 ὅλου
1980 5703 2062 5749 οὒ-

493 5769 584 5817 τως
624 5758 723 5807 ἴδοι
746 5773 814 5812 τις
855 5760 929 5817 ἂν,
955 5761 1033 5807 καὶ
1068 5761 1142 5807 ἐπὶ
1175 5760 1269 5807 τῶν
1305 5761 1520 5807 παλαιῶν
1561 5762 1709 5815 οὕτως
1744 5758 1837 5810 ἴδοι
1882 5779 1951 5817 τις
1987 5764 2059 5811 ἄν.

496 5816 828 5922 ἓ’1ἰ·ςςςυάό.
854 5823 1041 5880 συνέϐη.
1077 5821 1304 5884 Δεύτερον
1337 5821 1517 5883 ἐλέγχει
1559 5822 1657 5870 καί.
1728 5822 1751 5861 δ
1778 5816 2063 5873 11:10:09.:-

529 5890 574 5922 ε(
594 5892 730 5922 αντα.
1846 5894 1870 5899 ⁴’

529 5890 574 5931 ες
594 5892 730 5928 αντα.
1846 5894 1870 5899 “’

1194 278 1251 331 S.
1293 273 1575 331 JOANNIS
1612 264 2058 327 CIIRYSOS'ION.

2159 262 2453 318 lRCIIZEP.
2496 261 3037 317 CONSTANTIXOP.

3630 266 3733 319 102

2161 383 2485 451 πεποίηκας.
2512 382 2623 434 Οὐκ
2651 381 2762 449 ἔχει
2795 379 2855 431 τὸ
2882 380 3167 448 γενόμενον
3200 380 3550 451 συγγνώμην,
3579 382 3735 443 ἐκτός

2160 466 2307 516 ἐστιν
2338 464 2656 531 ἀπολογίας.

2226 554 2429 625 Μηδεὶς
2462 555 2519 607 δὲ
2570 553 3026 618 σκανδαλιζέσθω,
3058 554 3109 607 εί
3137 571 3279 616 τινες
3312 556 3407 608 καλ⁸
3460 554 3555 607 νῦν
3599 555 3737 608 εἰσιν

2156 638 2443 706 ἱερόσυλοι.
2487 639 2547 690 Εἰ
2602 640 2711 708 γάρ
2749 639 2870 690 τότε
2911 633 3071 708 ἦσαν,
3138 637 3317 707 πολλῷ
3371 638 3571 708 μᾶλλον
3621 636 3736 701 νῦν,

2153 721 2241 774 ὅτε
2269 719 2439 773 πολλὰ
2465 720 2531 773 τὰ
2556 720 2721 773 κακά.
2761 721 2899 773 Ἀλλ’
2924 720 3232 789 ἐλέγχωμεν
3256 721 3452 784 αὐτοὺς
3482 721 3575 773 ἐπὶ
3605 720 3741 774 πάν-

2152 821 2282 868 των,
2315 805 2399 857 ἵνα
2425 805 2518 857 καὶ
2546 807 2593 857 οἱ
2621 803 2797 857 λοιποὶ
2825 803 2988 873 φόϐον
3018 804 3232 873 ἔχωσιν.
3270 803 3328 856 '0
3362 803 3563 867 Ἰούδας
3597 804 3739 874 ἱερόν

2156 887 2313 950 συλος
2341 883 2438 958 ἦν’
2470 888 2583 940 ἀλλ’
2611 888 2710 940 οὐκ
2749 887 3099 941 ἐσκανδάλισε
3125 885 3283 941 τοῦτο
3309 887 3435 950 τοὺς
3463 887 3737 957 μαθητάς.

2163 969 2347 1040 Ὁρᾷς,
2375 970 2475 1023 ὅσα
2506 970 2653 1023 κακά
2695 972 2727 1041 ή
2764 970 2871 1024 τῶν
2912 971 3211 1041 χρημάτων
3257 968 3529 1039 ἐπιθυμία
3567 972 3738 1034 ποιεῖ;

2154 1053 2263 1105 Καὶ
2310 1052 2569 1118 ἐγένετο,
2598 1054 2750 1122 φησὶ,
2779 1055 2963 1122 φόϐος
2988 1053 3177 1122 μέγας
3215 1052 3329 1125 [99]
3377 1053 3476 1106 ἐπὶ
3509 1051 3741 1119 πάντας

2156 1134 2296 1200 τοὺς
2343 1136 2677 1201 ἀκούοντας
2714 1136 2919 1189 ταῦτα.
2960 1136 3196 1198 Ἐκεῖνος
3250 1136 3569 1207 ἐτιμωρήθη
3595 1177 3608 1190 .
3648 1138 3740 1189 καὶ

2156 1216 2306 1269 ἄλλοι
2335 1217 2649 1288 ἐκέρδαναν.
2676 1218 2843 1270 ’Ὢστε
2884 1218 2983 1288 οὐχ
3018 1217 3203 1280 ἁπλῶς
3232 1217 3391 1270 τοῦτο
3436 1219 3739 1288 οἰκονομεῖ-

2157 1318 2246 1353 ται
2267 1317 2280 1332 ο
2315 1300 2491 1354 καίτοι
2528 1301 2584 1354 δὲ
2619 1302 2859 1371 σημείων
2894 1301 3065 1355 ἄλλων
3099 1301 3365 1371 πρότερον
3408 1302 3738 1372 γενομένων,

2155 1385 2306 1453 ὅμως
2346 1384 2446 1437 οὐκ
2493 1380 2560 1454 ἦν
2606 1385 2769 1453 φόϐος
2822 1384 3080 1448 τοιοῦτος.
3114 1385 3299 1448 Οὐτως
3344 1384 3543 1455 ἀληθές
3595 1386 3742 1437 ἐστιν

2155 1467 2348 1530 ἐκεῖνο,
2375 1467 2455 1519 ὅτι
2492 1466 2821 1520 Γινώσκεται
2859 1467 3063 1537 Κύριος
3092 1466 3336 1538 κρίματα
3366 1468 3554 1520 ποιῶν.
3586 1466 3743 1519 Οὐτω

2156 1550 2249 1601 καὶ
2286 1550 2376 1601 ἐπὶ
2402 1552 2497 1620 τῆς
2526 1550 2761 1603 κιϐωτοῦ
2789 1550 3040 1619 γέγονεν’
3074 1548 3233 1609 Ὀζὶῐν
3261 1550 3616 1620 ἐτιμωρήθη.
3643 1550 3741 1602 καί

2161 1632 2396 1701 ἐγένετο
2428 1632 2553 1700 τοῖς
2603 1633 2818 1699 ἄλλοις
2869 1634 3074 1703 φόϐος.
3119 1632 3259 1685 Ἀλλ’
3286 1634 3401 1686 ἐκεῖ
3434 1634 3530 1703 μὲν
3564 1632 3741 1701 φοϐη-

2160 1716 2271 1779 θεὶς
2308 1718 2336 1769 6
2376 1716 2626 1786 βασιλεὺς
2671 1716 2931 1770 ἀπώσατο
2974 1718 3070 1787 τὴν
3105 1716 3369 1770 κιϐωτόν·
3403 1715 3638 1770 ἐνταῦθα
3684 1715 3743 1768 δέ

2153 1794 2297 1852 οὗτοι
2334 1799 2529 1869 μᾶλλον
2560 1799 3053 1870 προσεκτικώτεροι
3105 1799 3366 1867 γίνονται.
3412 1795 3585 1865 Εἶδες,
3622 1798 3743 1861 πῶς

2153 1881 2255 1933 οὐκ
2298 1882 2522 1935 ἐκάλεσε
2558 1880 2723 1934 αὐτὸν
2764 1882 2792 1933 6
2825 1882 3064 1953 Πέτρος,
3100 1881 3215 1934 ἀλλ’
3266 1882 3548 1951 ἀνέμεινεν
3593 1879 3739 1933 ὥστε

2154 1963 2444 2017 εἰσελθεῖν
2475 1963 2595 2017 οὐδὲ
2627 1964 2733 2016 τῶν
2768 1963 2943 2018 ἀλλων
2968 1982 3051 2029 τις
3081 1964 3380 2035 ἐτόλμησεν
3412 1964 3649 2030 ἐξειπεῖν
3680 1963 3743 2017 τὸ

2155 2049 2397 2116 γεγονός.
2466 2048 2643 2101 Τοῦτο
2726 2048 2889 2115 φόϐος
2936 2048 3255 2102 διδασκάλου
3281 2089 3295 2112 ,
3366 2047 3521 2101 τοῦτο
3600 2048 3738 2119 τιμὴ

2158 2130 2438 2202 μαθητῶν,
2480 2130 2638 2183 τοῦτο
2688 2130 2924 2201 ὐπακοή.
2976 2130 3156 2198 Τριῶν
3197 2129 3363 2199 ὡρῶν
3414 2128 3736 2197 διάστημα.

2156 2215 2267 2267 Καὶ
2294 2214 2394 2266 οὐκ
2428 2213 2625 2284 ἔμαθεν
2656 2214 2689 2283 ή
2719 2214 2877 2282 γυνὴ,
2909 2213 3029 2266 οὐδὲ
3059 2212 3239 2279 ἐξεῖπέ
3279 2228 3362 2274 τις
3398 2211 3505 2263 τῶν
3538 2212 3743 2281 παρόν-

2155 2312 2284 2360 των,
2321 2296 2497 2349 καίτοι
2536 2312 2601 2363 γε
2634 2296 2815 2349 ἰκανὸν
2840 2292 2907 2365 ἦν
2934 2294 3253 2365 ἐξηχθῆναν
3289 2293 3402 2346 ἀλλ’
3428 2293 3739 2362 ἐφοϐοῦντο.

2158 2379 2201 2429 Τ
2204 2377 2330 2431 ούτο
2364 2378 2492 2446 γοῦν
2530 2379 2624 2431 καὶ
2667 2378 2959 2447 θαυμάζων
2997 2378 3025 2427 6
3062 2377 3413 2448 συγγραφεὺς
3452 2376 3623 2443 λέγει,
3660 2378 3743 2430 ὃτι

2157 2460 2253 2527 Μὴ
2292 2462 2483 2515 εἰδυῖα
2532 2462 2597 2514 τὸ
2640 2461 2908 2530 γεγονὸς,
2956 2460 3223 2527 εἰσῆλθε.
3273 2458 3469 2511 Καίτοι
3516 2476 3581 2527 γε
3634 2460 3744 2513 ἀπὸ

2156 2543 2347 2597 τούτου
2381 2545 2509 2615 ἐνῆν
2550 2545 2760 2615 μαθεῖν,
2791 2546 2874 2597 δτι
2914 2540 3019 2596 οἶδε
3059 2542 3127 2595 τὰ
3169 2540 3519 2595 λανθάνοντα.
3557 2541 3658 2595 Διά
3691 2542 3743 2595 τί

2156 2626 2266 2697 γὰρ
2304 2628 2506 2697 μηδένα
2545 2628 2851 2698 ἐρωτήσας,
2903 2621 3045 2696 ὑμᾶς
3080 2626 3293 2696 ἐρωτᾷς
3328 2625 3401 2676 Ἦ
3450 2624 3626 2695 δῆλον,
3662 2626 3743 2679 ὅτι

2156 2710 2230 2773 ὼς
2261 2711 2451 2774 είδώς;
2488 2709 2629 2762 Ἀλλ’
2664 2712 2696 2779 ή
2732 2708 2901 2778 πολλὴ
2933 2707 3189 2779 πώρωσις
3220 2708 3318 2759 οὐκ
3352 2707 3530 2759 εἴασεν
3574 2706 3743 2778 αὐτὴν

2156 2792 2217 2846 τὸ
2262 2793 2513 2865 ἔγκλημα
2560 2792 2969 2856 ἀποδύσασθαι,
3023 2789 3157 2844 ἀλλά
3211 2788 3349 2861 μετὰ
3402 2789 3742 2853 αὐθαδείας·
3848 2853 3857 2861 ⁸

2154 2878 2355 2947 πολλῆς
2412 2877 2806 2948 ἀποκρίνεταιο
2859 2873 3075 2944 ἐνόμιζε
3114 2872 3219 2944 γάρ
3269 2871 3405 2943 πρὸς
3455 2872 3742 2943 ἄνθρωπον

2153 2964 2517 3031 διαλέγεσθαι.
2547 2964 2619 3016 Τὸ
2653 2962 2824 3015 δεινὸν
2852 2960 3028 3026 τοῦτο,
3055 2960 3135 3012 ὅτι
3168 2959 3243 3023 ὡς
3288 2961 3351 3012 ἐκ
3389 2962 3515 3030 μιᾶς
3550 2960 3744 3032 βουλῆς

2155 3048 2248 3100 ἐπὶ¹
2293 3047 2393 3117 τὴν
2434 3046 2709 3118 ἁμαρτίαν
2759 3041 2942 3117 ἦλθον,
2994 3042 3251 3115 ἦῶσπερ
3306 3043 3413 3097 ἀπὸ
3468 3045 3742 3114 συνθήκης

2155 3130 2316 3193 τινός.
2355 3130 2416 3183 Τί
2469 3130 2557 3183 ὅτι
2606 3129 3005 3197 συνεφωνήθη
3046 3126 3207 3195 ὑμῖν,
3249 3128 3416 3196 φησὶ,
3464 3126 3743 3195 πειρᾶσαι

2156 3212 2224 3264 τὸ
2260 3212 2501 3279 Πνεῦμα
2535 3212 2600 3264 τὸ
2635 3211 2842 3281 ᾶγιον;
2886 3210 3030 3263 Ἰδοὺ
3068 3212 3121 3262 οἱ
3151 3209 3333 3273 πόδες
3364 3208 3483 3261 τῶν
3512 3210 3744 3277 θαψὰνο

2162 3310 2281 3346 των
2328 3295 2435 3347 τὸν
2482 3294 2671 3360 ἄνδρα
2729 3309 2845 3346 σου
2895 3292 2993 3344 ἐπὶ
3047 3291 3163 3358 τὴν
3205 3292 3409 3358 θύραν,
3448 3292 3544 3344 καὶ
3588 3294 3744 3356 ἐξοί-

2156 3376 2340 3429 σουσί
2378 3389 2469 3429 σε.
2502 3376 2770 3445 Πρότερον
2803 3375 2971 3444 αὐτὴν
3009 3374 3243 3426 διδάσκει
3274 3374 3333 3425 τὸ
3362 3372 3381 3411 ί
3414 3375 3743 3444 ἁμάρτημα,

2158 3460 2250 3511 καὶ
2287 3458 2405 3511 τότε
2437 3459 2730 3520 δείκνυσιν,
2757 3458 2839 3510 ὅτι
2872 3457 3095 3520 δικαίως
3122 3456 3189 3509 τὰ
3214 3456 3353 3509 αὐτά
3386 3457 3636 3510 πείσεται
3665 3457 3744 3526 τῷ

2158 3541 2341 3612 ἀνδρί’
2372 3540 2558 3611 ἐπειδὴ
2590 3542 2682 3593 καὶ
2722 3540 2789 3593 τά
2832 3540 2971 3593 αὐτά
3000 3542 3235 3611 ἥμαρτε.
3270 3542 3375 3592 Καὶ
3411 3539 3548 3603 πῶς,
3584 3542 3741 3610 φησὶ,

2157 3624 2523 3694 Παραχρῆμα
2558 3624 2741 3678 ἔπεσε
2791 3625 2949 3692 παρὰ
2983 3624 3126 3688 τοὺς
3158 3623 3347 3687 πόδας
3392 3624 3607 3688 αὐτοῦ,
3642 3624 3743 3677 καί

2157 3707 2457 3775 ἐξέψυξεν
2468 3723 2487 3771 ;
2512 3707 2634 3759 ’Ότι
2666 3706 2891 3777 πλησίον
2918 3708 3179 3777 εἱστήκει.
3209 3706 3394 3768 Οὕτως
3424 3706 3578 3757 αὐτοὶ
3622 3706 3742 3759 καθ’

2156 3790 2367 3844 ἐαυτῶν
2400 3790 2497 3860 τὴν
2530 3790 2795 3863 τιμωρίαν
2843 3791 3241 3844 ἐπεσπάσαντο.
3285 3791 3380 3853 Τίς
3423 3790 3615 3842 λοιπὸν
3647 3791 3746 3843 οὐκ

2161 3872 2227 3927 ἂν
2260 3872 2569 3943 ἐξεπλάγης
2611 3874 2695 3935 τίς
2739 3874 2837 3925 οὐκ
2870 3872 2933 3925 ἂν
2964 3871 3135 3924 ἔδεισε
3170 3873 3261 3924 τὸν
3291 3871 3586 3925 ἀπόστολον
3619 3890 3634 3937 ;
3665 3873 3748 3936 τίς

2158 3956 2258 4008 οὐκ
2282 3955 2345 4009 ἂν
2385 3954 2655 4024 ἐθαύμασε
2685 3971 2699 4020 ;
2726 3954 2836 4007 Καὶ
2870 3949 3032 4023 ἦσαν
3071 3957 3097 3994 ε
3126 3954 3519 4022 ὁμοθυμαδὸν,
3552 3956 3745 4026 φησὶν,

2161 4036 2424 4101 ἅπαντες
2452 4037 2521 4089 ἐν
2558 4036 2631 4104 τῇ
2670 4036 2822 4103 στοᾷ
2853 4036 3257 4106 Σολομῶντος.
3294 4037 3387 4090 Ἐκ
3422 4037 3622 4090 τούτου
3654 4038 3744 4108 δῆ-

2160 4119 2271 4183 λον,
2318 4120 2398 4172 δτι
2448 4119 2546 4171 οὐκ
2579 4122 2635 4171 ἐν
2667 4120 2832 4189 οἰκίᾳ,
2865 4119 3001 4171 ἀλλά
3051 4120 3111 4172 τὸ
3148 4120 3291 4191 ἱερὸν
3340 4119 3745 4183 καταλαϐόντες

2161 4202 2276 4257 ἐκεῖ
2303 4200 2564 4270 διέτριϐον
2586 4218 2600 4231 ο
2631 4200 2752 4254 οὐτε
2788 4202 2891 4272 μὴν
2919 4202 3101 4254 λοιπὸν
3124 4203 3445 4273 ἀκαθάρτων
3468 4204 3744 4257 ἅπτεσθαι

2160 4283 2544 4353 ἐφυλάττοντο,
2576 4282 2690 4335 ἀλλ’
2716 4284 2903 4347 ἁπλῶς
2935 4286 3169 4355 ήπτοντο
3215 4285 3325 4337 τῶν
3368 4283 3595 4355 νεκρῶν.
3637 4287 3744 4339 Καὶ

2160 4368 2295 4437 δρα,
2337 4366 2453 4429 πῶς
2490 4368 2546 4418 ἐν
2588 4366 2686 4434 μὲν
2731 4370 2843 4430 τοῖς
2890 4370 3111 4431 οἰκείοις
3161 4370 3266 4421 εἰσί
3314 4368 3551 4439 σφοδροὶ,
3587 4370 3654 4423 ἐν
3685 4370 3742 4422 δὲ

2160 4452 2270 4513 τοῖς
2321 4448 2622 4519 ἀλλοτρίοις
2657 4449 2716 4500 οὐ
2760 4450 3053 4521 κέχρηνται
3094 4453 3159 4522 τῇ
3201 4451 3449 4519 δυνάμει.
3482 4449 3744 4505 Μᾶλλον

2160 4534 2258 4599 δὲ,
2294 4534 2460 4602 φησὶ,
2508 4534 2927 4600 προσετίθεντο
2982 4534 3369 4590 πιστεύοντες
3413 4533 3491 4599 τῷ
3540 4536 3743 4603 Κυρίῳ

2160 4616 2361 4685 πλήθη
2390 4614 2625 4683 ἀνδρῶν
2657 4633 2720 4668 τε
2745 4618 2841 4669 καί
2886 4616 3212 4686 γυναικῶν·
3242 4616 3398 4670 ὥστε
3436 4618 3585 4670 κατὰ
3632 4617 3741 4684 τὰς

2160 4700 2447 4765 πλατείας
2482 4697 2702 4751 τιθέναι
2746 4698 2887 4764 τοὺς
2920 4699 3196 4765 ἀσθενεῖς
3220 4700 3317 4753 ἐπὶ
3368 4698 3593 4753 κλινῶν
3639 4702 3737 4754 καί

2161 4781 2516 4850 κραϐὄάτων,
2567 4782 2666 4834 ἵνα
2716 4781 3039 4850 ἐρχομένου
3089 4783 3313 4850 Πέτρου
3342 4784 3456 4836 κᾶν
3507 4785 3546 4851 ἡ
3588 4784 3739 4837 σκιὰ

2157 4868 2484 4936 ἐπισκιὰσῃ
2518 4869 2638 4921 τινί
2668 4868 2885 4923 αὐτῶν.

2229 4959 2296 5021 γ’.
2318 4952 2493 5022 Πολλὴ
2519 4952 2628 5004 τῶν
2671 4954 3000 5023 προσιόντων
3051 4956 3082 5025 ή
3114 4954 3312 5021 πίστις,
3343 4954 3436 5008 καὶ
3464 4953 3669 5023 μείζων
3702 4956 3735 5027 ἢ

2161 5037 2256 5089 ἐπὶ
2280 5035 2374 5088 τοῦ
2402 5034 2659 5106 Χριστοῦ.
2703 5035 2872 5089 Πόθεν
2902 5037 3141 5108 δήτοῦτο
3170 5038 3423 5106 γέγονενς
3452 5038 3584 5090 Ἀπὸ
3641 5038 3735 5091 τοῦ

2159 5118 2251 5171 τὸν
2272 5118 2505 5188 Χριστὸν
2524 5117 2901 5189 ἀποφήνασθαι
2933 5121 3026 5172 καὶ
3082 5122 3275 5174 εἰπεῖν·
3330 5121 3394 5173 '0
3432 5121 3737 5174 πιστεύων

2160 5202 2245 5265 εἰς
2276 5200 2401 5268 ἐμὲ,
2422 5201 2493 5253 τὰ
2508 5200 2671 5268 ἔργα,
2694 5199 2861 5267 ἁέγὼ
2894 5202 3055 5267 ποιῶ,
3090 5203 3346 5269 ποιήσει,
3379 5204 3475 5257 καὶ
3493 5203 3735 5271 μείζονα

2161 5282 2416 5347 ποιήσει.
2445 5283 2726 5335 Μενόντων
2739 5284 2843 5353 γάρ
2862 5284 3036 5337 αὐτῶν
3053 5287 3168 5338 ἐκεῖ
3194 5290 3285 5339 καὶ
3302 5288 3362 5340 οὐ
3394 5279 3458 5338 πε
3468 5286 3731 5357 ριιόντων,

2161 5363 2354 5434 ἔφερον
2394 5364 2593 5426 πάντες
2644 5365 2735 5416 ἐπὶ
2772 5365 2877 5417 τῶν
2904 5367 3124 5420 ’κλινῶν
3161 5371 3254 5422 καὶ
3294 5368 3615 5440 κραϐϐάτων
3639 5366 3733 5432 οὓς

2161 5442 2306 5516 εῐχον
2363 5446 2626 5512 ἀσθενεῖς,
2671 5446 2765 5499 καὶ
2809 5448 3072 5503 πάντοθεν
3124 5453 3307 5517 αὐτοῖς
3367 5454 3629 5523 συνήγετο
3667 5452 3728 5506 τὸ

2161 5536 2365 5607 θαῦμα,
2389 5536 2495 5589 ἀπὸ
2518 5536 2625 5589 τῶν
2653 5540 3076 5605 πιστευσάντων,
3101 5543 3209 5596 ἀπὸ
3242 5544 3347 5598 τῶν
3372 5542 3735 5613 θεραπευθέν-

2232 5768 2254 5795 ⁶
2279 5758 2377 5809 Alii
2399 5758 2679 5868 παίρησίας.

2233 5820 2251 5858 ί
2276 5822 2372 5868 Alii
2392 5836 2452 5868 πο
2487 5835 2617 5868 τεοον
2638 5819 2780 5868 αὐτῆς
2802 5820 3008 5868 παιδεύει
3028 5821 3099 5868 τό.
3167 5823 3193 5862 ι
3229 5823 3325 5868 Alii

2233 5820 2251 5858 ι
2276 5820 2617 5887 ᾼιὶίπρότερον
2635 5820 2780 5887 αὐτῆς
2802 5820 3008 5868 παιδεύει
3028 5821 3099 5871 τό.
3167 5823 3193 5862 ⁸
3229 5823 3329 5873 Alii
3360 5824 3629 5887 ἐθαύμασας
3650 5826 3733 5883 Τίς

2167 5882 2255 5932 οὐκ
2278 5884 2333 5929 ἂν
2359 5880 2591 5943 ἐφοϐήθῃ
2635 5882 2728 5928 Καὶ
2750 5880 2891 5938 ἦσαν.
