3972 6212
263 290 358 340 ’ω

254 405 431 454 modo.
460 429 531 439 σ-
562 398 644 452 Tu
674 411 806 451 vero
832 395 961 450 mihi
990 392 1293 460 considera,
1322 392 1594 463 quomodo
1627 400 1733 447 tcta
1762 392 1868 445 vita

255 494 363 547 illis
388 506 457 546 ex
488 488 783 544 contrariis
813 496 1153 541 contexatur.
1180 484 1379 539 Mazror
1410 483 1613 553 primus
1641 482 1741 537 fuit
1768 497 1859 537 as—

252 582 499 651 sumptio
544 579 747 633 Christi
774 595 789 643 ;
819 577 1016 632 deinde
1053 576 1236 631 laetitia
1269 591 1364 646 per
1389 575 1618 645 Spiritus
1644 574 1870 628 descen-

252 689 374 728 sum
404 689 420 737 ;
454 686 650 726 rursus
692 684 896 726 maeror
920 669 993 724 ob
1022 669 1274 724 irrisores
1318 686 1331 721 :
1360 668 1555 723 deinde
1585 668 1763 721 laetitia
1803 682 1867 721 ex

254 766 514 820 ﬁdelibus
540 774 594 819 et
619 780 687 819 ex
710 765 898 831 signo;
938 761 1131 817 iterum
1156 775 1377 825 maeror,
1400 759 1540 830 quod
1562 759 1869 829 apprehen-

257 860 528 913 dereutur
551 875 565 921 ;
592 857 720 910 hinc
746 856 929 909 laetitia
972 871 1071 925 per
1109 854 1406 926 apologiam
1436 870 1608 908 suam.
1638 854 1867 908 Rursum

258 950 355 1003 bic
399 949 583 1004 133tan
610 959 665 1002 et
703 962 926 1003 mmror.
956 947 1089 1001 Nam
1126 946 1266 1017 quod
1294 946 1566 1015 conspicui
1610 954 1790 1000 essent
1815 954 1870 999 et

260 1042 360 1097 Dei
390 1041 817 1097 revelationibus
840 1040 1171 1105 fruerentur,
1198 1040 1380 1093 laetitia
1399 1049 1513 1094 erat
1538 1057 1552 1105 ;
1580 1040 1719 1109 quod
1740 1055 1819 1092 vet
1834 1054 1867 1093 ο

257 1135 423 1187 etiam
467 1146 598 1187 suos
660 1132 1011 1197 occiderent,
1054 1131 1329 1186 mmstitia.
1365 1131 1562 1185 lterum
1593 1131 1771 1185 lzetitia
1798 1146 1865 1186 ex

258 1224 577 1294 splendore,
610 1224 917 1291 iterumque
943 1237 1146 1277 mceror
1171 1236 1200 1275 a
1232 1221 1473 1291 principe
1497 1221 1858 1275 sacerdotum.

259 1316 328 1371 Et
350 1315 673 1383 bocubique
698 1312 1092 1367 considerando
1110 1311 1289 1366 videre
1308 1325 1590 1381 possumus
1612 1329 1624 1365 :
1647 1311 1695 1365 id
1723 1311 1863 1380 quod

257 1409 427 1462 etiam
451 1406 591 1477 apud
617 1414 830 1460 veteres
858 1405 1099 1460 invenire
1119 1412 1218 1458 est.
1247 1402 1443 1458 Verum
1462 1404 1570 1472 jam
1601 1419 1760 1472 supra
1786 1403 1865 1458 di-

257 1512 341 1555 cta
381 1510 711 1569 repetamus.
754 1495 1069 1563 Vendebant,
1098 1496 1285 1566 inquit,
1315 1506 1360 1550 et
1376 1496 1653 1563 a/ferebant
1679 1497 1859 1567 pretia,

259 1605 305 1647 et
356 1595 613 1661 ponebant
660 1600 780 1645 ante
820 1591 973 1659 pedes
1021 1590 1386 1658 apostolorum.
1444 1589 1595 1655 Vide,
1645 1589 1859 1657 dilecte,

262 1684 542 1755 qumodo
581 1699 686 1737 non
734 1683 1108 1751 permitterent
1155 1680 1426 1750 apostolos
1470 1681 1735 1743 vendere;
1767 1681 1860 1735 sed

266 1776 377 1843 ipsi
409 1773 712 1839 venderent,
744 1782 799 1827 et
826 1772 933 1826 illis
954 1771 1123 1842 pretia
1149 1770 1357 1826 darent.
1382 1774 1452 1825 At
1480 1787 1583 1826 non
1612 1772 1688 1826 sic
1713 1773 1859 1826 Ana-

266 1869 425 1927 nias;
466 1866 556 1920 sed
594 1864 866 1921 subtrahit
913 1862 1112 1933 aliquid
1160 1862 1227 1918 de
1274 1863 1445 1932 pretio
1502 1865 1654 1934 agri,
1701 1878 1858 1933 quem

261 1958 611 2023 vendiderat;
667 1957 895 2026 ideoque
943 1956 1179 2027 punitur,
1235 1963 1419 2023 utpote
1463 1955 1551 2025 qui
1594 1970 1705 2009 rem
1753 1970 1858 2010 non

254 2052 403 2106 bene
426 2060 658 2120 gereret,
685 2060 741 2104 et
762 2064 858 2104 sua
885 2047 1051 2103 furari
1078 2047 1593 2118 deprehenderetur.
1618 2048 1715 2102 llic
1731 2063 1858 2118 per-

252 2145 606 2215 stringuntur
628 2141 975 2208 sacerdotes,
1002 2150 1057 2196 et
1082 2141 1297 2212 quidem
1330 2143 1694 2198 vehementer.
1724 2144 1855 2209 Quia

254 2251 402 2291 vero
440 2250 577 2289 uxor
602 2234 722 2304 ejus
748 2234 826 2289 rei
870 2233 1083 2289 conscia
1115 2242 1267 2299 erat;
1314 2233 1435 2289 ideo
1471 2233 1613 2288 illam
1643 2249 1856 2305 quoque

246 2330 557 2385 examinat.

318 2421 391 2473 2.
418 2423 489 2474 At
536 2420 739 2475 dixerit
765 2420 997 2475 fortasse
1022 2419 1287 2490 quispiam
1312 2460 1327 2485 ,
1360 2418 1702 2474 acerbissime
1730 2434 1853 2475 cum

244 2515 339 2569 illa
367 2524 553 2568 actum
578 2529 719 2568 esse.
744 2512 1294 2583 Quid,qu:eso,dicis?
1322 2528 1440 2582 qua:
1465 2512 1728 2568 acerbitas
1754 2513 1852 2568 ‘!Si

244 2607 313 2672 is,
348 2605 446 2676 qui
480 2605 621 2674 ligna
649 2604 865 2674 collegit
886 2603 939 2657 in
968 2602 1211 2669 sabbato,
1247 2602 1510 2674 lapidatur
1541 2602 1730 2671 (Nunt.
1761 2604 1849 2659 15.

241 2699 317 2754 35
336 2700 359 2767 )
380 2740 397 2760 ,
435 2698 609 2752 multo
638 2698 804 2767 magis
830 2697 919 2766 qui
946 2711 1097 2751 sacra
1120 2696 1304 2766 diripit
1334 2714 1346 2749 :
1380 2697 1579 2751 etenim
1612 2698 1851 2767 pecunias

242 2793 361 2846 illa:
392 2792 503 2861 jam
534 2806 702 2845 sacra:
741 2799 913 2845 erant.
956 2791 1137 2860 Itaque
1176 2790 1265 2861 qui
1296 2790 1463 2844 voluit
1488 2804 1583 2844 sua
1614 2791 1851 2846 vendere

241 2894 302 2937 et
326 2882 470 2937 dare
495 2922 512 2946 ,
538 2881 836 2953 deindeque
874 2881 1130 2950 subripit,
1164 2881 1453 2952 sacrilegus
1481 2891 1627 2937 certe
1668 2881 1846 2937 fuerit.

240 2974 313 3029 Si
346 2988 483 3028 vero
508 2973 574 3037 is,
607 2974 697 3042 qui
729 2988 790 3028 ex
817 2974 926 3027 suis
951 2972 1199 3040 subripit,
1230 2973 1520 3041 sacrilegus
1547 2980 1650 3039 est,
1682 2972 1849 3029 multo

246 3067 430 3135 magis
457 3067 503 3119 is
531 3107 545 3131 ,
576 3067 666 3136 qui
706 3081 772 3121 ex
801 3066 1014 3120 alienis.
1053 3065 1129 3119 Ne
1163 3066 1357 3134 putetis
1386 3066 1529 3120 enim
1552 3106 1565 3129 ,
1592 3066 1711 3135 quia
1739 3067 1847 3136 jam

246 3173 367 3210 non
410 3158 483 3210 ita
528 3156 605 3221 lit,
654 3172 751 3211 nec
794 3158 974 3211 statim
1019 3157 1260 3227 sequitur
1299 3157 1449 3223 ultio,
1480 3156 1597 3212 htcc
1636 3159 1848 3228 impune

246 3250 392 3305 fore.
415 3248 608 3303 Viden‘
640 3248 740 3304 hoc
790 3250 844 3304 in
887 3249 1089 3304 crimen
1138 3249 1353 3316 vocari,
1383 3249 1523 3319 quod
1564 3265 1682 3305 cum
1730 3251 1846 3307 illas

249 3343 521 3413 pecunias
562 3358 738 3397 sacras
766 3344 981 3399 fecisset
1005 3384 1021 3408 ,
1052 3343 1118 3398 de
1149 3344 1253 3399 illis
1278 3344 1580 3414 subripiat?
1610 3346 1801 3399 Annon
1827 3386 1843 3411 ,

250 3432 466 3501 inquit,
499 3441 708 3502 poteras
750 3433 855 3488 illis
901 3432 1158 3499 venditis,
1193 3442 1250 3488 ut
1295 3435 1525 3503 pr0priis
1553 3436 1675 3489 ui?
1719 3452 1844 3490 num

250 3525 563 3595 prohibitus
599 3528 698 3579 es?
738 3540 838 3579 cur
880 3525 1133 3595 subripis,
1184 3536 1464 3595 postquam
1515 3528 1847 3595 promisisti?

252 3616 425 3679 Vide,
454 3616 710 3685 quomodo
739 3617 920 3671 statim
949 3631 981 3670 a
1011 3616 1271 3685 principio
1298 3631 1418 3671 sese
1450 3617 1699 3671 immittat
1727 3618 1843 3672 dia-

248 3708 422 3762 bolus
467 3708 604 3761 inter
642 3709 791 3779 signa
822 3716 876 3761 et
907 3706 1161 3762 miracula
1205 3716 1347 3761 tanta
1376 3723 1391 3770 ;
1424 3708 1530 3762 imo
1574 3709 1844 3777 quomodo

250 3801 345 3855 hic
371 3800 441 3855 ab
473 3800 564 3854 illo
590 3809 890 3854 excaecatus
929 3800 1016 3853 sit.
1046 3798 1177 3854 Tale
1201 3797 1475 3869 quidpiam
1514 3808 1569 3854 et
1597 3799 1648 3854 in
1679 3802 1842 3854 veteri

250 3896 374 3962 lege
403 3893 599 3946 factum
629 3901 711 3946 est
735 3932 751 3955 ,
796 3891 1011 3961 quando
1049 3888 1268 3946 Charmi
1308 3890 1590 3945 anathema
1641 3890 1844 3945 iuratus

248 3984 625 4055 deprehensus
652 3992 735 4039 est
764 4002 777 4038 :
808 3992 1043 4038 attamen
1074 3983 1236 4049 nosti,
1274 3991 1468 4053 quanta
1501 3982 1635 4036 ultio
1665 3984 1731 4037 de
1757 3983 1838 4035 l'a-

249 4080 438 4131 ciuore
482 4086 694 4144 sumpta
724 4076 793 4129 sit
822 4074 974 4142 (los.
1005 4074 1059 4127 7.
1085 4074 1142 4129 2.
1187 4083 1231 4129 et
1261 4073 1351 4128 20.
1391 4074 1521 4144 22).
1554 4074 1839 4130 Sacrorum

250 4170 396 4223 enim
416 4168 674 4237 expilatio
699 4165 991 4221 admodum
1019 4164 1193 4235 gravis
1218 4176 1322 4232 εει,
1341 4164 1555 4232 dilecte,
1579 4176 1631 4220 et
1648 4181 1842 4236 magno

250 4268 562 4327 contemptu
607 4258 790 4329 plena.
824 4255 1007 4327 Neque
1042 4256 1275 4312 vendere
1305 4256 1579 4327 coegimus
1600 4298 1613 4322 ,
1647 4257 1838 4327 inquit,

250 4365 427 4420 neque
456 4351 713 4419 pecunias
743 4364 809 4404 ex
842 4348 1071 4404 venditis
1106 4358 1353 4420 acceptas
1393 4348 1520 4404 dare
1550 4367 1563 4403 :
1594 4360 1647 4404 tu
1696 4350 1749 4404 id
1775 4367 1841 4406 ex

251 4442 532 4512 proposito
581 4451 674 4495 tuo
722 4440 893 4495 fecisti
947 4458 961 4494 :
1014 4455 1110 4495 cur
1153 4455 1283 4511 ergo
1334 4455 1401 4495 ex
1451 4441 1618 4496 sacris
1675 4456 1839 4511 pecu-

250 4535 359 4589 niis
406 4533 618 4587 furatus
665 4532 766 4588 es?
816 4532 918 4586 Cur
957 4531 1225 4601 implevit,
1274 4532 1463 4602 inquit,
1514 4542 1722 4587 satanas
1756 4550 1843 4587 cor

252 4628 432 4681 ηιιιγ
473 4625 539 4679 Et
579 4625 626 4678 si
673 4635 886 4678 satanas
933 4623 1033 4679 hoc
1072 4623 1215 4689 fecit,
1262 4638 1361 4678 cur
1395 4623 1466 4678 illi
1514 4623 1841 4693 imputatur?

251 4722 307 4776 ln
346 4735 511 4775 causa
554 4727 661 4785 est,
706 4720 827 4789 quia
855 4718 971 4787 ejus
1011 4719 1376 4787 Operationem
1420 4718 1644 4787 accepit,
1673 4718 1841 4773 etilla

252 4813 510 4883 impletus
575 4819 679 4867 est.
740 4814 809 4863 At
860 4808 1181 4878 oportebat,
1239 4808 1485 4877 inquies,
1548 4808 1838 4878 corrigere.

253 4904 362 4958 Sed
416 4917 527 4958 non
578 4909 850 4955 correctus
892 4900 1114 4963 luisset;
1162 4912 1284 4951 nam
1323 4900 1413 4966 qui
1451 4896 1572 4952 talia
1611 4897 1838 4963 viderat,

258 4996 568 5065 nullumque
614 4992 737 5047 inde
781 4992 987 5046 lucrum
1040 4991 1261 5057 tulerat,
1290 4990 1461 5044 multo
1490 4990 1664 5043 minus
1693 4999 1842 5059 pote-

258 5100 337 5141 nt
366 5089 474 5140 alio
515 5086 678 5140 modo
723 5084 929 5138 lucrum
970 5083 1236 5152 accipere.
1278 5081 1393 5136 Non
1440 5082 1676 5151 Oportuit
1715 5098 1843 5153 ergo

260 5196 369 5233 rem
422 5176 871 5248 prrtcrniittere;
930 5174 1025 5228 sed
1078 5172 1230 5243 quasi
1290 5173 1493 5226 saniem
1557 5172 1841 5242 quamdam

256 5270 523 5336 exscindi,
541 5284 609 5323 ne
633 5269 896 5337 reliquum
923 5279 1123 5335 corpus
1158 5264 1416 5320 inliceret.
1449 5263 1601 5319 Nunc
1624 5266 1767 5318 enim
1793 5273 1847 5319 et

262 5366 343 5415 uie
372 5362 659 5416 utilitatem
690 5358 924 5425 accipit,
956 5371 1026 5411 ne
1049 5356 1276 5409 ulterius
1314 5355 1367 5408 in
1403 5354 1599 5409 malitia
1629 5367 1844 5424 progre-

261 5456 470 5519 diatur,
527 5461 583 5507 et
620 5450 711 5504 alii
751 5449 920 5519 magis
966 5446 1191 5501 studiosi
1232 5445 1526 5500 redduntur
1562 5463 1575 5499 :
1608 5445 1843 5515 alioquin

264 5553 436 5599 autem
457 5540 787 5598 contrarium
816 5537 1116 5593 accidisset.
1142 5536 1269 5592 ldeo
1297 5536 1524 5606 primum
1553 5536 1844 5607 redarguit,

264 5646 317 5687 et
353 5632 591 5689 «tendit
634 5646 746 5686 rem
793 5647 851 5685 se
920 5643 1026 5683 non
1091 5626 1350 5691 latuisse;
1418 5637 1649 5697 tuncque
1713 5642 1845 5682 con-

262 5730 475 5780 damt
502 5722 673 5778 illim).
697 5719 831 5786 Cur,
860 5718 1001 5774 enim
1020 5757 1036 5785 ,
1069 5718 1261 5788 inquit,
1298 5716 1394 5773 hoc
1414 5718 1615 5785 fecisti?
1644 5717 1846 5776 habere

1376 279 1439 333 ΙΝ
1478 278 1654 333 ACTA
1698 274 2216 332 APOSTULORUM.
2256 274 2484 331 ll0.\lll..
2529 278 2640 334 ΧΗ.

3467 291 3486 344 1
3499 291 3561 343 (l9

1981 388 2232 443 voluisti?
2264 392 2304 445 Α
2336 392 2598 461 principio
2649 396 2881 453 retinere
2920 402 3194 469 oportuit,
3223 415 3277 459 et
3307 422 3409 461 non
3444 425 3559 476 pro-

1977 481 2188 535 mittere
2223 498 2235 534 ε
2270 498 2413 538 nunc
2460 493 2637 538 autem
2690 498 2966 559 postquam
2996 508 3409 552 εοηεθοτίινρνης
3436 511 3561 554 Sllll-

1975 572 2191 641 ripiens,
2226 574 2396 644 majus
2421 578 2759 647 sacrilegium
2791 582 3072 641 admisisti.
3103 586 3232 641 Nam
3260 591 3352 660 qui
3377 592 3556 649 aliena

1982 663 2142 754 rapit,
2187 664 2325 720 forte
2354 681 2418 721 ex
2464 668 2756 723 alienarum
2802 687 2979 728 rerum
3019 678 3312 746 cupiditate
3363 686 3499 754 rapit
3539 702 3555 739 :

1976 753 2067 808 tibi
2100 770 2227 811 vero
2259 757 2453 812 licebat
2482 768 2568 813 tua
2607 762 2825 817 habere.
2863 763 2971 819 Cur
2996 782 3123 838 ergo
3150 771 3235 825 illa
3260 753 3559 832 sacrarred-

1973 845 2182 941 didisti,
2235 859 2290 904 et
2334 860 2517 919 postea
2566 854 2833 923 rapuisti?
2879 857 2956 911 Ex
3010 876 3201 932 magno
3247 877 3553 941 contemptu

1972 938 2022 991 id
2056 940 2246 996 fecisti.
2292 943 2521 1000 Facinus
2564 947 2775 1001 veniam
2818 964 2922 1003 non
2960 950 3158 1021 habet,
3206 938 3550 1019 excusatione

1971 1041 2139 1087 caret.

2042 1123 2319 1180 Sacrorum
2347 1130 2650 1198 expilatores
2696 1141 2919 1203 tempore
2962 1135 3323 1207 Chrysostomi.
3351 1174 3422 1185 —
3450 1146 3554 1203 Ne.

1970 1216 2097 1268 mini
2130 1227 2305 1272 autem
2338 1220 2660 1277 oll‘endiculo
2710 1225 2810 1291 sit,
2857 1227 2899 1279 si
2931 1229 3019 1296 qui
3065 1229 3176 1299 jam
3225 1233 3334 1288 sint
3373 1251 3553 1296 sacro-

1968 1320 2083 1359 rum
2112 1309 2453 1376 expilatores.
2486 1312 2616 1365 Nam
2649 1314 2693 1367 si
2744 1324 2868 1371 tunc
2915 1316 3151 1385 fuerunt,
3184 1324 3354 1380 multo
3384 1333 3553 1399 magis

1970 1412 2129 1462 nunc,
2178 1414 2298 1454 cum
2352 1403 2517 1457 multa
2565 1413 2689 1459 sunt
2734 1407 2892 1460 mala.
2949 1408 3053 1464 Sed
3097 1414 3555 1481 reprehendamus

1969 1486 2089 1543 illos
2126 1505 2306 1544 coram
2358 1493 2606 1549 omnibus
2630 1536 2644 1559 ,
2682 1505 2736 1550 ut
2761 1507 2815 1551 ct
2844 1503 3021 1554 cmleri
3051 1513 3255 1559 metum
3291 1504 3547 1565 habeant.

1964 1579 2128 1635 Judas
2160 1584 2453 1654 sacrilegus
2479 1595 2596 1640 crat
2624 1603 2638 1652 ;
2663 1602 2845 1642 verum
2874 1589 2925 1644 id
2947 1591 3223 1661 discipulis
3246 1611 3351 1651 non
3380 1599 3551 1655 oll‘eu-

1965 1674 2145 1730 diculo
2175 1676 2295 1731 fuit.
2330 1678 2724 1751 Viden’quanta
2755 1684 2891 1737 mala
2913 1686 3258 1752 pecuniarum
3284 1692 3548 1760 cupiditas

1963 1768 2167 1835 pariat?
2187 1768 2251 1822 Et
2268 1773 2436 1840 factus
2460 1783 2553 1837 est,
2572 1772 2758 1843 inquit,
2786 1776 2936 1829 timor
2950 1792 3163 1847 magnus
3182 1796 3335 1851 super
3350 1798 3543 1851 omnes,

1962 1860 2047 1927 qui
2066 1860 2173 1914 lucc
2197 1863 2485 1916 audierunt.
2503 1864 2595 1917 Ille
2611 1866 2824 1934 punitus
2851 1876 2951 1929 est.
2971 1876 3025 1922 et
3052 1869 3140 1923 alii
3163 1871 3349 1928 lucrati
3380 1886 3503 1931 sunt
3528 1894 3543 1931 :

1962 1947 2138 2018 itaque
2152 1964 2255 2004 non
2275 1953 2387 2006 sine
2400 1968 2558 2007 causa
2574 1954 2643 2007 ita
2656 1954 3020 2025 dispensatum
3034 1967 3134 2013 est.
3152 1960 3261 2017 Etsi
3279 1963 3380 2017 alia
3396 1966 3545 2033 signa

1962 2039 2109 2106 prius
2136 2039 2270 2094 facta
2300 2041 2528 2104 fuerant,
2566 2052 2801 2099 attamen
2831 2060 2934 2098 non
2960 2047 3080 2101 talis
3102 2059 3217 2103 erat
3242 2061 3435 2107 melus.
3455 2054 3547 2111 Sic

1963 2145 2143 2184 verum
2172 2141 2251 2185 est
2279 2133 2404 2185 illud
2439 2152 2451 2185 :
2485 2133 2825 2204 Cognoscetur
2854 2136 3099 2192 Dominus
3118 2142 3321 2210 judicia
3348 2146 3563 2214 faciens.

1961 2221 2131 2296 (Psat.
2164 2224 2217 2280 9.
2250 2225 2362 2295 17).
2390 2225 2479 2281 Sic
2506 2237 2560 2281 et
2591 2229 2640 2282 in
2670 2243 2792 2283 arca
2822 2230 3016 2285 factum
3048 2242 3165 2287 est:
3208 2235 3350 2290 Ozan
3382 2240 3543 2307 puni-

1961 2321 2044 2368 tus
2064 2323 2145 2369 est
2178 2315 2252 2383 (2.
2285 2314 2411 2387 Reg.
2449 2317 2504 2373 b.
2544 2319 2620 2388 7),
2669 2327 2723 2373 et
2754 2319 2877 2374 hinc
2906 2322 3065 2376 timor
3105 2324 3243 2380 aliis.
3293 2325 3397 2381 Sed
3434 2328 3543 2385 illic

1958 2405 2173 2475 quidem
2204 2418 2450 2463 metuens
2479 2424 2600 2474 rex,
2630 2424 2807 2465 artam
2853 2413 3082 2478 amovit;
3118 2413 3203 2470 hic
3233 2425 3409 2473 autem
3450 2421 3541 2476 alii

1956 2498 2267 2553 attentiores
2292 2499 2411 2553 facti
2436 2508 2576 2554 sunt.
2609 2500 2789 2566 Vides,
2813 2504 3079 2571 quomodo
3110 2520 3216 2559 non
3244 2509 3442 2562 vocavit
3472 2511 3541 2565 il-

1955 2591 2060 2647 lam
2094 2592 2306 2661 Petrus,
2355 2597 2449 2650 sed
2494 2599 2825 2666 exspectavit
2868 2598 3039 2656 donec
3071 2601 3335 2658 intraret:
3368 2619 3541 2674 neque

1954 2683 2093 2738 alius
2122 2686 2386 2755 quispiam
2428 2701 2590 2742 ausus
2616 2697 2699 2743 est
2726 2692 3047 2747 annuntiare
3076 2694 3219 2762 quod
3249 2696 3536 2751 acciderat.

1955 2774 2067 2829 lloc
2094 2777 2331 2846 magistri
2376 2778 2535 2832 timor
2560 2791 2694 2842 erat,
2728 2780 2901 2834 honor
2925 2782 3306 2853 discipulorum
3332 2795 3387 2841 et
3408 2786 3539 2843 obe-

1953 2866 2172 2922 dientia.
2210 2868 2383 2923 Trium
2413 2871 2653 2924 horarum
2683 2873 2924 2939 spoliant.
2949 2874 3130 2943 Neque
3168 2876 3351 2932 didicit
3381 2894 3535 2945 uxor,

1953 2972 2051 3012 nec
2080 2959 2197 3030 quis
2230 2961 2565 3035 praesentium
2597 2962 2876 3028 nuntiavit,
2905 2950 3239 3032 quamvis-ad
3262 2968 3537 3037 divulgan-

1951 3050 2077 3105 dum
2100 3059 2181 3105 sat
2207 3051 2464 3120 temporis
2495 3062 2671 3117 esset;
2703 3067 2886 3106 verum
2922 3055 3200 3110 timebant.
3233 3056 3343 3112 lloc
3373 3060 3531 3114 etiam

1951 3142 2225 3197 admirans
2262 3143 2493 3212 scriptor
2514 3143 2624 3197 ait:
2661 3142 2906 3200 Nescieus
2935 3146 3070 3217 quod
3123 3150 3311 3218 factum
3346 3150 3531 3219 fuerat,

1949 3235 2190 3311 introivit.
2223 3236 2381 3304 Atqui
2414 3234 2537 3289 hinc
2556 3235 2764 3292 discere
2791 3237 2985 3292 licebat
3011 3239 3183 3308 ipsum
3213 3243 3424 3296 novisse
3446 3258 3530 3311 ea,

1949 3341 2067 3394 quae
2093 3327 2301 3380 occulta
2332 3336 2504 3382 erant.
2534 3327 2642 3382 Cur
2668 3328 2809 3383 enim
2834 3330 2920 3399 qui
2946 3331 3215 3387 neminem
3236 3333 3534 3405 interroga-

1949 3427 2118 3480 verat,
2143 3433 2238 3471 vos
2270 3418 2600 3489 interrogat?
2620 3421 2835 3486 Annon,
2862 3431 2917 3474 ut
2940 3421 3124 3492 liquet,
3156 3424 3276 3492 quia
3305 3426 3534 3480 sciebat?

1948 3509 2050 3565 Sed
2084 3510 2245 3565 nimia
2271 3512 2484 3565 cmcitas
2531 3528 2635 3566 non
2680 3514 2919 3582 permisit
2960 3514 3102 3569 illam
3133 3516 3336 3571 crimen
3365 3518 3533 3588 depo-

1949 3616 2108 3665 nere;
2152 3601 2245 3656 sed
2294 3618 2414 3657 cum
2459 3602 2679 3658 audacia
2727 3605 2892 3658 multa
2942 3607 3231 3675 respondet
3263 3648 3276 3660 .
3307 3608 3534 3665 Putabat

1946 3693 2088 3746 enim
2115 3708 2175 3748 se
2195 3708 2315 3747 cum
2349 3693 2563 3749 homine
2583 3694 2745 3764 loqui.
2776 3695 2887 3751 lloc
2910 3710 3071 3765 grave
3092 3707 3226 3763 erat,
3258 3698 3397 3768 quod
3426 3715 3535 3755 uno

1947 3786 2171 3841 consilio
2220 3794 2275 3840 et
2326 3787 2475 3855 quasi
2530 3803 2596 3842 ex
2642 3796 2799 3857 pacto
2844 3799 3120 3856 peccatum
3165 3791 3530 3847 admisissent.

1951 3878 2087 3946 Quid
2118 3879 2286 3945 utique
2329 3880 2558 3932 convenit
2598 3880 2754 3943 vobis,
2804 3881 3007 3951 inquit,
3053 3891 3245 3937 tentare
3280 3885 3532 3953 Spiritum

1946 3970 2217 4025 sanctum?
2257 3968 2392 4023 Ecce
2435 3971 2587 4039 pedes
2636 3986 2811 4023 eorum
2834 4012 2850 4036 ,
2891 3974 2977 4041 qui
3022 3974 3325 4040 sepelierunt
3368 3977 3531 4030 virum

1947 4071 2111 4127 tuum,
2137 4062 2207 4113 ad
2235 4061 2455 4126 ostium;
2476 4070 2521 4114 et
2548 4059 2753 4124 elTereat
2780 4071 2847 4114 te.
2871 4061 3024 4114 Prius
3045 4061 3189 4116 illam
3213 4062 3370 4118 docet
3389 4067 3532 4133 quod

1948 4153 2271 4223 peccaverit,
2300 4161 2355 4208 et
2385 4160 2511 4206 tunc
2540 4150 2773 4206 ostendit
2798 4150 2941 4205 illam
2959 4151 3122 4219 juste,
3154 4168 3273 4222 quae
3303 4153 3383 4207 vir
3406 4170 3529 4223 pas-

1945 4260 2039 4299 sus
2076 4253 2213 4307 erat,
2253 4257 2528 4313 passuram
2569 4256 2709 4306 esse,
2758 4242 2881 4313 quia
2930 4241 3146 4310 perinde
3193 4254 3526 4311 peccaverat.

1947 4335 2317 4407 thuomodo,
2343 4335 2572 4404 inquies,
2593 4332 2867 4406 Confestim
2893 4334 3068 4387 cecidit
3089 4344 3206 4389 ante
3230 4336 3380 4404 pedes
3396 4338 3527 4408 ejus,

1946 4438 1991 4483 et
2019 4428 2329 4498 exspiravit?
2359 4427 2492 4494 Quia
2536 4441 2703 4497 pr0pe
2730 4425 2992 4481 adstabat.
3021 4424 3110 4481 Sic
3138 4427 3211 4480 illi
3242 4430 3293 4481 in
3321 4429 3530 4498 seipsos

1948 4520 2206 4574 ultionem
2236 4526 2589 4572 attraxerunt.
2619 4518 2747 4583 Quis
2776 4518 2991 4571 demum
3011 4532 3115 4571 non
3144 4518 3529 4588 obstupuisset?

1945 4612 2064 4681 quis
2093 4611 2388 4680 apostolum
2432 4626 2535 4664 non
2566 4610 2859 4663 timuisset?
2890 4609 3008 4678 quis
3055 4625 3161 4663 non
3192 4610 3414 4664 miratus
3440 4628 3532 4667 es-

1947 4704 2062 4758 set?
2098 4702 2160 4755 Et
2191 4712 2353 4767 erant,
2384 4703 2573 4773 inquit,
2602 4702 2903 4755 unanimiter
2922 4718 3093 4755 omnes
3121 4703 3173 4756 in
3203 4704 3398 4773 porticu
3423 4705 3527 4759 Sa-

1950 4796 2179 4850 lomonis.
2213 4795 2311 4850 llic
2350 4796 2521 4865 palam
2553 4805 2654 4859 cst,
2702 4794 2820 4849 illos
2848 4808 2950 4847 non
2984 4796 3035 4847 in
3061 4793 3223 4848 domo
3256 4796 3526 4866 quapiam,

1948 4888 2042 4943 sed
2080 4890 2131 4943 in
2184 4890 2383 4958 templo
2432 4898 2672 4943 versatos
2709 4901 2849 4940 csse.
2892 4885 3073 4955 Neque
3107 4886 3241 4939 ultra
3272 4888 3528 4943 cavebant

1948 4981 2156 5035 sibine
2209 4980 2478 5034 immunda
2528 4978 2918 5046 contingerent,
2971 4975 3064 5029 sed
3118 4976 3235 5030 sine
3274 4979 3528 5046 scrupulo

1951 5081 2190 5126 mortuos
2219 5070 2529 5141 tangebant.
2575 5068 2639 5122 Et
2666 5068 2807 5132 vide,
2840 5064 3108 5135 quomodo
3133 5080 3257 5133 erga
3293 5080 3420 5120 suos
3446 5083 3531 5122 se-

1949 5164 2059 5218 veri
2089 5164 2218 5226 sint,
2268 5177 2391 5232 erga
2423 5161 2555 5214 alios
2599 5167 2776 5212 autem
2830 5164 3093 5226 potestate
3136 5171 3238 5210 non
3290 5167 3527 5215 utantur.

1956 5252 2127 5324 Magis
2148 5264 2339 5316 autem,
2376 5252 2564 5322 inquit,
2589 5248 2865 5321 augebatur
2887 5248 3197 5302 credentium
3231 5250 3284 5304 in
3310 5249 3532 5308 Domino

1953 5345 2221 5399 multitudo
2251 5346 2474 5398 virorum
2502 5353 2548 5395 et
2573 5342 2837 5395 mulierum
2862 5356 2881 5404 ,'
2908 5340 2978 5392 ita
3005 5348 3058 5393 ut
3089 5340 3139 5392 in
3172 5339 3351 5408 plateis
3370 5360 3531 5413 pone-

1950 5449 2062 5493 rent
2099 5439 2330 5507 inﬁrmos
2368 5439 2421 5490 in
2456 5436 2651 5489 lectulis
2695 5452 2755 5487 ac
2780 5434 3040 5505 grabatis,
3084 5442 3137 5485 ut
3176 5436 3399 5489 veniente
3434 5434 3532 5488 Pc-

1952 5543 2029 5587 tro
2066 5533 2243 5587 saltem
2267 5531 2444 5584 umbra
2468 5530 2604 5583 illius
2632 5528 2951 5581 adumbraret
2972 5542 3272 5596 quemquam
3307 5526 3533 5580 illorum.

2028 5624 2080 5679 3.
2114 5622 2299 5692 Magna
2330 5620 2694 5675 accedentium
2741 5619 2902 5682 lidcs,
2948 5626 3003 5671 ct
3039 5616 3212 5683 major
3237 5629 3392 5683 quam
3435 5611 3537 5665 sub

1956 5715 2072 5787 ipso
2099 5715 2328 5772 Christo.
2353 5710 2507 5769 Unde
2535 5720 2711 5767 autem
2739 5710 2839 5765 hoc
2863 5706 3057 5763 factum
3080 5705 3199 5760 est?
3225 5699 3355 5769 Quia
3376 5698 3535 5755 Chri-
