4032 6212
409 294 511 351 103

402 420 519 461 stus
548 408 648 459 hoc
677 399 1059 474 prtennntiarat
1093 404 1150 450 ct
1184 394 1412 449 dixerat.
1458 394 1556 461 Qui
1585 393 1741 446 credit
1779 393 1833 446 in
1868 408 1979 455 me,

405 513 561 567 opera
584 536 598 559 ,
627 506 739 563 qua:
769 506 858 560 ego
888 488 1021 560 facio
1040 528 1055 553 ,
1088 486 1235 555 faciet
1256 526 1270 550 ,
1312 495 1361 539 et
1404 485 1601 554 majora
1627 484 1775 552 faciet
1807 481 1986 555 (Joau.

408 589 494 641 14.
528 586 637 655 12).
668 580 1002 636 Manentibus
1026 588 1202 632 autem
1235 577 1339 630 illis
1361 576 1500 643 istic,
1524 590 1624 630 nec
1654 576 1991 630 circumeun-

408 682 580 741 tibus,
611 688 800 730 omnes
827 670 1123 727 aﬁ‘erebant
1163 670 1215 724 in
1264 669 1469 724 lectulis
1497 677 1549 722 et
1592 666 1827 738 grabatis
1856 681 1993 737 quos

409 772 677 827 habebant
706 768 980 833 inﬁrmos,
1013 775 1067 821 et
1094 765 1326 834 undique
1366 764 1472 817 illis
1508 760 1809 817 conﬁucbat
1840 760 1995 813 mira-

407 864 607 927 culum,
654 875 683 915 a
726 859 1088 921 credentibus,
1135 872 1165 909 a
1204 856 1435 918 sanatis,
1469 853 1537 907 ab
1580 868 1646 907 eo
1675 853 1763 923 qui
1808 851 1994 921 plexus

408 956 602 1023 fuerat,
634 970 663 1006 a
700 950 890 1006 fiducia
916 964 1075 1018 quam
1104 963 1228 1017 erga
1262 948 1382 1000 illos
1414 946 1715 1009 habebant,
1744 959 1771 997 a
1797 944 1995 998 virtute

412 1062 631 1110 eorum,
674 1044 763 1113 qui
810 1058 914 1095 non
960 1050 1243 1107 utcumque
1282 1038 1609 1093 credebant:
1640 1052 1812 1106 neque
1850 1037 1993 1091 enim

411 1137 551 1208 quod
581 1136 767 1197 ﬁebat,
813 1133 978 1202 signis
1026 1140 1228 1185 tantutn
1270 1130 1572 1184 constabat.
1603 1128 1734 1182 Nam
1773 1130 1871 1182 etsi
1922 1127 1997 1180 illi

413 1227 655 1282 modeste
684 1224 966 1293 loquentes
996 1232 1159 1274 totum
1190 1220 1288 1289 ipsi
1320 1221 1584 1289 imputcnt
1625 1219 1863 1272 dicentes
1885 1260 1898 1283 ,
1943 1217 1995 1271 in

414 1316 629 1370 nomine
675 1313 872 1367 Christi
919 1327 976 1365 se
1011 1312 1123 1365 haec
1169 1312 1378 1375 facere;
1432 1309 1527 1364 sed
1558 1310 1661 1361 vita
1693 1322 1904 1377 quoque
1945 1316 2000 1360 et

415 1409 582 1460 virtus
608 1408 844 1457 virorum
886 1402 986 1457 hoc
1014 1400 1160 1456 fecit.
1195 1401 1472 1469 l’erpende
1501 1408 1700 1463 autem,
1731 1399 1999 1469 quomodo

416 1497 502 1551 hic
528 1511 810 1550 numerum
841 1494 1174 1549 credentium
1207 1508 1313 1548 non
1345 1492 1552 1559 afferat,
1584 1492 1812 1546 auditori
1841 1492 2003 1545 relin-

414 1604 583 1659 quens
613 1599 669 1642 ut
700 1588 750 1641 id
771 1602 836 1642 ex
858 1602 918 1642 se
944 1586 1208 1655 eonjectet
1236 1602 1249 1637 :
1280 1587 1358 1638 sic
1384 1584 1450 1639 ad
1482 1585 1797 1638 immensam
1824 1583 2001 1637 multi-

421 1684 656 1738 tudinem
676 1681 806 1736 ﬁdes
829 1680 1228 1736 cxtendebatur.
1257 1679 1389 1732 llinc
1413 1687 1464 1733 et
1482 1677 1805 1732 resurrectio
1836 1676 2002 1745 magis

417 1772 825 1842 praedicabatur.
853 1770 1017 1824 Nemo
1044 1780 1210 1822 autem
1241 1767 1455 1821 audebat
1479 1783 1531 1822 se
1550 1769 1851 1837 conjungere
1874 1765 1997 1829 illis,

416 1866 505 1919 sed
542 1864 899 1934 magni/icabat
928 1879 1010 1917 eos
1040 1862 1276 1933 populus.
1305 1860 1393 1916 Sic
1422 1862 1525 1927 ait,
1559 1861 1849 1916 ostendens
1881 1859 2001 1913 illos

414 1960 521 2028 jam
548 1974 652 2013 non
682 1957 1012 2026 contemptui
1045 1956 1207 2010 fuisse
1226 1997 1241 2021 ,
1271 1964 1328 2009 ut
1371 1954 1517 2023 prius
1544 1962 1695 2007 erant
1721 1970 1733 2005 :
1762 1967 1826 2007 ac
1855 1949 2001 2006 brevi

417 2058 659 2117 tempore
690 2062 905 2116 unoque
933 2055 1203 2102 momento
1229 2045 1343 2100 haec
1368 2059 1399 2099 a
1430 2046 1694 2114 piscatore
1717 2052 1772 2097 et
1798 2042 2006 2110 privato

418 2138 638 2194 homine
664 2138 800 2193 facta
826 2138 1010 2193 fuisse.
1532 2157 1544 2182 ι

495 2232 661 2298 Quam
688 2232 817 2285 mira
840 2231 1118 2300 primorum
1138 2228 1541 2284 Christianorum
1567 2228 1688 2281 vita.
1710 2257 1782 2268 -—
1804 2225 2003 2282 Caelum

419 2325 599 2394 itaque
621 2324 729 2393 jam
761 2330 878 2377 erat
922 2331 1061 2377 terra
1090 2338 1153 2376 ex
1184 2321 1396 2376 vivendi
1434 2321 1669 2387 ratione,
1713 2319 1923 2375 dicendi
1952 2319 2007 2373 li-

426 2414 654 2477 hertatc,
672 2414 966 2478 miraculis,
986 2414 1301 2481 exterisque
1313 2412 1560 2467 omnibus
1583 2429 1596 2465 :
1616 2426 1678 2466 ac
1695 2412 1837 2467 velut
1854 2424 2008 2481 ange-

421 2506 457 2559 li
479 2504 817 2559 admirationi
844 2512 1015 2571 erant,
1038 2504 1105 2558 ad
1136 2504 1269 2558 nihil
1297 2518 1355 2557 se
1383 2512 1774 2569 convertentes,
1807 2519 1911 2557 non
1939 2501 2007 2557 ad

421 2602 618 2667 risum,
648 2614 752 2655 non
780 2599 847 2653 ad
878 2598 1082 2665 minas,
1130 2615 1235 2653 non
1267 2600 1331 2653 ad
1371 2600 1643 2670 pericula:
1679 2618 1785 2656 non
1826 2617 1889 2656 ca
1919 2615 2008 2656 so-

423 2693 534 2746 lum
571 2691 638 2748 de
668 2706 849 2756 causa,
870 2692 964 2746 sed
986 2692 1146 2747 etiam
1182 2693 1321 2761 quod
1361 2692 1645 2746 admodum
1674 2692 1890 2747 humani
1922 2706 2008 2747 cs-

421 2792 563 2849 sent,
587 2793 641 2839 et
670 2784 897 2839 sollicite
927 2794 1206 2850 curarent;
1236 2786 1370 2839 alios
1414 2785 1555 2839 enim
1590 2786 1811 2854 pecunia
1831 2826 1846 2851 ,
1877 2786 2009 2841 alios

422 2877 688 2946 corporali
715 2876 988 2931 curatione
1014 2875 1293 2945 juvabant.
1322 2874 1425 2929 Cur
1446 2877 1666 2945 impleuit
1687 2886 1895 2931 satanas
1923 2892 2010 2929 cor

424 2970 609 3023 tuum?
636 2968 771 3023 Fere
812 2983 932 3023 sese
963 2976 1151 3039 purgat
1195 2969 1385 3022 Petrus
1418 2968 1560 3021 illum
1609 2969 1892 3038 punitnrus
1912 3009 1926 3031 ,
1957 2976 2013 3021 et

424 3062 557 3115 alios
585 3060 781 3115 erudit.
812 3060 943 3127 Quia
984 3060 1125 3114 enim
1172 3059 1406 3112 futurum
1436 3067 1549 3112 erat
1570 3098 1584 3122 ,
1632 3070 1688 3112 ut
1722 3058 1823 3113 hoc
1857 3057 2012 3114 valde

424 3153 617 3207 durum
640 3160 943 3221 appareret,
975 3150 1094 3204 ideo
1124 3150 1174 3202 in
1205 3149 1352 3202 illum
1384 3158 1438 3202 et
1462 3150 1511 3200 in
1540 3165 1763 3202 uxorem
1789 3160 2013 3205 tremen-

425 3243 553 3298 dum
584 3241 1102 3309 exercetjudieiutn.
1132 3238 1187 3295 Si
1219 3248 1394 3293 autem
1423 3241 1626 3304 ambos,
1657 3240 1743 3307 qui
1774 3241 2011 3294 irremis-

427 3334 656 3387 sibiliter
688 3340 1056 3399 peccaverant,
1086 3344 1192 3384 non
1220 3329 1310 3383 tali
1336 3329 1605 3384 affecisset
1634 3345 1810 3398 ptena,
1845 3347 2014 3401 quan-

427 3432 513 3477 tus
529 3423 652 3475 hinc
672 3422 759 3475 Dei
782 3428 1117 3491 contemptus
1140 3419 1346 3474 futurus
1366 3420 1675 3488 crat?Quod
1698 3431 1871 3476 autem
1896 3423 2013 3478 ideo

428 3515 508 3567 sic
529 3511 725 3565 factum
749 3510 837 3574 sit,
869 3510 1033 3578 liquet
1058 3524 1123 3565 ex
1150 3525 1238 3575 eo,
1270 3509 1409 3578 quod
1441 3525 1546 3565 non
1572 3511 1750 3565 statim
1777 3513 1841 3566 ad
1869 3513 2016 3567 ultio-

430 3621 551 3660 nem
586 3605 819 3666 venerit,
869 3603 962 3658 sed
1010 3604 1186 3670 primo
1230 3611 1507 3672 peccatum
1554 3605 1821 3660 ostendat.
1866 3605 2015 3662 Unde

432 3710 591 3749 nemo
624 3695 910 3763 ingemuit,
946 3708 1105 3748 nemo
1132 3694 1383 3761 ejulavit;
1417 3694 1511 3749 sed
1540 3709 1728 3751 omnes
1774 3699 2015 3753 exterriti

433 3793 576 3840 sunt.
605 3784 730 3839 Jure
759 3793 958 3850 autem,
981 3784 1102 3854 quia
1131 3784 1265 3839 ﬁdes
1291 3785 1499 3839 illorum
1524 3788 1837 3857 augebatur,
1867 3789 2015 3859 signa

433 3877 585 3946 plura
623 3874 940 3939 edebantur,
978 3882 1034 3929 et
1079 3876 1267 3946 ingens
1308 3876 1449 3946 apud
1493 3892 1618 3932 suos
1661 3889 1835 3934 metus
1878 3890 2013 3945 erat,

434 3968 557 4038 quia
587 3980 692 4020 non
724 3966 800 4019 sic
846 3972 1068 4020 externa
1100 3980 1195 4020 nos
1243 3967 1460 4022 turbant
1487 3976 1545 4021 ut
1592 3968 1904 4037 domestica.
1960 3972 2015 4026 Si

440 4076 571 4131 ergo
600 4062 766 4114 simus
793 4067 977 4114 mutuo
1001 4059 1275 4129 conjuncti
1299 4101 1314 4126 ,
1346 4076 1503 4115 nemo
1530 4061 1686 4116 nobis
1713 4062 1910 4117 bellum
1940 4064 2017 4118 iu-

441 4157 609 4222 ferct;
643 4158 723 4211 sin
757 4164 940 4210 contra
972 4154 1327 4210 dissideamus
1349 4198 1362 4217 ,
1401 4171 1589 4211 omnes
1616 4172 1715 4212 nos
1745 4158 2014 4211 invadent.

438 4249 574 4304 Hinc
602 4248 672 4301 illi
701 4263 821 4301 cum
851 4246 1038 4300 ﬁducia
1062 4255 1115 4300 et
1139 4247 1383 4300 libertate
1422 4247 1472 4299 in
1503 4246 1673 4301 forum
1696 4289 1710 4312 ,
1751 4257 1805 4303 et
1834 4248 1885 4301 in
1915 4263 2019 4305 me-

434 4340 582 4393 dium
614 4338 949 4390 inimicorum
971 4351 1029 4389 se
1057 4336 1404 4390 conferebant
1428 4344 1482 4389 et
1504 4338 1895 4405 prmvalebant;
1928 4340 2021 4393 im-

439 4426 786 4501 plebaturque
814 4427 1012 4481 dictum
1044 4426 1172 4480 illud
1203 4445 1216 4480 :
1254 4426 1524 4482 Dominarc
1558 4430 1610 4483 in
1645 4431 1808 4484 medio
1844 4432 2017 4485 inimi-

435 4538 614 4576 corum
643 4531 839 4573 tuorum
863 4517 1038 4589 (Psal.
1067 4517 1284 4592 109.2).
1310 4520 1421 4575 lloc
1442 4522 1656 4593 majoris
1678 4532 1791 4578 erat
1811 4524 2021 4580 virtutis

439 4611 715 4673 indicium,
746 4609 886 4679 quod
914 4608 1137 4673 detenti,
1166 4612 1348 4677 vincti,
1383 4613 1503 4666 talia
1537 4614 1786 4670 facerent.
1810 4617 1864 4671 Si
1891 4633 2019 4687 ergo

440 4705 510 4769 gi,
552 4704 642 4773 qui
677 4704 885 4759 mentiti
930 4704 1164 4768 fuerant,
1212 4706 1334 4759 talia
1387 4708 1523 4775 passi
1554 4719 1710 4775 sunt,
1742 4711 1867 4779 quid
1913 4728 2018 4766 non

443 4798 711 4867 patientur
754 4797 822 4860 ii,
871 4797 959 4867 qui
1003 4796 1290 4867 pejerant?
1344 4799 1454 4853 lmo
1503 4806 1546 4855 si
1596 4804 1825 4867 mulier,
1878 4803 2018 4873 quod

443 4888 655 4950 dixerit,
689 4886 858 4940 Etiam
885 4888 1047 4954 tanti,
1077 4888 1340 4956 ejusmodi
1372 4905 1555 4960 ptenas
1581 4892 1743 4956 dedit,
1776 4909 1874 4948 nec
1898 4894 2021 4949 eﬁ'u-

442 4981 519 5047 git
542 4997 553 5032 :
583 4980 810 5048 cogitate
830 4993 935 5048 quo
957 4979 1073 5034 sitis
1089 4995 1183 5035 vos
1198 4982 1457 5051 supplicio
1472 4982 1633 5053 digni,
1658 4984 1744 5054 qui
1759 4985 1946 5055 jnratis
1967 4997 2021 5042 et

444 5071 691 5137 pcjeratis
708 5072 729 5120 τ
746 5070 787 5125 E
806 5086 862 5125 re
882 5070 1042 5125 fuerit
1055 5070 1212 5126 hodie
1233 5088 1298 5127 ex
1315 5073 1479 5128 veteri
1494 5074 1610 5145 lege
1624 5076 1840 5144 perjurii
1853 5079 2021 5146 gravi-

446 5167 603 5212 tatem
624 5160 923 5214 ostendere.
943 5160 1471 5232 Falx,inquit,volans
1486 5177 1613 5229 erat,
1634 5169 1736 5220 lata
1752 5168 1917 5222 decem
1935 5186 2023 5223 cu-

445 5249 710 5319 bitis(Zac.
728 5252 780 5304 5.
797 5251 1103 5321 2).\’olatus
1118 5256 1455 5311 celerrimum
1471 5259 2020 5328 supplieiijuramenta

443 5340 711 5407 sequentis
739 5340 1021 5395 adventum
1048 5345 1337 5413 signiﬁcat;
1361 5348 1499 5415 quod
1522 5361 1697 5402 autem
1718 5349 1901 5405 decem
1929 5368 2022 5405 cu-

444 5436 671 5486 bitorum
719 5431 788 5486 sit
817 5432 1096 5489 latitudine
1136 5443 1191 5490 et
1235 5437 1594 5507 longitudine,
1627 5440 2019 5498 vehementiam

439 5532 494 5576 et
524 5522 939 5591 magnitudinem
972 5526 1228 5582 malorum
1269 5529 1498 5597 indicat;
1551 5532 1691 5601 quod
1731 5542 1907 5589 autem
1954 5549 2017 5589 ex

438 5614 574 5667 c:elo
600 5613 762 5679 volet,
791 5616 998 5685 signum
1018 5627 1100 5672 est
1125 5622 1439 5675 sententiam
1467 5639 1529 5677 ex
1553 5625 1751 5679 caelesti
1771 5624 2017 5679 tribunali

438 5703 603 5774 ferri;
633 5706 775 5781 quod
817 5708 868 5764 in
899 5710 1114 5767 modum
1144 5712 1323 5783 falcis,
1359 5716 1665 5774 inevitabile
1694 5720 2006 5789 supplicium

1131 279 1186 337 S.
1227 276 1501 336 JOANNIS
1539 273 2008 333 CHRYSOSTOMI
2050 272 2366 329 ARClllEP.
2404 269 2937 326 CONSTANTINUP.

3589 277 3689 334 HM

2102 391 2353 446 ostendit.
2380 390 2528 447 Sicut
2554 390 2696 445 enim
2722 390 2829 444 falx
2858 390 2910 444 in
2946 389 3139 446 collum
3174 392 3430 458 immissa,
3466 408 3575 449 non
3600 411 3692 451 re-

2102 482 2354 550 trahitur,
2386 484 2481 538 sed
2510 493 2691 539 manet
2714 482 2874 538 etiam
2901 483 3134 540 abscissa
3160 487 3407 542 cervice:
3439 486 3518 542 sic
3542 498 3597 543 et
3622 491 3698 545 ul-

2103 575 2179 629 tio
2202 576 2443 644 iurantes
2468 576 2754 640 invadens,
2785 575 3038 631 terribilis
3064 586 3168 641 est,
3199 592 3297 632 nec
3325 578 3524 633 desinit
3545 619 3561 646 ,
3591 581 3697 635 nisi

2103 667 2253 736 prius
2279 667 2420 737 quod
2447 681 2603 721 suum
2623 675 2741 722 erat
2767 666 3068 736 perfecerit.
3103 668 3255 735 Quod
3280 669 3326 723 si
3352 668 3592 739 jurautes
3620 670 3691 725 ef-

2102 757 2391 828 fngerimus
2412 799 2426 823 ,
2460 774 2527 812 ne
2556 758 2922 823 conﬁdamus;
2967 774 3088 814 nam
3118 760 3173 814 in
3217 760 3417 815 malum
3446 770 3696 816 nostrum

2103 848 2204 905 hoc
2233 851 2479 905 vertitur.
2510 850 2645 918 Quid
2672 852 2811 906 enim
2835 852 3070 922 putatis?
3094 859 3222 923 quot
3249 862 3372 908 sunt
3392 855 3481 924 qui
3504 854 3699 911 eadem

2102 956 2222 1010 qum
2248 942 2481 996 Ananias
2502 952 2558 996 et
2578 942 2839 1011 Sapphira
2869 952 2991 997 sunt
3022 943 3176 1010 ausi,
3205 958 3305 999 nec
3333 944 3520 1000 eadem
3552 946 3701 1015 passi

2102 1031 2263 1084 sunt?
2286 1031 2352 1084 Et
2371 1033 2661 1101 quomodo,
2684 1033 2912 1102 inquies,
2937 1034 3079 1103 passi
3101 1048 3210 1089 non
3235 1036 3396 1090 sunt?
3418 1035 3533 1090 Non
3550 1037 3699 1106 quod

2104 1120 2205 1175 hoc
2235 1122 2337 1176 illis
2362 1122 2722 1177 condonatum
2749 1125 2854 1190 sit,
2886 1124 2979 1180 sed
3007 1125 3149 1195 quod
3184 1126 3375 1196 majori
3402 1142 3699 1184 reserven-

2106 1222 2188 1268 tur
2216 1215 2498 1284 supplicio.

2176 1307 2229 1360 4.
2268 1308 2367 1372 Qui
2391 1309 2678 1377 frequenter
2703 1319 2929 1379 peccant,
2950 1313 3157 1366 timeant
3186 1323 3480 1382 oportet.—-
3505 1316 3697 1387 Itaque

2107 1396 2194 1467 qui
2224 1396 2530 1467 frequenter
2555 1409 2797 1468 peccant,
2830 1401 3000 1471 magis
3025 1403 3245 1458 timeant
3264 1415 3498 1475 oportet,
3523 1409 3567 1461 si
3588 1424 3697 1463 non

2105 1488 2412 1557 puniantur,
2445 1505 2603 1560 quam
2643 1493 2687 1545 si
2736 1493 3061 1561 puniantur:
3090 1509 3212 1549 nam
3255 1511 3321 1550 ex
3359 1496 3615 1553 dilatione
3639 1510 3701 1555 et

2104 1592 2171 1632 ex
2203 1579 2453 1647 patientia
2483 1581 2573 1635 Dei
2604 1597 2789 1637 eorum
2833 1592 3055 1653 augetur
3102 1586 3438 1655 supplicium.
3482 1588 3558 1643 Ne
3586 1590 3693 1645 hoc

2106 1669 2283 1739 itaque
2325 1679 2626 1740 spectemus
2652 1674 2696 1727 si
2728 1688 2832 1728 non
2878 1676 3180 1745 puniamur,
3225 1677 3317 1730 sed
3347 1679 3391 1732 si
3422 1695 3524 1733 non
3573 1696 3701 1749 pec—

2105 1776 2285 1816 cemus
2311 1779 2323 1815 :
2352 1763 2394 1816 si
2420 1779 2547 1817 vero
2598 1776 2878 1834 peccantes
2904 1783 3010 1820 non
3055 1769 3355 1837 puniamur,
3386 1774 3554 1842 magis
3581 1782 3699 1828 tre—

2106 1852 2358 1907 mendum
2387 1855 2541 1909 nobis
2560 1865 2660 1909 est.
2696 1857 2788 1911 Dic
2816 1857 2977 1923 mihi,
3012 1858 3059 1914 si
3087 1874 3299 1914 servum
3334 1861 3577 1929 haberes,
3606 1866 3696 1919 cui

2105 1943 2277 1998 minas
2335 1946 2624 2002 intentares
2670 1958 2912 2015 tantum,
2973 1965 3073 2005 nec
3137 1952 3451 2008 verberarcs
3501 1956 3691 2020 illum;

2106 2034 2319 2102 quando
2364 2036 2534 2106 magis
2574 2038 2818 2094 timebit?
2844 2040 3058 2109 quando
3101 2041 3262 2112 fugiet
3306 2056 3359 2097 et
3402 2044 3702 2101 abscedet?

2108 2139 2286 2180 nonne
2314 2142 2434 2182 cum
2460 2129 2633 2184 minas
2675 2139 2875 2184 tantum
2902 2131 3230 2188 intentabis?
3276 2134 3427 2191 Unde
3459 2152 3557 2193 nos
3579 2156 3700 2193 mu-

2110 2224 2201 2269 tuo
2244 2231 2540 2284 monemus,
2587 2235 2655 2274 ne
2690 2220 3020 2292 frequentius
3069 2227 3480 2295 comminemur,
3528 2241 3585 2284 ut
3628 2246 3701 2287 ne

2109 2308 2186 2361 sic
2234 2309 2423 2364 timore
2472 2312 2707 2365 animum
2750 2315 3153 2382 concutiamus,
3199 2333 3334 2373 neve
3400 2320 3476 2375 sic
3524 2324 3699 2393 magis

2111 2399 2371 2455 lanietuus
2394 2416 2513 2455 eum
2534 2442 2548 2469 ,
2579 2419 2739 2472 quam
2773 2405 2962 2475 plagis.
2986 2408 3237 2478 Alioquin
3269 2426 3394 2465 vero
3424 2413 3533 2468 illic
3560 2426 3700 2471 tem-

2112 2506 2340 2560 poranea
2370 2493 2521 2563 plaga
2549 2504 2652 2561 est,
2680 2495 2765 2550 hic
2792 2508 3067 2567 perpetua.
3097 2499 3175 2555 Ne
3204 2500 3384 2573 itaque
3415 2506 3696 2577 respicias,

2111 2598 2179 2637 an
2212 2600 2355 2639 nunc
2370 2586 2633 2655 quispiam
2658 2588 2801 2643 illam
2825 2589 3017 2646 falcem
3039 2594 3365 2662 experiatur,
3386 2597 3480 2651 sed
3497 2600 3695 2669 cogita,

2112 2689 2239 2728 num
2285 2674 2409 2729 talia
2436 2675 2624 2743 faciat;
2656 2682 2908 2748 quoniam
2940 2684 3105 2738 multa
3145 2701 3284 2740 nunc
3311 2687 3463 2755 fiunt,
3491 2705 3611 2759 qua:
3641 2692 3699 2746 in

2113 2766 2313 2822 diluvio
2333 2810 2348 2834 ,
2378 2776 2434 2825 et
2461 2780 2635 2826 tamen
2666 2772 2922 2828 diluvium
2967 2790 3073 2833 non
3101 2778 3294 2835 accidit
3328 2798 3337 2827 τ
3371 2781 3612 2851 gehenna
3640 2796 3699 2840 et

2112 2860 2428 2929 supplicium
2471 2864 2845 2920 comminando
2872 2867 3048 2922 solum
3078 2870 3390 2927 intentatur.
3421 2875 3572 2931 Multi
3599 2893 3697 2933 ea-

2113 2952 2234 3007 dem
2274 2953 2558 3008 admittunt
2586 2966 2802 3025 peccata
2836 2972 2954 3027 quae
2981 2959 3293 3032 Sodontitzn,
3318 2976 3373 3020 ct
3398 2966 3534 3037 ignis
3578 2970 3701 3038 plu-

2113 3048 2196 3099 via
2241 3061 2347 3101 non
2393 3046 2538 3101 cadit
2573 3065 2587 3102 :
2629 3048 2816 3119 igneus
2859 3051 3056 3121 quippe
3094 3051 3287 3111 ﬂuvius
3332 3069 3547 3128 paratus
3588 3072 3697 3116 est.

2114 3135 2263 3191 Multi
2291 3137 2478 3194 eadem
2503 3156 2622 3211 qua:
2646 3141 2855 3199 Pharao
2896 3155 3020 3200 sunt
3046 3146 3193 3215 ausi;
3226 3150 3319 3205 sed
3352 3166 3457 3206 non
3504 3155 3700 3209 eadem

2114 3230 2256 3299 passi
2282 3241 2406 3285 sunt
2429 3247 2548 3301 qua:
2570 3233 2797 3301 Pharao,
2836 3251 3012 3307 neque
3051 3238 3314 3296 submersi
3335 3253 3461 3298 sunt
3482 3245 3531 3299 in
3551 3262 3706 3303 mare

2115 3322 2356 3378 Rubrum
2384 3335 2692 3396 :exspcctat
2711 3329 2850 3383 enim
2870 3330 2989 3385 illos
3014 3332 3229 3402 pelagus
3248 3334 3446 3405 abyssi,
3470 3337 3558 3393 ubi
3591 3354 3703 3394 non

2116 3413 2316 3484 absque
2343 3428 2502 3472 sensu
2532 3432 2826 3487 ptena,nec
2854 3422 3108 3478 suﬁ‘ocari
3140 3425 3293 3490 licet;
3317 3426 3412 3481 sed
3442 3426 3705 3485 diuturno

2115 3508 2377 3576 cruciatu,
2420 3513 2745 3581 sartaginum
2788 3514 2981 3571 ardore
3008 3524 3063 3571 et
3103 3518 3520 3587 strangulatione
3563 3536 3704 3575 con-

2117 3601 2277 3654 sumi.
2306 3601 2457 3656 Multi
2501 3602 2688 3658 eadem
2719 3619 2840 3674 qua:
2875 3604 3132 3662 Israelita:
3152 3609 3444 3675 suntausi;
3473 3611 3564 3664 sed
3595 3627 3705 3666 non

2117 3689 2440 3747 devorarunt
2484 3692 2606 3749 illos
2633 3706 2910 3764 serpentes
2942 3712 2955 3749 :
2989 3708 3170 3751 manet
3193 3699 3335 3753 enim
3365 3699 3481 3755 illos
3507 3703 3707 3757 vermis

2118 3782 2210 3836 ille
2250 3784 2590 3839 immortalis.
2640 3785 2791 3840 Multi
2820 3802 2881 3841 ea
2906 3804 3025 3857 qua}
3071 3788 3219 3844 Giezi
3259 3790 3375 3846 ausi
3418 3802 3560 3859 sunt,
3603 3810 3708 3849 nec

2118 3886 2241 3930 sunt
2287 3876 2433 3945 lepra
2478 3878 2716 3947 percussi
2754 3889 2976 3934 :manet
3017 3881 3161 3935 enim
3208 3883 3328 3937 illos
3374 3898 3471 3953 pro
3511 3885 3659 3952 lepra
3686 3928 3703 3952 ,

2118 3969 2261 4038 quod
2307 3969 2639 4026 dissecentur
2662 3982 2712 4027 et
2743 3982 3004 4041 ponantur
3047 3990 3168 4029 cum
3203 3975 3515 4047 hypocritis.
3553 3979 3705 4035 Multi

2120 4060 2279 4113 etiam
2319 4060 2655 4130 juraruntae
2683 4064 3024 4133 pejerarunt;
3071 4068 3115 4121 si
3160 4079 3336 4123 autem
3377 4070 3705 4141 effugerunt,

2121 4168 2189 4207 ne
2234 4152 2604 4209 conﬁdamus:
2635 4167 2816 4211 manet
2858 4159 2998 4212 enim
3040 4160 3161 4215 illos
3200 4161 3400 4215 stridor
3440 4162 3706 4218 dentium.

2123 4245 2189 4298 Et
2215 4246 2454 4301 fortassis
2498 4247 2659 4302 etiam
2704 4248 2790 4304 hic
2834 4251 3121 4318 patientur,
3164 4263 3221 4308 et
3264 4270 3368 4311 non
3419 4256 3700 4327 ellugicnt,

2120 4338 2328 4392 etiamsi
2375 4354 2478 4392 non
2506 4356 2536 4393 e
2574 4340 2816 4411 vestigio,
2846 4341 2942 4396 sed
2965 4344 3016 4396 in
3051 4345 3169 4398 aliis
3214 4346 3465 4414 peccatis,
3498 4359 3554 4401 ut
3581 4364 3708 4419 gra-

2120 4428 2239 4482 vior
2262 4430 2333 4482 sit
2370 4445 2526 4498 paena
2558 4448 2571 4484 :
2597 4431 2719 4502 quia
2748 4440 2802 4485 et
2822 4447 2919 4487 nos
2946 4450 3089 4503 saepe
3132 4447 3339 4505 sumpta
3361 4440 3647 4495 occasione
3675 4456 3708 4495 a

2122 4522 2435 4588 minoribus,
2461 4523 2619 4578 etiam
2652 4539 2749 4593 pro
2797 4527 3003 4595 magnis
3035 4536 3201 4582 totum
3228 4545 3569 4586 evacuamus.
3604 4534 3711 4590 lla—

2122 4631 2224 4685 que
2252 4616 2297 4670 si
2339 4616 2552 4685 quando
2589 4617 2786 4671 videris
2827 4620 2918 4672 tibi
2961 4620 3158 4690 aliquid
3202 4624 3467 4692 accidere,
3498 4642 3711 4684 memor

2123 4717 2238 4762 esto
2260 4708 2401 4762 illius
2431 4710 2633 4777 peccati
2664 4712 2759 4764 tui.
2794 4711 2906 4766 lloc
2932 4714 3092 4767 etiam
3119 4714 3171 4769 in
3202 4716 3327 4771 filiis
3357 4716 3523 4772 Jacob
3552 4723 3707 4775 aeei-

2123 4800 2220 4855 dit.
2240 4800 2553 4855 Meministis
2575 4802 2795 4856 fratrum
2822 4803 3040 4873 Joscphi
3062 4823 3074 4859 :
3096 4807 3444 4863 vendiderant
3461 4811 3706 4879 fratrem,

2122 4890 2367 4945 occidere
2397 4899 2745 4959 tentaverant,
2769 4894 2876 4947 imo
2904 4905 3154 4964 quantum
3184 4897 3235 4951 in
3266 4899 3391 4966 ipsis
3418 4911 3533 4953 erat
3556 4905 3709 4957 occi-

2123 4983 2349 5049 derant;
2393 4982 2711 5053 deceperant
2753 4998 2934 5039 senem
2966 5028 2981 5054 ,
3032 4991 3519 5058 contristaverant;
3572 4996 3709 5052 nihil

2124 5078 2267 5146 passi
2296 5087 2449 5131 erant
2477 5077 2622 5130 mali.
2658 5076 2838 5147 Itaque
2869 5087 2990 5147 post
3015 5081 3208 5135 multos
3230 5098 3401 5139 annos
3430 5084 3497 5141 de
3519 5098 3711 5145 extre-

2124 5169 2226 5224 mis
2261 5169 2543 5239 periclitati
2588 5179 2730 5235 sunt,
2758 5179 2814 5225 et
2842 5173 3041 5239 peccati
3076 5173 3236 5243 hujus
3265 5185 3389 5232 tunc
3420 5180 3713 5236 recordan-

2126 5270 2232 5315 tur.
2283 5260 2433 5329 Quod
2461 5270 2637 5315 autem
2668 5277 2773 5316 non
2802 5264 3109 5331 conjectura
3137 5267 3206 5320 sit
3230 5268 3370 5336 quod
3392 5270 3513 5324 dico
3544 5289 3557 5325 :
3581 5276 3710 5328 amli

2125 5352 2248 5407 illos
2287 5352 2562 5407 dicentes:
2594 5353 2853 5419 Etiam;in
2879 5368 3079 5424 peccato
3117 5359 3247 5412 enim
3291 5377 3462 5417 sumus
3502 5364 3555 5416 in
3601 5367 3713 5433 fra—

2126 5454 2249 5498 trem
2294 5453 2518 5496 nostrum
2540 5442 2692 5512 (Gen.
2721 5444 2808 5499 ιε.
2836 5446 2949 5515 21).
2979 5448 3068 5501 Sic
3094 5456 3147 5503 et
3179 5458 3253 5518 tn,
3283 5466 3402 5505 cum
3432 5453 3522 5508 tibi
3551 5457 3713 5525 quid-

2127 5537 2265 5607 piam
2290 5536 2588 5605 contigerit,
2622 5536 2707 5590 dic
2736 5554 2749 5592 :
2786 5536 2978 5604 Etiam,
3014 5539 3065 5593 in
3095 5552 3313 5610 peccato
3335 5559 3541 5610 sumus,
3582 5549 3711 5618 quia

2126 5628 2395 5682 Christum
2426 5641 2531 5681 non
2558 5626 2876 5694 audivimus,
2902 5630 3023 5698 quia
3048 5630 3375 5700 juravimus:
3398 5636 3707 5704 juramenta

2130 5717 2423 5790 frequentia
2452 5727 2503 5776 et
2525 5719 2754 5791 pcrjuria
2784 5721 2837 5777 in
2867 5730 3024 5793 caput
3051 5738 3227 5782 meum
3250 5727 3569 5785 inciderunt.
3595 5729 3703 5788 lla-
