3972 6212
767 323 953 377 λοιπὸν
980 326 1079 393 τὴν
1107 325 1395 395 τιμωρίαν.
1430 323 1634 388 Εῑδετε,
1661 324 1716 376 τί
1769 322 1971 376 ἔπαθον
1998 326 2047 376 οἱ
2082 324 2347 395 ψευδόμε-

766 425 880 473 νοι;
905 407 1111 461 Οὐκοῦν
1139 409 1451 479 ἐννοήσατε,
1474 407 1527 459 τί
1551 407 1828 459 πείσονται
1845 408 1938 459 καὶ
1953 410 2000 460 οί
2035 409 2349 477 ἐπιορκοῦν-

759 506 876 554 ’τεςο
902 493 1211 561 ἐννοήσατε,
1236 492 1330 544 καὶ
1353 492 1652 561 ἀπόστητε.
1683 490 1798 544 Οὐκ
1827 491 1971 543 ἐστιν
2004 490 2242 562 ὀμνύντα
2272 494 2345 563 μὴ

768 577 1067 645 ἐπιορκεῖν,
1093 576 1187 628 καὶ
1214 575 1408 628 ἑκόντα
1458 576 1552 628 καὶ
1581 575 1801 628 ἄκοντα·
1831 573 1930 627 οὐκ
1957 573 2101 629 ἐστιν
2158 576 2346 645 ἐπιορ-

759 657 966 711 κοῦντα
982 656 1242 728 σωθῆναι.
1275 660 1460 729 Ἀρκεῖ
1488 659 1586 729 μία
1607 657 1863 729 ἐπιορκία
1885 658 1947 711 τὸ
1976 658 2085 711 πᾶν
2110 659 2348 729 ἐργάσα-

756 741 916 806 σθαι,
948 745 1042 797 καὶ
1073 743 1365 815 ὀλόκληρον
1394 744 1528 813 ἡμῖν
1572 742 1672 812 τὴν
1708 741 1981 813 τιμωρίαν
2025 744 2345 811 ἐπαγαγεῖν.

1486 212 1544 265 S.
1586 209 1871 267 JOANNIS
1906 210 2388 268 CHRYSOSTOMI
2426 212 2743 268 ARCHIEP.
2782 214 3326 273 CONSTANTINOP.

2457 328 2555 381 Διὰ
2584 328 2647 400 δὴ
2679 328 2841 382 τοῦτὸ
2866 330 3253 400 προσέχωμεν,
3286 333 3581 405 παρακαλῶ,
3627 336 3696 388 Eax

2449 410 2548 481 τὴν
2576 412 2823 464 ἐντεῦθεν
2850 412 3071 467 κόλασιν
3100 414 3463 484 διαφυγόντες,
3484 419 3571 488 τῆς
3586 438 3696 491 παρέ

2450 495 2857 565 φιλανθρωπίας
2881 496 3225 568 ἀξιωθῶμεν,
3268 501 3445 571 χάριτι
3468 506 3550 556 καὶ
3574 507 3696 557 οίκτι

2453 580 2773 648 μονογενοῦς
2800 582 2966 635 αὐτοῦ
2988 583 3117 636 Υἱοῦ
3144 622 3162 648 ,
3203 586 3323 655 μεθ’
3346 580 3407 639 οὗ
3444 587 3514 658 τῷ
3543 588 3695 659 Πατρὶ

2448 662 2590 733 ἁγίῳ
2608 663 2906 733 Πνεύματι,
2924 665 3072 731 δόξα,
3098 669 3319 738 κράτος,
3350 670 3496 741 τιμὴ,
3527 671 3608 724 νῦν
3634 690 3696 726 κα

2449 748 2530 810 είς
2560 748 2687 812 τοὺς
2714 748 2917 813 αἰῶνας
2932 749 3039 805 τῶν
3067 750 3301 807 αίώνων.
3336 754 3515 826 Ἀμήν.

884 1076 915 1089 φ
1301 1033 1327 1061 ’
2215 1044 2460 1098 ΟΜῘΛΙΑ
2490 1043 2590 1101 II".

780 1166 1072 1244 3A1_'ao’_tdc
1093 1164 1160 1244 δε
1181 1166 1213 1218 ό
1232 1163 1561 1244 ἀρχιερεὺς,
1583 1161 1681 1244 καὶ
1703 1160 1926 1244 πάντες
1944 1164 1997 1244 οἱ
2022 1163 2143 1244 συν
2165 1161 2345 1244 αὐτῷ,

835 1240 874 1306 τ)
905 1233 1064 1293 οὖσα
1087 1232 1319 1306 αἵρεσις
1346 1232 1463 1287 τῶν
1489 1232 1929 1306 Σαδδουκαίων,
1945 1233 2350 1306 ἐπλήσθησαν

838 1302 1043 1374 ζήλου.
1063 1302 1161 1359 καί
1185 1304 1482 1359 ἐπέϐαλον
1503 1305 1609 1369 τὰς
1634 1304 1831 1374 χεῖρας
1854 1302 2053 1356 αὐτῶν
2075 1303 2173 1356 ἐπὶ
2207 1302 2349 1374 τοὺς

834 1372 1238 1441 ἀποστόλους,
1264 1375 1362 1429 καὶ
1387 1375 1593 1430 ἐθεντο
1620 1372 1845 1439 αὐτοὺς
1865 1373 1934 1426 ἐν
1960 1374 2209 1443 τηρήσει
2238 1372 2347 1440 δη-

831 1449 1040 1520 μοσίᾳ.

838 1591 907 1649 α’.
937 1592 1101 1648 Οὐδὲν
1128 1590 1464 1662 ἰταμώτερον
1496 1590 1716 1654 κακίας,
1744 1590 1896 1644 οὐδὲν
1925 1587 2344 1660 τολμηρότερον.

757 1679 939 1751 Πείρᾳ
956 1676 1218 1749 μαθόντες
1235 1675 1333 1746 τὴν
1355 1673 1532 1728 αὐτῶν
1555 1672 1804 1745 ἀνδρείαν
1818 1672 1878 1737 ἐξ
1898 1666 2347 1742 ὦνέπεχείρησαν

765 1763 1052 1836 πρότερον,
1078 1761 1228 1830 ὅμως
1266 1758 1624 1829 ἐπιχειροῦσι,
1656 1757 1751 1811 καὶ
1782 1756 1942 1810 πάλιν
1971 1757 2347 1810 ἐπισυνίσταν-

761 1840 944 1900 ται.Τί
963 1845 1132 1907 ἐστιν,
1170 1840 1457 1913 Ἀναστὰς
1484 1841 1554 1893 δὲ
1582 1843 1615 1894 ό
1642 1838 1976 1909 ἀρχιερεὺς,
2004 1838 2104 1893 καὶ
2124 1837 2347 1905 πάντες

752 1933 817 1984 vol
853 1930 975 1984 σὺν
996 1926 1197 1992 nimi);
1226 1925 1519 1997 Διηγέρθη,
1539 1924 1695 1995 φησὶ,
1721 1922 1963 1993 κινηθεὶς
1987 1923 2079 1975 ἐπὶ
2119 1926 2231 1987 τοῖς
2252 1940 2345 1992 γε-

761 2013 1029 2085 νομένοις.
1083 2010 1194 2064 Καὶ
1256 2008 1554 2062 ἐπέϐαλον
1601 2006 1710 2071 τὰς
1768 2006 1971 2074 χεῖρας
2012 2006 2210 2060 αὐτῶν
2244 2006 2342 2059 ἐπὶ

758 2098 904 2162 τοὺς
920 2093 1324 2158 ἀποστόλους,
1356 2092 1454 2143 καί
1479 2090 1685 2144 ἔθεντο
1728 2090 1952 2157 αὐτοὺς
1978 2089 2049 2143 ἐν
2095 2088 2343 2157 τηρήσει

760 2181 1042 2251 δημοσίᾳ.
1068 2177 1182 2231 Νῦν
1215 2174 1571 2247 σφοδρότερον
1615 2174 1798 2237 αὐτοῖς
1832 2174 2184 2228 ἐπιτίθενται.
2230 2175 2345 2227 Οὐκ

762 2266 963 2330 εὐθέως
977 2265 1035 2318 δὲ
1055 2262 1252 2325 αὐτοὺς
1275 2260 1519 2332 ἔκριναν,
1532 2259 1940 2331 προσδοκῶντες
1957 2258 2119 2313 πάλιν
2144 2258 2344 2322 αὐτοὺς

759 2352 969 2424 πράους
1000 2347 1241 2403 ἔσεσθαι.
1270 2345 1379 2400 Kal
1424 2344 1585 2399 πόθεν
1638 2344 1818 2415 δῆλον,
1858 2344 1941 2397 ὃτι
1992 2341 2343 2413 σφοδρότερον

760 2439 943 2499 αὐτοῖς
959 2432 1295 2503 ἐπετέθησαν
1309 2447 1324 2494 ;
1354 2429 1488 2483 Ἀπὸ
1501 2429 1596 2483 τοῦ
1612 2427 1784 2483 θεῖναι
1800 2428 1995 2491 αὐτοὺς
2020 2428 2101 2490 είς
2114 2427 2344 2498 τήρησιν

758 2519 1046 2592 δημοσίαν.
1096 2514 1267 2569 Πάλιν
1294 2512 1682 2584 περιπίπτουσι
1723 2512 2007 2578 κινδύνοις,
2057 2511 2154 2565 καὶ
2182 2511 2343 2565 πάλιν

758 2607 859 2674 τῆς
877 2619 951 2655 πα
961 2600 1029 2671 ρὰ
1045 2597 1141 2653 τοῦ
1156 2597 1291 2651 Θεοῦ
1313 2595 1644 2649 ἀπολαύουσι
1666 2594 1860 2665 ῥοπῆςο
1884 2595 1975 2647 καὶ
1996 2595 2163 2659 ὅπως,
2180 2593 2343 2647 ἄκουε

758 2688 867 2741 τῶν
922 2685 1065 2755 ἐξῆς·
1099 2684 1387 2751 Ἀγγελος
1430 2679 1499 2733 δὲ
1536 2680 1757 2747 Κυρίου
1807 2677 1906 2732 διὰ
1963 2676 2075 2746 τῆς
2124 2678 2345 2743 νυκτὸς

800 2768 986 2834 νέῳξε
1038 2767 1146 2833 τὰς
1176 2767 1376 2829 πύλας
1405 2762 1515 2831 τῆς
1557 2760 1860 2832 φυλακῆς,
1920 2759 2229 2831 ἐξαγαγών
2280 2778 2346 2815 τε

760 2852 1001 2918 αὐτοὺς,
1018 2848 1168 2905 εἴπεο
1194 2848 1547 2917 Πφεύεσθε,
1582 2846 1681 2899 καὶ
1735 2843 2057 2911 σταθέντες
2106 2844 2345 2907 λαλεῖτε

758 2938 828 2990 ἐν
846 2935 926 3002 τῷ
952 2932 1084 3004 ιερῷ
1095 2932 1177 3000 τῷ
1194 2930 1322 2997 λαῷ
1340 2930 1537 2985 πάντα
1551 2931 1623 2984 τὰ
1642 2929 1881 2999 ῥήματα
1900 2927 2012 2997 τῆς
2031 2927 2179 2999 ζωῆς
2204 2931 2346 2985 ταύ-

759 3038 890 3089 της.
916 3018 1086 3072 Τοῦτο
1111 3017 1204 3070 καὶ
1223 3017 1303 3079 εἰς
1353 3014 1578 3068 ἐκείνων
1622 3012 1975 3086 παραμυθίαν
1997 3013 2209 3082 γέγονε,
2250 3014 2344 3067 καὶ

760 3105 839 3166 είς
862 3102 1065 3154 τούτων
1091 3099 1358 3169 ὠφέλειαν
1393 3097 1489 3151 καὶ
1514 3096 1879 3151 διδασκαλίαν.
1913 3097 2023 3151 Καὶ
2049 3098 2169 3168 ὅρα,
2207 3097 2343 3168 ὅπερ

761 3186 852 3237 ἐπὶ
867 3184 960 3237 τοῦ
988 3181 1248 3252 Χριστοῦ,
1276 3180 1436 3234 τοῦτο
1476 3181 1568 3233 καί
1598 3179 1692 3233 νῦν
1722 3179 2027 3249 γινόμενον.
2078 3180 2345 3251 Γινόμενα

765 3272 861 3343 μὲν
892 3271 998 3339 γὰρ
1025 3269 1194 3339 δήπου
1216 3267 1288 3321 τὰ
1312 3267 1563 3339 θαύματα
1594 3268 1693 3320 οὑκ
1716 3267 1939 3338 ἀφίησιν
1969 3267 2165 3330 αὐτοὺς
2193 3266 2341 3334 ἰδεῖν,

759 3356 852 3423 ἀφ’
892 3350 965 3406 ὧν
987 3352 1032 3406 δ’
1061 3351 1127 3406 ἂν
1159 3352 1401 3422 μάθοιεν,
1444 3350 1617 3406 ταῦτα
1644 3349 2061 3414 κατασκευάζεν
2085 3345 2195 3404 οἷον
2248 3350 2344 3404 ἐπὶ

759 3438 858 3507 τῆς
888 3436 1237 3499 ἀναστάσεως
1266 3436 1367 3505 τῆς
1397 3435 1558 3490 αὐτοῦ
1583 3436 1684 3488 οὐκ
1712 3434 1925 3505 ἀφῆκεν
1956 3446 1982 3474 ι
2000 3433 2196 3497 αὐτοὺς
2214 3433 2342 3487 ἰδεῖν

758 3518 875 3581 πῶς
897 3518 1116 3589 ἀνέστηο
1140 3517 1348 3585 ἀνάξιοι
1377 3519 1486 3591 γάρ
1510 3518 1603 3572 τοῦ
1631 3518 1832 3589 ταύτην
1860 3519 1987 3571 ἰδεῖν
2022 3514 2182 3590 ἦσαν·
2205 3517 2341 3572 ἀλλὰ

750 3603 1025 3656 δείκνυσιν
1046 3603 1137 3671 ἀφ’
1167 3597 1242 3656 ὧν
1268 3602 1426 3657 τοῦτο
1448 3603 1763 3674 εἰργάσατο.
1792 3601 1944 3674 [105]
1982 3601 2212 3672 Ὁμοίως
2246 3602 2340 3655 καὶ

758 3689 852 3740 ἐπὶ
873 3687 967 3741 τοῦ
998 3687 1142 3742 οίνου
1168 3687 1263 3741 τοῦ
1281 3689 1389 3742 ἀπὸ
1409 3689 1503 3742 τοῦ
1544 3688 1733 3752 ὓδατος
1754 3687 2068 3759 γενομένου,
2115 3689 2178 3741 ού
2213 3686 2334 3759 βλέ-

758 3788 952 3825 πουσιν
973 3772 1022 3824 οἱ
1062 3772 1429 3844 ἀνακείμενον
1459 3772 1688 3843 ἐμέθυον
1718 3772 1848 3843 γάρ·
1881 3773 1976 3826 καὶ
2023 3771 2121 3843 τὴν
2156 3773 2337 3843 κρίσιν

758 3854 1040 3928 ἐπιτρέπει
1072 3855 1301 3928 ἑτέροις.
1348 3854 1503 3910 Οὕτω
1543 3856 1607 3928 δὴ
1639 3857 1733 3910 καὶ
1755 3856 2009 3911 ἐνταῦθα.
2048 3857 2339 3927 Ἐξαγομὲ-

758 3954 882 4001 νους
906 3938 1004 4009 μὲν
1032 3938 1140 4011 γὰρ
1156 3940 1354 4003 αὐτοὺς
1377 3942 1475 4011 οὐχ
1507 3942 1695 4013 ὁρῶσι,
1722 3942 1998 4013 τεκμήρια
2029 3940 2119 4004 δέ,
2146 3941 2237 4009 ἀφ’
2262 3934 2339 3993 ὧν

758 4024 1018 4096 ἠδύναντο
1043 4024 1382 4097 καταμαθεῖν
1416 4026 1486 4080 τά
1515 4026 1806 4097 γενόμενα,
1838 4021 1999 4081 εἶδον.
2041 4025 2105 4077 Τί
2139 4025 2337 4095 δήποτε

748 4109 813 4163 ’δὲ
842 4111 937 4165 καὶ
976 4112 1118 4165 κατὰ
1143 4111 1241 4184 τὴν
1274 4111 1447 4165 νύκτα
1492 4112 1687 4174 αὐτοὺς
1744 4108 1999 4175 ἐξέϐαλες
2043 4109 2165 4161 Ὀτι
2196 4108 2338 4160 οὕτω

757 4194 961 4267 μᾶλλον
986 4196 1020 4267 ἢ
1050 4195 1272 4258 ἐκείνως
1294 4194 1710 4265 ἐπιστεύθησαν·
1730 4194 1906 4257 ἄλλως
1937 4210 1997 4246 τε
2019 4193 2114 4246 καὶ
2131 4194 2213 4245 ὅτι
2236 4193 2338 4245 οὐκ

754 4277 821 4330 ἂν
855 4280 948 4332 ἐπὶ
972 4279 1031 4332 τὸ
1061 4279 1337 4348 ἐρωτῆσαι
1374 4273 1556 4347 ἦλθον·
1587 4275 1711 4329 οὔτε
1749 4277 1855 4347 μὴν
1900 4276 2103 4346 ὲτέρως
2143 4275 2209 4330 ἂν
2243 4278 2337 4330 καὶ

755 4361 909 4412 αὐτοὶ
950 4359 1278 4413 ἐπίστευσαν
1312 4360 1363 4411 b.
1401 4357 1557 4412 Οὕτω
1611 4361 1704 4412 καὶ
1729 4360 1821 4413 ἐπὶ
1841 4358 1950 4410 τῶν
1969 4358 2213 4411 παλαιῶν
2245 4360 2336 4429 γέ-

755 4460 932 4513 γονεν,
960 4436 1073 4494 οἷον
1098 4443 1192 4495 ἐπὶ
1218 4443 1313 4494 τοῦ
1346 4441 1835 4512 Ναϐουχοδονόσορο
1885 4437 2025 4496 εἶδεν
2054 4442 2336 4508 αἰνοῦντας

753 4528 845 4579 τὸν
876 4526 1007 4580 Θεὸν
1032 4527 1126 4579 ἐπὶ
1152 4526 1250 4597 τῆς
1299 4526 1532 4597 καμίνου
1564 4527 1690 4590 τοὺς
1718 4526 1931 4593 παῖδας,
1965 4532 2059 4581 καὶ
2094 4529 2214 4582 τότε
2256 4531 2337 4593 είς

754 4609 1015 4681 ἔκπληξιν
1071 4606 1225 4682 ἦλθε.
1289 4610 1421 4662 Δέον
1468 4608 1645 4663 τοίνυν
1674 4613 1770 4663 καὶ
1813 4609 2036 4675 τούτους
2064 4613 2336 4683 ἐρωτῆσαι

753 4693 989 4764 πρῶτον,
1019 4694 1144 4757 Πῶς
1201 4692 1476 4765 ἐξήλθετε,
1528 4694 1580 4746 οί
1598 4694 1655 4746 δὲ
1684 4693 1761 4758 ώς
1786 4694 2002 4758 οὐδενὸς
2041 4698 2334 4766 γενομένου

753 4778 1001 4849 ἐρωτῶσι
1046 4778 1316 4847 λέγοντες·
1354 4778 1502 4847 Οὐχί
1540 4780 1908 4849 παραγγελία
1943 4782 2337 4851 παρηγγείλα-

746 4881 863 4933 μεν
890 4864 1033 4935 ὑμῖν
1055 4864 1142 4935 μὴ
1162 4863 1401 4928 λαϐεῖν;
1432 4864 1541 4917 Kal
1568 4865 1691 4936 ὅρα,
1723 4864 1838 4929 πῶς
1863 4864 1932 4918 δι’
1965 4865 2167 4938 ἐτέρων
2200 4884 2335 4938 μαν-

753 4949 1002 5005 θάνουσιν
1024 4950 1257 5006 ἅπαντα.
1292 4948 1490 5020 Ὀρῶσι
1529 4951 1637 5021 γὰρ
1671 4951 2065 5022 κεκλεισμένην
2102 4951 2201 5024 τὴν
2225 4971 2329 5024 φυ-

751 5035 923 5107 λακὴν
965 5035 1102 5105 μετά
1150 5034 1470 5104 ἀσφαλείας,
1527 5036 1767 5099 καὶτοὺς
1804 5034 2054 5104 φύλακας
2091 5038 2332 5102 ἑστῶτας

750 5119 857 5190 πρὸ
887 5118 997 5173 τῶν
1034 5118 1234 5191 θυρῶν.
1292 5118 1693 5185 Ἀκούσαντες
1737 5117 1826 5183 δὲ,
1859 5118 2153 5188 εἰσῆλθον
2210 5120 2331 5174 ὑπὸ

749 5201 857 5253 τὸν
878 5202 1091 5271 ὄρθρον
1115 5205 1202 5269 είς
1224 5203 1291 5256 τὸ
1323 5203 1484 5272 ἱερὸν
1511 5203 1608 5256 καί
1634 5202 1978 5257 ἐδίδασκον.
1997 5206 2331 5273 Παραγενό-

742 5300 928 5354 μενος
945 5284 1013 5339 δὲ
1034 5290 1067 5339 ό
1086 5287 1416 5356 ἀρχιερεὺς,
1446 5289 1545 5341 καί
1580 5292 1634 5342 οί
1662 5288 1782 5341 σὺν
1800 5287 1980 5354 αὐτῷ,
2001 5288 2331 5343 συνεκάλε-

746 5380 870 5420 σαν
899 5367 967 5420 τὸ
1000 5368 1341 5437 συνέδριον,
1364 5371 1462 5423 καί
1490 5368 1698 5423 πᾶσαν
1725 5371 1841 5440 τὴν
1868 5374 2191 5442 γερουσίαν
2209 5371 2329 5427 τῶν

743 5453 891 5506 υἱῶν
919 5450 1184 5519 Ἰσραήλο
1204 5454 1302 5506 καί
1316 5454 1681 5509 ἀπέστειλαν
1712 5459 1799 5523 είς
1823 5458 1891 5511 τὸ
1919 5457 2329 5528 δεσμωτήριον

744 5533 1005 5606 ἀχθῆναι
1063 5536 1303 5603 αὺτῦὐς.
1350 5541 1822 5609 Παραγενόμενοι
1859 5541 1927 5595 δὲ
1955 5547 2009 5597 οί
2041 5544 2328 5611 ὑπηρέται

745 5623 862 5690 οὐχ
895 5615 1076 5690 εὗρον
1102 5622 1320 5690 αὐτοὺς
1350 5624 1419 5679 ἐν
1448 5623 1523 5693 τῇ
1544 5626 1811 5696 φυλακῇο
1836 5629 2327 5699 ἀναστρέψαντες

808 5792 837 5820 ⁸
1020 5796 1327 5863 ἀναστάσεως
1369 5799 1576 5863 γέγονεν.
1639 5799 1745 5847 Οὐκ
1786 5800 1982 5860 ἀφῆκεν.
2048 5805 2075 5843 Ι)
2119 5803 2322 5863 Quidam

745 5865 862 5905 mss.
904 5855 1069 5910 ἦλθονθ
1104 5859 1191 5906 οὐκ
1222 5860 1277 5905 ἂν
1305 5855 1472 5922 ἑτέρως
1494 5860 1792 5909 ἐπίστευσαν.

2449 1162 2518 1216 δὲ
2534 1163 2930 1234 ἀπήγγειλαν,
2949 1167 3253 1236 λέγοντες,
3283 1170 3371 1223 ὅτι
3387 1171 3451 1224 τὸ
3469 1173 3577 1241 μὲν
3604 1174 3696 1228 δεο

2447 1246 2702 1317 εὕρομεν
2732 1249 3165 1320 κεκλεισμένον
3206 1252 3278 1305 ἐν
3312 1252 3475 1323 πάσῃ
3524 1257 3696 1325 dasset.

2447 1330 2590 1398 τοὺς
2619 1332 2897 1400 φύλακας
2926 1333 3191 1402 ἑστῶτας
3215 1337 3326 1405 πρὸ
3368 1336 3480 1392 τῶν
3502 1340 3696 1408 θυρῶν·

2446 1431 2545 1498 τες
2587 1414 2657 1467 δὲ
2712 1416 2834 1470 ἔσω
2885 1417 3107 1472 οὐδένα
3154 1419 3423 1490 εὕρομεν.
3481 1426 3696 1498 Διπλῆή

2446 1495 2635 1569 ὥσπερ
2663 1499 2755 1552 ἐπὶ
2779 1498 2874 1552 τοῦ
2909 1501 3103 1570 τάφου,
3156 1504 3251 1557 καὶ
3292 1505 3325 1574 ἡ
3355 1510 3580 1578 σφραγὶς
3604 1495 3689 1563 καὶ

2447 1598 2560 1637 ποι.
2585 1583 2750 1656 Ὅρα,
2791 1584 2909 1649 πῶς
2949 1582 3092 1655 ἦσαν
3125 1586 3399 1660 θεομάχοι.
3448 1592 3623 1648 Ταῦτα
3672 1596 3696 1648 ά

2445 1670 2567 1722 είπέ
2598 1687 2709 1740 μοι,
2740 1671 2808 1726 τὰ
2835 1667 2922 1726 ἐπ’
2937 1673 3115 1727 αὐτῶν
3138 1676 3433 1748 γενόμενα;
3455 1680 3545 1744 Τίς
3561 1682 3696 1734 αὐτοὶ

2444 1754 2553 1807 τῶν
2597 1755 2777 1827 θυρῶν
2814 1756 3252 1829 κεκλεισμένων;
3312 1761 3429 1825 πῶς
3459 1760 3668 1833 ἐξῆλθον

2445 1857 2558 1894 κων
2590 1841 2696 1912 πρὸ
2720 1841 2828 1895 τῶν
2873 1841 3052 1913 θυρῶν
3093 1842 3378 1914 ἐστώτωνς
3424 1848 3621 1913 Ὄντως
3673 1867 3696 1920 ρ

2445 1927 2540 1979 καὶ
2575 1925 2880 1997 μεθυόντων
2906 1927 2976 1981 τὰ
3006 1929 3246 1999 ῥήματα.
3280 1929 3387 1995 Οὓς
3409 1932 3467 1985 ού
3510 1934 3696 2005 κατέσχ

2445 2010 2540 2063 καὶ
2568 2010 2764 2081 δεσμὰ,
2798 2012 2894 2066 καὶ
2927 2010 3087 2084 θύραι
3120 2013 3520 2085 κεκλεισμέναι,
3573 2018 3696 2071 τούτ

2443 2094 2679 2165 δόκησαν
2710 2095 3083 2166 περιέσεσθαι,
3114 2096 3319 2151 παίδων
3350 2098 3592 2169 ἀνοήτων
3646 2119 3696 2173 πι

2444 2176 2646 2241 θόντες.
2669 2179 2733 2231 Ol
2762 2178 3030 2249 ὑπηρέται
3054 2178 3185 2247 γοῦν
3212 2180 3390 2235 αὐτῶν
3410 2182 3496 2236 διὰ
3523 2184 3675 2238 τοῦτο

2443 2277 2552 2322 ται.
2575 2263 2668 2315 καὶ
2683 2261 3004 2333 ὁμολογοῦσι
3020 2264 3080 2317 τὸ
3100 2265 3342 2333 γεγονὸς,
3368 2267 3452 2321 ἵνα
3478 2270 3654 2324 πᾶσαν
3672 2290 3696 2323 a

2443 2345 2700 2401 κλείσωσι
2720 2347 3011 2418 πρόφασιν.
3056 2348 3219 2421 Ὁρᾷς
3250 2353 3452 2422 σημεῖα
3483 2354 3573 2408 ἐπὶ
3625 2373 3688 2426 ση

2447 2449 2610 2503 φορα,
2637 2430 2706 2483 τὰ
2730 2431 2827 2501 μὲν
2866 2433 2956 2485 ὑπ’
2980 2433 3179 2499 αὐτῶν,
3216 2435 3285 2488 τά
3302 2435 3359 2488 δὲ
3387 2438 3466 2501 είς
3503 2439 3694 2505 αὐτοὺς

2446 2514 2482 2568 ἃ
2512 2514 2608 2567 καὶ
2634 2513 2989 2585 λαμπρότερα
3012 2511 3110 2588 ἧνς
3173 2518 3370 2584 Καλῶς
3417 2521 3537 2575 οὐδὲ
3590 2524 3696 2577 εύθε

2444 2594 2712 2668 ἐμηνύθη,
2734 2596 2871 2650 ἀλλὰ
2897 2599 3158 2672 πρότερον
3178 2602 3237 2655 ἐν
3258 2603 3461 2675 ἀπορίᾳ
3481 2608 3696 2674 γεγονόο

2446 2681 2777 2753 σκεψάμενοι
2826 2693 2847 2721 ε
2881 2682 3030 2735 θείαν
3090 2679 3227 2738 εἶναι
3278 2686 3538 2757 δύναμιν,
3590 2689 3696 2744 οὔτε

2444 2765 2680 2820 ἅπαντα.
2717 2766 2816 2833 Ὡς
2844 2765 2912 2819 δὲ
2961 2766 3239 2836 ἤκουσαν
3264 2771 3406 2837 τοὺς
3426 2774 3648 2841 λόγους

2442 2866 2509 2903 τε
2527 2849 2836 2919 ἀρχιερεὺς
2867 2850 2965 2904 καὶ
3015 2854 3049 2904 ό
3092 2854 3422 2923 στρατηγὸς
3471 2857 3579 2910 τοῦ
3630 2861 3696 2926 le;

2445 2934 2757 3003 ἀρχιερεῖς,
2795 2933 3126 3003 διηπόρουν
3183 2938 3316 3005 περί
3376 2939 3575 2993 αὐτῶν
3608 2944 3663 2994 τί
3693 2970 3696 2992 ι

2440 3017 2637 3071 τοῦτο.
2681 3021 3166 3088 Παραγενόμενος
3187 3020 3253 3073 δέ
3283 3039 3372 3087 τις
3407 3022 3696 3096 ἀπήγγειλ

2444 3101 2532 3154 ὅτι
2554 3101 2680 3154 ἰδοὺ
2709 3104 2763 3154 οι
2782 3100 3017 3169 ἄνδρες,
3033 3102 3140 3169 οὓς
3156 3105 3365 3159 ἔθεσθε
3382 3107 3451 3161 ἐν
3469 3108 3545 3177 τῇ
3574 3116 3696 3178 φυλ

2444 3186 2511 3240 ἐν
2534 3185 2614 3252 τῷ
2637 3185 2769 3255 ίερῷ
2819 3186 3075 3254 ἑστῶτες
3122 3190 3219 3243 καί
3264 3190 3662 3262 διδάσκοντες

2448 3271 2589 3323 Τότε
2612 3269 2891 3323 ἀπελθὼν
2917 3274 2949 3325 ό
2989 3274 3327 3342 στρατηγὸς
3352 3275 3476 3330 σὺν
3528 3278 3654 3344 τοῖς
3680 3300 3696 3335 ι

2442 3352 2665 3423 ἢγαγεν
2688 3353 2911 3419 αὐτοὺς
2936 3357 3008 3408 οὐ
3039 3356 3188 3424 μετὰ
3219 3358 3387 3425 βίας·
3418 3361 3696 3430 ἐφοϐοῦνι

2441 3434 2612 3501 λαὸν,
2648 3437 2750 3489 ἵνα
2793 3435 2880 3506 μὴ
2936 3438 3329 3494 λιθασθῶσιν.
3373 3440 3437 3495 Ὢ
3469 3445 3567 3515 τῆς
3599 3447 3695 3498 ἀνο

2442 3517 2652 3583 ϐοῦντο,
2679 3520 2832 3590 φησὶ,
2857 3518 2948 3572 τὸν
2981 3520 3156 3591 ὄχλον.
3186 3523 3251 3575 Τί
3275 3526 3384 3597 γὰρ
3411 3527 3609 3591 αὐτοὺς
3636 3530 3664 3581 ὁ

2440 3603 2551 3667 λει;
2585 3603 2711 3656 Δέον
2732 3604 2823 3656 τὸν
2853 3604 2984 3657 Θεὸν
3016 3605 3317 3678 φοϐηθῆναι
3346 3613 3438 3664 τὸν
3477 3614 3695 3667 καθάπε

2439 3687 2525 3740 ἀεὶ
2550 3686 2659 3739 τῶν
2686 3687 2883 3758 χειρῶν
2912 3689 3109 3753 αὐτοὺς
3130 3690 3508 3762 ἐξαρπάζοντα
3564 3699 3678 3752 τῶν

2440 3788 2565 3825 νων·
2592 3774 2640 3824 οί
2670 3772 2726 3825 δὲ
2753 3771 2952 3842 μᾶλλον
2980 3773 3071 3826 τὸν
3110 3774 3263 3845 ὄχλον
3291 3778 3611 3845 φοϐοῦνται.
3658 3783 3696 3835 ’4

2432 3854 2578 3924 ρεὺς
2600 3853 2989 3925 ἐπηρώτησεν
3024 3857 3265 3924 αὐτοὺς,
3298 3860 3517 3929 λέγων’
3555 3867 3696 3933 Οὐχὶ

2437 3940 2540 4006 λίᾳ
2589 3941 3071 4010 παρηγγείλαμεν
3118 3942 3262 4011 ὑμῖν
3301 3945 3389 4013 μὴ
3448 3945 3696 4002 διδάσκι

2439 4023 2682 4092 ὀνόματι
2724 4025 2945 4090 τούτῳ;
3003 4026 3111 4079 Καὶ
3146 4025 3276 4079 ίδοὺ
3310 4029 3696 4097 ἐπληρώσατε

2432 4105 2755 4175 ρουσαλὴμ
2788 4106 2900 4175 τῆς
2931 4107 3186 4177 διδαχῆς
3206 4111 3393 4178 ὑμῶν,
3429 4114 3533 4166 καὶ
3567 4116 3696 4179 .8015-

2437 4190 2681 4259 αγαγεῒν
2695 4191 2786 4259 ἐφ’
2807 4189 2964 4260 ἡμᾶς
2988 4191 3052 4244 τὸ
3073 4186 3215 4261 αἷμα
3234 4194 3341 4247 τοῦ
3352 4195 3685 4265 ἀνθρώπου

2437 4270 2529 4328 οὖν
2560 4274 2611 4326 οἱ
2633 4274 2956 4338 ἀπόστολοι;
2993 4273 3162 4328 Πάλιν
3219 4279 3335 4346 μετ’
3362 4279 3678 4345 ἐπιεικείας

2436 4356 2701 4425 λέγονται·
2723 4356 2900 4410 καίτοι
2933 4373 2997 4426 γε
3033 4357 3161 4427 ἐνῆν
3184 4362 3377 4412 εἰπεῖν’
3410 4362 3579 4427 Τίνες
3600 4366 3696 4434 γάε

2435 4440 2959 4510 ἀντιδιαταττόμενοι
2994 4440 3072 4511 τῷ
3092 4441 3240 4513 Θεῷ;
3282 4443 3444 4498 Ἀλλὰ
3471 4448 3565 4512 τί;
3599 4450 3695 4502 Πάῖ

2435 4525 2812 4595 παραινέσεως
2843 4524 2935 4577 καὶ
2982 4524 3312 4597 συμϐουλῆς,
3380 4530 3482 4583 καὶ
3538 4535 3687 4602 μετά

2434 4610 2636 4680 πολλῆς
2681 4608 3087 4681 ἀποκρίνονται.
3148 4611 3517 4681 Ἀποκριθεὶς
3560 4616 3636 4669 δὲ
3676 4620 3696 4670 1

2434 4698 2490 4749 οἱ
2516 4695 2846 4749 ἀπόστολοι
2870 4689 3045 4747 εἷπον
3068 4710 3082 4725 ο
3133 4697 3490 4767 Πειθαρχεῖν
3518 4698 3625 4752 δεῖ
3643 4705 3696 4753 Θ.

2432 4777 2473 4847 ἦ
2502 4776 2852 4846 ἀνθρώποις.
2895 4777 3070 4850 Πολλὴ
3102 4778 3135 4849 ἡ
3178 4778 3475 4850 φιλοσοφία
3519 4784 3622 4835 καὶ
3662 4802 3692 4836 τ

2434 4861 2685 4915 ἐντεῦθεν
2713 4860 3017 4915 δεικνύουσι
3047 4862 3143 4916 καὶ
3168 4864 3367 4928 αὐτοὺς
3396 4867 3696 4937 μαχομένο

2447 4946 2499 4999 '0
2532 4945 2676 5010 Θεὸς
2703 4942 2824 4998 τῶν
2861 4943 3131 5013 πατέρων
3154 4945 3323 5016 ἡμῶν
3357 4947 3615 5019 ἤγειρεν
3670 4952 3696 5005 ’ί

2428 5027 2598 5098 ὑμεῖς
2662 5027 3102 5096 διεχειρίσασθε
3179 5030 3611 5100 κρεμάσαντες
3682 5053 3696 5088 ι

2433 5111 2658 5165 Τοῦτον
2683 5112 2717 5165 ὁ
2761 5111 2904 5177 Θεὸς
2937 5111 3206 5183 ἀρχηγὸν
3238 5115 3339 5169 καί
3385 5117 3659 5186 Σωτῆρα

2429 5195 2597 5264 δεξιᾷ
2629 5197 2839 5263 αὐτοῦ,
2876 5196 3090 5251 δοῦναι
3129 5199 3459 5268 μετάνοιαν
3501 5204 3593 5269 τῷ
3650 5206 3696 5258 ἰ

2428 5282 2650 5351 ἄφεσιν
2677 5281 2993 5350 ἁμαρτιῶν.
3023 5284 3120 5335 ’ον
3147 5285 3305 5355 ὑμεῖς
3326 5284 3614 5349 ἀνείλετε,
3638 5306 3696 5357 φη

2429 5367 2639 5438 ἤγειρε.
2664 5366 2776 5419 Kal
2794 5366 2916 5435 ὅρα,
2940 5365 3016 5436 τῷ
3037 5367 3214 5438 Πατρὶ
3235 5370 3296 5419 τὸ
3319 5370 3431 5421 πᾶν
3455 5371 3643 5424 πάλιν
3671 5376 3696 5425 ὁ

2428 5451 2516 5503 ἵνα
2548 5451 2625 5520 μὴ
2654 5449 2781 5521 δόξῃ
2806 5449 3078 5518 ἀλλότριος
3103 5445 3241 5502 εἶναι
3270 5450 3364 5503 τοῦ
3393 5454 3655 5526 Πατρός.
3683 5460 3696 5509 ι

2428 5537 2583 5606 φησὶ,
2618 5534 2693 5603 τῇ
2718 5533 2887 5599 δεξιᾷ
2920 5534 3127 5587 αὐτοῦ.
3180 5535 3293 5607 Οὐχ
3336 5537 3541 5603 ἁπλῶς
3596 5541 3696 5611 τὴκ

2426 5620 2583 5673 τοῦτο
2616 5619 2806 5691 μόνην,
2833 5618 2969 5672 ἀλλά
3001 5619 3027 5658 ά
3058 5619 3153 5672 καὶ
3185 5621 3284 5692 τὴν
3319 5620 3567 5691 ὕψωσιν,
3625 5642 3695 5677 το

2425 5702 2714 5774 ἀνάληψιν,
2739 5703 2908 5774 δηλοῖ.
2937 5704 3046 5759 Τοῦ
3063 5704 3273 5761 δοῦναι
3293 5708 3648 5777 μετάνοιαν
3675 5728 3696 5762 τ

2435 5806 2649 5917 ,ῥέζω
2691 5806 3076 5870 ἐπισκεψάμενοι.
3164 5807 3190 5848 ά
3234 5810 3369 5861 Unus
3414 5813 3538 5863 cod.
3580 5814 3696 5862 ἀνά(
