4014 6218
183 261 267 315 105
1136 261 1199 317 IN
1239 262 1418 319 ACTA
1462 264 1987 324 APOSTOLORUM.
2031 269 2263 327 IiOMiL.
2307 275 2446 331 Xlil.

185 388 270 442 quc
296 372 552 427 conﬁtere
586 391 597 426 :
632 389 766 428 nam
796 384 856 428 et
887 375 964 428 illi
994 374 1216 429 confessi
1249 375 1477 429 salutem
1504 380 1776 432 consecuti

186 473 307 519 sunt.
336 463 470 531 Quid
516 465 665 518 enim
700 466 745 520 si
781 482 897 520 non
929 476 1143 535 repente
1172 466 1298 520 ultio
1320 466 1558 520 invadit?
1604 484 1774 538 quan-

189 558 445 628 doquidem
492 558 686 613 Achab
720 570 954 631 propter
996 559 1247 615 Nabuthae
1292 576 1401 616 non
1444 562 1623 616 statim
1654 574 1776 632 post

194 664 436 722 peccatum
469 651 659 721 plexos
681 651 789 706 fuit
813 655 895 722 (5.
915 652 1133 724 Regﬁl.
1157 653 1264 723 l9).
1299 654 1407 708 (Zur
1431 670 1560 709 vero
1583 656 1659 709 sic
1686 671 1773 711 res

200 745 384 815 agitur?
409 745 506 798 Dat
532 744 631 798 tibi
660 747 811 800 Deus
842 747 1207 815 prtescriptum
1234 754 1466 816 tempus,
1502 757 1561 801 ut
1589 747 1775 802 abluta--

200 842 295 901 ris;
319 841 356 893 si
382 852 718 908 perseveres,
764 854 989 908 pmnam
1016 839 1228 894 demum
1261 839 1485 894 inducit.
1530 840 1769 907 Vidistis,

202 930 309 1000 quid
330 930 459 999 passi
486 930 597 984 sint
626 933 967 986 mendaces?
991 931 1250 1001 Cogitate,
1275 932 1401 1002 quid
1425 933 1629 1002 passuri
1657 932 1769 986 sint

206 1022 403 1091 mrjuri;
442 1022 697 1093 cogitate,
728 1032 787 1079 et
822 1022 1088 1079 desistite.
1127 1023 1242 1078 Non
1288 1033 1464 1094 potest
1491 1024 1579 1093 qui
1619 1024 1766 1091 jurat

1884 654 2036 766 ipsis,
2082 667 2690 765 qumsonattendamus;
2737 686 2793 730 ut
2820 694 3030 747 pmnam
3063 689 3218 758 hujus
3264 701 3468 766 peccati

1880 745 2191 817 effugientes
2232 753 2593 815 misericordia
2628 765 2718 821 Dei
2755 745 3055 843 dignemur,
3087 745 3333 851 gratiu'et

1879 841 2237 943 serationibus
2267 850 2519 919 unigeniti
2546 856 2663 925 ejus
2695 859 2833 928 Filii,
2858 841 3067 935 quicum
3088 841 3238 932 ‘i’atri
3350 841 3468 954 Spi-

1878 931 2005 985 ritui
2050 947 2234 990 saneto
2283 940 2469 1009 gloria,
2500 944 2804 1016 imperium,
2836 955 3028 1023 honor,
3065 981 3205 1022 nunc
3229 980 3283 1024 et
3312 931 3453 1027 sem-

1882 1036 1996 1090 pcr,
2030 1034 2085 1079 et
2110 1027 2160 1080 in
2188 1032 2382 1086 saecula
2407 1038 2748 1098 surculorum.
2789 1050 2979 1105 Amen.

208 1154 3420 1221 ῌ--ἍἪ

1454 1229 1802 1291 HOMILIA
1844 1230 2019 1294 Xlll.

212 1378 321 1433 CAP.
347 1379 395 1434 5.
423 1395 473 1432 v.
507 1379 592 1434 l7.
621 1376 920 1449 Exsurgens
950 1388 1117 1432 autem
1136 1381 1369 1461 princeps
1412 1377 1763 1440 sacerdotum,

270 1481 310 1523 et
335 1486 489 1524 omnes
515 1471 599 1539 qui
622 1487 739 1523 cum
760 1470 851 1524 illo
881 1481 1046 1534 erant,
1081 1486 1192 1541 qua:
1222 1482 1293 1525 est
1323 1471 1529 1525 lueresis
1555 1469 1767 1525 Saddu-

271 1578 468 1617 eteorum
488 1604 501 1627 ,
527 1563 702 1633 repleti
728 1571 847 1616 sunt
874 1563 1005 1628 zelo,
1037 1563 1125 1617 i8.
1175 1572 1223 1616 et
1262 1563 1544 1633 injecerunt
1586 1579 1767 1616 manus

273 1654 323 1707 in
341 1654 589 1724 apostolos,
608 1666 655 1708 et
674 1665 953 1726 posuerunt
970 1671 1056 1709 eos
1082 1656 1136 1708 in
1162 1656 1392 1710 custodia
1412 1653 1639 1725 publica.

281 1744 328 1797 i.
350 1744 479 1798 Nihil
500 1746 844 1816 impudentius
868 1747 1230 1817 audaciusque
1268 1746 1491 1801 malitia.
1540 1745 1759 1801 Illorum

213 1836 399 1905 experti
427 1836 768 1893 fortitudinem
797 1852 866 1893 ex
892 1838 987 1901 iis,
1034 1854 1154 1910 qua:
1198 1840 1348 1907 prius
1396 1847 1755 1901 attentarant,

217 1935 422 1982 attamen
456 1926 619 1983 denuo
669 1929 1054 1999 aggrediuntur
1103 1937 1159 1984 et
1207 1930 1401 1984 iterum
1451 1929 1753 1995 insurgunt.

212 2020 331 2087 Quid
349 2021 437 2075 sibi
463 2022 567 2077 vult
587 2022 718 2077 illud
742 2064 759 2089 ,
793 2022 1091 2094 Exsurgens
1120 2025 1360 2095 princeps
1397 2024 1752 2088 sacerdotum,

208 2122 249 2164 et
268 2128 417 2168 omnes
438 2116 519 2179 qui
537 2132 649 2168 cum
672 2116 765 2169 illo
787 2115 971 2171 erant?
995 2115 1271 2170 Excitatus
1299 2124 1397 2180 est,
1434 2116 1600 2186 inquit
1622 2155 1637 2178 ,
1690 2114 1755 2168 iis

208 2220 304 2273 qua-
325 2206 612 2263 acciderant
657 2216 981 2264 commotus.
1026 2208 1097 2262 Et
1140 2210 1422 2280 injecerunt
1467 2225 1651 2263 manus
1698 2209 1752 2261 in

212 2300 436 2367 apostolos
455 2340 473 2366 ,
500 2311 546 2354 et
571 2313 847 2372 posuerunt
875 2319 959 2356 eos
983 2302 1038 2356 in
1063 2304 1288 2357 custodia
1336 2303 1555 2370 publica.
1601 2301 1752 2357 Nunc

208 2391 532 2449 vehementius
554 2395 674 2449 illos
701 2395 1053 2452 insectantur.
1087 2396 1197 2451 Nec
1222 2396 1401 2451 statim
1430 2396 1498 2451 de
1523 2394 1627 2449 illis
1663 2395 1754 2465 ju-

204 2480 366 2549 dicant,
392 2486 801 2555 sperantesillos
828 2487 1214 2543 mansuetiores
1237 2488 1371 2543 fore.
1396 2488 1463 2542 Et
1482 2488 1745 2545 undenam

203 2575 335 2645 l5quet
358 2578 474 2632 illos
493 2578 860 2635 vehementius
887 2580 1175 2638 insectatus
1197 2597 1318 2637 esse
1337 2582 1360 2635 ?
1384 2582 1461 2637 Ex
1486 2597 1575 2648 eo,
1602 2583 1742 2655 quod

202 2670 431 2733 pisuerint
478 2670 601 2727 illos
627 2672 680 2726 in
705 2672 948 2727 custodia
976 2674 1209 2744 publica.
1254 2675 1460 2729 Rursus
1504 2677 1746 2731 incidunt

203 2759 470 2828 iupericuia
496 2804 512 2830 ,
543 2774 599 2820 et
627 2780 818 2820 rursus
850 2766 943 2822 Dei
988 2769 1212 2837 gratiam
1261 2771 1643 2840 experiuntur;
1688 2782 1744 2825 et

197 2854 455 2919 quomodo,
505 2855 631 2911 audi
680 2859 1002 2927 sequentia:
1043 2860 1129 2913 l9.
1172 2860 1393 2931 Angelus
1432 2871 1597 2915 autem
1632 2859 1736 2915 Do-

194 2944 292 2999 mini
316 2964 393 3014 per
417 2960 611 3003 noctem
656 2952 861 3020 aperuit
894 2953 1088 3022 januas
1124 2953 1340 3008 carceris
1364 2995 1378 3016 ,
1426 2961 1472 3006 et
1522 2954 1740 3009 educens

191 3051 272 3100 eos,
296 3038 447 3095 dixit:
478 3040 569 3096 20.
600 3038 704 3108 Ite,
737 3052 785 3095 et
805 3052 994 3097 stantes
1021 3044 1288 3114 loquimini
1307 3046 1358 3098 in
1390 3049 1577 3115 templo
1603 3046 1738 3117 plebi

188 3130 328 3182 omnia
348 3131 486 3186 verba
507 3134 623 3188 vita
647 3134 821 3205 hujus.
852 3135 963 3191 Hoc
992 3145 1045 3192 et
1073 3137 1125 3190 in
1157 3137 1366 3191 illorum
1411 3140 1738 3195 consolatio-

189 3232 303 3284 nem,
328 3231 374 3277 et
400 3222 448 3277 in
477 3225 667 3280 horum
697 3227 975 3283 utilitatem
1003 3243 1066 3283 ac
1086 3228 1384 3284 doctrinam
1410 3230 1606 3285 lactant
1629 3242 1729 3287 est.

186 3308 238 3363 Et
263 3313 366 3369 vide
390 3359 404 3381 ,
429 3318 569 3387 quod
603 3318 653 3373 in
680 3318 897 3375 Christo
917 3363 932 3386 ,
965 3322 1015 3376 id
1046 3322 1205 3377 etiam
1238 3339 1380 3379 nunc
1408 3325 1603 3380 evenit.
1628 3327 1731 3380 Pa-

183 3410 290 3456 trata
315 3409 443 3461 enim
472 3410 725 3465 miracula
753 3429 858 3467 nun
882 3414 1011 3467 sinit
1039 3429 1132 3469 eos
1159 3415 1343 3470 videre
1373 3458 1388 3482 ,
1418 3417 1512 3472 sed
1555 3418 1727 3483 aliqua

180 3507 394 3565 apparat,
420 3517 485 3555 ex
517 3504 709 3571 quibus
737 3505 839 3557 hoc
865 3505 1105 3560 ediscant
1130 3523 1143 3571 ;
1174 3516 1229 3560 ut
1262 3508 1312 3561 in
1340 3512 1729 3566 resurrectione

179 3598 250 3638 sua
275 3603 377 3642 non
404 3594 640 3658 permisit
662 3609 756 3651 eos
783 3595 991 3664 videre,
1025 3598 1295 3668 quomodo
1340 3605 1724 3669 resurrexerit;

176 3675 348 3751 indigni
375 3685 516 3738 enim
542 3688 794 3758 erantqui
819 3688 957 3744 hanc
987 3689 1259 3756 viderent;
1284 3693 1378 3747 sed
1410 3695 1725 3751 ostenditex

175 3768 249 3836 iis,
279 3790 391 3843 qua:
422 3784 550 3831 tunc
575 3778 713 3834 fecit.
749 3780 1012 3837 Similiter
1040 3797 1159 3837 eum
1205 3800 1396 3854 aquam
1443 3787 1497 3841 in
1541 3788 1721 3843 vinum

175 3866 394 3931 mutavit,
424 3868 513 3938 qui
543 3868 955 3928 discumbebant
980 3889 1081 3929 non
1108 3875 1311 3944 vident,
1345 3886 1529 3948 utpote
1554 3880 1719 3945 ebrii;

170 3952 491 4031 indiciumque
528 3963 650 4016 aliis
700 3966 980 4034 permittit.
1030 3968 1119 4022 Sic
1151 3979 1206 4024 et
1230 3985 1371 4025 nunc
1397 3971 1589 4026 factum
1617 3982 1717 4028 est.

172 4043 448 4115 Namillos,
493 4053 583 4122 qui
633 4053 1043 4124 edocebantur,
1095 4075 1201 4115 non
1250 4060 1468 4122 vident:
1527 4063 1717 4119 indicia

171 4148 269 4193 tero
290 4182 303 4204 ,
339 4156 403 4197 ex
426 4144 620 4213 quibus
642 4156 890 4215 poterant
918 4163 1006 4203 res
1029 4164 1206 4220 geStas
1245 4152 1489 4210 ediscere
1508 4195 1524 4221 ,
1576 4156 1718 4210 vide-

169 4241 282 4283 runt.
308 4232 410 4289 Cur
433 4252 530 4306 per
566 4249 778 4293 noctem
808 4243 986 4296 emisit
1030 4244 1192 4299 illos?
1230 4246 1362 4312 Quia
1410 4248 1503 4303 illo
1548 4252 1717 4320 magis

170 4332 291 4385 quam
332 4325 434 4380 alio
479 4328 641 4385 modo
687 4330 820 4385 ﬁdes
862 4333 967 4387 illis
1015 4334 1257 4392 habenda
1285 4350 1401 4394 erat
1433 4358 1447 4394 :
1480 4340 1712 4413 alioquin

170 4422 248 4465 non
274 4415 339 4469 illi
369 4418 435 4472 ad
466 4420 905 4491 interrogandum
932 4428 1241 4497 venissent,
1270 4432 1354 4486 vel
1397 4434 1505 4487 alio
1554 4437 1714 4492 modo

166 4502 290 4559 etiam
313 4548 325 4569 ,
354 4508 453 4577 ipsi
482 4526 589 4567 non
625 4515 1004 4572 credidissent.
1030 4519 1118 4575 Sic
1143 4531 1198 4576 et
1225 4524 1364 4592 apud
1394 4536 1604 4583 veteres
1624 4545 1713 4584 ac-

163 4592 292 4663 cidit,
341 4608 398 4655 ut
447 4600 958 4663 Nabuchodonosori
994 4627 1008 4664 :
1054 4612 1188 4666 vidit
1225 4614 1502 4672 laudantes
1545 4619 1710 4675 Deum

165 4698 320 4750 pueros
344 4693 394 4746 in
426 4696 643 4750 camino
673 4698 811 4768 ignis
843 4698 1016 4769 (Dan.
1048 4703 1100 4759 5.
1126 4705 1189 4760 91
1218 4707 1273 4776 ),
1305 4717 1358 4762 et
1389 4720 1514 4766 tunc
1534 4712 1709 4766 obstu-

164 4778 362 4843 pefactus
385 4795 487 4840 est.
515 4786 652 4842 Cum
682 4794 1009 4859 oportuisset
1041 4811 1168 4868 ergo
1202 4800 1429 4869 primum
1475 4805 1707 4860 interro-

161 4884 257 4937 gare
277 4918 292 4941 ,
315 4877 595 4944 Quomodo
620 4885 823 4953 egressi
852 4889 1022 4943 estis?
1049 4889 1147 4953 illi,
1179 4894 1330 4961 quasi
1356 4895 1487 4950 nihil
1511 4898 1704 4953 factum

162 4975 300 5032 esset,
351 4970 730 5043 interrogant,
783 4977 1024 5034 dicentes
1065 4997 1078 5032 :
1118 4980 1312 5038 Nonne
1366 4989 1706 5060 praecipiendo

161 5059 447 5127 precepimus
465 5064 608 5118 vobis
628 5082 691 5118 ne
709 5066 988 5136 loquamini
1008 5071 1035 5125 Ρ
1064 5072 1130 5127 Ει
1150 5074 1291 5139 vide,
1320 5059 1590 5146 quomodo
1612 5098 1707 5150 per

161 5144 262 5201 alios
283 5153 449 5207 omnia
478 5156 711 5211 discant.
741 5157 936 5214 Vident
964 5163 1106 5218 enim
1143 5164 1381 5222 clausum
1408 5184 1702 5238 carcerem,

162 5245 441 5301 Etcustodes
467 5258 679 5303 stantes
708 5259 835 5306 ante
848 5251 1060 5321 januas.
1088 5257 1177 5311 2|.
1228 5258 1327 5325 Qui
1362 5277 1478 5315 cum
1524 5264 1701 5318 audis-

161 5336 601 5398 Ienl,intrauerunt
632 5339 861 5395 diluculo
908 5344 962 5398 in
1004 5349 1285 5418 templum,
1336 5361 1382 5406 et
1428 5354 1700 5411 docebant.

160 5420 389 5484 Adveniens
409 5422 591 5486 autem
614 5433 855 5503 princeps
881 5438 1236 5508 sacerdotum,
1271 5452 1315 5496 et
1358 5446 1445 5515 qui
1483 5463 1599 5501 cum
1643 5465 1701 5502 eo

158 5526 285 5584 «aut,
308 5532 717 5579 contremuerunt
737 5526 1030 5595 concilium,
1058 5541 1105 5584 et
1129 5548 1297 5588 omnes
1326 5538 1546 5592 seniores
1566 5539 1700 5607 ﬁlio-

156 5620 234 5663 nmt
257 5612 430 5682 Israel,
463 5627 511 5673 et
542 5617 793 5673 miserunt
821 5620 888 5672 ad
912 5637 1163 5679 carcerem
1206 5637 1258 5680 ut
1303 5630 1692 5690 adducerentur.

152 5691 213 5750 92.
234 5702 344 5761 Cum
368 5718 540 5763 autem
566 5710 824 5763 venissent
852 5711 1086 5782 ministri,
1117 5725 1355 5786 etaperto
1382 5738 1579 5777 carcere
1599 5743 1696 5781 non

1874 1377 2174 1490 invenissent
2215 1389 2365 1459 illos,
2413 1404 2597 1456 reversi
2640 1410 3017 1484 nuntiaverunt,
3053 1422 3144 1478 25.
3195 1430 3460 1490 dicentes:

1905 1469 1916 1485 ν
2961 1469 3017 1484 "1
3055 1469 3144 1478 -ν-
3195 1469 3411 1490 "subrauca
3443 1472 3457 1486 ο

1875 1469 2144 1530 Larem?“
2170 1483 2369 1548 quidem
2396 1490 2675 1552 invenimus
2700 1506 2926 1562 clausum
2951 1529 3067 1569 cum
3091 1525 3229 1575 omni
3248 1526 3459 1600 dilige".

1875 1564 1943 1600 Ιὶη
1993 1578 2037 1600 nl
2060 1577 2288 1600 nan-IAJ--
2323 1591 2380 1600 -.γ
2439 1594 2451 1600 -
2705 1596 2717 1600 -

1872 1572 1961 1630 tia,
1992 1578 2037 1669 et
2057 1577 2289 1630 custodes
2315 1591 2504 1639 stantes
2544 1600 2663 1644 ante
2695 1596 2922 1667 ianuas;
2968 1611 3249 1674 aperientes
3289 1572 3455 1679 mrtem

1870 1666 2118 1715 neminem
2146 1666 2281 1722 intus
2301 1671 2599 1734 invenimus.
2639 1684 2841 1755 Duplex
2874 1666 3134 1757 securitas
3162 1717 3221 1760 ut
3269 1710 3323 1765 iu

1868 1753 2090 1872 pulcro,
2131 1762 2459 1872 signaculum
2511 1786 2566 1831 et
2610 1779 2873 1843 homines.
2906 1793 3059 1862 Vide,
3084 1818 3241 1872 quam
3272 1825 3451 1871 essent

2010 1848 2021 1858 .
2068 1850 2078 1861 Ο
2807 1841 2816 1842 ,
2862 1841 2871 1843 _
2925 1841 2934 1848 .
2954 1841 3059 1862 ...ν’
3084 1841 3094 1853 1
3123 1841 3241 1862 uIllll
3272 1841 3428 1869 €336"

1867 1841 1977 1898 Deo
2008 1853 2227 1908 mimici.
2258 1857 2509 1921 Haecine
2535 1868 2766 1933 humana
2789 1895 2978 1951 erant,
3007 1841 3249 1953 dic‘mihi
3272 1944 3287 1968 ,
3334 1841 3450 1974 quaf

1867 1939 2001 1974 nil-nn
2035 1942 2153 1974 "Ino
2183 1947 2314 1974 τινα*
2349 1970 2403 1974 ν·
2452 1966 2465 1974 ‘
2490 1959 2513 1974 ¹¹
2606 1965 2617 1974 ’
2668 1967 2719 1974 ’“
3436 1952 3448 1964 ι

1879 3143 1889 3153 '
2898 3143 2972 3147 κ--
3019 3143 3095 3152 -νι
3114 3143 3300 3162 "Iul-bo
3316 3143 3420 3164 llliI'

1840 3154 2358 3270 gistrptustempliet
2388 3164 2656 3238 principes
2680 3181 3042 3255 sacerdotum,
3077 3196 3420 3270 ambigebant

1840 3256 1850 3270 ,
1877 3250 1907 3270 Δ
1930 3255 1940 3270 ,
1992 3241 2030 3270 ;ο
2062 3245 2309 3270 "una"---
2342 3252 2370 3270 ιι
2476 3267 2485 3270 -
2544 3260 2612 3270 ἠ·
2686 3267 2693 3270 Α
2734 3267 2745 3270 ³

1838 3234 1907 3290 de
1928 3236 2032 3295 illis
2060 3245 2313 3312 quidnam
2340 3252 2511 3311 fieret.
2666 3267 2972 3332 Adveniens

1842 3333 2105 3389 nuntiavit
2130 3340 2208 3395 eis
2234 3358 2250 3396 :
2279 3342 2419 3403 Ecce
2450 3351 2569 3418 viri,
2594 3372 2727 3425 quos
2756 3368 3010 3431 posuistis
3032 3374 3082 3430 in
3112 3333 3415 3441 car‘c‘eremI

1842 3432 1961 3452 υιιηι
2018 3427 2067 3452 2-
2122 3436 2282 3452 υμ>¹
2394 3448 2403 3452 ‘
3403 3434 3415 3452 .

1837 3432 1963 3538 smunt
2016 3427 2319 3538 inntemplo
2359 3448 2564 3500 stantes
2604 3459 2658 3504 et
2709 3427 2964 3517 docentes

1834 3512 2515 3626 :I'unc.abiit.magistratus
2544 3554 2665 3596 cum
2696 3546 2977 3620 ministris,
3004 3512 3411 3626 retiadd'usit‘i‘l’:

1832 3602 1914 3657 los
1955 3608 2072 3665 sine
2115 3614 2164 3667 vi
2201 3633 2215 3666 :
2250 3620 2508 3681 timebant
2553 3632 2694 3687 enim
2752 3602 3003 3711 p0pulum
3030 3691 3045 3713 ,

1830 3708 2046 3819 rentur;
2071 3723 2101 3807 ι.
2124 3706 2188 3819 1Ο
2226 3709 2622 3783 insipientiam!
2673 3728 2988 3805 Timebant,
3036 3706 3404 3819 inquit,‘tur-

1828 3787 1971 3891 bam.
2003 3793 2138 3859 Quid
2167 3811 2419 3867 proderat
2452 3813 2601 3867 turba
2628 3816 2652 3869 ?
2675 3818 2809 3877 Cum
2861 3787 3206 3897 oportuisse:
3228 3787 3406 3901 item”

1854 3880 1865 3891 -
2894 3880 3191 3897 τρηωυν.
3242 3880 3406 3901 μω...

1831 3889 2040 3994 time-re.
2071 3888 2159 3956 qui
2186 3905 2401 3962 semper
2430 3899 2549 3956 illos
2579 3914 2843 3979 tamquam
2876 3922 3121 3981 volucres
3145 3945 3208 3984 ex
3245 3941 3419 3994 mani-

1827 3971 1925 4028 bus
1952 3975 2187 4045 ipsorum
2218 3984 2509 4057 eripiebat,
2543 3994 2617 4049 illi
2649 4014 2777 4055 vero
2818 4011 2994 4074 potius
3039 4019 3246 4077 turbam
3294 3971 3409 4083 1::-

1826 4066 2063 4130 tnebant.
2090 4071 2180 4127 27.
2219 4094 2239 4128 ι
2268 4077 2521 4154 Princeps
2547 4097 2724 4146 autem
2757 4103 3093 4162 sacerdotum
3118 4112 3414 4189 interroga-

1826 4158 1895 4189 υἷι
1926 4174 2015 4189 Ann
2090 4165 2267 4189 -t:--_-
2302 4187 2309 4189 4
2342 4172 2410 4189 nn
2462 4176 2503 4189 ιν

1824 4158 2018 4276 νὶιιςοε
2040 4203 2054 4225 ,
2087 4165 2270 4276 dlicens
2300 4187 2311 4223 :
2342 4172 2430 4227 28.
2459 4176 2645 4234 Nonne
2675 4189 3032 4259 praecipiendo
3057 4158 3409 4276 przecepin‘ius

1822 4250 1975 4305 vobis
2008 4270 2075 4309 ne
2100 4255 2369 4317 doceretis
2395 4265 2446 4319 in
2476 4250 2695 4329 nomine
2737 4250 2880 4335 isto'?
2918 4285 2986 4340 Et
3028 4250 3154 4348 ecce
3190 4250 3415 4370 rerplctls

1826 4341 2112 4370 1--..--I-__-
2155 4351 2177 4370 in
2229 4364 2265 4370 κ-
2305 4358 2314 4366 ο

1820 4341 2115 4403 Jerusalem
2146 4351 2388 4411 doctrina
2416 4373 2614 4431 vestra,
2637 4378 2687 4422 et
2732 4373 2893 4430 vultis
2939 4379 3193 4442 inducere
3242 4341 3398 4462 super

1820 4450 1919 4550 nos
1941 4442 2254 4511 sanguinem
2284 4445 2517 4508 hominis
2544 4458 2714 4514 istius.
2742 4479 2765 4516 ι
2794 4464 2929 4533 Quid
2962 4472 3121 4544 igitur
3143 4442 3395 4550 apostoli,

1818 4528 2015 4586 lterum
2038 4549 2157 4589 cum
2179 4547 2581 4604 mansuetudine
2593 4553 2941 4624 alloquuntur
2953 4528 3075 4633 eos;
3102 4528 3311 4632 tametsi
3330 4528 3401 4634 div

1815 4632 1939 4676 cere
1956 4633 2228 4692 poterant:
2248 4631 2472 4698 Quinam
2487 4643 2618 4696 estis
2635 4652 2842 4719 vos,qui
2860 4631 3124 4716 contraria
3142 4666 3250 4721 Deo
3267 4686 3393 4738 μι-ιυ.

1816 4711 2026 4738 Αἶ.εξι2-θ
2076 4717 2138 4738 ο,
2168 4721 2180 4738 ι
2288 4724 2374 4738 ο...
2418 4729 2449 4738 .-

1814 4711 2026 4823 cipitis?
2075 4717 2180 4775 Sed
2213 4724 2374 4793 quid?
2413 4729 2643 4791 ltursum
2688 4755 2966 4802 monentes
3012 4763 3067 4807 et
3114 4711 3399 4823 consilium

1814 4803 2003 4921 dantes
2042 4826 2164 4867 cum
2194 4824 2605 4882 mansuetudine
2631 4837 2976 4902 respondent.
3024 4845 3112 4901 ‘29.
3160 4803 3391 4921 Responl:

1814 4894 1938 4951 dens
1960 4910 2128 4956 autem
2155 4904 2336 4964 Petrus
2359 4922 2408 4966 et
2431 4919 2654 4985 apostoli
2672 4894 2908 4983 diluerunt
2933 4948 2952 4985 .·
2971 4933 3186 4993 Obedire
3202 4894 3403 5012 optume:

1823 4988 1861 5012 ΐὶ
1875 5007 1891 5012 -
1903 5009 1918 5012 -
1956 5010 1978 5012 μ
1990 5011 1996 5012 κ
2078 4996 2088 5008 ⁸
2329 5004 2340 5012 ”
2442 5009 2452 5012 ⁸
2500 5011 2505 5012 ⁷
2524 5010 2529 5012 Α

1811 4988 2112 5105 Πεοιςηαθὶε
2139 5015 2293 5069 quam
2317 5004 2622 5066 hominibus.
2664 5014 2850 5087 Magna
2882 4988 3185 5095 hujusmod'i

1811 5085 2019 5193 sophia,
2049 5105 2152 5159 qua
2183 5099 2471 5155 ostendunt
2515 5106 2633 5161 illos
2675 5085 2797 5166 cum
2845 5085 2967 5169 Deo'
2999 5085 3391 5193 pugnaréﬂ-E-t-(i.

1810 5177 1948 5233 Deus
1973 5192 2177 5249 patrum
2206 5200 2493 5247 nostrorum
2519 5200 2780 5257 suscitavit
2807 5204 3005 5277 Iesum,
3032 5177 3176 5284 quem
3203 5239 3289 5278 vos
3311 5228 3390 5282 in.

1809 5272 2071 5383 ‘f'fmmi‘
2092 5282 2450 5348 “mandem”
2475 5286 2527 5340 δη
2549 5288 2707 5360 ίίθηοο
2742 5294 2830 5351 31.
2860 5272 3014 5357 Hunc
3038 5272 3397 5383 ﬁndatur-et

1809 5362 2130 5420 Salvatorem
2155 5373 2396 5428 exultavit
2417 5374 2557 5434 Deus
2579 5382 2787 5441 dextera
2806 5406 2920 5457 sua,
2949 5362 3388 5480 ad

1809 5457 2064 5480 _:.-_..-_“-
2105 5458 2145 5480 .4
2250 5465 2280 5480 ..
2344 5476 2354 5480 _
2496 5471 2507 5480 .
2568 5475 2578 5480 -

1806 5457 2067 5511 nitentium
2094 5458 2280 5518 Israeli
2307 5476 2354 5520 et
2382 5471 2726 5532 remissionem
2757 5495 3098 5552 peccatorum.
3128 5457 3384 5565 Elllll,riﬂ-

1804 5548 1940 5618 quit,
1969 5564 2127 5621 quem
2158 5570 2255 5610 vos
2282 5560 2574 5630 occidistis,
2627 5548 2769 5628 Deus
2806 5581 3102 5639 suscitavit.
3138 5589 3203 5643 Et
3240 5548 3383 5658 vide,
