4032 6212
488 268 591 323 1οῗ

482 394 617 436 vero
645 396 751 435 non
775 378 946 433 solum
980 376 1445 439 resurrectionem,
1478 375 1571 430 sed
1602 377 1763 429 etiam
1794 374 2073 428 exultatio-

489 489 635 540 nem,
668 473 717 526 id
762 481 863 530 est.
912 471 1354 538 asstuuptionem,
1400 471 1682 540 signiticat.
1732 468 1812 519 Ad
1853 469 2075 521 dandum

486 566 839 634 .panitentiam
864 561 885 613 Ι
894 565 1067 615 srasli.

559 658 614 709 2.
644 654 769 707 \‘ide
798 670 981 708 rursus
1010 654 1237 716 lucrum.
1266 662 1319 708 et
1343 653 1672 707 defensionis
1695 668 1846 707 more
1875 650 2077 707 doctri-

493 763 614 801 nam
673 746 982 816 perlecmm.
1030 746 1120 800 52.
1155 745 1220 798 Et
1260 763 1351 798 nos
1391 762 1561 798 sumus
1588 747 1699 815 ejus
1726 755 1869 798 testes
1899 745 2078 797 lterum

493 837 779 892 verborum.
822 837 1007 907 Magna
1038 837 1249 892 dicendi
1297 838 1531 891 libertas.
1570 837 1769 891 Deinde
1798 836 1863 889 ad
1907 836 2077 889 dictu-

491 950 611 987 rum
665 933 824 988 ﬁdem
864 932 1089 1001 adjicit:
1141 931 1206 985 Et
1245 933 1450 1000 spiritus
1476 941 1715 997 sanctus,
1755 946 1899 995 quem
1941 929 2079 981 dedit

495 1024 630 1078 neiis
648 1024 986 1077 obedientibus
1001 1023 1115 1076 sibi.
1144 1023 1302 1076 Vides
1316 1021 1585 1091 quomodo
1602 1036 1706 1075 non
1733 1036 1831 1074 suo
1855 1031 2075 1082 tantum,

493 1116 585 1171 sed
618 1117 776 1170 etiam
802 1114 1031 1184 Spiritus
1062 1114 1367 1167 testimonio
1396 1116 1651 1166 utantur?
1673 1113 1780 1167 Nec
1810 1113 2077 1176 dixerunt,

498 1212 657 1277 Quem
686 1209 823 1261 dedit
855 1208 1038 1272 nobis;
1088 1207 1204 1272 sed,
1241 1206 1593 1259 Obedientibus
1617 1221 1635 1260 :
1658 1206 1815 1259 simul
1843 1204 2083 1258 modeste

495 1310 731 1370 agentes,
758 1308 814 1353 et
858 1314 1105 1367 magnum
1144 1298 1288 1351 illum
1339 1311 1457 1351 esse
1486 1305 1870 1361 monstrantes,
1903 1294 2082 1348 decla-

499 1404 786 1463 rantesque
817 1391 956 1459 quod
995 1401 1049 1445 et
1076 1391 1174 1460 ipsi
1205 1390 1410 1460 possint
1440 1389 1588 1443 illum
1628 1389 1887 1455 accipere.
1928 1386 2079 1450 Vide,

499 1484 771 1557 quomodo
796 1492 852 1538 et
877 1483 1131 1552 operibus
1161 1492 1210 1536 et
1234 1481 1411 1535 verbis
1433 1479 1766 1545 erudiuntur,
1795 1494 1892 1532 nec
1912 1485 2085 1531 atten-

497 1581 626 1633 dant
654 1595 668 1643 ;
702 1587 760 1632 ut
782 1576 925 1646 justa
955 1591 1139 1630 eorum
1170 1573 1440 1628 damnatio
1467 1572 1555 1627 sit.
1609 1572 1731 1626 Ideo
1777 1572 1918 1625 enim
1965 1570 2084 1624 illos

500 1672 640 1725 Deus
668 1668 877 1723 sinebat
902 1668 952 1719 iu
990 1666 1246 1735 indiciam
1275 1664 1485 1728 adduci,
1530 1672 1588 1716 ut
1615 1663 1691 1716 illi
1720 1662 2081 1724 erudirentur,

498 1765 543 1819 si
574 1762 787 1833 quidem
828 1760 1008 1813 dicere
1036 1758 1348 1817 voluissent,
1394 1767 1448 1811 et
1483 1756 1708 1825 apostoli
1739 1754 1805 1808 ad
1839 1754 2084 1807 ﬁduciam

502 1859 918 1910 concitarentur.
944 1853 1032 1907 55.
1064 1851 1193 1907 Iltec
1222 1866 1336 1903 cum
1375 1850 1652 1914 audissent,
1684 1846 2083 1909 dissecabantur,

500 1962 545 2001 et
572 1946 854 2017 cogitabant
877 1944 1307 2013 iutcrﬁcrreillos.
1337 1942 1465 1996 Vide
1488 1943 1754 2011 ingentem
1776 1938 2084 2008 nequitiam.

500 2041 631 2096 Cum
661 2038 989 2107 oportuisset
1013 2052 1077 2089 ex
1117 2035 1181 2089 iis
1208 2051 1326 2103 qua:
1352 2033 1634 2087 audierant
1665 2031 1946 2095 deterreri,
1980 2029 2091 2084 dis-

501 2140 753 2186 secantur
781 2129 879 2191 illi,
927 2138 982 2182 et
1016 2126 1084 2181 de
1128 2124 1439 2180 occidendis
1487 2124 1618 2177 viris
1650 2121 1845 2177 frustra
1870 2120 2088 2175 consul-

505 2232 636 2276 tant.
666 2220 771 2274 Sed
797 2233 1016 2273 necesse
1046 2225 1129 2271 est
1171 2216 1417 2286 superius
1447 2214 1582 2269 lecta
1611 2224 1877 2285 repetere.
1915 2214 2084 2282 Ange-

506 2316 585 2368 lus
606 2325 775 2367 autem
803 2312 1010 2365 Domini
1041 2328 1129 2379 per
1159 2320 1352 2363 nectent
1372 2311 1601 2379 aperiens
1619 2311 1809 2378 junuas
1852 2307 2087 2371 carceris,

506 2421 553 2462 et
587 2410 801 2461 educens
847 2422 932 2459 eos
957 2404 1085 2457 dixit
1107 2420 1125 2457 :
1153 2401 1254 2467 Ite,
1294 2412 1341 2455 et
1369 2412 1557 2455 stantes
1585 2400 1847 2467 loquimini
1884 2400 1938 2451 in
1965 2409 2093 2451 tem-

508 2500 593 2567 plo
632 2501 764 2571 plebi
802 2498 971 2551 omnia
1010 2498 1156 2552 verba
1200 2498 1314 2549 vita:
1341 2496 1511 2563 hujus.
1548 2494 1784 2547 Educens
1816 2507 1833 2546 :
1861 2509 1965 2546 non
2007 2494 2094 2547 ille

511 2594 688 2649 educit
716 2607 831 2657 eos,
865 2589 957 2645 sed
982 2588 1232 2652 dimittit;
1258 2596 1313 2640 ut
1336 2588 1459 2641 hinc
1485 2586 1795 2640 ostendatur
1816 2586 2096 2654 imperter.

509 2689 644 2743 ritus
688 2688 901 2740 illorum
930 2688 1170 2748 animus,
1221 2698 1378 2752 quem
1413 2681 1511 2751 ipsi
1540 2680 1918 2742 exhibucrunt,
1976 2694 2094 2733 cum

510 2786 670 2834 noctu
716 2778 768 2831 in
821 2775 1076 2844 templum
1110 2774 1333 2842 ingressi
1374 2771 1656 2826 decebant.
1701 2770 1853 2837 Quod
1906 2771 1949 2824 si
1982 2770 2098 2825 illos

512 2871 797 2940 eiecissent
839 2869 1121 2930 custodes,
1151 2876 1208 2920 ut
1232 2866 1308 2919 illi
1342 2865 1636 2935 putabant,
1672 2864 1938 2933 fugissent
1965 2879 2095 2933 apo-

512 2966 656 3029 stoli,
685 2964 729 3018 si
760 2973 935 3017 tamen
964 2962 1461 3028 obtemperassent;
1514 2959 1623 3012 imo
1653 2958 1698 3011 si
1741 2959 1861 3010 illos
1889 2956 2101 3011 emisis-

512 3064 648 3118 sent,
702 3070 806 3107 non
840 3054 894 3106 in
935 3050 1135 3121 templo
1161 3050 1459 3114 stetissent,
1489 3048 1584 3103 sed
1613 3048 1791 3118 fugam
1819 3048 2090 3109 fecissent,

514 3145 655 3217 quod
710 3160 865 3199 nemo
916 3158 1020 3197 nOu
1069 3141 1277 3204 videat,
1328 3141 1429 3193 nisi
1464 3139 1726 3209 insipiens
1774 3139 1862 3192 sit.
1915 3137 2103 3191 Nonne

509 3234 854 3307 .prwcipiendo
905 3231 1230 3303 praecepimus
1275 3230 1454 3283 vobis?
1500 3231 1553 3283 Si
1607 3230 1791 3298 utique
1837 3228 1912 3283 illi
1952 3228 2102 3283 vobis

517 3323 1027 3394 obtemperaveriut,
1072 3330 1217 3374 recte
1246 3319 1510 3388 arguitis;
1565 3317 1648 3372 sin
1694 3327 1819 3371 tunc
1868 3318 2105 3373 dixerint

518 3416 669 3471 vobis
707 3431 765 3470 se
794 3428 898 3468 non
927 3414 1395 3481 obtemperaturos
1426 3425 1569 3476 esse,
1619 3409 1815 3463 frustra
1857 3410 2101 3481 arguitis,

522 3511 714 3563 frustra
752 3504 1062 3576 praecipitis.
1093 3503 1227 3559 Vide
1255 3503 1541 3558 criminum
1586 3503 2101 3573 inconsequentiam,

521 3611 576 3655 et
604 3602 869 3669 ingentem
902 3597 1201 3651 stultitiam.
1234 3596 1647 3667 Sanguinarium
1677 3596 1894 3651 demum
1922 3599 2107 3652 volunt

524 3693 810 3748 ostendere
857 3692 1163 3747 Judmorum
1194 3690 1454 3757 animum,
1494 3700 1550 3745 et
1574 3689 1717 3760 quod
1748 3691 1846 3760 ipsi
1880 3708 1986 3746 non
2019 3710 2109 3748 ve-

518 3786 697 3839 ritatis
723 3799 883 3839 causa
925 3787 1038 3838 haec
1080 3791 1257 3852 agant,
1289 3782 1381 3837 sed
1416 3797 1472 3837 ut
1498 3799 1556 3837 se
1588 3783 1931 3838 ulciscantur.
1986 3786 2108 3841 Ideo

527 3896 632 3933 non
685 3878 941 3932 audacter
990 3877 1120 3947 ipsis
1164 3877 1492 3946 respondent
1541 3877 1814 3946 apostoli:
1861 3878 2108 3934 doctores

527 3972 669 4025 enim
702 3979 887 4035 erant;
928 3970 1029 4025 etsi
1071 3969 1189 4039 quis
1231 3984 1351 4024 cum
1382 3970 1651 4025 civitatem
1680 3979 1843 4025 totam
1874 3987 2110 4024 commo-

530 4066 713 4129 visset,
739 4074 794 4119 et
820 4073 963 4118 tanta
991 4063 1152 4117 fultus
1177 4075 1318 4118 esset
1339 4065 1529 4133 gratia,
1563 4080 1666 4119 non
1686 4081 1936 4135 maguum
1958 4066 2111 4136 quid-

532 4157 669 4227 piam
709 4157 958 4226 loquutus
1005 4157 1190 4211 esset?
1239 4159 1309 4211 At
1349 4171 1452 4210 non
1489 4156 1538 4209 id
1570 4156 1810 4212 fecerunt
1846 4160 1952 4223 illi;
2005 4175 2110 4214 non

531 4251 673 4307 enim
697 4250 1084 4314 irascebantur,
1116 4248 1211 4303 sed
1248 4248 1636 4303 miserabantur
1662 4261 1713 4303 et
1741 4251 2111 4320 lacrymaban-

533 4354 618 4398 tur
646 4344 785 4407 illos,
816 4349 872 4396 et
897 4339 1289 4400 deliberabant.
1317 4338 1585 4409 quomodo
1618 4341 1733 4393 illos
1756 4340 1825 4393 ab
1852 4355 2034 4396 errore
2060 4353 2115 4397 et.

534 4436 609 4487 ira
641 4440 970 4487 revocarent.
1005 4429 1121 4484 Non
1160 4431 1297 4486 ultra
1341 4430 1525 4485 dicunt
1557 4432 1679 4493 illis,
1732 4431 1828 4486 Vos
1851 4433 2115 4503 judicate;

534 4527 630 4581 sed
682 4526 754 4580 ita
801 4524 1122 4579 sententiam
1174 4523 1374 4591 lerunt,
1431 4524 1593 4591 Quem
1636 4525 1772 4582 Deus
1822 4529 2115 4595 suscitavit;

534 4620 660 4674 hinc
687 4618 1042 4683 declarantes,
1099 4616 1214 4672 haec
1259 4633 1325 4673 ex
1372 4619 1634 4673 sententia
1679 4620 1773 4675 Dei
1812 4620 1947 4676 facta
1973 4638 2112 4678 esse.

531 4710 650 4767 Non
670 4709 923 4764 dixerunt
952 4726 964 4761 :
990 4709 1183 4763 Annon
1208 4717 1335 4763 tunc
1357 4709 1595 4763 diximus
1629 4712 1779 4765 vobis
1809 4728 1823 4761 :
1851 4711 1970 4765 Non
1999 4732 2117 4783 pos-

531 4819 727 4867 sumus,
754 4816 869 4869 qua:
896 4800 1112 4855 vidimus
1135 4810 1183 4855 et
1210 4801 1517 4867 audivimus,
1571 4818 1673 4857 non
1714 4804 1852 4874 loqui
1900 4805 2034 4873 (Act.
2060 4807 2115 4860 4.

532 4897 670 4968 20)?
711 4910 816 4950 non
844 4895 987 4950 enim
1019 4893 1343 4949 contentiosi
1366 4904 1555 4959 erant;
1586 4894 1682 4950 sed
1710 4912 1894 4950 rursus
1929 4897 2115 4952 eadem

538 4996 742 5052 dicunt,
770 5000 985 5041 crucem
1017 4998 1230 5053 nempe,
1260 4985 1729 5039 resurrectionem.
1768 4985 1952 5056 Neque
1977 4989 2117 5042 rele-

534 5091 660 5138 runt
684 5095 800 5144 cur,
825 5093 924 5132 nec
959 5076 1100 5147 quod
1128 5090 1226 5146 pro
1255 5075 1412 5131 nobis
1432 5076 1718 5131 cruciﬁxus
1741 5078 1843 5143 sit;
1873 5078 1967 5134 sed
1987 5079 2118 5135 sub-

536 5173 775 5228 indicant
803 5169 1041 5241 quidem,
1086 5183 1185 5222 nec
1228 5167 1510 5223 manifeste
1558 5168 1863 5239 loquuntur,
1900 5180 1957 5226 ut
1997 5172 2116 5227 illos

538 5265 748 5319 interim
789 5263 1117 5317 deterreant.
1164 5261 1420 5329 Quaenam
1453 5262 1540 5316 hic
1569 5261 1877 5317 rhetorica?
1918 5264 2070 5319 Nulla
2099 5284 2113 5321 :

539 5358 611 5411 ita
641 5356 759 5410 sine
796 5368 1055 5425 apparatu
1085 5357 1421 5427 evangelium
1452 5358 1575 5411 vita:
1605 5357 1984 5427 praedicabant.
2020 5358 2117 5415 Ubi

536 5449 691 5513 dixit,
722 5446 1008 5513 Excitavit,
1040 5448 1263 5515 addidit,
1297 5465 1397 5518 qua
1442 5449 1511 5504 de
1551 5465 1707 5503 causa
1743 5469 1755 5504 :
1785 5451 1865 5503 Ad
1896 5451 2119 5506 dandam

538 5538 881 5612 paenitentiam
930 5538 1115 5593 Israeli
1142 5581 1155 5601 ,
1233 5549 1280 5593 et
1359 5543 1702 5595 remissionem
1777 5554 2115 5611 peccatorum.

539 5632 609 5686 At
662 5631 876 5697 dicent,
930 5631 1055 5687 llaec
1108 5640 1234 5687 tunc
1278 5631 1576 5700 probabilia
1620 5646 1725 5686 non
1784 5633 2114 5689 videbantur.

539 5724 676 5791 Quid
723 5724 903 5781 dicis?
939 5724 1207 5795 quomodo
1249 5740 1353 5779 non
1401 5721 1695 5792 probabilia
1740 5725 1867 5794 illa,
1919 5727 2111 5797 quibus

1191 261 1246 316 S.
1286 259 1563 316 JUANNIS
1598 259 2075 315 CllRYSOSTOMl
2113 259 2432 339 ARCHIEP.
2472 258 3000 317 CONSTANTINOP.

3671 266 3775 320 £08

2182 390 2284 429 nec
2332 373 2598 444 principes
2644 391 2745 429 nec
2782 377 3063 430 multitudo
3090 378 3459 434 contradicere
3502 386 3772 448 poterant,

2183 466 2277 521 sed
2325 468 2554 522 aliorum
2598 468 2812 536 quidem
2844 484 2937 522 ora
2983 469 3403 533 obturabantur,
3450 472 3537 525 alii
3596 483 3779 527 autem

2182 561 2543 616 docebantur?
2572 561 2639 615 Et
2660 579 2751 615 nos
2772 579 2965 625 sumus,
2997 562 3189 633 inquit,
3217 575 3362 618 testes
3390 565 3570 617 Iterum
3596 566 3781 617 verbo-

2183 668 2316 704 rum.
2345 654 2581 719 Quorum
2604 654 2628 705 ’1
2677 653 2829 719 Quod
2863 656 3235 711 remissionem
3260 696 3273 715 .
3321 656 3460 725 quod
3507 660 3782 725 paeniten-

2186 744 2311 797 tiam
2341 745 2646 813 promiserit
2676 762 2689 797 :
2721 762 2842 799 nam
2871 747 3192 801 resurrectio
3215 750 3267 801 in
3292 748 3540 802 ceiifesso
3560 748 3785 801 demum

2185 843 2318 889 erat.
2352 836 2504 901 Quod
2551 852 2677 890 vero
2705 836 2795 890 det
2822 838 3199 893 remissionem
3227 879 3241 907 ,
3291 847 3346 892 et
3374 854 3472 892 nos
3496 848 3657 893 testes
3688 855 3787 893 su-

2186 940 2306 980 mus
2331 937 2385 981 et
2404 926 2632 995 Spiritus
2654 937 2886 992 sanctus,
2916 930 3003 998 qui
3022 947 3129 983 non
3156 931 3412 991 veuiSset,
3434 931 3529 983 nisi
3551 944 3779 1000 peccata

2186 1027 2309 1072 ante
2336 1017 2505 1071 soluta
2531 1019 2771 1071 fuissent.
2802 1020 3194 1089 Argumentum
3219 1021 3395 1089 itaque
3422 1021 3785 1074 indubitatum

2188 1109 2290 1162 hoc
2330 1120 2430 1163 est.
2487 1108 2832 1163 Peccatorum
2879 1112 3249 1165 remissionem
3283 1112 3456 1177 audis,
3494 1113 3654 1165 miser
3679 1155 3692 1175 ,
3729 1125 3789 1166 et

2187 1199 2328 1268 quod
2354 1213 2538 1267 pmnas
2562 1214 2664 1252 non
2692 1208 2933 1268 repetat,
2965 1211 3018 1254 et
3049 1200 3127 1254 vis
3155 1201 3439 1255 occidere?
3472 1202 3537 1255 Et
3564 1213 3788 1272 quanta:

2190 1292 2290 1347 hoc
2318 1293 2567 1362 nequitia'.
2598 1308 2702 1345 nou
2742 1291 2937 1346 fuerit?
2976 1294 3133 1362 Atqui
3175 1294 3477 1362 oportebat,
3513 1296 3593 1349 vel
3626 1310 3789 1348 men-

2189 1385 2381 1437 tientes
2413 1384 2771 1454 redarguere;
2805 1385 2886 1438 vel
2915 1386 2958 1438 si
2990 1386 3191 1440 nollent
3211 1388 3455 1452 credere,
3490 1402 3597 1441 non
3624 1390 3777 1442 οιεοίο

2190 1477 2335 1531 dere.
2373 1477 2510 1544 Quid
2572 1480 2714 1531 enim
2757 1490 2931 1532 morte
2961 1478 3177 1549 dignum
3223 1480 3377 1533 erat?
3441 1485 3508 1535 At
3554 1483 3627 1535 illi
3664 1498 3785 1551 prae

2190 1568 2370 1624 furore
2401 1586 2467 1624 ne
2504 1570 2719 1637 quidem
2752 1571 2993 1625 sciebant
3022 1572 3145 1641 quid
3176 1571 3371 1627 factum
3402 1584 3563 1628 esset.
3619 1574 3787 1638 Vide,

2191 1661 2458 1730 quomodo
2490 1661 2575 1716 bic
2606 1663 2811 1716 facinus
2840 1672 3221 1727 memorantes,
3254 1665 3321 1719 de
3345 1666 3663 1720 remissione
3692 1668 3784 1721 lo-

2191 1763 2421 1820 quantur
2455 1772 2468 1807 :
2502 1753 2846 1808 ostendentes
2875 1753 3108 1807 facinora
3135 1756 3350 1825 quidem
3395 1766 3566 1811 morte
3618 1759 3788 1827 digna

2192 1859 2330 1910 esse,
2388 1845 2760 1900 remissionem
2810 1861 2938 1900 vero
2968 1846 3119 1915 quasi
3157 1847 3595 1915 resipiscentibus
3640 1850 3787 1903 dari.

2193 1936 2473 2002 Quomodo
2524 1938 2679 1991 aliter
2712 1938 3016 2006 persuaderi
3053 1948 3317 2007 poterant,
3349 1957 3504 2008 quam
3534 1942 3792 1996 docendo

2195 2030 2317 2083 illos
2349 2031 2426 2082 sie
2468 2030 2604 2084 bene
2646 2041 2859 2083 acturos
2898 2032 3054 2084 esse”?
3105 2029 3171 2083 Et
3198 2031 3319 2085 vide
3348 2033 3731 2100 malignitatem
3772 2055 3787 2087 :

2194 2122 2516 2176 Sadducazos
2543 2121 2645 2175 illis
2693 2121 2977 2187 inducunt,
3028 2122 3116 2191 qui
3149 2126 3379 2177 maxime
3421 2123 3487 2177 de
3539 2141 3795 2179 resurre-

2196 2214 2373 2267 ctione
2401 2212 2692 2277 dolebant;
2721 2213 2814 2268 sed
2843 2215 2970 2267 nihil
2998 2213 3101 2268 illis
3120 2216 3319 2268 malitia
3342 2215 3563 2285 profuit.
3589 2218 3791 2272 Verum

2198 2304 2425 2358 fortasse
2457 2304 2598 2358 dicet
2622 2306 2885 2375 quiSpiam
2917 2322 2929 2357 :
2963 2305 3159 2375 Ecquis
3182 2307 3375 2360 talibus
3404 2305 3606 2369 fruens,
3648 2326 3793 2377 qua-

2198 2394 2339 2448 libus
2380 2395 2648 2464 apostoli,
2683 2396 2863 2457 bonis,
2902 2412 3007 2449 non
3041 2412 3264 2466 magnus
3294 2397 3463 2452 factus
3507 2402 3673 2453 esset?
3720 2405 3796 2455 At

2200 2486 2319 2541 vide
2346 2486 2637 2556 quomodo,
2666 2497 2955 2555 antequam
2983 2489 3150 2556 gratia
3179 2488 3502 2554 fruerentur,
3537 2506 3798 2559 perseve-

2200 2586 2387 2632 rantes
2433 2578 2757 2631 unauimiter
2808 2579 3040 2632 erantin
3073 2578 3335 2646 oratione,
3368 2591 3423 2633 et
3464 2581 3515 2634 in
3556 2596 3794 2650 superna

2200 2673 2368 2741 gratia
2401 2680 2700 2740 sperantes.
2735 2670 2802 2723 Et
2847 2682 2923 2735 tu,
2970 2669 3205 2737 dilecte,
3259 2687 3481 2740 regnum
3532 2674 3794 2727 czcloruni

2202 2777 2408 2831 speras,
2427 2772 2481 2815 et
2499 2761 2626 2815 nihil
2658 2761 2921 2816 sustines?
2951 2770 3003 2814 ct
3031 2772 3082 2814 tu
3106 2761 3360 2829 Spiritum
3389 2764 3659 2832 accepisti,
3690 2781 3798 2819 nec

2206 2856 2327 2908 talia
2363 2855 2601 2923 pateris,
2646 2868 2821 2923 neque
2851 2852 3215 2923 perielitaris?
3267 2852 3345 2907 Illi
3397 2855 3702 2926 priusquam
3762 2875 3796 2911 a

2205 2947 2472 3016 prioribus
2497 2947 2843 3015 respirarent,
2865 2962 3049 3001 rursus
3063 2946 3128 3000 ad
3151 2947 3251 3000 alia
3272 2947 3620 3003 ducebantur.
3655 2951 3799 3006 illud

2205 3048 2381 3093 autem
2413 3040 2582 3108 ipsum
2607 3055 2710 3091 non
2738 3038 2931 3103 inﬂari,
2966 3054 3063 3092 nec
3089 3055 3222 3093 vana
3250 3041 3422 3110 gloria
3442 3042 3603 3108 allici,
3622 3060 3799 3113 quan-

2208 3140 2315 3185 tum
2362 3140 2439 3186 est
2473 3132 2705 3185 bonum?
2733 3130 2863 3187 Cum
2894 3134 3301 3188 mansuetudine
3330 3134 3496 3203 loqui,
3532 3146 3799 3206 quantum

2207 3233 2289 3279 est
2313 3226 2555 3279 lucrum?
2598 3225 2781 3295 Neque
2825 3227 2968 3280 enim
3021 3226 3201 3281 omnia
3231 3230 3416 3297 gratia:
3456 3239 3644 3293 erant;
3698 3231 3804 3283 sed

2210 3317 2420 3371 illorum
2450 3332 2660 3387 quoque
2690 3318 2850 3372 studii
2883 3318 3077 3373 indicia
3111 3321 3273 3374 multa
3303 3332 3444 3373 sunt.
3482 3321 3613 3376 Nam
3647 3325 3804 3393 quod

2210 3409 2392 3479 gratia:
2416 3408 2555 3464 dona
2584 3410 2635 3463 in
2677 3409 2782 3465 illis
2810 3410 3175 3480 splenderent,
3227 3426 3410 3466 eorum
3442 3428 3585 3468 cura:
3611 3425 3667 3470 et
3710 3416 3807 3470 di—

2212 3502 2441 3573 ligentia:
2470 3511 2606 3557 erat.

2284 3597 2336 3650 3.
2381 3595 2512 3650 Vide
2539 3612 2766 3665 namque
2793 3594 2971 3651 statim
3000 3613 3031 3652 a
3061 3597 3322 3668 principio
3348 3614 3503 3668 quam
3528 3598 3799 3655 sollicitus

2220 3690 2290 3743 sit
2320 3690 2528 3751 Petrus,
2564 3706 2723 3759 quam
2752 3690 2876 3761 vigil
2904 3701 2957 3745 et
2982 3693 3226 3756 sobrius;
3260 3691 3528 3761 quomodo
3571 3693 3806 3748 creden-

2216 3789 2296 3834 tes
2329 3781 2582 3849 pecunias
2612 3780 2960 3851 abjiciebant.
3004 3780 3147 3835 Nihil
3194 3783 3463 3852 proprium
3513 3783 3805 3847 habebant,

2218 3874 2268 3926 in
2302 3876 2543 3929 oratione
2576 3875 2948 3941 versabantur,
2978 3875 3319 3930 eooeordiam
3350 3875 3698 3939 exhibebant,
3750 3879 3806 3931 iu

2214 3965 2430 4034 jejuuiis
2460 3966 2709 4034 agebant.
2755 3966 2879 4020 llaec
2906 3981 2969 4020 cx
3001 3981 3104 4037 qua
3134 3968 3323 4036 gratia,
3357 3984 3537 4037 qtueso
3556 3967 3580 4020 ?
3601 3968 3722 4022 Ideo
3752 3968 3807 4022 id

2218 4057 2416 4121 eflicit,
2468 4068 2524 4109 ut
2572 4073 2666 4125 per
2717 4058 2994 4111 ministros
3059 4073 3186 4112 suos
3236 4058 3658 4129 redarguantur;
3709 4062 3810 4129 qui

2219 4149 2397 4212 etiam,
2450 4159 2503 4203 ut
2552 4150 2689 4219 apud
2736 4149 3008 4204 Christum
3034 4151 3180 4203 missi
3208 4150 3475 4215 dicebant,
3508 4150 3810 4221 Numquam

2221 4242 2369 4295 homo
2400 4242 2473 4294 sic
2495 4240 2732 4310 loquutus
2778 4252 2871 4307 est,
2904 4252 3031 4293 sicut
3078 4242 3159 4294 hic
3200 4242 3349 4295 homo
3381 4242 3559 4311 (Joan.
3588 4243 3639 4297 7.
3672 4244 3770 4310 46)
3794 4234 3831 4303 ,“

2220 4334 2671 4389 annuntiaverunt
2696 4335 2895 4388 reversi
2928 4351 3046 4403 qum
3072 4333 3333 4389 viderant.
3364 4335 3443 4388 Tu
3466 4344 3640 4387 autem
3673 4337 3811 4389 mihi

2222 4427 2308 4483 hic
2338 4427 2616 4482 considera
2643 4428 2853 4481 illorum
2882 4426 3367 4491 mansuetudinem,
3410 4428 3680 4497 quomodo
3710 4443 3811 4481 ce-

2159 4582 2175 4591 _
2223 4522 2394 4587 dunt;
2428 4536 2636 4576 necnon
2668 4520 2847 4574 ﬁctam
2893 4521 3149 4591 principis
3176 4522 3514 4576 sacerdotum
3548 4531 3812 4576 mentem.

2226 4614 2495 4670 Mansuete
2521 4612 2663 4666 enim
2694 4612 2800 4666 illis
2830 4612 3084 4682 loquitur,
3118 4620 3302 4681 utpote
3336 4613 3561 4673 timens;
3601 4622 3656 4666 et
3687 4629 3815 4681 pro-

2223 4704 2408 4760 hibere
2442 4705 2610 4774 magis
2639 4703 2887 4770 volebat,
2934 4719 3091 4774 quam
3128 4702 3393 4765 occidere,
3423 4704 3545 4773 quia
3596 4704 3646 4758 id
3702 4719 3815 4759 non

2228 4806 2453 4867 poterat.
2496 4800 2671 4868 Atque
2713 4807 2774 4853 ut
2815 4812 3005 4853 omnes
3040 4806 3293 4863 moveat,
3336 4813 3399 4851 ac
3442 4797 3510 4851 de
3554 4800 3818 4869 extremis

2227 4890 2516 4964 periclitari
2545 4891 2790 4957 suadeat,
2827 4889 3017 4951 Vultis,
3051 4890 3240 4959 inquit,
3265 4890 3503 4945 inducere
3537 4908 3688 4957 super
3719 4908 3819 4945 nos

2226 4983 2522 5054 sanguinem
2558 4982 2775 5036 hominis
2815 4981 2996 5037 illius?
3045 4982 3234 5038 Adhuc
3277 4982 3436 5036 homo
3469 4983 3560 5036 tibi
3604 4982 3821 5037 videtur

2226 5074 2388 5129 esse?
2419 5072 2493 5128 lla
2533 5074 2687 5139 dixit,
2721 5073 3013 5128 ostendens
3041 5075 3142 5127 hoc
3170 5083 3494 5143 praeceptum
3523 5083 3578 5128 et
3601 5074 3817 5141 jussum

2228 5168 2329 5220 sibi
2364 5167 2491 5235 ipsis
2536 5167 2897 5221 necessarium
2942 5181 3082 5221 esse.
3124 5165 3227 5220 Sed
3275 5165 3397 5220 vide
3445 5165 3572 5235 quid
3622 5165 3821 5219 Petrus

2226 5259 2369 5313 dicat
2398 5275 2410 5310 ε
2444 5256 2599 5311 Hunc
2650 5258 2927 5327 principem
2958 5268 3002 5312 et
3031 5258 3346 5312 Saleatorem
3389 5257 3525 5310 Deus
3575 5258 3824 5311 exultauit

2227 5352 2437 5406 dextera
2458 5368 2573 5417 sua,
2606 5352 2673 5405 ad
2702 5351 2926 5405 dandam
2956 5353 3298 5420 paenitentiam
3326 5351 3535 5418 Israeli,
3565 5362 3611 5404 et
3638 5352 3824 5405 remis-

2227 5447 2419 5499 sionem
2461 5455 2795 5514 peccatorum.
2832 5446 2927 5498 llic
2955 5460 3060 5498 non
3088 5446 3610 5515 meminitgentium,
3662 5454 3719 5497 ut
3754 5461 3823 5500 ne

2228 5556 2412 5595 ausam
2440 5539 2611 5593 daret.
2643 5538 2709 5591 Et
2738 5539 2986 5605 volebant,
3015 5539 3206 5608 inquit,
3248 5538 3474 5591 occidere
3498 5537 3636 5591 illos.
3686 5537 3823 5592 Vide

2227 5649 2437 5689 rursum
2468 5633 2565 5685 hos
2591 5632 2642 5686 in
2672 5631 2914 5701 angustia
2940 5641 2994 5686 et
3019 5631 3248 5694 dolore;
3283 5631 3399 5684 illos
3422 5644 3550 5684 vero
3578 5630 3629 5681 in
3661 5631 3818 5698 quic-

2232 5738 2315 5795 te,
2348 5728 2527 5783 hetitia
2557 5738 2607 5783 et
2632 5727 2920 5796 voluptate.
2948 5724 3062 5782 Non
3093 5724 3408 5795 simpliciter
3432 5722 3505 5777 illi
3535 5721 3816 5785 dolebant,
