4014 6218
563 335 670 393 109

545 463 736 504 κεισαν
761 442 1115 511 δικαστηρίῳ,
1168 441 1263 494 καὶ
1303 443 1353 494 οἰ
1403 441 1716 506 δικάζοντες
1733 438 1873 514 ἦσαν
1904 441 1962 492 ἐν
1988 440 2124 492 ἀπο-

546 531 640 601 ρίᾳ
665 542 714 591 ιι,
751 530 808 579 ἐν
831 524 1111 594 ἀμηχανίᾳ
1133 523 1319 594 πολλῇ.
1350 525 1616 596 Καθάπερ
1649 525 1758 594 γὰρ
1786 527 1817 578 ό
1851 523 1943 577 τὸν
1991 521 2122 576 ἀδά-

545 627 721 682 μαντα
741 609 1014 678 πλήττων,
1037 606 1200 669 αὐτὸς
1226 606 1494 677 λαμϐάνει
1538 608 1639 677 τὴν
1688 608 1932 676 ’πληγήν⁹
1978 604 2123 658 οῦτω

537 693 601 762 δὴ
659 691 755 744 καὶ
797 682 965 744 οὗτοι.
1041 689 1182 742 Ἀλλ’
1247 687 1434 760 ἐώρων
1504 689 1565 742 ού
1636 689 1797 760 μόνον
1837 691 1937 742 οὐκ
2009 689 2125 757 ἐμ-

538 772 897 844 ποδιζομένην
953 771 1133 825 αὐτῶν
1193 771 1293 844 τὴν
1329 771 1664 844 παρρησίαν,
1697 770 1832 824 ἀλλά
1861 771 1957 825 καὶ
1989 768 2125 841 μᾶλ-

499 893 505 930 λ
536 862 628 916 λον
653 861 954 930 αὐξόμενον
990 859 1053 912 τὸ
1081 859 1366 930 κήρυγμα,
1395 860 1491 911 καὶ
1526 857 1964 928 ἀκαταπλήκτως
2003 848 2122 912 δια-

459 915 505 952 ”)
534 915 857 1014 λεγομένοῦς
880 941 908 980 δ
941 915 1170 1004 αὐτοὺς,
1195 915 1288 994 καί
1319 915 1392 1012 μὴ
1429 941 1770 1012 παρέχοντας
1795 915 1987 1003 λαϐάς.
2017 941 2123 992 Μι-

537 1031 844 1102 μησῶμεθα
866 1030 1088 1092 τούτους
1113 1029 1176 1099 δὴ
1208 1029 1304 1082 καὶ
1323 1030 1502 1100 ἡμεῖς,
1527 1028 1821 1100 ἀγαπητοὶ,
1864 1027 1960 1081 καὶ
1989 1029 2122 1081 ἀκα-

530 1115 834 1184 τάπληκτοι
867 1114 926 1165 ἐν
956 1113 1092 1165 πᾶσι
1129 1110 1416 1181 γενώμεθα
1444 1115 1556 1175 τοῖς
1590 1111 1803 1175 δεινοῖς.
1835 1111 1948 1163 Οὐκ
2002 1109 2118 1164 ἔστι

531 1195 699 1249 δεινόν
734 1212 788 1248 τι
813 1193 893 1264 τῷ
922 1194 1242 1265 φοϐουμένῳ
1269 1194 1361 1248 τὸν
1392 1195 1544 1259 Θεὸν,
1581 1193 1707 1248 ἀλλ’
1758 1195 1816 1247 ἐν
1863 1195 1978 1257 τοῖς
2041 1193 2115 1264 μὴ

531 1279 889 1350 φοϐουμένοις
948 1280 1068 1331 ἐστὶ
1117 1279 1184 1332 τὰ
1240 1278 1409 1332 δεινά.
1446 1279 1504 1331 Ὀ
1537 1278 1646 1348 γάρ
1677 1277 1788 1331 τῶν
1832 1276 2021 1331 παθῶν
2047 1278 2114 1334 δι’

529 1362 729 1433 ἀρετῆς
755 1361 1026 1432 ἀνῶτερος
1047 1362 1351 1433 γινόμενος,
1366 1362 1456 1415 καὶ
1477 1360 1665 1430 ὥσπερ
1695 1361 1853 1414 σκιὰν
1878 1360 1946 1414 τά
1967 1376 2113 1431 παρ-

527 1445 654 1498 όντα
701 1445 1062 1515 παρατρέχων
1097 1445 1430 1515 πράγματα,
1465 1445 1584 1507 πῶς
1617 1443 1724 1496 ὑπό
1749 1460 1896 1507 τινος
1929 1442 2112 1495 πείσε-

526 1544 616 1581 ται
641 1528 846 1592 δεινόν;
875 1527 994 1580 τίνα
1015 1528 1072 1580 δέ
1096 1527 1503 1598 φοϐηθήσεται;
1534 1527 1568 1598 ἢ
1615 1527 1668 1580 τί
1719 1527 1791 1580 τὰ
1841 1527 1990 1580 δεινά
2026 1527 2108 1578 λο-

525 1615 761 1678 γιεῖται;
784 1611 996 1665 Οὐκοῦν
1019 1610 1424 1680 καταφύγωμεν
1449 1612 1541 1664 ἐπὶ
1561 1612 1765 1681 ταύτην
1781 1612 1879 1681 τὴν
1902 1612 2109 1680 πέτραν

523 1697 621 1768 τὴν
645 1697 910 1752 ἄσειστον.
943 1696 1008 1749 Εἰ
1057 1695 1208 1748 πόλιν
1251 1697 1380 1766 ἡμῖν
1415 1712 1498 1757 τις
1545 1693 1909 1758 κατεσκεύαζε
1934 1693 2104 1765 ιιοη,

525 1782 618 1834 καὶ
653 1782 830 1848 τεῖχος
863 1779 1197 1848 περιετίθει·
1245 1779 1444 1846 μᾶλλον
1477 1778 1533 1830 δὲ
1567 1779 1615 1830 εἰ
1642 1777 1921 1848 ἀπῴκιζεν
1959 1779 2107 1848 ἡμᾶς

524 1865 604 1926 εἰς
634 1864 758 1933 γῆν,
789 1861 917 1916 ἔνθα
949 1863 1136 1932 μηδεὶς
1161 1857 1228 1932 ἦν
1271 1865 1298 1914 ὁ
1330 1863 1580 1932 ἐνοχλῶν,
1627 1863 1722 1915 καὶ
1773 1863 1954 1916 πᾶσαν
1990 1864 2107 1914 ἐκεῖ

522 1950 752 2017 παρεῖχε
777 1946 876 2016 τὴν
905 1947 1183 2014 ἀφθονίαν,
1208 1946 1307 1998 οὐκ
1343 1947 1501 2014 ἀφεὶς
1534 1945 1671 2016 πρὸς
1721 1946 1915 1999 οὐδένα
1964 1947 2106 2016 πρᾶ-

521 2047 638 2100 γμα
659 2029 824 2098 ἔχειν,
852 2030 951 2082 οὐκ
976 2031 1040 2082 ἂν
1067 2029 1212 2102 ἡμᾶς
1234 2031 1290 2080 ἐν
1307 2028 1543 2101 τοσαύτῃ
1569 2027 1903 2098 κατέστησεν
1934 2031 2103 2096 ἀσφα-

521 2112 656 2183 λείᾳ.
687 2116 745 2164 ἐν
766 2113 866 2184 ὅσῃ
895 2110 990 2163 νῦν
1010 2113 1038 2168 ὁ
1070 2112 1327 2180 Χριστός.
1363 2112 1542 2163 Ἔστω
1577 2110 1738 2178 γοῦν,
1788 2112 1835 2164 εί
1899 2111 2098 2180 βούλει,

519 2199 613 2250 καὶ
644 2199 679 2268 ἡ
714 2196 867 2257 πόλις
901 2194 1102 2264 χαλκῆ,
1138 2196 1316 2264 τεῖχος
1349 2193 1613 2246 πάντοθεν
1664 2193 1863 2264 ἔχουσα
1906 2211 2102 2265 καρτε-

520 2279 614 2352 ρὸν
644 2280 740 2333 καὶ
768 2277 1041 2332 ἀνάλωτον
1060 2288 1106 2314 θ’
1146 2277 1337 2346 μηδείς
1379 2276 1515 2346 αὐτῇ
1547 2277 1894 2347 προσκείσθω
1937 2277 2098 2330 πολέ-

521 2381 663 2434 μιος,
695 2363 928 2430 ἄφθονον
952 2361 1123 2432 ἐχέτω
1149 2360 1254 2428 γῆν
1277 2361 1370 2413 καί¹
1400 2359 1638 2429 λιπαράν
1659 2376 1672 2390 ·
1738 2360 1997 2429 παρέστω
2042 2362 2099 2414 δέ

517 2446 612 2499 καὶ
649 2447 682 2514 ἡ
720 2445 830 2496 τῶν
865 2442 1038 2496 ἄλλων
1065 2440 1296 2511 ἀφθονία
1325 2443 1662 2512 πραγμάτων
1687 2459 1700 2472 ·
1737 2441 1980 2497 ἔστωσαν
2003 2444 2098 2496 καὶ

516 2530 734 2582 πολῖται
759 2528 959 2596 ἥμεροι
991 2526 1086 2577 καὶ
1118 2528 1432 2596 προσηνεῖς,
1468 2525 1562 2576 καὶ
1591 2523 1780 2594 μηδεὶς
1808 2527 1924 2577 ἐκεῖ
1976 2543 2099 2594 φαι-

517 2611 691 2665 νέσθω
723 2609 1033 2681 κακοῦργος
1057 2608 1219 2681 ἀνὴρ,
1250 2607 1324 2678 μὴ
1354 2607 1613 2676 κλέπτης,
1651 2607 1726 2679 μὴ
1759 2605 2095 2678 λωποδύτης,

519 2694 594 2766 μὴ
633 2695 992 2765 συκοφάντης,
1034 2692 1107 2762 μὴ
1135 2691 1508 2761 δικαστήριον,
1544 2690 1680 2743 ἀλλά
1717 2691 2098 2763 συναλλάγμα-

514 2796 584 2832 τα
613 2777 797 2839 ἁπλῶς
816 2792 829 2806 ⁶
861 2775 955 2832 καὶ
983 2774 1184 2844 ταύτην
1213 2773 1450 2845 οἰκῶμεν
1495 2774 1592 2845 τὴν
1653 2773 1804 2829 πόλιν
1827 2791 1841 2806 ·
1877 2775 1976 2828 οῦκ
2029 2771 2097 2846 ἦν

513 2861 634 2915 οὐδὲ
663 2859 835 2922 οὓτως
865 2861 922 2912 ἐν
956 2856 1224 2929 ἀσφαλείᾳ
1263 2858 1383 2928 ζῇν.
1407 2857 1505 2911 Διά
1536 2858 1588 2909 τί
1606 2875 1620 2924 ;
1643 2859 1764 2912 Ὅτι
1814 2858 1909 2912 καὶ
1962 2860 2098 2929 πρὸς

512 2946 748 3007 οἰκέτας,
786 2943 880 2996 καί
905 2940 1040 3011 πρὸς
1066 2943 1323 3006 γυναῖκα,
1346 2941 1440 2993 καὶ
1480 2940 1618 3010 πρὸς
1647 2939 1833 2994 παιδία
1881 2941 2093 3011 ἀνάγκη

510 3025 889 3098 διαφέρεσθαι,
946 3024 1042 3080 καὶ
1093 3023 1297 3092 πολλῆς
1343 3022 1581 3093 ἀθυμίας
1623 3018 1762 3075 εἶναι
1820 3023 2092 3077 ὑπόθεσιν.

525 3109 792 3166 Ἐνταῦθα
828 3107 885 3160 δὲ
915 3106 1068 3160 οὐδὲν
1093 3105 1335 3166 τοιοῦτον
1354 3121 1372 3143 ο
1402 3106 1462 3157 οὐ
1486 3104 1596 3175 γὰρ
1631 3100 1721 3175 ἦν,
1773 3104 1875 3158 οὐκ
1922 3101 1990 3175 ἦν
2034 3103 2096 3157 τὸ

509 3193 714 3248 λυποῦν
745 3191 866 3244 οῦδέ
896 3190 957 3244 τὸ
987 3189 1226 3260 παρέχον
1258 3187 1496 3258 ἀθυμίαν
1527 3189 1670 3240 τινά.

595 3275 754 3333 ⁹Αλλά
779 3275 839 3327 τὸ
870 3273 1205 3343 θαυμαστὸν,
1233 3272 1372 3324 αύτά
1398 3270 1462 3343 δὴ
1523 3271 1592 3323 τὰ
1631 3271 1896 3326 δοκοῦντα
1948 3290 2092 3345 παρ-

513 3362 659 3432 έχειν
679 3357 940 3428 ἀθυμίαν,
970 3354 1143 3408 ταῦτα
1166 3356 1345 3424 πάσης
1368 3355 1576 3422 ἐγίνετο
1593 3357 1766 3425 χαρᾶς
1788 3357 1878 3410 καὶ
1905 3357 2096 3428 eam-

511 3443 676 3513 σύνης
723 3433 893 3504 αίτια.
946 3437 1082 3491 Εἰπὲ
1137 3439 1244 3509 γάρ
1280 3454 1392 3507 μοι,
1448 3438 1592 3502 τίνος
1641 3437 1825 3491 ἕνεκεν
1869 3437 2092 3510 ἔμελλον

511 3525 698 3581 ἀλύειν
731 3525 930 3583 ἐκεῖνοι
954 3539 970 3588 ;
1005 3520 1147 3584 τίνος
1173 3521 1230 3575 δὲ
1257 3520 1441 3573 ἕνεκεν
1471 3520 1876 3591 δυσχεραίνειν;
1902 3522 2091 3577 Βούλει

510 3606 928 3679 παραγάγωμέν
955 3622 1077 3658 τινα
1105 3606 1162 3656 ἐν
1232 3603 1310 3675 τῷ
1345 3606 1533 3675 μέσῳ;
1609 3606 1790 3658 Ἔστω
1848 3623 1932 3670 τις
1983 3607 2092 3664 ἀπὸ

510 3693 754 3751 ὑπάτων,
787 3688 1015 3751 πλοῦτον
1038 3686 1324 3759 κεκτήσθω
1353 3688 1540 3753 πολὺν,
1571 3687 1724 3741 πόλιν
1747 3689 1966 3744 οἰκείτω
1993 3689 2091 3762 τὴν

513 3773 818 3847 βασιλικὴν,
841 3773 1146 3845 πράγματα
1176 3772 1313 3843 πρὸς
1350 3771 1554 3843 μηδένα
1581 3773 1781 3843 ἐχέτω,
1829 3775 2091 3845 τρυφάτω

513 3861 695 3930 μόνον,
727 3857 974 3928 καὶπρὸς
1008 3855 1166 3910 τοῦτο
1192 3852 1549 3932 άσχολείσθω,
1580 3859 1637 3909 ἐν
1680 3857 1819 3929 αὐτῇ
1869 3860 1936 3929 τῇ
1994 3875 2088 3912 κο-

511 3946 658 4016 ρυφῇ
687 3943 781 3996 καὶ
807 3941 900 3995 τοῦ
932 3940 1164 3994 πλούτου
1193 3944 1288 3994 καὶ
1325 3942 1424 4011 τῆς
1449 3942 1615 4013 τιμῆς
1653 3944 1748 3995 καὶ
1778 3946 1878 4014 τῆς
1929 3943 2091 3997 δυναο

511 4028 692 4092 στείας
713 4027 1057 4098 καθήμενος·
1104 4025 1637 4096 ἀντεπεξαγάγωμεν
1689 4025 1839 4095 αὐτῷ
1883 4026 2087 4098 Πέτρον

507 4114 601 4167 τὸν
630 4115 688 4166 ἐν
713 4111 953 4182 δεσμοῖς,
987 4111 1036 4174 εἰ
1065 4109 1234 4170 δοκεῖ,
1265 4110 1356 4162 τὸν
1389 4110 1446 4163 ἐν
1481 4109 1698 4180 μυρίοις
1723 4111 1913 4172 κακοῖς
1931 4125 1944 4140 ο
1991 4112 2087 4164 καὶ

508 4195 699 4248 τοῦτον
723 4195 1029 4264 εὑρήσομεν
1055 4190 1346 4260 τρυφῶντα
1387 4190 1603 4261 μᾶλλον.
1636 4191 1805 4244 Ὅταν
1853 4192 1961 4262 γὰρ
1998 4210 2085 4245 το-

511 4276 1008 4348 σαύτητεβριουσία
1033 4276 1208 4352 χαρᾶς
1237 4270 1295 4344 ᾖ,
1343 4275 1418 4337 ὡς
1462 4275 1520 4326 ἐν
1568 4275 1789 4343 δεσμοῖς
1839 4275 2082 4345 ἥδεσθαι,

509 4361 762 4428 ἐννόησον
795 4360 920 4413 ὅσον
939 4357 1056 4408 ἐστὶ
1086 4357 1146 4408 τὸ
1180 4357 1409 4426 μέγεθος
1441 4357 1538 4425 τῆς
1572 4359 1769 4427 χαρᾶς.
1818 4358 2083 4431 Καθάπερ

507 4442 618 4511 γάρ
640 4443 687 4498 οἱ
711 4441 802 4494 ἐπὶ
834 4439 1075 4510 μεγάλης
1101 4439 1250 4502 ὄντες
1297 4439 1491 4508 ἀρχῆς.
1538 4439 1636 4491 ὅσα
1685 4438 1752 4492 ἂν
1800 4441 2082 4516 προσπέσῃ

507 4524 677 4586 δεινὰ,
706 4525 806 4577 ούκ
838 4522 1227 4584 αἰσθάνονται,
1277 4521 1393 4574 ἀλλ’
1435 4523 1754 4592 ἐπιμένουσι
1797 4527 1864 4593 τῇ
1905 4527 2077 4596 χαρᾷ·

506 4605 651 4660 οὕτω
668 4606 732 4682 δὴ
761 4607 856 4660 καὶ
877 4599 1023 4659 οὗτοι
1044 4604 1111 4657 δι’
1141 4603 1282 4657 αὑτά
1307 4603 1369 4674 δὴ
1400 4603 1574 4657 ταῦτα
1605 4605 1803 4675 μᾶλλον
1841 4607 2077 4677 ἔχαιρον.

507 4691 584 4744 οὐ
617 4693 725 4761 γὰρ
754 4689 922 4751 ἐστιν,
942 4689 1042 4741 οὐκ
1073 4687 1188 4740 ἐστι
1219 4687 1362 4758 λόγῳ
1382 4692 1729 4760 παραστῆσαι
1745 4689 1841 4760 τὴν
1863 4691 2077 4762 ἡδονὴν,
2144 4754 2150 4760 _

505 4776 638 4845 ὅσην
665 4774 806 4844 ἔχειν
836 4771 1120 4840 συμϐαίνει
1147 4773 1274 4834 τοὺς
1303 4770 1390 4824 διὰ
1417 4772 1650 4842 Χριστόν
1682 4791 1736 4826 τι
1769 4775 2079 4844 πάσχοντας

503 4858 673 4912 δεινόν
699 4874 713 4888 ’
741 4856 940 4928 μᾶλλον
966 4855 1077 4925 γάρ
1114 4857 1207 4908 ἐπὶ
1225 4857 1336 4917 τοῖς
1366 4855 1556 4917 δεινοῖς
1608 4857 1906 4928 χαίρουσιν,
1929 4857 1962 4928 ἦ
1987 4859 2079 4911 ἐπὶ

502 4945 616 5008 τοῖς
649 4943 892 5010 ἀγαθοῖς.
914 4941 981 4993 Εἴ
1009 4959 1092 5003 τις
1121 4941 1342 5010 ἐφίλησε
1370 4941 1460 4993 τὸν
1483 4942 1734 5011 Χριστὸν,
1761 4939 1898 4996 οἶδεν
1931 4943 1959 4996 ὂ
1987 4943 2072 4996 λέ-

501 5045 603 5095 γω.
668 5026 829 5078 Ἀλλά
857 5025 942 5092 τί;
984 5023 1280 5090 ἀσφαλείας
1317 5025 1501 5076 ἓνεκεν
1534 5025 1756 5095 ἔμελλον
1785 5025 1855 5078 τὰ
1881 5025 2073 5096 δυσχε-

503 5111 571 5178 ρῆ
595 5109 817 5176 φεύγειν
844 5107 871 5147 δ
899 5125 916 5174 ;
947 5109 1056 5160 Καὶ
1084 5107 1188 5170 τίς,
1212 5107 1333 5160 εἰπέ
1359 5124 1480 5177 μοι,
1511 5108 1704 5177 μυρίον
1743 5111 2075 5180 κεκτημένος

500 5190 751 5256 πλοῦτον,
825 5190 1111 5255 τοσούτους
1159 5189 1436 5253 κινδύνους
1488 5189 1724 5262 ἠδυνήθη
1771 5191 2072 5261 διαφυγεῖν,

497 5272 674 5326 ἔθνεσι
692 5271 963 5334 τοσούτοις
988 5272 1212 5341 ὁμιλῶν.
1232 5273 1372 5342 ὑπὲρ
1405 5275 1785 5342 μεταστάσεως
1800 5275 2075 5338 πολιτείας

500 5355 703 5426 μόνης;
739 5349 899 5408 Οὗτοι
937 5354 994 5410 δὲ
1023 5354 1210 5426 ὥσπερ
1253 5356 1311 5420 ἐξ
1366 5357 1738 5426 ἐπιτάγματος
1797 5357 2070 5427 βασιλικοῦ

497 5439 676 5493 πάντα
702 5438 882 5508 ήνυον,
918 5436 1115 5506 μᾶλλον
1147 5438 1203 5489 δέ
1234 5437 1327 5490 καὶ
1362 5437 1544 5507 πολλῷ
1587 5439 1784 5510 ῥᾴδιον.
1841 5441 1914 5492 Ού
1964 5442 2072 5514 γάρ

494 5521 668 5583 οὕτως
702 5521 982 5588 ἐπίταγμα
1017 5519 1312 5588 βασιλικὸν,
1337 5521 1412 5585 ὡς
1462 5522 1529 5574 τὰ
1576 5523 1800 5577 ἐκείνων
1853 5526 2071 5595 ῥήματα

434 5621 436 5623 ’
495 5607 711 5661 ἅπαντα
738 5605 941 5674 ἤνυσαν
960 5619 973 5632 ³
997 5603 1057 5667 τὸ
1079 5603 1187 5671 γάρ
1210 5602 1488 5673 ἐπίταγμα
1515 5606 1576 5658 τὸ
1605 5606 1880 5675 βασιλικὸν
1897 5609 2065 5676 ἀνάγ-

557 5793 581 5856 ξ’
615 5791 744 5837 Idem
797 5789 958 5856 _Co_dex
1002 5791 1266 5856 δικάζοντες
1294 5788 1342 5856 ἐν
1386 5788 1584 5856 κινδύνῳ
1616 5789 1758 5856 ἦσαν,
1801 5793 1849 5840 ἐν
1870 5793 2064 5856 ἀπορίᾳ.

495 5849 524 5890 δ
550 5851 685 5899 Idem
731 5853 812 5926 καί
856 5852 1198 5926 ἀφροντίστῳς.
1220 5849 1590 5926 διαλεγόμενοιίι
1625 5855 1656 5926 ‘i
1709 5853 1840 5901 Idem
1889 5849 2066 5926 ἔχουσα

493 5915 673 5980 ῦψήλὸν
691 5913 769 5960 καῖ
789 5914 1043 5980 ἀνάλωτον.
1111 5915 1137 5953 ά
1157 5913 1286 5974 Hm,
1331 5915 1522 5975 ἔμελλον
1544 5915 1602 5960 τὰ
1633 5915 1834 5980 δυσχερῆ
1864 5913 2062 5978 φεύγειν,

499 5975 678 6024 desunt
702 5979 748 6024 in
788 5989 886 6034 uno
919 5975 1034 6026 (ἰού.

1163 327 1220 382 S.
1257 326 1546 383 JOANNIS
1576 322 2073 384 CHRYSOSTOII
2111 322 2434 387 ARCHIEP.
2475 325 3019 386 CONS'I‘ANTINOP.

3699 341 3792 396 HO

2237 455 2313 526 κη
2334 438 2624 526 ἐπάγεται,
2659 435 2806 496 οὗτοι
2831 442 2888 496 δὲ
2917 444 3136 508 ἑκόντας
3191 445 3284 499 καὶ
3315 451 3795 526 προαιρουμένους,

2230 523 2326 576 καὶ
2367 524 2563 595 μυρίαν
2587 526 2748 598 χάριν
2772 528 3001 591 εἰδότας.
3033 528 3191 582 Ποῖον
3221 529 3497 602 ἐπίταγμα
3530 523 3796 600 βασιλικὸν

2231 607 2448 693 πάντων
2469 609 2773 693 ἀποστῆναι
2821 612 2930 667 τῶν
2970 612 3302 684 χρημάτων,
3335 615 3430 669 καὶ
3485 617 3584 686 τῆς
3626 619 3796 693 ψυχῆς

2226 688 2446 744 ἔπεισεν
2469 692 2557 758 ἂν,
2592 694 2689 746 καὶ
2718 698 3131 766 καταφρονῆσαι
3157 695 3357 760 οἰκίας,
3374 688 3648 769 πατρίδος,
3673 688 3796 774 σῦγζ

2225 773 2419 840 γενῶν,
2452 774 2548 828 καὶ
2575 777 2674 846 τῆς
2701 779 2976 850 σωτηρίας
3003 778 3207 850 αὐτῆςς
3243 780 3384 834 Ἀλλ’
3401 783 3456 834 al
3482 782 3590 836 τῶν
3613 773 3799 844 ἀλιέων

2223 856 2317 942 καὶ
2346 859 2686 942 σκηνοποιῶν
2713 860 2938 942 ἴσχυσαν
2976 861 3172 932 φωναί.
3193 863 3357 916 ’Ὥστε
3396 864 3493 918 καὶ
3539 865 3598 920 ἐν
3640 868 3795 942 ἡδονῇ

2220 932 2383 1008 ἦσαν,
2442 941 2538 993 καὶ
2584 940 2944 1014 δυνατώτεροι
2993 944 3091 998 καὶ
3162 946 3502 1018 ἰσχυρότεροι
3562 932 3793 1007 πάντωνῖ

2219 1020 2348 1086 Ναὶ,
2377 1025 2562 1092 φησὶν,
2587 1025 2808 1091 ἐκεῖνοι,
2839 1027 3032 1097 ἐπειδὴ
3062 1027 3130 1081 τὰ
3162 1032 3364 1099 σημεῖα
3389 1030 3627 1086 ἐποίουν.
3656 1035 3716 1086 Ol
3741 1034 3795 1090 δέ

2219 1105 2630 1173 πιστεύσαντες,
2651 1109 2774 1163 εἰπέ
2802 1127 2914 1181 μοι,
2932 1112 3060 1164 ποῖα
3085 1115 3283 1184 σημεῖα
3319 1113 3555 1178 ἐποίουν,
3578 1117 3625 1168 οἰ
3642 1133 3794 1187 τρισ-

2216 1189 2398 1274 χίλιοι,
2424 1193 2518 1274 καὶ
2541 1194 2992 1274 πεντακισχίλιοι,
3021 1195 3073 1248 οἳ
3096 1197 3193 1249 καὶ
3213 1198 3271 1249 ἐν
3287 1197 3610 1264 ἀγαλλιάσει
3629 1201 3790 1274 πολλῇ

2215 1271 2432 1342 διῆγον;
2485 1271 2637 1346 [108]
2671 1276 2910 1340 Εἰκότως
2931 1293 2946 1308 ο
2972 1279 3006 1348 ἡ
3033 1277 3141 1349 γὰρ
3177 1279 3369 1333 πασῶν
3397 1281 3506 1334 τῶν
3555 1271 3793 1353 ἀθυμιῶν

2217 1354 2546 1439 ὑπόθεσις,ή
2575 1358 2685 1412 τῶν
2717 1361 3018 1431 χρημάτων
3049 1361 3244 1432 κτῆσις
3281 1363 3542 1436 ἀνῄρητο.
3584 1366 3792 1439 Ἑκείνη

2214 1437 2343 1510 γάρ,
2367 1439 2548 1510 ἐκείνη
2591 1442 2686 1494 καὶ
2731 1442 3017 1514 πολέμων,
3060 1445 3152 1498 καὶ
3187 1446 3389 1518 μάχης,
3451 1450 3546 1502 καὶ
3595 1437 3789 1521 λύπης,

2213 1525 2310 1575 καὶ
2370 1525 2630 1596 ἀθυμίας,
2663 1529 2758 1580 καὶ
2808 1528 3027 1583 πάντων
3075 1532 3223 1585 αἰτία
3273 1533 3381 1586 τῶν
3410 1534 3595 1588 κακῶν
3624 1531 3722 1606 ἦν*
3758 1539 3791 1606 ή

2209 1605 2442 1692 τὸν-βίον
2470 1610 2726 1664 ἐπίπονον
2758 1611 2986 1665 ποιοῦσα
3033 1614 3128 1667 καὶ
3170 1614 3559 1687 λυπηρότερον,
3611 1605 3791 1692 ἐκείνη

2207 1687 2344 1744 ἐστί.
2368 1691 2476 1744 Kal
2506 1691 2724 1756 πλείους
2752 1693 2906 1765 εὖροι
2938 1712 3021 1760 τις
3063 1696 3128 1749 ἂν
3163 1698 3363 1767 μᾶλλον
3399 1699 3624 1770 ἔχοντας
3663 1687 3792 1754 aeui

2210 1773 2337 1840 μίας
2372 1774 2658 1840 ὑποθέσεις
2694 1788 2718 1815 θ
2750 1779 2879 1841 τοὺς
2908 1779 2968 1832 ἐν
2998 1779 3236 1850 πλούτῳ,
3271 1782 3453 1852 ἢτοὺς
3502 1785 3559 1836 ἐν
3611 1784 3789 1854 πενία.

2206 1856 2268 1908 Εἰ
2295 1856 2351 1909 δέ
2385 1856 2460 1928 μὴ
2485 1857 2632 1912 δοκεῖ
2652 1877 2793 1914 τισιν
2823 1860 2998 1926 οὕτως
3023 1862 3188 1933 ἔχειν,
3216 1865 3277 1916 ού
3333 1866 3484 1937 παρά
3530 1867 3632 1938 τὴν
3681 1867 3792 1920 τῶν

2205 1942 2544 2010 πραγμάτων
2579 1941 2764 2012 φύσιν,
2801 1943 2937 1996 ἀλλά
2971 1945 3120 2014 παρὰ
3149 1946 3246 2017 τὴν
3279 1945 3437 2012 δόξαν
3484 1949 3688 2005 αὐτῶν.
3727 1951 3793 2005 Εἰ

2201 2024 2256 2075 δέ
2293 2043 2412 2078 τινα
2447 2025 2740 2096 ἐχουσικαί
2766 2030 2959 2099 ἡδονὴν
2994 2033 3044 2082 οἱ
3069 2033 3126 2083 ἐν
3171 2031 3407 2102 πλούτῳ,
3452 2033 3606 2089 οὐδὲν
3657 2034 3793 2088 θαυ-

2204 2109 2426 2175 μαστόν.
2460 2109 2570 2162 Καὶ
2603 2109 2712 2180 γὰρ
2736 2114 2785 2163 οί
2799 2110 2991 2182 ψώρας
3016 2114 3515 2185 ἀναπεπλησμένοι,
3537 2117 3596 2169 ἐν
3617 2117 3788 2186 πολλῇ

2200 2191 2340 2242 εἰσιν
2365 2190 2550 2262 ἡδονῇ.
2585 2192 2710 2246 Ὀτι
2735 2194 2841 2265 γάρ
2875 2195 3101 2249 ἐκείνων
3129 2197 3279 2250 οὐδὲν
3331 2198 3683 2270 διαφέρουσιν
3738 2201 3792 2254 οἱ

2200 2275 2580 2339 πλουτοῦντες,
2617 2276 2732 2330 ἀλλ’
2757 2280 2790 2348 ὴ
2820 2278 2966 2350 ψυχὴ
2991 2279 3218 2352 τοιαύτη
3259 2280 3344 2344 τίς
3387 2284 3535 2335 ἐστιν
3581 2283 3788 2349 αὐτοῖς,

2199 2357 2360 2425 δῆλον
2383 2358 2614 2411 ἐκεῖθεν·
2652 2359 2898 2414 Ἀνιῶσιν
2925 2363 3121 2426 αὐτοὺς
3144 2363 3444 2434 φροντίδες,
3475 2365 3570 2418 καὶ
3593 2365 3743 2435 ὅμως
3763 2363 3785 2406 ἲ

2201 2440 2480 2510 βούλονται
2515 2443 2707 2509 αὑταῖς
2727 2445 3007 2515 ἐνέχεσθαι
3032 2444 3122 2498 διὰ
3143 2447 3244 2516 τὴν
3270 2447 3610 2520 πρόσκαιρον
3663 2448 3786 2518 ἡδο-

2200 2525 2295 2595 νήν
2323 2542 2335 2554 ·
2367 2526 2417 2578 οί
2442 2525 2499 2578 δὲ
2528 2525 2741 2580 τούτων
2774 2526 3204 2598 ἀπηλλαγμένοι,
3241 2531 3299 2582 ἐν
3339 2531 3499 2602 ὑγεία
3546 2530 3655 2583 εἰσὶ
3696 2531 3787 2583 καί

2199 2606 2435 2676 ἀθυμίας
2464 2608 2645 2672 ἐκτός.

2265 2689 2329 2742 δ’.
2362 2690 2427 2742 Τί
2458 2691 2626 2762 ἣδιον,
2671 2691 2792 2745 εἰπέ
2827 2709 2951 2763 μοι;
2987 2693 3040 2746 τί
3067 2693 3154 2747 δαὶ
3181 2695 3616 2765 ἀσφαλέστερον;
3648 2697 3782 2767 ὑπὲρ

2197 2773 2361 2844 ἄρτου
2390 2774 2694 2844 φροντίζειν
2725 2775 2842 2836 ἐνὸς
2871 2777 2964 2827 καὶ
2992 2777 3378 2848 ἐνδυμάτων,ῆ
3413 2778 3554 2849 ὑπὲρ
3580 2778 3784 2850 μυρίων

2197 2857 2291 2908 καί
2328 2857 2553 2909 οἰκετῶν
2576 2856 2669 2910 καὶ
2697 2857 3017 2929 ἐλευθέρων,
3039 2860 3105 2912 τά
3135 2861 3238 2914 καθ
3258 2862 3270 2883 ’
3296 2861 3486 2916 ἐαυτὸν
3517 2863 3595 2933 μὴ
3633 2880 3786 2933 μερι-

2201 2937 2446 3006 μνῶντα;
2478 2939 2746 3010 Καθάπερ
2776 2940 2886 3012 γὰρ
2915 2934 3071 3004 οὗτος
3105 2943 3245 3014 ὑπὲρ
3275 2944 3473 2997 ἐαυτοῦ
3497 2946 3737 2999 δέδοικεν
3765 2960 3779 2974 '

2196 3020 2338 3073 οὕτω
2360 3022 2452 3074 καὶ
2479 3023 2543 3074 σὺ
2569 3023 2710 3094 ύπέρ
2745 3024 2853 3077 τῶν
2879 3028 2979 3096 τῆς
3009 3027 3106 3096 σῆς
3147 3027 3586 3098 ἐκκρεμαμένων
3617 3046 3786 3098 κεφα-

2196 3103 2311 3172 λῆς.
2344 3105 2455 3156 Καὶ
2479 3104 2532 3157 τί
2570 3105 2770 3176 δήποτε
2793 3108 3029 3175 φευκτὸν
3063 3111 3097 3179 ἡ
3152 3109 3312 3163 πενία
3357 3110 3544 3177 δοκεῖ,
3579 3113 3782 3183 φησίνς

2207 3186 2424 3256 Ἐπειδὴ
2447 3190 2544 3241 καὶ
2569 3189 2639 3242 τὰ
2664 3189 2800 3244 ἄλλα
2829 3191 3010 3260 ἀγαθά
3033 3193 3285 3247 ἀπευκτά
3307 3193 3528 3260 πολλοῖς
3577 3195 3782 3265 τυγχά-

2195 3287 2296 3334 νει,
2320 3270 2464 3341 ἆπερ
2504 3273 2642 3324 εἰσὶν
2668 3272 2730 3325 οὐ
2758 3272 2846 3326 διὰ
2874 3275 2935 3327 τὸ
2963 3275 3212 3329 ἀπευκτὰ
3244 3273 3383 3330 εἰναι
3419 3279 3658 3346 φευκτά,
3693 3278 3785 3333 ἀλ-

2193 3352 2260 3407 λά
2325 3352 2412 3406 διὰ
2463 3355 2526 3408 τὸ
2576 3355 3022 3428 δυσκατόρθωτα.
3083 3359 3295 3414 υύκοῦν
3336 3361 3429 3414 καὶ
3487 3359 3634 3433 αῦτη
3685 3365 3786 3420 οὐκ

2192 3437 2459 3508 ἀπευκτὴ,
2487 3437 2623 3491 ἀλλά
2639 3438 3083 3509 δυσκατόρθωτος
3105 3458 3118 3470 ·
3151 3441 3292 3496 ὥστε
3328 3443 3382 3496 εἴ
3398 3444 3463 3512 γέ
3486 3462 3576 3509 τις
3610 3446 3784 3516 αὐτὴν

2194 3521 2438 3588 ἐνεγκεῖν
2465 3521 2714 3591 ἠδύνατο,
2747 3522 2848 3575 οὐκ
2897 3522 2965 3576 ἂν
3018 3518 3087 3595 ἦν
3122 3525 3391 3595 ἀπευκτή.
3422 3527 3526 3581 Διὰ
3565 3527 3620 3582 τί
3677 3528 3783 3597 γὰρ

2191 3605 2291 3658 ούκ
2317 3605 2625 3678 ἀπηύχοντο
2649 3605 2820 3678 αὐτὴν
2867 3607 2918 3658 οἱ
2976 3607 3303 3676 ἀπόστολοι;
3341 3609 3430 3663 διά
3486 3612 3546 3664 τί
3595 3611 3782 3665 πολλοὶ

2194 3690 2287 3741 καὶ
2312 3690 2591 3761 αἱροῦνται
2624 3692 2815 3762 αὐτὴν,
2840 3693 2936 3746 καὶ
2955 3693 3015 3745 οὐ
3055 3693 3217 3763 μόνον
3248 3694 3349 3748 οὐκ
3367 3695 3707 3767 ἀπεύχονται
3733 3698 3780 3758 ⁸,

2191 3772 2328 3826 ἀλλά
2350 3775 2443 3827 καὶ
2475 3774 2823 3846 ἐπιτρέχουσι
2847 3791 2862 3840 ;
2888 3775 2962 3827 Τὸ
2998 3776 3106 3845 γὰρ
3127 3776 3297 3840 ὅντως
3318 3780 3620 3846 ἀπευκτὸν,
3659 3778 3780 3836 οὐδὲ

2193 3857 2429 3927 αἱρετὸν,
2453 3857 2594 3929 πλὴν
2621 3859 2737 3920 τοῖς
2766 3857 3137 3928 μαινομένοις.

2258 3940 2321 3992 El
2345 3939 2404 3992 δέ
2438 3941 2487 3992 οἱ
2517 3939 2799 4010 φιλόσοφοι
2818 3941 2928 3995 τῶν
2963 3941 3266 4012 ἀνθρώπων
3298 3944 3394 3996 καὶ
3434 3944 3641 4017 ὑψηλοὶ
3690 3947 3783 3999 ἐπὶ

2187 4021 2392 4085 ταύτην
2419 4021 2667 4094 ἔρχονται
2685 4022 2760 4086 ὡς
2783 4024 2876 4076 ἐπί
2906 4040 2960 4076 τι
2987 4025 3188 4095 χωρίον
3247 4026 3494 4095 ἀσφαλὲς
3531 4029 3630 4082 καὶ
3660 4030 3782 4083 ἀνο-

2191 4121 2302 4169 σον,
2331 4104 2482 4157 οὐδὲν
2511 4105 2845 4176 θαυμαστὸν,
2879 4106 2974 4161 ἐάν
2999 4111 3112 4171 τοῖς
3140 4108 3320 4173 ἄλλοις
3363 4109 3440 4180 μὴ
3499 4112 3655 4183 δοκῇ.
3725 4111 3781 4164 Ὀ

2191 4190 2290 4259 μὲν
2309 4188 2417 4259 γὰρ
2441 4188 2694 4250 πλούσιος
2723 4190 2876 4244 ούδέν
2902 4190 3092 4262 ἕτερον
3119 4188 3259 4245 εἷναί
3310 4211 3401 4264 μοι
3449 4195 3629 4259 δοκεῖ,
3665 4194 3779 4249 ἀλλ’

2187 4271 2220 4341 ἢ
2253 4271 2408 4334 πόλις
2437 4271 2742 4340 ἀτείχιστος
2763 4274 2821 4325 ἐν
2853 4274 3020 4345 πεδίῳ
3047 4276 3276 4346 κειμένη
3305 4279 3400 4330 καὶ
3439 4277 3782 4349 πολλαχόθεν

2186 4353 2546 4424 ἐπισπωμένη
2573 4354 2700 4417 τοὺς
2730 4355 3180 4421 ἐπιϐουλεύοντας
3199 4377 3212 4390 ·
3250 4361 3282 4430 ἡ
3309 4359 3361 4412 δὲ
3401 4363 3572 4414 πενία
3614 4361 3782 4431 φρούο

2186 4452 2302 4506 ριον
2360 4435 2624 4505 ἀσφαλὲς,
2670 4437 2854 4507 χαλκῷ
2903 4440 3367 4511 περιϐεϐλημένον
3408 4443 3622 4514 πολλῷ,
3683 4443 3779 4496 καὶ

2181 4519 2436 4572 δύσκολον
2473 4521 2594 4591 ἐχον
2627 4522 2724 4591 τὴν
2754 4521 2959 4576 ἄνοδον.
2996 4525 3105 4578 Kal
3146 4526 3254 4596 μὴν
3277 4527 3619 4593 τούναντίον,
3675 4546 3780 4598 φη-

2185 4606 2291 4668 σὶν,
2321 4605 2471 4657 ἐστίν
2494 4621 2508 4635 ο
2541 4598 2692 4659 οὗτοι
2717 4606 2824 4676 γάρ
2851 4609 2988 4659 εἰσιν
3003 4609 3050 4659 οἱ
3077 4610 3154 4671 εἰς
3181 4609 3538 4681 δικαστήριον
3570 4612 3777 4666 πολλά-

2183 4704 2271 4750 κις
2305 4687 2589 4758 ἑλκόμενοι
2616 4705 2629 4718 ·
2663 4685 2806 4743 οὗτοί
2832 4690 2968 4742 είσιν
3001 4692 3050 4742 οἱ
3083 4693 3518 4762 ἐπηρεαζόμενοι
3545 4697 3643 4748 καὶ
3673 4713 3776 4748 κα-

2182 4772 2294 4842 κῶς
2336 4771 2661 4841 πάσχοντες.
2699 4775 2811 4842 Οὐχ
2841 4775 2888 4825 οί
2915 4775 3144 4843 πένητες
3167 4775 3372 4840 ἁπλῶς,
3398 4775 3518 4829 ἀλλ’
3568 4781 3619 4831 οί
3676 4777 3776 4830 πέρ

2182 4872 2340 4924 νητες
2371 4854 2490 4924 μὲν,
2521 4855 2835 4926 βουλόμενοι
2868 4855 2924 4908 δὲ
2953 4856 3220 4909 πλουτεῖν.
3272 4857 3412 4926 Ἐγὼ
3451 4859 3514 4912 δέ
3545 4862 3610 4913 ού
3643 4863 3776 4931 περὶ

2179 4937 2402 4990 ἐκείνων
2431 4940 2591 5008 φημὶ,
2623 4939 2759 4991 ἀλλά
2781 4940 2909 5009 περὶ
2936 4939 3043 4991 τῶν
3082 4939 3493 5004 σπουδαζόντων
3523 4946 3586 4996 ἐν
3609 4945 3774 5013 πενία

2179 5019 2408 5086 διάγειν.
2453 5022 2588 5075 Είπέ
2656 5023 2762 5090 γάρ
2825 5039 2935 5092 μοι,
3002 5021 3092 5074 διὰ
3155 5023 3207 5075 τί
3271 5023 3463 5094 μηδεὶς
3526 5026 3660 5090 τοὺς
3716 5028 3774 5078 ἐν

2177 5105 2290 5166 τοῖς
2320 5103 2502 5174 ὄρεσιν
2527 5104 2672 5157 ἕλκει
2699 5109 2777 5166 εἰς
2804 5104 3184 5176 δικαστήριον;
3222 5107 3399 5160 καίτοι
3431 5124 3495 5176 γε
3520 5110 3572 5162 εἰ
3615 5111 3646 5180 ἡ
3673 5125 3772 5162 πε-

2178 5184 2267 5236 νία
2296 5187 2618 5257 εὐχείρωτον
2639 5228 2653 5252 ,
2691 5187 2930 5250 ἐκείνους
2975 5188 3209 5257 μάλιστα
3241 5190 3459 5242 πάντων
3504 5189 3771 5243 ἕλκεσθαι

2177 5267 2284 5320 ἔδει
2305 5311 2319 5334 ,
2349 5270 2457 5339 ὅσῳ
2499 5270 2714 5323 πάντων
2739 5271 2845 5322 εἰσὶ
2877 5271 3214 5341 πενέστεροι.
3239 5272 3340 5325 Διά
3371 5273 3424 5325 τί
3457 5275 3591 5336 τοὺς
3617 5291 3773 5344 προ-

2177 5352 2496 5415 σαιτοῦντας
2519 5353 2692 5415 οὐδεὶς
2742 5353 2892 5406 ἐλκει
2951 5356 3031 5417 εἰς
3091 5354 3467 5426 δικαστήριον;
3520 5356 3613 5410 διὰ
3655 5358 3708 5410 τί
3741 5358 3764 5396 ³³

2178 5436 2370 5507 μηδεὶς
2400 5436 2642 5505 βιάζεται
2704 5437 2838 5507 μηδὲ
2886 5441 3246 5506 συκοφαντεῖς
3299 5435 3386 5510 ἆρ’
3425 5440 3484 5491 ού
3536 5440 3680 5494 διότι
3711 5442 3770 5493 ἐν

2175 5519 2562 5590 ἀσφαλεστέρῳ
2586 5521 2769 5591 χωρίῳ
2804 5521 3023 5590 μένουσι
3047 5537 3061 5587 ;
3087 5523 3281 5585 Πόσοις
3303 5523 3364 5575 τὸ
3394 5523 3638 5593 πρᾶγμα
3673 5524 3770 5577 καὶ

2171 5602 2547 5656 δυσοιώνιστον
2569 5600 2706 5656 εἶναι
2734 5603 2896 5669 δοκεῖ,
2924 5605 2956 5675 ἠ
2985 5606 3144 5660 πενία
3169 5605 3332 5673 λέγω,
3363 5607 3455 5658 καὶ
3484 5606 3553 5658 τὸ
3587 5624 3769 5678 προσ-

2172 5691 2372 5751 αιτεῖνς
2422 5687 2485 5738 Τί
2518 5682 2631 5750 οὗν,
2662 5686 2786 5738 εἰπέ
2826 5705 2936 5758 μοι,
2968 5689 3130 5742 καλὸν
3161 5689 3222 5742 τὸ
3250 5691 3524 5753 ἐπαιτεῖν;
3555 5690 3767 5755 Καλὸν,

2241 5805 2276 5864 ε
2306 5793 2387 5840 Sic
2411 5791 2606 5864 quidam
2632 5797 2685 5839 et
2705 5793 2813 5864 ipse
2847 5791 3014 5864 _Savil_._
3036 5791 3088 5841 In
3115 5792 3285 5864 Mgrgl.
3315 5791 3567 5864 ὑποθέσεις
3590 5793 3766 5864 Qees}.

2178 5853 2197 5891 τ
2217 5855 2388 5914 Ὅμως
2410 5851 2552 5901 deest
2579 5855 2628 5900 in
2651 5851 2938 5913 quibusdam
2974 5851 3090 5900 Mss.
3153 5854 3180 5893 8
3220 5853 3388 5901 Morel.
3413 5851 3562 5912 μόνον
3607 5855 3767 5902 ἀπεύο

2169 5933 2350 5976 χονται,
2407 5917 2552 5978 male,
2619 5914 2668 5978 h_
2692 5914 2824 5978 Unus
2857 5916 2965 5962 cod.
3005 5914 3326 5976 δικαστήριον,
3367 5916 3437 5962 ὅτι
3459 5914 3585 5973 πρὸς
3610 5915 3770 5978 ἐσχαα

2167 5975 2246 6024 τον
2278 5978 2418 6036 ἠλθον
2445 5977 2620 6031 πενίας.
2645 5975 2734 6022 Διὰ
2763 5976 2818 6021 τί.
