3972 6212
197 409 287 465 ιω
1160 395 1229 452 lN
1268 393 1448 450 ACTA
1488 389 2009 449 APOSTOLORUM.
2052 388 2284 447 HOMIL.
2323 389 2464 448 Xlll.
2824 454 2829 458 ,
3368 403 3458 457 ιιι)

192 520 275 579 sed
322 517 749 574 “necabantur.
800 513 915 568 lloc
962 519 1046 568 est
1086 508 1242 576 illud,
1274 507 1413 564 male
1448 508 1579 579 pati,
1627 506 1767 561 male

193 617 363 671 hccre
393 630 408 666 :
437 622 498 667 ut
525 625 667 666 nunc
690 607 877 664 videre
901 614 1008 663 est.
1038 604 1102 660 ili
1124 605 1179 659 in
1200 617 1419 659 carcere
1438 609 1612 665 erant,
1633 600 1774 670 judi-

191 706 261 761 cio
284 702 665 766 sistebantur;
693 708 749 755 et
773 698 982 769 judiees
1008 697 1063 751 in
1090 695 1332 766 angustia
1362 702 1534 759 erant,
1565 691 1771 748 consilii

190 808 413 867 prorsus
454 800 727 862 expertes.
782 790 933 845 Sicut
978 788 1121 843 enim
1172 787 1252 851 is,
1305 786 1395 857 qui
1436 785 1771 839 adamantem

190 886 443 962 percutit,
496 884 610 953 ipse
655 882 863 952 plagam
907 879 1105 949 excipit
1130 896 1143 935 :
1173 879 1245 932 ita
1271 889 1325 933 et
1354 876 1437 931 his
1462 875 1673 931 accidit.
1705 876 1776 929 At

191 977 445 1033 videbant
470 990 575 1030 non
601 973 764 1028 modo
794 973 1030 1043 ipsorum
1057 970 1307 1026 fiduciam
1338 984 1442 1025 non
1466 968 1771 1039 praepediri,

193 1067 276 1124 sed
307 1066 759 1139 pradieationem
788 1065 957 1132 magis
980 1062 1191 1133 augeri,
1233 1060 1462 1132 illosque
1489 1060 1606 1114 sine
1629 1067 1775 1114 metu

194 1159 365 1229 loqui,
397 1157 702 1225 nullamque
738 1154 977 1225 praebere
1013 1168 1217 1207 ansam.
1270 1152 1380 1206 llos
1423 1150 1694 1205 imitemur
1722 1157 1778 1204 et

193 1267 306 1315 nos,
332 1249 541 1314 dilecti,
567 1257 623 1303 et
651 1248 702 1302 in
731 1246 972 1302 adversis
1002 1244 1346 1315 imperterriti
1388 1244 1577 1298 simus.
1631 1242 1773 1297 Nihil

195 1359 357 1416 grave
382 1352 465 1398 est
503 1343 574 1404 ei.
604 1341 692 1412 qui
723 1341 873 1395 timet
911 1340 1115 1403 Deum;
1164 1338 1259 1393 sed
1311 1354 1418 1393 non
1468 1336 1778 1392 timentibus

195 1453 310 1493 sum
344 1435 527 1505 gravia
552 1434 768 1486 instant.
790 1431 923 1486 Nam
951 1431 1041 1500 qui
1069 1445 1163 1501 per
1184 1430 1433 1483 virtutem
1460 1427 1620 1482 animi
1653 1442 1772 1481 mo‘

197 1542 275 1583 tus
329 1534 572 1595 superat.
610 1539 733 1579 cum
778 1524 1064 1590 praesentia
1106 1523 1249 1576 velut
1281 1521 1522 1575 mnbram
1552 1528 1777 1588 praztcr-

199 1630 403 1681 currat,
448 1616 569 1686 quid
609 1615 733 1669 mali
756 1616 825 1670 ab
852 1615 1030 1681 aliquo
1060 1610 1327 1682 patiatur?
1375 1610 1501 1681 quid
1526 1608 1777 1663 timebit?

204 1722 257 1767 et
284 1727 391 1764 cur
415 1710 580 1778 gravia
604 1706 692 1760 illa
720 1721 842 1761 esse
869 1704 1114 1775 putabit?
1157 1703 1296 1772 Ergo
1315 1700 1683 1771 confugiamus
1713 1699 1779 1753 ad

211 1806 358 1858 hanc
383 1802 730 1856 inmutassam
762 1808 989 1867 petram.
1022 1796 1075 1850 Si
1105 1795 1225 1865 quis
1257 1793 1410 1848 nobis
1441 1794 1627 1847 urbem
1654 1806 1781 1844 con-

214 1904 461 1958 strueret,
493 1900 766 1945 ctmurum
803 1888 1252 1956 circumponeret,
1286 1885 1393 1938 imo
1416 1884 1458 1937 si
1486 1898 1584 1937 nos
1612 1890 1783 1936 trans—

212 1986 373 2041 krret
424 1986 478 2039 in
534 1994 752 2048 terram,
820 1980 911 2036 ubi
974 1994 1135 2033 nemo
1186 1978 1445 2043 turbaret,
1495 1986 1551 2030 et
1605 1990 1782 2029 rerum

208 2077 409 2145 copiam
460 2072 847 2143 suppeditaret,
896 2080 957 2126 ut
1003 2071 1204 2125 nullum
1252 2080 1398 2123 esset
1438 2083 1558 2122 cum
1605 2066 1783 2136 aliquo

202 2171 495 2239 rit-gmina),
550 2181 654 2220 non
694 2167 746 2220 in
790 2173 934 2218 tanta
963 2178 1063 2218 nos
1092 2163 1379 2217 securitate
1409 2160 1780 2225 constitueret,

204 2264 247 2315 in
305 2269 512 2331 quanta
562 2272 700 2311 nunc
746 2256 1011 2312 Christus.
1058 2255 1209 2318 Esto,
1263 2255 1307 2309 si
1353 2252 1547 2322 placet,
1598 2251 1785 2306 civitas

199 2368 360 2416 πει,
416 2350 600 2404 valido
639 2349 841 2403 circum
886 2361 1044 2401 muro
1092 2344 1299 2400 munita
1346 2352 1401 2398 et
1455 2344 1785 2413 inexpugna-

200 2450 281 2502 hiii
314 2466 330 2501 :
371 2446 557 2501 nullus
601 2444 673 2499 illi
713 2443 785 2498 sit
832 2441 1024 2505 hostis,
1078 2450 1273 2494 terram
1310 2437 1504 2492 habeat
1534 2437 1785 2507 pinguem

198 2553 244 2594 ct
274 2540 510 2593 uberem
538 2556 553 2591 :
580 2536 717 2589 adsit
745 2549 959 2605 quoque
986 2533 1209 2587 aliarum
1235 2545 1418 2586 rerum
1450 2530 1604 2599 copia
1634 2546 1647 2580 :
1678 2527 1786 2583 sint

199 2634 339 2685 cives
360 2627 634 2682 mansueti
656 2635 709 2681 et
739 2626 927 2679 mites:
958 2624 1135 2679 nullus
1163 2623 1235 2677 ibi
1264 2622 1346 2677 vir
1376 2621 1642 2690 malignus
1684 2634 1783 2689 ap-

202 2730 403 2790 pareat,
429 2736 543 2774 non
575 2719 675 2783 fur,
707 2733 810 2773 non
838 2717 1121 2787 expilator,
1151 2732 1257 2771 non
1283 2714 1608 2785 sycophanta
1634 2754 1650 2778 ,
1680 2729 1786 2767 non

204 2815 372 2867 brum
404 2811 685 2881 judiciale,
737 2810 832 2864 sed
874 2818 1022 2879 pacta
1054 2807 1369 2877 simpliciter
1401 2824 1413 2858 :
1447 2814 1501 2860 et
1531 2804 1668 2859 hanc
1696 2802 1790 2856 ha-

203 2907 431 2961 bitemus
468 2904 742 2957 civitatem
772 2920 787 2957 :
821 2916 993 2971 neque
1018 2901 1095 2954 sic
1139 2909 1314 2954 tamen
1355 2913 1542 2952 secure
1582 2898 1788 2951 vivere-

204 3013 342 3051 nus.
366 2995 587 3062 Quare?
632 2994 765 3061 Quia
795 2993 1156 3049 necessarium
1207 3001 1369 3055 esset,
1425 3006 1544 3045 cum
1597 2991 1788 3054 servis,

204 3104 325 3142 cum
356 3102 524 3141 uxore
551 3094 609 3141 et
637 3100 759 3139 cum
789 3084 910 3139 ﬁliis
938 3084 1205 3147 altercari,
1259 3082 1518 3151 multique
1543 3080 1791 3135 maeroris

206 3190 350 3235 esset
374 3179 611 3233 occasio.
642 3176 740 3231 llic
762 3191 891 3231 vero
916 3175 1049 3230 nihil
1073 3174 1377 3245 huiusmodi
1402 3191 1414 3226 :
1438 3173 1569 3228 nihil
1595 3173 1792 3243 quippe

207 3280 347 3334 erat,
367 3268 511 3339 quod
541 3270 631 3323 vel
658 3283 946 3323 mcerorem
973 3268 1055 3323 vel
1079 3267 1319 3322 dolorem
1341 3266 1575 3321 afferret.

280 3361 536 3415 Gadium
584 3377 755 3414 eorum
796 3360 883 3429 qui
927 3369 1133 3430 prapter
1160 3359 1415 3414 Christum
1438 3359 1794 3427 patiuntur.—

209 3451 482 3522 δωριιού
524 3452 720 3506 mirum
763 3459 866 3515 est,
912 3465 976 3506 ea
1018 3452 1154 3520 ipsa,
1190 3466 1310 3519 qua:
1351 3449 1597 3503 videntur
1641 3449 1794 3502 nobis

211 3559 505 3601 mererem
544 3544 773 3610 aﬂ'erre,
830 3557 987 3598 causa
1038 3542 1214 3597 oninis
1270 3540 1469 3596 lzetititc
1516 3550 1569 3596 et
1620 3540 1795 3611 gaudii

212 3645 400 3694 erant.
446 3635 539 3689 Dic
581 3637 718 3690 enim
767 3633 939 3698 mihi,
1009 3649 1107 3689 cur
1166 3633 1342 3688 mmsti
1408 3630 1632 3686 fuissent
1680 3630 1798 3686 illi?

215 3728 348 3801 quid
372 3743 517 3797 aegre
554 3727 824 3781 tulissent?
871 3726 963 3780 Vis
992 3725 1295 3795 quempiam
1327 3724 1380 3778 in
1406 3723 1641 3779 medium
1670 3722 1800 3778 affe-

220 3819 445 3875 ramus?
490 3817 568 3873 Sit
604 3819 725 3888 quis
772 3818 853 3871 vir
893 3815 1215 3881 consularis,
1266 3815 1470 3886 magnis
1509 3815 1799 3869 instructus

220 3914 427 3985 apibus,
475 3914 529 3966 in
574 3912 708 3966 urbe
748 3910 1093 3982 lmperatoria
1115 3910 1278 3964 vitam
1305 3924 1489 3978 agens,
1522 3908 1796 3977 negotium

222 4020 340 4059 cum
366 4004 516 4058 nullo
542 4001 756 4068 habeat,
794 4000 1003 4056 deliciis
1036 4000 1129 4055 det
1154 4014 1398 4069 operam,
1442 4007 1497 4053 et
1547 3997 1671 4052 huic
1711 3998 1800 4051 uni

227 4099 296 4152 rei
324 4095 617 4159 incumbat,
650 4095 703 4148 in
732 4094 965 4149 culmine
990 4092 1290 4146 divitiarum
1314 4134 1329 4156 ,
1383 4091 1602 4144 honoris
1623 4101 1678 4144 et
1706 4106 1803 4160 po-

226 4188 399 4243 tentia:
445 4188 698 4256 positus:
732 4200 1066 4256 opponamus
1114 4193 1294 4238 autem
1340 4183 1416 4237 illi
1466 4182 1705 4247 Petrum,
1756 4182 1802 4236 si

230 4281 413 4349 placet,
442 4280 499 4333 in
524 4278 753 4332 vinculis
792 4286 846 4332 et
877 4276 1171 4332 innumeris
1202 4276 1360 4330 malis
1388 4275 1702 4345 degentem;
1750 4283 1806 4329 et

232 4374 361 4428 huc
426 4372 613 4443 potius
658 4371 989 4426 inveniemus
1038 4368 1397 4425 deliciantem.
1480 4367 1615 4422 Cum
1662 4367 1804 4422 enim

233 4477 369 4520 tanta
389 4466 463 4520 sit
490 4462 668 4535 gaudii
700 4462 874 4532 copia,
925 4471 985 4516 ut
1015 4462 1065 4515 in
1090 4461 1320 4515 vinculis
1363 4460 1526 4515 etiam
1573 4458 1807 4514 delecte-

234 4570 331 4619 tur,
364 4556 542 4625 cogita
573 4564 769 4625 quanta
794 4553 864 4609 sit
891 4552 1067 4624 gaudii
1091 4552 1423 4621 magnitudo.
1476 4550 1625 4607 Sicut
1663 4552 1806 4607 enim

236 4649 287 4711 ii,
311 4648 399 4714 qui
425 4661 681 4715 magnum
713 4644 985 4714 possident
1015 4644 1403 4715 magistratum,
1447 4643 1491 4697 si
1520 4643 1645 4712 quid
1679 4643 1804 4698 mali

234 4740 455 4805 acddat,
504 4752 613 4791 neu
662 4736 919 4801 sentiunt,
967 4734 1062 4791 sed
1104 4735 1156 4788 in
1196 4734 1391 4805 gaudio
1423 4743 1807 4804 perseverant:

235 4830 305 4884 sic
341 4843 394 4885 et
444 4830 533 4884 isti
565 4838 783 4899 propter
811 4827 926 4883 htec
956 4828 1185 4883 maxime
1212 4827 1530 4898 gaudebant.
1562 4827 1678 4884 Non
1717 4844 1812 4900 po-

240 4931 333 4975 tczt
362 4921 533 4986 enim,
564 4935 669 4973 non
699 4919 879 4987 utique
908 4927 1082 4987 potest
1107 4933 1355 4974 sermone
1380 4918 1634 4989 explicari
1659 4919 1814 4974 volu-

243 5023 349 5081 ptas
378 5028 594 5077 eorum,
638 5013 729 5080 qui
762 5018 979 5079 prepter
1017 5010 1291 5064 Christum
1333 5025 1495 5078 grave
1540 5010 1813 5080 quidpiam

242 5104 504 5171 potiuntur
527 5120 543 5155 :
570 5117 696 5155 nam
722 5102 889 5155 multo
918 5101 1086 5171 magis
1113 5100 1345 5171 gaudent
1375 5101 1425 5155 in
1450 5102 1624 5168 malis,
1655 5117 1813 5172 quam

241 5196 287 5249 in
328 5197 508 5251 bonis.
554 5194 669 5248 Hoc
710 5193 852 5264 quod
892 5193 1054 5260 dico,
1099 5196 1247 5249 novit
1276 5196 1516 5265 quisquis
1544 5195 1814 5250 Christum

241 5287 420 5359 diligit.
452 5288 559 5342 Sed
600 5286 772 5357 quid?
818 5302 884 5340 an
911 5287 1215 5341 securitatis
1245 5302 1403 5342 causa
1428 5286 1544 5342 haec
1574 5287 1710 5341 mala
1734 5289 1815 5342 fu-

241 5394 356 5449 gere
383 5378 701 5436 debebant?
731 5378 796 5432 Et
823 5380 963 5449 quis,
986 5393 1188 5448 qumso,
1213 5379 1505 5434 innumeris
1529 5380 1815 5435 instructus

242 5473 448 5537 opibus,
486 5487 599 5526 :um
630 5480 707 5525 tot
736 5471 981 5540 gentibus
1009 5486 1263 5534 versans,
1323 5478 1402 5523 tot
1432 5471 1665 5541 pericula
1686 5470 1820 5525 etfu-

242 5581 355 5632 gac
390 5563 647 5633 potuerit,
681 5563 725 5617 si
753 5563 820 5617 de
840 5562 1145 5632 reipublicae
1172 5562 1471 5617 mutatione
1500 5562 1724 5632 agatur?
1754 5562 1818 5617 Hi

242 5669 411 5709 autem
439 5656 595 5725 quasi
624 5671 692 5709 ex
720 5656 870 5725 jussu
903 5655 1050 5724 regio
1092 5656 1269 5709 omnia
1298 5656 1672 5725 perficiebant;
1714 5656 1819 5713 imo

244 5756 293 5800 et
316 5747 488 5803 multo
518 5746 746 5802 facilius.
780 5745 960 5817 Neque
988 5748 1130 5801 enim
1151 5746 1333 5817 jussus
1362 5746 1540 5817 regius
1560 5747 1651 5802 illa
1681 5747 1821 5804 valet

244 5836 483 5906 elicere,
532 5854 653 5910 qum
706 5840 939 5906 ipsorum
982 5837 1143 5895 verba
1193 5838 1555 5910 operabantur
1588 5856 1602 5895 :
1632 5838 1817 5909 jussus

1879 505 2074 576 quippe
2102 507 2281 577 regius
2308 522 2377 561 ex
2416 508 2735 565 necessitate
2761 512 2938 582 cogit;
2989 512 3043 567 hi
3080 530 3208 569 vero
3234 527 3454 585 sponta.

1875 613 2028 662 neos,
2070 598 2317 665 libentes,
2346 608 2401 654 ct
2437 599 2584 655 mille
2610 602 2810 671 gratias
2843 603 3138 660 referentes
3166 606 3452 664 ducebant.

1876 688 2009 756 Quis
2024 688 2204 758 jussus
2233 689 2412 759 regius
2431 704 2562 762 opes
2591 706 2778 747 omnes
2805 692 3080 766 ipsamque
3107 698 3339 754 animam
3365 715 3455 755 re.

1879 779 2118 850 linquere
2158 780 2446 847 suasisset,
2499 781 2715 837 domum
2767 793 3149 851 contemnere,
3190 790 3414 858 patriam
3439 833 3454 857 ,

1877 880 2155 942 cognatos,
2190 873 2467 943 ipsamque
2496 874 2769 929 salutem?
2798 874 2903 931 Sed
2934 875 2987 931 id
3025 886 3248 948 potuere
3275 882 3455 949 pisca-

1879 973 2054 1021 torum
2077 974 2131 1020 et
2156 965 2446 1035 pellionum
2475 980 2670 1033 voces;
2701 968 2769 1022 ita
2799 977 2859 1023 ut
2880 968 2932 1023 in
2962 968 3232 1040 voluptate
3257 972 3458 1044 degen-

1881 1067 1982 1123 tes,
2007 1057 2337 1126 potentiores
2363 1066 2418 1111 et
2438 1056 2690 1113 fortiores
2721 1059 2972 1114 omnibus
3014 1071 3217 1116 essent.
3263 1062 3456 1129 Etiam,

1881 1149 2107 1219 inquies,
2125 1150 2248 1220 quia
2281 1151 2429 1219 signa
2456 1151 2704 1207 edebant.
2721 1152 2788 1207 At
2807 1153 2897 1223 qui
2922 1152 3215 1209 credebant
3240 1171 3359 1226 qua:
3383 1157 3459 1212 si-

1880 1256 1979 1311 gna
2006 1241 2284 1306 faciebant,
2310 1242 2396 1297 illa
2421 1257 2615 1312 nempe
2641 1243 2741 1298 tria
2771 1244 2941 1298 millia
2961 1253 3016 1299 et
3034 1245 3270 1316 quinque
3297 1247 3461 1303 millia

1882 1332 2177 1397 hominum,
2204 1333 2293 1402 qui
2320 1333 2503 1389 tamen
2527 1334 2578 1388 in
2604 1335 2964 1390 exsultatione
2984 1336 3149 1391 multa
3177 1337 3463 1408 degebant?

1882 1421 1951 1476 Et
1974 1422 2093 1491 jure
2119 1422 2331 1491 quidem
2362 1440 2376 1477 :
2409 1439 2531 1478 nam
2563 1425 2800 1479 omnium
2828 1440 2986 1480 causa
3021 1442 3333 1493 maerorum.
3368 1445 3463 1499 pe-

1882 1516 2155 1569 cuniarum
2184 1530 2376 1583 nempe
2398 1517 2688 1583 possessio,
2716 1517 2924 1571 sublata
2952 1528 3087 1572 erat.
3120 1518 3212 1574 llla
3236 1536 3464 1591 namque

1883 1605 2164 1671 bellorum,
2186 1610 2587 1663 contentionum
2613 1649 2629 1675 ,
2653 1609 2898 1664 maeroris
2924 1609 3271 1681 omniumque
3298 1614 3466 1668 malo-

1883 1712 2000 1750 rum
2030 1711 2188 1752 causa
2221 1707 2357 1765 erat,
2387 1715 2506 1769 quae
2529 1700 2694 1754 vitam
2723 1701 3045 1757 laboriosam
3081 1704 3468 1777 molestamque

1885 1788 2181 1843 reddebat:
2212 1789 2473 1860 longeque
2512 1791 2691 1859 plures
2724 1804 2947 1848 rnmslos
2983 1796 3224 1866 reperias
3251 1797 3465 1865 divites,

1885 1895 2047 1950 quam
2072 1896 2356 1951 pauperes.
2391 1882 2542 1949 Quod
2575 1883 2619 1936 si
2649 1884 2965 1953 quihusdam
2993 1901 3097 1941 non
3123 1888 3370 1945 videatur
3396 1890 3469 1944 ita

1886 1987 2025 2038 esse,
2060 1988 2166 2027 non
2192 1989 2258 2027 ex
2290 1989 2471 2029 rerum
2499 1987 2683 2028 natura
2704 2016 2720 2040 ,
2766 1978 2860 2030 sed
2894 1991 2961 2032 ex
3002 1993 3186 2033 eorum
3218 1981 3468 2050 opinione

1886 2066 1965 2121 sic
1989 2083 2047 2122 se
2072 2082 2160 2122 res
2193 2068 2372 2123 habet.
2417 2067 2571 2135 Quod
2602 2070 2646 2122 si
2682 2070 2819 2138 quid
2840 2071 3071 2126 habeant
3096 2072 3288 2129 divites
3319 2075 3469 2130 volu-

1889 2161 2067 2231 ptatis,
2109 2159 2241 2214 nihil
2269 2160 2485 2215 mirum.
2510 2160 2643 2215 Nam
2667 2171 2722 2216 et
2749 2163 2835 2232 qui
2868 2164 3048 2220 scabie
3074 2166 3216 2235 pleni
3242 2177 3384 2234 sunt,
3414 2168 3467 2221 in

1887 2267 2077 2321 magna
2107 2260 2232 2305 sunt
2259 2252 2555 2322 voluptate.
2587 2253 2738 2322 Quod
2770 2264 2947 2308 autem
2979 2256 3047 2311 ab
3077 2256 3183 2312 illis
3210 2257 3344 2313 nihil
3364 2259 3470 2314 dif-

1891 2347 2058 2401 ferant
2079 2346 2289 2411 divites,
2309 2346 2405 2401 sed
2432 2345 2624 2401 eodem
2653 2346 2761 2401 sint
2789 2348 2990 2413 animo,
3008 2348 3131 2403 hinc
3159 2351 3331 2419 palam
3360 2361 3463 2407 est.

1890 2442 2015 2496 Illos
2040 2457 2183 2497 curre
2210 2450 2447 2497 atterunt
2471 2460 2484 2496 :
2517 2452 2569 2498 et
2595 2450 2771 2498 tamen
2805 2443 2992 2498 volunt
3019 2444 3125 2498 illis
3146 2444 3372 2499 detineri
3402 2446 3472 2499 ob

1891 2544 2291 2603 temporaneam
2322 2533 2650 2605 voluptatem
2683 2552 2695 2588 :
2725 2535 2814 2604 qui
2866 2544 3042 2589 autem
3089 2545 3216 2591 sunt
3251 2550 3281 2589 a
3331 2536 3473 2591 curis

1892 2626 2069 2690 liberi,
2090 2626 2141 2679 in
2167 2626 2395 2679 sanitate
2422 2641 2653 2681 ina-rore
2680 2627 2827 2680 vacui
2859 2625 3082 2696 degunt.

1964 2719 2016 2772 4.
2046 2717 2181 2785 Quid
2212 2718 2439 2781 dulcius,
2471 2732 2653 2788 quaeso
2672 2759 2686 2783 ,
2716 2718 2841 2789 quid
2875 2719 3036 2773 tutius
3058 2760 3073 2785 ,
3107 2719 3175 2775 de
3204 2735 3311 2775 uno
3335 2737 3475 2792 pane

1891 2823 1945 2866 et
1972 2811 2039 2866 de
2068 2822 2215 2865 veste
2242 2811 2530 2865 sollicitum
2572 2826 2692 2866 esse
2713 2852 2728 2877 ,
2762 2827 2829 2866 an
2859 2811 2927 2867 de
2955 2812 3101 2868 mille
3126 2813 3296 2868 servis
3321 2822 3377 2870 et
3414 2813 3478 2869 li-

1893 2903 2056 2968 beris,
2088 2916 2149 2957 ac
2168 2900 2235 2956 de
2258 2902 2436 2971 seipso
2460 2901 2589 2955 nihil
2611 2902 2837 2957 curare?
2855 2902 3311 2968 Quemadmodum
3334 2907 3475 2961 enim

1894 2993 1982 3048 hic
2008 3007 2102 3061 pro
2136 2992 2313 3062 seipse
2343 2992 2492 3046 timet
2514 3009 2527 3043 :
2553 2992 2623 3046 ita
2652 3002 2707 3047 et
2734 3001 2790 3045 tu
2830 3007 2928 3063 pro
2959 2992 3055 3059 iis,
3088 2992 3176 3064 qui
3207 3009 3271 3049 ex
3304 2996 3478 3066 capite

1896 3095 1986 3141 tuo
2018 3084 2270 3155 pendent.
2303 3084 2371 3138 Et
2396 3099 2493 3140 cur
2519 3093 2802 3154 paupertas
2838 3084 3086 3155 fugienda
3113 3085 3323 3141 videtur
3342 3127 3359 3153 ,
3389 3088 3475 3141 in-

1895 3177 2081 3246 quies?
2115 3174 2247 3242 Quia
2275 3176 2376 3230 alia
2407 3190 2618 3246 quoque
2643 3176 2781 3230 bona
2816 3176 2962 3230 multi
2995 3186 3343 3244 aversantur,
3370 3192 3477 3233 non

1897 3266 2040 3337 quod
2073 3266 2319 3336 fugienda
2342 3307 2357 3329 ,
2401 3266 2495 3321 sed
2532 3266 2675 3337 quod
2704 3277 2824 3322 actu
2864 3268 3101 3322 difficilia
3145 3268 3272 3323 sint.
3318 3269 3480 3339 Igitur

1898 3369 2184 3430 paupertas
2216 3374 2321 3414 non
2367 3357 2613 3430 fugienda
2640 3401 2654 3425 ,
2698 3360 2793 3415 sed
2844 3362 3099 3417 exercitio
3123 3361 3354 3418 difﬁcilis
3375 3375 3477 3418 est.

1900 3452 2083 3523 Itaque
2109 3453 2153 3506 si
2182 3453 2300 3519 quis
2326 3451 2466 3505 illam
2498 3451 2638 3507 ferre
2663 3461 2863 3522 posset,
2895 3452 3036 3507 haud
3064 3452 3308 3524 fugienda
3335 3454 3481 3511 vidc-

1899 3554 2068 3601 retur.
2092 3541 2201 3600 Cur
2227 3544 2368 3599 enim
2396 3544 2537 3599 illam
2560 3560 2667 3599 non
2690 3544 3076 3599 aversabantur
3098 3546 3363 3617 apostoli?
3386 3560 3483 3601 cur

1902 3638 2046 3693 illam
2077 3638 2228 3693 multi
2258 3638 2482 3709 eligunt,
2510 3653 2610 3693 nec
2638 3638 2799 3693 modo
2826 3638 2969 3692 illam
3003 3653 3107 3694 non
3138 3649 3487 3707 aversantur,

1902 3728 1996 3781 sed
2025 3727 2091 3781 ad
2124 3727 2268 3780 illam
2298 3726 2622 3782 accurrunt?
2651 3727 2802 3796 Quod
2831 3730 2974 3784 enim
3006 3745 3136 3786 vere
3176 3730 3483 3802 fugiendum

1903 3829 2008 3884 est,
2040 3819 2252 3874 nonnisi
2277 3819 2482 3874 insanis
2509 3819 2801 3888 optandum
2827 3820 3055 3876 videtur.

1978 3908 2262 3980 Paupertas
2288 3909 2584 3978 prwsidium
2622 3910 3054 3967 munitum—Si
3097 3922 3274 3967 autem
3313 3911 3487 3983 philo—

1906 4004 2058 4074 sophi
2082 4003 2220 4056 inter
2240 4001 2484 4057 homines
2506 4001 2784 4065 sublimes,
2811 4002 2877 4057 ad
2898 4002 3033 4057 hanc
3051 4005 3199 4073 quasi
3222 4005 3289 4060 ad
3309 4006 3484 4062 locum

1888 4106 2076 4152 ‘tutum
2102 4104 2156 4150 et
2180 4110 2367 4150 sanum
2388 4095 2629 4162 veniunt,
2649 4095 2781 4149 nihil
2809 4096 3000 4150 mirum
3024 4105 3125 4160 est,
3153 4100 3195 4150 si
3218 4098 3307 4151 alii
3330 4113 3487 4154 secus

1907 4191 2253 4246 arbitrentur.
2281 4188 2414 4243 Nam
2440 4188 2588 4243 dives
2618 4187 2753 4242 nihil
2779 4188 2921 4242 aliud
2954 4186 3083 4242 mihi
3110 4188 3321 4243 videtur
3343 4204 3483 4254 esse,

1909 4297 2067 4352 quam
2094 4282 2221 4336 urbs
2248 4282 2364 4334 sine
2391 4295 2542 4335 muro
2564 4279 2616 4334 in
2644 4280 2864 4352 planitie
2890 4279 3081 4349 posita,
3113 4296 3230 4351 qua:
3255 4279 3490 4353 undique

1912 4373 2249 4429 insidiatores
2288 4371 2564 4427 attrahat:
2592 4380 2879 4443 paupertas
2918 4387 3049 4427 vero
3079 4371 3381 4443 praesidium
3409 4383 3492 4428 est

1911 4466 2173 4521 munitum
2192 4505 2207 4529 ,
2235 4479 2343 4519 aere
2371 4465 2540 4519 multo
2564 4463 2973 4527 circumdatum.
3004 4480 3221 4520 accessu
3249 4464 3487 4522 difficile.

1913 4557 2019 4625 At,
2069 4556 2277 4627 inquies
2300 4596 2316 4621 ,
2351 4566 2537 4611 contra
2572 4572 2661 4612 res
2688 4572 2747 4611 se
2777 4555 2969 4622 habet;
3003 4557 3055 4610 hi
3085 4558 3228 4613 enim
3257 4572 3399 4629 saepe
3425 4559 3491 4613 ad

1916 4649 2143 4703 tribunal
2170 4648 2474 4711 trahuntur,
2507 4646 2560 4701 hi
2588 4648 2875 4713 laaduntur,
2903 4658 2957 4703 et
2981 4649 3119 4703 male
3150 4649 3365 4705 habent.
3388 4650 3492 4704 Sed

1916 4756 2022 4795 non
2046 4754 2308 4810 pauperes
2323 4738 2638 4810 simpliciter
2656 4748 2801 4806 sunt,
2826 4739 2919 4795 sed
2946 4754 3207 4810 pauperes
3227 4744 3313 4809 qui
3336 4741 3491 4795 ditari

1916 4828 2157 4901 cupiunt.
2186 4829 2297 4899 Ego
2320 4844 2449 4884 vero
2472 4844 2577 4884 non
2607 4828 2676 4883 de
2703 4828 2810 4883 illis
2837 4828 3045 4899 loquor,
3075 4829 3171 4885 sed
3196 4829 3264 4885 de
3291 4830 3377 4895 iis,
3404 4834 3489 4898 qui

1919 4923 1973 4976 in
2018 4928 2331 4991 paupertate
2373 4920 2576 4975 versari
2623 4918 2857 4974 student.
2892 4919 2988 4973 Dic
3016 4920 3158 4974 enim
3189 4919 3353 4985 mihi,
3399 4934 3498 4973 cur

1920 5030 2078 5069 nemo
2108 5028 2235 5077 eos,
2280 5013 2368 5082 qui
2410 5013 2460 5067 in
2507 5010 2776 5066 montibus
2801 5010 3039 5080 degunt,
3072 5012 3121 5064 in
3167 5011 3255 5078 jus
3299 5010 3497 5064 trahit?

1920 5104 2160 5173 quamvis
2190 5104 2233 5157 si
2260 5114 2545 5174 paupertas
2576 5101 2728 5157 facile
2755 5102 3091 5172 opprimitur,
3122 5102 3242 5156 illos
3268 5103 3498 5159 maxime

1923 5194 2056 5247 trahi
2088 5202 2395 5262 oporteret,
2427 5193 2518 5264 qui
2566 5203 2691 5247 sunt
2736 5193 2973 5246 omnium
3021 5194 3362 5263 pauperrimi.
3390 5194 3494 5250 Cur

1924 5284 2196 5339 mendicos
2228 5300 2387 5339 nemo
2417 5283 2577 5337 trahit
2603 5282 2669 5336 ad
2692 5282 2967 5352 judicent?
2995 5298 3091 5337 cur
3116 5298 3278 5341 nemo
3305 5285 3422 5340 illos
3449 5289 3502 5341 vi

1925 5377 2009 5433 vel
2046 5377 2306 5431 calumnia
2340 5375 2580 5445 impetit?
2606 5391 2783 5431 nonne
2806 5376 2929 5446 quia
2961 5376 3013 5430 in
3043 5375 3238 5431 tutiore
3262 5378 3380 5434 loco
3399 5378 3503 5433 ha.-

1923 5468 2135 5524 bitant?
2172 5468 2339 5535 Quam
2373 5466 2553 5520 multis
2594 5466 2953 5524 infelicissima
2982 5468 3192 5524 videtur
3219 5480 3515 5541 paupertas

1925 5568 1981 5615 et
2027 5560 2373 5614 mendicitas?
2417 5559 2553 5627 Quid
2605 5560 2782 5629 igitur,
2837 5575 3059 5630 quaeso,
3110 5561 3376 5617 bonumne
3419 5572 3505 5615 est

1927 5653 2265 5709 mendicare?
2294 5654 2522 5719 Bonum,
2554 5653 2596 5706 si
2626 5653 2695 5708 sit
2722 5653 2810 5724 qui
2837 5655 3141 5709 consoletur
3165 5663 3220 5709 et
3249 5654 3506 5709 miserea-

1929 5756 2035 5815 tur,
2064 5748 2109 5803 si
2140 5748 2209 5802 sit
2233 5747 2322 5817 qui
2356 5747 2635 5817 largiatur:
2657 5745 2795 5802 hanc
2822 5747 2983 5801 vitam
3011 5747 3235 5801 otiosam
3264 5753 3318 5798 et
3344 5756 3501 5795 secu-

1929 5855 2042 5895 ram
2072 5856 2190 5898 esse
2218 5855 2373 5896 nemo
2401 5855 2504 5895 non
2535 5840 2697 5894 novit.
2727 5839 2836 5910 Ego
2859 5846 3033 5892 autem
3060 5848 3163 5888 non
3191 5832 3294 5887 hoc
3320 5831 3501 5900 laudo,
