3972 6212
711 462 870 524 absit,
891 459 982 514 sed
1007 457 1169 528 probo
1195 455 1242 510 si
1268 455 1390 524 quis
1421 470 1549 524 opes
1575 471 1680 508 non
1709 453 2004 514 desideret.
2033 453 2128 510 Dic
2151 453 2295 510 enim

715 553 848 607 mihi
869 590 884 616 ,
914 565 1050 619 quos
1075 548 1250 616 potius
1272 546 1480 610 beatos,
1510 545 1729 610 dixeris,
1759 561 1826 599 an
1855 545 2061 599 virtutis
2087 545 2292 608 studio.

711 661 823 704 sos,
853 657 920 694 an
951 655 1046 694 eos
1070 639 1159 710 qui
1193 638 1377 708 procul
1405 638 1473 692 ab
1516 638 1601 693 illa
1650 637 1810 696 sunt?
1853 636 2135 697 Studiose:
2178 638 2294 694 sine

710 735 896 788 dubio.
929 732 1060 790 Uter
1082 748 1209 802 ergo
1236 732 1457 794 idoneus
1488 740 1570 785 est
1598 731 1664 784 ad
1694 730 1840 792 utilia
1864 729 2209 789 addisccnda.
2240 739 2296 784 et

711 826 778 880 ad
823 824 1177 895 philosophia:
1217 823 1576 893 splendorem,
1619 837 1689 884 an
1734 821 1821 875 hic
1863 837 1928 874 an
1971 820 2100 874 ille?
2143 819 2296 874 Hunc

711 921 893 990 utique
920 933 1039 973 esse
1069 919 1238 987 palam
1261 928 1361 971 est.
1390 914 1446 974 Si
1474 931 1578 969 non
1607 915 1814 978 credas,
1841 915 1888 968 id
1916 914 2082 968 disce.
2113 912 2295 966 Addu-

709 1022 862 1066 catur
890 1011 1011 1080 quis
1034 1026 1063 1064 e
1093 1009 1209 1063 foro
1236 1007 1674 1064 mendicantium.
1701 1007 1789 1077 qui
1819 1007 1887 1059 sit
1915 1020 2110 1068 εωςυε,
2142 1005 2290 1059 clau-

709 1104 830 1168 dus,
857 1093 1104 1166 mutilus;
1131 1101 1266 1156 alius
1285 1114 1494 1171 quaque
1517 1109 1735 1168 aspectu
1761 1098 2041 1159 formosus,
2068 1112 2295 1163 corpore

713 1195 966 1249 robustus
991 1209 1054 1248 ac
1080 1192 1312 1256 vividus,
1339 1191 1530 1264 Opibus
1557 1190 1854 1254 abundans,
1878 1203 2070 1258 genere
2094 1187 2288 1249 clarus,

713 1292 948 1357 potentia
976 1286 1180 1340 valens.
1219 1283 1293 1358 (a)
1328 1285 1432 1338 Hos
1460 1285 1636 1352 itaque
1661 1282 1728 1336 ad
1761 1281 2110 1352 phi1050phizn
2135 1279 2294 1335 disci-

714 1380 912 1448 plinam
943 1378 1268 1434 adducamus
1288 1419 1301 1440 ,
1341 1385 1393 1433 et
1436 1375 1739 1439 videamus,
1772 1384 1890 1427 uter
1917 1389 2100 1426 eorum
2128 1372 2293 1440 magis

709 1471 1010 1524 doctrinam
1053 1469 1306 1538 excipiat.
1356 1467 1434 1524 Sit
1483 1483 1611 1536 ergo
1659 1467 1884 1534 primum
1936 1473 2292 1533 praeceptum,

710 1560 937 1616 Humilis
957 1570 1073 1616 esto
1097 1569 1151 1616 et
1182 1558 1482 1621 modestus;
1517 1556 1617 1612 hoc
1639 1558 1781 1611 enim
1810 1555 2056 1610 Christus
2085 1569 2284 1622 praece-

711 1657 787 1728 pit
813 1672 825 1706 :
847 1665 960 1708 uter
985 1654 1152 1722 magis
1185 1652 1286 1713 hoc
1305 1649 1526 1720 implere
1548 1650 1776 1721 poterit?
1803 1647 1982 1712 Beati,
2014 1653 2097 1716 qui
2123 1649 2293 1717 lugent

711 1747 920 1817 (Matth.
955 1746 1007 1800 5.
1039 1745 1093 1816 5)
1121 1745 1277 1815 :quis
1305 1743 1448 1798 dicto
1485 1744 1655 1811 magis
1701 1741 1980 1796 attendet?
2012 1741 2157 1796 Beati
2192 1742 2290 1793 hu-

711 1837 867 1891 miles
890 1854 902 1888 :
928 1847 1044 1890 uter
1086 1838 1253 1904 magis
1289 1833 1509 1888 audiet?
1537 1831 1685 1898 Beati
1713 1834 1902 1888 mando
1928 1833 2078 1885 corde
2100 1849 2119 1886 :
2139 1831 2289 1896 beati,

709 1929 797 1996 qui
836 1930 1059 1982 esuriant
1088 1936 1133 1980 et
1159 1927 1336 1986 sitiant
1366 1924 1845 1995 justitiamgbeati,
1892 1925 1976 1993 qui
2020 1940 2292 1992 persequa-

713 2020 897 2073 tiaaem
929 2019 1194 2089 patiantur
1219 2026 1424 2096 prapler
1451 2017 1706 2087 justitiam
1735 2013 1894 2087 (Ibid.
1924 2032 1970 2069 υ.
2001 2015 2053 2069 8.
2083 2016 2135 2070 6.
2164 2012 2290 2086 10);

713 2113 832 2182 quis
861 2111 973 2166 haec
1001 2112 1154 2176 facile
1182 2110 1449 2180 excipiet?
1479 2109 1543 2164 Et
1571 2110 1615 2163 si
1648 2109 1747 2175 vis,
1784 2108 1899 2176 hinc
1941 2110 2148 2177 utrique
2193 2107 2292 2160 ad-

708 2214 976 2273 aptemus.
1019 2206 1208 2268 Annon
1251 2203 1337 2258 ille
1364 2211 1531 2257 tumet
1556 2201 1788 2272 undique
1825 2211 1880 2255 et
1919 2200 2162 2264 inﬂatur;
2207 2199 2294 2254 hic

712 2314 841 2354 vero
875 2299 1148 2362 humiliter
1189 2314 1405 2367 prorsus
1450 2297 1611 2352 sentit
1657 2311 1720 2351 ac
1767 2295 2032 2356 demissus
2060 2294 2178 2349 est?
2206 2293 2296 2348 Sic

715 2393 897 2460 utique
937 2406 996 2446 se
1043 2406 1130 2455 res
1183 2389 1364 2457 habet.
1409 2390 1500 2442 Est
1543 2398 1595 2446 et
1636 2387 1776 2459 apud
1816 2396 2066 2442 externos
2095 2386 2294 2441 dictum

713 2481 1144 2548 sitnile:Servus
1187 2480 1399 2550 quidem
1433 2480 1718 2547 Epictetus.
1759 2492 1984 2549 corpore
2034 2490 2291 2538 mancus,

715 2582 1028 2643 paupertate
1059 2571 1172 2626 Irus
1198 2615 1212 2638 ,
1259 2581 1312 2639 et
1354 2573 1555 2625 amicus
1595 2570 1973 2636 immortalium
2006 2569 2101 2640 (ὁ).
2134 2568 2206 2620 Ita
2237 2585 2295 2623 se

718 2665 879 2721 habet
936 2680 1156 2734 pauper.
1215 2663 1398 2726 Divitis
1453 2670 1629 2716 autem
1688 2661 1861 2722 anima
1916 2668 2087 2715 scatet
2139 2660 2296 2723 malis

713 2757 986 2821 omnibus,
1013 2755 1338 2827 arrogantia,
1366 2769 1497 2807 vana
1521 2753 1709 2824 gloria,
1737 2752 2116 2822 cupiditatibus
2140 2751 2297 2806 intut-

716 2850 901 2912 Iueris,
931 2849 1032 2914 ira,
1062 2847 1272 2912 furore,
1310 2846 1552 2912 avaritia,
1581 2846 1863 2916 injustitia,
1895 2846 2118 2915 aliisque
2148 2860 2295 2898 mor-

713 2925 816 2996 bis.
841 2941 1020 2995 Palam
1043 2954 1173 3016 ergo
1191 2949 1272 2993 est
1296 2938 1460 3005 illam,
1479 2953 1637 3007 quam
1662 2939 1799 2992 hanc
1819 2937 1884 2991 ad
1908 2935 2295 3007 philosophiam

706 3034 979 3102 aptiorem
1025 3048 1164 3087 esse.
1212 3031 1442 3085 Omnino
1481 3030 1688 3084 discere
1731 3029 1966 3098 quaeritis
1995 3071 2010 3093 ,
2063 3039 2178 3082 utra
2228 3029 2298 3082 sit

715 3129 930 3183 siiavior
957 3147 970 3195 ς
998 3126 1098 3182 hoc
1128 3125 1269 3181 enim
1302 3140 1330 3178 a
1360 3124 1539 3189 multis
1565 3123 1732 3193 quaeri
1760 3122 1943 3188 video,
1974 3131 2091 3176 utra
2117 3123 2186 3176 sit
2205 3121 2295 3191 ju-

719 3221 965 3276 cundior.
999 3221 1154 3292 Certe
1186 3220 1285 3273 hac
1311 3219 1362 3271 iu
1396 3233 1453 3274 re
1483 3217 1614 3279 nihil
1639 3215 1990 3274 dubitandum
2018 3225 2097 3269 est
2129 3234 2141 3271 :
2174 3232 2295 3276 nam

715 3314 806 3384 qui
834 3312 1049 3367 sanitati
1079 3311 1296 3382 propior
1322 3320 1440 3376 est,
1471 3310 1517 3362 is
1559 3309 1611 3362 iu
1641 3309 1910 3377 voluptate
1939 3309 2103 3372 inulta
2131 3307 2294 3376 degit.

717 3405 870 3470 Uter,
903 3419 1108 3474 qumso,
1141 3403 1206 3456 ad
1234 3399 1400 3472 legem
1432 3401 1589 3467 hanc,
1620 3415 1778 3468 quam
1806 3400 2170 3470 redintegrare
2197 3415 2294 3454 vo-

719 3495 928 3562 lmuus,
957 3503 1040 3557 est
1063 3494 1256 3562 aptior,
1285 3508 1487 3563 pauper
1524 3507 1591 3544 an
1618 3492 1803 3550 dives?
1829 3491 1946 3561 quis
1973 3492 2128 3550 facile
2149 3491 2297 3561 jura-

716 3586 842 3640 hit?
883 3585 974 3656 qui
1019 3584 1140 3656 ﬁliis
1189 3585 1468 3652 irascitur,
1514 3583 1602 3652 qui
1648 3598 1769 3636 cum
1809 3582 2101 3650 innumeris
2146 3591 2296 3651 pacta

776 3743 849 3805 (α)
873 3745 1131 3806 Sequentia
1151 3741 1276 3804 apud
1300 3739 1543 3806 Platonem
1567 3740 1789 3806 feruntur
1814 3738 1846 3786 ι.
1874 3738 1906 3789 6
1926 3741 1991 3789 de
2015 3739 2295 3806 Republica.

720 3801 964 3866 liineque'
1001 3801 1604 3868 Chrysostouius_._vlatoni
1638 3809 1802 3852 tamen
1824 3814 1922 3851 non
1946 3801 2114 3864 parum
2138 3801 2297 3852 infen-

716 3883 820 3928 sus,
856 3865 957 3928 haec
981 3865 1315 3928 desumpsisse
1339 3865 1550 3915 videtur.

799 3902 1315 3992 peierasset:
1341 3902 1638 3989 eam...
1688 3923 1773 3975 ίιιο
1806 3925 1825 3988 (
1861 3924 2056 3975 uti...
2102 3924 2196 3975 pa.
2237 3928 2296 3986 7.

714 3931 848 4055 (τπὸθῖ
871 4005 884 4040 ε

1023 4065 1153 4124 ξοῦλρς
1177 4055 1374 4126 ἐπίκτητος
1397 4063 1546 4115 τινόμην
1567 4064 1626 4102 καὶ
1643 4065 1783 4110 σώματι
1803 4062 1913 4113 κηρὸς
1927 4090 1938 4107 ,

1114 4127 1187 4185 Kal
1205 4128 1327 4164 πινίαν
1349 4124 1440 4178 lpos,
1457 4125 1518 4163 καὶ
1539 4124 1634 4177 φίλος
1652 4124 1854 4185 ἀθανάτοις.

1636 4236 1920 4244 ——.———

1921 4236 2122 4244 ...ρ-,ρ-

1411 340 1450 396 S
1505 339 1783 396 JOANNIS
1819 339 2288 400 CHRYSOSTOMI
2326 341 2642 405 ARCHIEP.
2681 341 3210 399 CONSTANTINOP.

2403 454 2550 517 iniit;
2593 471 2659 508 au
2687 455 2778 524 qui
2808 469 2999 525 panem
3030 471 3193 516 unum
3220 470 3284 514 ac
3312 467 3510 513 vestem
3540 459 3721 527 petitur

2399 551 2510 608 dit?
2539 550 2672 607 Huic
2713 551 2858 607 nulla
2897 551 3324 622 jurameutorum
3356 552 3671 613 necessitas.
3710 568 3722 607 ε

2399 640 2494 696 sed
2523 655 2736 710 semper
2764 643 2992 713 negotiis
3017 657 3216 698 vacuus
3237 652 3349 710 est;
3378 645 3486 697 imo
3508 659 3630 697 vero
3655 645 3715 708 is,

2394 732 2576 801 jurare
2600 733 2782 788 didicit
2804 774 2820 798 ,
2854 748 2996 802 sape
3022 733 3236 788 divitias
3266 742 3500 804 spernet,
3531 745 3582 789 et
3607 734 3670 787 ab
3700 734 3722 786 ll

2399 841 2551 880 more
2578 826 2787 880 virtutis
2814 826 2925 880 vias
2957 828 3152 895 ubique
3182 837 3393 896 paratas
3421 826 3594 881 videre
3612 827 3722 892 erit,

2398 933 2500 986 que
2540 917 2607 972 ad
2645 919 2947 989 aequitatem
2986 918 3313 985 tendentes,
3358 917 3425 971 ad
3453 917 3722 972 divitiarum

2398 1020 2566 1073 ctum,
2595 1008 2662 1063 ad
2689 1009 2963 1078 pietatem,
2991 1009 3058 1064 ad
3083 1010 3277 1064 anima:
3302 1020 3500 1064 rectam
3522 1009 3722 1064 COHSlill

2397 1100 2461 1154 ad
2485 1101 2974 1169 compunctionem.

2468 1191 2657 1255 Contra
2679 1193 2992 1261 juramenta.
3019 1223 3086 1232 —
3116 1192 3192 1248 Ne
3224 1195 3390 1247 simus
3427 1207 3552 1264 ergo
3600 1192 3722 1262 ttein

2398 1283 2599 1349 dilecti,
2623 1284 2715 1339 sed
2747 1283 2966 1338 multam
2993 1283 3341 1338 adhibeamus
3356 1284 3710 1354 diligentiam:

2398 1375 2773 1439 emendarunt,
2802 1385 2858 1429 ut
2895 1375 2947 1430 id
2967 1374 3108 1446 quod
3135 1375 3475 1431 emendatum
3503 1385 3584 1430 est
3620 1391 3720 1430 con

2401 1483 2467 1522 ue
2491 1467 2647 1521 facile
2677 1466 2938 1531 difﬂuunt,
2972 1482 3106 1522 neve
3144 1478 3288 1522 retro
3312 1476 3625 1533 vertantur;
3664 1485 3722 1537 qu

2396 1559 2570 1614 adhuc
2612 1570 2760 1615 retro
2800 1561 2971 1615 relicti
3006 1569 3150 1623 sunt,
3199 1569 3258 1614 ut
3285 1571 3599 1630 resurgant,
3628 1571 3722 1616 ett

2395 1651 2537 1721 quod
2581 1651 2761 1707 delicit
2789 1653 3031 1722 implere.
3073 1652 3395 1724 luterimque
3440 1654 3495 1718 ii,
3523 1655 3611 1725 qui
3641 1670 3698 1710 se

2397 1750 2538 1805 runt,
2565 1743 2668 1797 illis
2696 1743 2784 1813 qui
2815 1744 3049 1798 nondum
3095 1743 3146 1798 id
3185 1752 3494 1813 potuerunt,
3526 1747 3674 1816 quasi
3706 1747 3720 1800 i

2397 1835 2664 1900 nantibus,
2702 1851 2894 1890 manus
2927 1835 3284 1907 porrigentes,
3327 1837 3473 1906 ipsos
3499 1837 3550 1890 in
3587 1849 3722 1908 portt

2397 1927 2588 1980 mentis
2618 1941 2785 1981 vacuo
2823 1926 3102 1997 recipiant.
3133 1927 3328 1982 Portus
3357 1929 3554 1998 quippe
3577 1939 3718 1983 tutus

2391 2020 2574 2087 jurare
2603 2035 2616 2068 :
2648 2029 2853 2088 portus,
2882 2029 2941 2073 ut
2971 2035 3041 2076 ne
3083 2021 3202 2090 quis
3239 2020 3613 2090 submergatur
3637 2022 3704 2074 ab

2395 2108 2494 2162 bus
2524 2109 2714 2163 ventis.
2741 2109 2890 2164 Licet
2915 2111 3055 2166 enim
3078 2111 3176 2177 ira,
3207 2111 3332 2168 licet
3353 2110 3638 2178 damnum,
3669 2113 3722 2166 lit

2399 2199 2610 2254 aliudve
2631 2199 2962 2267 clfervescat,
2977 2201 3153 2255 anima
3175 2201 3226 2256 in
3252 2211 3364 2256 tuto
3385 2211 3495 2268 est;
3519 2202 3588 2256 ita
3611 2211 3665 2258 ut
3687 2219 3721 2257 ιι

2401 2302 2478 2347 tat
2505 2293 2648 2363 quod
2689 2294 2870 2349 dicere
2910 2310 3015 2349 non
3048 2294 3206 2351 liceat
3237 2311 3250 2348 :
3282 2310 3456 2365 neque
3481 2295 3622 2350 enim
3652 2296 3722 2351 sil

2396 2386 2699 2439 cessitatem
2743 2386 2826 2441 vel
2881 2385 3053 2456 legem
3086 2387 3384 2442 constituit.
3431 2386 3584 2451 Vide,
3613 2388 3722 2456 quit

2393 2475 2754 2544 juramentum
2776 2477 2962 2532 iecerit
2987 2476 3227 2532 Herodes
3253 2495 3266 2531 :
3290 2488 3450 2547 caput
3471 2477 3722 2532 PrzccurSt

2397 2567 2559 2630 cidit;
2593 2566 2811 2636 Pmpter
2832 2567 3123 2636 iuramenta
3139 2569 3292 2631 enim,
3321 2568 3511 2637 inquit,
3530 2577 3576 2622 et
3601 2585 3722 2638 prOp

2398 2657 2760 2714 discumbentes
2809 2659 2969 2712 noluit
3009 2657 3149 2712 illaut
3197 2658 3436 2728 repellere
3485 2657 3688 2730 (Marc.

2398 2749 2534 2817 Quid
2563 2758 2777 2820 prepter
2793 2749 3149 2820 juramentum
3189 2766 3357 2819 passa:
3390 2760 3515 2804 sunt
3552 2752 3722 2806 tribus

2397 2841 2488 2892 21.
2521 2840 2588 2895 10
2609 2841 2650 2912 ),
2682 2842 2824 2896 circa
2856 2842 3052 2896 tribum
3082 2842 3540 2913 Benjamin7quid
3570 2858 3722 2913 passa

2393 2933 2699 3000 juramento
2727 2933 2892 2988 Saﬁl?
2913 2933 3004 2990 ille
3027 2933 3239 3004 quidem
3277 2934 3568 3012 pejeravit;
3595 2935 3722 2991 Hert

2403 3023 2637 3092 pet-jurio
2679 3023 3001 3079 deteriorem
3041 3025 3244 3080 caulem
3293 3025 3438 3081 fecit.
3465 3025 3700 3081 Rursum

2393 3114 2753 3183 juramentum
2786 3114 3097 3170 Gabaonitis
3126 3115 3346 3184 factum,
3374 3125 3570 3186 quanta
3592 3133 3722 3187 passu

2399 3207 2486 3260 sti.
2525 3205 2802 3261 Satanicus
2830 3207 2973 3262 enim
3005 3207 3227 3278 laqueus
3252 3217 3334 3263 est
3357 3208 3720 3276 juramentum

2401 3313 2587 3374 panius
2627 3313 2754 3369 ergo
2785 3297 2958 3364 funes,
3004 3307 3060 3353 et
3094 3313 3194 3354 nos
3219 3300 3292 3354 ita
3321 3300 3707 3371 constituemus

2400 3405 2702 3445 caveamus.
2752 3389 3071 3446 Liberemur
3119 3407 3148 3444 a
3207 3391 3398 3462 laqueo
3441 3399 3716 3458 satana:;t

2405 3481 2736 3538 Dominicum
2771 3492 3125 3553 prazceptum:
3173 3484 3226 3538 in
3263 3486 3517 3554 Optimam
3542 3499 3722 3539 consut

2401 3588 2499 3628 nos
2524 3573 2847 3628 deducamus
2877 3590 2894 3629 :
2935 3584 2993 3628 ιιι
3021 3576 3307 3645 progressi,
3338 3586 3392 3631 et
3424 3576 3527 3630 hoc
3565 3585 3622 3631 et
3648 3576 3716 3629 ali

2403 3676 2487 3737 pta
2520 3668 2824 3753 implentes,
2853 3671 3111 3738 promissa
3131 3669 3467 3739 diligentibus
3489 3673 3662 3738 ipsum
3695 3684 3722 3724 c

2402 3777 2522 3816 mur
2546 3762 2706 3825 bona,
2747 3763 2914 3831 gratia
2960 3771 3014 3816 et
3063 3762 3388 3833 benignitate
3427 3763 3640 3818 Domini
3671 3778 3722 3818 nt

2401 3851 2620 3916 Chrisri,
2653 3854 2866 3923 quicum
2903 3852 3048 3907 Patri
3077 3862 3131 3908 et
3156 3854 3374 3924 Spiritui
3404 3863 3596 3908 sancto
3626 3854 3722 3924 ειοπ

2403 3945 2628 4016 perium,
2661 3945 2852 4010 honor,
2880 3960 3021 4000 nunc
3045 3954 3101 4001 et
3121 3960 3354 4015 semper,
3377 3955 3432 4002 et
3458 3946 3512 4000 in
3543 3947 3722 4002 saeculi

2404 4055 2542 4094 rum.
2573 4040 2764 4093 Amen.

2034 4309 2378 4383 HOMILIA
2419 4311 2591 4372 XIV.

712 4466 842 4518 ϐΑιι.
884 4463 936 4516 5.
967 4477 1016 4512 v.
1047 4459 1135 4513 54.
1169 4458 1394 4526 Surgens
1409 4464 1574 4507 autem
1603 4455 1808 4524 quidam
1837 4454 1887 4506 in
1913 4455 2126 4508 concilio
2155 4453 2296 4507 Plia—

781 4557 990 4618 riswtts,
1049 4550 1248 4603 nomine
1281 4545 1548 4609 Gamaliel,
1604 4546 1726 4617 legis
1766 4547 1958 4611 doctor,
1988 4545 2296 4601 honorabilis

785 4646 1026 4698 universis
1051 4642 1202 4712 plebi,
1220 4641 1372 4712 jussit
1399 4645 1536 4711 [oras
1565 4638 1632 4690 ad
1666 4643 1807 4691 breve
1841 4637 2064 4691 homines
2091 4639 2221 4706 ﬁeri.

788 4739 841 4790 1.
869 4737 964 4790 Hic
992 4735 1248 4791 Gamaliel
1270 4734 1414 4787 Pauli
1434 4731 1627 4786 doctor
1651 4739 1768 4785 erat
1792 4749 1807 4785 :
1835 4730 2295 4800 admirationeque

713 4830 928 4900 dignum
959 4839 1060 4893 est,
1091 4825 1379 4896 quomodo,
1408 4824 1606 4892 judicio
1647 4822 1829 4876 valens
1854 4824 1982 4876 etin
2013 4821 2128 4893 lege
2153 4823 2294 4892 peri-

716 4934 819 4985 tus,
862 4919 1096 4974 nondum
1128 4915 1405 4972 crederet:
1437 4929 1608 4984 neque
1655 4913 2066 4982 potuitomniuo
2115 4913 2292 4966 incre-

715 5012 870 5082 dulus
901 5025 1136 5073 manere,
1191 5017 1250 5062 ut
1298 5008 1468 5076 palam
1522 5015 1604 5059 est
1653 5021 1718 5059 ex
1762 5005 1878 5074 ejus
1925 5005 2123 5068 verbis,
2175 5021 2294 5074 qua:

714 5103 1044 5157 consulendo
1072 5102 1245 5156 atl'ert.
1277 5098 1440 5153 Iussit
1468 5097 1631 5162 enim,
1675 5096 1862 5166 inquit,
1887 5099 2025 5166 [oras
2059 5095 2126 5147 ad
2153 5095 2295 5148 breve

718 5192 942 5246 homines
959 5193 1090 5261 ﬁeri.
1117 5191 1249 5245 Vide
1277 5189 1611 5259 prudentiam
1641 5186 2032 5249 concionantis,
2084 5194 2139 5239 et
2163 5200 2296 5254 quo-

718 5284 880 5338 modo
909 5284 1087 5337 statim
1139 5283 1257 5356 illos
1315 5282 1370 5336 in
1424 5290 1623 5335 metum
1673 5279 1939 5348 conjiciat.
1970 5277 2046 5332 Ne
2080 5293 2208 5331 vero
2237 5277 2292 5332 in

715 5375 1074 5444 suspicionem
1115 5382 1344 5438 vemret,
1376 5372 1518 5441 quod
1547 5372 1734 5426 eadem
1780 5387 1898 5441 qua:
1935 5370 2009 5425 illi
2043 5371 2289 5435 sentiret,

715 5481 808 5522 eos
836 5464 928 5535 qui
959 5465 1012 5518 in
1035 5463 1264 5518 concilio
1289 5461 1566 5527 sedebant,
1596 5479 1658 5516 ac
1696 5462 1740 5515 si
1773 5477 1882 5517 sua:
1911 5461 2179 5530 Opinionis
2209 5477 2296 5515 es-

715 5565 839 5613 sent
883 5554 1207 5625 alloquitur;
1248 5568 1347 5607 nec
1386 5554 1552 5605 multa
1595 5554 1760 5606 utitur
1811 5552 2163 5615 vehementia,
2198 5551 2294 5606 sed

714 5650 864 5718 quasi
885 5661 1007 5702 cum
1029 5643 1156 5699 viris
1182 5643 1363 5698 furore
1391 5643 1572 5708 ebriis,
1594 5644 1662 5697 ita
1689 5643 1815 5696 dicit
1843 5661 1856 5696 ε
1881 5644 1968 5698 '55.
2003 5642 2106 5697 Viri
2120 5641 2294 5695 Israe-

713 5742 838 5806 litw,
881 5737 1120 5793 attendite
1149 5736 1288 5790 vobis
1313 5751 1469 5805 super
1513 5733 1796 5787 hominibus
1837 5735 1947 5787 istis
1972 5735 2093 5804 quid
2131 5733 2296 5786 acturi

715 5833 841 5893 sitis.
879 5831 954 5888 hic
996 5841 1216 5898 temere,
1258 5829 1449 5902 inquit,
1476 5844 1647 5898 nequc
1681 5827 1868 5888 leviter
1897 5826 2162 5896 (ﬂamini.
2201 5827 2290 5883 36.

2409 4474 2427 4506 ι
2455 4457 2590 4510 Ante
2611 4455 2752 4510 enim
2784 4455 2879 4510 hos
2895 4455 3010 4510 dies
3033 4456 3268 4511 surrexit
3290 4455 3561 4523 Theudas,
3581 4455 3722 4510 dicet

2403 4547 2631 4618 aliquem
2663 4565 2678 4601 ε
2701 4548 2784 4602 cui
2801 4549 3067 4603 consentit
3090 4563 3344 4603 numerus
3365 4549 3603 4602 virorum
3628 4549 3722 4601 cirt

2402 4640 2803 4710 driugentorum
2843 4659 2854 4694 :
2885 4642 2975 4711 qui
3001 4641 3210 4696 occisus
3249 4651 3364 4706 est;
3397 4650 3451 4696 et
3483 4655 3677 4695 omnes
3703 4657 3721 4694 l.

2402 4733 2530 4788 baut
2555 4733 2626 4796 ei,
2658 4732 2898 4802 dissipati
2925 4743 3049 4788 sunt
3069 4743 3123 4789 et
3146 4733 3343 4788 redacti
3365 4733 3431 4788 ad
3456 4733 3709 4787 nihilum.

2403 4824 2502 4892 plis
2527 4823 2646 4878 illos
2671 4823 2737 4879 ad
2758 4840 2940 4878 sanam
2968 4838 3198 4879 mentem
3223 4825 3400 4889 ducit;
3421 4824 3666 4888 etillmu,
3701 4843 3721 4880 (λ

2401 4913 2705 4980 seduxerat,
2740 4915 2958 4970 demum
2987 4913 3141 4969 aﬂert
3187 4915 3252 4969 ad
3297 4915 3512 4969 illorum
3544 4930 3716 4970 conso

2400 5005 2699 5076 Antequam
2751 5021 2877 5060 vero
2931 5006 3174 5076 exetnpla
3225 5005 3482 5076 proferat,
3536 5006 3710 5082 dicit:

2401 5096 2536 5150 vobis
2566 5113 2585 5150 :
2621 5096 2683 5150 iis
2726 5112 2854 5150 vero
2906 5096 3103 5160 allatis,
3156 5097 3477 5151 sententiam
3519 5097 3722 5167 profert

2406 5204 2426 5238 ι
2458 5187 2521 5241 Et
2551 5203 2691 5241 Hllllc
2728 5187 2907 5256 itaque
2933 5186 3053 5241 dico
3095 5187 3266 5253 vobis,
3296 5187 3563 5242 Discedite
3594 5189 3664 5241 ab
3699 5189 3722 5242 ll

2401 5277 2536 5330 istis.
2561 5279 2650 5331 I57.
2681 5277 2812 5332 Post
2837 5275 2980 5331 hunc
3003 5279 3234 5332 surrexit
3261 5277 3426 5333 ludas
3450 5279 3714 5335 Galilaaus

2407 5365 2776 5436 professionis,
2802 5378 2858 5422 et
2880 5370 3072 5424 avertit
3120 5371 3372 5438 populum
3420 5371 3651 5426 multum
3685 5388 3721 5441 p

2401 5459 2513 5527 ipse
2533 5473 2742 5528 quoque
2771 5461 2956 5528 periit;
2985 5469 3039 5514 et
3076 5477 3282 5527 ou‘tues,
3313 5471 3579 5533 quotquot
3601 5478 3722 5517 cons

2399 5549 2468 5609 ei.
2488 5548 2714 5618 dispersi
2745 5561 2888 5604 sunt.
2911 5551 2999 5606 58.
3028 5551 3095 5605 Et
3139 5567 3279 5606 nunc
3306 5553 3486 5623 itaque
3516 5554 3640 5609 dico
3667 5571 3722 5607 vo

2399 5641 2572 5696 cedite
2596 5643 2662 5695 ab
2690 5641 2991 5698 hominibus
3009 5642 3148 5706 istis,
3189 5654 3244 5698 et
3268 5646 3428 5699 sinlte
3459 5645 3586 5698 illos
3623 5663 3636 5696 :
3672 5661 3722 5714 qt

2398 5743 2481 5787 est
2501 5750 2567 5788 ex
2597 5733 2898 5788 hominibus
2922 5734 3205 5789 consilium
3230 5735 3329 5789 hoc
3346 5745 3435 5789 aut
3458 5751 3619 5806 opus,
3643 5735 3722 5788 dis

2400 5826 2486 5882 39.
2518 5826 2560 5882 si
2582 5843 2708 5886 vero
2734 5843 2797 5883 ex
2824 5827 2932 5882 Deo
2957 5836 3058 5894 est,
3081 5842 3184 5884 non
3210 5828 3452 5898 poteritis
3467 5827 3722 5884 dissolvet
