4014 6218
480 350 610 433 us

1221 346 1278 401 S.
1317 342 1601 401 JOANNIS
1636 339 2116 401 CHRYSOSTOMI
2153 341 2476 402 ARCHIEP.
2515 345 3062 405 CONSTANTINOP.

3674 350 3779 408 ιιι

516 462 666 519 Ὤσεὶ
695 461 881 531 ἔλεγεν
903 478 916 492 ·
966 461 1310 532 Ἀνάσχεσθε,
1361 463 1456 516 καὶ
1501 461 1595 515 ἐὰν
1628 462 1688 529 ἐξ
1742 462 1954 517 ἐαυτῶν
1999 461 2095 514 καὶ
2199 460 2317 518 τῶν
2364 465 2603 536 ἡμερῶν
2623 485 2638 499 ο
2682 468 2965 540 μονονουχὶ
2992 463 3187 535 δηλῶν,
3214 462 3290 527 ὡς
3326 464 3386 517 οὐ
3415 463 3519 534 πρδ
3544 465 3781 520 πολλῶν.

498 542 647 603 οὗτοι
677 546 1036 617 συνέστησαν,
1060 545 1208 598 οὐδὲν
1232 542 1463 598 κωλύσει
1505 547 1599 598 καὶ
1630 546 1827 608 αὐτοὺς
1859 542 2094 598 καταλυ-

502 632 681 703 θῆναι.
716 629 962 695 Μήποτε
1012 628 1113 681 καί
1152 626 1441 696 Θεομάχοι
1474 628 1773 697 εὑρεθῆτε.
1822 628 1934 681 Kal
1993 625 2083 680 διά

504 715 602 770 τοῦ
651 714 933 777 ἀδυνάτου,
991 713 1085 766 καὶ
1128 710 1212 764 διὰ
1272 711 1368 764 τοῦ
1416 713 1737 785 ἀσυμφόρου
1786 712 2085 783 ἀποτρέπει

501 799 719 863 αὐτούς.
772 799 886 852 Οὐκ
938 791 1056 848 εἶπε
1114 794 1170 847 δὲ
1210 794 1315 847 ὑπὸ
1349 795 1493 858 τίνος
1546 795 1914 868 ἀνῃρέθησαν,
1972 792 2085 848 ἀλλ’

502 882 708 948 ἁπλῶς,
735 882 817 936 ὅτι
837 879 1174 949 διελύθησαν,
1206 879 1348 949 τάχα
1367 880 1442 940 ὡς
1481 880 1778 950 παρέλκον.
1814 880 1892 934 Δι’
1913 872 1990 933 ὧν
2027 879 2085 932 δὲ

501 967 809 1037 ὑποτίθησι,
877 963 1157 1029 διδάσκει,
1224 964 1307 1017 ὅτι
1370 964 1433 1018 El
1495 965 1595 1032 μὲν
1636 964 1976 1039 ἀνθρώπινον
2026 962 2087 1017 τὸ

500 1052 680 1123 ἔργον,
729 1050 881 1103 οὐδὲν
923 1048 1104 1120 δεήσει
1150 1049 1493 1120 πραγμάτων
1531 1048 1693 1120 ὑμῖν·
1734 1051 1783 1102 εί
1836 1050 1892 1103 δὲ
1944 1048 2085 1102 Θεῖόν

499 1136 669 1197 ἐστιν,
690 1133 809 1187 οὐδὲ
843 1132 981 1203 μετά
1006 1132 1348 1203 πραγμάτων
1363 1132 1661 1203 δυνήσεσθε
1680 1132 2082 1205 περιγενέσθαι.

500 1217 660 1273 Οὕτω
692 1216 823 1286 γοῦν
847 1218 942 1269 καὶ
979 1219 1007 1271 ό
1034 1216 1191 1285 λόγος
1224 1217 1443 1280 συνετὸς
1471 1217 1669 1284 ἔδοξεν,
1703 1220 1786 1272 ὅτι
1815 1217 1910 1272 καὶ
1933 1217 2087 1271 ἐπεί-

500 1301 709 1372 σθησαν
766 1300 907 1353 ὥστε
976 1301 1052 1373 μὴ
1108 1300 1321 1355 ἀνελεῖν
1373 1303 1594 1365 αὐτοὺς,
1639 1301 1775 1355 ἀλλὰ
1830 1301 2086 1373 μαστίξαι

498 1385 681 1456 μόνον.
714 1385 1115 1450 Ἐπείσθησαν
1142 1385 1253 1454 γάρ
1276 1384 1459 1449 αὐτῷ,
1488 1386 1650 1456 φησί·
1692 1385 1792 1439 καὶ
1815 1398 2084 1453 προσκα-

496 1468 821 1537 λεσάμενοι
877 1467 1021 1531 τοὺς
1057 1468 1464 1533 ἀποστόλους,
1512 1468 1819 1537 δείραντες
1861 1468 2088 1538 παρήγ-

497 1555 707 1621 γειλαν
742 1550 828 1620 μὴ
876 1550 1092 1605 λαλεῖν
1138 1551 1237 1605 ἐπί
1293 1551 1375 1617 τῷ
1408 1553 1650 1621 ὀνόματι
1712 1552 1818 1606 τοῦ
1860 1551 2084 1619 Ἰησοῦ,

502 1635 601 1689 καὶ
653 1634 979 1689 ἀπέλυσαν
1032 1636 1274 1701 αὐτούς.
1318 1636 1481 1705 Ὅρα,
1537 1636 1675 1707 μετά
1722 1635 1865 1689 πόσα
1895 1634 2087 1706 μαστί-

501 1720 686 1783 ζονται
746 1717 1001 1789 θαύματα
1046 1729 1095 1773 ⁸.
1153 1718 1263 1772 Kal
1304 1719 1453 1789 ὅμως
1511 1719 1671 1773 πάλιν
1700 1721 1734 1786 ὴ
1771 1717 2087 1773 διδασκαλία

500 1801 833 1855 ἐπετείνετο*
894 1802 988 1855 καὶ
1044 1801 1153 1873 γάρ
1190 1803 1284 1855 καὶ⁵
1342 1803 1400 1854 ἐν
1432 1802 1581 1873 οίκίᾳ
1627 1804 1722 1857 καὶ
1753 1805 1812 1855 ἐν
1850 1802 1927 1856 τῶ
1957 1801 2087 1873 ἱερῷ

500 1886 798 1939 ἐδίδασκον.
847 1888 910 1938 Ol
951 1884 1068 1953 μὲν
1099 1880 1213 1939 οὖν
1243 1885 1601 1953 ἐπορεύοντο
1631 1886 1941 1955 χαίροντες
1967 1884 2086 1940 ἀπὸ

500 1969 823 2037 προσώπου
851 1972 957 2021 τοῦ
987 1968 1333 2036 συνεδρίου,
1364 1968 1454 2021 ὅτι
1486 1968 1637 2035 ὑπὲρ
1663 1970 1769 2022 τοῦ
1794 1970 2087 2038 ὀνόματος

500 2054 607 2108 τοῦ
641 2054 896 2120 Χριστοῦ
923 2052 1383 2119 κατηξιώθησαν
1405 2050 1829 2120 ἀτιμασθῆναι,
1880 2048 2097 2129 πᾶσάν,

500 2154 566 2192 τε
591 2136 819 2205 ἡμέραν
846 2135 915 2188 ἐν
938 2134 1018 2200 τῷ
1056 2134 1188 2204 ἱερῷ
1227 2135 1325 2188 καὶ
1363 2136 1491 2189 κατ’
1521 2130 1689 2188 οἷκον
1739 2136 1850 2189 οὐκ
1908 2134 2090 2188 ἐπαύ-

500 2238 643 2275 οντο
670 2219 1062 2285 διδάσκοντες
1121 2218 1221 2271 καὶ
1278 2216 1787 2288 εὐαγγελιζόμενοι
1845 2217 2090 2285 Ἰησοῦν

500 2304 780 2372 Χριστόν.
820 2304 922 2356 Ἐν
948 2302 1015 2355 δὲ
1043 2301 1172 2367 ταῖς
1200 2302 1449 2370 ἡμέραις
1479 2303 1720 2369 ταύταις
1750 2302 2091 2368 πληθυνόν-

498 2404 620 2440 των
637 2384 755 2440 τῶν
776 2383 1079 2454 μαθητῶν,
1101 2385 1339 2453 ἐγένετο
1362 2384 1707 2454 γογγυσμὸς
1726 2383 1846 2437 τῶν
1879 2384 2090 2450 Έλλη-

498 2465 725 2521 νιστῶν
751 2467 899 2534 πρὸς
938 2467 1080 2532 τοὺς
1113 2467 1444 2533 Ἐϐραίους,
1479 2466 1567 2519 ὅτι
1601 2467 2089 2535 παρεθεωροῦντο

496 2551 570 2603 ἐν
591 2548 664 2619 τῇ
704 2549 974 2614 διακονίᾳ
1016 2546 1090 2616 τῇ
1132 2547 1494 2618 καθημερινῇ
1530 2552 1592 2600 al
1646 2547 1819 2617 χῆραι
1867 2549 2085 2603 αὐτῶν.

500 2635 617 2688 Οὐκ
654 2636 711 2687 ἐν
750 2633 985 2693 ἐκείναις
1042 2634 1261 2694 πάντως
1294 2631 1442 2699 λέγει
1494 2634 1616 2696 ταῖς
1664 2632 1931 2702 ἡμέραις·
1973 2631 2088 2685 ἀλλ’

500 2718 625 2771 ἐπεὶ
655 2716 914 2786 συνήθεια
941 2713 1162 2781 τοιαύτη
1187 2715 1214 2753 b
1244 2715 1362 2766 ἐστὶ
1390 2716 1454 2785 τῇ
1482 2714 1697 2785 Γραφῇ,
1729 2715 1823 2767 καὶ
1863 2713 1933 2768 τὰ
1958 2715 2090 2787 μέλ-

498 2801 662 2855 λοντα
718 2799 1038 2871 συμϐαίνειν
1056 2797 1131 2861 ὡς
1190 2797 1387 2868 ἐφεξῆς
1453 2797 1713 2867 γινόμενα
1769 2796 1939 2867 λέγει,
2002 2797 2090 2852 διὰ

499 2884 662 2939 τοῦτο
683 2882 858 2947 οὕτως
879 2878 1055 2936 εἶπεν.
1078 2878 1434 2952 Ἑλληνιστάς
1469 2879 1526 2932 δὲ
1553 2876 1707 2949 οἶμαι
1734 2879 1935 2944 καλεῖν,
1963 2881 2090 2945 τοὺς

512 2967 814 3038 Ἑλληνιστὶ
842 2965 1263 3037 φθεγγομένους·
1282 2959 1426 3019 οὗτοι
1449 2964 1556 3035 γὰρ
1595 2963 1900 3033 Ἑλληνιστὶ
1925 2964 2091 3017 διελέ-

500 3070 663 3125 γοντο
704 3051 945 3123 Ἑϐραῖοι
992 3051 1163 3113 ὄντες.
1218 3046 1348 3103 Ἰδοὺ
1408 3050 1503 3101 καὶ
1547 3047 1705 3111 ἄλλος
1752 3048 2084 3118 πειρασμός’

500 3138 707 3211 μᾶλλον
733 3136 791 3189 δὲ
823 3137 918 3189 καὶ
945 3136 1031 3200 σὺ,
1066 3136 1113 3186 εί
1146 3133 1327 3204 βούλει
1355 3133 1598 3199 σκοπεῖν,
1630 3131 1750 3200 ϐψει
1773 3131 1869 3185 καὶ
1886 3130 2090 3185 ἔσωθεν

502 3222 599 3277 καὶ
631 3221 831 3287 ἔξωθεν
858 3219 987 3281 τοὺς
1010 3216 1280 3287 πολέμους
1311 3215 1472 3277 ὄντας
1506 3213 1567 3279 ἐξ
1594 3214 1789 3286 ἀρχῆς.
1819 3217 2091 3283 Προσκά-

497 3304 827 3374 λεσάμενοι
875 3300 965 3363 δὲ,
1018 3301 1170 3370 φησὶ,
1217 3301 1271 3353 οί
1314 3296 1545 3353 δώδεκα
1589 3298 1655 3351 τὸ
1706 3296 1940 3367 πλῆθος
1972 3296 2091 3351 τῶν

498 3386 781 3461 μαθητῶν
821 3426 836 3449 ,
864 3380 1039 3439 εἷπον
1058 3398 1072 3413 ’
1120 3384 1241 3437 Οὐκ
1267 3382 1530 3450 ἀρεστόν
1553 3382 1686 3435 ἐστι
1722 3383 2089 3436 καταλιπόν-

503 3488 613 3538 τας
638 3467 795 3539 ἡμᾶς
818 3468 925 3522 τὸν
956 3467 1144 3536 λόγον
1170 3465 1276 3519 τοῦ
1329 3464 1500 3527 Θεοῦ,
1541 3462 1845 3518 διακονεῖν
1880 3463 2092 3532 τραπέ-

502 3554 650 3620 (inc.
683 3550 905 3615 Καλῶςο
963 3548 1073 3601 τῶν
1101 3548 1210 3620 γάρ
1242 3548 1554 3617 ἀναγκαίων
1580 3547 1650 3600 τά
1690 3548 2092 3619 ἀναγκαιότερα

505 3635 898 3708 προτιμότερα.
938 3634 1082 3704 Ὅρα
1114 3632 1192 3696 δὲ,
1224 3632 1338 3696 πῶς
1369 3629 1572 3694 εὐθέως
1595 3630 1917 3685 καὶτούτων
1958 3633 2092 3703 πρό-

505 3736 657 3776 νοιαν
686 3718 983 3782 ποιοῦνται,
1016 3716 1110 3770 καὶ
1138 3715 1233 3769 τοῦ
1276 3713 1632 3787 κηρύγματος
1651 3715 1750 3768 οὐκ
1776 3714 2091 3786 ἀμελοῦσιν.

518 3804 608 3869 Ὧς
654 3800 1065 3873 αίδεσιμώτεροι
1114 3800 1171 3854 δὲ
1203 3801 1398 3854 ἐκεῖνοι
1420 3795 1591 3871 ἦσαν,
1627 3798 1710 3853 διὸ
1737 3802 1833 3854 καὶ
1865 3800 2095 3872 προκρί-

506 3903 709 3941 νονται.
763 3884 1212 3953 Ἐπισκέψασθε
1261 3878 1395 3945 οὖν,
1440 3880 1714 3951 ἀδελφοὶ,
1768 3881 1993 3951 ἄνδρας
2021 3882 2093 3949 ἐξ

510 3969 677 4041 ὑμῶν
700 3967 1228 4040 μαρτυρουμένους
1252 3966 1424 4029 ἑπτὰ,
1470 3966 1722 4036 πλήρεις
1748 3969 2094 4038 Πνεύματος

512 4057 610 4111 καὶ
654 4055 896 4124 σοφίας,
945 4052 1053 4118 οὓς
1105 4052 1568 4119 καταστήσομεν
1592 4051 1692 4104 ἐπὶ
1722 4049 1836 4118 τῆς
1889 4052 2094 4119 χρείας

509 4143 754 4207 ταύτης.
807 4136 1003 4207 Ἡμεῖς
1025 4136 1093 4188 δὲ
1120 4133 1197 4203 τῇ
1229 4132 1539 4203 προσευχῇ
1576 4134 1674 4187 καὶ
1720 4131 1795 4200 τῇ
1820 4132 2094 4201 διακονίᾳ

512 4223 618 4279 τοῦ
645 4223 832 4290 λόγου
857 4218 1483 4288 προσκαρτερήσομεν.
1525 4216 1634 4271 Kal
1664 4214 1887 4284 ήρεσεν
1913 4219 1945 4270 δ
1984 4217 2093 4270 λδ-

510 4324 617 4377 τος
649 4305 905 4359 ἐνώπιον
959 4300 1186 4363 παντὸς
1229 4298 1337 4352 τοῦ
1384 4298 1677 4363 πλήθους.
1735 4299 1843 4351 Kal
1893 4298 2095 4363 ἐξελέ-

511 4392 696 4455 ξαντο
761 4386 1069 4453 Στέφανον
1130 4381 1320 4449 ἄνδρα
1400 4381 1604 4450 πλήρη
1668 4382 1927 4449 πίστεως
1992 4384 2094 4438 καὶ

511 4472 858 4540 Πνεύματος
873 4467 1068 4535 ἁγίου.
1091 4465 1234 4534 Ἀρα
1266 4464 1360 4517 καὶ
1382 4466 1578 4517 ἐκεῖνοι
1610 4464 1835 4536 πλήρεις
1856 4466 2094 4533 πίστεως

511 4553 677 4628 ἦσαν,
709 4553 801 4617 οὓς
853 4551 948 4606 καὶ
986 4547 1316 4628 ἐξελέξαντο,
1358 4548 1441 4601 ἴνα
1467 4549 1541 4619 μὴ
1572 4546 1721 4621 [112]
1739 4548 1807 4602 τά
1833 4549 1974 4603 αὐτὰ
1999 4551 2093 4619 γέ-

513 4626 692 4710 νηται,
720 4632 806 4690 οἷα
852 4635 944 4687 ἐπὶΙ
988 4633 1181 4695 Ἰούδα,
1221 4626 1309 4685 οἷα
1377 4633 1470 4685 ἐπὶ
1521 4633 1765 4686 Ἀνανίου
1811 4633 1905 4687 καὶ
1954 4634 2096 4689 Σαπ-

513 4723 729 4794 φείρας.
759 4719 869 4776 Kal
894 4720 1216 4781 Φίλιππον,
1252 4717 1351 4770 καί
1397 4718 1700 4785 Πρόχορον
1722 4716 1823 4770 καί
1846 4718 2094 4773 Νικάνο-

505 4824 606 4879 ρα,
663 4806 763 4859 καὶ
820 4804 1067 4873 Τίμωνα,
1119 4801 1218 4854 καί
1274 4800 1607 4870 Παρμενᾶν,
1644 4800 1743 4854 καὶ
1794 4803 2096 4856 Νικόλαον

513 4890 906 4960 προσήλυτον
969 4884 1289 4953 Ἀντιοχέα,
1360 4884 1467 4951 οὓς
1512 4885 1785 4953 ἔστησαν
1838 4884 2095 4939 ἐνώπιον

514 4975 632 5030 τῶν
672 4973 1052 5035 ἀποστόλων,
1102 4970 1200 5023 καί
1236 4968 1708 5038 προσευξάμενοι
1730 5009 1744 5033 ,
1792 4968 2096 5037 ἐπέθηκαν

513 5058 719 5125 αὐτοῖς
750 5057 855 5123 τὰς
885 5054 1108 5125 χεῖρας.
1152 5052 1261 5107 Kal
1297 5056 1329 5106 ό
1360 5055 1541 5120 λόγος
1579 5051 1685 5106 τοῦ
1716 5051 1936 5119 Κυρίου
1981 5052 2093 5120 ηὔ-

516 5142 684 5209 ξανε,
708 5142 805 5197 καί
834 5139 1205 5206 ἐπληθύνετο
1230 5138 1261 5189 ό
1300 5136 1540 5205 ἀριθμὸς
1570 5134 1689 5189 τῶν
1714 5134 1996 5204 μαθητῶν
2025 5137 2095 5189 ἐν

525 5223 923 5295 Ἰερουσαλὴμ
950 5222 1211 5291 σφόδραο
1246 5219 1439 5285 πολύς
1467 5235 1530 5272 τε
1556 5219 1739 5286 ὄχλος
1756 5217 1876 5271 τῶν
1892 5218 2096 5287 ἱερέων

514 5306 790 5373 ὑπήκουε
824 5305 900 5373 τῇ
933 5308 1155 5358 πίστει.
1198 5302 1337 5355 Ἀλλ’
1371 5302 1565 5374 ἴδωμεν
1595 5302 1799 5356 ἀνωθεν
1826 5301 1895 5355 τὰ
1941 5305 2094 5374 είρη-

519 5390 677 5463 μένα.
725 5387 995 5455 Ἀνδρες,
1032 5388 1359 5456 προσέχετε
1392 5386 1648 5454 ἑαυτοῖς.
1708 5387 1850 5459 Ὅρα
1889 5386 1952 5458 δή
2006 5403 2095 5458 μοι

515 5475 607 5533 τὸν
647 5474 687 5527 Γ
690 5471 990 5544 αμαλιῆλον
1019 5470 1251 5524 ἐνταῦθα
1283 5469 1399 5533 πῶς
1430 5472 1547 5539 μετ’
1581 5472 1880 5535 ἐπιεικείας
1916 5471 2095 5526 διαλέο

515 5574 673 5628 γεται
704 5558 800 5610 καὶ
834 5555 1040 5626 βραχέα
1067 5554 1287 5619 διέξεισι
1317 5553 1453 5624 πρὸς
1481 5555 1699 5619 αὐτοὺς,
1730 5556 1824 5608 καὶ
1859 5556 1918 5609 ού
1947 5555 2095 5625 λέγει

516 5640 723 5699 παλαιά
756 5641 1091 5711 διηγήματα,
1148 5638 1325 5690 καίτοι
1354 5655 1416 5707 γε
1463 5638 1623 5709 ἔχων,
1653 5639 1791 5692 ἀλλά
1832 5641 2094 5711 νεώτερα,

516 5726 555 5783 ἀ
583 5726 817 5796 μάλιστα
860 5723 998 5797 πρὸς
1031 5721 1213 5776 πίστιν
1244 5716 1382 5793 ἦσαν
1416 5722 1631 5793 ἰσχυρά.
1688 5723 1779 5777 Διὸ
1832 5724 1926 5777 καὶ
1977 5722 2095 5795 μετ’

520 5809 868 5881 ἐπικρύψεως
929 5808 1220 5862 αἰνίττεται
1280 5805 1483 5875 λέγων’
1536 5805 1659 5875 Πρὸ
1711 5806 1823 5876 γὰρ
1873 5807 2097 5861 τούτων

632 5958 867 6019 Θαύματα
896 5959 1040 6009 deest
1063 5961 1112 6010 in
1138 5972 1250 6011 uno.
1320 5959 1346 6001 ιι
1369 5958 1570 6020 Quidam
1593 5968 1705 6005 mss.
1732 5955 1941 6019 ἡμίραις.
1983 5957 2094 6005 xw-

523 6017 655 6073 ήθεια
681 6017 767 6085 γὰρ
789 6021 999 6079 τοιαύτη.

2198 543 2263 599 Εί
2295 547 2394 617 μὲν
2424 544 2516 602 οὖν
2544 548 2748 613 εὐθέως
2795 545 2968 615 εἶπεν,
3005 547 3209 617 Ἅφετε
3231 546 3356 611 τοὺς
3385 545 3585 618 ἄνδρας
3608 556 3658 609 ⁸.
3690 550 3784 603 καὶ

2197 630 2359 695 αὐτὸς
2387 632 2562 698 ἔδοξεν
2586 633 2828 698 ὕποπτος
2859 634 2946 698 ἂν,
2981 632 3076 686 καὶ
3121 633 3151 685 ό
3183 630 3339 700 λόγος
3381 631 3551 695 οὕτως
3579 632 3684 685 οὐκ
3714 627 3782 703 ἦν

2199 714 2447 785 ίσχυρός·
2504 715 2644 787 μετά
2688 715 2746 770 δὲ
2798 716 2905 769 τῶν
2949 714 3407 788 παραδειγμάτων
3447 713 3548 785 τὴν
3575 714 3783 768 οἰκείαν

2197 796 2350 866 ίσχὺν
2375 797 2670 869 ἐλάμϐανε.
2709 797 2807 852 Διά
2839 798 2995 854 τοῦτο
3017 798 3138 853 οὐδὲ
3183 797 3302 860 ἐνὸς
3328 796 3623 867 μέμνηται,
3647 797 3783 851 ἀλλά

2195 880 2288 932 καὶ
2321 878 2594 953 δευτέρου,
2622 882 2801 937 καίτοι
2821 876 2968 953 εἶχεν
2994 884 3170 937 εἰπεῖν
3192 881 3287 935 καὶ
3315 881 3517 953 τρίτον,
3550 881 3617 933 ἐκ
3638 899 3784 953 περι-

2193 962 2381 1028 ουσίας
2430 968 2525 1019 καὶ
2573 966 2764 1020 ἐαυτὸν
2819 965 2999 1031 καλῶς
3049 964 3279 1034 λέγοντα
3315 964 3555 1027 δεικνὺς,
3594 964 3784 1019 κάκείο

2194 1062 2317 1110 νους
2343 1049 2572 1119 ἀπάγων
2615 1050 2715 1121 τῆς
2755 1050 2980 1122 φονικῆς
3009 1048 3403 1121 προαιρέσεως.
3454 1048 3785 1117 Ἀπόστητε

2195 1128 2315 1183 ἀπὸ
2340 1132 2461 1185 τῶν
2493 1134 2844 1201 ἀνθρώπων.

2269 1212 2504 1288 β’.”ορα,
2521 1215 2639 1278 πῶς
2654 1216 2714 1270 τὸ
2732 1212 2863 1288 ἦθος
2881 1216 3149 1289 ἐπιεικής.
3169 1217 3280 1272 Καὶ
3299 1215 3423 1270 οῦτε
3455 1216 3668 1289 μακρὸν
3687 1217 3776 1271 τὸν

2194 1296 2372 1366 λόγον,
2424 1300 2560 1354 ἀλλά
2589 1300 2851 1371 σύντομον
2895 1302 3062 1354 ποιεῖ·
3099 1298 3224 1354 οὕτε
3252 1300 3478 1353 ἐκείνων
3520 1300 3663 1371 μετά
3691 1298 3781 1353 θυ-

2198 1381 2302 1452 μοῦ
2334 1382 2625 1454 μέμνηται.
2658 1384 2767 1439 Kal
2798 1383 3021 1450 πάντες
3066 1382 3201 1438 ὅσοι
3248 1384 3559 1439 ἐπείθοντο
3598 1380 3777 1448 αὐτῷ,

2193 1464 2769 1535 διεσκορπίσθησαν.
2804 1466 2975 1521 Τοῦτο
3018 1466 3208 1535 λέγων,
3247 1465 3399 1519 οὐδὲν
3432 1468 3513 1529 είς
3543 1466 3781 1538 Χριστὸν

2197 1548 2527 1621 βλασφημεῖ,
2554 1551 2670 1604 ἀλλ’
2697 1551 2726 1604 ὃ
2754 1550 3005 1621 βούλεται
3041 1549 3294 1621 μάλιστα,
3321 1550 3598 1621 κατορθοῖ.
3646 1550 3784 1603 Ἐὰν

2193 1628 2253 1706 ᾖ,
2288 1635 2470 1705 φησὶν,
2503 1634 2572 1699 ἐξ
2599 1634 2945 1703 ἀνθρώπων.
2974 1635 3478 1703 καταλυθήσεται.
3517 1633 3788 1687 Ἐνταῦθα

2194 1718 2289 1771 καὶ
2348 1717 2754 1787 συλλογίζεσθαί
2812 1736 2903 1789 μοι
2961 1719 3163 1781 αὐτοὺς
3218 1717 3381 1783 δοκεῖ,
3424 1719 3517 1772 καὶ
3568 1717 3783 1787 λέγειν·

2195 1802 2403 1856 Οὐκοῦν
2454 1803 2577 1856 ἐπεὶ
2631 1804 2692 1856 οὐ
2737 1801 3028 1872 κατελύθη,
3078 1802 3178 1855 οὐκ
3210 1800 3359 1856 ἔστιν
3414 1801 3785 1873 ἀνθρώπινον.

2195 1886 2418 1957 Μήποτε
2474 1888 2565 1940 καὶ
2613 1886 2882 1957 Θεομάχοι
2934 1884 3217 1955 εὑρεθῆτε.
3272 1885 3442 1939 Τοῦτο
3498 1882 3648 1951 εἷπε,
3714 1885 3791 1955 τῷ

2195 1968 2443 2039 ἀδυνάτῳ
2474 1969 2569 2022 καὶ
2598 1969 2899 2040 ἀσυμφόρῳ
2936 1966 3317 2021 καταστέλλων
3342 1968 3556 2031 αὐτούς.
3614 1971 3689 2022 El
3722 1967 3793 2020 δὲ

2194 2056 2263 2108 ἐκ
2288 2052 2437 2106 Θεοῦ
2471 2052 2658 2117 ἐστιν,
2689 2054 2760 2107 οὐ
2805 2051 3173 2119 δυνήσεσθε.
3223 2051 3337 2104 Οὐκ
3380 2044 3551 2116 εἶπεν,
3591 2050 3723 2103 Ἐάν

2196 2137 2329 2200 Θεὸς
2377 2136 2406 2188 ὁ
2452 2136 2715 2207 Χριστόςο
2758 2134 2819 2187 τὸ
2865 2132 2975 2207 γὰρ
3026 2132 3184 2203 ἔργον
3212 2131 3369 2185 τοῦτο
3406 2132 3633 2204 ἐδήλου’
3675 2132 3789 2185 οὐδ’

2198 2220 2532 2290 ἀπεφήνατο,
2564 2218 2766 2271 ὅτιούκ
2792 2216 3131 2289 ἀνθρώπινόν
3152 2217 3319 2281 ἐστιν,
3346 2214 3465 2268 οὗτε
3496 2217 3579 2269 ὅτι
3618 2214 3787 2278 θεῖον,

2196 2303 2333 2358 ἀλλά
2378 2301 2457 2372 τῷ
2506 2301 2752 2373 μέλλοντι
2820 2300 2998 2371 καιρῷ
3059 2300 3157 2370 τὴν
3212 2298 3399 2352 πίστιν
3457 2298 3782 2369 ἐπέτρεψεν,

2197 2387 2338 2443 ὥστε
2382 2388 2589 2441 πεῖσαι.
2621 2384 2732 2440 Καὶ
2759 2386 2809 2438 εί
2844 2384 3050 2449 ἔπεισε,
3082 2384 3227 2447 τίνος
3254 2382 3440 2437 ἕνεκεν
3495 2382 3547 2447 ἀ,
3597 2384 3784 2454 φησὶν,

2198 2470 2494 2540 ἐμάστιξαν
2518 2469 2631 2539 ςΤῇ
2659 2470 2757 2539 μὲν
2774 2466 3243 2537 ἀναμφισϐητήτῳ
3269 2464 3606 2537 δικαιολογία
3632 2466 3782 2519 ἀντι-

2197 2555 2393 2624 ϐλέψαι
2430 2553 2530 2606 οὐκ
2576 2548 2721 2623 εἶχον
2741 2571 2753 2582 ο
2786 2552 2935 2621 ὅμως
2959 2552 3016 2605 δὲ
3047 2552 3139 2604 τὸν
3166 2549 3337 2620 θυμὸν
3380 2549 3655 2622 ἐπλήρουν
3692 2549 3782 2603 τὸν

2197 2641 2427 2693 οἰκεῖονο
2465 2636 2638 2699 ἄλλως
2670 2635 2727 2689 δὲ
2761 2636 2855 2688 καὶ
2894 2634 3055 2688 πάλιν
3100 2633 3271 2706 ταύτῃ
3324 2633 3585 2704 φοϐήσειν
3626 2649 3783 2705 προσ·

2197 2721 2480 2792 ἐδόκησαν.
2532 2719 2643 2774 Καὶ
2672 2718 2750 2789 τῷ
2775 2717 2849 2789 μὴ
2882 2717 3163 2787 παρόντων
3188 2716 3245 2769 δὲ
3274 2714 3452 2769 αὐτῶν
3480 2715 3658 2769 ταῦτα
3699 2713 3757 2768 λέ
3776 2744 3791 2757 ο

2198 2823 2334 2875 γειν,
2366 2804 2715 2858 ἐπεσπάσατο
2740 2801 2938 2873 μᾶλλον
2966 2799 3192 2863 αὐτούς·
3231 2800 3325 2853 καὶ
3359 2802 3393 2870 ἡ
3422 2797 3702 2868 γλυκύτης
3726 2797 3782 2851 δὲ

2197 2888 2305 2941 τῶν
2338 2888 2532 2957 λόγων,
2582 2886 2677 2941 καὶ
2728 2886 2790 2939 τὸ
2832 2885 3041 2938 δίκαιον
3082 2883 3192 2937 τῶν
3219 2883 3534 2954 λεγομένων
3576 2882 3776 2935 ἔπειθε.

2197 2972 2373 3027 Μόνον
2403 2971 2511 3043 γάρ
2544 2970 2665 3041 οὐχὶ
2693 2971 2959 3042 ἐκήρυττε
2993 2970 3085 3023 καὶ
3116 2962 3271 3033 οὗτος
3294 2967 3356 3022 τὸ
3409 2966 3741 3037 Εὐαγγέλιον
3760 2983 3775 2998 ο

2200 3054 2477 3125 μᾶλλονδὲ
2511 3054 2794 3124 μονονουχὶ
2841 3052 3066 3107 τοιαῦτα
3115 3049 3623 3122 δικαιολογούμενος
3650 3048 3781 3119 πρὸς

2197 3137 2395 3200 αὐτοὺς
2446 3135 2822 3190 ἀποτείνεταιο
2865 3133 3205 3205 Ἐπείσθητε,
3252 3134 3334 3187 ὅτι
3382 3134 3484 3187 οὐκ
3532 3132 3781 3205 ἰσχύσατε

2198 3220 2516 3276 καταλῦσαι.
2556 3219 2657 3273 Διά
2702 3219 2758 3273 τί
2791 3220 2891 3273 οὐκ
2923 3217 3318 3283 ἐπιστεύσατες
3356 3215 3514 3271 Οὕτω
3550 3217 3697 3286 μέγα
3723 3220 3783 3273 τὸ

2198 3305 2479 3375 κήρυγμα,
2532 3303 2613 3357 ὅτι
2661 3302 2757 3356 καὶ
2811 3301 2961 3373 παρά
2998 3300 3107 3354 τῶν
3148 3299 3358 3371 ἐχθρῶν
3412 3297 3781 3370 ήμαρτυρία.

2211 3388 2357 3441 Ἐκεῖ
2391 3387 2731 3459 τετρακόσιοι
2767 3383 3093 3457 ἀνέστησαν,
3125 3385 3220 3438 καὶ
3249 3381 3383 3455 μετά
3411 3382 3567 3435 τοῦτο
3605 3380 3786 3444 ίκανὸς

2197 3470 2382 3541 ὄχλος*
2414 3464 2517 3526 ὧδε
2558 3468 2766 3524 δώδεκα
2802 3464 2944 3541 ἦσαν
2978 3469 3028 3521 οἱ
3082 3466 3310 3539 πρῶτοι.
3367 3465 3461 3536 Μὴ
3496 3462 3597 3519 οὖν
3641 3466 3784 3536 ὑμᾶς

2199 3554 2429 3608 πτοείτω
2451 3554 2512 3608 τὸ
2570 3552 2772 3624 πλῆθος
2826 3552 2887 3605 τὸ
2915 3551 3367 3622 προσγενόμενον.
3418 3546 3561 3604 Ἐὰν
3610 3549 3719 3620 γὰρ
3744 3542 3785 3620 ἦ

2198 3638 2267 3704 ἐξ
2309 3636 2633 3707 ἀνθρώπων
2669 3636 2735 3692 τό
2780 3638 2957 3707 ἔργον
2996 3635 3173 3689 τοῦτο
3196 3674 3212 3697 ,
3279 3634 3781 3701 καταλυθήσεται.

2200 3718 2328 3793 Εἶχε
2371 3721 2467 3775 καὶ
2510 3720 2808 3789 Αίγύπτιον
2843 3718 3018 3772 εἰπεῖν
3066 3716 3285 3789 ἕτερον,
3335 3714 3472 3770 ἀλλά
3533 3715 3783 3787 περιττὸς

2199 3806 2385 3860 λοιπὸν
2402 3801 2471 3877 ἦν
2508 3807 2537 3859 ό
2563 3805 2720 3874 λόγος
2748 3801 2935 3859 αὐτοῦ.
2971 3796 3147 3867 Εἶδες,
3195 3801 3313 3866 πῶς
3344 3801 3423 3872 τῷ
3452 3801 3671 3873 φοϐερῷ
3696 3800 3784 3854 τὸν

2198 3888 2355 3958 λόγον
2379 3886 2526 3960 [115]
2551 3885 2900 3952 κατέκλεισε;
2932 3884 3023 3938 Διὸ
3042 3883 3135 3938 καὶ
3166 3884 3266 3938 οὐκ
3292 3885 3660 3952 ἀποφαίνεται
3687 3885 3785 3937 άπ-

2200 3971 2329 4038 λῶς,
2350 3972 2438 4024 ἵνα
2465 3969 2541 4042 μὴ
2556 3969 2683 4042 δόξῃ
2705 3969 2846 4039 ὑπὲρ
2858 3966 3039 4021 αὐτῶν
3066 3966 3409 4035 λέγεινάλλ’
3436 3966 3546 4021 ἀπὸ
3575 3970 3674 4038 τῆς
3693 3962 3782 4019 τοῦ

2200 4055 2525 4125 πράγματος
2555 4052 2832 4115 ἐκϐάσεως
2854 4049 3243 4118 συλλογίζεται.
3276 4049 3390 4103 Ούκ
3426 4049 3702 4121 ἐτόλμησε
3729 4047 3783 4101 δέ

2200 4124 2603 4208 ἀποφήνασθαι,
2636 4136 2719 4189 ὃτι
2761 4135 2863 4189 οὐκ
2890 4132 3229 4205 ἀνθρώπινόν
3253 4134 3424 4199 ἐστιν,
3466 4134 3596 4187 οὐδὲ
3616 4137 3695 4189 ὅτι
3723 4133 3784 4185 ἐκ

2200 4220 2367 4274 Θεοῦο
2422 4218 2609 4290 ἐπειδὴ
2661 4220 2711 4271 εί
2748 4213 2921 4283 εἶπεν,
2965 4218 3047 4270 ὅτι
3076 4219 3142 4271 ἐκ
3174 4215 3333 4281 Θεοῦ,
3372 4217 3665 4287 ἀντέλεγον
3690 4216 3781 4272 ἀν’

2201 4304 2251 4357 εί
2299 4302 2357 4357 δὲ
2403 4302 2461 4369 ἐξ
2519 4299 2842 4373 ἀνθρώπων,
2880 4299 3162 4372 πρόχειροι
3190 4300 3353 4355 πάλιν
3381 4301 3463 4364 εἰς
3493 4301 3555 4354 τὸ
3589 4304 3786 4355 ἐπανα-

2202 4386 2394 4457 στῆναι
2450 4384 2706 4453 ἐγίνοντο.
2765 4382 2865 4436 Διά
2922 4382 3081 4437 τοῦτο
3138 4383 3337 4447 αὐτοὺς
3386 4388 3700 4455 περιμεῖναι
3723 4379 3780 4433 τὸ

2200 4470 2352 4534 τέλος
2380 4466 2612 4530 κελεύει,
2640 4464 2844 4519 εἰπών’
2890 4466 3243 4535 Ἀπόστητε.
3278 4468 3341 4522 Ol
3385 4467 3441 4521 δὲ
3499 4464 3779 4521 ἀπειλοῦσι

2203 4552 2385 4617 πάλιν,
2418 4550 2621 4614 ειδότες
2649 4549 2768 4618 μὲν,
2802 4548 2883 4602 ὃτι
2911 4548 3063 4602 οὐδὲν
3088 4549 3332 4615 ἀνύουσι,
3386 4548 3670 4612 ποιοῦντες
3725 4545 3778 4599 δὲ

2200 4637 2261 4691 τὸ
2288 4636 2490 4691 αὐτῶν.
2522 4632 2775 4688 Τοιοῦτον
2807 4632 2916 4703 γὰρ
2957 4634 2991 4704 ἠ
3044 4632 3236 4697 κακία,
3259 4632 3540 4695 ἀδυνάτοις
3589 4628 3783 4685 πολλά-

2202 4738 2291 4785 κις
2322 4720 2609 4789 ἐπιχειρεῖ.
2662 4720 2824 4771 Μετὰ
2876 4715 2946 4769 δὲ
2987 4716 3204 4770 τοῦτον
3254 4716 3480 4783 ἀνέστη
3538 4714 3776 4777 Ἰούδας.

2202 4804 2385 4858 Ταῦτα
2415 4804 2526 4865 τοῖς
2560 4798 2653 4854 τοῦ
2688 4800 2951 4872 Ἰωσήπου
2983 4799 3203 4870 βιϐλίοις
3235 4799 3575 4869 ἐγκύψαντες
3611 4795 3779 4869 μαθή-

2205 4887 2361 4942 σεσθε
2394 4884 2817 4957 ἀκριϐέστερονο
2872 4887 3077 4948 ἐκεῖνος
3129 4884 3239 4954 γὰρ
3275 4884 3373 4954 τὴν
3404 4882 3612 4937 τούτων
3645 4882 3778 4934 ίστο·

2204 4972 2326 5042 ρίαν
2358 4950 2662 5024 συντάττων
2693 4950 2937 5037 ἀκριϐῶς
2967 4950 3187 5037 ἱστορεῖ.
3210 4950 3392 5029 Εἶδες,
3424 4964 3613 5035 ἡλίκον
3640 4950 3809 5015 ἐτόλ-ἰ

2205 5070 2377 5127 μησεν
2434 5054 2630 5117 εἰπεῖν,
2688 5050 2770 5103 ὅτι
2815 5050 2917 5104 Ἐκ
2970 5049 3139 5117 Θεοῦ,
3189 5051 3279 5104 ὅτε
3318 5048 3500 5102 λοιπὸν
3542 5047 3651 5101 ἀπὸ
3675 5042 3777 5097 τῶν

2202 5136 2542 5209 πραγμάτων
2571 5133 2671 5205 τὴν
2695 5132 2875 5185 πίστιν
2898 5131 3108 5186 ἐλαϐεν.
3144 5133 3351 5195 Ὄντως
3384 5130 3553 5201 πολλὴ
3583 5132 3616 5201 ἡ
3640 5126 3776 5197 τιαρ-

2206 5223 2391 5294 ῤηία,
2464 5218 2600 5273 πολὺ
2644 5217 2706 5271 τὸ
2757 5228 2780 5256 ο
2814 5216 3336 5288 ἀπροσωπόληπτον.
3382 5214 3777 5279 Ἐπείσθησαν

2202 5306 2270 5359 δὲ
2300 5302 2482 5370 αὐτῷ,
2523 5301 2675 5373 φησί.
2728 5300 2837 5355 Kal
2874 5299 3431 5367 προσκαλεσάμενοι
3464 5295 3606 5362 τοὺς
3632 5294 3775 5348 ἀπο-

2202 5390 2491 5454 στόλους,
2537 5385 2841 5454 δείραντες
2886 5381 3205 5437 ἀπέλυσαν
3242 5382 3482 5447 αὐτούς.
3522 5374 3775 5450 ᾘδέσθη·

2205 5492 2304 5528 σαν
2330 5473 2430 5543 τὴν
2481 5469 2638 5535 δόξαν
2669 5466 2763 5522 τοῦ
2803 5466 3024 5537 ἀνδρός·
3081 5465 3162 5519 διὸ
3188 5467 3282 5519 καὶ
3312 5464 3408 5518 τοῦ
3438 5461 3645 5517 ἀνελεῖν
3680 5455 3775 5543 μὲν

2201 5560 2328 5621 τοὺς
2361 5542 2691 5615 ἀποστόλους
2722 5551 3080 5621 ἀφίστανται·
3135 5549 3490 5619 μαστίξαντες
3518 5546 3574 5599 δὲ
3624 5542 3777 5614 μόνον

2202 5644 2398 5705 αὐτοὺς
2426 5638 2772 5694 ἀπολύουσιν.
2813 5638 2881 5688 Ol
2932 5634 3049 5704 μὲν
3097 5629 3212 5689 οὖν
3265 5632 3621 5700 ἐπορεύοντο
3653 5623 3777 5694 χαί-

2199 5742 2410 5795 ροντες
2452 5723 2573 5779 ἀπὸ
2616 5718 2942 5790 προσώπου
2986 5716 3094 5772 τοῦ
3121 5715 3463 5784 συνεδρίου,
3516 5713 3605 5767 ὅτι
3630 5708 3776 5775 ὑπὲρ

2270 5834 2292 5861 ε
2320 5831 2435 5880 Post
2455 5829 2576 5887 haec,
2602 5824 2874 5890 ἄφετετοὶρς
2890 5822 3077 5885 ἄνδρας,
3101 5822 3153 5871 in
3174 5832 3273 5890 ουρ
3292 5820 3600 5890 ιιιηιωβιξιιι
3618 5812 3775 5890 μείξ-

2206 5872 3091 5953 ισιεέξξὲάίξυξονῇἷίιίινεάίεεοὲιιῶῌ
3128 5880 3402 5953 pertingqu
3463 5880 3489 5918 d
3527 5880 3659 5953 ψιυὲ
3684 5872 3768 5953 ἐπέ

2205 5942 2447 6019 ἔστρεφεν.
2464 5942 2799 6019 Ἐπεζσθησανο
2822 5947 2943 6000 τίνος
2968 5944 3048 5993 οῦν
3070 5942 3240 6019 ἕνεκεν.
3310 5946 3327 5966 ⁸
3346 5944 3433 5994 llic
3456 5942 3661 5993 mullum
3684 5943 3765 5983 ra-

2206 6006 2331 6071 iiadl
2354 6006 2493 6078 inss.,
2514 6013 2601 6065 sed
2619 6011 2794 6062 eodem
2815 6021 2963 6059 sensu
2986 6006 3275 6070 procedunt.
