3972 6212
272 394 373 451 “3

269 517 346 567 Ae
388 508 435 563 si
462 504 700 561 diceret:
727 501 1070 571 Exspectate,
1106 507 1160 554 et
1187 498 1232 552 si
1261 510 1329 552 cx
1358 494 1551 566 seipsis
1581 494 1652 549 illi
1685 496 1855 549 coacti

266 610 406 663 sunt.
437 596 571 651 nihil
600 593 855 665 impediet
878 590 1166 661 quominus
1205 586 1591 642 dissolvantur.
1626 583 1711 639 Ne
1731 588 1861 656 forte

267 700 311 742 et
336 688 443 743 Deo
464 701 753 755 repugnare
778 681 1126 737 inveniamini.
1152 679 1219 734 Et
1238 694 1303 734 ex
1342 676 1684 747 impossibili,
1712 685 1766 731 et
1792 692 1859 731 ex

267 780 428 836 inutili
454 777 657 833 avertit
680 792 795 830 eos.
823 773 936 829 Nec
964 773 1116 835 dicit.
1166 788 1198 827 a
1241 786 1348 841 quo
1375 770 1677 839 interempti
1719 769 1857 834 sint;

266 871 355 926 sed
382 868 727 938 simpliciter,
756 866 897 937 quod
919 866 1029 919 sint
1058 864 1323 933 dissipati,
1350 862 1489 917 forte
1519 862 1848 932 superfluum

272 963 459 1017 discens
485 961 639 1030 plura
660 959 879 1014 addere.
911 958 991 1012 Ex
1023 958 1088 1012 iis
1111 970 1259 1022 vero,
1287 972 1406 1027 quae
1444 956 1733 1025 subjungit,
1762 954 1860 1009 do-

268 1065 342 1107 cet
368 1072 382 1107 :
409 1054 473 1108 Si
500 1054 792 1107 humanm
818 1052 887 1105 sit
935 1066 1088 1121 opus,
1127 1066 1232 1104 non
1259 1058 1343 1103 est
1396 1048 1538 1117 quod
1565 1048 1643 1102 rei
1673 1062 1855 1101 curam

265 1152 452 1214 agatis;
497 1147 581 1200 sin
606 1144 867 1205 divinum,
894 1142 1151 1213 quidquid
1181 1140 1436 1208 feceritis,
1467 1156 1574 1195 non
1616 1140 1859 1210 poteritis

268 1253 540 1305 superare.
565 1236 653 1291 Sic
677 1250 855 1290 sermo
876 1234 1091 1304 sapiens
1133 1234 1281 1288 visus
1323 1241 1408 1287 est
1438 1248 1593 1287 :nam
1619 1232 1856 1303 persuasi

267 1340 377 1383 sunt
400 1339 466 1383 ut
488 1343 595 1383 non
627 1327 932 1382 occiderent
960 1326 1103 1387 illos,
1136 1324 1230 1380 sed
1260 1324 1597 1395 ﬂagellarent
1626 1334 1853 1379 tantum.

267 1420 639 1474 Consenserunt
682 1428 855 1471 autent
903 1416 1020 1483 illi,
1072 1418 1271 1485 inquit;
1321 1416 1413 1471 40.
1456 1427 1503 1469 et
1531 1426 1857 1471 conmeantes

264 1514 542 1581 apostolos,
562 1512 706 1565 casis
730 1511 1175 1575 denuntiauerunt,
1211 1525 1274 1562 ne
1308 1510 1631 1579 loquerentur
1671 1510 1723 1562 in
1761 1526 1855 1563 no-

272 1609 395 1659 mine
426 1604 460 1657 J
469 1622 555 1658 esu
574 1622 593 1668 ;
615 1614 659 1657 et
677 1605 975 1657 dimiserunt
1003 1619 1108 1657 eos.
1132 1601 1286 1667 Vide,
1314 1611 1436 1673 post
1457 1602 1855 1671 quotmiracula

274 1700 629 1769 llagellantur!
657 1697 724 1751 Et
746 1706 923 1751 tamen
948 1697 1142 1750 iterum
1165 1694 1406 1749 doctrina
1429 1694 1851 1750 extendebatur:

279 1806 394 1843 nam
425 1803 480 1844 et
511 1792 554 1841 in
580 1788 740 1842 domo
766 1797 821 1842 et
852 1788 903 1841 in
933 1787 1133 1857 templo
1178 1786 1465 1841 docebant.
1500 1787 1593 1841 4i.
1628 1805 1647 1838 t
1684 1785 1753 1839 Et
1779 1786 1855 1841 illi

280 1882 482 1953 quidem
523 1880 665 1933 ibant
709 1879 1007 1949 gaudentes
1049 1894 1079 1932 a
1125 1887 1414 1948 conspectu
1441 1878 1674 1945 concilii,
1723 1894 1857 1948 quo-

274 1976 401 2027 niam
440 1972 584 2041 digni
615 1971 777 2025 habiti
808 1980 937 2025 sunt
973 1985 1069 2041 pro
1092 1973 1309 2026 nomine
1338 1969 1537 2026 Christi
1567 1982 1851 2027 contume-

267 2063 377 2116 liam
430 2065 586 2132 pati:
620 2062 708 2117 ιε.
758 2063 902 2116 omni
952 2073 1130 2117 autem
1182 2062 1269 2117 die
1319 2078 1428 2117 non
1474 2065 1755 2118 cessabant
1799 2064 1851 2118 in

262 2157 454 2224 templo
508 2165 564 2208 et
614 2155 752 2208 circa
799 2154 990 2207 domos
1022 2153 1282 2209 docentes
1324 2164 1378 2207 et
1429 2156 1853 2225 evangelizantes

258 2244 435 2299 Jesum
494 2246 765 2299 Christum
787 2288 799 2299 .
832 2243 994 2316 (Cap.
1022 2241 1100 2307 6.)
1132 2246 1184 2300 1.
1214 2245 1273 2300 ln
1296 2246 1483 2300 diebus
1504 2258 1682 2302 autem
1714 2249 1849 2313 illis,

257 2350 537 2393 crescente
583 2354 810 2393 numero
842 2338 1249 2408 discipulorum,
1280 2339 1475 2394 factum
1509 2351 1591 2395 est
1613 2357 1852 2396 murmur

256 2430 567 2485 (ineorum
601 2424 861 2485 adversus
890 2430 1167 2495 Hebraeos,
1197 2446 1263 2485 eo
1286 2432 1426 2501 quod
1452 2433 1853 2502 deSpicerentur

258 2528 298 2575 tu
327 2523 644 2577 ministerio
673 2522 986 2593 quotidiana
1016 2522 1187 2577 vidum
1218 2539 1425 2577 eorum.
1467 2543 1486 2576 ι
1522 2524 1635 2578 Non
1664 2525 1717 2579 in
1746 2527 1850 2581 illis

254 2616 475 2669 numine
532 2615 664 2669 dicit
705 2614 929 2678 diebus;
957 2615 1200 2684 sedquia
1255 2614 1370 2669 bzec
1400 2625 1482 2670 est
1509 2618 1850 2672 consuetudo

254 2711 569 2778 Scripturzc,
617 2718 674 2761 ut
723 2724 841 2778 qua:
880 2708 1057 2762 futura
1095 2718 1267 2773 erant,
1318 2710 1470 2779 quasi
1506 2710 1684 2765 statim
1711 2709 1847 2766 facta

254 2802 390 2855 dicat
421 2820 437 2857 :
475 2802 603 2855 ideo
627 2802 705 2855 sic
749 2802 1003 2872 loquitur.
1048 2801 1374 2857 llcllenistas
1402 2811 1528 2872 puto
1559 2802 1647 2857 hic
1670 2805 1847 2859 vocari

254 2912 364 2958 eos,
393 2897 486 2965 qui
514 2894 709 2950 Graece
746 2894 1136 2964 loquebantur;
1171 2895 1223 2948 hi
1273 2897 1416 2949 enim
1447 2895 1631 2951 Grreca
1670 2896 1846 2967 lingua

256 2992 557 3054 utebantur,
602 2989 731 3042 licet
775 2987 990 3043 Hebrmi
1022 2998 1226 3042 essent.
1261 2988 1401 3043 Ecce
1438 2988 1542 3043 alia
1596 2990 1842 3057 tentatio;

258 3086 358 3136 imo
384 3094 439 3139 et
465 3094 545 3148 tu,
575 3084 619 3137 si
642 3084 930 3138 observare
951 3083 1100 3147 velis,
1138 3083 1429 3152 perspicies
1450 3084 1517 3137 ab
1538 3082 1686 3137 initio
1707 3082 1845 3139 bella

256 3184 310 3229 et
332 3174 476 3230 intus
499 3186 554 3230 et
576 3175 710 3229 foris
738 3174 922 3229 fuisse.
954 3174 1009 3227 2.
1043 3173 1405 3234 Convocantes.
1436 3174 1627 3244 inquit,
1651 3174 1846 3228 duode-

257 3268 349 3319 cim
385 3267 763 3321 multitudinem
814 3266 1192 3334 discipulorum,
1250 3266 1486 3319 dixerunt
1543 3282 1562 3319 :
1610 3262 1731 3320 Non
1772 3275 1846 3319 est

258 3373 448 3426 equum
478 3375 569 3412 nos
597 3358 942 3427 derelinquere
964 3358 1162 3411 verbum
1191 3356 1310 3420 Dei,
1332 3366 1378 3410 et
1396 3356 1681 3411 ministrare
1704 3373 1846 3409 uten-

257 3455 342 3506 sis.
396 3452 537 3506 Bene
579 3470 594 3505 :
635 3451 962 3505 necessariis
1002 3450 1143 3505 enim
1194 3450 1363 3518 magis
1393 3448 1693 3503 necessaria
1719 3455 1846 3502 sunt

260 3543 601 3614 pra-terenda.
630 3542 762 3598 Vide
786 3554 990 3609 autem,
1030 3541 1301 3612 quomodo
1342 3541 1521 3595 statim
1562 3550 1617 3595 et
1651 3540 1841 3595 horum

260 3635 701 3700 curambabeant,
729 3645 785 3690 et
808 3635 1237 3705 przcdicationem
1256 3649 1361 3687 non
1376 3634 1665 3703 negligant.
1682 3631 1841 3698 Quasi

258 3738 437 3781 autem
478 3728 890 3783 renerabiliores
942 3726 1015 3780 illi
1066 3735 1267 3789 essent,
1310 3724 1431 3779 ideo
1468 3723 1839 3792 pra-feruntur.

258 3821 311 3875 3.
362 3840 380 3871 ι
414 3819 760 3875 Considerate
798 3833 946 3889 ergo,
989 3819 1201 3881 fratres,
1244 3816 1387 3869 viros
1420 3831 1486 3870 ex
1531 3814 1679 3868 vobis
1718 3814 1839 3867 boni

259 3915 541 3968 testimonii
574 3922 807 3984 septem,
839 3913 1025 3981 plenos
1064 3909 1266 3979 Spiritu
1308 3919 1360 3963 et
1384 3909 1667 3976 sapientia,
1706 3921 1841 3977 quos

260 4007 642 4061 constituemus
672 4020 833 4072 super
864 4004 965 4056 hoc
985 4016 1138 4071 opus.
1162 4005 1215 4056 4.
1248 3999 1357 4055 Nos
1378 4015 1505 4053 vero
1532 3999 1756 4053 orationi
1787 4008 1850 4054 et

261 4098 547 4152 ministerio
564 4096 712 4152 verbi
740 4098 997 4150 instantes
1023 4095 1241 4148 erinnts.
1268 4094 1321 4149 5.
1352 4094 1416 4147 Et
1442 4093 1637 4161 placuit
1663 4106 1842 4147 sermo

257 4205 425 4242 coram
448 4182 600 4243 enini
641 4186 1000 4241 multitudine.
1032 4184 1101 4238 Et
1137 4185 1416 4255 elegerunt
1466 4182 1836 4252 Stephanum,

258 4285 419 4335 virum
451 4282 673 4350 plenum
711 4279 814 4333 fide
835 4288 889 4332 et
914 4278 1113 4347 Spiritu
1153 4288 1361 4331 sancto.
1402 4295 1422 4328 ι
1460 4275 1657 4345 Utique
1678 4286 1731 4330 et
1763 4275 1839 4329 illi

260 4376 384 4439 pleni
416 4374 521 4426 ﬁde
543 4382 719 4435 erant,
744 4387 879 4441 quos
908 4380 964 4423 et
988 4370 1293 4440 elegerunt;
1326 4377 1466 4422 utne
1494 4367 1680 4422 eadem
1706 4382 1840 4421 con»

258 4468 534 4534 tinge-rent,
569 4480 691 4533 qua:
722 4465 770 4517 in
799 4463 956 4529 Juda,
975 4464 1095 4518 etin
1122 4463 1322 4516 Anania
1343 4471 1397 4516 et
1422 4461 1705 4532 Sapphira.
1733 4479 1751 4512 t
1775 4461 1841 4516 Et

256 4559 577 4627 Philippum.
612 4567 667 4611 et
695 4556 1045 4620 Prochorum,
1086 4566 1139 4611 et
1185 4555 1523 4621 Nicanorem,
1564 4564 1618 4608 et
1654 4554 1838 4608 Timo-

256 4668 388 4713 nem,
418 4661 474 4704 et
504 4650 847 4711 Parmenant,
878 4660 931 4703 et
976 4648 1251 4703 Nicolaum
1283 4650 1609 4719 proselytum
1649 4648 1839 4701 Antio-

253 4742 477 4796 chenam
511 4760 525 4793 :
560 4742 616 4794 6.
645 4757 780 4810 quos
805 4750 1105 4795 statuerunt
1128 4756 1307 4793 coram
1329 4740 1605 4809 apostolis,
1636 4750 1690 4794 et
1717 4755 1838 4794 cum

252 4845 528 4899 orassent,
566 4834 934 4901 imposuerunt
958 4834 1039 4887 eis
1064 4847 1270 4887 manus.
1300 4833 1352 4887 7.
1396 4833 1458 4886 Et
1494 4832 1711 4886 verbum
1739 4832 1841 4886 Do-

255 4930 370 4980 mili
399 4932 721 4989 crescebat,
751 4937 804 4981 et
834 4926 1289 4995 multiplicahatur
1323 4942 1577 4980 numerus
1602 4925 1839 4995 discipu-

258 5022 417 5073 lorum
447 5021 501 5073 in
555 5018 856 5072 Jerusalem
889 5036 901 5071 :
934 5017 1097 5071 multa
1127 5017 1288 5071 etiam
1322 5017 1475 5072 turba
1503 5017 1837 5072 sacerdotum

252 5110 529 5163 obediebat
552 5108 693 5162 ﬁdei.
724 5128 741 5159 ι
767 5107 872 5163 Sed
902 5108 1040 5162 dieta
1060 5109 1248 5162 iterum
1274 5118 1600 5177 repetamus.
1618 5107 1741 5170 Viri,
1761 5119 1842 5162 at-

251 5202 425 5252 tendite
453 5200 613 5253 nobis.
649 5198 778 5252 Vide
797 5199 923 5251 Inibi
947 5198 1695 5268 lticGantalielem,quomodo
1717 5215 1839 5254 cum

252 5290 659 5344 mansuetudine
690 5300 742 5343 et
785 5290 966 5359 paucis
996 5290 1260 5359 loquatur,
1294 5306 1392 5343 nec
1424 5300 1629 5346 veteres
1656 5301 1841 5345 narret

250 5384 519 5447 historias,
554 5388 658 5437 etsi
691 5392 891 5453 posset,
932 5383 1025 5437 sed
1066 5399 1251 5449 novas,
1281 5399 1399 5452 qua:
1426 5383 1658 5437 maxime
1680 5382 1743 5437 ad
1779 5383 1842 5436 ﬁ-

250 5478 362 5529 ιιι-ιιι
408 5477 730 5532 [intrandum
770 5477 1031 5530 valerent.
1064 5476 1188 5530 Ideo
1223 5476 1434 5530 occulte
1475 5475 1724 5539 insinuat,
1755 5475 1840 5530 di-

246 5584 371 5622 cens
405 5586 419 5620 :
455 5567 598 5621 Nam
636 5580 755 5620 ante
782 5568 875 5621 Itos
912 5568 1039 5632 dies,
1064 5566 1214 5636 quasi
1244 5567 1544 5634 declarans,
1577 5582 1683 5622 non
1716 5575 1841 5621 ante

248 5666 445 5715 multos
462 5662 599 5716 dies.
625 5662 683 5717 Si
714 5663 894 5715 statim
916 5661 1159 5729 dixisset,
1194 5660 1455 5717 Ditnittite
1494 5663 1659 5727 viros,
1684 5661 1735 5715 in
1761 5678 1844 5716 suo

246 5755 543 5819 spicionem
570 5754 833 5818 venisset,
863 5762 919 5809 et
947 5768 1126 5809 sermo
1155 5771 1260 5809 non
1294 5756 1364 5809 ita
1389 5756 1597 5811 validus
1619 5755 1839 5822 fuisset;

248 5857 369 5898 mm
397 5845 664 5916 exemplis
678 5857 862 5900 autem
888 5847 989 5901 vim
1017 5849 1245 5920 accepit.
1271 5848 1395 5906 ldco
1416 5864 1519 5905 non
1538 5865 1700 5904 unum
1723 5864 1839 5906 me-

1227 380 1295 437 ΙΝ
1330 379 1513 437 ACTA
1552 375 2083 436 APOSTOLORUM.
2124 376 2355 434 lIOMlL.
2395 378 2534 435 XIV.

3452 387 3550 445 ιιι

1967 502 2163 559 morat,
2195 495 2290 548 sed
2321 503 2377 550 et
2417 494 2663 550 alterum.
2712 497 2870 567 Atqui
2896 506 3108 568 poterat
3134 508 3189 554 et
3214 501 3428 556 tertium
3450 503 3550 557 atl-

1965 584 2096 641 dere
2122 601 2189 641 ex
2218 586 2531 653 abundanti,
2563 596 2618 642 et
2655 602 2810 643 suum
2849 590 3170 646 conﬁrmare
3219 607 3549 663 sermonem,

1966 677 2191 747 illosque
2216 694 2244 731 a
2275 680 2618 751 sanguiuario
2663 683 2939 752 pr0posito
2976 684 3265 742 abducere.
3295 684 3552 745 Discedite

1964 769 2027 822 ab
2050 770 2353 824 hominibus.

2034 860 2089 914 2.
2124 861 2277 921 Vide.
2305 876 2464 931 quam
2495 863 2567 917 sit
2584 865 2821 920 moribus
2845 878 3172 924 mansuetus.
3204 867 3388 941 Neque
3421 870 3547 926 lon-

1965 968 2113 1023 gum,
2145 954 2238 1007 sed
2260 954 2477 1009 brevem
2509 956 2647 1011 texit
2668 971 2974 1014 sermonem
3005 976 3021 1023 ;
3070 977 3244 1031 neque
3270 963 3393 1019 illos
3412 978 3537 1019 cum

1968 1044 2147 1100 furore
2174 1058 2456 1102 memorat.
2515 1047 2583 1101 Et
2607 1065 2779 1104 omnes
2803 1062 3044 1123 quotquot
3071 1066 3430 1111 consenserunt
3458 1058 3504 1111 ei
3521 1098 3541 1124 ,

1962 1138 2177 1209 dispersi
2200 1151 2336 1194 sunt.
2370 1140 2482 1196 Hoc
2501 1141 2708 1207 dicens,
2744 1158 2850 1198 non
2881 1145 2933 1199 in
2974 1144 3246 1201 Christum
3296 1149 3541 1217 blasphe-

1961 1240 2114 1296 mat;
2171 1231 2263 1286 sed
2317 1231 2367 1286 id
2394 1274 2410 1298 ,
2459 1234 2600 1302 quod
2632 1237 2862 1289 maxime
2905 1237 3154 1302 volebat,
3207 1240 3435 1308 perﬁcit.
3479 1241 3544 1297 Si

1958 1323 2043 1385 sit,
2085 1323 2273 1393 inquit,
2306 1340 2369 1378 ex
2424 1325 2706 1380 hominibus
2734 1368 2750 1394 ,
2808 1328 3128 1386 dissolvetur.
3182 1330 3281 1386 Hic
3332 1332 3543 1389 videtur

1958 1412 2078 1467 illos
2099 1415 2409 1484 syllogismo
2438 1417 2716 1485 impetere,
2744 1434 2808 1473 ac
2827 1419 3007 1475 dicere
3037 1440 3051 1476 :
3088 1421 3229 1494 Ergo
3254 1423 3378 1493 quia
3438 1424 3542 1481 hoc

1959 1506 2277 1562 dissolutum
2306 1525 2412 1564 non
2459 1510 2577 1576 fuit,
2630 1528 2735 1566 non
2763 1523 2846 1568 est
2873 1513 3184 1569 humanum.
3234 1515 3318 1570 ,γε
3341 1521 3472 1589 forte
3499 1527 3547 1571 et

1957 1596 2069 1651 Deo
2096 1616 2379 1671 repugnare
2402 1602 2748 1658 inveniamini.
2784 1604 2896 1659 lloc
2925 1605 3159 1671 dicebat,
3188 1623 3256 1662 ex
3281 1608 3534 1679 impossi-

1960 1691 2048 1745 bili
2080 1703 2134 1746 et
2166 1694 2341 1748 inutili
2371 1695 2492 1749 illos
2514 1697 2836 1766 reprimens.
2864 1697 2925 1753 Si
2946 1714 3061 1752 vero
3088 1715 3151 1753 ea:
3178 1698 3287 1754 Deo
3308 1711 3400 1767 est,
3430 1718 3534 1755 non

1958 1785 2202 1852 poteritis.
2254 1784 2369 1840 Non
2418 1786 2589 1853 dixit,
2637 1789 2691 1843 Si
2740 1788 2986 1844 Christus
3040 1792 3112 1845 sit
3168 1792 3346 1857 Deus;
3404 1809 3539 1862 opus

1956 1875 2097 1928 enim
2154 1876 2219 1930 iis
2273 1877 2617 1933 declarabat:
2673 1897 2845 1951 neque
2904 1880 3191 1937 afﬁrmavit
3219 1883 3304 1938 vel
3353 1884 3544 1938 huma-

1957 1980 2115 2032 num,
2160 1967 2243 2021 vel
2286 1968 2523 2024 divinum
2568 1986 2727 2036 esse;
2774 1973 2869 2027 sed
2893 1972 3071 2029 futuro
3120 1976 3347 2045 tempori
3377 1975 3539 2030 ﬁdem

1957 2059 2236 2126 permisit,
2271 2069 2327 2113 ut
2373 2061 2642 2117 suaderet.
2703 2064 2771 2117 Et
2811 2066 2856 2120 si
2900 2066 3104 2131 suasit,
3155 2067 3403 2137 inquies,
3443 2083 3543 2123 cur

1957 2149 2341 2219 ﬁagellarunt?
2376 2154 2690 2210 lndubitataa
2741 2156 2960 2227 quidem
3011 2158 3273 2213 dictorum
3319 2159 3541 2228 justitia:

1956 2244 2221 2298 obsistere
2251 2261 2355 2299 non
2404 2255 2713 2316 potuerunt,
2754 2248 2850 2303 sed
2888 2258 3066 2304 tamen
3123 2249 3355 2304 furorem
3382 2266 3538 2305 suum

1961 2337 2317 2406 impleverunt
2379 2357 2393 2393 :
2448 2340 2683 2410 alioquin
2735 2356 2867 2396 vero
2915 2342 2995 2396 sic
3040 2358 3103 2407 se
3153 2342 3274 2397 illos
3334 2352 3541 2411 perter-

1955 2428 2154 2482 rituros
2184 2429 2494 2498 sperabant.
2522 2431 2674 2498 Quod
2705 2443 2881 2487 autem
2912 2433 3026 2488 haec
3052 2432 3157 2487 illis
3178 2448 3284 2488 non
3305 2448 3541 2503 praesen-

1956 2523 2095 2576 tibus
2122 2522 2345 2589 diceret,
2373 2523 2472 2579 hoc
2504 2524 2624 2580 illos
2649 2527 2819 2595 magis
2844 2526 3065 2581 attraxit
3094 2544 3107 2581 :
3147 2541 3210 2581 ac
3263 2526 3532 2581 sermonis

1950 2614 2221 2679 suavitas,
2272 2614 2646 2687 dictorumque
2696 2618 2900 2687 justitia
2929 2618 2979 2673 id
3008 2618 3115 2673 illis
3155 2618 3344 2673 suasit.
3400 2618 3537 2675 Fere

1953 2722 2181 2775 namque
2210 2717 2263 2761 et
2287 2707 2371 2761 hic
2401 2708 2740 2779 evangelium
2764 2710 3085 2779 praedicabat
3109 2729 3124 2777 ;
3159 2712 3267 2766 imo
3286 2712 3401 2767 base
3423 2712 3536 2769 fere

1950 2796 2181 2861 dicebat,
2209 2813 2330 2851 cum
2354 2800 2556 2867 justitia
2585 2802 2731 2869 ipsos
2748 2802 3061 2873 alloquens:
3092 2804 3412 2861 Persuasum
3440 2808 3536 2861 ba-

1952 2889 2090 2945 bctis
2111 2907 2210 2948 vos
2230 2906 2336 2945 non
2396 2907 2554 2961 posse
2603 2894 2915 2950 dissolvere.
2962 2896 3071 2950 Cur
3110 2914 3216 2951 non
3272 2899 3535 2955 credidis-

1952 2982 2055 3037 tis?
2080 2982 2210 3037 Tam
2243 3000 2430 3054 magna
2462 2993 2545 3039 est
2573 2986 2901 3056 prtedicatio,
2934 2989 3172 3043 utetiam
3203 2990 3270 3044 ab
3301 2991 3531 3047 inimicis

1950 3076 2310 3132 testimonium
2355 3077 2567 3133 habeat.
2602 3078 2711 3135 Illic
2739 3081 3112 3151 quadringenti
3144 3094 3484 3140 surrexerant
3508 3125 3526 3151 ,

1948 3178 2001 3221 ct
2054 3177 2235 3236 postea
2294 3184 2483 3239 magna
2534 3171 2851 3227 multitudo:
2902 3172 2989 3228 hic
3040 3174 3319 3230 duodecim
3372 3177 3528 3246 primi

1946 3268 2118 3313 erant.
2152 3259 2226 3314 Ne
2252 3276 2381 3330 ergo
2404 3277 2498 3315 vos
2539 3262 2940 3332 perterrefaciat
2968 3266 3318 3321 multitudinis
3344 3282 3530 3323 acces-

1946 3352 2047 3407 sio.
2076 3352 2136 3407 Si
2162 3353 2294 3406 enim
2327 3371 2389 3408 ea:
2413 3356 2697 3409 hominibus
2724 3358 2877 3427 fuerit
2900 3374 3028 3427 opus
3049 3359 3162 3424 hoc,
3193 3359 3515 3415 dissolvetur.

1946 3442 2159 3499 Poterat
2186 3456 2241 3500 ct
2263 3446 2404 3501 aliud
2434 3445 2740 3519 Egyptium
2786 3448 3000 3515 dicere;
3050 3450 3144 3506 sed
3180 3452 3290 3522 jam
3340 3468 3528 3523 super-

1946 3535 2107 3590 ﬂuum
2135 3540 2234 3593 hoc
2256 3538 2456 3594 fuisset.
2493 3539 2694 3605 Viden’,
2714 3540 2981 3610 quomodo
3002 3550 3205 3597 terrore
3222 3557 3527 3599 sermonem

1943 3631 2309 3686 concluserit?
2336 3630 2459 3686 Ideo
2486 3647 2591 3687 non
2614 3632 2927 3703 simpliciter
2939 3634 3259 3689 sententiam
3282 3634 3521 3705 profert,

1946 3731 2000 3773 ut
2030 3736 2095 3776 ne
2121 3720 2365 3777 videatur
2379 3738 2478 3793 pro
2500 3723 2605 3778 illis
2625 3723 2838 3789 dicere;
2892 3724 2987 3779 sed
3010 3740 3077 3780 ex
3105 3726 3185 3781 rei
3208 3735 3405 3781 eventu
3431 3742 3524 3781 ra-

1944 3812 2247 3867 tiocinatur.
2310 3812 2429 3869 Non
2456 3830 2619 3871 ausus
2645 3824 2729 3871 est
2752 3831 2880 3871 vero
2902 3816 3198 3885 afﬁrmare,
3221 3819 3523 3876 doctrinam

1946 3906 2087 3960 illam
2115 3922 2225 3960 non
2247 3905 2558 3972 humanam,
2582 3908 2674 3963 sed
2702 3923 2768 3963 ex
2796 3909 2904 3963 Deo
2933 3924 3088 3966 esse:
3117 3911 3241 3981 quia
3270 3913 3314 3967 si
3342 3912 3521 3967 dixis-

1944 4007 2022 4053 set
2055 4015 2119 4052 ex
2148 3998 2258 4053 Deo
2285 4013 2405 4053 esse
2432 4039 2450 4066 ,
2492 4000 2938 4055 contradixissent
2961 4002 3036 4056 illi
3068 4018 3084 4068 ;
3138 4002 3186 4057 si
3234 4013 3410 4058 autem
3458 4019 3527 4060 ex

1946 4088 2251 4145 hominibus
2276 4090 2519 4157 dixisset,
2572 4090 2638 4145 ad
2664 4092 3043 4163 insurgentium
3069 4097 3319 4164 propensi
3347 4106 3525 4151 erant.

1943 4178 2067 4236 Ideo
2098 4182 2215 4237 illos
2245 4182 2403 4237 ﬁnem
2442 4192 2753 4254 exspectare
2773 4184 2927 4254 jubet
2952 4226 2967 4248 ,
2995 4186 3200 4251 dicens,
3243 4186 3518 4245 Discedite.

1946 4273 2021 4328 Illi
2052 4290 2178 4329 vero
2207 4289 2419 4330 rursum
2456 4276 2747 4343 minantur,
2772 4278 3008 4333 scientes
3027 4278 3243 4348 quidem
3289 4296 3348 4334 se
3389 4282 3523 4339 nihil

1944 4384 2101 4438 posse
2149 4369 2425 4439 perﬁcere,
2474 4384 2573 4425 suo
2614 4380 2790 4426 autem
2863 4386 3012 4427 more
3056 4372 3335 4429 facientes.
3379 4373 3527 4430 Talis

1942 4461 2086 4516 enim
2116 4475 2202 4516 res
2222 4470 2305 4517 est
2324 4462 2550 4529 malitia,
2593 4479 2713 4533 qua:
2754 4464 3102 4534 impossibilia
3151 4479 3296 4536 sape
3327 4474 3521 4527 tentat.

1946 4550 2071 4606 Post
2096 4552 2230 4606 hunc
2254 4563 2426 4607 autem
2453 4554 2671 4608 surrexit
2718 4554 2887 4609 ludas
2907 4557 3008 4626 (α).
3063 4555 3211 4621 Haec,
3240 4558 3283 4611 si
3305 4556 3527 4629 Josepbi

1944 4645 2110 4699 libros
2133 4646 2491 4715 inSpexeritis,
2520 4648 2822 4702 accuratius
2843 4648 3095 4704 ediscetis
3122 4669 3137 4704 :
3170 4651 3258 4706 ille
3284 4667 3520 4723 namque

1946 4736 2134 4790 horum
2168 4737 2444 4792 historiam
2494 4738 2781 4809 diligenter
2828 4750 3031 4795 narrat.
3080 4742 3265 4797 Viden‘
3305 4746 3521 4812 qualem

1944 4845 2055 4884 rem
2082 4845 2245 4884 ausus
2286 4840 2371 4885 est
2398 4831 2597 4895 dicere,
2653 4831 2793 4901 quod
2822 4831 2905 4886 Ea:
2932 4832 3039 4887 Deo
3064 4875 3079 4899 ,
3110 4836 3234 4905 quia
3283 4846 3464 4904 postea
3497 4852 3527 4888 a

1946 4923 2105 4976 rebus
2134 4922 2261 4991 ipsis
2286 4922 2444 4979 ﬁdem
2465 4925 2710 4993 accepit?
2764 4923 2900 4979 Vere
2953 4941 3143 4996 tuagna
3180 4927 3372 4981 ﬁducia
3392 4970 3407 4994 ,
3467 4940 3527 4984 et

1945 5016 2088 5069 nulla
2131 5030 2476 5085 personarum
2516 5017 2779 5084 acceptio.
2811 5016 3177 5073 Consenserunt
3224 5029 3391 5074 autem
3426 5022 3522 5089 illi,

1947 5106 2133 5175 inquit.
2160 5104 2228 5159 Et
2252 5116 2579 5161 commeantes
2633 5108 2910 5175 apostolos,
2968 5125 3138 5164 caesos
3180 5109 3522 5169 dimiserunt.

1945 5199 2180 5254 Reveriti
2210 5208 2336 5255 sunt
2360 5201 2681 5255 Sententiatn
2710 5201 2843 5265 viri;
2898 5202 3123 5272 ideoque
3147 5203 3472 5263 destiterunt
3496 5224 3525 5262 a

1946 5293 2225 5362 proposito
2254 5291 2528 5346 occidendi
2555 5292 2827 5362 apostolos
2860 5312 2874 5349 :
2924 5293 3224 5365 ﬁagcllatos
3251 5308 3431 5355 autem
3462 5302 3529 5355 il-

1948 5383 2027 5437 los
2054 5382 2346 5436 dimittunt.
2388 5380 2455 5435 Et
2485 5382 2563 5436 illi
2608 5383 2811 5453 quidem
2840 5386 2980 5440 ibant
3030 5388 3306 5458 gaudentes
3351 5410 3382 5446 a
3410 5410 3532 5449 con-

1946 5483 2117 5543 spectu
2139 5474 2363 5539 concilii,
2393 5474 2632 5544 quoniam
2658 5475 2799 5546 digni
2843 5477 2998 5531 habiti
3046 5490 3165 5534 sunt
3209 5500 3301 5551 pro
3330 5486 3536 5538 nomine

1947 5564 2134 5621 Christi
2160 5567 2516 5620 contumeliam
2543 5568 2669 5635 pati.
2698 5569 2903 5637 Quibus
2931 5573 3097 5641 signis
3120 5573 3222 5629 hoc
3244 5591 3348 5628 non
3371 5577 3529 5629 mira-

1949 5658 2104 5713 bilius
2130 5667 2213 5713 cst
2241 5659 2263 5710 ?
2287 5657 2555 5729 Nusquam
2575 5659 2676 5715 hoc
2700 5661 2841 5731 apud
2872 5674 3081 5718 veteres
3110 5665 3351 5733 contigit.
3397 5664 3527 5719 Nam

2013 5791 2525 5857 (n)iVide,Josephum
2548 5792 2711 5857 Anth.
2728 5792 2840 5857 δυσ.
2860 5792 3061 5857 1.-18ις.
3079 5795 3137 5857 ⁸1,
3163 5794 3246 5857 ubi
3276 5792 3418 5857 ludat
3435 5797 3533 5851 Gs-

1950 5853 2076 5906 lilzei'
2095 5856 2339 5909 historiam
2373 5853 2555 5917 refert;
2580 5864 2633 5907 et
2663 5853 2697 5907 ιι
2722 5856 2803 5919 ω,
2822 5870 2867 5906 c.
2887 5855 2936 5915 2,
2960 5856 3043 5903 ubi
3060 5854 3125 5903 de
3141 5854 3337 5906 'rbeuda
3362 5860 3479 5921 agit.
