3972 6212
674 368 778 427 1ιὸ

673 481 936 539 Jeremias
961 478 1174 549 quidem
1204 475 1498 547 ﬂagellatus
1527 484 1610 530 est
1637 483 1859 546 propter
1884 474 2104 528 verbum
2132 471 2250 535 Dei,

677 574 805 629 Elia:
828 579 883 625 et
911 570 1029 623 aliis
1058 569 1240 622 minati
1272 575 1427 621 sunt:
1463 567 1558 621 sed
1588 566 1674 621 hic
1700 576 1753 620 et
1794 581 1862 619 ex
1895 564 1995 618 hac
2025 579 2083 617 re
2106 571 2160 617 et
2188 576 2252 616 ex

680 662 847 731 signis
876 663 1123 714 virtutem
1156 660 1246 713 Dei
1283 659 1643 713 declararunt.
1676 656 1790 711 Non
1817 655 1951 709 dixit
1979 653 2122 725 quod
2149 667 2254 706 non

679 753 961 814 dolerent;
1007 751 1098 803 sed
1146 750 1286 820 quod
1314 750 1435 804 licet
1455 748 1696 803 dolentes
1724 748 2037 816 gauderent.
2074 743 2255 800 Unde-

677 858 798 896 nam
847 842 900 896 id
945 841 1159 912 liquet?
1205 842 1279 895 Ex
1310 841 1549 911 sequenti
1596 840 1841 893 libertate
1895 835 2144 891 dicendi:
2185 835 2255 889 ita

675 951 890 1008 semper
909 937 1066 991 etiam
1100 945 1218 1004 post
1246 936 1424 1004 plagas
1448 931 1782 1002 pra'dicando
1810 929 2096 984 instabant.
2132 926 2256 981 ldeo

677 1028 728 1082 id
751 1027 1046 1088 declarans,
1072 1032 1146 1080 ait
1177 1046 1189 1080 :
1223 1025 1289 1079 In
1320 1028 1505 1093 templo
1529 1034 1575 1077 et
1601 1025 1735 1076 circa
1758 1022 1934 1075 domos
1956 1038 2057 1074 non
2086 1036 2255 1073 cessa-

677 1119 797 1171 bant
847 1121 1078 1171 docentes
1118 1126 1163 1170 et
1203 1117 1602 1185 euangelizantes
1641 1112 1900 1167 Christum
1940 1111 2137 1165 Jesum.
2189 1108 2257 1163 In

676 1212 850 1264 diebus
887 1222 1057 1265 autem
1088 1212 1209 1264 illis.
1241 1210 1443 1278 Quibus
1464 1207 1687 1261 diebus?
1721 1206 1853 1261 Cum
1889 1206 2001 1259 hinc
2030 1204 2253 1267 fierent;

676 1317 793 1357 cum
824 1304 1049 1375 ﬂagella,
1074 1319 1193 1356 cum
1220 1304 1376 1357 mina.-
1398 1345 1411 1366 ,
1436 1318 1555 1357 eum
1580 1300 1822 1369 discipuli
1841 1298 2256 1366 multiplicareu-

681 1408 799 1447 tur:
834 1405 958 1448 tunc
986 1393 1201 1447 Factum
1226 1404 1298 1448 est
1326 1410 1573 1447 murmur.
1602 1392 1667 1445 Et
1695 1390 1934 1445 fortassis
1962 1389 2031 1442 ob
2072 1386 2254 1441 multi-

679 1486 913 1539 tudinem
959 1486 1224 1554 contigit:
1258 1502 1360 1538 non
1412 1486 1555 1539 enim
1602 1491 1774 1551 potest
1821 1482 1872 1535 in
1920 1480 2258 1533 multitudine

680 1587 856 1631 tantus
881 1577 1013 1630 ordo
1040 1578 1262 1631 servari.
1298 1577 1361 1629 Et
1397 1592 1579 1646 magna
1613 1575 1758 1627 turba
1787 1573 2103 1627 sacerdotum
2139 1570 2256 1623 obe-

675 1668 843 1721 diebat
865 1669 1000 1733 ﬁdei.
1027 1668 1119 1722 His
1138 1668 1525 1727 subindieatur,
1549 1682 1614 1719 ex
1637 1666 1717 1730 iis,
1739 1664 1827 1734 qui
1849 1664 2045 1718 Christi
2070 1676 2257 1717 necem

679 1763 961 1817 machinati
983 1772 1125 1827 sunt,
1154 1761 1351 1816 multos
1380 1760 1687 1814 credidisse.

751 1853 1085 1909 Ministen‘um
1124 1854 1469 1923 quotidianum
1497 1852 1639 1919 quid.
1670 1848 1792 1903 -Ρ
1794 1860 1960 1901 artant
1999 1858 2072 1900 est
2119 1863 2260 1899 mur-

677 1963 810 2011 mur,
837 1948 969 2017 quod
993 1949 1369 2017 despicerentur
1390 1947 1440 1998 in
1471 1945 1765 2016 quotidiana
1791 1943 2065 1996 ministerio
2095 1942 2260 1995 vidua:

676 2054 871 2092 eorum.
922 2039 1063 2108 Ergo
1093 2038 1457 2110 quotidianum
1508 2038 1859 2091 ministerium
1904 2052 2028 2103 erga
2071 2034 2258 2090 viduas

676 2140 812 2185 erat.
846 2132 911 2186 Et
942 2133 1095 2198 vide,
1129 2132 1397 2202 quomodo
1438 2131 1524 2186 hie
1563 2131 1913 2185 ministerium
1960 2140 2155 2195 vocet,
2207 2139 2261 2184 et

680 2236 784 2274 non
830 2222 1007 2276 statim
1035 2224 1464 2295 eleemosynam;
1496 2223 1678 2293 sicque
1710 2232 1765 2276 et
1794 2236 1887 2276 eos
1923 2223 2011 2291 qui
2039 2222 2257 2288 darent,

677 2324 731 2367 et
771 2329 864 2368 eos
894 2316 982 2382 qui
1012 2316 1347 2385 aecipereut,
1383 2316 1622 2370 extollat.
1654 2315 1767 2370 Hoc
1795 2331 1899 2369 non
1946 2331 2012 2370 ex
2060 2315 2261 2370 malitia

678 2404 967 2468 oriebatur,
1024 2406 1116 2459 sed
1149 2406 1387 2461 fortassis
1430 2422 1496 2460 ex
1540 2408 1707 2462 turba:
1756 2408 2097 2477 negligentia.
2139 2406 2262 2463 ldeo

679 2494 782 2548 hoc
827 2496 878 2549 in
914 2496 1143 2549 medium
1173 2499 1391 2566 protulit
1436 2497 1584 2568 (non
1614 2514 1834 2567 parvum
1880 2501 2021 2553 enim
2062 2500 2261 2554 malum

678 2588 840 2655 erat),
864 2587 1006 2656 quod
1033 2590 1140 2643 cito
1168 2590 1460 2643 curandum
1488 2590 1741 2660 oportuit.
1772 2590 1954 2645 Viden’
1992 2594 2261 2661 quomodo

680 2675 737 2731 in
764 2678 1025 2749 principio
1051 2680 1186 2734 mala
1228 2697 1331 2734 non
1362 2680 1487 2736 foris
1520 2692 1720 2736 tantum
1748 2724 1762 2747 ,
1794 2683 1887 2737 sed
1918 2684 2077 2738 etiam
2120 2685 2262 2739 intus

681 2781 861 2825 essent
882 2772 905 2823 ?
930 2772 1006 2825 Tu
1039 2789 1164 2827 vero
1196 2790 1300 2827 non
1348 2775 1520 2828 solum
1567 2774 1811 2830 attendas
1837 2776 1978 2846 quod
2021 2787 2262 2832 curatum

682 2864 867 2928 luerit,
904 2865 996 2918 sed
1037 2866 1196 2920 etiam
1226 2867 1364 2935 quod
1401 2882 1646 2936 magnum
1694 2876 1838 2921 eSset
1884 2869 2097 2922 malum.
2132 2868 2266 2923 Con-

681 2956 897 3009 siderate
923 2974 1061 3026 ergo,
1087 2958 1269 3026 fratres
1286 3000 1300 3021 ,
1333 2959 1464 3011 viros
1492 2976 1554 3012 ea;
1579 2958 1713 3012 vobis
1736 2968 1941 3029 septem.
1972 2959 2086 3013 Non
2116 2960 2167 3015 id
2196 2975 2263 3016 ex

683 3052 897 3118 proprio
920 3060 1046 3103 nutu
1068 3050 1285 3115 faciunt,
1302 3052 1394 3105 sed
1416 3052 1558 3119 prius
1581 3066 1639 3106 se
1655 3062 1908 3105 excusant
1929 3056 2066 3121 apud
2087 3052 2265 3106 multi-

685 3143 940 3198 tudinem.
968 3143 1044 3197 Ita
1079 3152 1130 3196 et
1155 3157 1293 3196 nuoc
1317 3142 1429 3196 ﬁeri
1460 3152 1751 3211 oporteret.
1782 3143 1901 3195 A’on
1934 3153 2003 3195 est
2029 3159 2258 3209 (equum;

682 3232 865 3296 aiunt,
919 3249 1010 3285 nos
1042 3231 1398 3300 ~derelinquere
1455 3233 1654 3285 verbum
1704 3232 1833 3297 Dei,
1884 3242 1929 3285 ct
1982 3235 2265 3287 ministrare

686 3326 889 3378 mensis.
920 3325 1097 3377 Primo
1126 3325 1509 3378 absurditatem
1542 3324 1776 3393 profert,
1824 3326 2112 3379 ostendens
2156 3341 2261 3382 non

683 3430 841 3485 posse
877 3425 1157 3485 utrumque
1204 3426 1449 3470 accurate
1496 3418 1734 3487 praestari
1780 3436 1793 3471 :
1834 3419 2262 3489 quandoquidem

684 3524 805 3561 cum
855 3508 1128 3562 Matthiam
1159 3504 1413 3562 ordinare
1444 3511 1714 3579 oportuit,
1763 3511 1932 3578 primo
1971 3512 2045 3584 rei
2074 3522 2258 3567 osten-

685 3601 819 3655 dunt
845 3602 1247 3666 necessitatem,
1274 3602 1396 3673 quia
1420 3618 1555 3655 unus
1585 3602 1870 3670 defecerat,
1903 3615 1955 3658 et
1984 3604 2262 3683 duodecim

684 3708 804 3745 esse
831 3691 1131 3760 oportebat.
1167 3692 1339 3746 Etiam
1380 3693 1466 3747 hic
1511 3694 1877 3748 necessitatem
1919 3696 2205 3750 ostendunt
2247 3714 2262 3751 :

686 3800 785 3838 nec
816 3784 943 3837 illud
967 3794 1090 3839 ante
1117 3785 1386 3849 fecerunt,
1412 3784 1505 3839 sed
1535 3796 1911 3855 exspectarunt
1930 3786 2101 3842 donec
2122 3804 2265 3841 mur-

686 3891 807 3929 mur
827 3877 1056 3929 oriretur
1079 3892 1093 3940 ;
1124 3891 1295 3946 neque
1318 3885 1493 3932 tamen
1519 3877 1657 3947 passi
1679 3888 1801 3932 sunt
1830 3887 1887 3933 ut
1913 3878 2014 3934 hoc
2041 3880 2263 3935 multum

682 3977 972 4022 cresceret.

775 4058 828 4113 5.
873 4059 939 4113 Et
982 4059 1136 4122 vide;
1183 4060 1441 4130 judicium
1492 4062 1599 4116 illis
1639 4064 1985 4131 permittunt,
2033 4074 2087 4119 et
2144 4066 2265 4120 illos

690 4150 979 4218 praeferunt
1007 4152 1098 4221 qui
1128 4153 1377 4207 omnibus
1406 4154 1708 4221 placerent,
1742 4164 1795 4208 et
1836 4157 2070 4209 omnium
2112 4159 2263 4211 testi-

689 4245 869 4298 mouio
896 4244 1101 4313 probati
1125 4256 1326 4300 essent.
1359 4246 1491 4300 Cum
1518 4247 1752 4314 oportuit
1771 4248 2042 4301 Matthiam
2072 4264 2264 4319 propo-

688 4351 817 4389 nere
841 4376 855 4400 ,
913 4335 1155 4404 Oportet,
1209 4337 1448 4403 inquiunt
1473 4378 1487 4401 ,
1522 4354 1584 4390 ea:
1607 4338 1669 4390 iis
1691 4377 1707 4403 ,
1747 4338 1832 4405 qui
1857 4340 2113 4393 nobiscum
2152 4352 2265 4394 sunt

688 4427 824 4479 omni
853 4436 1072 4495 tempore
1095 4444 1115 4489 ;
1141 4426 1226 4481 hic
1251 4437 1427 4480 autem
1456 4444 1559 4480 non
1590 4431 1667 4482 sic
1698 4447 1711 4482 :
1740 4446 1843 4483 non
1874 4433 2015 4485 enim
2044 4434 2146 4487 tale
2173 4450 2268 4490 ne-

686 4518 884 4585 gotium
916 4525 1051 4571 erat.
1087 4517 1208 4570 ldeo
1237 4516 1336 4570 hoc
1374 4533 1476 4571 non
1512 4520 1640 4571 sorti
1673 4522 2060 4589 permiserunt;
2096 4540 2266 4593 neque

688 4624 807 4663 cum
839 4610 934 4676 ipsi
963 4620 1180 4677 possent
1207 4608 1408 4680 Spiritu
1435 4612 1562 4666 moti
1586 4613 1802 4682 eligere,
1835 4615 1882 4668 id
1913 4616 2140 4682 faciunt;
2170 4620 2263 4674 sed

689 4715 754 4752 ex
786 4703 1067 4754 multorum
1090 4704 1393 4756 testimonio
1411 4704 1550 4773 quod
1573 4706 1821 4774 placitum
1844 4717 1985 4761 esset
2004 4717 2262 4766 statuunt.

689 4790 932 4858 Alioquin
963 4808 1106 4857 vero,
1143 4809 1419 4847 numerum
1451 4794 1695 4862 delinire,
1723 4797 1992 4863 ordinare,
2016 4801 2080 4852 ad
2106 4803 2264 4857 talem

692 4899 867 4951 usum,
899 4885 964 4938 ad
996 4885 1114 4938 illos
1142 4887 1441 4954 pertinebat
1472 4888 1487 4917 ³
1515 4904 1528 4953 ;
1558 4888 1757 4957 eligere
1780 4901 1954 4944 autem
1983 4893 2125 4946 viros
2162 4895 2266 4949 illis

692 4978 1036 5045 permittunt,
1061 4988 1116 5030 ut
1156 4994 1221 5033 ne
1248 4978 1552 5033 viderentur
1581 4980 1647 5034 ad
1668 4982 2015 5050 quormndam
2041 4985 2265 5054 gratiam

688 5084 851 5135 agere
882 5088 896 5124 :
922 5072 1045 5138 quia
1072 5082 1127 5124 et
1154 5070 1292 5125 Deus
1322 5071 1486 5141 Moysi
1514 5072 1752 5141 permisit
1777 5073 1972 5143 eligere
2002 5077 2262 5143 seniores,

690 5177 824 5229 quos
853 5174 1091 5217 noverat.
1132 5164 1291 5219 Multa
1321 5167 1461 5219 enim
1490 5167 1745 5234 sapientia
1773 5181 1908 5235 opus
1936 5177 2017 5222 est
2058 5170 2112 5223 in
2144 5171 2266 5224 tali-

691 5253 790 5309 bus
819 5254 1323 5324 dispensationibus.
1364 5258 1441 5312 Ne
1474 5263 1671 5327 putetis
1701 5261 1862 5326 enim,
1891 5262 2013 5331 quia
2042 5263 2264 5318 verbum

695 5364 799 5401 non
828 5347 959 5415 ipsis
985 5349 1348 5402 concreditum
1382 5350 1578 5415 fuerat,
1606 5368 1711 5405 non
1745 5368 1879 5421 opus
1902 5354 2148 5409 habuisse
2176 5370 2265 5409 sa-

696 5442 888 5510 pientia
920 5440 1119 5494 :multa
1146 5452 1290 5497 certe
1315 5457 1448 5511 Opus
1476 5443 1727 5501 habuere.
1764 5445 1876 5500 Nos
1907 5464 2017 5502 vero
2051 5449 2269 5502 orationi

681 5549 740 5591 et
779 5535 1053 5591 ministerio
1095 5538 1228 5589 verbi
1271 5538 1512 5592 instantes
1541 5540 1743 5592 erimus.
1778 5540 1845 5593 Et
1885 5541 2035 5595 initio
2062 5551 2115 5596 et
2162 5542 2267 5597 [ine

690 5645 812 5686 sese
838 5638 1109 5683 excusant.
1149 5626 1403 5681 lustantes
1445 5630 1665 5693 erimus,
1704 5631 1968 5699 inquiunt.
2007 5632 2095 5685 Sic
2124 5633 2266 5685 enim

692 5720 1004 5793 oportebat,
1033 5731 1140 5774 non
1170 5719 1378 5787 leviter,
1408 5734 1512 5774 non
1542 5729 1858 5790 utcumque,
1884 5722 1977 5776 sed
1998 5737 2118 5776 cum
2146 5737 2269 5792 per-

754 5834 774 5866 ι
810 5833 972 5885 ﬂoret.
998 5834 1138 5901 legit,
1162 5832 1252 5887 sibi
1275 5834 1572 5899 adscribunt,
1599 5848 1704 5900 pro,
1730 5833 1799 5887 ad
1821 5831 1928 5888 illos
1949 5835 2233 5901 pertinebat.

1464 361 1522 417 S.
1553 358 1831 417 JOANNIS
1865 354 2339 413 CHRYSOSTOMI
2370 351 2683 409 ARCHIEP.
2723 349 3253 409 CONS‘FANTINOP.

2354 469 2685 525 severantia.
2714 467 2784 522 Et
2813 468 3027 539 placuit,
3050 470 3241 541 inquit,
3268 489 3430 526 sermo
3456 491 3630 529 coram
3655 493 3714 530 on

2363 562 2596 615 titudine.
2644 562 2711 616 Et
2740 561 2842 616 hoc
2883 563 3094 618 iliorum
3136 566 3447 635 sapientiam
3478 568 3713 624 decebat.

2361 654 2561 709 dictum
2610 654 2927 721 laudarunt;
2961 655 3030 710 ita
3060 657 3337 726 prudentia
3379 661 3598 729 plenum
3629 679 3714 717 era

2364 748 2668 817 elegerunt,
2695 747 2862 817 inquit
2892 747 3129 816 (rursum
3163 751 3260 819 ipsi
3283 750 3542 821 eligunt),
3577 752 3711 822 Step

2362 837 2532 891 virum
2562 839 2776 906 plenum
2824 838 2925 893 ﬁde
2955 850 3009 894 et
3037 840 3234 909 Spiritu
3274 854 3460 897 sancto
3480 885 3493 908 ,
3527 855 3584 899 et
3616 846 3713 899 Phi

2363 937 2418 983 et
2446 929 2772 984 Prochorum
2791 972 2806 996 ,
2835 941 2890 986 et
2917 932 3253 999 Nicanorem,
3282 944 3338 988 et
3369 934 3657 991 Timonem
3678 980 3692 1001 ,

2363 1038 2596 1090 nienam,
2624 1034 2678 1079 et
2704 1023 2975 1079 Nicolaum
3004 1028 3328 1097 proselytum
3356 1028 3714 1084 Antiochcnui

2363 1122 2661 1168 statuerunt
2691 1130 2871 1169 coram
2922 1118 3199 1185 apostolis.
3233 1119 3298 1170 Et
3341 1130 3559 1175 orantes
3588 1122 3714 1191 impt

2364 1203 2468 1258 illis
2495 1219 2703 1258 manus.
2737 1225 2758 1257 ι
2792 1206 2926 1260 Hinc
2955 1208 3127 1277 palam
3157 1217 3274 1273 est,
3302 1211 3440 1279 quod
3472 1227 3714 1283 segregzu

2364 1296 2444 1349 los
2481 1312 2512 1350 a
2542 1298 2918 1362 multitudine;
2952 1307 3006 1353 et
3053 1300 3122 1353 illi
3157 1300 3403 1366 trahunt,
3435 1320 3542 1358 non
3588 1321 3714 1374 apos

2363 1398 2509 1442 cunt.
2545 1389 2695 1454 Vide,
2726 1406 2884 1459 quam
2927 1406 3033 1445 non
3080 1393 3345 1464 superﬂue
3392 1397 3630 1466 scriptor
3656 1399 3711 1453 lo

2365 1496 2469 1532 non
2502 1483 2642 1535 enim
2671 1482 2802 1536 dicit
2830 1484 3101 1553 quomodo
3128 1526 3140 1550 ,
3171 1486 3265 1539 sed
3297 1488 3613 1558 simpliciter
3633 1508 3713 1561 qui

2364 1572 2472 1625 nati
2521 1573 2629 1626 sint
2683 1589 2775 1642 per
2801 1575 3096 1630 orationem
3147 1594 3161 1630 :
3210 1578 3309 1632 hoc
3353 1581 3495 1634 enim
3543 1592 3628 1637 est
3667 1598 3714 1637 οι

2369 1663 2556 1718 Manus
2587 1666 2683 1719 viri
2712 1670 3124 1736 superponitur;
3167 1679 3333 1725 totum
3362 1688 3489 1726 vero
3516 1674 3659 1730 Dens
3684 1692 3714 1729 ο

2364 1755 2585 1825 ejusque
2608 1773 2795 1812 manus
2812 1768 2896 1813 est
2915 1776 3032 1829 qua:
3057 1761 3223 1831 tangit
3242 1772 3400 1831 caput
3420 1765 3675 1830 ordinati,
3702 1784 3714 1822 ε

2364 1848 2647 1902 admodum
2707 1859 2919 1919 oportet
2967 1852 3261 1906 ordinetur.
3295 1854 3359 1908 Et
3398 1872 3584 1919 sermo,
3621 1859 3707 1927 inq

2364 1940 2649 2006 crescebat,
2701 1950 2748 1994 et
2801 1940 3226 2012 multiplicabatur
3265 1963 3503 2002 numerus
3556 1949 3714 2019 discip

2363 2030 2478 2084 Non
2508 2033 2625 2087 sine
2654 2048 2814 2089 causa
2842 2034 2942 2089 hoc
2968 2036 3120 2103 dixit,
3169 2037 3260 2092 sed
3295 2047 3348 2092 ut
3376 2040 3687 2095 ostenderet

2365 2123 2435 2175 sit
2465 2124 2822 2195 eleemosyna:
2866 2136 2920 2180 et
2950 2128 3073 2181 boni
3106 2128 3311 2184 ordinis
3343 2131 3531 2187 virtus.
3581 2137 3660 2187 Ac
3700 2150 3714 2187 ι

2365 2230 2484 2283 qua:
2509 2215 2833 2283 Stephanum
2860 2226 3103 2287 Spectant
3124 2231 3432 2275 narraturus
3462 2234 3580 2278 est:
3615 2224 3714 2278 idet

2366 2324 2454 2361 sas
2485 2309 2694 2363 illormn
2744 2312 3054 2380 pramtittit:
3086 2313 3153 2367 Et
3184 2314 3364 2378 multi,
3398 2316 3603 2386 inquit,
3635 2336 3714 2372 sac

2365 2401 2654 2455 obediebant
2677 2402 2814 2471 ﬁdei.
2838 2403 2968 2471 Quia
3000 2407 3140 2459 enitn
3175 2407 3420 2462 videbant
3453 2410 3711 2481 principe:

2365 2504 2566 2549 ctorem
2597 2496 2707 2550 hinc
2735 2498 3109 2565 prolereutem,
3142 2516 3207 2554 ex
3229 2502 3477 2569 operibus
3494 2503 3606 2573 jam
3654 2521 3714 2574 pc

2367 2585 2649 2673 faciebpnt.
2682 2587 2749 2640 Et
2773 2587 3127 2644 admiratione
3148 2592 3365 2661 dignum
3394 2605 3508 2659 est,
3550 2596 3692 2665 quod

2368 2692 2473 2729 non
2508 2677 2707 2731 scissus
2728 2678 2886 2733 fuerit
2910 2681 2960 2734 in
2989 2682 3249 2737 electione
3273 2684 3528 2751 virorum,
3553 2702 3713 2756 quom

2368 2771 2634 2838 reprobati
2665 2771 2769 2825 sint
2795 2772 2862 2825 ab
2890 2772 2992 2826 illis
3013 2776 3260 2843 apostoli.

2440 2861 2725 2933 Presbyteri
2774 2873 2821 2917 et
2854 2863 3070 2919 Diaconi
3120 2883 3299 2920 nomen
3328 2868 3528 2938 quando
3561 2872 3714 2924 adrui:

2367 2952 2533 3019 Quam
2564 2970 2690 3024 ergo
2728 2955 3034 3025 dignitatem
3069 2956 3365 3012 habuerunt
3396 2959 3507 3025 illi,
3533 2970 3587 3015 ct
3610 2977 3709 3030 qua

2369 3055 2559 3116 perunt
2596 3047 3019 3113 ordinationem,
3045 3049 3154 3119 jam
3185 3050 3499 3105 discendum
3528 3061 3628 3106 est.
3665 3054 3710 3107 N

2367 3142 2670 3195 cooorum?
2712 3143 2869 3212 Atqui
2923 3143 3036 3197 luce
3085 3145 3134 3196 iu
3184 3144 3436 3199 Ecclesiis
3488 3161 3593 3199 non
3650 3162 3713 3201 er

2368 3233 2805 3303 presbyterorum
2853 3244 2970 3287 erat
3001 3236 3322 3289 (ecouomia.
3368 3236 3529 3305 Atqui
3572 3238 3714 3290 nullo

2368 3325 2648 3394 episcopus
2689 3336 2841 3391 erat,
2892 3336 3243 3397 prmterquam
3275 3330 3504 3398 apostoli
3545 3340 3714 3384 tantuu

2366 3425 2495 3485 puto
2534 3431 2633 3470 nec
2673 3416 3017 3471 diaconorum
3048 3434 3146 3472 nec
3176 3420 3607 3490 presbyterorum
3641 3432 3713 3475 tur

2368 3522 2561 3561 nomen
2582 3507 2874 3562 admissum
2895 3524 2992 3563 nec
3011 3509 3382 3577 manifestum;
3407 3513 3501 3566 sed
3525 3513 3633 3582 jam
3658 3513 3714 3566 ad

2367 3599 2531 3653 diuati
2563 3610 2705 3654 sunt.
2741 3600 2848 3655 Nec
2875 3603 3188 3671 simpliciter
3214 3604 3315 3658 hoc
3335 3621 3525 3658 munus
3554 3605 3661 3661 illis
3678 3622 3714 3661 et

2372 3701 2479 3745 tum
2508 3702 2626 3754 est;
2655 3693 2746 3747 sed
2771 3695 2971 3764 precati
3001 3707 3141 3761 sunt,
3170 3706 3226 3749 ut
3252 3706 3484 3766 potestas
3514 3699 3614 3752 illis
3632 3715 3714 3753 cor

2370 3791 2473 3836 tur.
2502 3782 2632 3838 Vide
2674 3793 2875 3850 autem,
2899 3801 3102 3855 quaeso,
3127 3788 3171 3840 si
3218 3799 3420 3857 septem
3464 3790 3593 3844 viris
3629 3805 3714 3844 era

2372 3883 2529 3928 tantae
2548 3875 2792 3929 fortassis
2810 3876 3098 3931 afﬂuebant
3114 3883 3373 3947 pecuniae,
3391 3890 3532 3935 tanta
3545 3891 3659 3935 erat
3677 3885 3713 3936 vi

2370 3968 2671 4022 multitudo.
2696 3969 2834 4039 Ergo
2865 3987 2969 4024 non
3000 3972 3313 4041 simpliciter
3338 3989 3524 4041 preces
3549 3976 3714 4027 Cttlillt

2368 4059 2460 4114 sed
2478 4075 2597 4113 cum
2621 4060 2782 4113 multa
2801 4061 3125 4127 attentione;
3152 4064 3375 4131 hocque,
3402 4064 3621 4132 perinde
3643 4076 3710 4118 att

2367 4150 2587 4217 dicatio,
2621 4153 2990 4220 perficiebatur
3018 4170 3029 4206 ε
3054 4154 3280 4221 plurima
3303 4154 3445 4208 enim
3484 4156 3714 4225 precibus

2369 4242 2579 4297 bantur.
2600 4243 2688 4299 Sic
2705 4244 2993 4313 spiritualia
3017 4244 3458 4315 prmlerebaulur,
3478 4247 3553 4301 sic
3569 4246 3632 4300 ad
3658 4263 3714 4316 pe

2371 4336 2541 4390 tiones
2572 4336 2936 4402 mittebantur,
2956 4338 3033 4392 sic
3058 4338 3171 4393 istis
3198 4341 3416 4394 verbum
3445 4334 3713 4394 concredit

2368 4427 2551 4497 Neque
2588 4428 2716 4481 dicit
2753 4428 2874 4493 hoc,
2921 4445 3093 4500 neque
3121 4431 3327 4484 extollit
3352 4445 3483 4495 eos;
3515 4432 3607 4485 sed
3635 4431 3714 4484 dic

2369 4536 2577 4589 atquum
2604 4536 2722 4576 esse
2747 4522 3089 4576 commissum
3113 4539 3245 4593 opus
3268 4525 3584 4591 relinquere.
3608 4525 3693 4577 Sic

2370 4613 2594 4668 instituti
2619 4613 2844 4680 fuerant,
2872 4630 2938 4669 ne
2958 4616 3131 4669 omnia
3156 4615 3357 4685 agenda
3379 4617 3714 4685 susciperent.

2372 4707 2564 4762 Paulus
2581 4708 2673 4773 ait,
2707 4706 2774 4761 Ut
2793 4724 3069 4777 pauperum
3085 4718 3279 4760 tantum
3298 4724 3539 4761 memores
3557 4710 3708 4761 simus

2368 4799 2477 4868 10).
2505 4798 2782 4866 Quomodo
2808 4809 2985 4852 autem
3011 4801 3107 4853 hos
3131 4799 3515 4853 antecesserint
3533 4799 3695 4853 disce.

2371 4892 2516 4956 bant,
2547 4889 2956 4959 perseverabant
2999 4891 3049 4943 in
3067 4891 3327 4945 oratione.
3355 4890 3467 4944 Hoc
3486 4892 3640 4944 etiam
3670 4908 3714 4943 ru

2369 4991 2657 5050 oporteret.
2679 4981 2794 5035 Non
2820 4981 3135 5050 simpliciter
3154 4993 3330 5036 autem
3350 4982 3647 5052 spirituales
3666 5025 3678 5048 ,
3704 4998 3714 5037 ε

2370 5076 2471 5128 ritu
2502 5084 2554 5128 et
2575 5074 2830 5144 sapientia
2858 5075 3041 5143 plenos
3058 5073 3209 5137 dixit,
3228 5074 3516 5129 ostendens
3551 5090 3714 5145 mago:

2370 5166 2571 5233 sophia:
2601 5165 2760 5221 fuisse
2788 5166 3154 5220 accusationes
3177 5166 3311 5220 ferre
3337 5166 3628 5220 viduarum.
3648 5168 3713 5235 Q1.

2372 5257 2589 5322 utilitas,
2618 5258 2662 5311 si
2688 5256 3024 5328 dispensator
3071 5272 3173 5311 non
3206 5255 3410 5312 l'uretur
3446 5258 3675 5328 quidem,
3704 5276 3714 5315 ε

2371 5350 2455 5402 nia
2490 5349 2713 5417 perdat?
2737 5350 2814 5402 vel
2843 5351 2885 5403 si
2919 5349 3064 5403 l‘erox
3088 5351 3155 5403 sit
3181 5360 3235 5406 et
3258 5352 3646 5406 exacerbatur?
3676 5352 3714 5406 ll

2371 5438 2715 5492 admirandus
2743 5449 2859 5492 erat
2888 5440 3181 5509 Philippus.
3215 5441 3290 5496 De
3341 5443 3432 5495 illo
3477 5459 3697 5512 namque

2371 5529 2439 5584 Et
2481 5532 2692 5600 ingressi
2727 5531 2776 5583 in
2824 5533 3028 5584 domum
3072 5532 3307 5603 Philippi
3355 5536 3697 5605 evangelista,

2372 5630 2559 5689 septem
2585 5620 2687 5674 illis
2712 5633 2817 5674 erat
2837 5664 2851 5687 ,
2900 5624 3175 5679 mansimus
3203 5624 3345 5697 apud
3372 5625 3515 5680 illum
3566 5627 3695 5694 (Act.

2376 5712 2564 5767 Videu‘
2589 5713 2717 5767 nihil
2748 5713 2982 5769 humano
3002 5730 3153 5771 more
3176 5716 3513 5788 dispensari?
3540 5718 3601 5772 Et
3638 5736 3714 5771 mu

2379 5804 2527 5861 batur
2552 5823 2786 5861 numerus
2811 5806 3170 5879 discipulorum
3196 5810 3251 5867 in
3275 5809 3577 5868 Jerusalem.
3600 5811 3714 5868 Jero
