4014 6218
219 247 308 304 H5

219 362 317 447 τοῦ
328 360 617 447 ὀνόματος
651 363 770 418 τοῦ
805 365 1071 432 Χριστοῦ
1102 370 1562 441 κατηξιώθησαν
1594 378 1797 447 ἀτιμα.

222 445 431 514 σθῆναι.
483 445 681 498 Πόσων
715 450 972 518 σημείων
1003 451 1158 505 τοῦτο
1213 455 1274 507 ού
1314 445 1789 531 θαυμασιώτερονί

224 527 444 598 Οὐδαμοῦ
471 528 707 596 γέγονεν
743 531 844 584 ἐπὶ
891 532 998 584 τῶν
1045 533 1286 588 παλαιῶν
1323 537 1479 591 τοῦτο
1500 557 1514 571 ·
1551 527 1680 594 ἐπεὶ.
1702 545 1796 596 καὶ

234 612 473 682 Ἱερεμίας
505 613 825 685 ἐμαστίχθη
853 615 942 669 διὰ
974 616 1064 669 τὸν
1107 618 1262 686 λόγον
1294 621 1385 673 τοῦ
1413 622 1568 687 Θεοῦ,
1601 627 1693 679 καὶ
1719 626 1797 695 τῷ

236 696 372 766 Ἠλία
395 695 725 765 ἠπείλησαν,
781 699 878 750 καὶ
905 701 1016 762 τοῖς
1049 699 1229 764 ἄλλοις
1249 717 1262 732 ·
1291 703 1406 756 ἀλλ’
1441 706 1672 760 ἐνταῦθα
1705 712 1797 761 καὶ

231 778 321 831 ἀπὸ
362 777 569 837 τούτου,
603 779 709 831 οὑκ
743 780 856 833 ἀπὸ
883 780 992 832 τῶν
1021 785 1262 852 σημείων
1308 786 1486 856 μόνον,
1516 790 1616 858 τήν
1645 789 1800 842 δύνα-

238 878 314 931 μιν
338 859 708 914 ἐπεδείκνυντο
738 862 835 914 τοῦ
869 863 1024 918 Θεοῦ.
1058 867 1171 918 υὺκ
1200 862 1372 934 εἶπεν,
1425 870 1504 922 ὅτι
1561 873 1660 924 οὐκ
1704 874 1800 943 ήλ-

237 960 365 1009 γουν,
396 942 506 996 ἀλλ’
537 943 618 995 ὅτι
651 945 750 996 καὶ
780 945 1070 1013 ἀλγοῦντες
1107 947 1345 1019 ἔχαιρον.
1392 952 1560 1004 Πόθεν
1600 942 1794 1023 δῆ>.ον;

251 1027 329 1078 Ἐκ
353 1026 443 1095 τῆς
476 1030 613 1096 μετά
642 1027 819 1081 ταῦτα
850 1030 1187 1102 παρρησίας·
1235 1031 1404 1097 οὕτως
1433 1037 1798 1107 ἐνεστήκεσαν

243 1112 313 1163 ἀεὶ
332 1111 415 1162 καὶ
447 1110 583 1180 μετά
612 1110 712 1173 τὰς
742 1111 957 1181 πληγάς
987 1114 1370 1184 κηρύττοντες.
1401 1119 1490 1170 Διὸ
1529 1121 1621 1171 καὶ
1643 1121 1800 1174 τοῦτο

244 1193 412 1258 δηλῶν,
465 1193 558 1244 Ἐν
616 1193 698 1256 τῷ
747 1194 904 1261 ἱερῷ,
952 1198 1106 1265 φησὶ,
1169 1199 1266 1250 καὶ
1325 1202 1453 1254 κατ’
1491 1197 1659 1255 οἷκον
1689 1207 1800 1257 οὐκ

246 1276 510 1328 ἐπαύοντο
540 1275 939 1343 διδάσκοντες
991 1280 1089 1332 καὶ
1135 1283 1644 1353 εὐαγγελιζόμενοι
1691 1287 1802 1354 Ἰη.

247 1357 381 1411 σοῦν
443 1360 714 1427 Χριστόν.
779 1360 878 1411 Ἑν
925 1361 993 1413 δὲ
1051 1363 1182 1428 ταῖς
1248 1366 1497 1432 ἡμέραις
1538 1370 1796 1436 ταύταις.

251 1439 411 1503 Ποίαις
429 1441 689 1511 ήμέραις;
732 1443 865 1496 Ὅτε
903 1444 1076 1497 ταῦτα
1130 1446 1358 1514 ἐγίνετο,
1388 1449 1476 1502 ὅτε
1518 1451 1799 1520 μάστιγες,

250 1525 326 1576 ὅτε
375 1524 600 1584 ἀπειλαὶ,
668 1525 758 1576 ὅτε
824 1525 1185 1595 ἐπληθύνοντο
1243 1529 1291 1581 οἱ
1355 1530 1614 1602 μαθηταὶ,
1678 1534 1800 1587 τότε

253 1606 570 1674 Γοττυσμός
633 1606 880 1675 γίνεται.
944 1609 1074 1660 Ἀπὸ
1120 1609 1214 1662 τοῦ
1268 1611 1506 1683 πλήθους
1550 1615 1606 1666 δὲ
1659 1617 1799 1685 τάχα

257 1687 456 1758 σινέϐη·
512 1690 566 1740 ού
617 1690 729 1759 γὰρ
769 1690 918 1744 ἔστιν
948 1691 1232 1763 ἀκρίϐειαν
1263 1696 1321 1746 ἐν
1382 1696 1576 1765 πλήθει
1637 1692 1798 1752 εἶναι.

260 1769 358 1825 Kal
382 1770 550 1835 πολὺς
574 1771 759 1840 ὄχλος
789 1771 910 1826 τῶν
935 1775 1138 1842 ἱερέων
1165 1777 1437 1846 ὑπήκουε
1467 1779 1542 1846 τῇ
1575 1783 1796 1837 πίστει.

262 1853 414 1907 Τοῦτο
438 1857 788 1924 αἰνιττομένου
816 1858 932 1909 ἐστὶ
959 1860 1052 1911 καὶ
1071 1859 1397 1925 δεικνύντος.
1427 1864 1509 1916 ὅτι
1542 1866 1634 1934 ἀφ’
1670 1860 1744 1919 ὧν
1772 1869 1802 1919 6

267 1937 389 1988 κατὰ
406 1936 618 2006 Χριστοῦ
652 1937 883 2002 θάνατος
907 1941 1231 2014 ἐσκευάσθη,
1262 1945 1445 1997 πολλοὶ
1473 1947 1580 1999 άπὸ
1600 1949 1800 2001 τούτων

267 2019 485 2072 πιστεύον
493 2038 590 2074 σιν.

332 2103 591 2171 Ἐγένετο,
625 2108 784 2174 φησὶ,
817 2109 1181 2176 γογγυσμὸς,
1209 2107 1298 2162 ὅτι
1321 2114 1800 2181 παρεθεωροῦντο

261 2184 318 2238 ἐν
358 2183 423 2253 τῇ
461 2185 731 2256 διακονίᾳ
786 2187 862 2257 τῇ
892 2189 1252 2260 καθημερινῇ
1284 2194 1340 2246 al
1376 2192 1554 2262 χῆραι
1581 2197 1797 2250 αὐτῶν.

268 2269 382 2340 Ἄρα
405 2269 734 2352 καθημερινὴ
765 2271 1010 2325 διακονία
1037 2270 1105 2344 ἦν
1131 2277 1251 2338 ταῖς
1275 2279 1495 2347 χήραις.
1540 2283 1648 2334 Kal
1677 2283 1798 2352 δρα,

263 2353 356 2415 πῶς
403 2354 487 2406 καὶ
531 2347 685 2418 οὗτος
743 2355 1020 2410 διακονίαν
1072 2358 1250 2423 καλεῖ,
1311 2363 1404 2414 καὶ
1468 2365 1528 2416 οὐ
1592 2347 1802 2435 ταχέως

261 2433 620 2508 ἐλεημοσύνην·
692 2438 809 2508 ἃμα
859 2439 953 2492 καὶ
1007 2441 1133 2503 τοὺς
1185 2441 1448 2507 διδόντας,
1512 2449 1605 2500 καὶ
1666 2433 1802 2512 τοὺς

259 2515 594 2588 λαμϐάνοντας
625 2520 710 2574 διὰ
741 2521 929 2575 τούτου
972 2524 1232 2594 ἐπαίρων.
1274 2525 1444 2580 Τοῦτο
1492 2530 1552 2582 ού
1604 2532 1803 2594 κακίας

257 2595 326 2670 ἦν,
375 2602 503 2656 mi
537 2603 633 2658 τοῦ
667 2605 899 2676 πλήθους
934 2606 1062 2670 ἴσως
1089 2607 1348 2680 ῥᾳθυμία.
1379 2610 1478 2665 Διά
1508 2613 1663 2666 τοῦτο
1707 2615 1801 2667 καὶ

259 2683 533 2766 ⁸προύθηκεν
585 2687 717 2740 αὐτὸ
766 2690 846 2750 εἰς
907 2688 1068 2759 μέσον
1123 2692 1204 2760 (ού
1257 2693 1451 2765 μικρὸν
1495 2695 1603 2766 γάρ
1635 2698 1801 2749 κακὸν

255 2760 356 2836 ἦν),
400 2770 484 2823 ἵνα
529 2771 739 2840 ταχέως
794 2772 890 2825 καὶ
948 2760 1268 2847 διορθωθῇξ
1308 2760 1659 2848 Ὁρᾷςξπῶς
1710 2782 1803 2834 καὶ

255 2849 303 2902 ἐν
331 2853 458 2923 ἀρχῇ
503 2853 572 2906 τὰ
603 2854 753 2907 κακά
789 2855 909 2925 οὐχὶ
935 2855 1133 2922 ἔξωθεν
1188 2859 1347 2927 μόνον
1398 2855 1486 2930 ῆν,
1523 2861 1658 2914 ἀλλὰ
1709 2863 1804 2916 καὶ

254 2931 454 3015 Emam;
489 2935 562 2989 Σὺ
596 2936 656 2988 δὲ
695 2937 768 3008 μὴ
811 2938 969 2992 τοῦτο
1009 2940 1167 3010 μόνον
1205 2941 1339 3013 ἴδῃς,
1377 2944 1457 2996 ὃτι
1494 2943 1800 3015 διωρθώοη,

253 3014 348 3068 ἀλλ’
379 3017 455 3070 ὅτι
505 3019 650 3088 μέγα
685 3022 852 3073 κακὸν
875 3021 953 3076 δν.
1001 3023 1470 3092 Ἐπισκέψασθε,
1526 3014 1800 3096 ἀδελφοὶ,

254 3097 447 3168 ἀνδρας
471 3102 540 3167 ἐξ
577 3102 747 3172 ύμίὶιν
789 3103 958 3160 ἑπτά.
1010 3107 1123 3160 Οὐκ
1165 3108 1339 3180 οἰκείᾳ
1383 3109 1578 3184 γνώμῃ
1630 3114 1806 3184 πράτ-

251 3197 425 3268 fama
450 3185 586 3240 ἀλλά
609 3187 870 3259 πρότερον
893 3188 1282 3258 ἀπολογοῦνται
1305 3191 1453 3265 [114]
1475 3194 1555 3264 τῷ
1585 3195 1800 3268 πλήθει.

252 3265 386 3351 θῦτω
439 3270 533 3323 καὶ
593 3269 692 3323 νῦν
737 3271 980 3339 γίνεσθαι
1034 3273 1159 3329 ἔδει.
1223 3277 1345 3329 Οὐκ
1414 3277 1568 3342 ἐστι,
1614 3265 1798 3351 φησιν,

247 3347 480 3415 ἀρεστὸν
537 3355 980 3422 καταλιπόντας
1036 3356 1195 3425 ἡμᾶς
1271 3357 1376 3411 τὸν
1435 3347 1635 3430 λόγον
1675 3347 1803 3418 ’τοῦ

251 3433 404 3499 Θεοῦ,
441 3434 748 3491 διακονεῖν
802 3437 1132 3506 τραπέζαις.
1199 3441 1423 3513 Πρῶτον
1492 3445 1553 3498 τὸ
1602 3447 1804 3501 ἄτοπον

245 3515 432 3601 τίθησι,
477 3519 712 3586 δεικνὺς,
760 3521 836 3585 ὡς
868 3522 966 3575 οῦκ
1000 3523 1120 3576 ἐνὸν
1159 3538 1185 3565 ι
1222 3525 1359 3595 μετά
1403 3529 1639 3600 σπουδῆς
1690 3532 1802 3601 ἀμ-

243 3598 436 3686 φότερα
461 3602 743 3686 γίνεσθαι·
788 3605 910 3657 ἐπεὶ
966 3607 1060 3660 καὶ
1091 3607 1181 3660 ὅτε
1207 3608 1296 3660 τὸν
1337 3598 1804 3686 Ματθίανὴχειρο-

240 3685 405 3735 τονεῖν
456 3684 704 3754 ἔμελλον,
740 3687 956 3758 πρῶτον
991 3688 1089 3760 τὴν
1135 3691 1322 3762 χρείαν
1362 3694 1664 3748 δεικνύουσι
1708 3684 1802 3751 τοῦ

243 3766 570 3838 πράγματος,
620 3772 702 3824 ὅτι
760 3788 822 3824 τε
870 3770 1052 3826 ἔλιπεν
1094 3768 1194 3838 εἷς,
1240 3775 1335 3828 καὶ
1392 3776 1497 3829 ἔδει
1550 3778 1803 3844 γενέσθαι

242 3849 450 3907 δώδεκα.
503 3855 610 3907 Καὶ
653 3855 888 3908 ἐνταῦθα
940 3857 1039 3928 τὴν
1092 3857 1280 3930 χρείαν
1336 3859 1647 3930 ἐδήλωσαν·
1709 3864 1806 3917 καὶ

242 3932 352 3986 οὔτε
399 3937 656 4007 πρότερον
692 3939 974 4009 ἐποίησαν,
1008 3940 1141 3994 ἀλλά
1170 3943 1524 4012 περιέμειναν
1553 3945 1803 4013 γενέσθαι

244 4015 323 4067 τὸν
352 4019 683 4090 γογγυσμὸν,
710 4019 836 4074 οὔτε
870 4022 976 4092 μὴν
1001 4024 1290 4094 ἠνέσχοντο
1340 4025 1432 4079 ἐπὶ
1478 4027 1614 4082 πολὺ
1648 4029 1805 4084 τοῦτο

249 4100 523 4170 συμϐῆναι.

306 4188 367 4250 γ’.
391 4185 495 4237 Καὶ
518 4185 643 4256 ὅρα,
661 4185 760 4257 τὴν
778 4187 956 4258 κρίσιν
985 4188 1166 4252 αὐτοῖς
1185 4191 1557 4263 ἐπιτρέπουσι,
1571 4193 1666 4248 καὶ
1679 4195 1804 4261 τοὺς

249 4265 395 4350 ﬁam
421 4270 756 4340 ἀρέσκοντας
783 4273 876 4324 καὶ
922 4271 1026 4325 ὑπὸ
1080 4274 1294 4328 πάντων
1326 4279 1805 4350 μαρτυρουμένους

251 4346 466 4416 ἐκείνους
502 4353 914 4424 προϐάλλονται.
955 4357 1084 4409 Ὅτε
1129 4357 1228 4426 μὲν
1269 4357 1362 4413 οὖν
1407 4346 1520 4414 τὸν*
1557 4346 1805 4417 Ματθίαν

253 4431 342 4485 ἔδει
399 4437 819 4507 προϐάλλεσθαι,
857 4439 973 4503 Δεῖ,
1007 4439 1214 4509 ελεγον,
1244 4439 1361 4496 τῶν
1385 4447 1807 4501 συνελθόντων

253 4515 376 4602 ήμν
395 4521 627 4589 ἀνδρῶν
654 4523 726 4577 ἐν
745 4523 922 4577 παντὶ
950 4524 1031 4590 τῷ
1072 4527 1298 4594 χρόνῳ·
1338 4528 1572 4582 ἐνταῦθα
1609 4529 1666 4582 δὲ
1707 4531 1805 4602 οὐχ

253 4599 432 4667 οὕτως·
465 4607 526 4658 οὐ
576 4608 686 4677 γάρ
734 4607 970 4662 τοιοῦτον
994 4605 1065 4680 ἦν
1087 4610 1147 4663 τὸ
1177 4612 1425 4682 πρᾶγμα.
1475 4613 1566 4666 Διὸ
1613 4614 1708 4667 καὶ
1744 4599 1804 4668 οῦ

253 4683 417 4756 κλήρῳ
435 4689 565 4742 αὐτὸ
594 4690 920 4761 ἐπέτρεψαν,
964 4691 1090 4745 οὔτε
1133 4693 1315 4757 πάλιν,
1343 4695 1628 4768 δυνάμενοι
1651 4697 1807 4751 αὐτοὶ

253 4767 442 4834 ἐκλέξαι
491 4772 764 4843 Πνεύματι
819 4774 1147 4846 κινούμενοι,
1187 4777 1343 4831 τοῦτο
1397 4767 1665 4834 ποιοῦσιν·
1698 4781 1807 4835 ἀπὸ

252 4851 336 4920 τῆς
365 4854 467 4907 τῶν
500 4855 712 4909 πολλῶν
747 4860 1050 4930 μαρτυρίας
1086 4861 1148 4913 τὸ
1177 4861 1366 4916 δοκοῦν
1411 4865 1611 4934 μᾶλλον
1646 4865 1806 4919 ἱστῶ-

257 4950 352 5022 σινὶ
375 4939 579 5004 ’Δλλως
612 4940 670 4994 δὲ
700 4941 762 4994 τὸ
788 4943 886 5012 μὲν
905 4943 1080 5013 ὁρίσαι
1109 4945 1201 4997 τὸν
1229 4947 1482 5017 ἀριθμὸν,
1510 4949 1604 5002 καί⁵
1630 4967 1807 5022 χειρο-

253 5018 473 5102 τονῆσαι,
499 5024 594 5076 καὶ
623 5023 686 5076 τὸ
709 5025 768 5078 ἐν
794 5027 953 5098 χρείᾳ
978 5027 1224 5100 τοιαύτῃ,
1252 5029 1430 5083 αὐτῶν
1453 5027 1549 5102 ἦν·
1600 5018 1661 5085 τδ
1687 5018 1744 5086 δέ
1776 5034 1804 5073 δ

253 5098 442 5190 ξλέσθαι
472 5108 598 5172 τοὺς
630 5107 830 5178 ἄνδρας
867 5109 1093 5174 ἐκείνοις
1121 5098 1526 5182 ἐπιτρέπουσιν,
1582 5117 1670 5171 ἵνα
1731 5118 1806 5190 μὴ

250 5182 450 5274 δόξωσιν
493 5192 647 5247 αὐτοὶ
692 5193 1048 5264 χαρίζεσθαι·
1082 5197 1204 5249 ἐπεὶ
1238 5199 1331 5251 καὶ
1367 5199 1396 5251 6
1449 5199 1581 5264 Θεὸς
1635 5182 1805 5274 Μωὲῄ

251 5267 512 5357 ἐπιτρέπει
538 5275 756 5330 ἑλέσθαι
785 5278 1208 5350 πρεσϐυτέρους,
1251 5280 1345 5345 οὓς
1381 5278 1509 5336 οἶδε.
1559 5285 1669 5338 Καὶ
1697 5267 1810 5357 γὰρ

253 5354 423 5439 σοφίας
467 5359 670 5430 πολλῆς
697 5359 778 5412 δεῖ
799 5362 858 5412 ἐν
887 5365 1006 5424 ταῖς
1029 5363 1305 5428 τοιαύταις
1326 5367 1676 5436 οἰκονομίαις.
1715 5354 1807 5439 Μῆ

249 5434 345 5520 rip
361 5438 420 5509 δὴ
444 5442 729 5512 νομίσητε,
758 5443 946 5514 ἐπειδὴ
971 5445 1126 5514 λόγον
1151 5448 1251 5500 οὐκ
1277 5434 1697 5520 ἐγκεχείρισται,
1726 5434 1808 5504 ὅτι

249 5519 504 5606 οὐχρείαν
542 5525 653 5594 ἔχει
683 5527 877 5595 σοφίας
926 5529 955 5580 6
983 5529 1252 5595 τοιοῦτος·
1302 5519 1506 5602 χρῄζει
1539 5535 1668 5606 γὰρ,
1715 5537 1810 5589 καὶ

250 5602 449 5688 ⁴πολλῆς.
494 5607 698 5676 Ἡμεῖς
754 5608 840 5674 δὲ,
909 5613 1061 5680 φησι,
1115 5612 1190 5681 τῇ
1226 5614 1537 5683 προσευχῇ
1586 5602 1685 5670 καὶ
1735 5617 1810 5688 τῇ

249 5681 503 5758 διακονίᾳ
525 5694 636 5746 τοῦ
656 5694 844 5763 λόγου
879 5681 1632 5768 προσκαρτερήσομενίκαι
1650 5681 1812 5774 ἀρχόλ

252 5829 302 5892 ο-
358 5821 490 5892 Unu_s_
537 5824 816 5892 τίθησιν-ᾡς
845 5827 934 5879 οὐκ
957 5828 1076 5880 ἐνόν.
1116 5829 1144 5871 b
1165 5831 1337 5884 Morel.
1364 5840 1418 5884 et
1438 5847 1565 5884 unus
1597 5837 1685 5888 cod
1725 5839 1813 5888 αὐ-

250 5884 335 5930 τῶν
353 5884 621 5948 ποιοῦνται,
647 5887 706 5935 τὸ
727 5888 797 5936 δέ.

1247 249 1313 305 IN
1352 251 1534 309 ACTA
1568 255 2104 320 APOSTOLORUM.
2142 263 2372 323 HOMIL.
2412 267 2552 324 XIV.

1908 398 2057 452 μενοι
2087 383 2180 436 καὶ
2204 384 2563 451 τελευτῶντες
2587 387 2996 458 ἀπολογοῦνται.
3027 392 3482 460 Προσκαρτεμή-

1904 482 2111 536 σομεν,
2156 468 2336 537 φασίν.
2373 469 2530 524 Οῦτω
2559 472 2667 544 γὰρ
2715 474 2842 537 ἔδει,
2889 475 2986 544 οὐχ
3040 473 3228 539 ἁπλῶς
3277 476 3484 541 οὐδ’ῶς

1900 549 2106 618 ἔτυχεν,
2143 551 2278 605 ἀλλὰ
2318 559 2769 627 προσκαρτερεῖν.
2825 559 2930 611 Καὶ
2973 558 3176 626 ἤρεσε,
3214 559 3399 629 φησὶν,
3449 560 3486 612 ό

1897 632 2073 701 λόγος
2099 632 2356 689 ἐνώπιον
2370 639 2596 704 παντὸς
2618 639 2725 692 τοῦ
2762 639 3058 706 πλήθους.
3081 641 3189 694 Kal
3208 642 3363 693 τοῦτο
3383 640 3483 710 τῆς

1899 715 2078 768 αὐτῶν
2092 717 2280 784 σοφίας
2292 717 2678 784 ἄξιον.Πάντες
2702 721 2969 792 ἐπῄνεσαν
2995 723 3054 776 τὸ
3083 723 3289 793 λεχθέν·
3311 723 3480 786 οὕτως

1897 793 1964 869 ἧν
1985 801 2220 854 συνετόν.
2244 804 2350 856 Καὶ
2369 802 2750 869 ἐξελέξαντο,
2772 807 2904 875 φησὶ
2939 809 3122 876 (πάλιν
3145 809 3296 861 αὐτοὶ
3325 807 3481 860 ἐκλέ-

1900 886 2130 951 γονται),
2185 883 2512 953 Στέφανον,
2573 886 2764 955 ἄνδρα
2813 889 3016 958 πλήρη
3074 893 3329 955 πίστεως
3382 888 3483 943 και

1901 967 2244 1034 Πνεύματος
2293 969 2485 1037 ἁγίου,
2531 971 2628 1024 καί
2662 975 2965 1025 Φίλιππον
3010 973 3107 1026 καὶ
3155 976 3482 1041 Πρόχορον,

1899 1051 1996 1101 καὶ
2049 1049 2367 1118 Νικάνορα,
2425 1054 2519 1105 καὶ
2580 1057 2826 1123 Τίμωνα,
2884 1057 2980 1109 καὶ
3012 1056 3348 1126 Παρμενᾶν,
3385 1058 3481 1110 καὶ

1899 1135 2196 1188 Νικόλαον
2248 1135 2634 1202 προσήλυτον
2670 1139 2993 1206 Ἀντιοχέα·
3053 1141 3161 1206 οὓς
3213 1141 3487 1206 ἔστησαν

1899 1218 2152 1273 ἐνώπιον
2211 1218 2329 1273 τῶν
2387 1222 2765 1277 ἀποστόλων.
2837 1225 2942 1278 Καὶ
3010 1224 3484 1292 προσευξάμενοι

1899 1301 2202 1368 ἐπέθηκαν
2246 1303 2452 1366 αὐτοῖς
2498 1306 2605 1370 τὰς
2658 1305 2874 1374 χεζοας.
2929 1307 3022 1359 Ἐκ
3059 1306 3248 1362 τούτου
3306 1307 3482 1378 δῆλον,

1900 1383 1982 1436 ὅτι
2008 1384 2291 1456 ἀφώρισαν
2318 1387 2514 1449 αὐτοὺς
2558 1387 2650 1439 τοῦ
2698 1388 2952 1458 πλήθους,
2989 1389 3082 1442 καὶ
3112 1391 3264 1443 αὐτοὶ
3293 1389 3484 1442 ἕλκου-

1903 1482 2005 1529 σιν,
2038 1467 2135 1537 ούχ
2159 1469 2208 1518 οί
2262 1468 2549 1522 ἀπόστολοι
2592 1470 2831 1537 ἄγουσιν.
2860 1472 3020 1542 Ὅρα,
3065 1471 3180 1534 πῶς
3225 1471 3325 1525 οὐκ
3369 1472 3485 1524 ἐστι

1901 1550 2151 1618 περιττὸς
2197 1552 2225 1602 ό
2269 1551 2700 1621 συγγραφεύςο·
2749 1553 2806 1605 ού
2833 1554 2942 1624 γὰρ
2971 1553 3118 1620 λέγει
3171 1553 3308 1617 πῶς,
3368 1553 3483 1606 ἀλλ’

1899 1633 2104 1696 ἁπλῶς,
2145 1634 2224 1686 ὅτι
2267 1634 2752 1706 ἐχειροτονήθησαν
2789 1637 2875 1690 διὰ
2922 1638 3265 1708 προσευχῆς·
3328 1638 3487 1691 τοῦτο

1902 1716 2007 1783 γὰρ
2040 1716 2072 1780 ή
2125 1717 2424 1787 χειροτονία
2463 1718 2630 1770 ἐστίν.
2673 1719 2737 1770 Ἥ
2790 1719 2910 1788 χεὶρ
2967 1721 3238 1773 ἐπίκειται
3271 1719 3363 1773 τοῦ
3392 1721 3485 1772 άν-

1900 1797 2045 1867 δρὸς.
2080 1801 2141 1850 τὸ
2173 1799 2227 1852 δὲ
2280 1803 2386 1853 πᾶν
2419 1803 2446 1854 ὁ
2477 1801 2608 1865 Θεὸς
2634 1802 2941 1872 ἐργάζεται,
2979 1805 3072 1856 καὶ
3101 1805 3131 1873 ἡ
3167 1803 3331 1857 αὑτοῦ
3361 1805 3486 1877 χείρ

1903 1881 2047 1933 ἐστιν
2075 1883 2107 1952 ή
2137 1882 2412 1953 ἁπτομένη
2444 1885 2542 1954 τῆς
2575 1885 2816 1954 κεφαλῆς
2857 1885 2951 1938 τοῦ
2985 1888 3482 1958 χειροτονουμένου,

1901 1963 1995 2015 ἐάν
2021 1963 2094 2027 ὡς
2125 1964 2206 2016 δεῖ
2246 1966 2640 2036 χειροτονῆται.
2696 1968 2807 2020 Καὶ
2853 1972 2885 2022 ό
2920 1973 3120 2039 λόγος,
3179 1972 3334 2040 φησὶ,
3376 1970 3484 2024 τοῦ

1903 2047 2051 2100 Θεοῦ
2103 2047 2350 2112 ηὔξανε,
2414 2050 2512 2100 καὶ
2577 2051 2948 2116 ἐπληθύνετο
2992 2053 3025 2103 ὀ
3077 2053 3321 2121 ἀριθμύς
3367 2051 3488 2104 τῶν

1895 2129 2196 2196 μαθητῶν.
2230 2132 2340 2200 Οὐχ
2395 2131 2580 2194 ἁπλῶς
2631 2129 2750 2184 εἶπε
2786 2133 2960 2194 τοῦτο,
3017 2133 3131 2186 ἀλλ’
3173 2135 3260 2187 ἵνα
3311 2134 3481 2205 δείξῃ,

1901 2213 2000 2282 ὅση
2029 2213 2128 2282 τῆς
2175 2214 2543 2284 ἐλεημοσύνης
2584 2217 2616 2286 ἡ
2651 2217 2804 2286 ἰσχὺς
2859 2217 2952 2270 καὶ
3004 2218 3102 2287 τῆς
3164 2217 3480 2281 διατάξεως.

1902 2296 2011 2348 Καὶ
2054 2296 2235 2367 μέλλει
2279 2297 2462 2351 λοιπὸν
2507 2299 2810 2370 διηγεῖσθαι
2859 2301 2929 2353 τά
2975 2301 3117 2354 κατά
3175 2301 3482 2370 Στέφανον·

1901 2379 1980 2432 διὸ
2007 2380 2225 2443 καὶτὰς
2277 2382 2454 2444 αἰτίας
2503 2383 2684 2435 αὐτῶν
2722 2384 3010 2454 προτίθησι
3038 2398 3052 2412 ·
3103 2385 3211 2437 Καὶ
3243 2384 3482 2447 πολλοὶ,

1902 2463 2054 2532 φησι,
2073 2461 2188 2515 τῶν
2209 2462 2411 2532 ἱερέων
2433 2463 2745 2530 ὑπήκουον
2768 2465 2841 2533 τῇ
2868 2467 3087 2519 πίστει.
3110 2466 3484 2539 [115]Ἐπειδὴ

1901 2544 2011 2615 γὰρ
2044 2540 2182 2598 εἶδον
2214 2548 2304 2598 τὸν
2331 2549 2567 2617 ἄρχοντα
2616 2550 2709 2601 καὶ
2735 2549 3054 2620 διδάσκαλον
3075 2549 3246 2603 ταῦτα
3272 2551 3489 2621 ἀποφη-

1903 2626 2154 2696 νάμενον,
2189 2629 2296 2681 ἀπὸ
2320 2631 2428 2682 τῶν
2467 2630 2643 2699 ἔργων
2666 2630 2850 2683 λοιπὸν
2895 2631 2994 2702 τὴν
3025 2635 3218 2702 πεῖραν
3244 2633 3487 2703 ἐλάμϐα-

1902 2728 2012 2763 νον.
2050 2712 2159 2765 Kal
2188 2713 2465 2782 θαυμάσαι
2493 2715 2665 2778 ἄξιον,
2710 2714 2827 2778 πῶς
2872 2716 2972 2768 οὐκ
3001 2717 3225 2788 ἐσχίσθη
3264 2718 3324 2769 τὸ
3353 2718 3487 2788 πλῆ-

1904 2791 1994 2856 θος
2016 2795 2072 2846 ὲν
2121 2797 2187 2864 τῇ
2217 2795 2424 2866 αἱρέσει
2459 2797 2566 2849 τῶν
2599 2797 2831 2868 ἀνδρῶν,
2868 2798 2983 2861 πῶς
3011 2800 3112 2852 οὐκ
3156 2799 3488 2871 ἀπεδοκιμάο

1906 2875 2110 2947 σθησαν
2137 2879 2228 2930 ὑπ’
2259 2879 2438 2931 αὐτῶν
2469 2881 2519 2932 οἱ
2551 2879 2859 2936 ἀπόστολοι.

1987 2963 2200 3016 ’0ποῖον
2233 2963 2290 3016 δὲ
2315 2963 2424 3034 ἄρα
2452 2964 2672 3034 ἀξίωμα
2697 2961 2843 3036 εἶχον
2863 2958 3030 3030 οὗτοι,
3059 2968 3154 3020 καὶ
3187 2967 3346 3020 ποίαν
3375 2965 3490 3020 ἐδέ-

1906 3047 2062 3112 ξαντο
2087 3047 2442 3120 χειροτονίαν,
2475 3048 2776 3116 ἀναγκαῖον
2825 3048 3035 3119 μαθεῖν.
3077 3045 3227 3120 Ἀρα
3249 3051 3348 3122 τὴν
3377 3051 3486 3104 τῶν

1903 3133 2170 3188 διακόνων
2195 3151 2209 3194 ;
2239 3134 2349 3187 Καὶ
2381 3134 2487 3205 μὴν
2515 3134 2676 3188 τοῦτο
2706 3137 2763 3187 ἐν
2817 3139 2937 3198 ταῖς
2985 3135 3336 3206 Ἐκκλησίαις
3386 3136 3489 3190 οὐκ

1904 3216 2072 3280 ἐστιν,
2105 3216 2241 3270 ἀλλά
2285 3217 2395 3269 τῶν
2449 3217 2840 3289 πρεσϐυτέρων
2897 3219 3046 3272 ἐστὶν
3092 3220 3125 3290 ἡ
3178 3219 3484 3289 οἰκονομία·

1904 3301 2081 3354 καίτοι
2119 3300 2329 3353 οὐδέπω
2362 3301 2538 3364 οὐδεὶς
2561 3302 2862 3366 ἐπίσκοπος
2885 3299 2972 3374 ῆν,
2995 3303 3108 3356 ἀλλ’
3129 3305 3176 3356 οἱ
3197 3304 3486 3357 ἀπόστολοι

1908 3385 2089 3456 μόνον.
2117 3383 2282 3437 Ὀθεν
2302 3381 2427 3438 οὔτε
2457 3384 2744 3447 διακόνων,
2771 3384 2895 3439 οὔτε
2925 3389 3312 3459 πρεσϐυτέρων
3333 3383 3487 3458 οἶμαι

1903 3469 1965 3521 τὸ
1979 3469 2148 3540 δνομα
2174 3464 2490 3539 εἶναιδῆλον
2516 3471 2610 3523 καὶ
2634 3472 2886 3543 φανερόν·
2911 3472 3047 3525 ἀλλά
3069 3473 3208 3535 τέως
3226 3475 3306 3535 είς
3327 3471 3487 3525 τοῦτο

1904 3553 2411 3625 ἐχειροτονήθησαν.
2433 3555 2545 3607 Kal
2571 3555 2668 3625 οὐχ
2682 3555 2870 3618 ἁπλῶς
2895 3555 3486 3626 ἐνεχειρίσθησαν,ἀλλ⁹

1903 3637 2201 3701 ἐπεύξαντο
2223 3639 2406 3702 αὐτοῖς
2442 3637 2696 3708 γενέσθαι
2741 3638 2990 3709 δύναμιν.
3025 3639 3166 3710 Ὅρα
3198 3639 3254 3693 δέ
3293 3657 3404 3710 μοι,
3435 3641 3486 3693 εί

1905 3720 2044 3773 ἐπτά
2065 3720 2272 3791 ἀνδρῶν
2303 3721 2524 3792 ἐδέησεν
2545 3724 2626 3785 είς
2641 3721 2818 3785 τοῦτο,
2847 3722 3086 3777 τοσαῦτα
3111 3722 3239 3784 ἴσως
3260 3723 3487 3794 ἐπέρρει

1904 3804 2457 3874 χρήματα,τοσούτων
2480 3804 2665 3875 χηρῶν
2684 3806 2888 3876 πλῆθος
2900 3802 2988 3878 ἦν.
3013 3808 3155 3878 Ἄρα
3176 3810 3274 3878 οὐχ
3299 3808 3486 3872 ἁπλῶς

1906 3887 1962 3939 αἱ
1994 3885 2150 3954 εὐχαὶ
2181 3886 2440 3955 ἐγίνοντο,
2458 3888 2594 3939 ἀλλά
2609 3888 2747 3957 μετά
2774 3890 2978 3960 πολλῆς
3007 3891 3109 3960 τῆς
3138 3893 3360 3963 σχολῆς·
3392 3892 3489 3946 καὶ

1903 3969 2082 4032 τοῦτο,
2115 3970 2301 4041 ὥσπερ
2330 3971 2392 4023 τὸ
2443 3972 2730 4042 κήρυγμα,
2777 3971 2952 4036 οὕτως
3004 3975 3217 4045 ἠνύετο·
3260 3977 3328 4030 τὰ
3374 3978 3486 4048 γὰρ

1905 4053 2078 4107 πλείω
2109 4053 2337 4117 ταύταις
2366 4055 2548 4125 ἤνυον.
2608 4055 2764 4108 Οὕτω
2806 4057 2874 4108 τά
2919 4060 3265 4129 πνευματικά
3299 4062 3489 4112 ἐπελέ-

1905 4155 2085 4208 γοντο,
2113 4138 2255 4192 οῦτω
2288 4141 2384 4193 καὶ
2407 4140 2543 4210 πρὸς
2565 4139 2876 4209 ἀποδημίας
2902 4141 3213 4196 ἐστέλλοντο
3231 4141 3282 4206 ά,
3313 4141 3487 4208 οὕτως

1905 4223 2349 4294 ἐνεχειρίσθησαν
2381 4218 2526 4278 οὗτοι
2555 4223 2647 4277 τὸν
2694 4223 2870 4290 λόγον.
2910 4223 3018 4276 Kal
3047 4224 3109 4276 οὐ
3144 4224 3313 4293 λέγει,
3365 4227 3486 4280 οὐδὲ

1906 4305 2124 4377 ἐπαίρει
2154 4306 2372 4369 αὐτοὺς,
2397 4306 2513 4359 ἀλλ’
2544 4307 2627 4360 ὅτι
2655 4303 2716 4359 τὸ
2741 4305 2894 4358 δοθὲν
2917 4308 3132 4375 ἀφεῖναι
3171 4307 3350 4378 ἔργον,
3384 4311 3485 4364 οὐκ

1905 4390 2156 4461 ἀρεστόν.
2180 4389 2368 4466 Οὖτῳς
2390 4387 2531 4462 ἦσαν
2565 4390 2674 4445 ἀπὸ
2711 4391 2958 4453 Μωσέως
2993 4391 3374 4455 παιδευθέντες
3407 4397 3483 4466 μὴ

1907 4474 2085 4528 πάντα
2113 4473 2266 4527 αὐτοὶ
2300 4473 2722 4546 μεταχειρίζειν.
2760 4473 2858 4527 Διά
2885 4473 3044 4528 τοῦτο
3073 4475 3166 4528 καὶ
3189 4477 3218 4529 6
3253 4475 3482 4541 Παῦλος,

1905 4559 2108 4612 Μόνον
2121 4555 2241 4610 τῶν
2255 4556 2718 4628 πτωχῶν,φησὶν,
2733 4558 2834 4611 ἵνα
2848 4560 3335 4629 μνημονεύωμεν.
3361 4561 3486 4625 Πῶς

1905 4639 1963 4692 δὲ
1999 4641 2091 4693 καὶ
2114 4641 2353 4711 προῆγον
2375 4639 2616 4706 τούτους,
2653 4641 2913 4712 μάνθανε·
2952 4641 3290 4712 Ἑνήστευον,
3318 4661 3486 4715 προσ-

1907 4722 2234 4794 εκαρτέρουν
2260 4723 2412 4794 εὐχῇ.
2438 4723 2611 4778 Τοῦτο
2638 4724 2732 4776 καὶ
2767 4723 2863 4776 νῦν
2889 4724 3134 4792 γίνεσθαι
3187 4726 3313 4779 ἔδει.
3370 4726 3484 4798 Οὐχ

1907 4806 2093 4869 ἁπλῶς
2145 4807 2204 4859 δὲ
2256 4808 2683 4876 πνευματικοὺς,
2728 4807 2862 4861 ἀλλά
2903 4807 3218 4879 Πνεύματος
3252 4810 3479 4881 πλήρεις

1906 4891 2002 4944 καὶ
2037 4890 2227 4959 σοφίας
2250 4885 2392 4953 εἶπε,
2420 4891 2617 4962 δηλῶν,
2647 4891 2729 4944 ὅτι
2760 4891 3003 4962 μεγάλης
3061 4893 3381 4962 φιλοσοφίας
3408 4889 3477 4965 ἦν

1907 4975 2093 5044 φέρειν
2119 4973 2450 5046 κατηγορίας
2501 4975 2704 5046 χηρῶν.
2760 4975 2825 5026 Τί
2866 4974 2976 5046 γάρ
3005 4975 3216 5045 ὄφελος.
3245 4977 3372 5029 ὅταν
3405 4977 3484 5050 μὴ

1907 5057 2112 5128 κλέπτῃ
2161 5058 2280 5128 μὲν,
2343 5058 2584 5130 ἀπολλύῃ
2635 5058 2692 5111 δὲ
2740 5059 2943 5124 πάντα;
3004 5059 3036 5128 ἢ
3090 5055 3358 5130 θρασὺς
3389 5061 3484 5115 καὶ

1907 5141 2315 5212 παροξύνηται;
2356 5141 2465 5195 Kal
2485 5141 2654 5212 ταύτῃ
2686 5142 2743 5194 δὲ
2780 5141 3091 5211 θαυμαστὸς
3122 5138 3192 5213 ἦν
3237 5145 3266 5196 6
3293 5143 3484 5198 Φίλιπ-

1907 5241 2026 5286 πος.
2077 5225 2213 5292 Περὶ
2268 5226 2376 5296 γὰρ
2421 5223 2586 5278 αὐτοῦ
2635 5239 2788 5294 φησι·
2828 5223 2940 5278 Καὶ
2984 5227 3360 5294 εἰσελθόντες
3396 5231 3484 5298 είς

1906 5307 2016 5360 τὸν
2026 5303 2194 5362 οἶκον
2204 5308 2506 5361 Φιλίππου
2521 5308 2624 5362 τοῦ
2639 5309 3088 5378 εὐαγγελιστοῦ,
3098 5309 3270 5376 ὄντος
3282 5313 3348 5366 ἐκ
3365 5311 3486 5366 τῶν

1908 5389 2077 5451 ἑπτὰ,
2100 5391 2417 5460 ἐμείναμεν
2444 5391 2580 5458 παρ’
2607 5389 2785 5456 αὐτῷ.
2829 5393 2991 5464 Ὁρᾷς
3030 5394 3181 5447 οὐδὲν
3206 5395 3484 5467 ἀνθρωπίι

1909 5490 2015 5536 νως
2047 5473 2444 5543 διοικούμενον;
2472 5474 2577 5527 Καὶ
2617 5475 2990 5543 ἐπληθύνετο
3034 5480 3066 5530 ό
3092 5478 3337 5547 ἀριθμὸς
3365 5478 3483 5530 τῶν

1904 5556 2186 5624 μαθητῶν
2213 5557 2283 5609 ἐν
2315 5556 2732 5627 Ἰερουσαλήμ.
2772 5559 2860 5611 Ἐν
2897 5559 3286 5630 Ἱεροσολύμοις
3308 5559 3481 5613 ἐπεδίο

1977 5712 2000 5741 ο
2030 5709 2100 5784 ⁸0.
2127 5714 2416 5784 συγγραφεύς
2447 5715 2679 5784 deest_in
2708 5730 2834 5784 Διιιιο.
2924 5714 2950 5754 d
2975 5716 3144 5784 Morel.
3181 5715 3479 5784 ἐστέλλοντο,

1913 5777 1967 5846 ει
1997 5779 2108 5843 pos;
2129 5775 2676 5846 'eadgmfepelit:
2707 5777 2825 5827 infra
2846 5791 2969 5846 ⁸νει-ο
2990 5777 3279 5846 εει-ιεε-εριιε
3310 5775 3483 5822 admo~

1913 5834 2029 5884 dum
2057 5834 2224 5885 vitiata
2248 5850 2306 5886 ex
2346 5841 2494 5888 Savll.
2516 5834 2573 5889 ει
2595 5853 2711 5889 mss.
2736 5840 2967 5889 restituta
3011 5843 3107 5886 est.
3146 5836 3334 5884 Ibidem
3360 5849 3479 5888 mu.

1916 5898 2113 5960 quidam
2145 5899 2247 5947 ἀλλ’
2272 5899 2327 5948 ού
2361 5901 2499 5964 λέγει.
