4032 6212
468 236 569 295 ι’ἱτ

464 355 556 409 δου
579 352 639 406 τὸ
658 352 882 423 πλῆθος.
905 350 977 404 Τὸ
997 350 1326 421 θαυμαστὸν,
1348 348 1478 403 ἔνθα
1507 348 1719 417 ἐσφάγη
1735 348 1763 400 6
1782 344 2037 415 Χριστὸς,

468 440 585 491 ἐκεῖ
612 436 809 507 ηὑξετο
844 434 905 487 τὸ
928 435 1208 505 κήρυγμα.
1246 433 1355 485 Καὶ
1381 432 1442 485 οὐ
1480 432 1638 501 μόνον
1663 432 1762 483 οὐκ
1788 427 2039 483 ἐσκανδαο

466 521 729 591 λίσθησάν
752 533 897 580 τινες
933 517 1041 570 τῶν
1079 516 1358 587 μαθητῶν,
1382 515 1613 585 δρῶντες
1641 514 1766 577 τοὺς
1790 513 1887 583 μὲν
1906 514 2039 565 ἁπο-

470 605 689 666 στόλους
721 600 1174 673 μαστιζομένους,
1196 602 1323 665 τοὺς
1355 600 1411 653 δέ
1439 597 1818 661 ἀπειλοῦντας,
1848 596 2040 658 ἄλλους

467 688 527 741 τὸ
580 686 805 756 Πνεῦμα
859 684 1242 755 πειράζοντας,
1294 686 1512 755 ἐτέρους
1544 683 1599 736 δέ
1650 681 2036 751 γογγύζοντας·

467 768 602 823 ἀλλὰ
624 768 860 839 μάλιστα
912 767 1007 821 καὶ
1038 768 1388 838 προσετίθετο
1442 766 1548 819 τῶν
1576 764 1981 817 πιστευσάντων
2015 764 2043 814 6

466 852 721 923 ἀριθμός·
768 851 943 915 οὕτως
975 852 1083 905 ἀπὸ
1113 852 1207 905 τοῦ
1263 853 1391 921 περὶ
1449 849 1696 903 ’Δνανίαν
1737 848 2043 919 συμϐάντος

467 934 969 1005 ἐσωφρονίσθησαν,
1003 935 1097 987 καὶ
1124 933 1324 989 πλείων
1353 935 1380 986 ό
1406 933 1571 1001 φόϐος
1592 933 1774 995 αὐτοῖς
1798 932 2040 999 γέγονεν.

468 1018 613 1089 Ὀρα
654 1018 711 1070 δέ
770 1036 882 1088 μοι,
925 1018 1041 1080 πῶς
1091 1018 1334 1071 ἐπεδίδου
1369 1016 1430 1069 τὸ
1463 1017 1683 1085 πλῆθος.
1718 1014 1875 1068 Μετὰ
1920 1015 2045 1075 τοὺς

467 1103 832 1174 πειρασμοὺς,
853 1104 973 1156 τότε
1000 1103 1293 1167 ἐπέδωκεν,
1324 1100 1445 1170 οὐχὶ
1479 1100 1584 1171 πρὸ
1602 1098 1813 1151 τούτου.
1845 1098 2043 1150 Σκόπει

467 1185 523 1239 δὲ
560 1187 651 1239 καὶ
682 1187 823 1257 πόση
854 1184 1233 1255 φιλανθρωπία
1260 1182 1353 1236 τοῦ
1376 1181 1530 1235 Θεοῦ.
1580 1181 1669 1245 Ἐξ
1697 1181 1917 1234 ἐκείνων
1939 1180 2045 1248 γὰρ

467 1268 577 1321 τῶν
606 1268 909 1339 ἀρχιερέων
931 1266 1039 1319 τῶν
1067 1265 1203 1335 πρὸς
1233 1265 1393 1334 φόνον
1433 1265 1559 1328 τούς
1586 1264 1776 1334 ὄχλους
1806 1262 2046 1333 παροξυ-

468 1352 687 1414 νόντων,
711 1352 819 1405 τῶν
840 1349 1062 1404 τοιαῦτα
1083 1349 1329 1419 βοώντων
1351 1349 1446 1401 καὶ
1462 1344 1749 1417 λεγόντων⁸
1781 1348 2047 1410 ’Ἄλλους

468 1434 726 1500 ἔσωσεν,
766 1433 986 1487 ἑαυτὸν
1039 1435 1110 1486 οὐ
1157 1433 1408 1485 δύναται
1455 1428 1667 1485 σῶσαιο
1725 1430 1791 1482 ἐκ
1842 1427 2045 1481 τούτων

472 1516 719 1582 Πολλοί,
756 1516 943 1586 φησὶν,
970 1515 1287 1585 ὑπήκουον
1318 1513 1395 1583 τῇ
1424 1514 1645 1568 πίστει.

535 1687 597 1740 δ’.
620 1685 791 1739 Αὑτοῦ
818 1685 999 1739 τοίνυν
1014 1685 1108 1741 καὶ
1124 1685 1283 1755 ἡμεῖς
1298 1681 1581 1755 γενώμεθα
1600 1684 1851 1755 μιμηταί.
1869 1679 2045 1756 Προσ-

468 1769 687 1834 εδέξατο
738 1768 935 1832 αὐτοὺς
959 1806 976 1832 ,
1031 1768 1127 1821 καὶ
1168 1768 1268 1821 οὐκ
1320 1765 1573 1831 ἐξέϐαλεν
1629 1780 1676 1820 ιι.
1725 1765 1880 1820 Οὑτω
1919 1767 2045 1829 τοὺς

468 1854 699 1925 ἐχθροὺς
719 1852 1077 1924 ἀμειϐώμεθα
1101 1852 1230 1916 τοὺς
1256 1851 1326 1905 τά
1357 1849 1523 1921 μυρία
1555 1850 1703 1920 ἡμᾶς
1736 1849 2047 1920 ἐργασαμέ-

468 1955 591 2002 νους
613 1936 938 2010 [1161δεινά.
964 1938 1143 2008 Ὅπερ
1160 1933 1225 1990 ἂν
1236 1934 1449 2005 ἔχωμεν
1469 1932 1693 1998 άγαθδν,
1706 1932 1887 1995 αὐτοῖς
1907 1949 2046 2002 παρ-

468 2021 723 2092 έχωμενδ
740 2035 751 2048 °
782 2020 856 2091 μὴ
879 2019 1239 2091 παρέλθωμεν
1255 2016 1451 2080 αὐτοὺς
1468 2015 1832 2078 εὐποιοῦντες.
1845 2014 1909 2068 Et
1936 2016 2045 2087 γάρ

465 2105 545 2177 τῷ
575 2103 769 2158 παθεῖν
800 2104 1003 2169 κακῶς,
1050 2103 1328 2174 ἐμπλῆσαι
1375 2102 1456 2154 δεῖ
1484 2100 1576 2154 τὸν
1627 2098 1798 2171 θυμὸν
1841 2097 2042 2162 αὐτῶν,

468 2188 651 2259 πολλῷ
702 2188 904 2259 μᾶλλον
961 2186 1038 2257 τῷ
1083 2184 1392 2257 εὐποιῆσαι’
1442 2183 1601 2237 τοῦτο
1665 2182 1775 2254 γάρ
1824 2182 2045 2236 ἔλαττον

466 2270 700 2325 ἐκείνου.
734 2271 850 2323 Οὐκ
882 2270 997 2324 ἐστι
1051 2269 1160 2338 γὰρ
1210 2270 1324 2322 ἴσον
1370 2267 1662 2338 εὐποιῆσαι
1691 2266 1824 2337 ἐχθρ
1858 2284 1908 2331 ν,
1951 2266 2046 2320 καὶ

471 2352 692 2425 μείζονα
716 2352 940 2423 θελῆσαι
975 2353 1166 2406 παθεῖν
1191 2350 1224 2422 ἢ
1258 2352 1563 2421 βούλεσθαι·
1594 2347 1704 2405 άπὸ
1729 2348 1919 2403 τούτου
1951 2351 2047 2402 καὶ

467 2438 555 2489 ἐπ’
581 2437 762 2488 ἐκεῖνα
796 2436 1019 2505 ἥξομεν.
1048 2434 1216 2489 Τοῦτο
1268 2433 1484 2503 ἀξίωμα
1524 2433 1633 2484 τῶν
1661 2430 1757 2485 τοῦ
1798 2432 2043 2501 Χριστοῦ

472 2519 755 2589 μαθητῶν.
796 2516 1176 2587 Ἐσταύρωσαν
1200 2517 1360 2569 αὑτὸν
1385 2516 1606 2569 ἐλθόντα
1635 2515 1727 2567 ἐπὶ
1757 2514 2047 2584 εὐεργεσίᾳ

469 2601 535 2670 τῇ
566 2597 767 2660 αὐτῶν,
798 2600 924 2661 τούς
958 2597 1208 2667 μαθητάς
1231 2596 1395 2650 αὐτοῦ
1429 2594 1751 2665 ἐμάστιξαν,
1784 2594 1877 2645 καὶ
1908 2592 2049 2662 μετὰ

468 2682 643 2736 ταῦτα
660 2684 739 2744 είς
756 2682 857 2751 τὴν
879 2680 1047 2752 αὐτὴν
1066 2681 1261 2744 αὐτοὺς
1286 2679 1407 2747 άγει
1429 2682 1543 2741 τοῖς
1569 2678 1835 2749 μαθηταῖς
1856 2677 2045 2746 τιμὴν,

468 2764 669 2833 ὁμοίως
691 2765 874 2827 αὐτοῖς
900 2762 1212 2833 μεταδιδοὺς
1237 2761 1344 2815 τῶν
1379 2761 1567 2815 αὑτοῦ.
1599 2760 1853 2830 Μιμηταὶ
1878 2759 2049 2828 γενώ-

472 2848 632 2919 μεθα,
665 2847 982 2918 παρακαλῶ,
1020 2845 1112 2899 τοῦ
1165 2845 1421 2916 Χριστοῦ
1454 2844 1596 2898 κατὰ
1624 2844 1782 2897 τοῦτο
1810 2843 1923 2897 ἐστι
1955 2861 2047 2913 μι-

473 2930 754 3002 μήσασθαι
808 2930 989 2984 αὐτόν’
1046 2929 1204 2982 τοῦτο
1241 2928 1352 2981 ίσον
1418 2930 1563 2980 ποιεῖ
1612 2927 1689 2997 τῷ
1719 2926 1858 2996 Θεῷ,
1891 2925 2047 2979 τοῦτο

473 3015 659 3085 μεῖζον
691 3013 891 3086 ἢκατὰ
917 3013 1202 3086 ἄνθρωπόν
1234 3014 1401 3066 ἐστιν.
1441 3012 1728 3083 Ἐχὼμεθα
1761 3013 1857 3079 τῆς
1891 3012 2046 3080 ἐλεη-

473 3098 731 3170 μοσύνηςο
768 3099 905 3168 α’ὑτη
962 3096 1308 3164 παιδαγωγὸς
1341 3096 1436 3148 καὶ
1485 3095 1804 3157 διδάσκαλος
1831 3095 2047 3164 ἐκείνης

468 3183 568 3252 τῆς
589 3182 904 3250 φιλοσοφίας
939 3183 1105 3235 ἐστίν.
1149 3181 1206 3233 '0
1248 3178 1435 3250 μαθὼν
1491 3179 1663 3233 ἐλεεῖν
1692 3179 1783 3231 τὸν
1821 3180 1878 3230 ἐν
1910 3195 2048 3248 συμ-

471 3267 631 3336 φορᾷ.
662 3266 967 3335 μαθήσεται
990 3266 1083 3317 καὶ
1109 3264 1181 3335 μὴ
1207 3265 1585 3333 μνησικακεῖν
1608 3264 1636 3315 6
1658 3261 1842 3333 μαθὼν
1862 3260 2044 3325 τοῦτο,

470 3351 565 3403 καὶ
591 3349 817 3419 ἐχθροὺς
855 3350 1165 3418 εὐεργετεῖν
1216 3349 1521 3418 δυνήσεται.
1573 3347 1848 3416 Μάθωμεν
1879 3363 2047 3399 κατα-

471 3431 704 3485 κλᾶσθαι
736 3435 847 3495 τοῖς
875 3432 983 3485 τῶν
1034 3431 1261 3501 πλησίον
1294 3433 1501 3495 κακοῖς,
1556 3432 1650 3484 καὶ
1688 3431 2046 3501 μαθησόμεθα

470 3516 566 3568 καὶ
620 3515 686 3569 τά
718 3516 863 3570 κακά
894 3516 1071 3570 αὐτῶν
1116 3516 1323 3587 φέρειν.
1351 3515 1524 3569 Αὐτὸν
1550 3517 1916 3586 ἐρωτήσωμεν
1952 3515 2044 3569 τὸν

471 3598 658 3662 κακῶς
681 3601 826 3668 ἡμᾶς
860 3599 1187 3661 διατιθέντα,
1214 3602 1260 3652 εί
1284 3598 1357 3670 μὴ
1384 3598 1794 3666 καταγινώσκει
1825 3598 2042 3664 ἐαυτοῦ,

470 3681 519 3733 εί
550 3680 626 3752 μὴ
671 3681 842 3735 ἐθέλοι
874 3682 1202 3752 φιλοσοφεῖν.
1245 3684 1293 3734 εί
1341 3683 1415 3753 μὴ
1455 3682 1626 3752 θυμοῦ
1673 3681 1735 3735 τὸ
1764 3684 1872 3735 πᾶν
1907 3678 2044 3736 εἷναί

469 3780 655 3832 φησιν,
683 3766 731 3817 ει
771 3765 845 3835 μὴ
870 3766 1255 3836 μικροψυχίας,
1282 3767 1329 3818 εί
1359 3764 1433 3836 μὴ
1467 3764 1862 3837 ταλαιπωρίας,
1889 3767 1937 3817 εί
1968 3766 2042 3835 μὴ

472 3846 714 3917 βούλοιτο
744 3848 853 3901 τῶν
884 3848 1254 3918 ὑϐριζομένων
1283 3844 1423 3901 εἶναι
1461 3849 1554 3901 καὶ
1586 3846 1882 3916 σιγώντων,
1908 3849 2043 3901 ἀλλὰ

474 3930 550 4002 μὴ
579 3931 686 3985 τῶν
709 3931 1038 4001 ὑϐριζόντων
1068 3931 1161 3984 καὶ
1190 3932 1551 4002 μαινομένων,
1582 3933 1631 3985 εί
1662 3932 1736 4003 μὴ
1760 3933 2044 4004 θαυμάσας

469 4013 657 4068 ἄπεισι
678 4014 769 4069 τὸν
800 4015 1059 4073 παθόντα.
1085 4015 1176 4087 Μὴ
1208 4014 1272 4088 δὴ
1303 4016 1549 4087 νομίσῃς,
1588 4018 1668 4070 ὅτι
1694 4018 1850 4072 τοῦτο
1878 4021 2042 4072 56x;-

465 4099 836 4170 ταφρονήτους
885 4100 1045 4151 ποιεῖ.
1096 4097 1260 4151 Οὐδὲν
1304 4096 1475 4161 οὕτως
1534 4100 2043 4171 εὐκαταφρονήτους

468 4182 629 4241 ποιεῖ.
662 4179 738 4244 ὡς
766 4181 825 4234 τὸ
861 4179 1126 4249 ὑϐρίζεινο
1170 4182 1324 4235 οὐδὲν
1375 4183 1546 4247 οὑτως
1585 4184 1918 4254 αἰδεσίμους,
1967 4186 2043 4250 ὡς

464 4262 526 4316 τὸ
560 4262 948 4333 ὑϐριζομένους
980 4262 1185 4333 φέρειν.
1231 4265 1290 4316 '0
1324 4266 1423 4333 μὲν
1448 4266 1554 4335 γάρ
1582 4266 1729 4318 ἐστιν
1759 4267 2040 4337 ὑϐριστὴς,

465 4344 573 4397 όδέ
625 4345 935 4413 φιλόσοφος·
980 4346 1075 4396 καὶ
1104 4347 1132 4396 6
1176 4345 1274 4414 μὲν
1322 4346 1610 4416 ἀνθρώπου
1655 4348 1882 4418 χείρων,
1932 4352 1959 4402 ὁ
1985 4348 2072 4403 δὲ’

468 4427 717 4494 ἀγγέλων
746 4428 879 4489 ἴσος.
905 4426 1022 4479 Κᾶν
1039 4441 1098 4478 τε
1118 4427 1225 4495 γὰρ
1249 4426 1485 4480 ἐλάττων
1506 4424 1574 4498 ἦν
1594 4429 1686 4481 τοῦ
1709 4430 2039 4501 ὑϐρίζοντος,

467 4508 563 4560 καὶ
590 4508 784 4571 οὑτως,
824 4509 871 4559 εί
907 4507 1167 4576 βούλοιτο,
1193 4508 1412 4572 δυνατὸς
1444 4509 1687 4581 ὑπῆρχεν
1709 4512 2038 4582 ἀμύνασθαι.

470 4591 682 4654 ’Ἄλλως
740 4591 796 4644 δέ
856 4592 949 4644 καὶ
995 4590 1224 4645 ἐλεεῖται
1257 4592 1356 4662 μὲν
1411 4594 1562 4665 παρά
1593 4594 1810 4649 πάντων
1864 4590 2038 4660 οὗτος,

466 4674 672 4737 ἐκεῖνος
686 4673 743 4726 δέ
774 4676 1031 4745 μισεῖται.
1056 4673 1119 4725 Τί
1142 4670 1263 4740 οῦν;
1290 4675 1388 4727 οὐκ
1413 4675 1659 4730 ἐντεῦθεν
1682 4678 1790 4749 ἄρα
1811 4689 1832 4717 ο
1862 4677 2041 4749 πολλῷ

468 4755 694 4827 βελτίων
737 4755 889 4810 ἔσται
936 4749 1127 4823 οὖτοςς
1177 4756 1266 4827 Τῷ
1315 4757 1415 4828 μὲν
1449 4758 1555 4830 γάρ
1595 4759 1670 4823 ὡς
1709 4765 2039 4832 μαινομένῳ,

466 4839 641 4911 τούτῳ
664 4838 719 4893 δέ
743 4839 817 4902 ὡς
842 4839 965 4893 νοῦν
1002 4840 1178 4910 ἔχοντι
1208 4840 1559 4910 προσέξουσιν
1586 4843 1842 4907 ἅπαντες.
1869 4845 2039 4898 Ὅταν

466 4920 562 4978 οῦν
587 4923 966 4994 κακηγορῆσαί
993 4940 1114 4977 τινα
1136 4924 1239 4977 ὑπό
1258 4941 1403 4986 τινος
1423 4926 1727 5000 ἀναγκάζῃ,
1759 4929 1879 4983 είπέ
1903 4930 2038 4999 πρὸς

468 5007 650 5060 αὐτόν·
697 5007 771 5059 Οὐ
795 5006 1029 5077 δύναμαι
1064 5007 1223 5061 αὐτὸν
1249 5008 1421 5060 είπεῖν
1452 5009 1655 5073 κακῶς·
1687 5010 1898 5066 δέδοικα
1932 5013 2040 5085 γὰρ

471 5090 547 5161 μή
574 5106 691 5153 πως
711 5090 811 5142 οὑκ
840 5085 906 5159 ῆν
939 5089 1195 5154 τοιοῦτος.
1225 5091 1475 5145 Μάλιστα
1502 5093 1600 5162 μὲν
1634 5096 1691 5147 ἐν
1727 5095 1933 5168 διανοίᾳ
1965 5097 2039 5168 μὴ

470 5174 651 5243 εἴπῃς·
708 5169 844 5225 ἀλλὰ
901 5174 1037 5244 μηδέ
1076 5175 1213 5246 πρὸς
1269 5176 1448 5231 ἄλλον.
1495 5176 1585 5247 Μὴ
1636 5178 1867 5251 ἐντύχῃς
1898 5182 2041 5235 κατὰ

473 5253 656 5307 τούτου
685 5256 764 5324 τῷ
816 5254 953 5325 Ωεῷο
1001 5256 1067 5310 ἂν
1104 5258 1219 5329 ἴδῃς
1250 5259 1435 5323 κακῶς
1480 5260 1765 5325 ἀκούοντα,
1814 5264 2037 5334 άμυνον·

470 5336 615 5420 είπέ,
645 5336 740 5420 τοῦ
773 5337 977 5400 πάθους
1007 5341 1123 5392 ἐστὶ
1171 5340 1238 5393 τὰ
1292 5344 1535 5412 ῥήματα,
1591 5345 1651 5398 οὑ
1694 5345 1788 5399 τοῦ
1827 5347 2038 5420 άνδρός·

470 5419 613 5485 είπέ,
654 5419 751 5490 τῆς
780 5420 971 5489 ὀργῆς,
1017 5423 1077 5474 οὐ
1108 5422 1201 5475 τοῦ
1232 5422 1405 5490 φίλου·
1432 5426 1531 5495 τῆς
1578 5428 1797 5497 μανίας.
1830 5430 1889 5482 οὗ
1931 5419 2042 5501 ίτῆς

467 5501 667 5574 ψυχῆς.
702 5500 888 5556 Ταῦτα
917 5502 1257 5574 λογιζώμεθα
1301 5507 1385 5575 ἐφ’
1409 5509 1627 5581 ἑκάστῳ
1654 5511 1760 5565 τῶν
1794 5500 2043 5587 ἁμαρτη-

526 5709 547 5735 ⁸
570 5712 739 5762 ﬂore].
765 5721 819 5765 et
848 5726 970 5761 unus
988 5713 1093 5762 cod.
1122 5714 1202 5761 καὶ
1224 5716 1453 5775 ἐξέϐαλεν,
1472 5719 1617 5768 male.
1684 5722 1712 5759 δ
1738 5719 1789 5769 In
1817 5736 1912 5770 uno
1935 5722 2040 5773 cod.

468 5775 648 5841 {iesunl
669 5776 813 5841 verpa
837 5779 1082 5841 617a96v_....
1100 5779 1408 5841 παρέχωμεν,
1433 5785 1486 5827 et
1506 5781 1627 5829 intra
1638 5780 1783 5830 habet
1806 5783 2043 5841 ἐμπλῆσαί

468 5836 596 5887 ἔστιν
682 5842 705 5870 ο
738 5836 979 5900 θεοίούκ
997 5836 1205 5887 ἐντεῦθεν
1226 5836 1335 5902 ἄρα,
1358 5842 1537 5890 desunt
1562 5843 1613 5889 in
1641 5856 1737 5892 uno
1759 5836 1865 5891 cod.

1137 236 1193 291 S.
1227 231 1509 290 JOANNIS
1543 230 2029 288 CIIRYSOSTOMI
2067 230 2382 290 ARCHIEP.
2416 234 2958 292 CONSTANTINOP.

3617 238 3722 293 HS

2148 346 2352 416 μάτων.
2377 348 2468 419 Μή
2494 352 2813 421 περιμείνῃς
2832 352 3139 425 ἀναφθῆναι
3167 352 3229 404 τὸ
3266 350 3397 422 πῦρ,
3439 349 3580 406 ἀλλὰ
3609 352 3725 420 πρὸ

2143 428 2333 481 τούτου
2360 430 2621 502 κάτασχε’
2657 435 2730 503 μὴ
2753 433 2963 504 παροξὺ
2982 453 3060 505 ιῃς
3088 435 3150 488 τὸ
3178 435 3384 505 θηρίον,
3421 434 3555 487 ἀλλὰ
3586 436 3727 505 μηδέ

2144 511 2543 583 παροξυνθῆναι
2598 518 2978 588 συγχωρήσῃς³
3016 519 3116 570 οὐκ
3173 517 3252 570 ἔτι
3292 516 3401 587 γὰρ
3448 517 3635 587 κύριος
3671 511 3725 569 εἴ

2142 601 2452 668 κατασχεῖν,
2476 599 2542 653 ἂν
2568 600 2602 669 ὴ
2626 599 2757 668 φλὸξ
2793 600 3032 671 άναφθῇ.
3063 600 3129 652 Τί
3158 600 3265 668 γὰρ
3291 596 3443 652 εἶπεν
3468 616 3483 662 ;
3523 600 3725 668 ἀνόητε

2141 678 2235 729 καὶ⁵
2264 680 2450 751 ρωρέ;
2488 681 2582 744 Τίς
2614 676 2708 735 οὑν
2737 682 3035 745 ὑπεύθυνος
3060 681 3139 751 τῷ
3171 683 3397 753 ῥήματι,
3431 682 3458 732 6
3480 681 3721 741 ἀκούων,

2140 760 2173 829 ἢ
2205 761 2450 829 ὸλέγων;
2502 764 2561 817 Ὁ
2591 765 2690 835 μὲν
2720 764 2828 836 γάρ
2859 765 2960 818 κᾶν
3008 765 3214 835 σφόδρα
3257 764 3418 832 σοφὸς
3438 760 3493 836 ᾗ,
3530 763 3726 833 μωροῦ

2140 841 2295 909 δόξαν
2321 844 2530 900 ἔλαϐεψ
2567 849 2595 900 6
2624 847 2680 900 δέ
2705 849 2808 901 κᾶν
2837 849 3066 917 ἀνόητος
3090 845 3146 921 ᾗ,
3184 846 3349 915 σοφοῦ
3380 847 3473 899 καὶ
3499 846 3725 913 φιλοσό-

2142 942 2265 991 φου.
2309 928 2404 991 Τίς
2426 929 2674 999 ἀνόητος,
2697 932 2817 984 είπέ
2858 947 2968 1001 μοι,
2999 933 3027 983 6
3066 929 3236 999 ἑτέρῳ
3264 928 3557 1001 προφέρων
3583 927 3610 966 ἀ
3651 926 3727 979 τὰ

2142 1010 2240 1062 οὐκ
2266 1010 2411 1076 ὄντα,
2443 1013 2475 1082 ἢ
2511 1016 2539 1067 6
2570 1013 2705 1084 μηδὲ
2748 1014 2891 1067 οὕτω
2940 1013 3215 1082 κινηθείς;
3252 1014 3314 1066 El
3353 1014 3461 1083 γὰρ
3489 1012 3550 1065 τὸ
3586 1012 3726 1083 μηδέ

2142 1092 2430 1161 κινηθέντα
2457 1096 2749 1161 κινεῖσθαι,
2807 1096 3144 1165 φιλοσοφίας
3180 1096 3242 1147 τὸ
3272 1096 3407 1166 μηδέ
3440 1094 3727 1158 κινοῦντος

2143 1174 2492 1243 πλήττεσθαι,
2516 1178 2690 1248 πόσης
2708 1180 2927 1242 άνοίαςί
2962 1178 3130 1232 Οὑπω
3148 1178 3292 1246 λέγω
3321 1181 3473 1242 ποῖος
3496 1178 3729 1230 ἀπόκει-

2142 1273 2230 1309 ται
2259 1256 2407 1330 [117]
2431 1262 2700 1331 τιμωρίας
2718 1262 2882 1326 τόπος
2908 1264 3019 1325 τοῖς
3050 1262 3119 1316 τά
3140 1262 3366 1314 τοιαῦτα
3402 1260 3725 1324 ὀνειδίζουσι

2144 1341 2239 1393 καὶ
2272 1340 2652 1412 βλασφημοῦσι
2682 1344 2772 1397 τὸν
2805 1344 3030 1413 πλησίον
3086 1355 3131 1397 ο.
3198 1344 3359 1397 Ἀλλὰ
3392 1344 3481 1410 τίς
3524 1345 3726 1412 ἄτιμον

2144 1423 2239 1475 καὶ
2267 1423 2323 1490 ἐξ
2375 1425 2609 1495 άτίμων,
2649 1427 2744 1479 καὶ
2797 1426 2993 1497 εὐτελῆ
3033 1427 3127 1480 καὶ
3180 1428 3238 1491 ἐξ
3268 1426 3498 1480 εὐτελῶν
3528 1423 3723 1491 εἷπεν;

2144 1506 2314 1558 Πάλιν
2342 1509 2423 1567 είς
2454 1508 2644 1561 ἐαυτὸν
2670 1508 2730 1561 τὸ
2760 1508 2960 1572 ὄνειδος
2988 1510 3362 1581 περιέτρεψεν.
3404 1509 3462 1561 '0
3486 1508 3588 1579 μέν
3611 1509 3727 1578 γάρ

2142 1588 2324 1658 τίμιος
2350 1592 2598 1658 φανεῖται
2621 1593 2715 1645 καὶ
2736 1592 3036 1661 αἰδέσιμος,
3067 1595 3095 1645 ὁ
3124 1592 3181 1645 δὲ
3201 1591 3425 1662 εὐτελὴς
3449 1591 3637 1653 δντως·
3663 1592 3727 1643 τὸ

2144 1673 2252 1741 γάρ
2279 1671 2348 1724 τὰ
2375 1672 2598 1725 τοιαῦτα
2623 1677 2703 1737 είς
2727 1674 2881 1738 τάξιν
2909 1674 3147 1738 ὀνείδους
3187 1674 3505 1745 προφέρειν,
3528 1674 3726 1743 γένους

2144 1752 2418 1807 εὐτέλειαν
2450 1754 2613 1824 λέγω,
2646 1759 2849 1828 μικρᾶς
2873 1757 3042 1821 δντως
3068 1757 3268 1827 ψυχῆςο
3292 1759 3320 1809 6
3350 1756 3407 1809 δέ
3431 1756 3603 1826 μέγας
3625 1757 3725 1808 καὶ

2144 1836 2457 1907 θαυμαστὸς
2489 1839 2663 1903 ἔσται,
2696 1841 2791 1895 ἆτε
2823 1842 2975 1895 οὐδὲν
3006 1841 3308 1912 ήγοὺμενος
3357 1840 3418 1893 τὸ
3454 1839 3721 1904 τοιοῦτον,

2144 1912 2402 1973 άλλόὑτω
2426 1921 2784 1992 διακείμενος,
2807 1923 2882 1985 ὠς
2898 1923 2964 1977 ἂν
2986 1925 3035 1977 εί
3064 1924 3281 1994 ήκουεν,
3301 1924 3383 1976 δτι
3404 1923 3515 1992 ἔχοι
3537 1939 3591 1976 τι
3610 1922 3727 1974 τῶν

2143 2001 2318 2055 ἄλλων
2341 2003 2615 2074 διαφέρον.
2652 2006 2813 2059 Ἀλλά
2843 2007 3027 2077 μοιχὸν
3052 2009 3143 2060 καὶ
3165 2006 3233 2059 τὰ
3256 2006 3389 2061 ἄλλα
3415 2007 3561 2076 ἐρεῖς
3604 2006 3728 2057 Ἐν-

2143 2083 2314 2138 ταῦθα
2345 2088 2438 2139 καὶ
2464 2087 2629 2158 γελᾷν
2656 2090 2782 2159 χρή·
2830 2090 2958 2143 ὅταν
2981 2089 3091 2160 γὰρ
3120 2089 3180 2142 τὸ
3211 2088 3449 2151 συνειδὸς
3485 2089 3559 2159 μὴ
3592 2087 3727 2157 βάλ-

2143 2167 2323 2238 ληται,
2352 2171 2471 2224 οὐδὲ
2494 2172 2684 2244 καιρὸν
2712 2172 2778 2225 ἂν
2809 2172 2922 2243 ἔχοι
2952 2175 2980 2225 ὁ
3014 2172 3206 2243 θυμός.
3250 2171 3639 2241 Ἐννοήσαντας
3664 2170 3726 2224 δέ

2144 2252 2240 2304 καὶ
2259 2253 2381 2306 τίνα
2404 2254 2588 2322 ἐξάγει
2620 2256 2699 2317 εἰς
2719 2255 2883 2325 μέσον
2901 2255 3113 2326 πονηρὰ
3157 2254 3253 2308 καὶ
3281 2256 3453 2324 μιαρά
3476 2255 3723 2323 ῥήματα,

2143 2337 2262 2390 οὐδέ
2308 2338 2480 2404 οὑτως
2536 2339 2719 2410 ἀλγεῖν
2774 2342 2903 2411 χρή.
2954 2340 3133 2410 Ὅπερ
3195 2339 3302 2408 γάρ
3349 2337 3541 2407 ἔμελλε
3582 2336 3725 2406 μετά

2141 2420 2317 2475 ταῦτα
2349 2423 2577 2488 ἕκαστος
2630 2423 2991 2493 μαθήσεσθαι,
3025 2423 3183 2476 τοῦτο
3210 2422 3310 2493 ήδη
3364 2421 3719 2491 ἐξεκάλυψεν·

2144 2505 2336 2559 ἐαυτὸν
2386 2507 2569 2560 λοιπὸν
2600 2508 2830 2561 ἄπιστον
2868 2509 3000 2561 πᾶσι
3056 2507 3414 2576 κατέστησεν,
3471 2507 3567 2560 ἆτε
3620 2506 3726 2558 οὐκ

2144 2588 2320 2642 εἰδότα
2344 2591 2747 2657 συγκαλύπτειν
2777 2591 2847 2644 τὰ
2876 2591 2969 2644 τοῦ
3019 2590 3243 2661 πλησίον
3272 2590 3441 2652 κακὰ,
3473 2590 3567 2641 καὶ
3590 2590 3725 2640 ἐαυ-

2143 2673 2233 2725 τὸν
2296 2674 2494 2743 μᾶλλον
2532 2675 2765 2745 ᾔσχυνεν
2816 2674 2848 2744 ἦ
2900 2675 3108 2747 ἕτερον,
3161 2673 3255 2726 καὶ
3302 2673 3480 2725 πάντα
3526 2671 3724 2741 λιμένα

2147 2758 2483 2827 προσέχωσε,
2515 2760 2613 2820 τὰς
2637 2759 2867 2822 εὐθύνας
2886 2758 3141 2829 ἐποίησεν
3169 2756 3347 2827 ἐαυτῷ
3367 2756 3605 2827 φοϐερὰς
3623 2754 3723 2807 τοῦ

2149 2840 2429 2909 μέλλοντος
2450 2844 2755 2913 κριτηρίου.
2778 2844 2852 2895 Οὐ
2868 2844 2975 2913 γὰρ
2990 2842 3133 2895 οὑτω
3177 2841 3389 2905 τοῦτον,
3420 2841 3494 2902 ὡς
3515 2842 3725 2893 ἐκεῖνον

2144 2926 2657 2998 άποστραφήσονται
2692 2929 2912 2990 πάντες,
2930 2928 3070 3001 άπερ
3099 2926 3404 2996 ἐκκαλύψαι
3432 2928 3531 2980 οὐκ
3554 2927 3722 2996 ἐχρῆν

2144 3011 2598 3081 άπαμφιάσαντα.
2631 3014 2704 3066 Σὺ
2726 3012 2781 3065 δέ
2807 3013 2972 3083 μηδὲν
2997 3014 3156 3083 εἴπῃς
3187 3006 3262 3065 ὧν
3296 3011 3561 3074 σύνοιδας,
3587 3010 3724 3064 ἀλλά

2147 3095 2391 3165 σίγησον,
2415 3097 2464 3148 εί
2493 3094 2674 3165 βούλει
2703 3094 2800 3166 τὴν
2822 3094 3081 3167 λαμπράν
3103 3095 3260 3159 δόξαν
3284 3095 3491 3149 λαϐεῖν.
3516 3096 3590 3147 Οὐ
3612 3095 3723 3165 γὰρ

2148 3177 2307 3247 μόνον
2340 3179 2663 3250 ἀνατρέψεις
2689 3180 2756 3232 τά
2788 3178 3067 3249 λεχθέντα,
3119 3179 3238 3231 οὑδέ
3273 3179 3553 3248 καλύψεις,
3584 3178 3724 3231 ἀλλὰ

2144 3260 2238 3313 καὶ
2265 3262 2449 3331 ἕτερον
2481 3262 2690 3332 ἐργάσῃ
2730 3263 2912 3314 καλόν’
2951 3262 3133 3313 οὐκέτι
3170 3262 3412 3331 ποιήσεις
3445 3261 3553 3332 γάρ
3580 3262 3722 3314 κατά

2146 3344 2342 3396 σαυτοῦ
2372 3344 2468 3415 τὴν
2500 3345 2681 3413 ψῆφον
2709 3345 3013 3415 ἐνεχθῆναι.
3050 3346 3109 3397 '0
3140 3344 3284 3397 δεῖνά
3337 3361 3395 3396 σε
3426 3344 3612 3407 κακῶς
3634 3345 3724 3395 λέ-

2142 3444 2267 3495 γει;
2304 3427 2437 3482 Είπέ
2472 3426 2559 3479 σύ·
2593 3429 2654 3479 EE
2710 3427 2887 3480 πάντα
2920 3427 3056 3498 ⁴ᾔδει,
3092 3428 3192 3479 οὐκ
3223 3426 3286 3478 ἂν
3325 3426 3558 3478 τοσαῦτα
3594 3422 3721 3478 εἷπε

2146 3512 2298 3584 μόνα.
2336 3512 2713 3581 Ἐθαυμάσατε
2739 3513 2832 3564 καὶ
2857 3510 3193 3581 ἐξεπλάγητε
3218 3511 3278 3563 τὸ
3300 3510 3520 3579 λεχθέν;
3557 3509 3722 3563 Ἀλλά

2146 3593 2429 3665 μιμεῖσθαι
2456 3596 2580 3664 χρή.
2611 3594 2709 3648 Διὰ
2736 3595 2845 3666 γάρ
2876 3594 3032 3646 τοῦτο
3066 3595 3242 3647 πάντα
3267 3595 3393 3664 ὑμῖν
3423 3592 3491 3644 τὰ
3521 3592 3721 3658 ἔξωθεν

2142 3680 2405 3751 εἰρημένα
2424 3678 2673 3746 λέγομεν,
2698 3680 2795 3749 οὐχ
2814 3678 2887 3741 ὡς
2909 3679 3009 3730 οὐκ
3032 3678 3272 3746 ἐχουσῶν
3297 3677 3465 3748 μυρία
3493 3677 3722 3730 τοιαῦτα

2141 3763 2247 3816 τῶν
2276 3763 2314 3814 Γ
2320 3762 2528 3833 ραφῶν,
2580 3762 2694 3816 ἀλλ’
2730 3762 2805 3825 ὼς
2862 3761 3061 3831 μᾶλλον
3112 3762 3366 3831 ἐντρέψαι
3398 3760 3720 3830 δυναμένων

2140 3846 2364 3899 τούτων·
2403 3848 2523 3899 ἐπεὶ
2542 3846 2689 3916 καὶὴ
2724 3846 2911 3915 Γραφὴ
2932 3842 3039 3897 οἵδε
3070 3844 3202 3913 πρὸς
3224 3844 3491 3915 ἐντροπὴν
3516 3845 3716 3912 λέγειν,

2140 3928 2215 3993 ὡς
2238 3931 2364 3983 ὅταν
2386 3930 2536 4001 λέγῃ·
2588 3931 2731 3997 Οὐχὶ
2761 3930 2857 3981 καὶ
2899 3932 2953 3981 οί
3001 3928 3223 3983 ἐθνικοὶ
3248 3928 3314 3981 τὸ
3339 3928 3484 3981 αὐτὸ
3517 3928 3721 3981 ποιοῦ-

2141 4030 2279 4076 σιν;
2311 4013 2368 4067 Ὀ
2390 4014 2448 4066 δὲ
2477 4014 2760 4083 προφήτης
2789 4011 3053 4082 Ἱερεμίας
3083 4012 3209 4073 τοὺς
3234 4011 3327 4063 τοῦ
3344 4009 3546 4081 Ῥηχὰϐ
3568 4013 3715 4074 υἱοὺς

2142 4098 2463 4166 παρήγαγεν
2486 4098 2565 4156 είς
2592 4096 2755 4163 μέσον
2794 4094 2887 4164 τὴν
2919 4092 3192 4164 πατρικὴν
3213 4094 3431 4163 ἐντολὴν
3459 4094 3709 4164 παραϐῆ-

2141 4197 2227 4234 ναι
2261 4180 2334 4250 μὴ
2360 4178 2845 4248 καταδεξαμένους.
2878 4175 3044 4230 Εἶπον
3067 4177 3253 4241 κακῶς
3275 4179 3323 4231 οἱ
3352 4180 3479 4248 περὶ
3497 4177 3718 4248 Μαρίαν

2139 4262 2231 4315 τὸν
2259 4262 2482 4322 Μωσέα,
2514 4262 2607 4315 καὶ
2638 4261 2735 4331 τῆς
2764 4261 3035 4324 κολάσεως
3065 4262 3259 4323 αὐτοὺς
3289 4260 3490 4324 εὐθέως
3516 4259 3717 4331 ἐξῄτη-

2142 4360 2222 4407 σε,
2256 4345 2349 4396 καὶ
2379 4344 2497 4396 οὐδέ
2516 4344 2643 4415 ῥσον
2668 4344 2858 4413 μαθεῖν
2886 4362 3061 4407 τινας,
3099 4344 3179 4397 ὅτι
3206 4343 3447 4406 ἐκδικίας
3480 4341 3499 4380 ί
3526 4343 3713 4412 ἔτυχε,

2142 4424 2533 4497 συνεχώρησεν.
2586 4426 2723 4478 Ἀλλ’
2760 4428 2858 4497 οὐχ
2920 4429 3080 4497 ἡμεῖς
3133 4426 3326 4491 οὕτως·
3367 4424 3504 4481 ἀλλὰ
3554 4425 3717 4478 τοῦτο

2144 4509 2375 4578 μάλιστα
2403 4509 2704 4579 βουλόμεθα
2723 4510 2929 4572 πάντας
2959 4511 3171 4580 μαθεῖν,
3191 4510 3272 4563 ὅτι
3301 4510 3399 4561 οὐκ
3430 4511 3718 4579 άτιμωρη-

2138 4594 2193 4645 τὶ
2221 4592 2518 4664 παρῆλθον.
2551 4593 2728 4663 Μέχρι
2760 4594 2904 4657 τίνος
2928 4594 3034 4647 ἀπὸ
3065 4598 3168 4665 γῆς
3200 4594 3466 4664 πνέομεν;
3497 4593 3611 4646 Οὐκ
3634 4592 3717 4644 ένι

2143 4681 2321 4750 μάχην
2358 4680 2419 4746 ἐξ
2455 4681 2571 4744 ἐνὸς
2624 4682 2884 4751 συστῆναι
2925 4684 3143 4755 μέρους.
3186 4682 3324 4746 Τοὺς
3359 4682 3716 4752 μαινομένους

2139 4766 2206 4818 ἂν
2234 4765 2294 4830 ἐξ
2318 4765 2592 4835 ἐγατέρων
2622 4766 2730 4818 τῶν
2761 4766 2943 4837 μερῶν
2968 4766 3219 4840 ἐλκύσῃς,
3255 4767 3454 4835 μᾶλλον
3486 4764 3719 4835 παροξυ-

2140 4851 2270 4912 νεῖς’
2299 4849 2365 4902 ἂν
2409 4848 2467 4901 δέ
2500 4851 2565 4901 ἐκ
2611 4849 2791 4915 δεξιάς
2824 4851 2856 4921 ἢ
2898 4850 2957 4916 ἐξ
2998 4852 3314 4921 ἀριστερᾶς,
3364 4849 3592 4911 ἔσϐεσας
3622 4848 3716 4901 τὸν

2141 4932 2331 5004 θυμόν.
2374 4933 2431 4985 ’0
2458 4932 2707 5002 πλήττων
2756 4933 2823 4985 ἂν
2864 4933 2961 5002 μὲν
3020 4933 3118 5005 ἔχῃ
3156 4933 3244 4985 τὸν
3294 4932 3367 5003 μὴ
3400 4931 3713 5001 δεχόμενον,

2143 5016 2341 5086 μᾶλλον
2362 5016 2669 5085 ἐπαίρεται’
2720 5015 2786 5068 ἂν
2812 5015 2869 5067 δὲ
2893 5015 3132 5079 εἴκοντα,
3184 5016 3383 5085 μᾶλλον
3433 5013 3711 5077 ἐκλύεται,

2141 5100 2235 5151 καὶ
2258 5100 2339 5162 εἰς
2363 5099 2522 5153 αὐτὸν
2554 5101 2585 5168 ή
2625 5099 2805 5170 πληγὴ
2835 5099 3247 5170 περιτρέπεται.
3277 5099 3350 5153 Οὐ
3382 5098 3489 5166 γάρ
3535 5097 3715 5159 οὓτως

2139 5179 2319 5235 ἐκλύει
2344 5182 2442 5253 τὴν
2468 5181 2693 5253 δύναμιν
2720 5182 2813 5235 τοῦ
2838 5181 3236 5250 ἀνταγωνιστοῦ
3267 5181 3362 5235 ave
3375 5197 3557 5254 ρωπος
3569 5197 3715 5246 παγ-

2140 5263 2454 5336 κρατιάζειν
2481 5264 2657 5329 εἰδὼς,
2687 5265 2761 5327 ὡς
2786 5264 3067 5335 ἄνθρωπος
3097 5264 3447 5336 ὑϐριζόμενος
3505 5265 3599 5317 καὶ
3634 5261 3715 5334 μὴ

2141 5348 2501 5420 ἀνθυϐρίζων.
2532 5348 2851 5418 Αίσχυνθεὶς
2883 5347 2993 5417 γὰρ
3036 5350 3239 5412 ἐκεῖνος
3290 5348 3474 5401 λοιπὸν
3522 5348 3715 5401 ἄπεισι

2142 5435 2234 5487 καὶ
2286 5433 2712 5503 καταγνωσθεὶς,
2766 5430 2979 5502 πρῶτον
3019 5432 3115 5503 μὲν
3147 5434 3212 5485 ἐκ
3244 5433 3337 5486 τοῦ
3388 5431 3715 5494 συνειδότος,

2140 5516 2390 5588 δεύτερον
2412 5517 2468 5569 δέ
2497 5516 2648 5588 παρά
2673 5514 2782 5569 τῶν
2810 5515 3060 5586 ὁρώντων
3090 5516 3363 5572 ἁπάντων.
3388 5514 3498 5569 Καὶ
3516 5528 3715 5584 παροι-

2918 5786 2941 5845 f’
2966 5777 3310 5845 Βλασφημοῦσι
3333 5780 3456 5831 κατὶ
3481 5779 3563 5828 τὸν
3600 5778 3713 5844 πλά

2207 5777 2233 5817 δ
2263 5779 2395 5829 Unus
2420 5779 2526 5828 cod.
2553 5780 2733 5841 προσφέ
2764 5797 2845 5827 ων.
2918 5786 2934 5811 ε

2207 5855 2219 5889 :
2246 5843 2348 5889 alii.
2422 5840 2438 5877 ι
2479 5839 2630 5889 Morel
2658 5796 2784 5889 mare
2808 5842 2934 5889 ἀδικί

2756 5854 2784 5890 e
2808 5854 3009 5898 ἀδικίας.

2148 5844 2219 5889 sic
2246 5843 2348 5890 alii.
2422 5840 2438 5877 ι
2479 5839 2630 5889 Morél
2658 5855 2729 5888 ma
