3972 6212
238 223 342 278 H7

227 446 482 511 Christus.
517 451 627 508 illic
666 457 944 512 crescebat
992 459 1337 528 prazdicatio:
1370 481 1470 519 nec
1519 468 1679 522 modo
1709 485 1814 525 non

227 541 564 598 scandalizati
593 555 721 600 sunt
745 549 960 618 quidam
983 567 1046 606 cx
1077 553 1372 623 discipulis,
1405 558 1647 614 videntes
1674 576 1802 627 apo—

223 634 380 686 sxolos
409 634 696 704 ﬂagellari,
728 640 866 694 alios
893 642 1106 708 minari,
1135 646 1268 700 alios
1291 646 1548 716 Spiritum
1571 659 1807 718 tentare,

221 726 348 780 alios
385 744 760 797 murmurare;
792 734 887 788 sed
917 743 975 789 et
1006 737 1236 792 maxime
1259 742 1554 809 augebatur
1591 743 1814 797 creden-

219 819 347 872 tium
372 836 634 875 numerus
658 840 670 874 :
695 824 775 877 sic
798 825 867 878 ab
888 827 1109 882 Ananizc
1129 843 1257 883 casu
1287 830 1353 884 ad
1383 833 1660 887 meliorem
1703 835 1812 888 fru-

219 926 332 978 gem
371 913 794 980 reducebantur,
828 926 882 972 et
933 919 1104 988 major
1153 921 1255 975 illis
1308 923 1469 978 timor
1511 935 1644 978 erat.
1677 925 1811 981 Vide

220 1005 340 1058 mihi
372 1021 564 1075 porro,
608 1012 882 1078 quomodo
920 1015 1154 1069 creverit
1182 1016 1488 1071 multitudo.
1527 1019 1656 1074 Post
1689 1029 1808 1075 ten-

218 1099 442 1152 tationes
468 1101 661 1167 crevit,
687 1118 792 1156 non
821 1113 965 1158 ante.
990 1104 1314 1163 Consideres
1341 1124 1488 1175 vero,
1521 1121 1716 1180 quanta
1741 1113 1810 1166 sit

218 1193 304 1247 Dei
326 1195 658 1261 benignius.
687 1197 768 1252 Ex
790 1198 896 1254 illis
915 1201 1059 1254 enim
1090 1202 1421 1271 principibus
1443 1204 1804 1269 sacerdotum,

217 1287 300 1354 qui
327 1287 396 1339 ad
428 1287 638 1341 eadem
673 1289 858 1344 turbas
885 1293 1269 1360 concitabant,
1317 1295 1407 1364 qui
1438 1295 1560 1349 talia
1606 1297 1806 1350 clama-

218 1376 336 1430 bant
389 1387 449 1431 et
496 1377 783 1446 dicebant,
841 1382 982 1435 Alios
1030 1383 1197 1438 salvos
1244 1387 1400 1455 fecit,
1432 1386 1655 1455 seipsnm
1705 1403 1805 1440 non

217 1479 372 1535 potest
397 1470 598 1522 salvum
629 1473 796 1540 facere
818 1473 1034 1542 (Matth.
1066 1474 1157 1528 2'7.
1189 1475 1316 1546 42);
1358 1490 1424 1531 ex
1454 1477 1578 1541 illis,
1612 1478 1802 1547 inquit,

220 1559 369 1613 Multi
399 1561 696 1615 obediebant
723 1565 862 1630 ﬁdei.

287 1653 342 1706 ι.
364 1648 565 1705 Caritas
581 1669 699 1722 ergo
737 1655 970 1710 inimicus
1001 1665 1050 1708 et
1080 1657 1424 1711 misericordia
1445 1659 1806 1713 commendan-

223 1742 567 1811 tur.—Ejus
611 1743 794 1813 itaque
844 1754 900 1798 et
951 1761 1050 1801 nos
1103 1747 1400 1804 imitatores
1445 1749 1632 1804 simus.
1679 1749 1804 1804 lllos

226 1835 483 1904 suscepit,
509 1851 600 1890 nec
619 1837 833 1906 repulit.
857 1836 946 1893 Sic
966 1839 1214 1907 inimicis,
1235 1842 1322 1912 qui
1345 1843 1500 1897 nobis
1525 1845 1801 1899 innumera

226 1929 445 1983 intulere
470 1931 628 1996 mala,
655 1930 916 1986 beneficia
948 1935 1324 2004 rependamus.
1358 1937 1412 1992 Si
1441 1938 1566 2008 quid
1598 1940 1796 1993 bonum

220 2017 494 2086 habemus,
526 2021 633 2074 illis
657 2022 978 2090 tribuamus,
1004 2040 1070 2078 ne
1090 2025 1476 2081 benefaciendo
1515 2037 1801 2098 prmterea-

219 2127 330 2164 nius
373 2111 524 2166 illos.
563 2113 622 2167 Si
669 2117 810 2168 enim
845 2116 982 2169 mala
1033 2117 1287 2186 patiendo
1334 2119 1557 2189 implere
1587 2128 1802 2189 oportet

216 2205 416 2257 illorum
433 2203 700 2269 furorem,
723 2209 890 2260 multo
905 2209 1072 2278 magis
1087 2209 1468 2266 benefaciendo
1492 2229 1504 2264 :
1530 2211 1634 2267 hoc
1655 2213 1798 2266 enim

213 2300 378 2348 llllDllS
408 2307 499 2350 est
527 2298 641 2351 illo.
685 2297 799 2352 Non
821 2299 963 2353 enim
995 2315 1088 2370 par
1112 2317 1199 2357 res
1223 2313 1326 2366 est,
1351 2301 1666 2359 benefacere
1693 2304 1798 2358 ini-

211 2403 362 2450 ωιτη.
396 2400 454 2444 et
485 2390 692 2460 majora
721 2392 856 2446 velle
898 2393 1031 2461 pati;
1066 2393 1132 2448 ab
1164 2394 1264 2459 hoc
1291 2394 1358 2449 ad
1385 2395 1471 2449 illa
1500 2396 1792 2451 veniemus.

213 2479 324 2532 lbrc
355 2480 598 2550 dignitas
627 2492 708 2536 est
737 2484 1118 2554 discipulorum
1150 2485 1368 2540 Christi.
1413 2486 1800 2543 Crucilixerant

212 2570 370 2629 illum.
398 2575 495 2640 qui
525 2572 595 2625 ad
620 2573 1053 2630 benefaciendum
1081 2577 1186 2631 illis
1214 2589 1464 2643 venerat;
1507 2578 1798 2648 discipulos

210 2665 346 2715 illius
371 2663 810 2734 flagellaverant;
843 2678 896 2721 et
937 2679 1118 2738 postea
1152 2670 1274 2724 illos
1311 2672 1377 2725 ad
1408 2672 1655 2727 eumdem
1692 2689 1797 2743 quo

209 2757 498 2824 discipulus
527 2760 785 2812 honorem
817 2760 1344 2833 ducit,similiterque
1388 2779 1482 2819 sua
1513 2766 1616 2820 illis
1651 2782 1794 2821 com-

211 2850 512 2901 municavit.
549 2849 871 2917 lmitatorcs,
904 2869 1103 2922 quzcso,
1136 2855 1331 2910 Christi
1378 2860 1579 2912 simus:
1615 2861 1667 2912 in
1695 2860 1796 2916 hoc

209 2951 415 3006 uporlet
445 2942 598 2994 illum
639 2943 834 2996 imitari
859 2962 872 3007 ;
908 2944 1007 2999 hoc
1030 2947 1170 2998 enim
1197 2950 1453 3016 :equalem
1483 2950 1590 3004 Deo
1631 2951 1791 3016 facit;

209 3034 308 3084 hoc
354 3036 635 3103 plusquam
677 3036 967 3091 humanum
1017 3049 1116 3092 est.
1165 3039 1536 3113 Eleemosynm
1575 3060 1792 3111 operam

207 3126 433 3180 demus:
465 3128 582 3181 haec
616 3128 934 3199 paedagogus
960 3139 1013 3184 et
1035 3130 1222 3185 doctor
1248 3141 1330 3187 est
1378 3134 1517 3188 illius
1561 3136 1794 3204 philoso-

209 3220 362 3284 μήτε.
394 3220 492 3285 Qui
519 3220 709 3274 didicit
735 3224 972 3276 misereri
1006 3224 1138 3292 ejus,
1164 3227 1252 3294 qui
1286 3226 1336 3280 in
1361 3228 1662 3283 calamitate
1690 3241 1790 3297 est,

205 3313 380 3366 discet
403 3316 564 3367 etiam
616 3316 927 3383 injuriarum
959 3317 1198 3373 oblivisci
1240 3337 1252 3372 :
1289 3322 1377 3391 qui
1424 3322 1526 3377 hoc
1572 3324 1791 3390 didicit,

205 3407 435 3461 inimicis
476 3410 636 3463 etiam
667 3411 991 3467 benefacere
1033 3416 1244 3482 poterit.
1299 3415 1575 3472 Discamus
1609 3422 1790 3488 proxi-

201 3518 420 3554 morum
442 3504 591 3558 malis
613 3505 778 3576 frangi
806 3547 821 3571 ,
846 3517 901 3560 et
926 3506 1192 3562 discemus
1221 3509 1432 3564 illorum
1463 3513 1621 3566 etiam
1657 3517 1791 3569 mala

201 3593 382 3647 ferre.
409 3595 556 3648 Illum
581 3597 984 3666 interrogemus,
1017 3600 1108 3670 qui
1133 3601 1269 3654 male
1292 3618 1412 3672 erga
1456 3619 1552 3657 nos
1571 3604 1792 3660 allectus

197 3696 312 3744 est.
336 3699 512 3737 annon
537 3688 850 3743 condemnet
881 3691 1112 3759 seipsnm
1137 3731 1152 3756 ,
1185 3708 1362 3747 annon
1397 3695 1523 3749 velit
1555 3697 1789 3764 philoso-

203 3775 383 3840 phari.
411 3791 584 3830 annon
616 3787 780 3833 totum
815 3781 943 3833 oriri
987 3781 1129 3836 dicat
1157 3783 1223 3836 ab
1246 3784 1322 3838 ira
1353 3795 1406 3840 et
1443 3787 1713 3842 simultate
1738 3799 1793 3844 et

201 3868 450 3931 miseria;
482 3884 605 3921 num
636 3869 761 3924 velit
788 3886 854 3924 ex
891 3888 1110 3926 numero
1136 3874 1344 3930 illorum
1367 3891 1506 3940 esse,
1554 3881 1640 3948 qui
1663 3895 1790 3934 con-

204 3962 477 4013 tumeliam
511 3962 693 4015 ferunt
723 3975 778 4017 et
813 3964 1007 4029 silent,
1042 3982 1146 4018 non
1178 3979 1356 4021 autem
1389 3969 1600 4024 illorum
1626 4014 1640 4038 ,
1696 3973 1787 4042 qui

201 4054 577 4107 eluitumeliam
611 4054 810 4109 faciunt
843 4068 894 4110 et
931 4058 1146 4124 furunt;
1182 4076 1358 4115 annon
1385 4077 1504 4116 eum
1537 4066 1623 4133 qui
1659 4067 1790 4134 pati-

204 4155 287 4197 tur
316 4147 636 4202 admiretur.
664 4147 742 4202 Ne
770 4159 922 4218 putes
955 4152 1055 4204 hoc
1084 4154 1515 4223 contemptibiles
1541 4157 1785 4213 reddere.

203 4237 336 4289 Nihil
380 4241 450 4292 in
501 4243 935 4311 contemptibiles
978 4245 1150 4298 reddit
1197 4257 1254 4299 ut
1284 4250 1659 4303 contumeliam
1705 4253 1787 4304 in-

205 4330 366 4392 ferre;
422 4334 556 4386 nihil
607 4339 678 4388 ita
729 4338 1095 4402 venerabiles,
1132 4347 1187 4393 ut
1214 4342 1592 4396 contumeliam
1623 4344 1784 4400 ferre.

201 4422 287 4476 ille
331 4441 564 4494 namque
615 4437 697 4481 est
745 4431 1187 4496 contumeliosus,
1239 4431 1326 4486 hic
1386 4433 1783 4504 philosophus:

203 4517 286 4568 die
350 4517 506 4586 pejor
574 4516 825 4586 homine,
893 4519 977 4574 hic
1027 4523 1227 4592 angelis
1283 4539 1396 4592 par.
1445 4524 1593 4581 Licet
1639 4527 1782 4582 enim

201 4620 366 4659 mmor
417 4617 568 4660 esset
635 4610 1060 4673 contumelioso;
1128 4621 1401 4678 attamen,
1470 4615 1514 4670 si
1585 4617 1780 4684 vellet,

199 4711 368 4760 pmset
405 4715 536 4754 eum
580 4700 780 4756 ulcisci.
813 4702 1063 4772 Alioquin
1094 4720 1218 4758 vero
1255 4705 1340 4760 hic
1363 4708 1782 4766 misericordiam

197 4793 432 4848 manium
456 4794 559 4848 sibi
588 4797 836 4860 attrahet,
874 4798 960 4852 ille
984 4813 1112 4852 vero
1140 4813 1336 4854 exosus
1359 4801 1478 4855 erit.
1507 4802 1643 4869 Quid
1680 4804 1781 4874 igi-

199 4888 315 4934 ter?
345 4901 530 4940 nonne
579 4886 700 4941 inde
744 4887 830 4942 hic
879 4889 1043 4944 multo
1075 4893 1409 4959 praestantior
1447 4893 1588 4948 erit?
1628 4895 1780 4949 Illum

199 4987 418 5048 sanique
446 4987 507 5031 ut
550 4977 815 5034 furentem
843 5022 858 5044 ,
885 4980 1026 5035 hunc
1053 4993 1108 5035 ut
1154 4983 1467 5052 prudentem
1513 4984 1781 5041 habebunt

201 5084 396 5124 enim.
429 5070 568 5124 Cum
596 5087 726 5142 ergo
753 5081 805 5127 te
827 5075 970 5143 cogit
996 5074 1281 5144 quispiam,
1316 5086 1371 5130 nt
1401 5077 1631 5147 aliquem
1670 5080 1777 5135 cri-

200 5165 429 5226 mineris,
456 5166 546 5218 dic
578 5165 650 5219 illi
677 5183 691 5218 :
723 5166 839 5222 Non
870 5183 1084 5238 possum
1109 5169 1206 5238 ipsi
1238 5169 1592 5236 maledicere;
1619 5173 1780 5229 timeo

202 5257 325 5308 enim
352 5273 422 5310 ne
470 5256 612 5313 forte
639 5275 744 5313 non
775 5260 845 5314 sit
871 5261 1010 5315 talis.
1039 5259 1181 5316 Cave
1205 5271 1384 5316 autem
1415 5264 1644 5319 maxime
1663 5304 1678 5330 ,
1713 5281 1780 5320 ne

203 5347 241 5395 ia
285 5358 464 5400 mente
531 5347 776 5411 dixeris,
834 5366 967 5405 neve
1037 5352 1189 5406 alteri
1246 5355 1324 5407 sic
1384 5353 1635 5424 loquaris.
1701 5357 1778 5411 Nc

201 5440 416 5499 preceris
455 5439 625 5494 Deum
675 5451 860 5494 contra
901 5443 1049 5496 illum
1085 5461 1098 5496 :
1131 5445 1174 5498 si
1213 5443 1411 5499 videris
1450 5446 1593 5501 illum
1638 5449 1776 5502 male

201 5532 384 5596 avdire,
417 5532 648 5588 defende
671 5551 682 5586 :
710 5533 816 5598 dic,
844 5533 1151 5601 Iracundize,
1173 5552 1278 5592 non
1298 5539 1419 5603 viri,
1442 5541 1596 5593 verba
1618 5551 1770 5607 sunt;

201 5619 292 5684 ine.
315 5641 428 5679 non
449 5625 646 5689 amici;
682 5625 876 5682 furoris
899 5668 915 5693 ,
949 5643 1054 5682 non
1081 5630 1291 5684 animze.
1326 5631 1448 5686 lltcc
1486 5633 1624 5688 circa
1666 5635 1774 5687 sin-

201 5717 297 5776 ἰὼ
323 5729 544 5787 [θεραπεί
570 5719 882 5789 cogitemus.
907 5720 982 5778 Ne
1007 5732 1284 5796 exspectes
1308 5725 1479 5782 donec
1513 5727 1648 5798 ignis
1675 5742 1770 5782 ac-

1233 235 1298 290 ΙΝ
1337 237 1514 293 ACTA
1557 239 2072 303 APOSTOLORUM.
2116 248 2343 307 llOEl'llL.
2387 253 2525 309 XIV.

229 356 498 412 crescebat
517 358 826 416 multitudo.
851 362 958 418 Res
981 365 1263 432 mirabilis,
1295 371 1381 425 ubi
1409 374 1620 428 occisus
1647 375 1818 432 fuerat

3401 280 3503 340 “8

1921 362 2197 430 cendatnr,
2228 366 2320 421 sed
2346 377 2472 424 ante
2499 375 2794 442 comprime
2825 395 2838 431 :
2882 395 2950 435 ne
2991 382 3158 438 feram
3189 394 3494 457 exacerbes,

1923 470 2022 508 nec
2063 459 2371 514 cxacerbari
2421 463 2604 517 sinas:
2657 483 2760 522 non
2816 475 3015 540 poteris
3061 493 3405 548 compescere
3454 491 3498 545 si

1921 544 2130 603 ﬂamma
2175 552 2516 608 accendatur.
2548 556 2682 623 Quid
2713 563 2856 616 enim
2879 564 3045 626 dixit?
3085 544 3256 629 Stulte
3288 586 3343 629 et
3372 544 3504 632 insi-

1919 637 2111 705 piens?
2166 640 2298 696 Uter
2353 645 2516 700 verbo
2567 648 2828 706 obnoxius
2880 666 2996 722 est,
3054 663 3139 730 qui
3196 665 3381 731 audit,
3429 683 3497 724 an

1919 731 2007 798 qui
2035 729 2202 786 dicit?
2232 735 2328 790 llic
2355 753 2603 808 namque,
2631 745 2748 798 etsi
2782 747 2932 802 valde
2955 753 3166 820 sapiens
3193 758 3280 820 sit,
3307 729 3501 816 stultus

1918 826 2280 892 reputabitur;
2332 829 2420 885 ille
2472 847 2634 898 vero,
2689 839 2787 891 etsi
2829 841 3115 898 admodum
3167 850 3360 905 stultus
3390 853 3495 919 sit,

1916 916 2129 983 sapiens
2158 928 2211 972 et
2240 921 2586 992 philosophus
2619 925 2919 984 habebitur.
2943 932 3094 1000 Uter,
3127 953 3330 1006 quaeso,
3362 916 3497 998 stul;

1920 1012 2003 1059 tus
2027 1047 2042 1070 ,
2074 1008 2162 1076 qui
2191 1009 2344 1064 alteri
2372 1012 2572 1080 profert
2599 1031 2662 1070 ea
2688 1032 2806 1086 quae
2843 1036 2949 1074 non
2999 1033 3162 1092 sunt,
3207 1043 3274 1082 an
3318 1031 3362 1084 is
3406 1035 3497 1102 qui

1915 1111 2088 1166 neque
2115 1099 2192 1153 sic
2219 1105 2505 1158 movetur?
2534 1105 2665 1160 Nam
2698 1108 2743 1162 si
2771 1109 3073 1183 phil050phi
3122 1127 3238 1181 est,
3283 1099 3494 1179 etiamsi

1914 1189 2173 1261 inciteris,
2205 1210 2311 1249 non
2342 1199 2580 1265 moveri;
2628 1203 2842 1258 nemine
2879 1219 3128 1264 movente
3154 1217 3492 1284 exasperari,

1912 1292 2125 1350 quantae
2152 1284 2467 1353 insipientia:
2494 1289 2690 1346 fuerit?
2714 1293 2957 1351 Nondum
2990 1299 3140 1368 dico,
3173 1320 3293 1374 qua:
3338 1322 3495 1376 paena

1912 1375 2142 1442 reposita
2209 1377 2278 1430 sit
2326 1379 2424 1447 iis,
2478 1383 2568 1450 qui
2623 1383 2676 1437 in
2732 1388 3031 1454 proximum
3088 1375 3377 1464 opprobria
3439 1409 3495 1455 et

1912 1465 2221 1536 blaspliema
2248 1471 2388 1526 dicta
2408 1474 2706 1544 proferunt.
2727 1479 2832 1535 Sed
2859 1483 3021 1550 quid?
3042 1485 3399 1555 ignobilemne
3426 1511 3492 1549 ex

1913 1555 2231 1625 ignobilibus
2255 1562 2406 1629 dixit,
2428 1573 2484 1620 et
2505 1567 2664 1623 vilem
2691 1586 2754 1624 ex
2779 1573 2968 1628 vilibus
2990 1580 3204 1633 ortum?
3226 1581 3420 1637 lterum
3442 1587 3493 1642 in

1909 1650 2142 1717 seipsnm
2174 1655 2335 1709 vertit
2363 1660 2728 1727 Opprobrium.
2759 1664 2891 1721 Nam
2937 1669 3028 1724 ille
3065 1674 3280 1742 quidem
3324 1679 3493 1735 hono-

1910 1740 2091 1796 rabilis
2115 1759 2178 1799 ac
2200 1750 2529 1806 reverendus
2559 1757 2855 1822 apparebit,
2881 1758 2966 1814 hic
2986 1740 3113 1818 vero
3155 1766 3279 1822 vilis
3307 1785 3322 1822 :
3369 1771 3494 1827 talia

1907 1833 2051 1888 enim
2083 1836 2134 1890 in
2165 1841 2511 1908 opprobrium
2541 1847 2806 1915 proferre,
2833 1855 3047 1922 generis
3094 1873 3286 1930 nempe
3312 1862 3490 1919 vilita-

1910 1931 2038 1988 tem,
2064 1927 2239 1995 pusilli
2266 1940 2348 1985 est
2386 1934 2572 1993 animi.
2612 1935 2707 1994 Ille
2735 1955 2866 1996 vero
2894 1959 3117 2015 magnus
3153 1927 3494 2009 ebmirabilis

1907 2025 1987 2070 est
2008 2058 2023 2082 ,
2056 2018 2146 2086 qni
2171 2020 2301 2075 nihil
2331 2025 2436 2079 tale
2474 2029 2708 2096 sentiat,
2757 2034 2851 2087 sed
2884 2036 2953 2090 ita
2981 2037 3205 2096 affectus
3235 2043 3307 2096 sit
3339 2060 3403 2099 ac
3445 2049 3491 2101 si

1906 2110 2216 2176 audivisset,
2241 2128 2299 2168 se
2326 2116 2525 2186 aliquid
2551 2123 2829 2178 excellens
2851 2141 2962 2195 prre
2990 2129 3112 2184 aliis
3143 2132 3360 2189 habere.
3384 2136 3491 2191 Sed

1905 2201 2174 2257 mtechum
2197 2214 2250 2259 et
2278 2206 2472 2262 similia
2493 2209 2680 2266 dicet?
2707 2214 2800 2269 llic
2826 2216 3102 2274 ridendum
3129 2232 3246 2277 est:
3277 2227 3492 2296 quando

1906 2292 2046 2346 enim
2075 2295 2401 2352 conscientia
2432 2315 2538 2355 non
2577 2305 2794 2373 pnngit,
2844 2308 3021 2364 nulltts
3049 2323 3132 2366 est
3175 2314 3268 2370 ira:
3294 2292 3486 2374 vlocns.

1906 2380 1961 2436 Si
1988 2383 2190 2454 cogites
2219 2403 2346 2444 vero
2365 2431 2380 2453 ,
2409 2408 2567 2461 quam
2597 2395 2736 2451 fmda
2766 2408 2820 2452 et
2849 2401 2988 2455 mala
3019 2405 3180 2458 verba
3211 2407 3488 2479 proferat,

1905 2488 2077 2545 neque
2108 2478 2186 2533 sic
2225 2489 2309 2535 est
2356 2482 2674 2541 dolendum.
2704 2487 2835 2544 Nam
2887 2494 3030 2562 quod
3065 2497 3259 2567 cuique
3308 2478 3488 2570 postea

1905 2579 2089 2623 notum
2118 2569 2352 2628 futurum
2375 2587 2512 2644 erat,
2536 2579 2636 2634 hoc
2658 2580 2768 2649 jam
2799 2583 2912 2652 ipse
2935 2588 3227 2644 revelavit:
3262 2593 3490 2665 indeque

1904 2664 2152 2719 omnibus
2172 2680 2231 2721 se
2249 2666 2352 2723 fide
2374 2669 2646 2740 indignum
2665 2667 2959 2745 constituit,
2981 2690 3166 2750 utpote
3182 2686 3270 2754 qui
3292 2664 3491 2743 nescie-

1903 2753 1973 2806 rit
2002 2758 2226 2822 proximi
2272 2772 2492 2827 peccata
2537 2775 2752 2835 tegere;
2786 2785 2948 2840 seque
2976 2775 3144 2844 magis
3174 2753 3377 2846 pudore
3404 2780 3485 2836 af-

1904 2842 2029 2897 fecit
2051 2887 2066 2911 ,
2095 2863 2249 2915 quam
2302 2852 2501 2918 alium;
2533 2871 2747 2913 omnem
2773 2861 3038 2918 obstruxit
3069 2842 3295 2936 “peritum
3315 2913 3329 2936 ,
3368 2890 3484 2941 pm-

1905 2950 2104 3006 nasque
2128 2940 2226 2993 sibi
2252 2958 2440 3012 graves
2463 2947 2514 2999 in
2542 2947 2719 3003 futuro
2737 2951 2938 3020 judicio
2963 2963 3186 3025 paravit.
3207 2963 3320 3016 Non
3343 2940 3485 3022 enim

1903 3027 2064 3094 hunc,
2096 3042 2151 3085 ut
2204 3033 2348 3088 illtnn
2399 3042 2790 3098 aversabnnlur
2840 3061 3062 3114 omnes,
3112 3055 3199 3122 qui
3259 3059 3483 3126 tegenda

1903 3123 2240 3179 revelaverit.
2266 3127 2344 3182 Tu
2383 3146 2511 3185 vero
2533 3149 2598 3186 nc
2629 3138 2834 3192 revelcs
2857 3155 2916 3192 ea
2942 3182 2955 3204 ,
2985 3158 3210 3211 quorum
3239 3150 3487 3205 conscius

1901 3232 1960 3272 es
1984 3235 2000 3283 ;
2029 3219 2122 3272 sed
2149 3230 2283 3288 tace,
2316 3224 2358 3276 si
2389 3225 2467 3278 vis
2491 3226 2684 3281 bonam
2715 3228 2910 3286 habere
2939 3233 3152 3291 famam.
3181 3237 3296 3293 Non
3326 3242 3486 3296 modo

1901 3315 2042 3367 enim
2074 3315 2350 3371 subvertes
2369 3359 2384 3384 ,
2420 3328 2474 3373 et
2505 3329 2650 3392 teges
2678 3339 2737 3377 ea
2757 3366 2771 3389 ,
2802 3342 2921 3395 qua:
2950 3327 3090 3383 dicta
3120 3343 3279 3398 sunt,
3309 3335 3402 3389 sed
3431 3345 3488 3392 et

1901 3404 2039 3459 aliud
2067 3406 2264 3462 bonum
2312 3413 2660 3480 operaberis:
2697 3432 2800 3470 non
2839 3419 2949 3486 jam
2979 3421 3138 3476 facies
3167 3436 3352 3480 contra
3402 3438 3483 3482 tc-

1900 3497 2072 3566 ipsum
2102 3501 2226 3555 ferri
2249 3506 2588 3560 sententiam.
2612 3508 2729 3563 Tibi
2756 3512 3020 3582 quispiam
3052 3519 3360 3575 maledicit?
3392 3523 3487 3578 Dic

1902 3599 1957 3644 tu
1986 3608 1999 3644 :
2029 3593 2083 3646 Si
2110 3596 2288 3649 omnia
2319 3609 2520 3663 nosset,
2546 3617 2653 3654 non
2682 3602 2797 3656 lucc
2823 3607 2996 3660 solum
3026 3609 3266 3666 dixisset.
3301 3615 3488 3670 Admi-

1898 3683 2000 3737 rati
2044 3686 2172 3738 estis
2225 3703 2346 3741 cum
2393 3699 2612 3760 stupore
2664 3694 2714 3747 id
2754 3697 2893 3765 quod
2945 3699 3092 3753 dixi?
3137 3703 3241 3758 Sed
3291 3707 3484 3762 imitari

1898 3784 2129 3842 oportet.
2163 3777 2286 3832 Ideo
2319 3781 2460 3835 enim
2491 3783 2605 3838 haec
2634 3789 2832 3852 omnia,
2863 3806 2982 3858 qua:
3021 3793 3089 3847 ab
3133 3798 3331 3851 exteris
3359 3815 3480 3868 pro~

1900 3865 2003 3918 lata
2034 3876 2156 3922 sunt
2183 3910 2197 3932 ,
2239 3869 2504 3936 diximus,
2557 3891 2665 3928 non
2692 3879 2832 3946 quod
2865 3883 3154 3952 Scriptura:
3204 3890 3516 3948 innumera-

1899 3959 2022 4012 talia
2057 3976 2162 4014 non
2197 3961 2462 4029 habeant;
2492 3967 2583 4019 sed
2612 3969 2752 4037 quod
2786 3970 2901 4025 lucc
2941 3979 3109 4044 magis
3141 3981 3343 4046 possint
3389 3998 3485 4052 pu-

1897 4049 2025 4105 dore
2053 4051 2379 4108 sull‘undere.
2411 4055 2542 4110 Nam
2574 4057 2848 4127 Scriptura
2876 4079 3086 4133 quoque
3115 4069 3180 4120 ad
3224 4049 3482 4138 pudorem

1897 4145 2152 4202 inducere
2180 4150 2345 4214 solet,
2395 4161 2451 4204 ut
2479 4167 2599 4206 cum
2630 4153 2756 4208 dicit
2788 4175 2801 4210 :
2852 4155 3040 4212 Nonne
3069 4174 3114 4214 et
3157 4165 3340 4216 ct/mici
3387 4167 3483 4222 hoc

1897 4240 2089 4309 faciunt
2120 4240 2328 4312 (Manli.
2361 4246 2413 4299 5.
2443 4248 2572 4316 47)?
2595 4248 2858 4319 PrOpheta
2889 4269 3018 4308 vero
3057 4255 3317 4314 Jeremias
3346 4261 3484 4318 ﬁlios

1895 4329 2111 4385 Rechab
2139 4335 2190 4388 in
2214 4339 2444 4390 medium
2467 4338 2686 4393 adduxit
2709 4340 2840 4410 (Jer.
2872 4344 2960 4399 55.
2985 4344 3064 4418 3),
3091 4349 3178 4418 qni
3204 4363 3481 4419 paternum

1895 4435 2219 4495 pneceptnm
2275 4430 2573 4500 transgredi
2630 4434 2934 4490 noluerunt.
3001 4439 3274 4498 Maledixit
3319 4445 3482 4503 Maria

1894 4516 2058 4588 Moysi
2087 4516 2270 4589 (Num.
2301 4521 2389 4592 12)
2421 4541 2433 4575 :
2467 4531 2521 4577 at
2550 4523 2639 4578 ille
2661 4527 2840 4580 statim
2871 4543 3084 4597 poenam
3117 4533 3183 4586 ab
3211 4535 3322 4603 ipsa
3357 4554 3479 4606 pre-

1892 4611 2042 4665 cibus
2066 4615 2277 4680 avertit,
2303 4630 2476 4685 neque
2505 4621 2774 4674 concessit
2800 4631 2856 4675 ut
2881 4624 3130 4691 sciretur,
3161 4641 3219 4682 se
3247 4630 3481 4686 vindica-

1893 4711 2002 4756 tum
2035 4703 2215 4759 fuisse.
2266 4709 2334 4760 At
2363 4723 2459 4762 nos
2490 4724 2593 4763 non
2652 4712 2769 4772 sic;
2820 4714 2915 4769 sed
2959 4717 3059 4771 hoc
3110 4722 3339 4776 maxime
3390 4739 3482 4776 vo-

1892 4792 2112 4860 lumus,
2179 4804 2236 4849 nt
2273 4798 2469 4853 sciatur
2527 4800 2775 4870 injuriam
2836 4820 2938 4858 non
3001 4809 3222 4864 inultam
3291 4812 3475 4870 fuisse.

1890 4884 2176 4956 Quousque
2202 4887 2268 4942 de
2297 4899 2434 4944 terra
2458 4892 2821 4960 spirabimus?
2849 4895 2965 4951 Non
2998 4908 3172 4966 potest
3199 4916 3372 4970 pugna
3411 4920 3477 4958 ex

1890 4993 1992 5031 una
2043 4981 2216 5033 solum
2265 4992 2412 5048 parte
2459 4994 2726 5038 constare.
2769 4985 3028 5042 Furcnles
3076 4990 3120 5043 si
3158 5007 3222 5044 ex
3255 5002 3478 5064 utraque

1887 5080 2038 5140 parte
2089 5073 2267 5125 trahas
2293 5115 2307 5135 ,
2343 5075 2508 5144 magis
2538 5079 2916 5144 exasperabis;
2948 5081 2991 5133 si
3032 5096 3061 5135 a
3088 5082 3306 5138 dextera
3336 5088 3418 5142 vel
3445 5106 3477 5145 a

1887 5162 2102 5218 sinistra
2123 5205 2137 5229 ,
2172 5163 2404 5219 furorem
2433 5168 2754 5237 exstinguis.
2774 5171 2871 5235 Qui
2904 5187 3007 5226 non
3031 5175 3316 5244 patientem
3350 5195 3476 5236 ver-

1887 5254 2057 5319 berat,
2086 5256 2254 5325 magis
2278 5258 2585 5324 extollitur;
2613 5260 2701 5328 qui
2733 5261 3010 5317 cedentem
3037 5305 3052 5330 ,
3086 5269 3256 5338 magis
3279 5270 3479 5328 dissol-

1885 5347 2047 5411 vitur,
2075 5348 2202 5402 etin
2248 5349 2420 5418 ipsum
2451 5350 2600 5420 plaga
2629 5356 2976 5410 convertitur.
3003 5357 3118 5414 Non
3152 5361 3222 5416 ita
3245 5377 3469 5436 antago-

1886 5441 2039 5495 nistze
2073 5441 2176 5493 vim
2201 5450 2416 5509 superat
2441 5444 2521 5496 vir
2549 5445 2599 5499 in
2631 5447 2775 5500 omni
2809 5464 2995 5519 pugnae
3017 5468 3213 5523 genere
3241 5458 3464 5526 peritus,

1884 5540 2059 5608 utqui
2111 5541 2301 5610 injuria
2337 5539 2610 5610 aflicitur,
2653 5561 2750 5600 nec
2800 5549 3063 5616 rependit.
3114 5551 3467 5606 Adversarius

1882 5632 2026 5687 enim
2054 5647 2174 5688 cum
2206 5633 2407 5704 pudore
2436 5634 2661 5692 discedit
2687 5637 3035 5709 improbatus,
3088 5643 3259 5711 primo
3281 5659 3309 5696 a
3339 5656 3466 5710 pro-

1879 5727 1994 5797 ptia
2021 5727 2366 5797 conscientia,
2413 5730 2650 5786 secundo
2695 5747 2725 5787 a
2756 5735 3143 5804 Spectatoribus
3185 5733 3453 5787 omnibus.
