4014 6218
510 253 615 309 119

508 369 711 437 Estque
731 366 783 420 in
813 361 1096 434 proverbio
1115 359 1383 429 vulgatum
1417 360 1553 427 :Qui
1578 359 1823 424 honorat,
1842 372 1900 412 se
1922 356 2095 427 ipsum

512 458 763 513 heuorat.
791 455 930 522 Ergo
955 461 1008 506 et
1033 450 1456 506 contumeliosus
1480 450 1581 504 sibi
1610 449 1711 519 ipsi
1743 448 1862 503 talis
1890 458 1993 503 est.

578 544 742 599 Nemo
760 544 961 597 [reditur
984 544 1083 596 nisi
1108 559 1139 596 a
1165 543 1428 611 seipso.—
1447 541 1616 596 Nemo
1644 555 1742 594 nos
1773 540 1969 594 lardere
1996 554 2094 609 po-

503 634 648 699 terit,
670 634 864 687 iterum
880 632 1023 699 dico,
1044 632 1144 688 nisi
1163 647 1260 687 nos
1281 633 1380 702 ipsi
1402 648 1417 696 ;
1440 647 1538 687 nec
1554 632 1673 701 quis
1695 646 1780 685 me
1805 646 2092 701 pauperem

502 726 683 791 faciet,
715 725 816 780 nisi
832 725 1081 796 egoipse.
1108 725 1222 795 Age
1245 739 1395 795 ergo,
1428 726 1505 779 sic
1522 740 1634 779 rem
1657 723 2090 795 perpendamus:

500 816 567 871 sit
582 815 711 871 mihi
725 816 902 871 anima
919 831 1140 885 pauper,
1154 824 1206 870 et
1224 830 1410 869 omnes
1427 813 1555 868 mihi
1575 814 1823 883 pecunias
1842 823 2085 885 erogent;

499 907 628 977 quid
649 907 773 963 inde
789 908 812 962 1
829 908 1008 963 Donec
1025 908 1115 962 illa
1140 915 1397 968 mutetur,
1421 905 1600 961 omnia
1629 905 1822 960 frustra
1847 915 1989 960 sunt.
2014 907 2094 961 Sit

502 1001 681 1055 anima
700 1000 829 1055 mihi
853 1016 1062 1072 magna,
1084 1009 1139 1055 ct
1156 999 1334 1054 cuncti
1363 997 1616 1070 pecunias
1638 1013 1783 1053 meas
1804 998 2087 1067 accipiant;

501 1095 629 1165 quid
662 1094 821 1150 inde?
852 1096 1031 1149 Donec
1058 1094 1201 1148 illam
1230 1108 1333 1147 non
1366 1106 1649 1162 pauperem
1680 1090 1872 1145 reddas
1893 1133 1908 1155 ,
1960 1090 2090 1145 nihil

504 1184 633 1241 hinc
653 1186 855 1241 damni.
884 1185 966 1241 Sit
986 1184 1113 1239 mihi
1136 1185 1341 1254 impura
1372 1183 1477 1237 vita
1501 1222 1517 1248 ,
1544 1191 1597 1237 et
1615 1196 1803 1237 omnes
1826 1182 2091 1235 contraria

505 1276 574 1332 de
593 1292 678 1332 me
694 1277 891 1342 dicant;
913 1277 1040 1347 quid
1070 1275 1228 1330 inde?
1252 1275 1400 1329 Licet
1421 1274 1621 1338 dicant,
1645 1282 1699 1327 at
1717 1288 1820 1328 non
1847 1274 1897 1327 in
1915 1282 2093 1328 mente

503 1366 820 1437 approbant.
842 1368 1067 1421 ltursum
1086 1367 1157 1420 sit
1174 1365 1303 1419 mihi
1322 1365 1425 1418 vita
1439 1379 1591 1434 pura,
1610 1371 1663 1415 et
1678 1377 1865 1417 omnes
1883 1371 2095 1415 contra-

504 1458 791 1523 riadicant;
816 1470 869 1513 et
886 1459 1010 1529 quid
1035 1457 1159 1513 inde
1179 1458 1203 1511 τ’
1221 1457 1351 1512 Nam
1385 1458 1435 1509 in
1467 1455 1791 1511 conscientia
1822 1470 1915 1510 sua
1935 1455 1985 1509 id
2007 1457 2093 1508 da-

503 1560 721 1606 mnant:
746 1565 853 1605 non
875 1551 1017 1604 enim
1048 1550 1287 1619 persuasi
1309 1548 1509 1603 dicunt.
1528 1547 1595 1605 Ut
1612 1550 1753 1603 enim
1777 1546 1958 1602 laudes
1983 1562 2089 1600 non

502 1650 713 1709 oportet
742 1640 1045 1707 admittere,
1074 1641 1153 1695 sic
1182 1655 1282 1695 nec
1309 1642 1693 1695 accusationes.
1726 1638 1792 1692 Et
1834 1653 1932 1693 cur
1977 1638 2091 1693 htec

504 1731 666 1788 dico?
705 1733 873 1789 Nemo
914 1735 1068 1789 nobis
1105 1749 1356 1803 umquam
1389 1731 1625 1786 insidiari
1658 1731 1886 1800 poterit,
1920 1745 2091 1801 neque

505 1826 846 1878 accusatione
885 1823 1306 1887 circumvenire,
1363 1823 1407 1876 si
1460 1822 1807 1876 voluerimus.
1860 1820 1972 1874 Hoc
2018 1821 2087 1874 ita

507 1914 912 1969 consideremus
947 1936 959 1970 :
992 1916 1166 1969 trahat
1194 1931 1291 1969 nos
1320 1916 1441 1984 quis
1463 1914 1529 1969 ad
1556 1913 1732 1968 forum
1754 1952 1769 1978 ,
1800 1912 2092 1967 calumnie-

506 2012 634 2069 tur;
667 2007 711 2060 si
737 2007 817 2061 vis
843 2048 858 2071 ,
885 2016 938 2061 et
961 2007 1197 2061 animum
1227 2005 1415 2061 efferat
1442 2022 1455 2071 ;
1490 2015 1542 2060 et
1569 2003 1697 2075 quid
1722 2003 1824 2058 hoc
1846 2044 1862 2069 ,
1886 2003 1929 2057 si
1957 2019 2091 2072 pau-

504 2094 672 2164 lisper
716 2095 830 2150 Inec
880 2098 1146 2153 immerito
1194 2096 1371 2152 feras?
1400 2096 1510 2151 Hoc
1535 2097 1706 2166 ipsum
1738 2096 1935 2150 malum
1970 2103 2087 2161 est,

503 2187 732 2257 inquies.
785 2189 896 2245 Hoc
939 2192 1113 2260 ipsum
1151 2191 1348 2245 bonum
1388 2199 1470 2245 est
1496 2190 1512 2221 ¹
1540 2231 1555 2254 ,
1611 2188 1751 2259 quod
1796 2189 2092 2243 immeritus

505 2279 743 2348 patiaris.
790 2281 893 2336 Sed
956 2282 1127 2352 quid?
1179 2297 1244 2336 an
1294 2281 1542 2336 meritum
1591 2282 1697 2350 pati
1769 2278 2091 2351 oportebat?

503 2370 717 2440 Aliquid
732 2373 921 2427 iterum
933 2374 1104 2427 dicam
1126 2390 1138 2425 :
1162 2372 1520 2441 Philosophus
1532 2372 1745 2441 quidam
1760 2382 2088 2437 exterorum,

512 2469 572 2515 ut
596 2462 799 2515 audivit
836 2464 1138 2532 quempiam
1184 2463 1382 2518 obiisse
1403 2505 1417 2527 ,
1452 2479 1572 2518 cum
1601 2463 1814 2532 quidam
1839 2479 1903 2518 ex
1927 2463 2090 2516 disci-

508 2553 649 2621 pulis
675 2553 877 2608 diceret
918 2555 1016 2624 ipsi
1037 2596 1051 2615 .
1088 2554 1179 2607 Vsa
1208 2554 1367 2619 mihi,
1399 2553 1527 2624 quia
1576 2554 1812 2623 injuste;
1848 2554 1936 2608 ille
1964 2569 2095 2608 con-

506 2659 725 2709 versus,
771 2644 876 2701 Sed
922 2646 1080 2715 quid,
1122 2647 1228 2712 ait,
1283 2661 1350 2699 an
1393 2645 1539 2715 juste
1581 2644 1843 2699 voluisses
1882 2642 1995 2716 (a)?
2023 2645 2091 2699 Et

570 2802 586 2832 ι
613 2800 777 2868 Morel.
806 2800 945 2863 legit.
972 2802 1154 2868 malum
1185 2810 1297 2863 est;
1335 2817 1447 2868 quae
1482 2802 1629 2854 lectio
1660 2804 1918 2868 quadrabit
1939 2804 1982 2853 si
2011 2804 2089 2868 in-

507 2865 809 2924 terrogantis
832 2878 967 2913 more
992 2865 1071 2915 hic
1124 2865 1377 2915 iroferatui'
1401 2882 1414 2916 :
1440 2876 1557 2917 tunc
1590 2865 1720 2916 enim
1752 2868 1825 2915 sic
1857 2873 1988 2916 totus
2020 2866 2090 2915 Io-

514 2937 601 2974 cus
626 2925 827 2975 habebit
851 2940 863 2974 :
892 2935 991 2976 Hoc
1018 2880 1200 2976 malum
1222 2935 1293 2976 est
1313 2928 1441 2976 quod
1475 2928 1743 2976 immeritus
1775 2927 1979 2976 patiaris
2000 2926 2024 2976 ?

514 2937 601 2990 cus
626 2925 827 2990 habebit
851 2940 863 2974 :
892 2935 991 2990 Hoc
1018 2925 1200 2977 malum
1222 2935 1293 2978 est
1313 2928 1441 2989 quod
1475 2928 1743 2978 immeritus
1763 2926 2024 2990 patiaris?

570 2986 643 3049 (α)
670 2987 725 3036 In
758 2987 885 3037 hunc
918 2988 1076 3039 locum
1109 2990 1215 3039 haec
1246 2986 1396 3040 habet
1419 2998 1656 3040 Dounaaus
1677 2991 1727 3038 in
1758 2986 1885 3039 Edit.
1911 2988 2087 3038 Savil.:

1228 244 1284 302 s.
1324 244 1600 303 JOANNIS
1641 242 2113 301 CliltYSOSTOMI
2156 230 2473 305 ARCHIEP.
2513 248 3044 312 consumma.

3672 270 3773 325 {9.0

2204 358 2438 416 Joannes
2458 378 2637 420 nonne
2660 365 2853 435 injuste
2875 379 3117 425 mortuus
3138 374 3253 428 est?
3273 373 3440 441 Quem
3460 394 3584 450 ergo
3609 385 3773 453 magis

2200 454 2510 521 miseraris,
2557 473 2753 514 eumne
2799 462 2887 530 qui
2936 461 3102 531 justo,
3153 479 3216 517 an
3257 482 3377 521 cum
3423 470 3510 539 qui
3540 472 3775 539 injuste’

2200 559 2379 600 nonne
2419 544 2564 602 hunc
2602 550 2858 605 miserum
2892 551 3029 607 dicis
3052 595 3067 619 ,
3098 554 3243 608 illum
3274 573 3401 611 vero
3434 561 3644 617 beatum
3668 570 3692 617 τ
3720 566 3772 619 in

2198 653 2305 706 quo
2328 653 2455 710 ergo
2476 640 2687 695 laeditur
2709 644 2869 699 homo
2889 660 2917 697 a
2936 657 3129 713 morte,
3160 649 3247 717 qui
3272 652 3492 705 nmltmn
3520 655 3772 722 lucratur,

2198 730 2392 785 nedum
2415 733 2538 803 quid
2560 734 2739 789 damni
2765 738 2996 793 referat?
3020 740 3150 794 Nam
3174 743 3217 797 si
3247 759 3310 797 ex
3339 744 3620 801 immortali
3646 767 3771 804 mor-

2199 824 2356 878 talem
2386 824 2622 895 fecisset,
2640 828 2775 885 forte
2790 830 3042 888 damnum
3060 846 3231 901 esset;
3257 838 3301 892 si
3322 854 3451 894 vero
3474 843 3771 909 mortalem,

2196 927 2250 971 et
2272 932 2337 971 ex
2362 928 2547 974 natura
2569 936 2662 975 sua
2691 924 2847 992 paulo
2875 929 3325 993 postmoriturum
3359 929 3635 989 festinavit
3655 952 3772 993 cum

2196 1006 2362 1077 gloria
2391 1009 2658 1066 abducere
2683 1053 2699 1078 ,
2732 1014 2857 1083 quid
2890 1015 3015 1072 hinc
3040 1018 3253 1073 damni?
3277 1021 3355 1076 Sit
3387 1025 3539 1079 nobis
3570 1028 3776 1083 animus

2200 1113 2345 1156 recte
2392 1106 2737 1173 compositus,
2784 1117 2839 1162 et
2891 1111 3089 1165 nullum
3145 1116 3475 1171 extrinsecus
3524 1119 3773 1176 damnum

2198 1191 2468 1248 adveniet.
2522 1195 2627 1251 Sed
2679 1213 2782 1252 non
2810 1215 2867 1253 es
2914 1201 2964 1255 in
2990 1204 3157 1271 gloria
3184 1205 3207 1258 ἲ
3234 1207 3302 1261 Ει
3331 1210 3455 1278 quid
3482 1213 3623 1268 hoc?
3645 1215 3772 1270 Nam

2200 1285 2340 1353 quod
2396 1286 2446 1340 in
2493 1289 2682 1357 opibus
2706 1332 2720 1355 ,
2755 1291 2981 1362 idipsum
3016 1297 3063 1350 in
3091 1300 3255 1367 gloria
3289 1311 3388 1356 est.
3418 1304 3473 1359 Si
3499 1308 3641 1361 enim
3671 1326 3778 1365 ma-

2196 1375 2423 1443 gnificus
2462 1377 2615 1433 fuero
2637 1421 2650 1442 ,
2698 1383 2845 1436 nullo
2882 1400 3017 1457 opus
3044 1388 3279 1456 habebo;
3309 1395 3389 1447 sin
3421 1412 3568 1451 vanae
3597 1401 3777 1470 gloria:

2198 1466 2425 1535 cupidus
2460 1510 2475 1531 ,
2532 1482 2732 1539 quanto
2784 1476 2933 1544 plura
2981 1494 3296 1551 consequar,
3348 1496 3494 1540 tanto
3538 1466 3777 1558 pluribus

2198 1560 2389 1628 egebo.
2438 1561 2586 1618 Tunc
2634 1580 2762 1620 vero
2804 1569 3140 1638 splendidior
3187 1593 3280 1631 ero
3323 1590 3374 1634 et
3415 1584 3604 1652 majori
3634 1586 3777 1642 fruar

2197 1654 2360 1723 gloria
2389 1698 2404 1723 ,
2435 1657 2479 1710 si
2507 1657 2732 1727 gloriam
2760 1677 3159 1736 contempsero.
3206 1671 3332 1728 Haec
3360 1691 3478 1730 cum
3509 1680 3775 1746 sciamus,

2197 1748 2420 1815 gratiam
2456 1749 2746 1810 habeamus
2775 1754 2989 1814 Christo
3018 1761 3129 1816 Deo
3158 1776 3363 1833 nostro,
3397 1771 3485 1837 qui
3514 1774 3673 1827 talem
3705 1776 3778 1828 ui-

2200 1848 2305 1894 tam
2347 1841 2501 1896 nobis
2531 1844 2751 1915 largitus
2778 1858 2859 1903 est
2880 1891 2894 1912 ,
2927 1861 2982 1906 et
3012 1852 3153 1908 illam
3180 1856 3436 1915 adeamus
3461 1863 3525 1916 ad
3552 1866 3776 1935 gloriam

2197 1932 2401 2001 ipsius:
2449 1937 2570 2005 quia
2613 1938 2784 2007 ipsum
2812 1940 2970 1997 decet
3004 1945 3172 2015 gloria
3222 1964 3340 2004 cum
3386 1932 3779 2024 Patrevprinci-

2199 2024 2285 2093 pio
2314 2038 2531 2082 carente
2557 2071 2572 2094 ,
2605 2038 2659 2084 et
2683 2043 2870 2088 sancto
2897 2034 3095 2105 Spiritu
3121 2039 3235 2107 ejus
3259 2084 3274 2107 ,
3304 2042 3356 2096 in
3381 2046 3572 2100 stecula
3605 2065 3779 2105 sarcu-

2198 2116 2388 2171 lorum.
2420 2121 2610 2175 Amen.

2206 2327 2230 2392 ξ
2239 2312 2553 2392 segnitia}
2586 2330 2668 2392 an_
2681 2318 2813 2392 just;
2851 2322 3074 2392 minuisses
3097 2327 3122 2375 ?
3142 2344 3171 2392 ιγ
3200 2339 3315 2381 Ηατ
3354 2324 3559 2387 Socratis
3582 2348 3691 2389 sunt
3712 2343 3779 2392 ad

2198 2377 2563 2453 aforern'perba
2578 2418 2592 2437 ,
2617 2387 2670 2453 at
2682 2377 2855 2453 lrefert
2889 2387 3099 2439 Laertius
3118 2430 3131 2448 ,
3156 2377 3230 2441 in“
3245 2377 3777 2453 Pim"§bi~¥b7i£'§'?~$£

2198 2437 2872 2523 illigiceretﬂnjuste
2905 2437 3677 2523 mor-gos}"iané'fiﬁéiiﬁ'ﬁiizé

2199 2496 2411 2587 giffff:
2427 2496 2680 2587 ξᾷέιςιξηιξὲ
2720 2496 3522 2587 bellamus;x‘éaépiaazuiéii'i};
3538 2496 3693 2587 1.17312.

2201 2543 2399 2572 mn"-..
2433 2543 2680 2573 ,ἴηνα-...υ
2720 2543 2979 2579 νυτ-ιψυο.
3010 2543 3272 2577 κιειιυμιιυιι
3291 2543 3451 2569 autem
3474 2543 3522 2571 lu
3550 2543 3693 2587 Αιιοιο
3737 2543 3774 2579 Ia

2198 2564 2696 2649 ἱοηῗῗίί¹ἱὲ¹ίὲ3ῗέἒξὲἑ
2717 2571 2936 2649 eam
2958 2582 3117 2649 ιριεςετη
3138 2580 3353 2649 ααεωω-
3381 2584 3570 2649 mine
3596 2543 3774 2649 Αροὲο-

2200 2622 2459 2709 ἑοὶ-ἔξ).
2467 2626 2690 2709 fnum
2698 2622 2904 2709 sociati.
2917 2622 3521 2709 qddiéiiis'}‘éi"$}§g'z}i}i§¥
3527 2622 3777 2709 ἶν’ᾎὲἕὶΣὲ

2197 2686 2715 2773 ῗῗίέἓίάέἕὶἶιηὲίὲἱίξᾲ
2726 2710 2768 2773 ,ξ
2779 2696 3033 2773 item
3122 2686 3483 2773 ’ὼξέαῑέὲῗβξὲ
3652 2686 3777 2773 ὶὲῖτὲῖ

2198 2749 2363 2829 statim
2387 2749 2577 2829 {inetur
2597 2749 2912 2829 intolerabile,
2936 2749 3062 2829 quod
3086 2749 3775 2829 [eipideainyinjnsiejiioific'ii;

2199 2813 2370 2891 teni:
2608 2822 2770 2891 antem
2802 2813 3044 2891 Socrates,
3063 2813 3343 2891 Apollodori
3357 2813 3777 2891 édbz‘zi'iiiiﬁiiiiis

2567 2884 2851 2952 λιᾙῑμηεηο
2873 2874 3135 2952 carissime,
3266 2874 3779 2952 juste—

2199 2936 2864 3019 eiderf‘ﬂatles
2893 2942 2958 2992 .9»
2999 2955 3052 2995 et
3076 2936 3203 2997 hunc
3226 2936 3391 3000 locum
3410 2936 3576 3019 [Sig-ig

2202 2990 2567 3054 Cbrysostomus
2588 2990 2882 3061 signiﬁcare.

1885 3186 2234 3250 HOMILIA
2277 3188 2419 3249 XV.

506 3331 634 3389 Car.
676 3335 725 3388 6.
769 3350 823 3388 v.
868 3334 920 3388 8.
965 3334 1256 3405 Stephanus
1285 3344 1452 3388 autem
1481 3335 1655 3404 plenus
1685 3334 1786 3403 ﬁde
1828 3342 1874 3387 et
1906 3331 2089 3387 virtute

577 3424 792 3494 faciebat
814 3425 1047 3495 prodigia
1070 3435 1116 3479 et
1145 3426 1291 3494 signa
1319 3442 1503 3495 magna
1534 3425 1585 3478 in
1616 3424 1825 3495 populo.

580 3518 632 3572 1.
665 3514 730 3570 1η
755 3519 1073 3571 ordinatione
1102 3519 1327 3588 Spiritus
1356 3529 1560 3573 sanctus
1590 3518 1805 3571 accedit.
1832 3547 1904 3559 -—
1930 3517 2087 3581 Vide,

508 3608 777 3678 quomodo
806 3612 945 3663 inter
972 3622 1177 3679 septem
1207 3611 1325 3664 illos
1349 3627 1484 3665 unus
1510 3610 1821 3679 praecellens
1838 3619 1998 3675 esset,
2028 3625 2091 3666 ac

511 3700 712 3769 primas
744 3709 969 3756 teneret.
997 3702 1111 3757 Etsi
1137 3702 1277 3756 enim
1309 3701 1576 3757 ordinatio
1598 3704 1898 3758 communis
1924 3712 2088 3770 esset,

509 3801 563 3845 at
597 3790 682 3845 hic
726 3791 981 3861 majorem
1025 3794 1249 3861 gratiam
1287 3794 1523 3849 attraxit.
1572 3796 1742 3847 Antea
1787 3810 1915 3849 vero
1940 3795 2091 3865 signa

508 3900 614 3939 non
660 3883 921 3946 faciebat.
953 3885 1047 3941 sed
1098 3887 1183 3940 ubi
1228 3885 1542 3941 manifestus
1588 3884 1726 3953 fuit;
1755 3888 2090 3943 ntostende-

510 3986 658 4031 retur
684 3994 788 4031 non
811 3978 978 4031 solam
1010 3981 1233 4049 gratiam
1256 3978 1504 4034 sufficere
1524 4023 1539 4042 ,
1577 3979 1670 4034 sed
1700 3981 2088 4035 ordinationem

516 4071 750 4139 requiri,
783 4080 838 4125 nt
867 4071 1099 4138 Spiritus
1124 4073 1364 4127 accessio
1395 4072 1500 4127 fiat.
1532 4072 1683 4141 Quod
1711 4075 1753 4127 si
1782 4085 1935 4128 antea
1967 4074 2089 4142 Spi-

511 4161 614 4215 ritu
661 4163 798 4231 pleni
849 4174 1034 4229 erant,
1076 4173 1130 4218 at
1180 4165 1231 4219 id
1285 4180 1314 4218 a
1358 4165 1590 4219 lavacro.
1644 4164 1698 4219 9.
1750 4164 2090 4219 Suri-exerunt

508 4262 674 4306 autem
712 4256 917 4323 quidam
952 4256 1014 4309 de
1046 4272 1327 4326 synagoga.
1383 4254 1883 4311 Consurrectionem
1934 4265 2090 4310 vocat

509 4346 977 4401 exacerbationem
1018 4359 1072 4402 et
1111 4349 1243 4401 iram
1288 4363 1495 4401 eorum.
1539 4347 1636 4402 llic
1677 4347 1797 4401 vide
1844 4358 2091 4417 magnam

511 4436 939 4499 multitudinem;
974 4438 1084 4492 imo
1113 4438 1270 4491 aliam
1296 4438 1650 4493 accusationis
1676 4437 1923 4495 formam.
1956 4439 2086 4495 Nam

512 4534 791 4596 postquam
832 4527 1091 4582 Gamaliel
1134 4528 1248 4583 illos
1293 4528 1645 4594 cohibuerat,
1691 4545 1757 4585 ne
1801 4531 1899 4584 hac
1935 4530 2002 4586 dc
2031 4548 2088 4586 re

508 4618 836 4684 incusarent,
865 4619 1021 4672 aliain
1052 4619 1311 4674 inducunt
1339 4622 1756 4676 accusationem.
1784 4641 1803 4674 ‹
1828 4621 2088 4677 Snrrexe--

507 4718 634 4765 runt
646 4722 843 4777 autem,
870 4711 1058 4781 inquit,
1083 4711 1297 4782 quidam
1316 4712 1383 4767 de
1405 4728 1695 4784 synagoga,
1721 4730 1839 4783 quae
1855 4716 2089 4783 appella-

511 4812 597 4857 tur
617 4802 1011 4857 Libertinornm
1029 4812 1084 4858 et
1099 4803 1483 4875 Cyrenensium
1503 4813 1556 4860 et
1574 4805 2084 4875 Alexandrinorum,

508 4904 564 4949 et
589 4911 772 4950 eorum
790 4896 877 4967 qui
898 4904 1050 4950 erant
1068 4911 1136 4951 ex
1155 4894 1337 4951 Cilicia
1360 4905 1416 4951 et
1437 4896 1578 4960 Asia,
1602 4896 1937 4967 diSputantcs
1964 4914 2084 4953 cum

506 4985 816 5056 Stephano;
853 4986 939 5042 10.
972 4995 1151 5042 etnon
1184 4997 1434 5057 poterant
1458 4989 1711 5043 resistere
1732 4991 2006 5057 sapientia:
2035 5000 2088 5047 et

509 5076 749 5145 Spiritui,
769 5077 862 5148 qui
890 5078 1222 5147 loquebatur.
1241 5081 1263 5131 i
1281 5078 1327 5131 l.
1348 5078 1497 5133 Tunc
1514 5079 1895 5134 summiserunt
1920 5081 2081 5147 viros,

508 5177 584 5237 qn
635 5168 877 5224 dicerent
924 5184 984 5224 se
1023 5169 1291 5235 audivisse
1319 5185 1439 5224 eum
1477 5170 1744 5225 dicentem
1778 5171 1937 5225 verba
1970 5173 2086 5226 bla-

508 5258 764 5329 sphemiae
793 5261 844 5315 in
874 5260 1110 5333 Moysem
1137 5268 1190 5316 et
1228 5261 1278 5315 in
1326 5262 1513 5317 Deum.
1546 5280 1566 5314 ι
1599 5261 1668 5317 Ut
1693 5263 2084 5318 accusationem

509 5352 808 5417 instituant,
836 5352 1034 5408 Contra
1063 5354 1249 5420 Deum,
1275 5355 1538 5423 inquiunt,
1562 5365 1616 5412 et
1642 5368 1824 5411 contra
1851 5357 2084 5429 Moysem

511 5443 763 5513 loquitur.
802 5444 927 5499 Ideo
964 5454 1142 5500 autem
1183 5446 1546 5515 disputabant,
1574 5457 1633 5502 ut
1670 5459 1924 5519 cogerent
1960 5466 2083 5505 eum

515 5533 712 5603 aliquid
758 5534 1019 5603 proferre.
1068 5535 1160 5592 Ille
1201 5552 1329 5591 vero
1371 5538 1571 5593 clarius
1627 5540 1982 5611 loquebatur,
2033 5551 2087 5595 et

508 5622 646 5679 forte
672 5626 801 5696 legis
828 5629 1179 5684 cessationem
1202 5636 1404 5684 tantum
1427 5628 1671 5695 dicebat;
1704 5632 1788 5686 vel
1817 5648 1919 5685 non
1942 5630 2085 5687 dicc-

510 5716 601 5771 bat
630 5718 843 5789 quidem
913 5721 1006 5777 sed
1037 5721 1355 5778 insinuabat.
1390 5720 1520 5777 Nam
1548 5723 1591 5776 si
1622 5723 1793 5794 palam
1822 5724 2044 5779 dixisset
2064 5764 2081 5789 ,

2210 3355 2314 3393 non
2341 3354 2474 3411 opus
2516 3343 2703 3400 fuisset
2731 3349 3035 3407 subornatis
3064 3355 3190 3409 viris
3228 3372 3322 3411 nec
3343 3357 3487 3413 falsis
3524 3363 3769 3417 testibus.

2201 3430 2435 3487 Diversae
2460 3446 2637 3491 autem
2660 3454 2944 3511 synagoga)
2965 3456 3139 3512 erant,
3169 3447 3555 3505 Libertinorum
3588 3464 3641 3507 et
3670 3456 3775 3525 Cy-

2198 3526 2529 3581 renensium.
2604 3529 2709 3584 Sed
2785 3534 3122 3604 Cyrenenses
3195 3542 3327 3595 ultra
3392 3544 3773 3601 Alexandriam

2197 3627 2356 3681 sunt,
2404 3620 2492 3687 qui
2520 3630 2575 3674 et
2616 3622 2724 3677 illic
2762 3640 2857 3695 per
2896 3640 3082 3697 gentes
3126 3646 3421 3704 synagogas
3467 3637 3771 3702 habebant;

2197 3722 2260 3762 ac
2298 3708 2433 3763 forte
2480 3710 2587 3767 illic
2630 3716 2959 3782 manebant,
3010 3736 3075 3774 ne
3101 3736 3241 3791 smpc
3266 3728 3497 3795 migrare
3522 3742 3775 3799 cogeren-

2201 3811 2329 3857 tur:
2380 3802 2637 3860 Libertini
2688 3820 2902 3871 autem,
2955 3813 3315 3871 Romanorum
3363 3820 3535 3874 liberti
3590 3834 3773 3885 erant.

2197 3902 2250 3945 et
2281 3894 2357 3947 sic
2381 3897 2897 3971 appellabantur(a).
2924 3901 2990 3958 Ut
3020 3914 3196 3959 autem
3229 3908 3297 3961 ibi
3332 3910 3481 3963 multi
3511 3914 3772 3982 peregrini

2199 3987 2540 4054 habitabant,
2590 3994 2659 4047 ita
2703 4005 2757 4048 et
2803 4011 3096 4067 synagogas
3142 4001 3440 4068 habebant,
3496 4006 3548 4058 in
3593 4010 3775 4076 quibus

2196 4082 2476 4150 oportebat
2495 4092 2549 4138 et
2574 4084 2830 4143 lectiones
2856 4099 2911 4143 et
2935 4092 3206 4149 orationes
3239 4096 3373 4149 fieri.
3405 4096 3481 4151 Tu
3504 4115 3634 4155 vero
3652 4102 3773 4155 mihi

2197 4175 2495 4244 perpendes
2524 4178 2703 4246 velim,
2741 4183 3008 4251 quomodo
3034 4194 3088 4239 et
3114 4184 3199 4240 hic
3220 4198 3436 4243 coactus
3464 4191 3665 4248 docere
3689 4208 3776 4248 co-

2197 4277 2370 4335 netur,
2399 4278 2453 4325 et
2483 4270 2557 4324 illi
2588 4287 2799 4328 rursum
2828 4275 2897 4329 ob
2925 4277 3070 4346 signa
3100 4294 3204 4332 non
3238 4281 3396 4335 modo
3423 4283 3489 4336 ad
3518 4284 3771 4339 invidiam

2195 4361 2548 4431 concitentur,
2576 4364 2670 4419 sed
2696 4367 2877 4434 etiam,
2907 4370 3028 4437 quia
3054 4372 3216 4425 verbo
3237 4375 3539 4441 superabat,
3563 4387 3621 4432 et
3641 4378 3773 4430 into-

2197 4452 2430 4508 lerabilis
2457 4458 2584 4525 ipsis
2612 4468 2746 4525 erat,
2766 4457 2927 4513 falsos
2952 4469 3113 4516 testes
3139 4466 3480 4520 constituant.
3512 4467 3772 4524 Nolebant

2194 4545 2335 4599 enim
2364 4546 2510 4601 illum
2539 4550 2653 4603 sine
2675 4564 2832 4604 causa
2857 4552 3122 4619 occidere,
3154 4555 3246 4610 sed
3273 4573 3394 4611 cum
3427 4559 3698 4629 suffragio,
3718 4568 3772 4612 nt

2194 4648 2248 4692 et
2271 4637 2467 4694 famam
2496 4640 2705 4696 illorum
2730 4643 2983 4700 [arderent
3006 4663 3020 4710 ;
3046 4657 3099 4701 et
3127 4649 3230 4702 illis
3257 4651 3453 4706 relictis
3477 4651 3541 4705 ad
3570 4654 3667 4707 hos
3686 4668 3767 4708 ve-

2194 4732 2366 4799 niunt,
2391 4744 2444 4787 ut
2477 4735 2554 4789 sic
2584 4736 2702 4792 illos
2722 4739 2881 4793 etiam
2910 4742 3404 4810 perterrefaeercnt.
3432 4744 3540 4800 Nec
3570 4749 3768 4813 dicunt,

2193 4826 2482 4897 Loquitur;
2506 4830 2623 4893 sed,
2657 4830 2778 4886 Non
2797 4844 2956 4887 cessat
2983 4835 3137 4906 loqui,
3170 4846 3227 4892 ut
3251 4843 3645 4897 accusationem
3677 4859 3770 4895 au-

2193 4930 2370 4990 geant.
2406 4921 2493 4975 l2.
2527 4941 2546 4975 ‹
2570 4923 2989 4981 Commoverunt
3013 4938 3189 4984 autem
3216 4932 3454 4987 seniores
3474 4942 3527 4988 et
3547 4935 3767 5000 scribas,

2192 5023 2246 5068 et
2285 5024 2665 5071 concurrentes
2706 5028 2995 5087 rapuerunt
3044 5021 3215 5088 illum,
3256 5032 3310 5077 et
3353 5025 3689 5080 adduxerunt
3719 5028 3767 5080 in

2192 5105 2495 5171 concilium,
2532 5106 2617 5161 l5.
2647 5118 2701 5162 et
2729 5117 3027 5165 statuerunt
3072 5111 3230 5167 falsos
3281 5123 3441 5170 testes
3463 5158 3478 5182 ,
3509 5120 3596 5187 qui
3622 5117 3765 5172 dicc-

2193 5206 2347 5250 rent:
2381 5197 2551 5252 Homo
2582 5198 2682 5254 iste
2707 5215 2809 5254 non
2841 5213 3016 5256 cessat
3044 5203 3183 5274 loqui
3216 5206 3376 5261 verba
3410 5206 3665 5263 adversus
3691 5209 3766 5261 lo-

2192 5304 2310 5344 cum
2334 5302 2573 5345 sanctum
2594 5301 2649 5347 et
2666 5293 2857 5363 legem.
2873 5315 2891 5347 »
2914 5296 3027 5350 Νοη
3042 5307 3235 5362 cessat,
3257 5300 3520 5370 inquiunt,
3542 5314 3596 5357 ut
3620 5303 3766 5356 illum

2196 5382 2247 5435 id
2272 5393 2555 5438 conantem
2591 5384 2845 5440 indicent.
2889 5389 2976 5442 M.
3010 5406 3029 5439 ι
3052 5390 3367 5445 Audivimus
3391 5395 3532 5447 enim
3563 5410 3681 5449 eum
3695 5395 3775 5447 di-

2190 5486 2416 5540 centem,
2437 5476 2694 5543 Quoniam
2718 5478 2870 5533 Jesus
2896 5478 3198 5535 Nazarenus
3223 5483 3307 5539 hic
3329 5484 3567 5541 destruet
3592 5487 3763 5541 locum

2193 5569 2349 5622 istum
2372 5610 2389 5636 ,
2412 5579 2466 5624 et
2489 5570 2712 5625 mutabit
2735 5572 3173 5640 consuetudines,
3206 5591 3337 5645 quas
3370 5577 3585 5632 tradidit
3616 5579 3767 5633 nobis

2254 5731 2326 5794 (α)
2350 5730 2581 5781 Libertini
2604 5731 2901 5781 vocabantur
2934 5733 2964 5781 ii
3000 5732 3081 5794 qui
3116 5730 3403 5782 libertorum
3438 5732 3521 5784 lilii
3546 5742 3703 5784 erant.
