4032 6212
517 382 622 440 ηις

516 502 738 554 ποιεῖτε.
771 492 978 551 Οὐκοῦν
1001 492 1030 544 6
1068 493 1143 564 μὴ
1166 494 1517 565 ὀργιζόμενος
1553 494 1617 546 οὑ
1648 493 1869 562 πάσχει.
1904 489 2091 561 Ὀρᾷς.

516 585 597 636 ὅτι
620 583 650 633 6
680 577 1031 649 ὑϐριζόμενος
1069 574 1131 629 ού
1181 576 1401 646 πάσχει,
1432 575 1549 630 ἀλλ’
1598 576 1627 628 6
1661 574 1915 645 ὑϐρίζων,
1956 573 2092 641 ὅπερ

516 665 653 735 ἔφην
686 662 780 715 καὶ
807 660 941 731 ἡδη;
978 660 1101 712 ’Ότι
1130 658 1239 729 γὰρ
1264 658 1485 727 πάσχει,
1521 656 1680 727 δῆλον
1718 657 1816 725 μὲν
1863 655 1957 707 καὶ
1981 652 2088 706 ἀπὸ

484 745 610 799 ’τοῦ
646 743 818 805 πάθος
864 740 1148 795 καλεῖσθαι
1197 740 1260 793 τὸ
1306 739 1569 804 τοιοῦτον,
1602 738 1762 803 δῆλον
1810 737 1866 789 δὲ
1900 736 1995 789 καὶ
2026 736 2089 787 ἐκ
2134 758 2137 761 ·

514 827 612 881 τοῦ
659 828 929 896 σώματος’
986 822 1158 876 ταῦτα
1214 821 1326 893 γάρ
1369 820 1478 874 ἀπὸ
1524 820 1695 889 ὀργῆς
1742 819 1983 870 τίκτεται
2024 817 2091 868 τά

514 910 692 980 πάθη,
743 905 1094 977 ἀμϐλυωπία,
1138 904 1512 975 παραπληξία,
1560 903 1657 955 καὶ
1709 901 1878 970 μυρία
1906 898 2090 968 ἐτερα.

529 988 691 1043 Ἀλλά
712 989 804 1042 τὸν
864 988 1026 1041 παῖδα
1074 986 1283 1056 ὕϐρισε,
1320 987 1505 1056 φησὶν,
1550 982 1688 1037 ἀλλὰ
1732 980 1823 1034 τὸν
1852 980 2090 1043 οἰκέτην.

517 1071 611 1141 Μὴ
631 1070 859 1141 νομίσῃς
891 1066 1029 1122 εἶναι
1079 1068 1363 1121 ἀσθένειαν
1387 1067 1447 1120 τὸ
1471 1067 1544 1137 μὴ
1579 1067 1674 1119 καὶ
1723 1064 1886 1126 αὐτὸς
1935 1062 2095 1114 τοῦτο

519 1154 766 1224 ποιῆσαι.
798 1154 931 1206 Εἱπέ
958 1154 1066 1223 γάρ
1118 1170 1229 1223 μοι,
1276 1149 1455 1214 καλῶς
1504 1150 1767 1219 γέγονεν;
1796 1149 1909 1201 Οὐκ
1939 1141 2093 1215 οἶμαι

519 1236 714 1289 εἰπεῖν’
752 1235 948 1289 οὐκοῦν
995 1236 1070 1306 μὴ
1100 1236 1333 1305 ποιήσῃς
1366 1233 1426 1286 τὸ
1460 1232 1534 1304 μὴ
1581 1231 1759 1293 καλῶς
1787 1229 2090 1297 γινόμενον.

520 1316 652 1372 οἴδα
674 1313 781 1372 οἷαι
802 1319 860 1370 ὲν
878 1321 994 1382 τοῖς
1013 1318 1275 1380 τοιούτοις
1300 1318 1353 1368 αἱ
1375 1316 1534 1385 ὀργαὶ
1565 1314 1860 1367 τίκτονται.
1894 1312 1958 1363 Τί
1978 1306 2092 1375 οῦν,

521 1402 590 1456 ἂν
621 1404 955 1472 καταφῳνῇ,
986 1402 1171 1470 φησιν,
1203 1401 1269 1454 ἂν
1290 1400 1452 1453 πάλιν
1482 1399 1640 1471 εἴπῃς
1677 1395 1956 1463 Ἔλεγξον,
1977 1395 2095 1446 ἐπι-

521 1484 773 1553 τίμησον,
806 1483 1206 1553 παρακάλεσονο
1238 1481 1503 1553 πραότητι
1528 1478 1664 1551 ὀργὴ
1692 1478 1895 1531 λύεται⁶
1925 1492 2094 1546 προσ-

523 1567 693 1622 ελθὼν
724 1566 1037 1635 ἐγκάλεσον.
1072 1564 1241 1636 ’Υπὲρ
1278 1564 1373 1633 μὲν
1399 1565 1509 1632 γὰρ
1536 1562 1643 1614 τῶν
1677 1563 1755 1624 εἰς
1803 1559 1947 1630 ἡμᾶς
1977 1556 2096 1610 οὑδέ

523 1647 683 1701 τοῦτο
730 1651 907 1702 ποιεῖν
937 1648 1063 1717 χρὴ,
1111 1647 1250 1717 ὑπὲρ
1279 1646 1333 1699 δὲ
1380 1646 1489 1698 τῶν
1517 1642 1841 1706 ἄλλων,κώ
1885 1640 2097 1709 ἀνάγκη

524 1731 683 1784 τοῦτο
711 1732 775 1803 δὴ
808 1730 999 1784 ποιεῖν,
1028 1728 1118 1799 Μὴ
1149 1731 1284 1782 ἰδίαν
1312 1727 1468 1799 ῦϐριν
1492 1726 1718 1795 νομίσῃς
1742 1723 1803 1777 τὸ
1826 1723 1915 1777 τὸν
1938 1720 2099 1773 παῖδα

526 1813 869 1884 ὑϐρισθῆναν
898 1813 1002 1866 κᾶν
1037 1812 1209 1883 ἀλγῇς
1259 1811 1398 1879 ὑπὲρ
1435 1808 1664 1871 ἐκείνου,
1705 1807 1784 1878 μὴ
1836 1805 1909 1867 ὡς
1940 1803 2100 1864 αὐτὸς

529 1897 826 1967 ὑϐρισθείς·
851 1898 911 1949 ού
942 1896 1049 1967 γάρ
1074 1894 1259 1964 ἐπειδὴ
1279 1895 1306 1946 6
1334 1896 1458 1955 παῖς
1490 1889 1675 1952 κακῶς
1698 1887 1919 1953 ἔπαθεν,
1943 1886 2093 1956 ὑϐρί-

529 1980 663 2050 σθης
695 1980 781 2044 σὺ,
805 1978 916 2031 ἀλλ’
946 1978 974 2031 6
1002 1978 1236 2047 ποιήσας
1258 1974 1465 2037 κακῶς.
1489 1975 1690 2026 Σϐέσον
1709 1971 1805 2042 τὴν
1829 1971 2101 2041 μάχαιραν

526 2062 626 2133 τὴν
660 2062 858 2126 ὀξεῖαν,
900 2062 957 2112 ἐν
982 2063 1047 2131 τῇ
1101 2060 1243 2131 θήκῃ
1271 2058 1493 2111 κείσθω.
1530 2059 1627 2109 Ἂν
1672 2055 1882 2124 ἔχωμεν
1933 2051 2103 2122 αὐτὴν

528 2144 763 2214 γυμνὴν,
796 2143 1054 2204 πολλάκις
1083 2143 1174 2195 καὶ
1202 2144 1301 2193 οὐκ
1337 2140 1487 2203 όντος
1519 2136 1712 2209 καιροῦ
1763 2133 2099 2206 χρησόμεθα,

528 2226 881 2297 ἐφελκόμενοι
937 2227 1029 2279 ὑπ’
1076 2226 1265 2295 αύτῆςο
1298 2224 1363 2277 ἂν
1414 2223 1469 2276 δὲ
1594 2217 1970 2290 κεκρυμμένη,
2001 2218 2103 2271 κᾶν

528 2310 688 2381 χρεία
718 2310 961 2378 γένηται,
994 2308 1349 2378 σϐεσθήσεται
1388 2307 1421 2374 ἡ
1458 2305 1618 2375 ὀργή.
1658 2300 1827 2372 ’Υπὲρ
1855 2299 2019 2355 αὑτοῦ
2042 2300 2102 2381 οὑ

532 2380 780 2461 βούλεται
804 2392 949 2460 ἡμᾶς
971 2389 1285 2459 ὀργίζεσθαι
1308 2390 1335 2441 6
1368 2386 1600 2457 Χριστὸς
1627 2386 1880 2456 (ἄκουσον
1911 2382 2019 2453 γὰρ
2052 2380 2103 2434 τί

531 2489 665 2543 φησι
703 2472 839 2540 πρὸς
864 2471 953 2524 τὸν
980 2472 1206 2539 Πέτρον·
1242 2469 1648 2535 Ἀπόστρεψον
1665 2466 1781 2533 τὴν
1800 2463 2105 2533 μάχαιράν

532 2553 813 2627 [125]0'ov
835 2551 1047 2619 είς-τὴν
1061 2550 1297 2621 θήκην-Υ
1320 2551 1413 2604 καὶ
1430 2552 1493 2603 σὺ
1519 2548 1658 2620 ὑπὲρ
1682 2547 1865 2610 παιδὸς
1883 2547 2098 2618 ὀργίςῃ;

529 2636 749 2701 Δίδαξω
778 2636 871 2690 καὶ
893 2635 982 2687 τὸν
1013 2635 1177 2687 παῖδα
1228 2633 1553 2702 φιλοσοφεῖν·
1583 2631 1702 2684 εἰπέ
1728 2629 1873 2699 αύτῷ
1905 2629 1973 2681 τὰ
2008 2627 2101 2681 τοῦ

530 2718 797 2772 Δεσπότου
834 2715 1152 2786 παθήματα·
1193 2714 1428 2785 μίμησαί
1490 2729 1583 2767 σου
1615 2713 1706 2765 τὸν
1755 2710 2101 2764 Διδάσκαλον.

532 2801 661 2854 Ὅτε
700 2800 923 2872 ἔμελλον
950 2800 1043 2853 καί
1064 2798 1216 2853 αὐτοὶ
1263 2796 1641 2866 ἀτιμάζεσθαι,
1673 2795 1772 2849 ούκ
1825 2789 1997 2857 εἶπεν,
2024 2794 2105 2846 ὅτι

543 2882 863 2954 Ἐκδικήσωο
896 2882 1030 2935 ἀλλά
1059 2880 1148 2948 τί;
1188 2880 1325 2950 Ἦμέ
1343 2880 1619 2945 ἐδίωξαν,
1650 2880 1749 2933 καί
1796 2878 1951 2948 ὑμᾶς
1979 2877 2107 2930 διώ-

533 2968 768 3031 ξουσιν.
802 2965 1012 3019 Οὐκοῦν
1046 2964 1240 3034 φέρετε
1263 2964 1548 3030 γενναίως⁶
1583 2963 1643 3014 οὕ
1683 2962 1791 3031 γάρ
1813 2959 1947 3030 ἐμοῦ
1985 2960 2105 3029 βελ-

530 3048 678 3111 τίους
701 3048 876 3118 ὑμεῖς.
904 3046 1088 3100 Ταῦτα
1112 3046 1286 3099 καὶσὺ
1317 3045 1451 3115 πρὸς
1470 3045 1562 3097 τὸν
1582 3044 1696 3096 υἱὸν
1718 3045 1810 3096 καί
1832 3043 1922 3095 τὸν
1947 3042 2107 3094 παῖδα

532 3133 674 3186 εἱπέ’
708 3134 821 3185 Οὑκ
846 3128 897 3185 εἰ
914 3131 1006 3184 τοῦ
1030 3130 1300 3183 Δεσπότου
1337 3146 1429 3181 σου
1454 3126 1697 3197 βελτίων.
1742 3124 1904 3176 ’Δλλά
1932 3124 2107 3193 χήρας

533 3212 674 3270 εἶναι
699 3214 943 3267 δοκεῖτά
998 3214 1219 3283 ῥήματα
1275 3210 1376 3280 τῆς
1410 3207 1750 3279 φιλοσοφίας.
1806 3204 1985 3275 Οίμοι,
2025 3205 2107 3256 ὅτι

534 3300 681 3368 λόγῳ
712 3296 1060 3367 παραστῆσαι
1091 3294 1191 3348 οὐκ
1214 3292 1314 3357 ἔνι,
1350 3292 1428 3354 ὡς
1461 3289 1567 3345 ὑπὸ
1590 3290 1691 3359 τῆς
1718 3287 1910 3358 πείρας
1941 3286 2109 3355 αὐτῆς

536 3367 848 3450 διδαχθῆναι
869 3376 1065 3430 ἔνεστι.
1089 3376 1197 3429 Καὶ
1218 3375 1307 3429 ἵνα
1337 3373 1536 3445 μάθῃς,
1560 3374 1617 3426 ἐν
1648 3371 1795 3441 μέσῳ
1819 3370 1910 3422 δύο
1939 3367 2111 3431 ἑστὼς

537 3460 973 3533 διαμαχομένων,
1015 3458 1173 3529 γενοῦ
1201 3458 1300 3528 τῆς
1333 3456 1547 3527 μερίδος
1587 3454 1697 3507 τῶν
1719 3452 2106 3522 ἀδικουμένων,

541 3546 634 3598 καί
658 3545 731 3615 μὴ
756 3544 862 3597 τῶν
891 3543 1237 3607 ἀδικούντων,
1271 3541 1337 3594 ἂν
1367 3539 1441 3611 μὴ
1479 3537 1629 3610 παρά
1652 3536 1832 3605 σαυτῷ
1862 3534 1930 3587 τὰ
1954 3550 2108 3603 νικηο

538 3629 702 3699 τὴρια
722 3628 857 3698 ῐδῃς,
890 3626 956 3679 ἂν
983 3625 1057 3695 μὴ
1088 3625 1373 3695 λαμπροὺς
1394 3621 1565 3693 λάϐῃς
1597 3621 1910 3688 στεφάνους.
1946 3619 2107 3686 Ὅρα.

540 3712 660 3775 πῶς
694 3709 975 3780 ὑϐρίζεται
1004 3710 1032 3761 6
1058 3707 1211 3771 Θεὸς,
1248 3706 1343 3759 καὶ
1372 3703 1488 3767 πῶς
1541 3702 1894 3771 ἀποκρίνεται
1925 3700 2111 3771 πράως

541 3796 635 3848 καὶ
666 3794 907 3863 ἡμέρως.
958 3791 1081 3845 Ποῦ
1130 3790 1284 3852 ἐστι,
1325 3789 1511 3859 φησὶν,
1565 3788 1745 3841 Ἀϐελ
1789 3788 1822 3839 ὀ
1850 3783 2111 3851 ἁδελφός

541 3890 659 3929 σου
681 3891 699 3938 ;
733 3874 841 3927 Καὶ
866 3874 919 3927 τί
947 3876 1184 3937 ἐκεῖνος;
1212 3871 1309 3939 Μὴ
1330 3869 1533 3941 φύλαξ
1551 3866 1664 3938 ἐγώ
1683 3870 1798 3937 εἰμι
1816 3866 1919 3920 τοῦ
1934 3866 2112 3920 ἀδελ-

542 3958 662 4026 φοῦ
679 3972 836 4027 μους
868 3955 933 4009 Τί
963 3954 1356 4024 αὐθαδέστερον
1377 3952 1596 4016 τούτους
1628 3948 1730 4003 κᾶν
1749 3950 1896 4018 παρά
1912 3963 1973 4015 γε
1995 3944 2111 4000 υἱοῦ

543 4040 775 4109 ἤκουσεν
794 4038 858 4092 ἄν
884 4054 999 4102 τις;
1032 4038 1079 4089 εἰ
1104 4034 1212 4106 γάρ
1244 4032 1394 4105 παρά
1440 4029 1693 4102 ἀδελφοῦ,
1728 4033 1828 4100 οὑχ
1866 4031 2020 4100 ὕϐριν
2048 4028 2115 4082 ἃν

543 4122 787 4192 ἡγήσατο
834 4121 896 4173 τὸ
932 4119 1201 4189 πρᾶγμας
1268 4116 1408 4170 Ἀλλ’
1439 4116 1468 4168 6
1495 4115 1626 4176 Θεὸς
1680 4112 1844 4165 πάλιν
1896 4110 2116 4181 ἡμέρως

547 4206 922 4273 ἀποκρίνεται·
973 4200 1146 4267 Φωνὴ
1200 4198 1447 4266 αἵματος
1492 4195 1599 4248 τοῦ
1647 4192 1913 4261 ἀδελφοῦ
1963 4206 2113 4255 σου⁹

546 4287 700 4355 φησι,
725 4283 847 4350 ,βοᾷ
883 4283 1027 4350 πρός
1050 4298 1146 4350 με.
1188 4279 1325 4332 Ἀλλ’
1345 4282 1374 4332 6
1400 4278 1529 4341 Θεὸς
1558 4274 1826 4346 άνώτερός
1853 4275 2001 4327 ἐστιν
2022 4273 2116 4344 69-

544 4367 672 4435 γῆς,
700 4367 883 4435 φησίν.
924 4364 1087 4417 Ἀλλά
1120 4363 1208 4417 διὰ
1234 4361 1393 4414 τοῦτο
1450 4357 1720 4428 κατῆλθεν
1751 4358 1779 4409 6
1837 4355 1932 4410 τοῦ
1980 4355 2153 4410 Θεοῦ¹¹

548 4447 698 4511 Υἰὸς,
728 4448 815 4499 ἵνα
842 4446 900 4498 σε
922 4445 1042 4498 θεὸν
1073 4446 1274 4516 ποιήσῃ
1302 4441 1445 4495 κατά
1465 4440 1693 4510 δύναμιν
1714 4437 1812 4510 τὴν
1842 4438 2117 4508 ἀνθρωπί-

546 4545 666 4597 νην.
700 4527 839 4581 Ἀλλ’
871 4527 931 4579 οὐ
967 4526 1218 4595 δύναμαι,
1268 4525 1454 4594 φησὶν,
1485 4522 1767 4593 ἅνθρωπος
1794 4518 1887 4572 ὥν.
1912 4518 2119 4571 Οὐκοῦν

550 4610 681 4684 φέρε
703 4609 1021 4678 ἀνθρώπους
1056 4626 1136 4663 σοι
1162 4608 1588 4678 παραγάγωμεν.
1616 4604 1725 4657 Καὶ
1762 4604 1834 4675 μή
1871 4620 1937 4671 με
1963 4602 2115 4672 νομί-

582 4707 648 4765 ῃς
688 4692 895 4745 Παῦλον
924 4694 1065 4762 ἐρεῖν
1091 4691 1223 4761 μηδέ
1248 4692 1471 4760 Πέτρον,
1499 4687 1636 4742 ἀλλά
1657 4703 1808 4748 τινας
1833 4684 1940 4738 τῶν
1962 4684 2116 4737 ἐλατ-

547 4776 716 4828 τόνων
739 4776 831 4828 καὶ
864 4774 1066 4844 σφόδρα
1090 4774 1401 4843 κατωτέρω.
1427 4772 1500 4826 T6
1526 4770 1812 4841 παιδάριον
1845 4768 1992 4821 Ἦλεὶ
2017 4769 2116 4837 τὴν

553 4858 749 4910 ’Ἅνναν
778 4855 966 4927 ὕϐρισε
1018 4856 1196 4925 λέγονο
1233 4855 1516 4924 Περωλοῦ
1563 4853 1670 4906 τὸν
1692 4844 1861 4905 οἶνόν
1888 4864 2023 4905 σου.
2053 4849 2123 4900 Τί

546 4940 740 4995 τούτου
795 4939 1290 5011 ὑϐριστικώτερονς
1346 4939 1410 4991 Τί
1442 4932 1534 4991 οὖν
1568 4935 1783 5004 ἐκείνη;
1827 4931 1996 4999 Γυνὴ
2050 4932 2120 4985 ἐν

549 5022 787 5091 σκληρᾷ
815 5022 1004 5091 ἡμέρᾳ
1028 5021 1140 5092 ἐγώ
1176 5023 1311 5090 ειμι.
1343 5019 1507 5073 Οὐδὲν
1535 5019 1702 5079 ὅντως
1732 5015 1960 5085 θλίψεως
1982 5015 2115 5068 ἴσον·

550 5106 865 5175 φιλοσοφίας
919 5108 1102 5176 μήτηρ
1133 5105 1302 5158 ἐστίν.
1341 5103 1408 5156 Ἦ
1470 5102 1607 5170 αὐτὴ
1636 5100 1693 5152 δέ
1726 5097 1865 5165 αῦτη
1895 5098 1990 5150 καὶ
2021 5097 2119 5166 τὴν

550 5188 832 5257 ἀντίζηλον
891 5189 1061 5257 αὐτῆς
1093 5187 1311 5257 ἔχουσα,
1366 5185 1462 5255 οὐχ
1488 5183 1711 5254 ὕϐρισεν
1764 5181 1952 5249 αὑτήν·
1983 5177 2120 5231 ἀλλά

550 5269 638 5331 τίς
668 5270 813 5338 Πρὸς
847 5270 937 5323 τὸν
991 5270 1123 5323 Θεὸν
1182 5268 1537 5336 καταφεύγει,
1571 5264 1664 5317 καί
1697 5261 1963 5332 εὐχομένη
1999 5260 2119 5313 οὐδὲ

556 5350 824 5422 μέμνηται
850 5353 1039 5420 αὐτῆς,
1082 5351 1201 5403 οὐδὲ
1230 5351 1400 5417 λέγει,
1444 5347 1660 5417 Ἐπειδὴ
1699 5343 1946 5406 ὀνειδίζει
1980 5358 2047 5411 με
2082 5343 2114 5412 ἡ

550 5434 715 5496 δεῖνα,
747 5433 1023 5502 ἐπάμυνόν
1053 5449 1165 5502 μοι·
1198 5432 1341 5485 οῦτω
1364 5431 1651 5499 φιλόσοφος
1681 5423 1746 5495 ἦν
1776 5428 1808 5496 ἡ
1844 5423 1979 5494 γυνὴ
2006 5423 2115 5487 (αἰο

553 5514 869 5586 σχυνθῶμεν
897 5516 944 5568 οἰ
970 5514 1204 5585 ἀνδρες)·
1257 5514 1431 5567 καίτοι
1468 5512 1579 5565 ἴστε
1608 5553 1621 5578 ,
1682 5510 1762 5563 ὅτι
1812 5507 1971 5579 ζήλου
2007 5506 2118 5560 ῖσον

553 5598 723 5651 οὐδέν.

624 5766 685 5811 5'.
728 5758 788 5811 '0
824 5758 1059 5827 τελώνης
1081 5756 1357 5829 ὑϐρισθεὶς
1383 5759 1531 5825 παρὰ
1559 5755 1651 5808 τοῦ
1676 5753 1990 5824 Φαρισαίου.
2022 5752 2120 5805 οῦκ

556 5839 876 5911 ὰνθύϐρισε,
907 5842 1081 5895 καίτοι
1134 5858 1219 5908 γε,
1269 5839 1317 5891 εί
1368 5838 1637 5898 ἐϐούλετο,
1681 5837 1943 5903 ἡδύνατο’
1986 5834 2120 5887 ἀλλὰ

560 5921 859 5993 φιλοσόφως
907 5925 1101 5995 ἡνεγκε
1135 5922 1325 5988 λέγων’
1368 5916 1661 5984 ’ἱλάσθητί
1691 5934 1791 5986 μοι
1828 5914 1900 5980 τῷ
1935 5916 2118 5985 ἀμαρ-

1150 379 1210 434 S.
1247 378 1534 436 JOANNIS
1569 376 2064 435 CHRYSOSTOMI
2102 373 2432 431 ARCHIEP.
2473 373 3015 434 CONSTANTINOP.

3662 376 3772 432 ιοο

2189 486 2375 553 tum.
2415 489 2474 543 '0
2514 489 2849 559 Μεμφιϐἀαλ
2881 490 2987 544 ὑπὸ
3022 488 3114 544 τοῦ
3152 487 3339 543 δούλου
3373 488 3776 559 κατηγορηθεὶς

2192 570 2286 622 καί⁵
2316 572 2778 642 συκοφανηθείς,
2808 572 2959 627 οὐδὲν
2998 570 3119 625 οὕτε
3158 566 3343 633 εἶπεν,
3383 568 3508 625 οὕτε
3536 568 3777 641 ἔπραξεν

2195 653 2275 715 εἰς
2304 652 2466 706 αὐτόν
2488 670 2542 707 τι
2572 655 2805 727 πονηρὸν
2825 668 2875 719 ⁸,
2901 655 3023 708 οὐδὲ
3052 655 3146 708 ἐπὶ
3169 654 3263 707 τοῦ
3295 653 3555 724 βασιλέως
3580 652 3773 705 αὑτοῦ.

2195 734 2383 787 Βούλει
2439 735 2533 787 καί
2583 736 2788 807 πόρνης
2826 735 3055 790 ἀκοῦσαι
3114 735 3465 805 φιλοσοφίαν;
3503 735 3777 787 Ἀκουσον

2192 815 2287 869 τοῦ
2322 818 2557 887 Χριστοῦ
2595 818 2878 887 λέγοντος,
2918 819 3082 889 ἡνίκα
3111 822 3228 882 ταῖς
3255 818 3426 889 θριξὶν
3448 817 3617 886 αὐτῆς
3644 818 3778 879 τοὺς

2196 898 2358 961 πόδας
2384 900 2487 952 ἀπέ
2498 914 2671 969 μασσε
2692 918 2706 931 ·
2759 898 3009 955 Τελῶναι
3035 901 3132 953 καὶ
3160 902 3372 968 πόρναι
3399 900 3779 968 προάγουσιν

2194 979 2349 1048 ὑμᾶς
2370 984 2459 1047 εἰς
2484 985 2596 1049 τὴν
2629 984 2972 1047 βασιλείαν.
3006 978 3157 1046 Εἰδες
3194 983 3362 1052 αὐτὴν
3392 978 3635 1034 ἑστῶσαν
3677 982 3776 1034 καὶ

2193 1062 2534 1133 δακρύουσαν
2560 1100 2574 1127 ,
2606 1064 2701 1117 καὶ
2727 1065 2794 1117 τά
2821 1067 2995 1118 οἰκεῖα
3038 1066 3411 1135 ἁμαρτήματα
3437 1062 3777 1133 ἀπολουομέ-

2194 1161 2325 1214 νην;
2361 1146 2521 1215 Ὅρα,
2547 1147 2663 1208 πῶς
2691 1148 2784 1199 καὶ
2809 1148 2944 1219 πρὸς
2970 1147 3060 1201 τὸν
3077 1150 3368 1217 Φαρισαῖον
3392 1149 3491 1199 οῦκ
3521 1145 3775 1217 ὠργίσθη

2195 1226 2557 1299 ὀνειδιζομένη
2578 1244 2591 1258 ·
2623 1231 2672 1282 εἰ
2704 1230 2817 1300 ᾔδει
2840 1230 2966 1300 γὰρ,
2999 1232 3183 1300 φησὶν,
3216 1230 3299 1283 ὅτι
3328 1229 3645 1300 ἁμαρτωλός
3679 1229 3777 1280 ἐσ-

2197 1327 2279 1363 τιν
2305 1310 2440 1381 αῦτη
2483 1312 2516 1381 ἡ
2539 1312 2697 1382 γυνὴ,
2718 1314 2818 1365 ούκ
2844 1313 2913 1367 ἂν
2941 1314 3120 1366 εἴασεν
3154 1313 3344 1380 αύτὴν.
3379 1312 3488 1364 Καὶ
3517 1312 3617 1364 οῦκ
3646 1307 3775 1363 εἷπε

2200 1391 2335 1462 πρὸς
2354 1394 2512 1446 αὐτόν
2532 1412 2545 1425 ·
2573 1395 2639 1446 Τί
2662 1396 2802 1464 γάρ;
2828 1395 2950 1446 εἰπέ
2974 1411 3061 1464 μοι
3078 1411 3092 1427 ο
3117 1396 3180 1448 σὺ
3205 1394 3441 1462 καθαρὸς
3462 1394 3568 1447 ἀπὸ
3589 1395 3777 1463 ἀμαρ-

2198 1474 2456 1543 τημάτων
2494 1470 2577 1540 εῑ;
2613 1475 2762 1547 μεθ]
2795 1476 2931 1528 ἀλλά
2979 1475 3139 1528 πλέον
3172 1475 3398 1544 ἔπασχε,
3442 1475 3600 1533 πλέον
3629 1475 3775 1527 ώδύ-

2205 1573 2324 1626 ρετο
2358 1557 2451 1609 καί
2481 1556 2783 1628 θερμότερα
2808 1558 2876 1611 τά
2905 1557 3113 1627 δάκρυα
3140 1557 3308 1626 ἠφίει.
3345 1557 3485 1609 Εἰδέ
3515 1560 3779 1624 γυναῖκες

2200 1639 2294 1692 καὶ
2326 1638 2549 1692 τελῶναι
2584 1639 2677 1692 καὶ
2710 1640 2904 1711 πόρναι
2936 1640 3302 1709 φιλοσοφοῦσι,
3343 1641 3435 1693 καὶ
3466 1639 3639 1699 ταῦτα
3668 1639 3780 1709 πρὸ

2200 1721 2299 1790 τῆς
2320 1722 2563 1791 χάριτος,
2592 1720 2737 1785 τίνος
2768 1722 3001 1793 ἐσόμεθα
3021 1724 3178 1791 ἡμεῖς
3195 1722 3223 1761 ι»
3255 1720 3395 1786 ἄξιοι
3418 1722 3779 1791 συγγνώμης,

2206 1804 2343 1871 μετά
2376 1802 2473 1872 τὴν
2524 1802 2792 1873 τοσαύτην
2845 1805 3006 1873 χάριν
3035 1803 3240 1873 θηρίων
3294 1802 3493 1874 μᾶλλον
3542 1803 3776 1856 ἐκπολε-

2210 1883 2306 1956 μού
2315 1898 2482 1955 μενοι,
2504 1881 2787 1947 δάκνοντες
2814 1885 2907 1938 καί
2933 1884 3310 1951 λακτίζοντες

2275 2082 2441 2136 Ούδέν
2467 2084 2813 2154 αἰσχρότερον
2844 2083 3038 2155 θυμοῦ,
3066 2082 3219 2138 οὐδὲν
3251 2085 3589 2153 ἀτιμότερον,
3621 2083 3780 2137 οὐδὲν

2203 2162 2498 2237 δεινότερον
2519 2206 2532 2229 ,
2574 2166 2723 2217 οὐδὲν
2756 2165 3110 2235 ἀηδέστερον.
3144 2164 3294 2218 οὐδὲν
3344 2163 3776 2236 βλαϐερώτερον.

2205 2246 2387 2301 Ταῦτα
2412 2247 2575 2316 λέγω,
2606 2248 2702 2317 ούχ
2742 2248 2828 2301 ἵνα
2863 2247 2995 2318 πρὸς
3032 2248 3230 2318 ἄνδρας
3261 2241 3409 2317 ὦμεν
3433 2249 3631 2317 ἥμεροι
3680 2248 3781 2316 μό-

2206 2347 2326 2394 νον,
2374 2330 2509 2383 ἀλλά
2542 2329 2644 2383 κᾶν
2674 2330 2812 2399 γυνὴ
2845 2329 3003 2391 λάλος
3040 2326 3095 2401 ᾖ,
3126 2332 3214 2382 ἵνα
3262 2330 3463 2403 φέρῃςο
3514 2330 3654 2382 ἐστω
3693 2347 3780 2382 σοι

2205 2412 2513 2482 παλαίστρα
2546 2412 2636 2464 καί
2677 2412 2972 2481 γυμνάσιον
2994 2414 3027 2480 ἡ
3058 2412 3217 2481 γυνή.
3245 2411 3364 2473 Πῶς
3388 2410 3496 2480 γὰρ
3526 2412 3628 2464 οὑκ
3653 2412 3780 2465 ἆτο-

2206 2512 2323 2557 πον,
2352 2496 2626 2563 γυμνάσια
2658 2496 2759 2565 μὲν
2789 2493 3139 2565 ἀναδέχεσθαι
3162 2494 3314 2547 οὐδὲν
3340 2494 3528 2564 κέρδος
3561 2493 3779 2564 ἔχοντα,

2204 2576 2331 2629 ἔνθα
2359 2576 2612 2646 θλίϐομεν
2639 2576 2699 2628 τὸ
2742 2577 2921 2646 σῶμα⁹
2950 2576 3227 2646 γυμνάσια
3260 2576 3316 2629 δὲ
3369 2578 3443 2647 μὴ
3495 2580 3668 2628 ποιεῖν
3699 2574 3783 2628 οἴ-

2204 2660 2358 2724 καδε,
2413 2660 2506 2712 καί
2545 2657 2649 2730 πρὸ
2703 2660 2814 2712 τῶν
2863 2658 3091 2727 ἀγώνων
3140 2658 3400 2727 στέφανον
3446 2659 3576 2727 ἡμῖν
3631 2675 3778 2727 παρ⁸

2204 2740 2424 2810 έχοντα;
2450 2739 2740 2813 ’Υϐρίζειὴ
2762 2741 2896 2812 γυνή
2920 2759 2934 2807 ;
2966 2740 3057 2813 Μὴ
3080 2740 3210 2813 γένῃ
3236 2743 3298 2795 σὺ
3322 2742 3458 2812 γυνὴ
3478 2758 3491 2771 ·
3516 2742 3782 2808 γυναικῶο

2204 2823 2290 2887 δες
2320 2828 2427 2896 γὰρ
2465 2826 2524 2878 τὸ
2571 2827 2842 2897 ὑϐρίζειν·
2891 2826 3045 2889 νόσος
3089 2827 3205 2879 ἐστί
3247 2824 3447 2895 ψυχῆς,
3490 2825 3781 2895 ἐλάττωμά

2206 2906 2340 2959 ἐστι.
2390 2907 2481 2977 Μὴ
2508 2908 2733 2979 νομίσῃς
2782 2907 2999 2972 ἀνάξιόν
3036 2923 3128 2960 σου
3175 2904 3312 2960 εἶναι
3338 2947 3354 2970 ,
3396 2909 3588 2979 ὅτανὴ
3640 2909 3782 2980 γυνὴ

2208 2987 2425 3057 ὑϐρίσῃ.
2467 2988 2727 3053 Ἀνάξιον,
2783 2990 2912 3043 ὅταν
2971 2989 3034 3041 σὺ
3088 2990 3186 3059 μὲν
3222 2989 3476 3060 ὑϐρίζῃς,
3508 2990 3690 3060 ἐκείνη
3718 2991 3780 3045 δὲ

2208 3068 2504 3140 φιλοσοφῇο
2557 3071 2677 3124 τότε
2728 3071 3076 3140 ἀσχημονεῖς,
3099 3071 3222 3124 τότε
3280 3072 3575 3142 ὑϐρίσθηςο
3609 3072 3676 3125 ἂν
3721 3072 3782 3126 δὲ

2209 3151 2483 3220 ὑϐρισθεὶς
2512 3154 2759 3225 ἐνέγκῃς,
2793 3157 2891 3222 τῆς
2916 3153 3094 3223 ἰσχύος
3124 3154 3226 3224 τῆς
3256 3155 3354 3224 σῆς
3388 3154 3555 3225 πολλὴ
3584 3156 3616 3224 ἡ
3654 3156 3779 3207 ἐπί-

2206 3233 2389 3299 δειξις.
2430 3236 2503 3287 Οὐ
2552 3234 2648 3298 τὰς
2679 3239 2943 3303 γυναῖκας
2974 3237 3183 3305 ἐνάγων
3233 3239 3313 3301 εἰς
3351 3238 3565 3308 ὕϐρεις,
3605 3239 3784 3293 ταῦτα

2207 3314 2381 3382 λέγω*
2428 3317 2500 3388 μὴ
2550 3317 2788 3383 γένοιτο·
2828 3317 2941 3370 ἀλλ’
2984 3320 3037 3372 εί
3060 3337 3159 3371 που
3209 3320 3302 3372 καὶ
3356 3319 3592 3388 συμϐαίη
3639 3321 3785 3373 κατα

2211 3399 2501 3467 σατανικὴν
2538 3398 2879 3470 περίστασιν,
2919 3400 3006 3454 ἵνα
3047 3402 3273 3471 φέρητε.
3312 3400 3543 3470 ’Δνδρῶν
3576 3403 3694 3454 ἐστι
3719 3402 3785 3454 τὸ

2209 3478 2393 3548 φέρειν
2419 3478 2524 3532 τῶν
2557 3478 2791 3551 ἰσχυρῶν
2819 3481 2943 3545 τοὺς
2965 3481 3227 3544 ἀσθενεῖς,
3260 3482 3377 3535 Κᾶν
3407 3482 3621 3550 οἰκέτης
3653 3483 3776 3534 ἀντ-

2210 3560 2376 3630 είπῃ,
2408 3556 2769 3631 φιλοσόφησον
2806 3562 2869 3615 σύ
2893 3582 2907 3596 ο
2950 3563 3046 3635 μὴ,
3109 3564 3162 3616 τί
3207 3566 3413 3627 ἐκεῖνος
3454 3562 3599 3627 ἄξιός
3630 3563 3785 3617 ἐστιν

2210 3641 2461 3705 ἀκοῦσαι,
2490 3640 2649 3715 είπῃς
2680 3642 2712 3713 ἡ
2738 3643 2971 3716 πράξῃς,
3000 3643 3133 3697 ἀλλά
3160 3646 3211 3697 τί
3240 3644 3319 3698 δεῖ
3342 3660 3399 3697 σε
3433 3647 3525 3697 καί
3560 3648 3787 3715 ποιῆσαι

2212 3724 2306 3777 καὶ
2334 3726 2525 3777 εἰπεῖν.
2568 3722 2850 3792 Μηδέποτε
2888 3726 3054 3796 κόρην
3093 3726 3348 3798 ὑϐρίζων,
3383 3726 3605 3796 αἰσχρὸν
3632 3727 3792 3796 ῥῆμα.

2213 3805 2447 3877 ἐκϐάλῃς
2470 3821 2484 3835 ’
2527 3804 2796 3875 μηδέποτε
2843 3808 3062 3875 οἰκέτην
3095 3808 3289 3878 μιαρὸν
3315 3809 3495 3879 εἴπῃς.
3549 3809 3791 3872 Ἐκεῖνος

2214 3887 2311 3957 οὑχ
2338 3886 2589 3957 ὑϐρίσθη,
2613 3886 2747 3941 ἀλλά
2772 3886 2856 3940 σύ.
2894 3889 3008 3941 Οὑκ
3047 3888 3193 3943 ἔστιν
3231 3891 3288 3942 ἐν
3313 3890 3491 3958 ἐαυτῷ
3523 3885 3660 3942 εῖναι
3691 3889 3791 3941 τὸν

2214 3967 2585 4038 ὀργιζόμενον,
2619 3969 2807 4039 ὥσπερ
2851 3969 2971 4022 οῦδὲ
3004 3970 3241 4039 πέλαγος
3287 3973 3708 4042 κυμαινόμενον,
3751 3972 3791 4042 ἡ

2216 4048 2399 4119 πηγὴν
2440 4049 2622 4119 μένειν
2656 4049 2925 4122 καθαρὰν,
2960 4051 3219 4123 βορϐόρου
3253 4053 3415 4105 ποθὲν
3457 4054 3791 4123 ἐμπεσόντος

2218 4133 2390 4202 αύτῇο
2432 4132 2575 4185 οὕτω
2622 4133 2798 4186 πάντα
2838 4134 3073 4203 ἀναμὶξ,
3108 4134 3306 4204 μᾶλλον
3334 4135 3393 4187 δέ
3425 4134 3569 4188 οὕτω
3610 4136 3794 4189 πάντα

2212 4214 2328 4267 ⁴ἅνω
2357 4214 2451 4265 καὶ
2494 4214 2645 4266 κάτω
2673 4217 2900 4282 γίνεται.
2936 4214 3055 4269 Κάν
3083 4219 3382 4287 τυπτήσῃς,
3433 4217 3534 4269 κᾶν
3563 4216 3796 4287 διαῤῥὴο

2221 4296 2316 4367 ξῃς
2355 4296 2447 4348 τὸν
2472 4296 2807 4365 χιτωνίσκον,
2856 4299 2919 4351 σὺ
2947 4296 3169 4367 μείζονα
3200 4297 3296 4368 τὴν
3334 4298 3535 4369 βλάϐην
3562 4298 3797 4367 ὑπέμει-

2219 4394 2316 4439 νας
2339 4394 2351 4405 ·
2396 4377 2588 4447 ἐκείνῳ
2624 4378 2720 4447 μὲν
2765 4379 2875 4449 γὰρ
2909 4380 3037 4449 περὶ
3090 4380 3151 4433 τὸ
3194 4380 3351 4451 σῶμα
3383 4381 3478 4433 καί
3513 4381 3641 4450 περὶ
3690 4379 3795 4450 τὴν

2220 4460 2421 4530 ἐσθῆτα
2453 4460 2485 4530 ἡ
2514 4459 2715 4530 πληγὴ,
2753 4461 2837 4514 σοὶ
2880 4461 2936 4514 δὲ
2969 4462 3097 4532 περί
3140 4464 3239 4534 τὴν
3282 4463 3484 4534 ψυχήν.
3543 4462 3797 4532 Ἐκείνην

2217 4544 2482 4613 διέτεμες,
2525 4543 2739 4613 ἐκείνην
2772 4543 3049 4614 ἔτρωσας,
3084 4546 3176 4599 τὸν
3214 4547 3425 4618 ἡνίοχον
3464 4546 3654 4609 ἔϐαλες
3682 4547 3798 4600 άπὸ

2218 4627 2328 4679 τῶν
2360 4628 2541 4679 ἵππων
2564 4627 2732 4690 κάτω,
2770 4627 2958 4681 ὕπτιον
2987 4627 3247 4698 σύρεσθαι
3280 4630 3697 4699 παρεσκεύασας
3725 4630 3752 4657 ⁸
3775 4645 3793 4661 ·

2222 4711 2313 4763 καὶ
2350 4710 2548 4762 ταυτὸν
2580 4710 2808 4777 γίνεται,
2850 4706 2961 4764 οἷον
2998 4711 3092 4764 ἐὰν
3129 4711 3342 4781 ἡνίοχος
3375 4713 3545 4782 ἑτέρῳ
3575 4710 3798 4781 ὀργιζόο

2224 4808 2382 4859 μενος
2407 4790 2566 4843 ἕλοιτ’
2597 4791 2663 4843 ἂν
2695 4791 2970 4863 σύρεσθαι.
2999 4793 3117 4846 Κᾶν
3148 4793 3501 4864 ἐπιπλήττῃς,
3539 4793 3641 4847 κᾶν
3669 4810 3798 4846 νου-

2222 4872 2399 4943 θετῇς,
2434 4872 2537 4925 κᾶν
2564 4873 2741 4926 ὁτιοῦν
2772 4878 2949 4945 ποιῇς,
2979 4875 3149 4946 ὀργῆς
3185 4877 3353 4948 χωρὶς
3381 4876 3475 4928 καὶ
3503 4874 3696 4945 θυμοῦ.
3726 4877 3799 4932 ΕΙ

2220 4954 2327 5025 γὰρ
2372 4958 2399 5008 ὀ
2447 4954 2789 5025 ἐπιπλήττων
2842 4957 3022 5027 ἱατρός
3068 4958 3183 5011 ἐστι
3218 4958 3313 5011 τοῦ
3368 4958 3799 5028 ἁμαρτάνοντος,

2223 5039 2339 5101 πῶς
2362 5037 2427 5092 ἂν
2463 5038 2676 5092 δύναιτο
2701 5039 3032 5109 θεραπεῦσαι
3061 5042 3267 5112 ἕτερον,
3308 5042 3497 5095 ἑαυτὸν
3527 5043 3800 5113 πρότερον

2221 5121 2494 5187 κακώσας,
2542 5122 2729 5177 ἐαυτὸν
2778 5124 2853 5193 μὴ
2888 5122 3237 5194 θεραπεύων;
3275 5125 3341 5178 Et
3360 5141 3480 5189 τις,
3521 5125 3645 5178 είπέ
3677 5141 3800 5195 μοι,

2225 5204 2406 5275 ἰατρὸς
2459 5206 2745 5276 πορεύοιτο
2782 5207 2969 5278 ἕτερον
3015 5205 3368 5277 θεραπεύειν,
3401 5206 3662 5277 πρότερον
3694 5207 3802 5276 τὴν

2220 5289 2379 5356 χεῖρα
2410 5288 2785 5358 τραυματίσας
2803 5288 2900 5359 τὴν
2923 5287 3135 5351 ἑαυτοῦ,
3163 5288 3427 5358 πρότερον
3450 5289 3576 5348 τοὺς
3600 5288 3802 5354 όφθαλ·

2222 5370 2357 5435 μοὺς
2384 5371 2663 5438 πηρώσας,
2698 5370 2837 5422 οὕτω
2868 5372 3101 5422 ποιεῖται
3130 5370 3339 5422 ἐκείνου
3365 5370 3463 5440 τὴν
3509 5370 3756 5437 ἰατρείαν
3783 5387 3799 5435 ;

2222 5450 2378 5518 Οὐχὶ,
2409 5452 2593 5521 φησίν.
2617 5451 2773 5504 οὕτω
2799 5451 2892 5503 καὶ
2926 5452 2989 5504 σὺ
3014 5451 3117 5504 κᾶν
3146 5451 3500 5522 ἐπιπλήττῃς,
3533 5451 3635 5503 κᾶν
3674 5468 3802 5505 vou-

2222 5531 2401 5601 θετῇς,
2436 5532 2651 5603 καθαρά
2679 5533 3024 5603 βλεπέτωσάν
3052 5551 3144 5586 σου
3173 5535 3224 5586 οἰ
3250 5532 3535 5603 ὀφθαλμοί.
3568 5532 3660 5602 Μὴ
3707 5532 3802 5586 θο-

2222 5614 2399 5686 λώσῃς
2440 5613 2703 5683 τὸφνοῦν,
2750 5617 2875 5669 ἐπεὶ
2906 5617 3024 5681 πῶς
3075 5620 3109 5687 ἡ
3158 5617 3421 5689 θεραπεία
3462 5617 3794 5686 γενήσεταις

2288 5864 2317 5931 ᾗ
2360 5862 2493 5931 Un|_1s
2514 5863 2703 5931 ἔπραξέν
2738 5880 2789 5931 τι
2804 5862 3021 5923 πονηρόν.
3084 5859 3117 5931 ,1)
3147 5861 3272 5911 Idem
3304 5858 3426 5918 τίνος
3459 5862 3603 5924 ἐσμὲν
3638 5860 3791 5924 ἡμεῖς.

2229 5925 2251 5954 ⁸
2285 5924 2415 5974 L'nus
2433 5924 2596 5972 ῦπτιον
2630 5926 2842 5987 φέρεσθαι
2866 5924 3235 5988 παρεσκεύασας.
