3972 6212
221 426 299 485 tes
444 422 449 425 ·
498 440 505 447 -
864 428 892 438 --
944 379 951 391 ⁸
1111 405 1179 463 IN
1216 403 1392 462 ACTA
1435 391 1952 455 arosroconun.
1992 386 2221 445 unum.
2262 387 2377 442 xv.

218 530 452 607 aperias?
474 528 601 584 Nam
631 523 764 595 quod
805 520 1036 592 patiatur
1058 559 1073 582 ,
1116 518 1197 571 vel
1231 514 1355 569 hinc
1398 512 1570 582 palam
1611 518 1692 563 est
1717 547 1732 572 ,

217 625 327 697 quod
353 624 441 675 hoc
466 619 638 691 passio
658 624 893 676 vocetur;
927 612 1095 681 palam
1120 610 1247 663 item
1274 615 1357 661 est
1380 621 1444 660 ex
1473 617 1734 670 corpore:

184 742 193 753 -
314 725 516 778 namque
544 706 815 777 passiones
852 703 919 757 ab
950 702 1027 755 ira
1051 707 1362 757 nascuntur,
1392 694 1580 749 obtusa
1609 706 1741 743 ocu-

217 808 355 859 lorqu
391 802 543 859 acies,
588 807 791 864 stupor.
838 802 888 847 et
931 792 1208 845 innumera
1249 786 1372 839 alia.
1425 783 1531 837 Sed
1576 779 1739 833 filium

213 892 484 951 contumelia
509 888 682 943 affecit
702 928 717 952 ,
750 885 993 954 inquies;
1026 879 1122 935 sed
1155 878 1431 933 famulum.
1477 873 1555 927 Ne
1585 880 1738 941 putes

217 988 525 1043 inﬁrmitatem
552 996 694 1044 esse,
725 977 869 1047 quod
901 975 950 1029 id
978 975 1093 1043 ipse
1119 988 1222 1024 non
1255 970 1438 1024 facias.
1477 967 1570 1020 Dic
1594 964 1741 1019 enim

215 1080 335 1139 mihi,
359 1094 418 1129 an
449 1072 781 1128 benefactum
806 1069 930 1125 est?
962 1067 1076 1121 Non
1110 1074 1239 1134 puto
1266 1062 1320 1116 id
1354 1070 1404 1115 te
1433 1059 1698 1114 dicturum
1726 1076 1739 1111 :

214 1187 391 1241 agona
412 1168 568 1222 facias
589 1162 734 1234 quod
762 1176 866 1216 non
893 1167 977 1215 est
1002 1160 1135 1211 bene
1165 1156 1382 1209 factmn.
1408 1152 1530 1206 Scio
1557 1149 1746 1219 quales

215 1264 440 1316 iutalibus
476 1262 567 1313 ira:
606 1263 918 1309 nascantur.
968 1250 1105 1319 Quid
1130 1263 1273 1317 ,ergo
1314 1247 1359 1300 si
1404 1251 1744 1305 conteumat,

215 1352 419 1420 inquies?
441 1352 482 1403 si
512 1361 729 1403 rursum
757 1340 945 1398 dicat?
966 1342 1145 1411 Argue
1174 1356 1188 1390 :
1221 1340 1455 1403 increpa,
1488 1334 1741 1387 obsecra:

213 1440 564 1496 nunsuetudine
605 1438 690 1492 ira
733 1435 1007 1490 solvitur:
1045 1428 1310 1485 accedens
1347 1439 1529 1495 argue.
1582 1423 1639 1477 In
1683 1423 1747 1477 iis

214 1543 329 1587 certe
349 1574 363 1593 ,
389 1548 496 1602 qua:
523 1544 624 1583 nos
657 1526 953 1597 respiciunt
974 1563 992 1589 ,
1022 1520 1128 1576 hoc
1156 1516 1457 1574 faciendum
1491 1530 1596 1569 non
1627 1522 1745 1579 est;

216 1630 254 1681 ἰιι
282 1627 486 1687 iis-vero,
517 1638 641 1691 qua:
669 1619 805 1672 alios
832 1623 1093 1687 spectant,
1129 1612 1181 1668 id
1210 1624 1431 1666 necesse
1458 1618 1541 1663 est
1562 1622 1744 1676 agere.

214 1719 271 1771 Ne
296 1716 527 1783 prepriam
556 1709 943 1767 contumeliam
972 1717 1129 1777 putes
1148 1742 1161 1765 ,
1210 1702 1352 1772 quod
1384 1701 1522 1753 filius
1559 1708 1749 1752 contu-

216 1808 338 1860 inclia
357 1805 600 1858 afliciatur
627 1820 647 1855 :
672 1808 728 1853 ut
753 1798 798 1852 si
826 1798 1008 1852 doleas
1033 1795 1101 1851 de
1126 1795 1235 1854 illo,
1266 1801 1321 1845 at
1348 1805 1451 1844 non
1482 1798 1748 1856 tamquam

217 1894 483 1949 contumelia
504 1892 771 1945 affectus:
794 1902 899 1941 non
922 1887 1063 1941 enim
1088 1886 1209 1954 quia
1241 1898 1373 1951 puer
1398 1881 1537 1935 male
1566 1879 1748 1944 habet,

219 1996 260 2038 tu
293 1983 577 2037 coittumdia
607 1980 841 2033 affectus
865 1992 957 2039 es;
985 1975 1080 2030 sed
1125 1974 1172 2028 is
1195 1974 1283 2043 qui
1313 1972 1450 2026 male
1473 1969 1618 2024 fecit.
1648 1968 1753 2023 [le-

218 2080 377 2145 stinguc
397 2075 624 2146 gladiqu
657 2080 894 2134 acutum,
921 2069 971 2123 in
994 2067 1179 2136 vagina
1194 2064 1476 2120 condatur.
1501 2061 1557 2117 Si
1580 2060 1752 2115 nudus

219 2176 411 2230 maneat,
436 2182 576 2235 sarpe
604 2164 706 2217 illo
739 2163 1096 2230 inopportuno
1124 2169 1364 2224 tempore
1407 2160 1639 2219 utemur,
1686 2151 1755 2205 ab

218 2261 275 2313 ira
293 2259 515 2313 concitati
542 2274 557 2321 ;
590 2257 645 2309 si
678 2269 803 2308 vero
830 2251 1074 2307 conditus
1100 2255 1351 2311 maneat,
1380 2244 1587 2301 etiamsi
1615 2256 1754 2311 Opus

216 2352 355 2409 factu,
377 2348 745 2415 exstinguetur
770 2344 868 2397 ira.
898 2342 1010 2397 Non
1033 2340 1139 2393 vult
1164 2338 1410 2392 Christus
1437 2344 1493 2389 ut
1515 2349 1610 2403 pro
1637 2334 1754 2401 ipso

215 2444 453 2494 irascamur
475 2458 490 2493 :
510 2437 645 2493 audi
672 2435 814 2490 enim
854 2432 977 2503 quid
1010 2432 1166 2486 Petro
1185 2429 1327 2484 dicat
1350 2446 1361 2479 :
1386 2426 1626 2482 Converte
1644 2424 1755 2493 gla-

215 2532 318 2583 diuit
352 2541 482 2583 tuum
522 2531 575 2582 in
621 2528 865 2597 vaginam
900 2522 1129 2593 (Matth.
1173 2521 1265 2575 2t}.
1295 2518 1441 2589 52),
1492 2527 1547 2572 et
1578 2527 1631 2571 tu
1660 2531 1755 2585 pro

215 2624 296 2675 lilio
328 2621 603 2675 irasceris?
659 2620 797 2672 Doce
830 2610 1386 2683 lilium-philosophari
1415 2624 1430 2673 ;
1477 2622 1635 2663 narra
1672 2606 1747 2659 illi

215 2714 445 2778 passiones
473 2709 721 2773 Domini;
754 2707 961 2761 imitare
991 2704 1299 2773 magistrum
1327 2711 1498 2753 tuum.
1530 2695 1756 2764 Quando

215 2802 269 2853 illi
316 2798 661 2855 inlionorandi
715 2803 905 2860 erant,
957 2808 1060 2847 non
1111 2791 1267 2854 dixit,
1319 2789 1609 2847 Ulciscar;
1660 2783 1758 2839 sed

212 2891 346 2959 quid?
382 2890 460 2944 Ile
481 2888 771 2959 persequuti
811 2893 948 2948 sunt,
993 2893 1037 2936 et
1065 2898 1150 2935 vos
1179 2888 1537 2951 perseqtmuur
1571 2875 1752 2945 (Joau.

217 2981 419 3047 me).
471 2980 641 3034 Ferte
696 2978 874 3045 itaque
931 2973 1172 3036 fortiter;
1216 2987 1321 3024 non
1377 2969 1519 3022 enim
1570 2966 1757 3020 melio-

213 3086 281 3124 res
300 3086 373 3125 me
395 3070 534 3125 (stis.
587 3067 723 3123 [lare
747 3077 800 3120 et
827 3075 881 3118 tu
905 3065 1013 3117 filio
1034 3072 1089 3116 et
1113 3075 1269 3117 servo
1313 3059 1513 3113 dicito:
1539 3056 1652 3110 Non
1697 3069 1757 3109 es

216 3164 398 3217 llumino
424 3173 511 3215 tuo
548 3159 768 3215 melior.
819 3156 925 3212 Sed
957 3155 1073 3210 lucc
1112 3151 1462 3224 philosophiae
1488 3147 1648 3203 verba
1680 3146 1758 3199 vi-

214 3252 416 3307 deatur:
440 3253 591 3307 vidua
636 3248 917 3319 proficisci.
950 3246 1043 3300 ilei
1078 3245 1209 3300 mihi
1233 3283 1250 3308 ,
1280 3241 1422 3312 quod
1456 3255 1545 3295 res
1575 3236 1759 3292 verbis

217 3346 433 3399 declarari
458 3353 716 3412 nequeat,
748 3350 806 3394 ut
832 3348 1005 3409 potest
1030 3336 1357 3408 experientia
1387 3332 1575 3388 edisci.
1609 3331 1676 3385 Et
1702 3340 1759 3384 ut

213 3438 374 3499 discis,
402 3440 452 3491 in
477 3436 664 3491 medio
690 3427 1366 3488 duorumeoncertantium
1394 3433 1564 3487 stans,
1592 3422 1666 3475 sis
1693 3437 1758 3474 ex

216 3542 333 3595 parte
351 3531 619 3593 kesorum,
647 3540 753 3579 non
778 3522 1105 3585 Iardentium,
1134 3520 1179 3574 si
1203 3534 1307 3573 nou
1333 3516 1471 3585 apud
1501 3527 1550 3569 te
1575 3514 1762 3567 trium-

215 3619 325 3686 phus
342 3618 548 3684 videbis,
571 3617 629 3671 si
654 3631 761 3668 non
777 3612 1081 3682 splendidas
1093 3609 1321 3679 accipies
1340 3621 1586 3661 coronas.
1606 3602 1758 3668 Vide,

213 3713 441 3778 quomitdo
462 3708 797 3765 contumelia
829 3706 1059 3759 afﬁcitur
1087 3705 1225 3756 Deus
1249 3741 1266 3766 ,
1297 3714 1455 3769 quam
1486 3705 1764 3751 mansuete

214 3814 257 3856 et
280 3804 481 3869 benigne
508 3798 843 3867 respOudeat
875 3814 887 3848 :
921 3794 1017 3848 Ubi
1046 3803 1119 3846 est
1141 3834 1156 3857 ,
1193 3792 1397 3860 inquit,
1439 3789 1563 3842 Abel
1605 3792 1763 3857 frater

214 3904 305 3944 tuus
328 3892 470 3959 (Gen.
499 3893 553 3946 ι.
579 3884 902 3957 9)?thuid
929 3885 1060 3938 ille?
1105 3880 1159 3934 Ν
1164 3879 1368 3950 umun
1395 3889 1560 3932 custos
1590 3878 1765 3946 fratris

217 3986 404 4035 nasuta
419 3983 547 4051 ego?
576 3978 720 4047 Quid
740 3976 839 4030 hoc
868 3972 1226 4043 arrogantius?
1249 3970 1350 4023 hoc
1372 3980 1519 4022 certe
1538 3968 1621 4021 vel
1643 3982 1673 4019 a
1705 3966 1767 4019 ft-

212 4074 270 4124 lio
284 4076 626 4141 quislibentcr
646 4068 985 4123 audivisset?
1008 4082 1129 4119 nam
1152 4065 1196 4119 si
1215 4078 1243 4116 a
1260 4063 1629 4124 fratre,nonne
1648 4058 1768 4127 quis

212 4164 391 4217 duxerit
422 4180 543 4217 esse
569 4157 961 4231 ignominiam?
987 4158 1057 4210 At
1079 4155 1218 4208 Deus
1262 4152 1458 4207 iterum
1489 4161 1767 4203 mansuete

211 4255 500 4321 respondet:
530 4252 645 4306 Vox
664 4248 945 4318 sanguinis,
970 4245 1159 4312 inquit,
1180 4242 1355 4312 fratris
1390 4240 1462 4322 tui
1492 4238 1677 4292 clamat
1702 4236 1769 4289 ad

212 4345 354 4395 mn
374 4343 531 4404 Deus,
558 4340 796 4408 inquies,
816 4339 888 4390 ira
906 4334 1155 4404 superior
1170 4340 1269 4387 est.
1288 4330 1390 4386 Sed
1412 4328 1531 4383 ideo
1551 4328 1770 4382 descen-

212 4435 273 4487 dit
297 4435 449 4489 Filius
481 4435 577 4489 Dei
606 4475 623 4498 ,
654 4442 714 4485 ut
740 4441 791 4485 te
818 4429 977 4484 deum
1021 4426 1219 4482 faceret
1249 4421 1540 4479 secundum
1580 4420 1771 4473 huma-

214 4541 289 4579 sas
315 4529 467 4581 vires.
510 4527 583 4580 At
612 4539 719 4578 non
751 4536 964 4591 possum
986 4560 1003 4584 ,
1036 4518 1242 4587 inquies
1264 4558 1280 4583 ,
1311 4516 1472 4569 homo
1501 4528 1621 4567 cum
1647 4512 1770 4565 sim.

212 4616 329 4685 Ergo
355 4628 537 4687 patere
563 4625 623 4669 ut
649 4615 892 4668 homines
920 4611 1012 4665 tibi
1032 4609 1380 4665 adducamus.
1409 4605 1485 4660 Nc
1510 4613 1663 4674 putes
1689 4618 1775 4657 me

212 4707 405 4761 Paulum
434 4708 623 4761 dicere
646 4714 739 4759 aut
767 4705 977 4758 Petrum
1000 4741 1015 4764 ,
1045 4699 1138 4755 sed
1169 4698 1425 4768 quosdam
1456 4695 1585 4765 ipsis
1613 4694 1775 4763 longe

211 4798 492 4854 inferiores.
524 4799 645 4853 llcli
673 4810 859 4851 servus
885 4797 1093 4847 Annam
1129 4789 1454 4846 contumelia
1485 4787 1773 4852 affecerat,

209 4889 373 4943 dicens
404 4908 417 4941 τ
451 4889 641 4959 Digne
685 4890 850 4941 uiuum
890 4896 1031 4938 tuum
1078 4883 1171 4952 (Ι.
1224 4880 1350 4950 Reg.
1384 4881 1433 4934 1.
1465 4880 1594 4949 14).
1640 4876 1779 4943 Quid

213 4980 299 5032 hoc
324 4978 807 5034 contumeliosius?
832 4975 969 5043 Quid
995 4988 1124 5043 ergo
1149 4972 1279 5026 illa?
1307 4971 1496 5025 Mulier
1523 4970 1575 5024 in
1604 4985 1778 5023 amaro

211 5070 280 5121 die
299 5088 385 5139 ego
408 5087 546 5123 uas.
578 5068 716 5123 Nihil
744 5081 927 5122 revera
956 5062 1233 5119 afllictioni
1264 5077 1358 5130 par
1386 5078 1398 5113 :
1431 5059 1781 5129 philosophia:

212 5171 363 5213 mter
388 5170 490 5215 est.
541 5159 669 5214 Haec
701 5172 830 5213 vero
872 5158 985 5225 ipsa
1024 5153 1218 5209 mulier
1246 5150 1492 5206 minutam
1528 5149 1730 5203 habens
1752 5189 1770 5214 ,

214 5265 306 5302 nou
327 5250 654 5304 cotttumelia
677 5248 851 5303 aﬂ'ocit
874 5262 1016 5310 eam;
1043 5242 1137 5300 sed
1162 5242 1323 5311 quid?
1351 5240 1430 5295 Ad
1459 5240 1621 5293 Deum
1647 5253 1777 5293 con-

215 5338 348 5410 ῐιείι,
372 5352 427 5395 et
450 5356 622 5397 orans
644 5342 784 5394 illius
808 5356 873 5394 ne
893 5338 1107 5409 quidem
1130 5334 1395 5396 meminit.
1424 5346 1593 5402 neque
1615 5331 1779 5384 dicit:

213 5435 460 5495 Quoniam
494 5433 614 5486 haec
637 5448 720 5487 me
748 5431 955 5502 probris
982 5428 1179 5488 affecit,
1200 5441 1285 5481 me
1315 5425 1574 5479 ulciscere
1605 5441 1619 5478 :
1648 5422 1784 5475 adeo

216 5522 564 5590 phihuophia:
594 5532 795 5576 assueta
825 5521 1019 5576 mulier
1044 5530 1182 5577 erat.
1206 5516 1621 5582 Erubescamus,
1648 5513 1781 5568 viri:

216 5610 351 5665 scitis
376 5612 529 5665 enim
562 5611 689 5664 nihil
710 5610 827 5665 zelo
857 5626 953 5679 par
976 5624 1117 5664 esse.

277 5701 329 5753 5.
358 5702 684 5755 Publtcanus
708 5718 736 5755 a
758 5701 1031 5757 Pharismo
1054 5698 1376 5755 contumelia
1406 5697 1649 5760 affectus,
1678 5710 1785 5750 non

218 5794 387 5849 nuntii
432 5794 812 5850 couttuucliam
833 5833 849 5863 ,
879 5792 1121 5865 quamvis
1160 5798 1372 5862 posset,
1418 5790 1461 5845 si
1494 5787 1781 5852 voluisset;

3329 393 3430 449 M6

1846 502 1940 558 sed
1990 500 2040 555 id
2082 499 2451 569 philosophica
2496 498 2676 553 animo
2722 501 2861 564 tulit,
2908 502 3112 567 dicens,
3168 504 3432 575 Propitius

1846 604 1947 646 esto
1989 593 2115 645 mihi
2157 591 2408 659 peccaturi
2436 588 2598 659 (Luc.
2633 591 2717 643 l8.
2756 590 2887 661 15).
2911 592 3260 663 \lemphiliaal
3298 598 3373 667 (a)
3403 618 3432 654 ιι

1847 697 2004 737 Servo
2031 692 2313 737 accusatus
2335 691 2390 736 ct
2412 682 2674 736 calumnia
2698 683 2968 752 impetitus
2990 686 3065 755 (‘2.
3090 688 3217 760 Reg.
3246 691 3328 745 16.
3350 694 3431 761 5),

1850 793 2024 846 neque
2051 776 2185 830 dixit
2213 791 2385 843 neque
2414 774 2534 828 fecit
2559 775 2630 828 illi
2659 776 2926 844 quidpiam
2954 780 3100 844 mali,
3131 796 3197 836 ne
3217 786 3433 852 quidem

1850 867 1989 935 apud
2034 883 2235 937 regem.
2282 866 2375 919 Vis
2425 866 2584 921 etiam
2632 868 2926 922 meretricis
2977 871 3163 925 audire
3204 874 3437 942 philoso.

1852 959 2065 1029 phiam?
2089 958 2224 1013 Audi
2255 958 2523 1013 Christum
2552 958 2814 1014 dicentem
2840 1001 2851 1022 ,
2881 964 3095 1030 quando
3124 965 3208 1018 illa
3231 968 3438 1035 capillis

1851 1052 1963 1107 suis
1992 1050 2154 1120 pedes
2180 1051 2348 1120 ipsius
2380 1051 2620 1120 tergebat
2644 1070 2656 1105 :
2683 1050 2953 1105 Publicani
2973 1062 3017 1106 et
3052 1058 3329 1110 meretrices
3351 1074 3438 1113 vos

1853 1142 2132 1213 praecedeut
2180 1142 2231 1194 in
2274 1157 2426 1212 regno
2476 1141 2689 1208 (Matth.
2747 1141 2842 1196 2|.
2893 1144 3010 1213 51).
3059 1144 3244 1199 Vidisti
3291 1148 3437 1201 illam

1853 1241 2080 1286 stantem
2111 1242 2164 1285 et
2196 1231 2601 1301 lacrymantem,
2633 1247 2697 1286 ac
2726 1234 2939 1301 propria
2970 1246 3182 1302 peccata
3211 1237 3441 1292 abluen-

1854 1328 2006 1381 tem?
2044 1322 2196 1385 Vide,
2254 1321 2525 1391 quomodo
2566 1338 2596 1375 a
2648 1322 2919 1378 l’harisaeo
2972 1326 3184 1395 probris
3226 1328 3439 1395 affecta,

1855 1429 1959 1467 non
2007 1413 2284 1467 irascatur.
2335 1413 2389 1467 Si
2437 1414 2619 1479 sciret,
2667 1415 2865 1482 aiebat,
2909 1417 3047 1481 quod
3096 1417 3210 1473 haec
3250 1420 3442 1473 mulier

1855 1504 2121 1571 peccatrix
2166 1504 2277 1567 sit,
2325 1518 2431 1557 non
2473 1504 2673 1559 sineret
2748 1520 2888 1560 eam.
2956 1506 3073 1561 Non
3125 1508 3259 1564 dixit
3311 1511 3437 1565 illi:

1855 1594 2258 1662 Quid?qu:eso;
2308 1604 2432 1648 tune
2465 1610 2627 1664 purus
2666 1611 2695 1649 a
2740 1598 2972 1665 peccatis
3007 1600 3106 1653 es?
3139 1601 3232 1654 sed
3273 1603 3442 1670 magis

1858 1684 2176 1753 patiebatur,
2215 1685 2383 1753 magis
2425 1686 2691 1754 gemebat,
2744 1697 2799 1741 et
2839 1688 3121 1744 calidiores
3178 1691 3443 1762 lacrymas

1856 1773 2156 1828 emittebat.
2186 1774 2337 1840 Quod
2369 1777 2411 1829 si
2446 1777 2720 1841 mulieres,
2756 1779 3021 1846 publicani
3047 1790 3102 1835 et
3131 1786 3442 1840 meretrices

1859 1865 2322 1936 philosophentur,
2359 1867 2516 1937 idque
2545 1879 2669 1923 ante
2698 1870 2921 1939 gratiam
2955 1890 2967 1925 :
2997 1889 3099 1942 qua
3120 1876 3272 1929 venia
3294 1875 3437 1944 digni

1860 1972 1956 2011 nos
1999 1958 2222 2024 erimus,
2271 1959 2362 2028 qui
2400 1969 2518 2027 post
2569 1968 2769 2013 tantam
2814 1964 3039 2031 gratiam
3086 1968 3254 2036 magis
3280 1983 3440 2036 quam

1858 2046 1985 2102 fera:
2015 2049 2273 2114 rixamur,
2299 2050 2624 2114 mordentes,
2659 2050 3038 2106 calcitrantes?

1930 2139 2022 2193 Ira
2050 2140 2390 2210 redarguitur.
2421 2170 2490 2180 --
2518 2140 2659 2194 Nihil
2692 2143 2895 2211 turpius
2925 2144 3001 2197 ira
3024 2185 3038 2209 ,
3069 2145 3197 2198 nihil
3245 2147 3401 2201 vilius
3422 2188 3438 2213 ,

1858 2229 1989 2283 nihil
2016 2232 2231 2298 gravius
2252 2270 2266 2294 ,
2300 2228 2435 2283 nihil
2477 2230 2765 2299 ingratius,
2796 2232 2927 2285 nihil
2954 2233 3284 2288 damnosius.
3317 2236 3441 2290 lltec

1859 2319 2000 2383 dico,
2053 2334 2159 2374 non
2211 2327 2416 2375 tantum
2468 2329 2525 2374 ut
2572 2336 2692 2375 cum
2725 2322 2854 2376 viris
2895 2324 3051 2378 mites
3091 2326 3259 2379 simus
3286 2367 3301 2391 ,
3344 2329 3439 2382 sed

1860 2411 2020 2465 etiam
2048 2420 2106 2465 ut
2129 2411 2174 2465 si
2206 2426 2341 2465 uxor
2371 2411 2561 2481 linquas
2585 2412 2674 2478 sit,
2704 2412 2842 2467 feras
2866 2414 3011 2468 illam
3044 2434 3058 2469 :
3087 2416 3159 2469 sit
3181 2418 3271 2472 tibi
3296 2420 3446 2487 palae~

1859 2512 1969 2557 stra
2009 2514 2063 2558 et
2101 2505 2435 2574 gymnasium
2483 2519 2637 2559 uxor.
2678 2504 2957 2572 Quomodo
2982 2508 3123 2560 enim
3154 2508 3443 2564 absurdum

1861 2612 1967 2650 non
1992 2597 2152 2651 fuerit
2178 2599 2455 2669 gymnasia
2484 2597 2769 2652 admittere
2789 2640 2805 2665 ,
2831 2614 2950 2668 quae
2979 2600 3109 2653 nihil
3143 2601 3276 2655 lucri
3309 2604 3443 2657 aﬂ'ed

1861 2694 2002 2751 rant,
2054 2686 2144 2740 ubi
2187 2702 2384 2755 corpus
2414 2690 2729 2752 atterimus;
2772 2698 2826 2742 et
2861 2692 3135 2759 gymnasia
3167 2692 3309 2745 domi
3340 2710 3445 2747 non

1864 2792 2073 2847 parare,
2118 2793 2235 2847 qum
2284 2779 2446 2832 etiam
2478 2789 2603 2833 ante
2649 2780 2941 2833 crrtamiua
2990 2796 3245 2835 coronam
3294 2785 3449 2837 uoltis

1863 2869 2193 2925 concilient?
2238 2869 2575 2924 Contumelia
2615 2870 2781 2924 afﬁcit
2810 2872 3041 2925 mulier?
3070 2873 3144 2927 Nc
3176 2883 3228 2927 tu
3258 2876 3449 2928 tnttlier

1862 2959 2117 3013 efficiaris
2147 2978 2162 3013 :
2192 2959 2453 3014 muliebre
2501 2961 2644 3013 enim
2694 2970 2776 3014 est
2821 2963 3145 3015 contumelia
3194 2964 3443 3026 afﬁcere;

1863 3050 2083 3105 morbus
2110 3058 2194 3104 est
2232 3049 2425 3115 animi,
2455 3050 2640 3104 vitium
2667 3060 2771 3104 est.
2803 3049 2879 3104 Ne
2906 3061 3059 3119 putes
3087 3060 3138 3105 te
3170 3052 3446 3121 indignum

1864 3158 2007 3204 esse,
2033 3142 2175 3213 quod
2212 3157 2242 3196 a
2273 3143 2500 3197 muliere
2521 3142 2849 3197 contumelia
2873 3142 3141 3198 afficiaris.
3172 3142 3447 3213 Indignum

1866 3242 1919 3290 te
1947 3242 2048 3297 est,
2089 3248 2211 3288 cum
2259 3243 2312 3287 tu
2350 3234 2675 3289 contumelia
2711 3234 2899 3300 afficis,
2934 3235 3020 3289 illa
3050 3251 3178 3290 vero
3204 3236 3447 3305 philoso-

1867 3323 2090 3393 phatur;
2119 3334 2246 3378 tunc
2275 3325 2501 3393 turpiter
2526 3325 2663 3394 agis,
2689 3335 2815 3380 tunc
2835 3327 3157 3380 contumelia
3185 3326 3448 3383 afficeris:

1867 3415 1910 3469 si
1940 3428 2068 3469 vero
2096 3415 2479 3469 contumeliam
2513 3416 2652 3469 feras
2674 3456 2688 3479 ,
2721 3432 2966 3484 magnum
2998 3418 3101 3471 erit
3129 3416 3452 3474 fortitudinis

1870 3513 1974 3559 tua:
2006 3514 2398 3574 argumentum.
2440 3505 2557 3560 Non
2590 3506 2691 3560 hoc
2720 3506 2841 3560 dico
2861 3546 2877 3571 ,
2921 3515 2978 3561 ut
3018 3508 3271 3564 mulieres
3303 3510 3455 3565 indu-

1869 3610 1988 3651 cum
2033 3596 2099 3648 ad
2151 3596 2500 3650 contumelias
2553 3595 2901 3661 inferendas;
2950 3597 3126 3662 absit;
3159 3600 3252 3654 sed
3282 3608 3379 3665 ut,
3410 3603 3455 3654 si

1871 3694 2058 3739 satana
2078 3684 2361 3755 instigante
2389 3685 2438 3739 id
2462 3688 2693 3752 eveniat,
2721 3701 2815 3741 vos
2847 3687 3046 3741 feratis.
3081 3688 3322 3743 Virorum
3348 3690 3459 3745 for-

1875 3776 2004 3830 tium
2035 3785 2118 3829 est
2147 3776 2389 3831 infirmos
2410 3778 2573 3832 ferre.
2607 3778 2661 3832 Si
2693 3779 2921 3833 famulus
2947 3780 3335 3836 contradixerit
3355 3824 3370 3847 ,
3400 3792 3455 3838 tu

1872 3865 2242 3936 philosophice
2262 3881 2359 3936 age
2383 3883 2395 3918 :
2420 3883 2523 3921 non
2542 3869 2683 3936 quod
2710 3870 2796 3924 ille
2818 3879 3054 3925 meretur
3079 3870 3287 3937 audire,
3311 3870 3459 3925 dicas

1874 3958 1959 4013 vel
1988 3956 2173 4020 facias,
2196 3956 2290 4012 sed
2311 3957 2455 4025 quod
2480 3967 2693 4024 oportet
2715 3968 2766 4012 te
2790 3959 2973 4015 dicere
2995 3969 3049 4015 et
3074 3960 3271 4016 facere.
3297 3961 3461 4015 Nutu-

1874 4063 2033 4118 quam
2063 4047 2290 4116 puellam
2321 4046 2644 4100 contumelia
2677 4047 2900 4110 afficias,
2931 4049 3151 4102 verbum
3180 4058 3332 4117 turpe
3374 4051 3459 4103 cf-

1874 4140 2087 4205 ferens;
2115 4153 2403 4208 numquam
2434 4137 2688 4192 famulum
2720 4139 3004 4193 scelestum
3036 4139 3205 4192 dicas.
3235 4139 3328 4193 llle
3352 4156 3460 4194 non

1878 4230 2198 4285 contumelia
2227 4228 2451 4285 affectus
2477 4237 2578 4295 est,
2607 4229 2699 4285 sed
2746 4238 2818 4283 tu.
2851 4229 2967 4285 Non
2999 4239 3171 4299 potest
3201 4232 3251 4284 iu
3282 4231 3463 4300 seipso

1882 4334 2105 4375 manere
2150 4320 2197 4375 is
2240 4320 2329 4389 qui
2362 4320 2609 4375 irascitur
2632 4360 2648 4386 ,
2677 4320 2815 4375 sicut
2843 4336 2943 4375 nec
2972 4322 3191 4391 pelagus
3216 4322 3463 4377 fluctibus

1879 4412 2166 4480 agitatum;
2220 4425 2321 4467 nec
2376 4410 2496 4466 fons
2543 4426 2760 4466 manere
2809 4427 2975 4482 purus
3028 4422 3223 4483 potest,
3257 4412 3368 4467 luto
3406 4413 3463 4469 in

1882 4499 2032 4554 illum
2063 4499 2329 4554 incidente
2357 4516 2370 4554 :
2399 4501 2479 4555 sic
2506 4501 2684 4556 omnia
2712 4502 3030 4569 miscentur;
3060 4503 3167 4559 imo
3187 4506 3264 4558 sic
3287 4504 3467 4558 omnia

1883 4605 1976 4645 sus
2002 4590 2177 4661 deque
2204 4600 2508 4645 vertuntur.
2541 4592 2599 4647 Si
2631 4592 2904 4660 verberes,
2936 4595 2981 4649 si
3015 4594 3245 4649 tunicam
3267 4593 3467 4649 discin-

1885 4680 2002 4748 das,
2058 4690 2112 4735 tu
2164 4682 2336 4751 majus
2377 4682 2629 4737 damnum
2678 4686 2966 4756 accepisti;
3014 4687 3090 4739 illi
3139 4701 3370 4756 namque
3414 4686 3469 4741 in

1886 4786 2115 4842 corpore
2157 4782 2211 4827 et
2260 4772 2313 4827 in
2363 4783 2511 4829 veste
2555 4774 2704 4844 plaga
2740 4785 2856 4843 est,
2906 4775 2999 4831 tibi
3033 4791 3160 4831 vero
3187 4778 3237 4830 in
3265 4776 3464 4830 anima.

1887 4865 2035 4919 Illam
2080 4865 2306 4930 scidisti,
2339 4865 2484 4919 illam
2523 4867 2849 4931 vulnerasti;
2879 4869 3116 4939 aurigam
3144 4868 3296 4937 equis
3335 4868 3468 4921 sub-

1882 4954 2098 5024 jecisti,
2143 4956 2393 5025 supinum
2427 4957 2562 5011 trahi
2592 4958 2788 5011 curasti
2821 4975 2834 5010 :
2873 4969 3034 5027 atque
3063 4957 3294 5027 idipsum
3323 4956 3380 5009 lit
3405 4970 3471 5011 ac

1889 5049 1933 5105 si
1975 5049 2157 5118 auriga
2198 5047 2354 5102 alteri
2378 5063 2739 5114 succensens,
2773 5048 2907 5103 trahi
2949 5063 3007 5103 se
3052 5049 3303 5117 patiatur.
3348 5046 3475 5105 Sive

1891 5139 2174 5207 inerepas,
2222 5139 2336 5193 sive
2380 5152 2600 5192 moneas
2619 5178 2635 5204 ,
2667 5138 2781 5192 sive
2810 5138 2933 5207 quid
2962 5137 3104 5191 aliud
3135 5136 3318 5205 facias,
3346 5139 3473 5194 abs-

1890 5243 1995 5300 que
2033 5228 2112 5283 ira
2149 5237 2206 5283 et
2241 5227 2425 5283 furore
2462 5226 2641 5282 facito.
2683 5227 2813 5282 Nam
2852 5229 2897 5283 si
2933 5228 2980 5283 is
3004 5268 3021 5295 ,
3067 5227 3157 5298 qui
3196 5227 3476 5297 increpat,

1954 5363 2028 5425 (a)
2059 5361 2152 5411 Ille
2175 5374 2514 5427 porro,iquem_
2532 5362 2611 5427 hic
2634 5369 2769 5427 vocat
2804 5361 3143 5425 Memphibaal,
3168 5364 3211 5413 is
3241 5377 3349 5427 ipse
3373 5372 3473 5422 est,

1926 5423 1974 5474 ui
2000 5423 2196 5473 vocatur
2221 5423 2535 5488 Mjpliiboseth
2570 5424 2619 5473 in
2652 5423 2856 5488 Vulgata
2876 5423 2932 5488 et
2961 5423 3191 5488 μιμᾳσοάθι
3210 5423 3335 5488 apud
3369 5431 3479 5488 LX}

1920 5483 2217 5548 interpretes.
2243 5483 2432 5548 Dicitur
2457 5492 2621 5533 autem
2665 5483 2942 5548 nteriltliaal,
2968 5486 3001 5534 1.
3019 5483 3027 5487 ⁷
3046 5483 3297 5548 lii’arali'p.
3314 5521 3329 5542 ,
3358 5483 3481 5548 c._8,

1893 5561 1941 5596 v.
1966 5546 2044 5597 5t;
2068 5546 2139 5596 Ex
2162 5546 2354 5594 duobus
2389 5554 2551 5594 autem
2585 5546 2865 5595 nominibus
2888 5561 3037 5595 unum
3072 5546 3265 5595 factum
3284 5553 3377 5600 est,
3411 5546 3480 5589 lta

1894 5615 1951 5658 ut
1987 5606 2200 5669 Memphi
2223 5619 2286 5656 ex
2306 5620 2420 5664 uno,
2452 5606 2566 5656 Haut
2590 5620 2654 5657 ex
2680 5607 2836 5657 altero
2854 5612 3047 5669 nomine
3068 5608 3373 5669 desumptum
3395 5605 3479 5650 sit.

1896 5678 2041 5733 Porro
2057 5667 2131 5733 sic
2164 5676 2361 5733 vocatur
2382 5669 2529 5733 etiam
2563 5682 2708 5731 supra
2742 5669 2790 5717 in
2811 5667 3008 5730 Synopsi
3037 5667 3291 5733 Scriptura:
3308 5672 3480 5733 sacrm,

1897 5738 1949 5778 τ.
1973 5730 2005 5778 6
2024 5769 2037 5787 ,
2060 5729 2152 5778 σοι.
2198 5730 2309 5792 διδ.
2351 5720 2686 5792 Theodoretits
2716 5720 2913 5792 quoque
2936 5720 3264 5787 'Nemphibaal
3307 5722 3473 5781 habet.

1899 5801 2071 5857 quaest.
2097 5793 2154 5843 51
2178 5792 2226 5841 in
2260 5791 2437 5843 librum
2460 5790 2490 5838 2
2514 5800 2713 5855 negant.
