4032 6212
491 379 597 437 1‘27

492 493 736 549 medicus
755 497 837 544 est
865 483 1159 558 peccantis,
1186 485 1458 557 quotuodo
1484 486 1652 554 possit
1678 485 1841 539 alium
1866 500 2078 551 curare,

490 601 613 640 cum
644 583 741 637 sibi
774 579 870 649 ipsi
900 577 1049 649 prius
1071 577 1267 631 malum
1296 576 1555 640 intulerit,
1587 591 1685 631 nec
1714 575 1949 644 seipsmn
1985 591 2082 630 cu-

491 677 607 731 ret?
634 674 689 730 Si
715 673 870 743 quis,
902 685 1121 742 quasso,
1150 668 1391 724 medicus
1415 669 1579 722 alium
1620 679 1902 723 curaturus
1940 668 2042 724 iret
2061 709 2078 734 ,

490 778 767 840 postquam
798 765 946 836 prius
987 779 1204 818 manum
1236 778 1385 817 suam
1426 762 1722 816 sauciassct
1747 803 1760 823 ,
1793 771 2077 832 postquam

496 862 644 929 prius
676 861 867 914 oculos
894 865 1241 919 exca'cassct,
1271 870 1398 909 num
1423 856 1501 909 sic
1531 855 1679 908 illum
1705 855 1957 910 curaret?
1985 854 2081 908 Mi-

490 952 657 1017 nime,
690 948 918 1020 inquies.
949 948 1039 1003 Sic
1069 957 1119 1002 et
1149 955 1201 1000 tu
1234 946 1359 1001 licet
1386 946 1650 1014 increpes,
1685 944 1811 999 licet
1836 958 2077 1009 moneas,

489 1058 624 1114 pura
652 1041 869 1096 videant
901 1038 1039 1093 oculi
1081 1038 1179 1093 tui.
1222 1036 1298 1091 Nc
1340 1037 1522 1091 turbes
1553 1051 1808 1101 mentem,
1842 1036 2078 1105 alioquin

487 1131 761 1203 quomodo
808 1129 1014 1184 medela
1060 1128 1199 1184 erit?
1242 1127 1356 1182 Non
1399 1135 1618 1196 possunt
1657 1126 1712 1180 in
1744 1126 1930 1181 eadem
1958 1142 2079 1182 esse

495 1221 882 1293 tranquillitate
919 1221 1011 1292 qui
1042 1233 1149 1274 non
1180 1219 1428 1273 irascitur
1452 1227 1507 1273 et
1536 1218 1627 1286 qui
1656 1217 1922 1272 irascitur.
1966 1217 2078 1272 Cur

488 1315 712 1369 doctore
740 1313 971 1367 decusso
999 1310 1069 1368 de
1099 1310 1317 1374 throno,
1350 1308 1495 1362 humi
1519 1308 1788 1377 jaceutcm
1831 1308 2077 1377 alloque-

488 1403 600 1461 ris?
638 1402 757 1457 Non
803 1402 955 1458 vides
974 1401 1204 1471 judiees,
1236 1400 1475 1470 quicum
1509 1398 1798 1468 judicaturi
1832 1406 1953 1453 sunt
1975 1440 1992 1464 ,
2023 1399 2074 1455 in

1220 371 1279 429 S.
1319 369 1600 428 JOANNIS
1632 370 2112 429 CHRYSOSTOSH
2151 372 2468 434 ARCHIEP.
2502 378 3036 442 CONSTANTINOP.

3670 389 3781 452 128

2192 486 2390 551 throno
2429 492 2650 562 sedent,
2686 497 2738 553 in
2770 496 2950 554 habitu
2990 502 3244 558 decenti?
3279 502 3370 562 Sic
3408 516 3461 563 ct
3488 517 3546 564 tu
3576 509 3781 575 facito.

2187 594 2319 635 orna
2370 582 2603 641 animam
2651 598 2792 644 tuam
2845 596 3038 648 vestitu
3075 594 3354 664 judiciali;
3394 598 3511 654 haec
3541 617 3667 656 vera
3698 614 3784 660 est

2184 673 2410 741 a-qu’tas
2459 691 2475 728 :
2515 686 2569 731 et
2596 688 2720 735 tunc
2746 680 2800 734 in
2832 680 3024 737 throno
3066 685 3230 754 iudex
3259 688 3407 744 sede.
3433 689 3538 745 Sed
3569 709 3677 748 non
3714 697 3787 749 ti-

2192 764 2379 829 mebit,
2414 767 2643 837 inquies.
2668 770 2779 826 lmo
2801 777 2967 844 magis
2989 777 3215 832 timebit.
3244 779 3396 837 Tunc
3416 798 3545 838 vero
3564 787 3784 842 etiamsi

2183 852 2325 922 justa
2355 856 2578 925 dixeris,
2611 861 2660 916 id
2693 863 2855 919 furori
2878 882 3067 923 servus
3095 870 3406 941 imputabit;
3430 876 3474 929 si
3504 892 3631 931 vero
3654 894 3781 933 eum

2187 952 2632 1020 mansuetudine,
2663 957 2900 1027 seipsum
2946 959 3220 1017 damnabit
3250 980 3264 1015 :
3296 966 3547 1034 quodque
3576 971 3776 1038 pra-ci-

2184 1052 2347 1107 puum
2378 1051 2495 1105 est,
2528 1051 2582 1099 te
2608 1044 2746 1101 Deus
2786 1060 3066 1120 acceptum
3105 1052 3357 1121 habebit,
3387 1066 3439 1110 et
3466 1058 3545 1112 sic
3574 1061 3783 1127 peteris

2184 1138 2386 1184 a-terna
2407 1132 2543 1187 bona
2560 1138 2837 1208 consequi,
2854 1143 3045 1210 gratia,
3076 1145 3418 1202 miseratione
3446 1159 3501 1203 et
3528 1149 3783 1221 benigni~

2185 1230 2291 1314 tate
2323 1224 2531 1282 Domini
2557 1232 2722 1286 nostri
2750 1232 2878 1289 Jesu
2898 1234 3120 1303 Christi,
3147 1241 3362 1309 quicum
3394 1243 3536 1297 Patri
3561 1260 3783 1314 unaque

2184 1311 2408 1382 Spiritui
2452 1331 2638 1375 sancto
2677 1324 2849 1392 gloria
2874 1365 2890 1389 ,
2936 1328 3216 1397 imperium
3241 1370 3257 1393 ,
3303 1335 3475 1388 honor
3499 1375 3515 1402 ,
3549 1311 3698 1391 nunc
3722 1347 3781 1391 et

2183 1417 2398 1476 semper
2416 1448 2435 1476 ,
2464 1419 2519 1465 et
2545 1414 2599 1466 in
2627 1416 2822 1470 saecula
2853 1420 3193 1477 saeculorum.
3218 1428 3411 1481 Amen.

1676 1534 3763 1678 ᾖ

490 1766 617 1820 Car.
648 1767 700 1820 7.
731 1781 781 1817 v.
813 1762 867 1818 6.
895 1762 1153 1833 Loquutus
1172 1768 1245 1813 est
1260 1765 1426 1810 autem
1445 1762 1520 1814 sit
1553 1753 1691 1809 Deus
1717 1750 2074 1815 dicens:Qnia

558 1858 651 1910 erit
680 1871 847 1909 semen
878 1856 989 1924 ejus
1016 1853 1190 1906 accola
1227 1851 1277 1901 in
1325 1859 1459 1902 terra
1504 1848 1672 1900 aliena
1704 1886 1720 1911 ,
1761 1855 1807 1898 et
1849 1841 2074 1898 servituti

558 1966 645 2002 eos
672 1947 961 2016 subjicient,
992 1953 1041 1999 et
1071 1944 1203 1997 male
1223 1941 1508 1997 tractabant
1536 1955 1620 1994 eos
1647 1937 1795 1992 annis
1824 1934 2070 2006 quadrin-

556 2043 753 2113 gentis;
784 2041 835 2092 7.
868 2049 913 2092 et
951 2048 1150 2109 gentem
1186 2034 1271 2088 cui
1312 2033 1574 2089 servierint
1603 2072 1620 2096 ,
1658 2030 1908 2102 judicabo
1936 2044 2027 2096 ego
2052 2068 2069 2093 ,

557 2135 682 2189 dicit
709 2132 885 2196 Deus;
915 2141 962 2186 et
990 2140 1101 2201 post
1131 2130 1239 2183 hac
1259 2129 1488 2193 exibunt,
1519 2135 1564 2179 et
1586 2125 1801 2181 servient
1850 2122 1975 2177 mihi
2018 2121 2073 2175 in

558 2227 671 2279 loco
696 2224 811 2278 isto.

559 2322 612 2372 1.
646 2315 778 2369 Vide
802 2322 928 2369 ante
956 2320 1088 2382 quot
1107 2326 1281 2367 annos
1309 2308 1595 2380 promissio
1618 2316 1673 2363 et
1700 2305 2075 2377 promissionis

486 2407 712 2473 modus;
743 2416 798 2461 et
827 2420 1089 2475 nusquam
1119 2402 1469 2468 sacriﬁcium,
1499 2408 1761 2479 nusquam
1787 2398 2073 2453 circumci-

486 2500 590 2553 sio.
619 2498 714 2552 llic
740 2496 1012 2562 ostendit,
1046 2497 1209 2549 Deum
1243 2494 1556 2563 permisisse
1578 2500 1635 2546 ut
1660 2490 1733 2544 illi
1763 2488 2071 2558 affligeren-

489 2601 595 2655 tur,
630 2604 730 2643 nec
774 2589 991 2658 impune
1033 2588 1147 2642 fore
1193 2601 1288 2640 ens
1321 2625 1338 2650 ,
1386 2584 1476 2655 qui
1509 2584 1829 2637 afﬂixerant.
1863 2579 2073 2634 Gentem

486 2692 678 2748 autem,
708 2682 790 2734 cui
817 2680 1075 2734 servierint
1099 2720 1114 2746 ,
1129 2678 1374 2749 judicabo
1402 2692 1522 2749 ego,
1552 2677 1674 2730 dicit
1697 2675 1854 2730 Deus.
1888 2673 2073 2729 Vidcn'

485 2774 578 2845 qui
598 2774 864 2846 promisit,
890 2772 978 2844 qui
1008 2771 1154 2826 dedit
1182 2781 1401 2837 terram,
1439 2768 1588 2840 prius
1611 2768 1745 2822 mala
1774 2767 2029 2838 permittit
2054 2783 2067 2817 :

487 2870 665 2921 sic'et
702 2882 842 2919 nunc
874 2866 1001 2921 licet
1045 2878 1265 2934 regnum
1308 2862 1610 2933 promiserit
1643 2901 1659 2928 ,
1690 2860 2072 2916 tentatiouibus

488 2959 726 3014 exerceri
769 2958 916 3012 sinit.
965 2957 1021 3013 Si
1064 2956 1151 3010 hic
1191 2965 1311 3025 post
1348 2954 1768 3025 quadringentos
1796 2967 1965 3007 annos
2002 2952 2070 3006 lio

485 3050 687 3115 bertas,
719 3048 847 3119 quid
875 3048 1069 3103 tuirum
1093 3089 1108 3113 ,
1138 3047 1185 3101 si
1212 3046 1439 3116 idipsum
1472 3046 1524 3099 in
1558 3060 1723 3114 regno
1750 3043 1839 3097 ﬁat
1863 3043 1889 3097 ἲ
1916 3046 2068 3097 Atta-

489 3159 611 3198 men
644 3142 745 3196 hoc
773 3141 901 3196 fecit
930 3180 946 3205 ,
995 3154 1095 3194 nec
1124 3148 1335 3208 tempus
1373 3138 1547 3207 potuit
1587 3135 1779 3190 falsum
1808 3150 1928 3189 esse
1957 3149 2074 3189 ser-

491 3248 706 3288 monem
737 3230 1092 3301 comprobare
1116 3269 1131 3293 ,
1161 3230 1262 3283 etsi
1301 3242 1409 3282 non
1455 3226 1659 3281 modica
1687 3225 1930 3296 oppressi
1963 3226 2072 3280 sint

486 3325 764 3378 servitute.
796 3323 981 3391 Neque
1008 3320 1143 3374 satis
1171 3320 1269 3389 ipsi
1299 3318 1398 3373 fuit
1425 3318 1544 3373 illos
1576 3317 1865 3387 punivisse,
1894 3317 1987 3372 sed
2015 3328 2069 3372 et

489 3413 576 3468 Itis
629 3414 766 3467 bona
809 3412 1095 3482 promittit.
1132 3410 1352 3466 Videtur
1396 3419 1576 3465 autem
1618 3410 1748 3464 mihi
1802 3409 1888 3463 hic
1933 3409 2071 3464 velle

487 3506 618 3575 ipsis
638 3505 896 3569 beneficia
927 3504 983 3559 in
1008 3504 1322 3559 memoriam
1353 3517 1627 3558 revocare.
1653 3502 1707 3558 8.
1740 3501 1805 3555 Et
1834 3502 1969 3556 dedit
1995 3503 2071 3556 illi

489 3596 843 3650 testamentum
870 3595 1270 3649 circumcisionis
1304 3636 1319 3661 ,
1361 3604 1409 3647 et
1451 3595 1523 3648 sic
1567 3594 1737 3664 genuit
1768 3592 1939 3648 Isaac.
1974 3593 2071 3648 llic

481 3687 591 3758 jam
618 3686 901 3742 demissius
930 3686 1180 3758 loquitur.
1209 3685 1274 3739 Et
1293 3685 1603 3740 circumcidit
1622 3702 1734 3739 eum
1753 3685 1835 3739 die
1858 3695 2033 3739 octavo
2051 3699 2071 3739 :

484 3787 532 3831 et
560 3778 710 3832 Isaac
736 3777 898 3832 Iacob
920 3819 936 3845 ,
962 3788 1009 3833 et
1038 3777 1200 3832 Jacob
1225 3778 1489 3832 duodecim
1514 3779 1850 3849 patriarchas.
1881 3778 1949 3831 Et
1978 3794 2071 3847 pa-

486 3869 722 3922 triarchas
758 3869 1074 3936 cumulantes,
1100 3869 1293 3940 Joseplt
1320 3870 1648 3923 vendiderunt
1677 3870 1729 3922 in
1755 3866 2066 3939 ﬁgyptum.

486 3961 601 4016 Hoc
622 3971 677 4016 et
703 3961 756 4015 iu
783 3960 998 4016 Christo
1043 3963 1239 4015 factum
1266 3969 1384 4016 est:
1416 3977 1540 4015 nam
1579 3961 1723 4015 illius
1754 3960 1921 4030 ﬁgura
1949 3967 2069 4014 erat

485 4052 710 4124 Ioseph;
740 4053 970 4124 idquue
998 4053 1341 4109 subindicans
1368 4053 1518 4117 illud,
1548 4063 1711 4108 totam
1738 4054 1869 4107 texit
1898 4052 2069 4107 histo-

483 4146 644 4200 riam.
681 4145 813 4201 Cum
854 4146 997 4202 enim
1046 4146 1179 4201 nihil
1224 4157 1408 4202 contra
1449 4146 1595 4201 illum
1648 4145 1909 4200 haberent
1935 4146 2068 4213 ,sed

487 4238 693 4293 veniret
726 4238 814 4293 ille
842 4249 895 4294 ut
914 4239 1090 4293 cibum
1108 4237 1344 4304 ab‘erret,
1362 4238 1498 4293 male
1520 4239 1694 4307 ipsum
1719 4246 2065 4308 exceperunt.

488 4330 557 4383 Et
596 4330 715 4383 vide
745 4329 833 4383 hic
862 4330 1053 4382 iterum
1078 4330 1483 4397 promissionem
1511 4328 1598 4382 diu
1626 4328 2064 4397 exspectandam,

486 4435 606 4489 qua:
649 4429 825 4473 tamen
873 4419 1033 4472 linem
1066 4419 1280 4488 accipit.
1322 4418 1388 4471 Et
1426 4428 1531 4473 erat
1576 4417 1715 4474 Deus
1740 4436 1852 4473 cum
1882 4436 1941 4474 eo
1971 4435 1990 4474 :
2015 4432 2069 4477 ct

489 4511 591 4565 hoc
620 4510 830 4565 illorum
851 4511 1044 4581 gratia.
1074 4510 1161 4566 l0.
1186 4509 1253 4563 Et
1279 4511 1465 4579 eripuit
1494 4528 1608 4566 eum
1636 4528 1699 4568 ea:
1723 4514 1956 4569 omnibus
1978 4517 2070 4570 tri-

485 4602 822 4657 bulationibus
843 4603 973 4673 ejus.
997 4603 1095 4659 Hic
1120 4603 1355 4659 ostendit
1376 4605 1496 4660 illos
1526 4606 1722 4661 inscios
1744 4606 1810 4662 ad
1834 4608 2069 4678 prophe-

488 4699 576 4751 tia:
603 4705 854 4752 eventum
884 4697 1211 4763 contulisse;
1241 4697 1490 4767 ipsosque
1514 4709 1762 4754 auctores
1791 4699 1955 4755 luisse
1977 4742 1993 4761 .
2016 4710 2071 4757 et

486 4790 625 4844 mala
660 4790 711 4843 in
739 4789 882 4859 ipsos
910 4789 1186 4843 recidisse.
1231 4787 1299 4841 Et
1327 4788 1465 4842 dedit
1490 4789 1534 4843 ei
1558 4791 1777 4859 gratiam
1803 4802 1851 4844 et
1869 4792 2071 4862 sapien-

486 4883 609 4935 tiam
652 4882 706 4934 in
742 4888 1010 4950 conspectu
1052 4878 1341 4933 Pharaonis
1374 4879 1505 4949 regis
1549 4877 1787 4950 4Egypti.
1830 4880 2068 4946 Gratiam

487 4972 652 5035 dedit,
682 4971 841 5042 idque
869 4971 1009 5041 apud
1038 4969 1319 5025 barbarum
1343 4985 1523 5040 regem
1544 5012 1561 5037 ,
1587 4985 1745 5027 servo
1764 5013 1780 5039 ,
1812 4973 2023 5042 captivo
2052 4991 2067 5031 :

487 5079 645 5131 quem
670 5062 866 5119 fratres
884 5059 1099 5133 quidem
1122 5061 1491 5128 vendiderant,
1506 5062 1593 5118 ille
1616 5078 1746 5119 vero
1768 5063 2067 5119 honoravit.

488 5157 576 5210 ll.
617 5154 762 5209 Venit
781 5165 950 5209 autem
971 5160 1131 5224 fames
1157 5154 1211 5207 in
1248 5154 1528 5208 universam
1555 5163 1739 5209 terram
1768 5154 1990 5226 Αἰαίη)ιὲ
2023 5166 2070 5212 et

488 5246 755 5312 Chanaan,
781 5256 829 5299 et
848 5247 1107 5299 tribulatio
1134 5261 1318 5316 magna
1344 5260 1365 5310 ,'
1391 5255 1439 5299 et
1465 5261 1567 5299 non
1595 5246 1908 5301 inveniebant
1935 5248 2070 5303 cibos

492 5344 663 5403 patres
696 5337 875 5389 nostri.
906 5336 993 5390 l2.
1024 5334 1151 5389 Cum
1194 5336 1414 5390 audisset
1441 5347 1609 5391 autent
1632 5336 1792 5392 Jacob
1820 5356 1929 5394 esse
1952 5344 2069 5409 fru-

488 5437 659 5482 menta
693 5428 747 5480 in
793 5425 1029 5497 Egypto
1051 5466 1065 5489 ,
1098 5427 1232 5479 ntisit
1269 5436 1436 5495 patres
1468 5439 1665 5483 nostros
1708 5432 1946 5499 primum.
1982 5432 2068 5486 l5.

493 5519 561 5575 Et
590 5520 645 5574 in
671 5518 892 5572 secundo
931 5518 1158 5587 cognitus
1181 5526 1251 5571 est
1270 5516 1461 5583 Joseph
1486 5536 1519 5571 a
1545 5520 1786 5589 fratribus
1807 5522 1929 5575 suis.
1965 5522 2068 5577 De-

492 5610 816 5667 scenderunt
840 5607 1094 5679 empturi,
1123 5615 1178 5662 et
1204 5607 1293 5662 illo
1313 5622 1447 5677 opus
1468 5607 1723 5664 habuere.
1745 5610 1881 5678 Quid
1912 5612 2071 5681 igitur

492 5705 623 5761 ille?
651 5703 767 5759 Non
796 5717 858 5758 ea
880 5702 935 5757 in
956 5716 1014 5756 re
1033 5699 1205 5756 solum
1234 5699 1613 5769 benignitatem
1639 5716 1789 5756 suam
1810 5703 2066 5771 ostendit;

491 5800 589 5855 sed
614 5798 775 5855 etiam
797 5794 1062 5854 Pharaoni
1090 5792 1144 5852 id
1173 5791 1427 5853 indicavit
1473 5793 1702 5865 illosque
1726 5794 1964 5852 deduxit.
2000 5795 2068 5852 Et

2176 1756 2391 1814 innotuit
2421 1761 2689 1821 Pharaoni
2713 1786 2874 1837 genus
2891 1770 3108 1844 Ioseph.
3130 1776 3215 1831 14.
3250 1776 3454 1832 Mittens
3481 1790 3647 1834 autem
3674 1781 3781 1838 Jo-

2175 1852 2322 1919 seph,
2346 1858 2602 1911 accersivit
2645 1858 2806 1914 Jacob
2850 1874 3044 1934 patrem
3088 1885 3256 1932 suum,
3285 1882 3329 1923 et
3359 1888 3554 1925 omnem
3581 1892 3774 1945 cogna-

2178 1945 2365 1999 tionem
2405 1963 2552 2003 suam
2592 1951 2644 2004 in
2660 1954 2927 2009 animabus
2963 1964 3283 2028 septuaginta
3311 1963 3546 2032 quinque.
3576 1966 3664 2021 l5.
3700 1966 3772 2020 Et

2177 2034 2431 2091 descendit
2450 2037 2613 2094 Jacob
2626 2042 2676 2095 in
2694 2042 3005 2115 Afgyptum,
3024 2048 3114 2117 def
3114 2060 3386 2121 unctusque
3400 2063 3471 2107 est
3486 2055 3593 2124 ipse
3611 2066 3658 2109 et
3675 2076 3774 2126 pa-

2178 2137 2277 2182 tres
2289 2132 2466 2185 nostri.
2491 2134 2579 2189 16.
2596 2134 2658 2188 Et
2674 2140 2908 2192 translati
2917 2150 3030 2194 sunt
3044 2142 3094 2195 in
3114 2142 3341 2211 Sic/tem,
3360 2157 3406 2199 et
3424 2150 3696 2216 positistsnt
3714 2154 3774 2207 its

2177 2224 2427 2293 sepulcro,
2446 2226 2584 2294 quod
2598 2229 2716 2281 emit
2733 2230 2986 2285 Abraham
3004 2235 3163 2303 pretio
3176 2237 3373 2306 argenti
3386 2255 3417 2290 a
3433 2240 3555 2306 filiis
3578 2240 3773 2297 Hemor

2178 2313 2273 2381 ﬁlii
2294 2312 2519 2369 Sic/tem.
2547 2317 2630 2372 l7.
2650 2316 2775 2372 Cum
2798 2331 2965 2375 autem
2985 2328 3418 2395 appropinquaret
3434 2338 3631 2399 tempus
3644 2352 3771 2403 pro-

2180 2405 2468 2474 missionis,
2499 2411 2564 2461 de
2590 2424 2691 2477 qua
2715 2410 2973 2473 iuraverat
2995 2412 3135 2467 Deus
3157 2415 3394 2481 Abrahre,
3422 2423 3573 2475 crevit
3603 2440 3771 2492 popu—

2176 2495 2256 2548 lus
2282 2537 2297 2560 ,
2339 2506 2387 2549 et
2428 2499 2796 2567 multiplicatus
2825 2512 2898 2555 est
2929 2504 2981 2556 in
3008 2503 3242 2575 Egypto
3271 2547 3287 2572 ,
3318 2508 3403 2563 l8.
3429 2513 3763 2582 quoadusque

2174 2594 2396 2642 surrexit
2422 2606 2513 2643 rea:
2540 2592 2674 2645 alius
2699 2632 2715 2659 ,
2755 2594 2842 2663 qui
2887 2596 3137 2650 nesciebat
3165 2597 3379 2669 Joseplt.
3409 2601 3613 2659 Rursus
3658 2608 3769 2661 alia

2174 2676 2493 2747 dcslierandi
2524 2696 2685 2737 causa
2718 2702 2730 2737 :
2763 2685 2931 2754 prima
2966 2687 3062 2740 fuit
3085 2687 3253 2745 fames
3279 2706 3295 2754 ;
3327 2694 3587 2759 secunda,
3614 2697 3767 2762 quod

2176 2769 2463 2826 inciderint
2495 2772 2546 2828 in
2570 2788 2758 2830 manus
2787 2776 2969 2831 fratris
2995 2793 3009 2842 ;
3038 2779 3188 2833 tertia
3214 2822 3229 2847 ,
3260 2796 3381 2837 cum
3405 2783 3605 2839 datura
3637 2802 3765 2856 rege

2175 2865 2441 2917 sententia
2478 2874 2534 2919 ut
2567 2866 2952 2924 interficiuntur
2983 2886 2997 2922 :
3025 2880 3258 2927 attamen
3300 2874 3353 2927 in
3400 2875 3483 2930 his
3511 2878 3766 2934 omnibus

2175 2956 2370 3009 servati
2401 2967 2546 3011 sunt.
2578 2958 2781 3015 Deinde
2811 2963 3125 3031 sapientiam
3153 2964 3246 3020 Dei
3275 2969 3564 3024 ostendens
3588 3012 3607 3037 ,
3637 2973 3713 3027 ait
3745 2992 3761 3026 :

2172 3044 2265 3100 30.
2298 3044 2363 3098 In
2402 3064 2500 3116 quo
2542 3058 2763 3120 tempore
2790 3061 2937 3106 natus
2962 3065 3034 3107 est
3066 3053 3270 3125 ﬂagres
3292 3096 3307 3121 ,
3356 3060 3443 3127 qui
3467 3061 3565 3129 [sit
3585 3074 3768 3131 gratas

2179 3136 2306 3192 Deo.
2336 3138 2389 3194 Si
2420 3140 2549 3195 illud
2575 3143 2821 3199 mirabile
2842 3144 2940 3199 fuit
2963 3187 2979 3212 ,
3002 3148 3142 3216 quod
3165 3163 3196 3202 a
3228 3149 3478 3205 fratribus
3514 3154 3768 3212 venditus

2172 3231 2243 3286 sit
2276 3250 2292 3286 :
2327 3232 2461 3288 illud
2488 3234 2806 3301 mirabilius,
2835 3237 2977 3306 quod
3004 3254 3094 3293 rex
3120 3254 3243 3295 eum
3279 3240 3583 3299 educaverit
3613 3284 3629 3312 ,
3669 3248 3773 3318 qui

2179 3322 2329 3377 illmn
2359 3324 2427 3379 ab
2458 3326 2682 3396 imperio
2710 3327 3021 3394 dcjecturus
3050 3340 3186 3385 erat.

2244 3412 2565 3469 Resurrectio
2602 3418 2654 3470 in
2683 3419 2834 3472 veteri
2885 3420 2994 3490 lege
3017 3422 3259 3491 ﬁgurata.
3286 3454 3358 3466 —
3382 3424 3538 3482 Vides
3566 3428 3773 3499 ubique

2173 3505 2284 3561 fere
2324 3507 2598 3576 figuratam
2645 3511 3132 3567 resurrectionem?
3181 3516 3341 3585 Atqui
3373 3532 3478 3572 non
3507 3529 3589 3574 est
3618 3520 3763 3575 idem

2174 3596 2342 3650 Dettm
2373 3598 2542 3667 ipsum
2581 3598 2780 3668 aliquid
2809 3598 3015 3668 facere,
3037 3612 3090 3657 et
3121 3604 3355 3661 hutnano
3381 3607 3602 3662 arbitrio
3627 3610 3763 3677 quid

2173 3688 2313 3744 ﬁeri.
2344 3688 2469 3744 llaec
2510 3688 2688 3760 itaque
2722 3705 2828 3744 non
2856 3705 2924 3746 ex
2968 3691 3202 3747 humano
3232 3697 3507 3765 proposito
3539 3698 3760 3757 ﬁebant.

2179 3780 2243 3834 Et
2268 3788 2377 3835 erat
2401 3791 2572 3851 potens
2589 3782 2641 3835 in
2661 3782 2806 3836 verba
2827 3792 2873 3836 et
2898 3799 3063 3853 apere.
3090 3784 3201 3839 lloc
3221 3787 3374 3852 dixit,
3398 3797 3451 3841 et
3473 3788 3620 3843 illum
3645 3804 3765 3844 ser-

2172 3882 2410 3928 vatorem
2431 3912 2447 3939 ,
2492 3881 2547 3928 et
2591 3874 2686 3929 hos
2714 3889 2839 3944 erga
2884 3875 3282 3933 benefactorem
3313 3879 3550 3950 ingratos
3573 3892 3765 3938 osten-

2173 3964 2325 4020 dens.
2359 3965 2427 4021 Ut
2463 3980 2591 4036 ergo
2618 3974 2742 4021 tunc
2788 3981 2818 4020 a
2860 3966 3057 4038 Joseph
3102 3970 3239 4023 mala
3280 3972 3515 4041 patiente
3557 3976 3764 4030 servati

2172 4066 2297 4112 sunt
2329 4075 2343 4111 :
2376 4058 2445 4111 ita
2473 4067 2527 4113 et
2552 4073 2691 4113 nunc
2718 4074 2748 4112 a
2776 4058 2961 4131 Moyse
2984 4060 3123 4116 male
3150 4072 3395 4132 excepto.
3422 4064 3560 4131 Quid
3587 4065 3762 4134 enim,

2173 4147 2219 4201 si
2246 4147 2395 4201 illum
2426 4162 2484 4202 re
2523 4162 2629 4202 non
2656 4148 3011 4204 occiderunt?
3053 4149 3316 4207 Sermone
3355 4163 3505 4207 certe
3548 4154 3763 4209 occide-

2174 4248 2331 4303 runt,
2364 4240 2501 4294 sicut
2526 4249 2582 4295 et
2607 4240 2702 4295 illi.
2744 4241 2811 4295 Et
2855 4241 2930 4295 illi
2959 4242 3172 4311 quidem
3203 4258 3267 4297 ex
3318 4258 3411 4297 sua
3444 4244 3500 4298 in
3526 4245 3765 4301 alienam

2174 4341 2370 4385 ten'am
2401 4329 2689 4400 Josepbum
2722 4331 3099 4398 vendiderunt;
3146 4332 3197 4387 hi
3226 4349 3355 4389 vero
3380 4349 3445 4389 ex
3485 4335 3659 4390 aliena
3704 4338 3763 4393 in

2173 4424 2403 4479 alienam
2432 4422 2665 4493 Moysem
2690 4422 2977 4493 fugarunt:
3010 4424 3084 4479 illi
3110 4424 3421 4480 alien-cutem
3447 4427 3664 4492 cibum,
3705 4428 3761 4484 hi

2173 4513 2454 4570 consilium
2494 4513 2711 4569 dantem
2742 4515 3013 4584 quomodo
3060 4531 3183 4571 cum
3232 4517 3341 4571 Deo
3366 4532 3486 4572 esse
3516 4530 3761 4587 possent.

2173 4607 2261 4661 Sic
2284 4620 2468 4661 verum
2512 4605 2767 4675 probatur
2796 4622 2860 4662 ex
2899 4606 2994 4671 iis,
3024 4623 3143 4677 qua:
3174 4623 3315 4663 ltllllc
3342 4608 3761 4676 dispensentur,

2174 4699 2370 4753 dictum
2399 4697 2527 4753 illud
2552 4698 2897 4753 Gamalielis:
2935 4699 2998 4754 Si
3034 4715 3098 4752 ea:
3119 4698 3228 4753 Deo
3262 4699 3327 4753 sit
3350 4738 3366 4764 ,
3409 4716 3509 4753 non
3551 4702 3766 4768 potestis

2174 4790 2445 4845 dissolvere
2485 4788 2637 4843 illud.
2666 4789 2745 4843 Tu
2771 4804 2898 4844 vero
2928 4806 3047 4844 cum
3079 4789 3242 4844 discis
3268 4805 3394 4856 eos,
3426 4789 3515 4861 qui
3548 4791 3765 4846 insidiis

2173 4891 2527 4954 appetuntur,
2559 4881 2956 4937 insidiatoribus
3001 4882 3190 4936 salutis
3218 4897 3435 4937 causam
3484 4883 3633 4949 fieri,
3663 4883 3767 4937 ob-

2174 4985 2420 5045 stupesce
2438 4974 2505 5030 de
2545 4974 2638 5031 Dei
2667 4975 2928 5043 sapientia
2955 4983 3010 5028 et
3038 4974 3280 5031 solertia.
3309 4974 3441 5029 Nam
3471 4976 3515 5031 si
3547 4976 3622 5030 illi
3650 4992 3764 5034 non

2174 5066 2383 5122 insidiis
2412 5065 2635 5135 itnpetiti
2659 5065 2903 5131 fuissent,
2927 5064 2981 5118 hi
3013 5080 3118 5118 non
3150 5064 3375 5120 fuissent
3405 5068 3625 5120 servati.
3658 5067 3766 5121 Fa-

2175 5171 2291 5212 mes
2315 5164 2452 5221 erat,
2468 5170 2565 5211 nec
2585 5155 2918 5224 consumpsit
2934 5155 3073 5209 illos.
3092 5154 3274 5223 Neque
3289 5155 3391 5209 huc
3413 5164 3637 5217 tantum;
3662 5156 3765 5212 sed

2174 5252 2334 5308 etiam
2361 5250 2430 5305 ab
2457 5249 2548 5305 illo
2573 5248 2769 5304 servati
2796 5257 2940 5313 sunt,
2965 5262 3122 5317 quem
3156 5248 3419 5317 perditum
3447 5248 3761 5317 sperabant.

2173 5343 2387 5399 Jussum
2411 5339 2613 5410 regium
2633 5339 2749 5403 fuit,
2774 5354 2873 5393 nec
2890 5337 3119 5407 perdidit
3142 5352 3270 5401 eos;
3304 5338 3412 5392 imo
3441 5346 3568 5392 tunc
3590 5339 3768 5407 magis

2173 5441 2329 5487 aucta
2358 5442 2441 5485 est
2470 5428 2774 5495 multitudo,
2804 5443 2926 5482 cum
2950 5428 3059 5493 ille,
3089 5429 3177 5497 qui
3211 5437 3434 5483 noverat
3461 5442 3580 5493 eos,
3600 5443 3767 5482 mor-

2177 5534 2297 5579 tuus
2324 5531 2427 5578 est.
2450 5521 2788 5578 Servatorem
2813 5534 2969 5575 suum
2998 5518 3243 5575 volebant
3271 5518 3543 5586 occidere,
3575 5533 3758 5589 neque

2175 5616 2253 5670 sic
2279 5619 2586 5683 potuerunt.

2243 5703 2301 5757 2.
2343 5700 2529 5755 Viden'
2548 5739 2567 5767 ,
2593 5698 2863 5770 quomodo
2894 5713 2989 5769 per
3014 5715 3133 5767 qua:
3169 5697 3413 5754 diabolus
3438 5696 3764 5776 promissi?-

2174 5809 2297 5852 uent
2330 5791 2425 5851 Dei
2451 5790 2659 5851 irritam
2685 5789 2865 5848 fame
2894 5790 3188 5847 conabatur
3208 5831 3224 5861 ,
3252 5803 3349 5860 per
3375 5788 3465 5844 illa
3493 5789 3760 5845 creverit?
