3972 6212
264 412 353 472 119

259 534 391 585 Tunc
411 539 503 593 par
526 529 640 577 erat
659 521 842 575 dlcere
864 519 986 573 illos
1012 533 1029 572 :
1056 515 1122 571 Sa
1132 515 1282 584 piens
1309 522 1393 569 est
1413 514 1553 568 Dens
1568 553 1586 578 ,
1616 524 1819 580 nosque

261 629 415 689 potest
436 620 557 671 hinc
578 615 857 668 reducere.
880 608 1154 678 Sapientia
1178 621 1405 675 namque
1434 605 1526 658 Dei
1550 605 1600 657 iu
1625 618 1691 658 eo
1717 612 1821 655 ma-

260 713 381 765 xims
407 717 518 761 erat
536 747 552 773 ,
581 704 724 775 quod
753 705 804 756 in
832 703 1073 757 adversis
1098 713 1230 768 gens
1258 698 1345 751 illa
1376 704 1665 761 cresceret,
1696 710 1813 749 ser-

259 804 406 855 vitate
424 841 437 861 ,
469 798 727 850 aerumnis
754 804 810 850 et
837 793 1073 847 cmdibus
1098 798 1309 845 vexata.
1357 788 1481 842 llaec
1512 784 1818 856 magnitudo

261 892 610 965 promissionis
635 897 769 943 erat.
800 886 932 942 Nam
960 886 1003 939 si
1036 885 1089 938 in
1121 894 1259 938 terra
1290 895 1383 937 sua
1413 881 1691 941 crevisset,
1721 892 1825 931 non

262 992 319 1043 ita
345 984 585 1040 mirabile
629 982 835 1036 luisset.
862 978 1048 1047 Neque
1088 990 1252 1046 parvo
1295 984 1535 1042 tempore
1567 972 1619 1025 in
1652 971 1824 1024 aliena

262 1090 384 1134 terra
427 1078 634 1129 fuerant
660 1117 677 1141 ,
724 1073 818 1128 sed
845 1068 1247 1141 quadringentis
1275 1067 1447 1119 annis.
1484 1065 1616 1117 llinc
1651 1063 1811 1116 disci-

262 1188 385 1231 mus,
416 1170 539 1222 illos
561 1181 806 1236 magnam
832 1162 1219 1233 philosOpbiam
1248 1174 1355 1228 prae
1381 1173 1440 1213 se
1471 1158 1656 1211 tulisse
1681 1174 1692 1207 :
1718 1172 1824 1209 non

260 1264 386 1315 enim
434 1260 579 1313 sicut
617 1257 820 1311 domini
870 1255 1039 1309 servis
1068 1253 1169 1305 illis
1199 1251 1515 1311 utebantur,
1553 1246 1646 1301 sed
1693 1246 1831 1300 sicut

262 1353 443 1407 inimici
464 1363 516 1405 et
546 1348 778 1421 tyranni.
809 1346 935 1401 Ideo
958 1345 1202 1414 prtcdixit
1227 1342 1423 1407 illosjn
1449 1340 1690 1393 libertate
1718 1352 1831 1390 ma-

261 1460 348 1511 gna
390 1445 599 1497 laturos
636 1453 758 1494 esse
786 1456 801 1493 :
831 1436 883 1491 id
926 1438 1067 1490 enim
1108 1435 1207 1489 sibi
1236 1433 1349 1486 vult
1392 1429 1519 1484 illud
1545 1470 1560 1494 ,
1601 1429 1829 1482 Servieut

262 1537 400 1599 nrilti,
444 1544 489 1586 et
533 1535 632 1585 huc
672 1522 1015 1591 reuertentur,
1050 1541 1148 1581 nec
1191 1525 1307 1579 sine
1334 1523 1554 1576 ultione.
1605 1521 1671 1574 Et
1710 1518 1830 1571 aui-

262 1626 517 1680 madrerte
542 1665 561 1689 ,
588 1620 861 1690 quomodo
909 1619 1152 1673 videatur
1194 1613 1392 1684 aliquid
1437 1608 1829 1666 circumcisioni

263 1718 568 1781 comedere,
600 1727 723 1768 cum
764 1711 895 1767 nihil
920 1711 970 1765 ei
998 1708 1231 1771 tribuat;
1258 1704 1518 1774 siquidem
1550 1699 1833 1770 promissio

266 1808 518 1877 [incessit
572 1807 715 1859 illam
741 1846 756 1870 ,
788 1818 906 1873 quze
934 1799 1199 1871 posterior
1240 1798 1354 1850 luit.
1391 1795 1454 1848 Et
1494 1791 1831 1865 patriarclue,

265 1902 443 1969 inquit,
468 1898 796 1952 (salutantes.
827 1894 925 1946 llic
951 1906 1054 1946 non
1079 1889 1223 1944 laedit
1240 1902 1355 1953 eos,
1386 1887 1479 1941 sed
1506 1882 1836 1954 gratiﬁcatur

266 1993 394 2058 imis.
441 1988 794 2044 Patriarchas
836 1995 1013 2039 autem
1054 1990 1208 2037 vocat
1251 1980 1654 2051 progenitores;
1702 1989 1836 2045 quo-

266 2085 386 2137 niam
412 2082 478 2136 de
514 2082 606 2134 his
634 2079 801 2131 altum
828 2076 1122 2145 sapiebaat.
1146 2073 1398 2142 Alioquin
1423 2085 1552 2125 vero
1578 2067 1831 2132 ostendit,

264 2184 456 2228 sanctos
482 2186 602 2225 non
632 2168 800 2224 fuisse
819 2179 1176 2222 aerumnarum
1207 2172 1474 2233 expertes,
1503 2160 1598 2216 sed
1624 2158 1677 2213 in
1706 2160 1836 2227 ipsis

262 2264 503 2318 arumnis
517 2276 682 2329 opem
700 2267 1015 2327 assequutos
1028 2271 1164 2310 esse.
1193 2255 1268 2309 llli
1286 2269 1414 2307 vero
1427 2268 1531 2306 non
1550 2250 1710 2306 modo
1728 2264 1834 2303 non

260 2356 535 2409 solvebant
558 2353 724 2421 ipsas,
758 2350 853 2405 sed
882 2348 1043 2404 etiam
1060 2361 1180 2401 cum
1195 2344 1551 2414 amigentibus
1574 2357 1634 2396 se
1649 2354 1839 2410 coope-

258 2447 658 2508 nbantur,cum
672 2441 980 2497 debuissent
995 2438 1169 2507 potius
1181 2436 1297 2490 illas
1308 2433 1838 2500 exscindere.Quem-

258 2537 542 2591 admodum
579 2547 710 2601 ergo
740 2529 816 2585 illi
863 2529 1154 2599 Josephum
1206 2525 1521 2587 uendentes,
1553 2523 1834 2577 clariorem

260 2629 393 2681 illam
416 2626 797 2688 reddiderunt,
824 2622 902 2676 sic
928 2636 1023 2675 rex
1054 2620 1309 2690 Moysem,
1338 2632 1458 2670 eum
1480 2615 1639 2685 jnssit
1666 2612 1835 2669 occidi

260 2734 477 2789 pueros:
509 2717 615 2771 nisi
638 2715 782 2768 enim
809 2713 1076 2782 iussisset,
1108 2724 1212 2763 non
1244 2707 1669 2763 hoceveatnrum
1698 2712 1834 2758 erat.

324 2810 415 2863 Dei
477 2806 917 2877 providentia.-—-
946 2802 1075 2858 Vide
1132 2800 1516 2871 providentiam
1578 2796 1693 2851 Dei.
1744 2794 1838 2849 Ille

262 2904 387 2971 legat
426 2900 717 2970 Moysen);
766 2910 864 2950 nec
905 2896 1043 2949 Deus
1088 2890 1371 2963 prohibet,
1417 2889 1558 2958 quod
1602 2888 1835 2941 futurum

261 3004 362 3050 erat
390 2994 751 3061 dispensans,
776 2997 833 3041 ut
854 2987 961 3040 illic
988 2985 1082 3040 Dei
1128 2984 1334 3037 visione
1382 2980 1710 3050 dignaretur.
1749 2978 1840 3032 Sic

262 3098 308 3139 et
334 3099 560 3139 servum
599 3080 873 3134 venditum
908 3077 977 3131 ibi
1011 3091 1185 3144 regem
1207 3073 1506 3137 constituit,
1536 3071 1624 3124 ubi
1650 3084 1840 3124 servus

262 3192 368 3230 asc
384 3173 699 3243 putabatur.
718 3170 866 3224 Sicut
898 3176 1072 3221 autem
1096 3165 1184 3219 hic
1213 3165 1284 3219 ibi
1317 3173 1520 3231 regnat,
1554 3161 1638 3215 ubi
1669 3161 1839 3229 ipsum

262 3266 612 3319 tradiderunt
627 3281 643 3316 :
662 3262 739 3316 sic
758 3271 812 3315 et
832 3258 1075 3313 Christus
1096 3257 1149 3309 in
1172 3265 1345 3309 morte
1362 3261 1674 3322 potestatem
1690 3250 1843 3304 exhi-

265 3358 388 3409 buit.
422 3356 540 3409 Hoc
571 3369 679 3405 non
718 3350 937 3405 honoris
971 3357 1170 3402 tantum
1190 3356 1323 3408 erat,
1344 3344 1436 3399 sed
1453 3343 1591 3413 quod
1610 3342 1841 3397 etiamin

264 3462 346 3502 sua
364 3456 633 3517 praestate
662 3443 869 3497 Iideret.
888 3439 997 3495 Sed
1021 3440 1128 3509 jam
1159 3453 1278 3508 qua:
1297 3437 1435 3490 dicta
1466 3444 1609 3499 sunt,
1629 3442 1844 3503 repeta-

265 3554 393 3593 Inus.
434 3538 504 3591 Et
535 3535 795 3589 constituit
836 3547 950 3586 eum
984 3532 1313 3601 praepositum
1338 3544 1489 3598 super
1514 3525 1801 3597 ngyptum
1824 3564 1840 3591 ,

263 3640 307 3683 et
332 3646 478 3695 super
505 3642 709 3681 omnem
737 3625 945 3677 domum
966 3638 1131 3676 suum.
1157 3620 1288 3674 Vide
1309 3629 1504 3689 quanta
1535 3633 1628 3687 per
1650 3618 1843 3670 famem

264 3729 547 3791 praeparet.
584 3717 651 3771 In
679 3716 999 3785 septuaginta
1038 3715 1257 3784 quinque
1299 3712 1594 3775 animabus,
1645 3710 1844 3778 inquit,

265 3812 515 3865 descendit
537 3809 702 3861 Iacob
733 3810 785 3859 in
814 3804 1121 3874 £gyptum,
1170 3814 1217 3856 et
1263 3802 1528 3872 defunctus
1558 3808 1630 3854 est
1660 3799 1768 3868 ipse
1800 3807 1847 3852 et

266 3919 423 3975 patres
448 3902 643 3957 nostri.
670 3898 736 3953 Et
763 3897 996 3951 translati
1016 3905 1131 3948 sunt
1152 3896 1205 3947 in
1238 3892 1468 3958 Sichem,
1493 3901 1538 3944 et
1564 3891 1712 3961 positi
1731 3897 1849 3943 sunt

265 4000 311 4049 iu
337 3997 578 4067 sepulcro
604 4033 619 4056 ,
646 3990 783 4060 quod
809 3988 927 4042 emit
970 3986 1225 4039 Abraham
1261 3984 1419 4053 pretio
1440 3982 1635 4052 argenti
1671 3998 1703 4033 ιι
1727 3980 1849 4047 [iliis

268 4087 451 4140 Hruaor
480 4084 584 4151 filii
616 4081 845 4135 Sicltem.
874 4075 1120 4131 Ostendit
1151 4076 1273 4129 illos
1302 4089 1472 4142 neque
1497 4072 1728 4140 sepulcri
1755 4072 1853 4126 do-

266 4181 430 4233 minos
459 4177 655 4231 luisse.
688 4172 757 4227 Ut
776 4180 945 4224 autem
968 4166 1386 4239 apprOpiuquavit
1414 4175 1607 4233 tempus
1636 4165 1853 4231 promis-

263 4274 435 4334 sionis,
465 4285 627 4338 quem
645 4268 913 4336 jurauerat
942 4262 1076 4315 Deus
1102 4262 1337 4323 Abralue,
1365 4259 1518 4312 crevit
1541 4257 1778 4326 populus,
1808 4265 1852 4310 et

265 4364 637 4431 uultiplieatus
659 4367 729 4410 est
756 4357 809 4408 in
832 4354 1062 4425 AS'gypta
1080 4394 1094 4418 ,
1118 4351 1441 4422 quoadusque
1476 4349 1693 4402 surrexit
1722 4348 1853 4401 alius

266 4470 350 4507 re:
369 4496 383 4515 .
415 4451 509 4521 qui
538 4449 792 4503 nesciebat
814 4444 1028 4514 Ioseph.
1062 4442 1224 4508 Vide,
1254 4440 1522 4512 quomodo
1548 4455 1654 4493 non
1696 4440 1748 4492 in
1779 4447 1857 4492 tot

266 4547 419 4598 annis
445 4544 603 4597 auxit
637 4553 765 4599 eos,
798 4536 893 4591 sed
920 4551 1041 4590 cum
1085 4534 1205 4588 linis
1235 4532 1678 4602 appropinquavit
1706 4546 1720 4580 :
1755 4532 1854 4585 etsi

264 4636 369 4703 jam
402 4630 789 4703 quadringenti
816 4628 938 4681 anni
959 4666 975 4691 ,
1005 4628 1112 4680 imo
1139 4626 1319 4695 plures
1343 4666 1357 4689 ,
1388 4623 1775 4693 praeteriissent
1801 4622 1855 4676 in

269 4724 528 4795 Lupia.
556 4723 623 4775 Et
650 4721 753 4775 huc
773 4718 1017 4772 mirabile
1038 4726 1139 4771 est.
1171 4714 1257 4770 19.
1285 4714 1403 4779 Hic,
1428 4716 1619 4784 inquit,
1642 4714 1858 4767 circuat-

268 4820 472 4871 veniens
503 4830 665 4883 genus
690 4820 917 4864 nostrum
938 4848 954 4875 ,
982 4809 1155 4879 afﬂixit
1186 4816 1351 4877 patres
1380 4816 1595 4869 nostros,
1622 4815 1675 4858 ut
1700 4820 1859 4875 expo-

271 4917 443 4961 aaent
476 4909 705 4973 infantes
725 4918 842 4956 suos
865 4942 880 4969 ,
910 4917 972 4955 ne
992 4901 1381 4967 viviﬁcarentur.
1416 4898 1820 4952 Circumveniens
1840 4936 1856 4963 ,

271 4999 479 5069 inquit,
531 4994 879 5050 subindicaas
930 4992 1315 5047 clandestinam
1362 4990 1564 5045 eadem
1598 5006 1611 5041 :
1646 4987 1862 5042 nolebat

270 5093 412 5143 enim
437 5097 629 5157 aperte
650 5085 773 5139 illos
787 5083 1063 5149 occidere;
1098 5083 1217 5137 ideo
1242 5081 1390 5136 addit
1416 5098 1431 5134 :
1459 5079 1526 5134 Ut
1554 5088 1862 5148 esi-ponerent

270 5180 499 5249 infantes
530 5191 670 5232 suos.
695 5175 784 5229 20.
820 5172 885 5228 In
913 5190 1011 5243 quo
1030 5182 1254 5243 tempore
1290 5181 1439 5225 natus
1459 5179 1532 5225 est
1563 5168 1788 5239 Moyses,
1817 5176 1864 5221 et

274 5274 369 5341 (ait
395 5282 577 5342 gratus
607 5268 738 5323 Deo.
771 5268 882 5323 lloc
912 5266 1154 5321 mirabile
1179 5277 1258 5320 eet
1283 5304 1299 5329 ,
1327 5264 1469 5335 quod
1497 5264 1542 5318 is
1560 5302 1577 5327 ,
1606 5264 1695 5333 qui
1725 5275 1865 5333 pra:-

272 5366 446 5419 leuus
489 5362 696 5416 laturus
722 5370 839 5414 erat
861 5399 875 5423 ,
929 5374 1035 5413 non
1062 5369 1189 5413 ante
1218 5358 1301 5411 vel
1328 5365 1447 5427 post
1470 5398 1485 5423 ,
1519 5356 1613 5411 sed
1645 5355 1696 5409 in
1747 5367 1863 5408 me-

269 5460 359 5514 dio
393 5456 584 5510 furore
613 5462 884 5508 nascatur.
920 5450 984 5504 Et
1009 5452 1229 5504 nutritus
1258 5459 1329 5503 est
1354 5449 1513 5503 tribus
1536 5448 1785 5502 mensibus
1810 5448 1864 5500 in

274 5555 427 5605 denso
468 5552 646 5617 patris.
682 5544 905 5612 Quando
934 5544 1090 5613 igitur
1110 5543 1342 5595 humana
1372 5541 1569 5593 nullam
1601 5555 1749 5609 spem
1779 5538 1868 5593 ol-

274 5644 563 5702 tvrebant,
606 5648 661 5691 et
700 5638 841 5690 illum
885 5637 1219 5705 abjccerant,
1267 5642 1390 5687 tunc
1433 5631 1523 5685 Dei
1567 5630 1865 5685 (economia

276 5731 450 5786 (alsit.
481 5727 575 5784 ιι.
608 5728 903 5797 EIpositum
940 5738 1109 5780 autem
1151 5724 1293 5778 illum
1325 5723 1525 5777 sustulit
1564 5723 1676 5791 [ilia
1718 5719 1864 5775 Pha-

278 5834 459 5881 rao-uc
480 5862 499 5887 ,
538 5831 582 5876 et
610 5822 811 5875 nutrivit
840 5837 952 5876 eum
995 5819 1090 5875 sibi
1135 5818 1187 5873 in
1217 5817 1397 5888 ﬁlium.
1425 5813 1693 5886 Nusquam
1727 5824 1861 5872 tein-

1195 401 1476 457 lN"ACTA
1517 392 2040 453 M‘OSTOLORUM.
2082 391 2306 447 llOMlL.
2351 391 2492 451 XVI.

3411 394 3513 448 l30

1933 506 2098 576 plum,
2126 518 2386 576 nusquam
2408 503 2747 571 sacriﬁcium,
2771 504 2896 561 licet
2913 513 2992 562 tot
3019 514 3270 576 tantaque
3296 506 3505 576 dispen-

1929 607 2134 652 sentur.
2165 598 2232 651 Et
2261 596 2516 651 educatus
2546 606 2629 651 est
2654 598 2704 651 in
2728 599 2948 653 barbara
2978 600 3156 654 domo.
3186 600 3276 655 22.
3307 602 3371 654 Et
3391 619 3506 656 em-

1932 689 2066 743 ditus
2090 700 2162 744 est
2192 689 2393 761 Moyses
2414 690 2466 743 in
2492 689 2629 742 omni
2654 688 2900 758 sapientia
2928 689 3315 761 .Egyptiorum,
3343 700 3510 746 cteral
3574 694 3603 741 .’

1934 791 2107 850 potens
2134 781 2184 833 in
2212 782 2372 835 verbis
2401 790 2446 834 et
2474 781 2527 833 in
2554 779 2806 847 aperibus.
2838 782 3012 836 Mirari
3042 785 3213 846 subit,
3244 786 3509 853 quomodo
3564 802 3573 817 τ

1932 872 2280 942 quadraginta
2309 874 2463 926 annis
2491 872 2598 926 illic
2624 872 2802 936 fuerit,
2837 888 2935 927 nec
2964 873 3328 943 deprehensus
3354 877 3423 930 sit
3443 892 3510 930 ex

1933 962 2368 1024 circumcisione;
2412 962 2520 1015 imo
2564 962 2738 1031 potius
2765 962 3033 1031 quomodo
3070 979 3258 1018 secure
3296 975 3514 1034 agentes

1936 1068 2027 1105 sua
2058 1052 2359 1121 despiciunt
2384 1061 2438 1106 et
2470 1051 2553 1105 hic
2575 1062 2631 1105 et
2653 1052 2876 1121 Joseph,
2907 1063 2964 1106 ut
2986 1053 3122 1107 alios
3148 1064 3363 1108 Servcnt
3385 1074 3398 1109 :
3421 1055 3513 1110 25.

1938 1140 2005 1195 Ut
2022 1154 2187 1195 autem
2214 1144 2472 1211 impletum
2490 1153 2563 1196 est
2582 1145 2659 1197 illi
2678 1144 3014 1214 quadraginta
3034 1162 3279 1197 annorum
3297 1154 3513 1214 tempus,

1934 1235 2156 1286 ascendit
2178 1235 2230 1287 in
2250 1251 2337 1288 cor
2363 1236 2491 1304 eius,
2518 1244 2572 1288 ut
2593 1237 2813 1289 uisitaret
2834 1241 3015 1307 fratres
3035 1254 3153 1291 suos
3179 1239 3310 1305 ﬁlios
3330 1238 3514 1292 Israel.

1934 1326 2023 1379 24.
2057 1325 2123 1379 Ει
2147 1343 2260 1379 cum
2286 1328 2489 1382 uidisset
2516 1330 2782 1395 quemdam
2809 1330 3049 1398 injuriam
3077 1332 3346 1400 patientem
3372 1371 3386 1394 ,
3409 1333 3520 1385 ain-

1936 1416 2119 1470 dicavit
2148 1419 2313 1482 illum,
2346 1428 2390 1472 et
2417 1420 2532 1489 fecit
2552 1421 2792 1473 ultionem
2818 1421 2880 1485 ei,
2914 1422 3001 1491 qui
3024 1423 3265 1491 injuriam
3298 1425 3515 1477 sustine-

1936 1506 2045 1572 bat,
2081 1524 2312 1576 percusso
2338 1507 2606 1580 Egi/ptio.
2634 1509 2725 1565 25.
2770 1511 3104 1565 Existimabat
3130 1522 3298 1565 autem
3329 1514 3517 1568 iutel.’i-

1936 1612 2051 1665 gere
2080 1598 2262 1665 fratres
2283 1615 2416 1661 suos,
2443 1601 2681 1669 quoniam
2706 1599 2840 1653 Deus
2867 1617 2955 1670 per
2974 1617 3177 1653 manum
3198 1603 3355 1669 ipsius
3377 1604 3518 1655 daret

1938 1689 2148 1741 salutem
2178 1689 2280 1743 illis
2310 1705 2328 1743 :
2356 1700 2407 1742 at
2432 1691 2514 1743 illi
2534 1707 2634 1743 non
2663 1692 3038 1746 intellexerunt.
3066 1691 3221 1759 Vide,
3249 1694 3519 1761 quomodo

1938 1780 2174 1834 nonduin
2209 1782 2463 1835 molestus
2490 1783 2751 1845 videatur,
2783 1784 2878 1837 sed
2904 1798 3024 1836 cum
3054 1792 3195 1837 tanta
3232 1785 3519 1839 concione-

1940 1879 2045 1937 tnr,
2081 1873 2229 1925 illum
2256 1873 2440 1927 audire
2462 1876 2792 1939 sustineant;
2827 1876 2893 1928 ita
2913 1875 3034 1929 illos
3055 1876 3231 1929 vultus
3250 1877 3332 1930 sui
3351 1878 3519 1946 gratia

1938 1972 2173 2032 ceperat.
2209 1963 2567 2029 Existimabat,
2600 1968 2802 2036 inquit,
2831 1967 3110 2036 intelligere
3131 1968 3332 2036 fratres.
3360 1970 3519 2039 Atqui

1939 2056 2189 2124 operibus
2215 2058 2565 2124 patrocinium
2587 2058 3078 2123 demonstrabantur,
3108 2075 3280 2127 neque
3300 2072 3415 2115 erat
3437 2077 3522 2115 ra-

1941 2145 2157 2198 tiocinio
2178 2158 2313 2213 opus
2336 2162 2350 2197 :
2379 2160 2552 2215 neque
2578 2156 2753 2201 tamen
2776 2148 2857 2202 sic
2882 2148 3277 2204 intellexerunt.
3309 2151 3517 2219 Viden‘,

1939 2237 2208 2307 quomodo
2235 2253 2357 2293 cum
2390 2239 2797 2294 mansuetudine
2825 2241 3191 2306 concionetur,
3228 2255 3276 2298 et
3318 2258 3439 2298 cum
3469 2245 3520 2299 in

1939 2330 2032 2384 illo
2064 2330 2197 2383 iram
2235 2338 2605 2395 monstrasset,
2638 2332 2688 2384 in
2715 2330 2820 2385 hoc
2847 2333 3309 2389 mansuetudinem
3337 2345 3522 2388 osten-

1938 2421 2068 2476 dat?
2094 2420 2182 2475 26.
2210 2421 2453 2489 Sequenti
2472 2430 2586 2475 vero
2611 2422 2693 2474 die
2711 2423 2950 2492 apparuit
2977 2423 3081 2476 illis
3105 2424 3413 2495 litigantibus
3438 2442 3456 2479 :
3478 2436 3523 2478 et

1938 2512 2326 2566 reconcialiabat
2349 2513 2464 2566 illos
2484 2514 2535 2565 in
2564 2529 2686 2583 pace
2707 2554 2721 2577 ,
2755 2513 2924 2567 dicens
2952 2528 2970 2566 :
3008 2512 3138 2579 Viri,
3169 2518 3350 2582 fratres
3375 2516 3519 2581 estis,

1939 2614 1997 2659 ut
2023 2605 2147 2673 quid
2166 2606 2354 2658 nocetis
2378 2605 2716 2659 alterutrum?
2742 2604 2831 2658 27.
2862 2605 2963 2671 Qui
2985 2616 3151 2659 autem
3180 2606 3420 2676 injuriam
3446 2612 3526 2678 fa-

1940 2696 2101 2749 ciebat
2138 2696 2397 2764 proximo,
2438 2696 2624 2764 repulit
2654 2712 2767 2749 eum
2801 2697 3005 2750 dicens:
3039 2697 3163 2761 Quis
3191 2707 3236 2750 te
3271 2698 3526 2750 constituit

1942 2785 2220 2854 principem
2249 2793 2294 2837 et
2314 2784 2541 2853 judicent
2571 2800 2724 2853 super
2749 2786 2882 2838 nos?
2918 2785 3007 2839 28.
3040 2784 3302 2856 Numquid
3329 2788 3522 2854 interﬁ-

1940 2890 2051 2928 cere
2071 2891 2148 2927 me
2171 2885 2225 2927 tu
2245 2876 2339 2938 vis,
2360 2875 2487 2927 sicut
2513 2874 2621 2927 heri
2647 2875 2938 2943 interfecisti
2961 2873 3301 2945 Egyptium?
3326 2877 3525 2930 Eodem

1941 2967 2121 3020 animo
2154 2976 2338 3020 contra
2367 2965 2637 3020 Christum
2673 2965 2921 3019 videntur
2951 2966 3132 3020 dicere
3161 2984 3175 3018 :
3214 2963 3333 3019 Non
3370 2968 3526 3021 liabe-

1942 3077 2054 3112 mus
2092 3075 2257 3130 regem
2281 3098 2298 3125 ,
2334 3057 2431 3110 nisi
2457 3056 2704 3111 Cursarem
2731 3054 2912 3125 (Joan.
2937 3057 3023 3110 19.
3058 3057 3168 3126 15).
3201 3055 3289 3112 Sic
3316 3072 3530 3126 semper

1943 3152 2122 3209 facere
2144 3152 2387 3207 solebant
2412 3150 2581 3205 Judaei
2602 3191 2618 3213 ,
2646 3165 2769 3203 cum
2798 3147 3054 3203 beneﬁcia
3082 3150 3405 3218 acciperent.
3438 3148 3529 3203 Vi-

1944 3244 2121 3298 distin'
2145 3243 2502 3310 insipientiam
2524 3244 2547 3293 ἰ
2566 3240 2723 3304 Eum,
2743 3240 2833 3309 qui
2862 3254 2919 3293 se
2944 3246 3253 3293 servaturus
3274 3249 3409 3300 erat,
3438 3252 3529 3293 ac-

1945 3345 2134 3390 cusant
2170 3348 2290 3387 cum
2325 3332 2537 3395 dicunt,
2574 3330 2720 3385 Sicut
2744 3330 2850 3382 lteri
2881 3330 3171 3399 interfecisti
3199 3328 3528 3398 lEgyptium.

1944 3430 2035 3485 29.
2071 3427 2225 3499 Fugit
2246 3438 2412 3480 autem
2438 3425 2637 3497 Moyses
2666 3426 2717 3477 in
2747 3422 2893 3478 uerbo
2922 3425 3017 3478 isto
3040 3441 3059 3479 :
3089 3436 3133 3477 et
3155 3430 3318 3496 factus
3343 3436 3412 3478 est
3439 3426 3535 3478 ad-

1947 3536 2070 3574 uena
2092 3522 2146 3574 in
2177 3531 2310 3573 terra
2344 3517 2575 3583 Madian,
2606 3516 2692 3571 ubi
2725 3519 2978 3587 generavit
3003 3518 3137 3585 ﬁlios
3160 3519 3307 3571 duos.
3338 3517 3493 3587 Fugit
3516 3558 3531 3581 ,

1949 3629 2121 3683 neque
2148 3614 2269 3681 fuga
2290 3611 2647 3665 oeconomiam
2674 3609 2949 3673 exstinxit,
2978 3620 3035 3663 ut
3061 3625 3235 3678 neque
3255 3625 3423 3664 mors.
3441 3611 3532 3664 50.

1950 3703 2017 3757 Et
2044 3704 2256 3769 expletis
2287 3705 2432 3757 annis
2470 3702 2839 3773 quadraginta,
2867 3704 3106 3771 apparuit
3143 3702 3220 3755 illi
3258 3704 3307 3755 in
3340 3704 3537 3756 deserto

1951 3795 2135 3849 montis
2163 3794 2293 3849 Sina
2313 3796 2523 3863 angelus
2549 3794 2759 3848 Domini
2783 3795 2835 3848 in
2865 3794 2980 3865 igne
3000 3796 3223 3863 ﬂanimea
3246 3795 3377 3850 rubi.

2022 3888 2076 3942 ὃ.
2111 3886 2315 3951 Viden‘,
2344 3885 2614 3955 quomodo
2651 3886 2951 3941 meonomia
2980 3901 3084 3940 non
3127 3898 3365 3953 tempore
3391 3887 3537 3941 sein-

1953 3980 2135 4035 ditur?
2162 3978 2294 4033 Cum
2336 3978 2590 4047 profugus
2633 3988 2806 4043 esset,
2854 3993 2977 4032 cum
3022 3979 3369 4057 peregrinus,
3414 3993 3538 4033 cum

1955 4073 2122 4125 multo
2149 4078 2386 4139 tempore
2405 4069 2455 4121 in
2482 4068 2653 4122 aliena
2678 4077 2815 4121 terra
2840 4066 3220 4128 mansisset,~et
3246 4068 3379 4119 lilius
3404 4068 3542 4120 duas

1955 4164 2309 4233 suscepisset,
2339 4178 2459 4218 cum
2488 4177 2590 4218 non
2618 4162 2754 4215 ultra
2778 4159 3003 4214 reditum
3026 4167 3383 4228 exSpectarct,
3410 4168 3539 4212 tunc

1957 4256 2181 4325 angelus
2212 4255 2310 4322 ipsi
2342 4262 2579 4321 apparet.
2627 4250 2821 4306 Filium
2863 4249 2956 4305 Dei
2984 4258 3137 4303 vocat
3167 4250 3409 4319 angelum
3431 4290 3447 4315 ,
3485 4259 3543 4304 nt

1958 4359 2012 4403 et
2038 4348 2333 4402 hominem.
2368 4347 2433 4400 Et
2458 4344 2546 4400 ubi
2574 4342 2831 4414 apparet?
2860 4343 2914 4397 In
2938 4342 3175 4406 deserto,
3204 4359 3307 4396 non
3333 4344 3381 4395 in
3410 4351 3545 4395 tem-

1963 4441 2070 4509 plo.
2112 4437 2320 4502 Viden‘,
2350 4446 2478 4504 quot
2508 4435 2635 4488 ﬁant
2677 4434 2965 4499 miracula,
3010 4441 3065 4488 et
3104 4448 3362 4502 nusquam
3406 4443 3544 4485 tem-

1962 4535 2136 4602 plum,
2172 4542 2434 4598 nusquam
2475 4527 2768 4582 sacrilicia?
2801 4524 2981 4594 Neque
3024 4525 3111 4579 hic
3149 4526 3464 4594 simpliciter
3494 4527 3543 4577 in

1960 4623 2195 4686 deserto,
2228 4619 2322 4674 sed
2353 4619 2405 4672 in
2438 4618 2589 4672 rubo.
2625 4618 2715 4671 51.
2748 4617 2951 4687 Moyses
2974 4627 3140 4669 autem
3162 4617 3351 4678 videns,
3378 4616 3546 4668 admie

1962 4724 2102 4767 ratus
2128 4722 2201 4765 est
2231 4712 2423 4774 visum;
2451 4720 2497 4762 et
2524 4709 2786 4762 accedente
2817 4710 2904 4761 illo
2933 4718 2987 4760 ut
3019 4709 3379 4770 consideraret,
3414 4710 3553 4778 facta

1963 4816 2035 4860 est
2059 4821 2156 4859 vox
2181 4802 2412 4857 Domini.
2461 4803 2601 4857 Ecce
2648 4815 2776 4855 voce
2806 4815 3017 4869 quoque
3047 4799 3296 4868 dignatas
3330 4808 3430 4852 est.
3459 4798 3549 4851 52.

1965 4900 2077 4971 Ego
2106 4918 2215 4955 sum
2243 4898 2381 4952 Deus
2411 4906 2613 4968 patrum
2645 4905 2874 4959 tuorum,
2920 4892 3060 4946 Deus
3098 4893 3387 4956 Abraham,
3421 4889 3556 4944 Deus

1967 4991 2139 5054 Isaac,
2173 5000 2219 5043 et
2247 4989 2380 5041 Deus
2408 4986 2590 5040 Jacob.
2616 4983 2731 5039 Non
2753 4983 2910 5038 modo
2940 4982 3026 5036 hic
3050 4981 3285 5035 ostendit
3309 4981 3554 5049 angelum

1966 5084 2055 5152 qui
2105 5081 2351 5151 apparuit
2377 5080 2462 5144 ei,
2502 5092 2623 5131 esse
2668 5074 2843 5144 magni
2889 5073 3097 5127 consilii
3128 5072 3411 5140 angelum;
3460 5074 3556 5128 sed

1968 5174 2130 5227 etiam
2159 5171 2427 5234 ostendit,
2471 5176 2725 5238 quantam
2756 5163 3136 5234 benignitatem
3172 5163 3312 5217 Dens
3354 5180 3449 5232 per
3478 5165 3562 5218 vi-

1970 5279 2087 5319 sum
2109 5261 2377 5317 exhibeat.
2410 5258 2755 5329 Tremefactns
2788 5265 2955 5309 autem
2984 5253 3186 5325 Moyses
3216 5271 3316 5308 non
3344 5257 3563 5310 audebat

1969 5356 2306 5410 considerare.
2339 5353 2427 5407 55.
2467 5349 2609 5404 Dixit
2638 5358 2809 5401 autem
2837 5348 2915 5401 illi
2948 5346 3201 5401 Dominus
3226 5362 3244 5401 :
3273 5345 3424 5403 Solve
3450 5348 3561 5400 cal-

1970 5457 2281 5504 ceamentum
2328 5444 2512 5515 pedum
2551 5453 2789 5506 tuorum;
2834 5440 2974 5495 locus
3021 5441 3154 5494 enim
3193 5442 3246 5493 in
3283 5456 3382 5509 quo
3427 5449 3561 5492 stas.

1972 5551 2105 5595 terra
2130 5547 2307 5591 sancta
2347 5546 2439 5589 est.
2467 5533 2735 5603 Nusquam
2764 5532 3018 5601 templum
3042 5574 3057 5597 ,
3089 5541 3142 5585 et
3174 5532 3322 5584 locus
3347 5535 3564 5581 sanctus

1972 5638 2055 5685 est
2095 5643 2190 5700 per
2230 5626 2617 5696 apparitionem
2669 5633 2723 5678 et
2770 5623 3137 5691 Operationem
3184 5616 3399 5671 Christi.
3454 5612 3565 5664 lloe

1974 5722 2143 5777 multo
2171 5718 2580 5775 mirabiliusest,
2604 5729 2760 5784 quam
2781 5716 2927 5767 locus
2952 5710 3038 5763 ille
3063 5710 3114 5760 in
3139 5705 3336 5759 sanctis
3354 5708 3567 5756 sancto-

1979 5830 2135 5871 rum:
2168 5814 2275 5871 illic
2304 5812 2446 5869 enim
2479 5823 2766 5878 numquam
2794 5805 2870 5860 sic
2908 5798 3152 5869 apparuit
3192 5797 3365 5863 Deus,
3405 5808 3566 5851 nunt-
