3972 6212
630 384 727 441 131

628 510 790 568 quam
818 509 893 549 ste
921 489 1262 547 tremefactus
1280 501 1365 545 est
1387 491 1611 559 Moyses.
1639 486 1886 541 Vidistin’
1910 487 2212 540 misericor-

629 588 812 642 diam?
847 583 976 637 \‘ide
1018 581 1229 636 tandem
1264 579 1696 634 sollicitudinem.
1729 579 1817 631 54.
1858 575 2041 630 Videns
2075 578 2211 641 vidi,

632 680 830 748 inquit,
862 677 1175 747 aﬂlictionem
1205 674 1378 742 populi
1408 673 1536 734 mei,
1569 671 1750 738 quiest
1788 670 1838 721 in
1872 667 2149 737 ASgypto,
2169 678 2214 720 et

629 772 865 841 gemitum
894 783 1072 820 eorum
1090 765 1278 821 audiui.
1309 774 1354 816 et
1374 760 1842 814 descendi-liberare
1867 776 1967 811 eos.
1995 757 2060 810 Et
2083 774 2216 810 nunc

628 861 760 924 veni,
790 870 833 912 et
860 859 1051 912 mittam
1082 866 1137 910 te
1159 857 1208 908 in
1233 853 1538 924 zE-gyptum.
1569 852 1718 915 Vide,
1749 851 2016 920 quomodo
2037 861 2217 903 Osten-

630 951 717 1004 dat
750 965 806 1004 se
849 965 942 1017 per
973 947 1228 1001 beneficia
1251 986 1265 1007 ,
1300 961 1395 1014 per
1439 943 1697 1012 supplicia
1743 951 1799 997 et
1837 956 1932 1010 per
1963 940 2223 994 miracula-

629 1043 825 1095 dneere
853 1041 992 1097 ilius.
1021 1039 1091 1091 illi
1125 1053 1251 1090 vero
1274 1051 1488 1104 semper
1515 1032 1672 1088 iidem
1703 1044 1876 1087 erant.
1905 1033 2038 1086 llinc
2057 1031 2215 1085 disci»

630 1146 782 1193 mus,
815 1132 978 1183 Demn
1012 1131 1206 1197 nitique
1235 1139 1553 1197 praesentem
1581 1141 1722 1180 esse.
1753 1126 1875 1178 ΙΙωο
1912 1134 1966 1179 et
1997 1139 2093 1178 nos
2119 1139 2217 1178 au-

629 1222 860 1286 dientes,
889 1220 942 1273 in
970 1219 1346 1273 afﬂictionibus
1371 1217 1437 1271 ad
1471 1233 1592 1271 eum
1619 1215 2009 1284 confugiamus.
2037 1214 2104 1267 Et
2132 1231 2217 1285 ge-

630 1314 810 1364 mitum
829 1355 851 1375 ,
877 1312 1079 1380 inquit,
1119 1327 1291 1364 eor-uin
1336 1310 1527 1361 audivi.
1564 1307 1680 1362 Non
1709 1308 2021 1377 simpliciter
2049 1306 2213 1370 dixit,

630 1404 1222 1470 Andiri;sed,l'roptcr
1246 1401 1595 1454 calamitates.
1625 1397 1777 1464 Quod
1808 1399 1851 1451 si
1880 1398 2000 1467 quis
2027 1396 2175 1450 dicat'
2199 1412 2224 1448 :.

634 1494 695 1547 Et
725 1510 821 1547 cur
843 1495 959 1547 illos
985 1500 1064 1547 sic
1087 1493 1249 1561 affligi
1271 1490 1550 1561 permisit?
1579 1489 1776 1550 audint,
1802 1489 2117 1557 οιιιιιίιῇυςιο
2139 1487 2238 1541 af~

630 1587 893 1640 ﬂictiones
923 1601 1136 1638 causam
1169 1599 1290 1638 esse
1317 1583 1654 1652 praemiorum
1689 1598 1703 1634 :
1735 1581 1818 1634 vel
1846 1581 1966 1635 ideo
1992 1581 2112 1635 illos
2139 1578 2217 1632 ειε-

632 1678 736 1746 ﬂigi
781 1677 1055 1745 permisit,
1107 1686 1167 1730 ut
1193 1678 1441 1729 virtutem
1485 1690 1633 1728 suam
1680 1673 1803 1727 hinc
1848 1673 2214 1742 splendentem

631 1767 946 1831 exhiberet,
990 1767 1217 1835 illosque
1251 1782 1344 1833 per
1375 1781 1640 1820 a‘rnmnas
1682 1765 2026 1828 institueret,
2064 1774 2118 1816 nt
2165 1763 2216 1816 iu

630 1859 879 1911 omnilms
913 1857 1435 1926 philostqiltarentur.
1470 1856 1603 1911 V-ide
1645 1871 1773 1925 ergo
1801 1871 1924 1909 cum
1954 1865 2135 1909 essent
2165 1856 2216 1908 in

630 1950 877 2008 deserto,
922 1963 1028 2000 non
1071 1947 1229 1998 modo
1261 1946 1605 2014 impinguati,
1655 1944 1968 2008 inet-assmi,
2013 1944 2215 1997 dilatati

632 2048 789 2101 sunt,
823 2037 915 2089 sed
962 2037 1122 2091 etiam
1155 2037 1553 2103 tlercliquerunt
1601 2037 1780 2087 [ὶεηιιι.
1832 2034 2036 2102 Ubique
2077 2035 2216 2087 enim

630 2128 792 2182 animi
823 2128 1067 2181 remissio
1090 2126 1284 2179 malum
1312 2137 1416 2192 est,
1443 2126 1655 2178 dilecte.
1685 2124 1807 2178 Ideo
1831 2125 1900 2178 ab
1922 2126 2070 2179 ittitio
2085 2126 2221 2179 dixit

633 2223 838 2274 Adamn
871 2236 885 2272 :
936 2217 998 2270 In
1044 2218 1230 2271 sudore
1275 2218 1438 2270 vultus
1478 2218 1549 2267 tui
1587 2216 1813 2268 comedas
1853 2231 2032 2283 panem
2079 2227 2228 2267 tuum.

633 2309 784 2380 (Gen.
817 2311 867 2362 3.
893 2310 1003 2380 19).
1034 2308 1108 2362 Ne
1137 2310 1293 2378 igitur
1313 2323 1377 2361 ex
1403 2307 1692 2360 afflictione
1714 2305 1875 2358 tnulta
1901 2307 1950 2358 in
1974 2320 2217 2374 magnam

634 2402 1070 2469 tranquillitatem
1102 2401 1406 2465 venientes,
1439 2399 1811 2453 contumeliosi
1851 2407 2076 2464 essentr
2101 2399 2220 2452 illos

631 2494 791 2561 afﬂigi
827 2492 1083 2560 permittit
1113 2509 1127 2544 :
1173 2506 1420 2560 magnum
1455 2491 1596 2545 enim
1627 2491 1821 2542 bonum
1862 2500 1944 2543 cst
1978 2490 2217 2544 afﬂictio.

708 2585 1000 2656 Aﬂliaionis
1030 2583 1448 2638 bonrum—Audi
1494 2582 1741 2635 Davidem
1767 2582 2032 2635 dicentem
2067 2600 2079 2634 :
2112 2582 2220 2634 Bo-

636 2695 756 2732 num
785 2676 910 2728 mihi
949 2676 1068 2744 quia
1107 2673 1382 2726 humilitati
1413 2689 1490 2725 me
1531 2671 1714 2744 (Psal.
1749 2672 1868 2726 118.
1903 2672 2026 2740 71).
2067 2672 2219 2739 Quod

637 2771 681 2822 si
714 2767 920 2837 magnis
945 2776 1000 2821 et
1026 2765 1351 2819 admirandis
1376 2765 1504 2818 viris
1530 2779 1717 2833 magna
1747 2779 1834 2818 res
1861 2775 1943 2818 est
1966 2763 2218 2831 afﬂictio,

639 2862 806 2914 multo
835 2859 1002 2926 magis
1027 2857 1204 2910 nobis.
1231 2855 1286 2910 Si
1318 2856 1477 2908 vultis
1497 2896 1511 2921 ,
1561 2855 1730 2924 ipsam
1773 2854 2114 2909 afflictionem
2165 2856 2220 2910 in

641 2951 814 3022 seipsa
843 2949 1232 3002 examinemns.
1267 2947 1348 3000 Sit
1373 2946 1493 3015 quis
1523 2947 1797 3016 gaudens,
1829 2947 1982 3001 laetus
2006 2957 2060 3001 et
2086 2947 2220 3002 επ...

639 3059 731 3098 sus
755 3059 769 3108 ;
801 3042 926 3112 quid
955 3041 1163 3110 turpius
1187 3079 1202 3105 ,
1229 3040 1354 3109 quid
1385 3039 1721 3108 insipientius
1743 3041 1868 3094 illo?
1889 3040 1965 3095 Sit
1985 3041 2105 3111 quis
2126 3041 2224 3096 do-

636 3136 751 3189 lens
809 3142 863 3187 et
910 3146 1178 3195 maerens;
1227 3129 1352 3200 quid
1394 3129 1488 3184 illo
1533 3131 1700 3199 magis
1749 3131 2221 3201 pliilosopliicum?

637 3226 838 3280 Idcirco
866 3222 1096 3293 Sapiens
1123 3221 1377 3275 admonet
1399 3261 1421 3284 ,
1446 3220 1631 3274 dicens
1663 3237 1677 3272 :
1714 3219 1900 3275 Melius
1923 3231 1995 3275 est
2017 3224 2219 3293 ingredi

634 3316 686 3368 in
715 3319 913 3368 domum
943 3315 1106 3367 luctus
1126 3353 1139 3374 ,
1170 3328 1318 3381 quam
1348 3312 1399 3364 in
1425 3312 1630 3364 domum
1656 3313 1786 3365 risus
1815 3312 2016 3383 (Eccli.
2046 3316 2099 3369 7.
2127 3314 2218 3386 ὅ).

637 3406 796 3460 Forte
840 3404 979 3458 diota
1028 3402 1279 3457 irridetis.
1329 3402 1432 3457 Sed
1481 3402 1791 3469 videamus,
1841 3404 2013 3473 qualis
2061 3404 2222 3461 fuerit

637 3498 805 3550 Adam
857 3495 908 3549 in
955 3495 1238 3564 paradiso,
1286 3503 1340 3548 et
1382 3493 1554 3564 qualis
1601 3502 1782 3562 postea
1815 3508 1830 3548 :
1859 3497 2030 3563 qualis
2061 3496 2222 3553 fuerit

637 3588 765 3640 Cain
805 3596 962 3652 ante,
995 3586 1171 3655 qualis
1203 3593 1410 3655 postea.
1452 3583 1567 3638 Non
1595 3595 1700 3639 stat
1730 3586 1780 3639 in
1806 3601 1901 3641 sua
1931 3589 2058 3643 sede
2100 3589 2221 3642 ani-

637 3692 757 3732 tntts
778 3717 795 3742 ,
837 3677 931 3730 sed
975 3676 1126 3745 quasi
1155 3691 1182 3728 a
1215 3675 1446 3746 quodam
1473 3687 1630 3728 vento
1659 3676 1864 3730 tollitur
1887 3693 1917 3730 a
1949 3679 2221 3748 voluptate

636 3780 692 3824 ct
717 3769 848 3822 levis
891 3767 1149 3832 efficitur,
1190 3767 1320 3821 nihil
1369 3766 1572 3820 habens
1615 3768 1846 3821 firmum.
1897 3768 2106 3824 Etenim
2151 3771 2218 3826 ad

639 3860 1018 3932 promissiones
1043 3869 1124 3913 est
1148 3858 1333 3925 facilis,
1361 3868 1415 3912 et
1445 3858 1511 3911 ad
1537 3859 1891 3927 pollicendum
1919 3873 2216 3931 promptus,

642 3965 696 4008 et
728 3968 913 4022 magna
937 3961 1020 4005 est
1047 3951 1446 4005 ratiociniorum
1479 3951 1768 4005 ﬂuctuatio.
1801 3953 1935 4008 lliuc
1962 3954 2099 4009 risus
2139 3957 2218 4010 in-

643 4044 992 4112 tempestivus
1022 4082 1036 4105 ,
1092 4041 1272 4095 laetitia
1322 4042 1528 4095 ratione
1585 4041 1875 4106 destituta,
1933 4044 2215 4098 verborum

640 4150 829 4205 tnagna
857 4143 910 4188 ct
940 4149 1087 4202 supet
1104 4133 1202 4186 llua
1225 4135 1518 4201 nugacitas.
1544 4132 1743 4200 Ecquid
1769 4132 1834 4186 de
1856 4132 1972 4186 aliis
1995 4133 2217 4203 laquor?

639 4230 713 4284 De
755 4238 1059 4282 sanctorum
1107 4225 1288 4294 aliquo
1332 4239 1580 4293 agamus,
1629 4224 2008 4291 videamusque
2045 4227 2218 4294 qualis

636 4323 704 4374 sit
734 4323 784 4375 in
813 4320 1083 4387 voluptate
1109 4358 1122 4379 ,
1151 4327 1206 4370 et
1233 4317 1403 4386 qualis
1444 4317 1494 4368 in
1527 4330 1783 4370 mterore.
1835 4315 2007 4370 Vultis
2055 4317 2214 4371 Davi-

635 4411 757 4465 dem
784 4405 1221 4464 consideremus?
1252 4404 1382 4456 Cum
1430 4419 1558 4473 ergo
1605 4405 1696 4458 ille
1741 4406 1793 4458 in
1846 4406 2117 4474 voluptate
2161 4417 2216 4462 et

638 4501 816 4556 laetitia
848 4506 1154 4551 versaretur
1181 4510 1211 4547 a
1243 4494 1423 4549 multis
1455 4494 1670 4562 tropmis
1691 4535 1705 4560 ,
1735 4509 1764 4547 a
1793 4495 2035 4560 victoria,
2067 4512 2095 4548 a
2117 4513 2213 4550 co-

637 4592 803 4655 ronis,
827 4604 856 4642 a
885 4587 1120 4651 deliciis,
1152 4601 1180 4637 a
1213 4584 1405 4638 ﬁducia
1432 4625 1446 4648 ,
1478 4585 1597 4638 vide
1622 4601 1740 4653 qua:
1767 4585 1964 4639 dixerit
1993 4596 2046 4640 et
2073 4586 2215 4642 fece-

633 4687 702 4742 rit
730 4701 744 4738 :
777 4684 885 4754 Ego
909 4692 1076 4734 autem
1097 4679 1202 4733 dixi
1227 4680 1276 4730 in
1304 4677 1615 4730 abundantia
1648 4694 1777 4740 mea,
1821 4675 1942 4731 Non
1985 4677 2215 4733 movebar

633 4780 683 4831 in
715 4786 956 4831 aeternum
987 4770 1166 4843 (Ptol.
1195 4769 1286 4824 ἓξ).
1319 4769 1349 4822 7
1376 4769 1416 4839 ).
1448 4768 1581 4821 Cum
1613 4779 1790 4822 autem
1825 4770 1874 4821 in
1923 4768 2213 4825 afﬂictione

635 4869 760 4932 fuit,
790 4865 910 4921 audi
937 4863 1061 4934 quid
1089 4863 1229 4916 dicat
1260 4879 1272 4914 :
1306 4860 1370 4913 Et
1395 4860 1440 4913 si
1466 4861 1649 4913 dixerit
1676 4861 1819 4920 milii,
1849 4859 2008 4914 Nolui
2023 4871 2088 4925 te,
2103 4877 2214 4916 ecce

630 4975 758 5028 ego;
789 4959 941 5026 faciat
969 4955 1093 5007 mihi
1121 4953 1254 5019 quod
1281 4953 1521 5022 placitum
1546 4960 1619 5004 est
1640 4967 1810 5003 coram
1831 4951 1940 5018 ipso
1966 4951 2053 5020 (2.
2083 4952 2207 5022 Reg.

633 5050 720 5104 15.
741 5049 812 5102 26
834 5050 872 5115 ).
894 5047 1030 5114 Quid
1055 5045 1136 5099 his
1165 5044 1341 5098 verbis
1363 5043 1528 5112 tnagis
1562 5041 1982 5110 philosophicum
2001 5041 2024 5093 ?
2046 5043 2210 5120 Quid-

631 5139 756 5205 quid
787 5137 894 5190 Deo
923 5139 1088 5205 magis
1133 5144 1342 5204 gratum
1393 5132 1586 5195 fuerit,
1635 5132 1843 5200 inquit,
1893 5132 1942 5185 id
1988 5132 2099 5185 fiat.
2146 5134 2210 5188 Et

631 5243 842 5284 rursum
884 5227 1028 5280 Sauli
1071 5226 1282 5280 diccbat
1309 5242 1322 5278 :
1352 5225 1412 5278 Si
1460 5235 1628 5277 autem
1669 5222 1808 5277 Deus
1847 5234 2120 5277 commovet
2164 5234 2211 5279 te

626 5329 804 5375 contra
836 5335 943 5381 me,
986 5316 1252 5368 odoratum
1295 5317 1358 5368 sit
1403 5316 1706 5383 sacriﬁcium
1747 5326 1884 5367 tuum
1934 5315 2025 5384 (1.
2075 5313 2202 5386 Reg.

629 5410 720 5465 26.
756 5408 883 5476 l9).
917 5405 984 5459 Et
1013 5414 1136 5457 tunc
1162 5445 1177 5469 ,
1206 5419 1329 5458 cum
1365 5414 1509 5457 esset
1562 5405 1613 5457 in
1664 5405 1952 5459 afﬂictione
1977 5446 1991 5468 ,
2045 5406 2204 5460 etiam

634 5501 860 5556 inimicis
887 5495 1170 5567 parcebat;
1201 5505 1380 5565 postea
1406 5511 1533 5548 vero
1563 5509 1732 5563 neque
1772 5498 1956 5550 amicis
1979 5538 1996 5563 ,
2035 5513 2207 5566 neque

631 5594 697 5648 iis
715 5594 874 5662 quise
900 5587 1030 5642 tnltil
1050 5587 1316 5640 laeserant.
1339 5584 1544 5638 Rursus
1565 5585 1730 5638 Jacob
1750 5601 1869 5639 cum
1895 5589 1946 5640 in
1970 5601 2205 5640 zernmua

627 5691 769 5738 esset
795 5722 808 5744 ,
838 5679 1052 5734 dicebat
1079 5695 1091 5730 :
1125 5676 1187 5730 Si
1223 5675 1413 5728 dederit
1445 5675 1567 5727 mihi
1591 5674 1728 5727 ουτω
1757 5691 1934 5741 panem
1963 5676 2029 5728 ad
2059 5693 2206 5729 man-

627 5780 914 5834 ducandum
969 5786 1016 5836 et
1042 5775 1384 5832 vestimentum
1403 5790 1502 5844 quo
1528 5771 1729 5845 apcriar
1756 5773 1773 5843 (
1797 5769 1922 5825 Gen.
1951 5771 2039 5827 28.
2063 5771 2134 5825 20
2159 5772 2199 5842 ).

1361 374 1417 432 5.
1449 373 1728 435 JOtN‘NIS
1761 369 2232 431 CIIRYSUSTOMI
2270 369 2584 429 ARCHIEP.
2627 375 3155 433 CONSTAN’FINOP.

2321 487 2386 542 Et
2413 487 2554 540 ﬁlius
2583 487 2693 542 Noe
2719 499 2873 544 antea
2903 491 3030 543 nihil
3067 492 3171 546 tale
3201 490 3433 555 fecerat;
3475 491 3563 545 ubi
3599 502 3713 547 autc

2319 577 2499 633 salute
2519 581 2753 633 conlisus
2783 591 2863 634 est
2881 621 2896 647 ,
2927 582 3076 635 audis
3101 598 3258 651 quam
3285 584 3687 638 contumeliosus

2318 670 2413 723 sit.
2454 670 2528 724 Et.
2566 671 2820 724 Ezechias
2856 688 2975 726 cum
3005 676 3056 725 in
3081 675 3338 727 a:rumnis
3363 683 3534 735 esset,
3567 675 3682 729 vide
3712 699 3715 723 t

2321 774 2417 828 pro
2451 760 2623 814 salute
2651 761 2835 814 fecerit
2864 779 2875 813 :
2905 778 3114 817 saccmn
3145 765 3287 817 enim
3320 764 3516 829 induit,
3559 775 3610 818 et
3652 767 3698 818 in

2319 851 2457 902 sedit
2482 868 2496 914 ;
2526 852 2612 904 ubi
2639 861 2815 906 autem
2847 853 2896 905 in
2923 853 3192 923 voluptate
3220 854 3346 918 fuit,
3379 857 3569 910 cecidit
3616 874 3717 926 prae

2321 942 2506 997 tudine
2552 944 2731 1004 cordis
2777 945 2880 998 sui.
2936 945 3059 998 Ideo
3113 947 3321 1016 Moyses
3346 947 3630 1013 admonet,
3662 949 3711 1002 di

2320 1031 2444 1086 Cum
2470 1035 2743 1088 aoniedcris
2765 1046 2810 1088 et
2841 1038 3020 1090 biberis
3045 1048 3092 1091 et
3121 1049 3374 1091 saturatas
3404 1041 3589 1108 fueris,
3633 1057 3717 1091 τρο

2321 1123 2530 1177 Domini
2557 1125 2653 1178 Dei
2681 1128 2801 1195 tui-(
2827 1126 2976 1180 Deut.
2997 1129 3051 1181 6.
3084 1129 3151 1182 12
3168 1131 3205 1195 ).
3227 1129 3469 1197 Pra-ceps
3491 1132 3717 1183 estenim

2321 1215 2680 1283 deliciarum,
2721 1228 2776 1272 et
2804 1219 3126 1274 oblivionem
3155 1221 3247 1274 Dei
3279 1221 3496 1274 inducit.
3533 1221 3661 1274 Cum
3689 1240 3715 1273 a

2321 1319 2516 1362 rentur
2545 1309 2842 1377 lsraelitar,
2893 1311 3061 1364 multo
3105 1313 3284 1379 plures
3327 1321 3513 1374 erant-;
3561 1327 3713 1380 cum.

2322 1399 2446 1455 illos
2469 1399 2791 1464 dimitteret,
2828 1409 2953 1454 nine
2981 1417 3168 1455 milites
3197 1402 3458 1468 peribant.
3487 1402 3552 1455 Et
3585 1419 3680 1455 cur
3718 1422 3719 1426 π

2321 1490 2565 1558 exempla
2592 1489 2794 1544 affero?
2819 1490 2896 1544 Ex
2925 1491 3237 1556 nobis-ipsis
3265 1491 3565 1555 videamus,
3609 1494 3652 1545 si
3705 1511 3719 1560 ι

2323 1581 2398 1634 Ex
2430 1581 2625 1634 noSIris
2658 1581 2870 1648 plurimi
2899 1582 2950 1633 in
2976 1581 3134 1634 rebus
3164 1583 3436 1651 prosperis
3465 1582 3710 1634 inﬂantur

2323 1670 2478 1724 nibus
2509 1671 2743 1735 inimici,
2774 1670 3047 1736 iracundi,
3077 1672 3199 1725 dum
3246 1681 3502 1740 potestate
3551 1673 3719 1726 valent

2321 1761 2462 1814 blata
2491 1776 2622 1816 vero
2653 1771 2916 1831 potestate
2936 1801 2951 1827 ,
2985 1764 3244 1816 mansueti
3273 1777 3416 1829 sunt,
3450 1764 3688 1824 humiles,

2325 1854 2376 1905 in
2403 1863 2605 1907 natura:
2633 1870 2742 1908 sum
2768 1856 3141 1923 cogitationem
3168 1857 3405 1910 veniunt.
3436 1857 3584 1923 Quod
3623 1873 3705 1911 res

2323 1944 2518 1998 haheat
2541 1986 2556 2008 ,
2584 1947 2817 2000 ostendit
2849 1948 3009 2001 David
3033 1949 3265 2012 rdicens
3292 1966 3304 2001 :
3342 1948 3521 2001 Tenuit
3547 1967 3627 2002 eos
3666 1968 3721 2002 su

2323 2030 2375 2080 in
2429 2030 2580 2096 ﬁnem
2621 2046 2638 2082 :
2688 2032 2912 2099 prodibit
2953 2036 3096 2100 quasi
3142 2048 3203 2084 ea:
3249 2033 3405 2100 adipe
3450 2033 3679 2099 iniquitas

2325 2118 2526 2186 (Prol-
2542 2119 2626 2172 72.
2661 2120 2716 2173 6.
2749 2120 2840 2190 7).
2875 2121 2997 2174 Haec
3021 2137 3051 2174 τι
3081 2138 3166 2175 me
3195 2122 3333 2174 dicta
3363 2132 3485 2175 sunt
3508 2163 3524 2187 ,
3555 2132 3611 2176 ut
3641 2139 3705 2177 ne

2323 2209 2424 2263 bus
2447 2209 2894 2279 modis-gaudium
2913 2227 3232 2280 quairantus.
3266 2213 3326 2266 Et
3352 2215 3636 2283 quomodo,
3669 2216 3721 2268 in

2323 2303 2398 2354 ait
2435 2302 2632 2356 Paulus
2664 2320 2690 2354 εν
2723 2303 2951 2356 Gaudete
2991 2320 3186 2373 semper
3227 2304 3499 2376 (Philipp.
3531 2306 3583 2360 4.
3617 2308 3648 2359 ι
3678 2308 3721 2371 )‘t

2323 2393 2639 2462 simpliciter
2663 2393 2796 2448 dixit
2819 2434 2848 2460 ,-
2867 2395 3108 2450 Gaudete
3128 2395 3273 2459 ,.sed
3300 2396 3534 2461 addidit,
3563 2396 3628 2451 In
3659 2398 3721 2451 υ(

2396 2486 2447 2538 4.
2473 2483 2724 2538 Gaudium
2743 2487 2995 2555 quodnam
3014 2488 3077 2540 sit
3099 2487 3494 2544 bonum.-——lloc
3512 2493 3723 2544 maximt

2323 2576 2570 2645 gaudium
2591 2594 2627 2643 ;-
2644 2579 2735 2630 tali
2775 2578 3074 2646 gaudebant
3118 2583 3391 2649 apostoli;
3411 2582 3662 2649 gaudium
3698 2585 3723 2634 Ιι

2323 2667 2552 2722 afferens
2589 2686 2602 2721 :
2633 2668 2773 2737 quod
2799 2685 2828 2722 a
2851 2670 3185 2734 carceribus,
3214 2670 3447 2742 aﬂagris
3469 2711 3485 2736 ,
3527 2688 3556 2726 a
3603 2689 3723 2741 pers

2326 2759 2592 2825 tionibus,
2627 2775 2658 2814 a
2689 2761 2824 2814 mala
2861 2760 3081 2816 famaet
3110 2779 3138 2814 a
3169 2764 3408 2818 tristibus
3439 2766 3657 2818 omnino
3701 2782 3723 2834 ιτ

2325 2850 2468 2918 plum
2497 2859 2550 2905 et
2594 2851 2827 2906 radicem
2866 2851 3025 2906 habet
3067 2862 3119 2906 et
3166 2855 3498 2909 occasionem
3533 2874 3545 2909 :
3578 2858 3717 2911 unde

2325 2941 2525 2996 bonum
2555 2941 2712 2996 finem
2744 2945 3003 3012 pervenit.
3036 2944 3298 2998 Gaudium
3329 2961 3452 2999 vero
3479 2948 3661 3002 mundi
3706 2965 3723 3001 ε

2326 3035 2514 3106 incipit
2561 3039 2705 3091 enim
2752 3054 2781 3091 a
2833 3039 3120 3104 suavibus,
3164 3039 3465 3109 desinitque
3515 3042 3568 3094 in
3616 3043 3725 3094 trist

2324 3124 2507 3196 Neque
2551 3142 2650 3195 ego
2701 3128 2958 3196 prohibeo
3005 3129 3238 3198 gaudere
3282 3131 3345 3184 in.
3383 3131 3642 3197 Domino,
3698 3133 3725 3185 ἱι

2325 3215 2479 3270 Valde
2507 3215 2793 3269 admoneo.
2829 3216 3258 3286 Flagellabantur
3294 3221 3555 3288 apostoli,
3603 3231 3657 3275 ct
3701 3239 3725 3290 g

2326 3305 2449 3360 bant
2474 3322 2492 3371 ;
2523 3307 2914 3372 vinciebantur,
2928 3320 2980 3363 et
3005 3309 3201 3379 gnatias
3225 3311 3479 3379 agebant;
3511 3311 3725 3380 lapidab.

2324 3409 2377 3453 et
2403 3400 2782 3468 praedicabant.
2812 3400 2923 3454 Hoc
2951 3410 3006 3455 et
3033 3418 3132 3470 ego
3168 3401 3329 3456 velim
3373 3403 3626 3472 gaudium
3656 3423 3668 3456 :
3702 3423 3725 3472 ι]

2327 3492 2473 3546 nullo
2503 3493 2770 3560 corporali
2818 3494 3021 3546 initimn
3066 3493 3290 3560 haheat,
3333 3495 3427 3550 sed
3468 3509 3496 3546 a
3544 3495 3725 3564 Spiritu

2325 3588 2507 3642 rebus.
2537 3586 2654 3642 Non
2697 3597 2866 3656 potest
2913 3588 3001 3657 qui
3042 3588 3333 3641 secundum
3381 3588 3636 3642 mundum
3680 3606 3725 3658 g:

2327 3678 2486 3732 simul
2507 3687 2563 3731 et
2590 3678 2883 3732 secundum
2919 3678 3080 3731 Deum
3108 3678 3340 3747 gaudere
3374 3696 3387 3730 :
3419 3680 3594 3733 omnis
3617 3682 3721 3732 enin

2323 3770 2614 3824 secundum
2638 3769 2889 3823 mundum
2919 3769 3108 3838 gaudet
3134 3810 3151 3834 ,
3193 3769 3262 3824 de
3301 3769 3500 3824 divitiis
3547 3770 3719 3839 gaude

2327 3863 2638 3931 voluptate,
2669 3862 2736 3916 de
2781 3862 2981 3932 gloria,
3023 3862 3092 3916 de
3139 3864 3405 3930 potentia,
3453 3862 3521 3916 de
3566 3878 3725 3932 arrog

2323 3953 2410 4021 qui
2461 3968 2589 4006 vero
2631 3953 2920 4006 secundum
2972 3951 3178 4016 Deum,
3230 3953 3298 4006 de
3352 3953 3637 4022 ignominia
3693 3970 3724 4022 p

2325 4043 2468 4096 illmn
2495 4084 2509 4106 ,
2561 4043 2629 4096 de
2673 4051 3024 4112 paupertate,
3069 4042 3135 4095 de
3187 4043 3393 4111 inopia,
3444 4042 3512 4096 de
3552 4043 3720 4111 jejuni

2323 4133 2641 4188 lmmilitate.
2670 4135 2856 4188 Viden’
2878 4152 3034 4205 quam
3062 4137 3326 4189 contraria
3358 4139 3714 4205 argumenta?

2321 4235 2451 4296 quot
2483 4226 2570 4280 hic
2597 4235 2745 4279 extra
2773 4226 3022 4296 gaudimu
3047 4236 3206 4291 sunt,
3234 4237 3381 4279 extra
3415 4241 3709 4280 mmrorem

2320 4328 2374 4373 et
2402 4326 2662 4387 quotquot
2691 4326 2837 4372 extra
2866 4333 3174 4382 mmrorem,
3202 4327 3326 4372 sunt
3349 4318 3511 4371 etiam
3561 4327 3711 4371 extra

2322 4421 2542 4480 ptatem.
2574 4409 2640 4463 Et
2665 4425 2848 4464 revera
2877 4409 2990 4462 lucc
3021 4419 3164 4474 sunt,
3193 4424 3311 4476 quae
3339 4424 3522 4462 verum
3551 4409 3725 4477 gaudii

2319 4501 2504 4564 ciunt,
2537 4500 2787 4569 quoniam
2821 4499 2907 4552 illa
2941 4513 3133 4551 nomen
3185 4507 3387 4550 tantum
3436 4498 3614 4566 gaudii
3663 4498 3725 4550 ha

2322 4601 2489 4644 totum
2510 4599 2686 4643 autem
2714 4590 2766 4642 in
2791 4603 3020 4642 mouere
3045 4589 3202 4641 situm
3229 4597 3329 4641 est.
3361 4589 3630 4655 Quantum
3660 4605 3725 4640 tm

2321 4681 2480 4737 habet
2507 4681 2807 4751 arrogans?
2836 4689 3092 4749 quantum
3122 4680 3441 4750 praepeditur
3468 4681 3598 4734 dum
3644 4697 3724 4733 an

2321 4786 2400 4830 ter
2446 4774 2598 4845 agit?
2648 4773 2790 4827 Mille
2840 4773 2941 4826 sibi
2995 4781 3145 4842 parat
3194 4771 3590 4834 contumelias,
3651 4787 3725 4824 tu:

2317 4867 2541 4930 odium,
2582 4880 2828 4934 magnam
2878 4863 3245 4928 inimicitiam,
3299 4861 3556 4916 invidiam
3604 4860 3725 4928 inge

2317 4958 2448 5013 Nam
2479 4958 2524 5010 si
2555 4971 2584 5009 a
2613 4956 2904 5024 majoribus
2933 4955 3251 5008 contumelia
3282 4953 3582 5016 afficiatur,
3621 4951 3725 5005 doli

2319 5065 2422 5103 non
2451 5057 2635 5102 contra
2666 5061 2854 5101 omnes
2884 5047 3157 5116 insurgat,
3187 5044 3479 5099 mordetur.
3512 5043 3725 5097 Humili:

2317 5139 2367 5192 in
2398 5139 2561 5192 multa
2591 5149 2675 5192 est
2699 5138 2993 5207 voluptate,
3015 5152 3048 5190 a
3079 5136 3223 5191 nullo
3252 5136 3509 5189 honorem
3539 5149 3725 5201 exspet

2315 5230 2359 5284 si
2389 5230 2702 5295 honoretur,
2732 5227 2960 5298 gaudet;
2988 5227 3032 5280 si
3061 5242 3164 5281 non
3195 5227 3488 5280 limiorctur
3507 5265 3522 5288 ,
3556 5239 3666 5278 non
3718 5245 3725 5273 t

2315 5321 2421 5375 imo
2447 5320 2640 5390 gaudet
2677 5320 2817 5390 quod
2848 5335 2952 5373 non
2985 5318 3272 5373 honoratus
3316 5317 3386 5371 sit
3416 5317 3454 5369 ⁸.
3491 5317 3678 5383 Itaque

2314 5426 2426 5464 rem
2475 5426 2578 5464 non
2619 5427 2857 5480 qua-rere
2890 5420 2942 5465 et
2972 5409 3258 5472 honorari,
3289 5407 3340 5461 id
3373 5422 3622 5476 magnam
3657 5422 3723 5460 vo

2314 5511 2419 5555 tem
2451 5501 2607 5571 parit.
2636 5501 2746 5556 Illic
2778 5515 2904 5556 vero
2931 5500 3256 5553 contrarium
3283 5498 3511 5562 accidit;
3558 5499 3725 5568 qua-ri

2376 5657 2394 5721 ἦ
2429 5655 2649 5721 Πουιιωο
2673 5656 2736 5705 ita
2753 5720 2756 5721 ν
2772 5657 3062 5721 versionem
3083 5651 3405 5721 Grmcamohic
3428 5661 3688 5721 immutare
3718 5665 3725 5711 ι

2310 5719 2432 5808 ιιῐιὶιι
2457 5719 2858 5830 in‘tuerprctatione
2883 5715 3149 5779 legendum
3172 5715 3271 5776 sit,
3297 5715 3391 5765 into
3415 5715 3531 5765 satis
3555 5715 3699 5763 havet

2309 5791 2502 5831 ιηιιυιιυι·
2555 5791 2630 5829 nr.
