3972 6212
249 250 330 304 153

244 372 426 420 metu,
451 360 627 408 etnon
655 349 964 403 honoratur.
1009 346 1127 403 Non
1171 347 1422 402 similiter
1463 355 1642 400 autem
1689 345 1758 400 de

244 450 405 504 honore
428 446 608 514 gaudet
633 441 719 511 qui
750 441 942 509 uitauit
966 453 1126 509 eum,
1173 448 1222 491 et
1263 438 1353 507 qui
1394 454 1499 491 non
1547 437 1756 507 quatrit.

242 539 314 594 llic
336 545 787 608 quantumcumque
814 531 1123 600 acceperit,
1159 530 1290 584 nihil
1321 546 1382 586 se
1410 539 1560 598 putat
1607 544 1764 583 acccc

239 632 378 699 pisse:
403 627 483 681 ille
505 639 626 680 vero
653 624 699 679 si
727 624 813 678 vel
842 623 1108 678 tantillum
1149 623 1364 677 dederis
1383 663 1399 688 ,
1447 624 1521 677 ita
1563 622 1782 699 accipit.

239 722 338 778 acsi
363 729 510 773 totum
538 727 732 772 teneat.
766 717 972 770 Rursus
995 717 1085 782 qui
1133 716 1184 770 in
1230 715 1438 770 deliciis
1485 724 1762 780 versatur,

240 813 352 865 inille
371 792 564 879 negotia
591 807 753 861 habet
780 824 794 859 :
826 806 1038 861 etiamsi
1065 807 1246 860 faciles
1270 816 1321 860 et
1352 805 1502 875 quasi
1531 821 1596 858 ex
1648 804 1767 858 fon-

240 904 345 958 tibus
369 901 552 955 reditus
580 900 677 968 ipsi
705 898 928 952 affluant
954 939 970 962 ,
1021 908 1258 951 attamen
1302 899 1439 951 mala
1464 936 1478 960 ,
1527 911 1648 965 quin
1697 911 1764 949 ex

239 993 399 1046 deliciis
421 990 676 1044 accedunt
695 1029 709 1051 ,
747 989 1032 1048 formidat.
1064 1003 1272 1042 necnon
1304 987 1466 1041 futuri
1511 988 1764 1042 incertam

236 1084 541 1138 conditionem
570 1097 584 1134 :
620 1080 708 1134 hic
730 1095 860 1134 vero
885 1095 1101 1149 semper
1129 1080 1182 1132 in
1211 1089 1326 1133 tuto
1353 1089 1438 1133 est
1484 1088 1538 1133 et
1573 1079 1626 1132 in
1668 1094 1766 1132 vo-

236 1174 423 1240 luptate,
447 1171 580 1240 quod
616 1170 864 1224 tenuitati
894 1171 1065 1223 vietus
1092 1170 1163 1224 sit
1191 1180 1457 1223 assuetus.
1485 1168 1599 1224 Non
1621 1169 1766 1222 enim

233 1265 350 1317 itase
373 1264 604 1316 miserum
639 1270 806 1330 putat,
839 1261 980 1330 quod
1011 1261 1148 1314 lauta
1177 1277 1360 1315 mensa
1393 1275 1498 1315 non
1537 1260 1763 1324 fruatur,

233 1361 278 1405 ut
297 1352 571 1415 deiiciatur,
599 1351 734 1404 dum
764 1351 923 1404 futuri
956 1351 1213 1405 incertam
1243 1351 1605 1405 conditionem
1661 1366 1767 1405 non

234 1443 366 1495 timet.
397 1442 513 1506 Quae
538 1457 673 1494 vero
700 1455 765 1495 ex
810 1439 1020 1494 deliciis
1061 1440 1198 1494 mala
1239 1441 1482 1494 oriantur
1505 1481 1521 1502 ,
1563 1442 1772 1509 ignorat

234 1549 392 1586 nemo:
420 1547 638 1586 necesse
667 1541 751 1585 est
774 1541 955 1586 autem
989 1531 1112 1586 illud
1153 1533 1266 1601 jam
1315 1532 1518 1588 dicere.
1569 1532 1770 1601 Duplex

233 1633 296 1677 est
333 1624 536 1684 bellant,
583 1622 873 1692 corporis,
926 1623 1140 1692 inquam
1168 1663 1182 1687 ,
1231 1632 1285 1676 ct
1311 1625 1503 1676 aninne
1535 1641 1546 1677 :
1577 1622 1772 1692 duplex

236 1714 394 1776 hiems,
424 1713 668 1782 duplices
715 1713 885 1766 morbi
921 1730 936 1765 :
968 1728 1141 1782 neque
1187 1713 1238 1766 id
1285 1723 1526 1780 tantum,
1575 1714 1668 1768 sed
1718 1723 1773 1767 et

236 1804 498 1858 insanabiles
518 1845 532 1866 ,
561 1805 662 1871 qui
695 1817 914 1873 magnas
941 1803 1165 1858 afferant
1190 1805 1549 1858 calamitates.
1577 1805 1645 1858 At
1666 1821 1771 1858 non

235 1898 327 1948 talis
345 1905 413 1949 eat
436 1894 750 1964 frugalitas;
779 1895 874 1948 sed
904 1894 1101 1963 duplex
1130 1904 1215 1948 est
1255 1897 1489 1958 sanitas,
1539 1895 1773 1964 duplicia

237 1987 357 2042 bona.
381 1988 590 2042 Somnus
629 1987 884 2050 sanitatis,
916 1987 1107 2056 inquit,
1125 1988 1177 2041 in
1206 1996 1391 2042 ventre
1412 2003 1564 2056 parco
1587 1985 1772 2056 (Eccli.

238 2077 302 2130 3|.
325 2077 435 2146 2i).
467 2075 680 2146 Ubique
712 2077 854 2131 enim
887 2076 1230 2131 mediocritas
1252 2077 1626 2131 desiderabilis
1654 2086 1736 2131 est
1759 2118 1775 2141 ,

236 2170 339 2235 quod
381 2185 495 2223 vero
541 2169 770 2224 modum
813 2185 919 2222 non
965 2179 1184 2232 servat,
1228 2168 1596 2236 injucnndum.
1646 2167 1780 2222 Vide

236 2260 378 2314 enim:
407 2261 656 2315 scintillae
691 2274 868 2329 parva:
901 2274 1143 2328 magnam
1174 2260 1436 2328 lignorum
1471 2257 1777 2328 congeriem

236 2353 439 2419 impone,
469 2363 521 2406 et
548 2370 663 2406 ιωιι
693 2352 830 2406 ultra
880 2351 1057 2422 ignem
1101 2350 1505 2420 splendentem,
1553 2350 1649 2406 sed
1694 2350 1781 2406 fu-

235 2458 344 2500 nium
369 2443 564 2497 videbis
591 2441 756 2496 ualde
780 2443 1084 2497 insuavem.

286 2535 468 2590 υιοιὶιοὲα»
485 2553 622 2590 onus
642 2545 758 2590 sunt
777 2533 1189 2590 anitum—Viro
1214 2534 1334 2589 forti
1361 2543 1415 2590 et
1435 2550 1629 2605 magno
1649 2550 1785 2591 onus

236 2626 410 2694 inn-oue
447 2628 580 2681 ἠως
624 2641 921 2695 superans,
966 2637 1021 2681 et
1050 2625 1255 2680 videbis
1293 2642 1416 2680 eum
1446 2642 1614 2682 onere
1640 2627 1786 2682 humi

233 2717 477 2784 j-‘ICt'ltlelll.
505 2718 757 2787 Magnum
789 2732 926 2770 otius
948 2717 1106 2783 iniice
1132 2717 1184 2770 in
1213 2717 1422 2783 navim,
1451 2726 1504 2772 et
1529 2733 1690 2786 grave
1711 2717 1791 2771 fa-

235 2809 690 2880 desnaufragium.
733 2809 892 2867 Tales
929 2818 1055 2864 sunt
1093 2809 1321 2864 deliciaa.
1361 2810 1511 2865 Sicut
1549 2810 1693 2864 enim
1734 2811 1787 2865 in

239 2905 417 2956 nivibus
440 2919 596 2971 supra
636 2902 853 2956 nitidum
883 2901 1122 2958 oneratis
1152 2917 1372 2971 magnus
1399 2911 1484 2956 est
1509 2909 1788 2956 nautarum

241 2995 470 3052 tuumltus.
501 2986 872 3063 gula'ernatore
889 3007 979 3056 eo,
1005 2992 1094 3062 qui
1140 2991 1191 3048 in
1236 3007 1392 3062 prora
1421 2992 1588 3059 sedet,
1620 3008 1684 3047 ac
1704 3009 1795 3048 ve—

238 3087 432 3138 rioribus
455 3087 738 3154 superiora
752 3093 806 3137 et
831 3082 1081 3138 inferiora
1105 3083 1153 3136 in
1177 3099 1326 3138 mare
1355 3083 1790 3152 proﬁcientibus:

239 3175 300 3228 sic
321 3186 368 3228 et
391 3175 482 3229 hoc
507 3176 663 3238 loco,
688 3174 963 3243 superiora
993 3183 1304 3229 evomentes
1339 3185 1394 3229 ct
1432 3173 1702 3240 inferiora,
1731 3190 1796 3230 ac

239 3267 408 3337 tripos
456 3276 896 3336 cor-rumpentes,
951 3276 1196 3336 pereunt.
1249 3266 1508 3334 Quodque
1557 3267 1795 3322 eundum

240 3360 558 3426 turpissimum
581 3369 704 3420 est.
734 3375 796 3415 Os
826 3359 1177 3427 posteriorum
1207 3359 1437 3428 partium
1467 3374 1618 3413 usum
1649 3373 1801 3414 assuo

241 3451 334 3513 mit,
360 3452 507 3519 fitque
536 3452 654 3506 illis
681 3449 1107 3520 ignominiosius.
1131 3448 1281 3517 Quod
1305 3449 1350 3504 si
1382 3449 1432 3503 in
1455 3463 1547 3504 ore
1567 3449 1636 3505 sit
1657 3459 1798 3505 tanta

241 3540 488 3608 turpitudo,
520 3542 707 3610 cogita
737 3547 934 3609 quanta
964 3539 1034 3593 sit
1057 3539 1111 3594 in
1141 3539 1337 3593 anima.
1363 3537 1494 3592 Nam
1522 3539 1592 3594 ibi
1621 3542 1799 3596 omnia

239 3633 399 3704 caligo,
427 3637 611 3691 omnia
641 3633 892 3704 procella:
911 3673 927 3698 .
967 3631 1147 3688 omnia
1174 3632 1408 3688 tenebrae
1427 3673 1443 3700 ,
1473 3632 1638 3689 multa
1670 3647 1802 3688 con-

240 3728 353 3784 lusio
391 3731 775 3802 cogitationum
825 3729 882 3784 in
922 3728 1165 3796 angustia
1213 3727 1578 3790 versantium,
1625 3726 1802 3781 anima

240 3818 330 3887 ipsa
349 3820 590 3876 damnum
610 3819 972 3876 exclamante.
999 3817 1134 3873 Hinc
1154 3818 1251 3887 ipsi
1273 3817 1444 3872 ventri
1470 3817 1658 3883 dediti,
1682 3832 1804 3874 sese

240 3921 396 3965 mtuo
419 3911 770 3982 redarguunt,
794 3923 935 3979 aegre
962 3909 1170 3974 ferunt,
1193 3917 1400 3963 stercus
1421 3907 1687 3962 internum
1710 3907 1805 3963 de-

236 3999 372 4068 jicere
388 4002 660 4058 festinant.
681 4003 933 4058 Attamen
954 4009 1228 4070 postquam
1250 3999 1606 4068 proiecerunt,
1633 4013 1806 4068 neque

239 4088 544 4162 deﬁgitatio
585 4093 843 4155 sedatur;
893 4090 985 4146 scd
1026 4099 1083 4146 et
1119 4089 1298 4146 febres
1343 4090 1466 4143 hinc
1509 4099 1562 4144 et
1609 4090 1803 4146 morbi.

238 4179 419 4246 Etiam.
450 4185 661 4253 inquit,
695 4182 892 4237 infirmi
931 4191 1055 4237 sont
1091 4191 1146 4237 et
1184 4182 1410 4251 turpiter
1435 4189 1597 4250 agunt
1637 4198 1650 4235 :
1694 4180 1808 4236 hazc

236 4273 406 4329 frustra
437 4277 595 4331 nobis
616 4283 926 4339 narrantur,
950 4273 1146 4330 frustra
1178 4272 1350 4326 morbi
1379 4281 1805 4329 enumerantur:

237 4363 452 4420 iuinuor
477 4382 602 4436 ego,
639 4366 850 4420 laceror
877 4373 934 4419 et
963 4364 1187 4433 turpiter
1214 4379 1334 4433 ago,
1363 4363 1448 4431 qui
1489 4380 1594 4420 non
1637 4363 1808 4420 habeo

236 4456 354 4521 quid
381 4458 538 4512 etiam
570 4475 585 4511 :
621 4457 723 4511 hos
751 4464 928 4511 autem
962 4455 1014 4510 in
1043 4455 1248 4510 deliciis
1273 4467 1494 4523 agentes
1521 4455 1702 4514 videre
1725 4465 1812 4512 est

238 4547 354 4603 lene
380 4551 606 4605 affectos
626 4591 642 4616 ,
674 4550 931 4619 pingues,
969 4549 1278 4618 gaudentes,
1309 4549 1462 4618 equis
1489 4559 1689 4604 vectos.
1723 4549 1810 4605 Vae

237 4637 379 4692 mihi!
413 4640 676 4712 lacrymis
701 4641 844 4694 enim
875 4641 1032 4708 digna
1063 4639 1176 4694 lucc
1209 4639 1365 4694 verba
1398 4648 1540 4693 sunt.
1580 4641 1684 4694 Eos
1710 4654 1807 4694 au-

235 4735 328 4782 tem
353 4734 438 4800 qui
468 4732 708 4802 podagra
738 4731 1011 4793 laborant,
1043 4730 1192 4787 sellis
1217 4739 1486 4798 gestatos,
1527 4730 1770 4800 alligatos
1789 4771 1806 4797 ,

1162 232 1234 289 IN
1272 230 1454 289 ACTA
1493 227 2014 287 APOSTOLORUM.
2057 229 2288 287 llOM'lL.
2322 229 2492 288 XV".

2613 174 2665 186 --ο

3342 242 3448 301 158

1864 360 1967 414 qua
2005 360 2070 400 ex
2111 356 2283 416 parte,
2318 360 2524 418 quasso,
2553 348 2943 419 respiciemus?
2981 349 3046 404 Et
3082 349 3185 407 nisi
3222 367 3337 408 rem
3376 351 3452 408 illi

1873 445 2120 506 putarent
2147 438 2587 493 contumeliosam
2614 453 2678 493 ac
2706 440 3040 509 probrosam,
3074 442 3194 500 illos
3217 441 3324 512 jam
3355 456 3456 499 nov

1871 529 2016 582 mine
2043 542 2142 584 suo
2167 529 2596 599 compellassem.
2629 530 2736 585 Sed
2763 540 2889 585 sunt
2913 530 3128 601 quidam
3154 573 3170 598 ,
3214 533 3421 602 inquies
3441 575 3456 600 ,
3544 585 3549 591 .

1874 621 1961 688 qui
2005 619 2140 674 bene
2169 620 2382 688 valent,
2429 620 2551 688 quia
2591 635 2694 675 non
2727 621 2901 676 solum
2931 621 3135 677 deliciis
3163 623 3292 678 dant
3328 641 3461 694 ope-

1871 727 2008 775 ram,
2049 712 2142 766 sed
2182 713 2341 765 etiam
2386 712 2646 768 laborant.
2679 712 2874 767 Verum
2913 714 2980 768 da
3018 714 3146 768 mihi
3188 715 3460 771 hominem

1873 818 2088 872 semper
2119 804 2584 873 pinguescentem,
2617 804 2878 867 Otiosum,
2913 805 3137 860 inertem
3159 848 3174 870 ,
3205 809 3292 874 qui
3328 808 3463 863 bene

1875 894 2066 948 valeat.
2089 893 2194 950 Sed
2219 911 2324 948 non
2357 895 2614 949 invenies.
2646 895 2865 948 Etiamsi
2889 895 3029 949 enim
3053 896 3326 951 innumera
3351 914 3466 952 me-

1875 983 2117 1038 dicorum
2162 986 2312 1038 turba
2359 985 2534 1051 adsit,
2587 987 2732 1039 illum
2783 987 2952 1040 ventri
2993 987 3210 1056 semper
3248 1003 3462 1056 cperant

1876 1076 2093 1131 dantem
2116 1091 2146 1129 a
2177 1077 2375 1130 morbis
2404 1092 2593 1132 eruere
2622 1092 2729 1131 non
2759 1087 3008 1147 poterunt
3056 1098 3070 1133 :
3113 1095 3286 1148 neque
3323 1081 3467 1136 enim

1879 1165 1930 1218 id
1963 1175 2146 1220 natura
2177 1167 2254 1220 rei
2290 1167 2564 1235 permittit.
2599 1168 2712 1235 Ego
2752 1183 2878 1222 vero
2908 1168 3234 1222 medicorum
3265 1169 3466 1225 dictnnt

1879 1257 2029 1311 vobis
2055 1257 2298 1311 afferam.
2333 1258 2413 1311 Ex
2438 1259 2522 1319 iis,
2552 1273 2671 1327 qua:
2699 1258 2750 1312 in
2775 1269 3012 1312 ventrem
3040 1262 3338 1324 mittuntur,
3365 1277 3467 1315 non

1880 1350 2058 1402 munia
2090 1349 2224 1403 fiunt
2252 1350 2565 1404 alimentum
2601 1368 2615 1402 :
2646 1367 2766 1404 nam
2790 1353 2839 1405 in
2872 1354 2981 1421 ipsa
3011 1353 3249 1408 ciborum
3281 1366 3470 1409 natura

1882 1455 1986 1493 non
2018 1449 2182 1494 totum
2213 1441 2387 1495 alendi
2427 1444 2531 1494 vim
2565 1440 2763 1507 habet,
2809 1442 2899 1496 sed
2944 1458 3064 1511 pars
3196 1458 3468 1498 seet-ssum

1881 1533 2199 1593 secernitur,
2231 1549 2355 1602 pars
2397 1535 2449 1588 in
2480 1534 2789 1588 alimentum
2829 1535 2988 1589 cedit.
3031 1535 3086 1590 Si
3125 1552 3252 1605 ergo
3283 1538 3469 1592 mode-

1886 1633 1998 1677 rate
2029 1625 2204 1678 cibum
2235 1640 2453 1680 sumens
2484 1634 2650 1678 totum
2683 1627 2948 1694 perlicias,
2979 1626 3183 1692 singula
3213 1627 3265 1680 in
3295 1627 3468 1682 locum

1883 1728 2038 1765 suunt
2068 1721 2319 1782 pergunt.
2352 1723 2407 1768 et
2435 1713 2576 1782 quod
2618 1729 2804 1768 sanum
2845 1715 3078 1782 utileque
3099 1725 3202 1780 est,
3233 1717 3286 1771 itt
3318 1731 3474 1771 suum

1883 1817 1944 1856 se
1974 1803 2144 1857 locum
2171 1803 2412 1868 confert;
2441 1803 2581 1871 qttod
2613 1815 2791 1859 autem
2824 1807 3150 1874 superfluum
3175 1819 3328 1861 estet
3351 1809 3473 1862 inu-

1887 1894 1995 1955 tile.
2027 1895 2229 1948 secedit
2257 1905 2310 1949 et
2340 1896 2607 1965 egeritur:
2640 1897 2720 1950 sin
2764 1912 2894 1950 vero
2929 1898 3091 1952 nimia
3127 1899 3197 1953 sit
3235 1901 3475 1955 ciborum

1886 1987 2038 2055 eopia
2060 2029 2074 2050 ,
2106 1987 2266 2041 etiam
2298 1987 2347 2041 id
2367 2029 2382 2052 ,
2413 1988 2554 2058 quod
2583 1989 2760 2043 alendi
2790 1989 2895 2043 vim
2923 1989 3102 2056 habet,
3133 1993 3347 2046 noxium
3369 2002 3474 2058 est,

1889 2077 2046 2148 idque
2088 2079 2482 2147 perspicuitatis
2509 2096 2667 2134 causa
2697 2084 2946 2152 exemplo
2977 2083 3266 2152 proferam.
3289 2087 3472 2142 Infru-

1891 2177 2070 2222 mettto
2097 2167 2238 2221 aliud
2268 2179 2350 2222 est
2377 2169 2548 2224 simila
2572 2211 2586 2236 ,
2616 2171 2757 2224 aliud
2788 2171 2952 2224 farina
2974 2213 2990 2237 ,
3033 2173 3172 2226 aliud
3207 2174 3392 2227 furfur.
3420 2175 3475 2229 Si

1890 2273 2018 2327 ergo
2056 2258 2195 2312 mola
2226 2259 2449 2328 accipiet
2477 2275 2540 2314 ea
2561 2301 2577 2325 ,
2605 2275 2724 2330 qua:
2756 2269 2930 2329 potest
2960 2261 3181 2328 moi-rc,
3216 2263 3328 2316 luce
3357 2277 3478 2317 om-

1891 2350 1978 2402 nia
2005 2348 2293 2414 discernit;
2330 2350 2411 2403 sin
2444 2351 2593 2419 plura
2625 2350 2904 2420 conjicias,
2937 2352 3112 2406 omnia
3141 2353 3480 2408 confundunt.

1895 2447 1996 2491 tur.
2033 2438 2237 2492 Rursus
2264 2438 2468 2504 vinum,
2498 2440 2542 2493 si
2574 2453 2954 2510 eongrncntem
2989 2444 3214 2511 accipiat
3239 2459 3480 2513 operam,

1893 2528 1938 2581 si
1977 2542 2074 2582 suo
2111 2536 2355 2598 tempore
2390 2529 2722 2593 conficiatur,
2767 2531 2939 2599 primo
2967 2531 3147 2588 omnia
3186 2533 3341 2588 simul
3378 2535 3480 2588 mi-

1895 2627 2131 2682 scentur,
2165 2627 2347 2688 postea
2392 2635 2518 2674 vero
2561 2620 2702 2675 aliud
2748 2621 2800 2675 in
2844 2621 3028 2676 faccem
3060 2623 3205 2691 abit,
3248 2623 3389 2680 aliud
3431 2626 3482 2682 in

1896 2724 2136 2780 spumam
2158 2751 2172 2776 ,
2221 2710 2363 2765 aliud
2409 2721 2588 2766 manet
2616 2711 2682 2766 ad
2723 2727 2876 2767 nsum
2921 2713 3206 2768 fruentiqu
3241 2733 3254 2768 :
3287 2725 3340 2770 et
3371 2717 3485 2772 hazc

1897 2801 2035 2856 bona
2066 2815 2188 2870 pars
2214 2810 2330 2865 est,
2365 2816 2464 2856 nec
2495 2802 2645 2857 faciie
2684 2813 2936 2858 mutatur.
2979 2804 3109 2858 Nam
3150 2813 3274 2860 ante
3313 2821 3487 2874 netpte

1898 2883 2078 2944 vinum
2109 2907 2283 2961 neque
2312 2894 2407 2946 faex
2433 2901 2549 2955 est,
2581 2909 2700 2946 cum
2731 2893 2935 2948 scilicet
2964 2896 3138 2948 omnia
3173 2897 3484 2952 miscentur.

1901 2979 2016 3036 Hoc
2037 2980 2090 3035 in
2122 2982 2254 3034 tnari
2285 2997 2495 3050 quoque
2521 2980 2702 3036 videre
2728 2992 2810 3037 est
2838 2983 2888 3036 in
2920 2999 3106 3053 magna
3152 2996 3485 3053 tempestate.

1902 3073 1971 3130 Ut
1998 3089 2129 3145 ergo
2160 3083 2284 3128 tunc
2313 3075 2484 3142 pisces
2522 3073 2762 3129 videmus
2807 3083 3046 3131 mortuos
3083 3078 3486 3147 superﬂuitare,

1901 3167 1990 3236 qui
2023 3182 2130 3236 prre
2159 3164 2352 3235 frTgore
2380 3182 2483 3219 non
2512 3176 2729 3236 possunt
2763 3167 2814 3220 in
2847 3166 3064 3222 fundum
3096 3169 3332 3240 demergi
3363 3187 3376 3224 :
3418 3172 3489 3227 ita

1903 3269 1958 3314 et
1989 3261 2139 3314 nobis
2168 3260 2378 3313 accidit.
2408 3259 2633 3327 Quando
2661 3262 2803 3315 enim
2834 3277 3064 3331 superne
3087 3265 3272 3333 ingens
3297 3265 3494 3333 ingruit

1905 3351 2210 3406 voracitatis
2258 3351 2448 3417 imber,
2499 3352 2677 3405 omnia
2727 3367 3096 3420 commovens,
3146 3355 3494 3424 cogitationes

1905 3453 2058 3497 antea
2087 3457 2266 3509 sanas,
2295 3452 2344 3496 et
2375 3441 2603 3512 quietas,
2629 3457 2728 3497 ceu
2757 3452 2994 3498 moi-tuas
3019 3455 3368 3513 supernatare
3393 3459 3490 3499 co.

1905 3537 2000 3607 git.
2031 3536 2164 3590 Cum
2197 3536 2356 3605 igitur
2375 3551 2439 3589 ex
2470 3534 2770 3605 hujusmodi
2793 3536 3051 3605 exemplis
3071 3536 3496 3592 demonstratum

1910 3627 2061 3682 nobis
2091 3626 2250 3680 fuerit
2287 3636 2544 3696 qnantmu
2589 3627 2660 3679 sit
2694 3626 2970 3693 damnum,
3000 3640 3273 3682 cessemus
3311 3626 3500 3682 beatos

1908 3719 2086 3773 dicere
2107 3718 2251 3782 illos,
2269 3732 2402 3786 quos
2425 3717 2650 3772 miseros
2667 3715 2956 3785 pra-dicare
2977 3725 3270 3784 oporteret.
3296 3730 3497 3784 nosque

1909 3810 2192 3877 deplorare
2219 3822 2285 3861 ex
2314 3807 2401 3871 iis,
2434 3807 2504 3859 ob
2531 3823 2650 3876 qua:
2678 3809 2862 3860 beatos
2888 3806 3070 3861 dicere
3108 3814 3413 3876 oporteret,
3443 3815 3499 3860 et

1912 3897 2266 3967 frugalitatem
2315 3898 2620 3965 diligamus.
2667 3901 2856 3951 Annon
2903 3899 3099 3952 auditis
3147 3899 3380 3953 medicos
3418 3898 3494 3952 (Ii-

1911 3997 2124 4048 centes.
2155 3985 2445 4056 lndigeutia
2471 3995 2554 4040 est
2585 3997 2752 4041 mater
2781 3987 3060 4040 sanitatis?
3090 3988 3196 4057 liga
3237 4003 3363 4045 vexo
3391 4003 3496 4043 non

1913 4078 2207 4148 corporalis
2244 4077 2403 4130 modo
2441 4076 2686 4130 sanitatis
2729 4076 3068 4144 indigentiam
3113 4086 3334 4132 matrem
3379 4093 3500 4134 esse

1913 4173 2056 4238 dico,
2089 4172 2182 4226 sed
2211 4172 2370 4227 etiam
2402 4169 2712 4239 spiritualis.
2745 4169 2858 4222 lloc
2897 4178 2951 4221 «ιι
2978 4168 3172 4222 Paulus
3201 4183 3359 4222 Verus
3389 4185 3501 4224 mc-

1915 4265 2066 4321 dicus
2086 4265 2300 4327 clamat,
2325 4263 2508 4317 dicens
2539 4280 2552 4314 :
2584 4261 2628 4313 ll
2637 4260 2836 4314 obrutas
2856 4261 3095 4314 alimenta
3125 4271 3170 4313 et
3196 4271 3500 4329 tegumenta,

1918 4360 1994 4412 his
2021 4357 2238 4411 contenti
2265 4357 2419 4408 simus
2454 4355 2537 4423 (l.
2569 4352 2698 4406 Tim.
2722 4353 2772 4407 6.
2800 4350 2884 4421 8).
2909 4351 3348 4420 themperrmus'
3376 4364 3504 4430 ergo

1919 4452 2028 4515 illi,
2059 4460 2116 4504 ut
2143 4451 2256 4504 sani
2283 4465 2345 4502 ea
2367 4491 2381 4514 ,
2415 4463 2533 4516 qua:
2562 4446 2764 4516 agenda
2794 4455 2936 4505 sunt,
2958 4459 3241 4511 operemur
3272 4444 3321 4496 in
3347 4431 3505 4497 Chri-

1918 4553 2002 4598 sto
2042 4543 2167 4597 lem
2215 4542 2440 4594 Domino
2477 4549 2698 4601 nostro,
2741 4537 2954 4606 quicum
3007 4537 3145 4590 Patri
3191 4544 3246 4591 et
3287 4536 3505 4606 Spiritui

1919 4643 2104 4690 sant-to
2132 4635 2298 4703 gloria
2323 4675 2337 4699 ,
2369 4634 2644 4701 imperium
2669 4673 2682 4695 ,
2714 4631 2908 4696 honor,
2942 4643 3080 4684 nunc
3104 4639 3157 4682 et
3187 4644 3422 4699 semper,
3454 4635 3508 4680 et

1924 4729 1974 4782 iu
2005 4727 2196 4782 sa-cula
2227 4727 2567 4780 saiculorum.
2601 4727 2792 4777 Amen.

239 4849 3489 4885 Μ

1551 4941 1896 5002 HOMlLlA
1937 4939 2141 5000 XVII.

235 5092 348 5148 Cn.
378 5096 431 5151 7.
473 5111 532 5149 τ.
581 5095 671 5150 '55.
716 5092 868 5148 Hunc
911 5091 1158 5162 Hoysent,
1207 5107 1353 5157 quem
1391 5098 1711 5160 negaverunt,
1737 5088 1816 5140 di-

298 5198 458 5241 centes
487 5203 508 5240 :
539 5186 667 5250 Quis
703 5195 749 5239 te
774 5184 1028 5238 constituit
1053 5183 1332 5252 principem
1356 5191 1399 5235 et
1422 5181 1644 5250 judicem
1665 5195 1818 5248 super

299 5280 423 5332 nos?
450 5280 593 5332 hunc
618 5277 757 5332 Deus
780 5277 1055 5346 principem
1076 5284 1121 5329 et
1142 5275 1504 5342 redemptorem
1533 5272 1666 5328 misit
1702 5287 1817 5324 cum

301 5385 450 5422 non
475 5369 672 5439 angeli,
698 5367 786 5434 qui
810 5366 1048 5436 apparuit
1076 5365 1156 5418 illi
1181 5366 1234 5418 in
1263 5365 1408 5418 rubo.

303 5460 352 5512 Ι.
381 5459 615 5512 Multum
635 5472 934 5527 congruens
961 5455 1062 5510 hoc
1082 5464 1162 5511 est
1188 5463 1501 5525 argumento
1523 5452 1816 5522 proposito.

245 5547 386 5600 lianc
434 5547 688 5617 Moysem,
742 5548 931 5617 inquit.
975 5546 1197 5614 Qualem
1245 5545 1424 5599 hunc?
1470 5545 1600 5598 Eum
1638 5544 1723 5612 qui
1764 5543 1817 5596 itt

244 5640 536 5707 periculum
557 5638 704 5694 exitii
729 5643 891 5706 venit,
910 5653 1033 5698 eum
1055 5651 1215 5708 quem
1245 5635 1345 5706 ipsi
1362 5643 1818 5704 contempserant,

1923 5100 2080 5156 quem
2125 5089 2450 5152 negaverant
2484 5078 2740 5138 dicentes,
2773 5075 2898 5143 Quis
2940 5085 2987 5128 te
3022 5074 3281 5126 constituit
3315 5074 3507 5144 primi.

1924 5172 2249 5244 pem(l‘.'a:od.
2278 5172 2333 5226 ‘3.
2361 5169 2446 5239 Μ)
2470 5169 2494 5220 ?
2515 5165 2966 5238 quemadmodum
3013 5177 3067 5218 et
3109 5163 3324 5219 Christo
3353 5165 3505 5221 dice-

1923 5267 2070 5329 liant,
2103 5263 2223 5318 Non
2268 5261 2506 5315 habemus
2536 5275 2735 5329 regem,
2783 5258 2879 5310 nisi
2919 5256 3168 5310 limitarem
3199 5255 3376 5327 (Joan.
3413 5257 3500 5312 l9.

1929 5356 2037 5420 l5).
2075 5354 2224 5408 Hunc
2253 5353 2389 5407 Deus
2427 5351 2701 5422 principem
2745 5358 2790 5404 et
2829 5348 3190 5416 redemptorem
3227 5348 3364 5412 misit
3396 5362 3512 5399 cum

1927 5464 2080 5502 manu
2111 5446 2310 5518 angeli;
2339 5443 2428 5512 qui
2453 5442 2660 5500 dixerat
2688 5441 2760 5505 ei,
2801 5437 2912 5510 Ego
2940 5454 3050 5491 sum
3097 5437 3231 5492 Deus
3258 5437 3512 5490 Abraham

1929 5539 2122 5611 (Exod.
2153 5540 2204 5594 5.
2232 5538 2308 5605 0).
2340 5536 2436 5590 llic
2469 5543 2523 5588 et
2561 5534 2839 5592 miracula,
2883 5545 3001 5600 qua!
3049 5529 3184 5583 facta
3227 5537 3370 5588 sunt,
3413 5540 3510 5594 per

1929 5630 2199 5689 Cln'istum
2227 5627 2361 5682 facta
2391 5639 2510 5680 esse
2536 5623 2793 5686 oszwdit,
2821 5621 2908 5678 56..
2944 5619 3064 5686 llic,
3095 5618 3144 5671 id
3172 5627 3270 5683 est,
3306 5613 3508 5678 Moyses
