4014 6218
484 346 565 411 (et
592 338 733 404 vide,
765 337 1038 409 quomodo
1066 338 1215 393 illum
1241 338 1577 408 splendidum
1615 336 1886 407 exhibeat)
1939 339 2067 392 edu-

482 437 557 489 rit
582 434 720 495 illos,
757 434 947 504 faciens
971 432 1204 504 prodigia
1234 432 1455 501 etsigna
1493 430 1545 484 in
1581 439 1714 484 terra
1750 428 1991 500 digypti,
2022 438 2069 484 et

483 528 534 579 in
563 527 693 578 mari
711 524 898 584 Rubro.
925 532 982 577 et.
996 520 1048 576 in
1068 523 1266 575 deserto
1282 522 1435 575 annis
1459 522 1820 591 quadraginta.
1845 522 1934 576 57.
1967 519 2068 574 llic

481 629 555 674 est
588 618 807 687 Moyses,
833 616 920 686 qui
944 617 1071 683 dixit
1098 616 1220 682 [illis
1248 612 1413 666 Israel
1430 629 1453 666 :
1479 612 1788 683 PrOphetam
1810 612 1945 666 vobis
1978 628 2066 665 su-

484 710 679 765 scitabit
709 708 951 762 Dominus
978 706 1110 759 Deus
1135 721 1198 758 ex
1225 705 1463 774 fratribus
1499 704 1672 757 vestris
1705 713 1957 772 tamquam
1986 720 2068 756 me

481 800 658 873 (Deut.
691 800 777 854 18.
821 799 947 870 18);
982 796 1033 851 id
1075 806 1177 859 est,
1201 803 1588 863 contemptum,
1623 793 1829 847 insidiis
1858 792 2063 862 sppeti-

482 907 613 948 tum.
646 893 854 947 Etenim
884 891 1125 943 vnlnerat
1157 890 1327 956 ipsum
1365 886 1613 941 occidere
1638 884 1898 950 llerodes,
1926 893 1979 938 et
2009 884 2061 938 in

483 986 711 1055 .Egypto
740 993 983 1036 servatus
1002 990 1103 1036 est.
1128 980 1263 1033 sicut
1285 987 1343 1032 et
1370 979 1455 1032 ille
1487 992 1617 1045 puer
1638 992 1758 1030 cum
1786 985 1950 1041 esset,
1977 976 2027 1029 in
2045 1002 2061 1014 -

476 1078 628 1133 sidiis
653 1088 733 1129 est
758 1075 1043 1142 appetitus.
1075 1072 1162 1127 58.
1202 1069 1298 1123 llic
1329 1080 1420 1133 est,
1450 1070 1537 1138 qui
1556 1068 1652 1138 fuit
1690 1069 1744 1122 in
1776 1068 1984 1121 ecclesia
2007 1069 2061 1122 in

478 1167 768 1229 solitudine,
791 1182 903 1218 cum
928 1163 1127 1232 angelo,
1156 1161 1242 1231 qui
1261 1161 1557 1230 loquebatur
1577 1160 1622 1212 ei
1642 1159 1694 1211 in
1717 1167 1883 1211 monte
1904 1158 2056 1224 Sina,

475 1273 521 1313 et
550 1276 661 1312 eum
694 1258 920 1325 patribus
950 1254 1131 1308 nostris
1146 1269 1165 1316 ,'
1192 1253 1278 1323 qui
1302 1251 1493 1321 accepit
1514 1249 1658 1303 verba
1680 1250 1791 1303 vitta
1813 1249 1937 1301 dare
1961 1264 2059 1301 no-

474 1352 567 1404 bis.
597 1350 800 1403 Rursus
827 1362 1084 1416 nusquam
1115 1343 1391 1412 templum,
1427 1355 1686 1409 nusquam
1716 1338 2053 1394 sacriﬁcium.

473 1441 599 1496 Cum
643 1441 842 1509 angelo,
898 1435 1085 1505 inquit.
1141 1442 1192 1486 ut
1237 1434 1380 1485 daret
1425 1430 1568 1484 nobis
1610 1430 1756 1483 verba
1782 1430 1913 1482 vitta.
1960 1427 2059 1482 llic

473 1531 726 1590 ostendit,
762 1528 931 1597 ipsum
964 1542 1069 1580 non
1104 1532 1307 1578 tantum
1352 1522 1500 1591 signa
1532 1520 1740 1584 iecisse,
1772 1519 1863 1573 sed
1891 1518 2054 1573 etiam

472 1625 643 1693 legem
670 1620 900 1681 dedisse,
932 1626 989 1671 ut
1015 1616 1258 1670 Christus
1280 1614 1419 1668 fecit.
1444 1609 1901 1677 Quemadmodum
1926 1623 2055 1677 ergo

475 1714 558 1767 hic
587 1712 758 1782 primo
787 1711 931 1779 signa
960 1706 1103 1771 facit,
1131 1715 1185 1760 et
1211 1716 1335 1757 tunc
1362 1704 1529 1772 legem
1558 1701 1650 1755 dat
1678 1718 1691 1753 :
1717 1701 1794 1755 sic
1820 1708 1873 1753 et
1899 1699 2053 1753 Citri-

472 1817 607 1860 stns.
652 1802 755 1858 Sed
803 1816 907 1855 non
957 1799 1241 1852 audierunt
1280 1795 1461 1856 illum,
1502 1808 1714 1861 semper
1755 1804 2051 1859 repugnare

468 1897 633 1960 docti,
664 1903 786 1964 post
828 1894 976 1962 signa
1026 1890 1132 1953 illa,
1167 1897 1287 1958 post
1315 1886 1550 1956 prodigia
1585 1900 1677 1953 per
1701 1881 2049 1951 quadraginta

466 2004 633 2043 annos
664 1985 827 2038 edita.
865 1982 1047 2051 Neque
1089 1980 1187 2033 hoc
1232 1987 1433 2032 tantum
1456 2017 1470 2037 ,
1508 1975 1600 2030 sed
1642 1984 1693 2027 ct
1720 1971 2046 2028 contrarium

465 2077 827 2132 exhibuerunt
851 2089 865 2136 ;
892 2072 1031 2141 quod
1055 2069 1353 2131 declarans,
1380 2065 1607 2134 adjecit:
1629 2063 1721 2117 59.
1752 2061 1844 2116 Cui
1873 2061 2049 2114 nolue-

464 2179 580 2222 runt
601 2166 802 2220 obedire
824 2172 988 2228 patres
1010 2160 1201 2220 nostri;
1226 2159 1315 2212 sed
1337 2158 1648 2225 repulerunt,
1674 2163 1719 2207 et
1740 2153 1900 2206 aversi
1930 2160 2048 2204 sunt

461 2260 696 2314 cordibus
723 2256 829 2310 suis
856 2256 906 2307 in
933 2252 1240 2323 Egyptum,
1268 2250 1357 2305 10.
1376 2250 1596 2302 dicentes
1612 2246 1680 2298 ad
1702 2246 1871 2300 Aaron
1897 2257 1916 2297 :
1938 2242 2047 2296 Fac

462 2352 602 2405 nobis
643 2349 781 2409 deos,
817 2346 902 2415 qui
945 2347 1228 2413 prrecedant
1256 2358 1346 2394 nos
1379 2355 1399 2393 :
1431 2338 1631 2408 Moyses
1658 2342 1787 2389 enim
1818 2336 1918 2398 hic,
1947 2334 2037 2403 qui

462 2443 634 2497 eduxit
670 2457 760 2492 nos
784 2438 846 2490 de
874 2436 1009 2489 terra
1044 2433 1283 2503 Egypti,
1317 2431 1564 2484 nescimus
1600 2427 1721 2494 quid
1758 2430 1947 2496 factum
1981 2424 2045 2477 sit

460 2537 505 2587 ei
524 2532 713 2603 (Exod.
742 2528 832 2584 52.
864 2528 940 2596 1).
965 2526 1054 2580 41.
1079 2525 1142 2578 Et
1172 2522 1379 2582 vitulum
1401 2523 1621 2591 fecerunt
1649 2518 1699 2571 in
1723 2515 1896 2569 diebus
1919 2514 2040 2579 illis,

459 2637 506 2679 et
532 2624 815 2678 obtulerunt
841 2618 1055 2671 hostiam
1078 2615 1371 2677 simulacro,
1402 2622 1446 2664 et
1466 2609 1769 2664 laztabantur
1794 2610 1846 2660 iu
1869 2607 2040 2676 operi-

459 2717 552 2769 bus
582 2728 823 2766 manuum
845 2724 1071 2762 suarum.
1096 2705 1183 2761 42.
1214 2705 1394 2759 Cont'ei
1410 2703 1466 2756 tit
1492 2711 1659 2754 autem
1680 2698 1837 2763 Deus,
1864 2708 1909 2751 et
1930 2708 2042 2751 tra-

458 2806 586 2860 didit
616 2806 731 2856 illos
759 2802 942 2855 servire
971 2798 1165 2852 militia
1193 2796 1324 2859 cteli,
1359 2796 1486 2847 sicut
1510 2793 1753 2862 scriptum
1793 2800 1866 2844 est
1895 2792 1947 2841 in
1979 2789 2044 2841 li-

458 2899 547 2952 bro
574 2898 931 2968 prophetarum
953 2909 972 2945 :
1005 2889 1267 2957 Numquid
1292 2887 1514 2940 victimas
1539 2895 1586 2939 et
1613 2882 1865 2950 sacrificia
1891 2881 2040 2934 obtu-

457 2990 584 3043 listis
612 2987 733 3039 mihi
757 2985 903 3037 annis
940 2980 1276 3051 quadraginta
1314 2977 1364 3030 in
1398 2975 1617 3036 deserto,
1663 2972 1841 3025 domus
1874 2968 2043 3023 Israel

463 3084 638 3150 (Amos
684 3078 737 3133 5.
772 3075 909 3144 25)?
947 3073 1035 3127 45.
1082 3070 1146 3124 Et
1183 3070 1469 3133 suscepistis
1509 3064 1883 3117 tabernaculum
1927 3058 2042 3112 Mo-

457 3177 591 3235 loch,
621 3183 667 3227 et
688 3171 828 3225 sidus
849 3168 927 3220 dei
949 3164 1095 3218 vestri
1123 3160 1408 3228 Remphan,
1442 3157 1652 3225 liguras,
1675 3170 1801 3223 quas
1827 3151 2036 3219 fecistis,

453 3278 512 3320 ιιι
536 3261 814 3318 adoraretis
841 3274 945 3311 eus.
985 3254 1047 3307 Et
1078 3251 1379 3318 transferam
1422 3263 1507 3301 vos
1534 3255 1672 3297 trans
1705 3242 2033 3312 Babylonem.

458 3353 716 3415 Tradidit;
740 3351 838 3401 hoc
865 3347 1001 3399 idem
1024 3352 1106 3397 est
1132 3355 1216 3406 ac,
1235 3336 1492 3407 permisit.
1522 3334 1611 3389 ﬂ.
1634 3331 2036 3387 Tabernaculum

455 3440 722 3497 testimonii
748 3446 855 3491 erat
882 3433 1108 3504 patribus
1136 3430 1319 3483 nostris
1358 3429 1413 3481 in
1449 3426 1663 3487 deserto,
1696 3424 1823 3478 sicut
1848 3432 2039 3476 statue.-

453 3546 532 3589 rat
560 3534 662 3587 illis
694 3532 899 3600 loquens
924 3529 991 3580 ad
1029 3524 1277 3595 Moysem,
1312 3532 1365 3576 ut
1392 3524 1575 3594 faceret
1604 3518 1734 3573 illud
1762 3517 2036 3572 secundum

452 3632 690 3698 formam,
718 3638 867 3691 quam
898 3620 1086 3673 viderat
1118 3615 1312 3688 (Exod.
1342 3613 1432 3669 25.
1463 3612 1577 3683 40).
1607 3613 1755 3667 Licet
1780 3611 2033 3667 taberna-

452 3718 631 3772 culum
661 3722 825 3777 esset,
854 3710 1113 3764 sacriﬁcia
1144 3722 1249 3762 non
1282 3716 1453 3761 erant.
1484 3705 1637 3773 Quod
1666 3718 1794 3759 vero
1820 3718 1926 3757 non
1949 3716 2035 3757 es-

450 3821 594 3874 sent,
628 3806 884 3877 propheta
913 3803 1151 3858 d-clarat
1179 3802 1261 3855 his
1283 3800 1459 3855 verbis
1485 3817 1498 3853 :
1525 3796 1788 3868 Numquid
1810 3797 2033 3851 victimas

452 3912 498 3956 et
524 3899 775 3969 sacrificia
797 3895 1047 3950 obtulistis
1079 3892 1247 3946 mihi?
1284 3891 1709 3947 Tabernaculum
1742 3887 2030 3944 testimonii

448 4002 584 4058 erat,
606 4003 662 4046 et
693 3989 822 4044 nihil
854 3989 981 4058 ipsis
1008 3986 1277 4057 proderat,
1312 3985 1405 4039 sed
1427 3984 1898 4038 consumebantur.
1928 3979 2032 4035 Ne-

447 4100 554 4154 que
582 4081 806 4136 antehac
830 4079 932 4134 illis
957 4093 1128 4148 Signa,
1160 4092 1330 4146 neque
1359 4085 1538 4144 postea
1565 4073 1879 4143 profuerunt
1901 4071 2028 4126 illis.

447 4176 536 4231 45.
569 4172 718 4240 Quod
741 4184 788 4226 et
818 4170 1146 4231 induxerunt,
1176 4168 1506 4237 suscipientes
1532 4174 1700 4235 patres
1729 4163 1907 4216 nostri.
1942 4161 2031 4215 Vi-

446 4268 565 4321 den‘
594 4267 662 4319 ibi
693 4265 866 4318 locum
894 4272 1136 4317 sanctum
1173 4275 1314 4322 esse,
1343 4258 1429 4312 ubi
1457 4267 1538 4311 est
1570 4255 1750 4311 Deus?
1780 4254 1926 4318 Ideo,
1961 4252 2027 4308 In

444 4362 661 4419 deserto,
691 4356 843 4417 dixit,
867 4362 923 4405 nt
950 4352 1121 4405 locum
1153 4350 1270 4402 loco
1297 4347 1561 4402 conferat.
1593 4346 1792 4400 Deinde
1820 4345 2026 4399 beneﬁ-

443 4446 583 4499 cium
614 4444 871 4512 sequitur.
909 4440 971 4493 Ει
995 4441 1321 4501 induxerunt,
1364 4438 1552 4506 inquit,
1586 4437 1914 4505 suscipientes
1933 4454 2024 4507 pa-

444 4549 544 4591 tres
569 4537 725 4590 nostri
754 4550 869 4587 cum
896 4532 927 4585 J
935 4549 1020 4586 esu
1045 4533 1097 4586 in
1125 4531 1487 4600 possessionem
1509 4531 1752 4599 gentium,
1779 4546 1904 4598 quas
1929 4545 2022 4584 ex-

444 4630 571 4700 pulit
617 4628 750 4680 lleus
789 4643 821 4679 a
860 4626 989 4695 facie
1035 4634 1238 4695 patrum
1282 4633 1568 4676 nostrorum
1612 4639 1771 4691 usque
1807 4623 1876 4676 ad
1915 4624 2023 4678 dies

444 4720 627 4783 David,
661 4720 747 4774 46.
780 4718 865 4787 qui
894 4718 1078 4770 invenit
1104 4716 1321 4787 gratiam
1360 4727 1477 4768 ante
1503 4714 1690 4780 Deum,
1728 4725 1777 4770 et
1803 4717 1942 4785 petiit
1967 4727 2022 4770 ut

440 4814 680 4869 inveniret
700 4810 1078 4865 tabernaculum
1106 4808 1199 4862 Dei
1225 4806 1386 4862 Jacob
1416 4806 1588 4877 (Psal.
1622 4809 1743 4863 131.
1763 4808 1843 4876 5).
1866 4808 2022 4864 Petiit

439 4905 706 4961 aediﬁcare
731 4902 914 4968 David,
940 4912 994 4957 et
1025 4917 1130 4955 non
1159 4915 1475 4954 concessum
1506 4907 1590 4953 est
1619 4899 1692 4963 ei,
1732 4914 1922 4968 magno
1952 4900 2019 4953 li-

437 5008 523 5053 cet
545 5006 599 5053 et
624 4995 891 5059 mirabili;
934 4993 1027 5047 sed
1073 4992 1296 5047 :ediﬁcat
1336 4990 1579 5059 abjectus
1614 4991 1701 5044 ille
1738 4989 2013 5045 Salomon.

440 5090 563 5144 Ideo
587 5088 813 5143 ωιτη.
863 5086 1110 5142 Salomon
1147 5095 1315 5138 autem
1359 5084 1629 5152 aediﬁcavit
1665 5083 1743 5137 illi
1785 5084 2012 5137 domum.

434 5182 524 5236 48.
554 5180 660 5235 Sed
687 5197 786 5234 non
814 5180 1100 5239 Altissimus
1141 5179 1194 5231 in
1232 5178 1535 5245 manufaetis
1562 5177 1761 5247 templis
1798 5177 2011 5231 habitat.

432 5271 549 5326 Jam
580 5270 681 5325 boc
710 5287 802 5339 per
821 5286 903 5335 ea,
927 5287 1045 5340 qua:
1071 5286 1228 5340 supra
1254 5270 1393 5324 dicta
1421 5279 1566 5335 sunt,
1598 5279 1871 5323 ostensum
1894 5277 2010 5334 est;

430 5361 729 5415 declaratur
749 5361 906 5414 etiam
923 5378 988 5415 ex
1008 5361 1313 5430 prophetica
1331 5377 1459 5416 voce
1480 5379 1493 5413 :
1517 5359 1786 5431 quomodo
1808 5371 2006 5422 autem,

428 5453 550 5506 audi
580 5453 875 5521 sequentia.
915 5453 1060 5507 Sicut
1082 5453 1327 5523 propheta
1356 5454 1517 5506 dicit:
1543 5454 1631 5507 49.
1664 5450 1854 5507 Calain
1884 5452 2008 5504 mihi

423 5543 565 5598 sedes
591 5551 685 5609 est,
729 5554 864 5597 terra
908 5553 1075 5598 autem
1115 5544 1384 5598 scabellum
1427 5545 1612 5614 pedum
1654 5560 1899 5597 meorum.
1939 5541 2009 5595 Et

422 5648 572 5704 quam
596 5634 801 5690 domum
825 5636 1141 5709 ardiﬁcabitis
1167 5633 1311 5703 mihi,
1333 5634 1454 5688 dicit
1474 5632 1725 5689 Dominus
1741 5634 1768 5688 .’
1786 5632 2007 5703 autquis

1235 225 1296 282 S.
1332 225 1608 283 JOANNlS
1643 224 2115 284 CHRYSOSTOMI
2152 227 2472 289 ARCIIIEP.
2511 232 3043 293 CONSTANTINOP.

3635 255 3732 314 138

2176 339 2317 395 locus
2336 342 2657 412 requietionis
2686 363 2811 400 mea:
2833 348 2949 401 est.’
2977 349 3066 403 50.
3095 366 3262 405 nonne
3284 367 3463 408 manus
3498 361 3741 427 nieafecit

2171 432 2279 486 [uec
2299 433 2637 504 omnia(lsai.
2661 436 2749 490 66.
2776 436 2870 504 l)?
2898 437 2978 493 Ne
3005 439 3287 506 miremini,
3317 444 3506 512 inquit,
3534 447 3576 499 si
3597 447 3747 502 Chri-

2169 533 2284 578 stus
2312 524 2399 587 iis,
2426 525 2515 594 qui
2540 542 2760 597 regnum
2785 529 2951 599 ipsius
2968 531 3231 599 rejicinnt,
3258 534 3393 589 bene
3418 535 3559 596 facit,
3580 553 3743 607 quan-

2168 612 2455 683 doquidem
2480 626 2535 669 et
2562 615 2613 670 in
2652 617 2834 688 Moyse
2871 618 2973 673 hoc
3014 622 3210 675 laetum
3239 634 3340 677 est.
3381 624 3446 678 Et
3483 642 3588 681 non
3615 630 3742 684 sim-

2169 703 2380 772 pliciter
2407 703 2529 758 illos
2575 708 2733 771 eruit,
2779 707 2872 762 svd
2918 708 2969 762 in
3012 710 3228 765 deserto
3274 724 3511 782 agentes.
3546 716 3741 786 Videu‘,

2166 792 2305 861 quod
2338 802 2556 862 propter
2599 795 2719 849 illos
2759 798 2907 865 signa
2958 799 3045 853 illa
3083 802 3225 855 edita
3268 802 3408 856 sint!
3449 802 3627 875 Itaque
3659 811 3743 877 qui

2165 896 2286 937 cum
2315 883 2429 938 Deo
2464 884 2716 955 loquutus
2742 900 2844 952 est,
2877 891 2967 958 qui
2999 891 3134 947 mire
3164 904 3443 959 servatus,
3485 898 3573 965 qui
3607 907 3743 952 tanta

2165 972 2290 1029 fecit
2318 978 2589 1046 etpotuit;
2623 980 2853 1034 ostendit
2880 984 3099 1037 omnino
3116 992 3370 1052 Oporterc
3396 987 3600 1054 impleri
3625 1005 3744 1057 pro-

2166 1067 2423 1135 pltetiam,
2454 1085 2555 1124 nec
2580 1082 2860 1126 aversatur
2885 1074 2985 1129 sibi
3030 1075 3152 1145 ipsi.
3192 1076 3298 1131 Sed
3333 1079 3580 1146 superius
3608 1080 3741 1134 dicta

2164 1169 2487 1227 repetamus.
2520 1161 2621 1215 llic
2638 1172 2729 1226 est,
2762 1164 2948 1234 inquit,
2986 1166 3186 1236 Moyses
3209 1170 3294 1236 qui
3321 1169 3449 1222 dixit
3480 1185 3500 1223 :
3528 1168 3743 1237 Prophe-

2162 1257 2266 1302 tam
2305 1251 2440 1319 vobis
2475 1255 2734 1308 suscitabit
2776 1255 3025 1310 Dominus
3054 1269 3309 1328 tamquam
3340 1276 3439 1314 me.
3482 1261 3591 1314 lloc
3621 1275 3742 1332 puto

2160 1340 2430 1396 Clnistum
2461 1348 2761 1413 reSpcxisse
2788 1364 2908 1402 enm
2934 1349 3068 1403 dixit
3104 1367 3118 1402 ε
3148 1348 3232 1404 Ea:
3253 1350 3455 1405 Juda'is
3496 1353 3633 1405 salus
3673 1365 3740 1407 est

2161 1430 2337 1499 (Joan.
2365 1433 2417 1486 4.
2447 1432 2563 1503 22),
2588 1435 2823 1504 seipsum
2846 1437 3208 1493 subiudicans.
3236 1439 3336 1492 llic
3356 1452 3447 1506 est,
3470 1442 3555 1509 qui
3578 1444 3740 1512 fuitin

2159 1519 2354 1574 deserto
2382 1536 2495 1574 cum
2528 1526 2729 1592 angelo,
2767 1527 2855 1595 qui
2884 1527 3180 1598 loquebatur
3217 1530 3333 1598 ipsi.
3375 1531 3513 1586 Ecce
3556 1533 3739 1586 iterum

2159 1611 2391 1665 ostendit
2419 1613 2589 1681 ipsum
2610 1614 2824 1670 dedisse
2847 1616 3037 1687 legem,
3065 1619 3327 1688 siquidem
3351 1636 3471 1675 cum
3491 1622 3609 1691 ipso
3629 1633 3738 1676 erat

2158 1702 2210 1757 in
2240 1713 2378 1759 cmtu
2417 1705 2466 1759 in
2510 1707 2743 1761 deserto.
2798 1708 2895 1763 llic
2941 1724 3071 1764 vero
3120 1712 3434 1767 miraculum
3491 1730 3736 1784 magnum

2155 1797 2314 1849 etiam
2340 1809 2721 1853 commemorat
2751 1800 2801 1853 in
2830 1811 3010 1855 monte
3039 1802 3255 1857 factum.
3282 1805 3383 1871 Qui
3415 1808 3607 1875 accepit
3634 1825 3741 1861 rer-

2152 1890 2216 1940 ba
2243 1889 2374 1953 vine,
2405 1899 2459 1942 ut
2491 1890 2634 1945 duret
2670 1890 2831 1945 nobis.
2861 1892 3067 1962 Ubique
3107 1896 3368 1950 mirabilis
3392 1910 3475 1952 est
3504 1898 3734 1975 Moyses,

2154 1982 2383 2035 maxime
2409 1998 2536 2036 vero
2564 1984 2776 2052 quando
2815 1985 2897 2039 lex
2926 1986 3097 2042 danda
3126 1996 3262 2043 erat.
3308 1989 3442 2056 Quid
3484 1992 3587 2045 sibi
3628 1993 3737 2046 vnit

2153 2070 2304 2136 illud,
2347 2071 2505 2125 Verba
2534 2074 2686 2128 vita?
2715 2074 2806 2129 Vel
2834 2092 2917 2142 ea,
2947 2093 3172 2146 qum-um
3200 2079 3319 2132 ﬁnis
3344 2096 3435 2149 per
3453 2096 3738 2137 sermones

2152 2164 2569 2231 monstrabatur,
2600 2165 2678 2219 vel
2707 2166 3012 2235 prophetias
3038 2169 3185 2223 dicit.
3216 2169 3346 2225 llinc
3372 2174 3614 2242 sequitur
3634 2176 3733 2229 cri-

2152 2254 2372 2308 minatio
2399 2256 2448 2308 in
2500 2257 2849 2324 patriarchas,
2880 2260 2967 2329 qui
3011 2270 3127 2329 post
3168 2262 3316 2331 signa
3358 2274 3411 2318 et
3450 2266 3728 2331 miracula,

2152 2357 2428 2415 postquam
2459 2357 2775 2415 acceperant
2796 2351 2953 2404 verba
2973 2352 3113 2418 vitae,
3137 2352 3199 2405 Ei
3225 2354 3514 2418 noluerunt,
3540 2357 3727 2426 inquit,

2149 2436 2430 2493 obcdientes
2453 2454 2579 2495 esse.
2597 2439 2759 2495 Recte
2781 2452 2955 2497 autem
2973 2444 3124 2509 dixit,
3142 2443 3301 2498 Verba
3321 2447 3455 2513 vita,
3473 2457 3529 2501 nt
3548 2458 3697 2503 ostcn
3714 2480 3729 2493 -

2147 2529 2298 2585 deret
2323 2544 2441 2585 esse
2467 2546 2677 2600 quoque
2706 2532 2865 2587 verba
2890 2549 2993 2588 non
3020 2535 3273 2601 viventia,
3296 2536 3363 2589 de
3386 2537 3579 2607 quibus
3602 2539 3731 2593 Eze-

2147 2621 2287 2677 chiel
2317 2623 2425 2676 ait:
2456 2622 2519 2675 Et
2542 2623 2658 2677 dedi
2686 2624 2822 2677 vobis
2851 2634 3102 2695 pra‘cepta
3123 2643 3221 2679 non
3244 2625 3374 2680 bona
3395 2627 3609 2697 (Ezech.
3637 2629 3727 2683 20.

2145 2714 2259 2785 25).
2289 2714 2434 2769 Talia
2454 2730 2582 2785 ergo
2614 2717 2905 2786 respiciens
2931 2717 3083 2782 dixit,
3117 2715 3281 2771 Verba
3301 2719 3434 2772 vitm.
3458 2719 3563 2774 Sed
3581 2737 3728 2791 repa-

2146 2806 2335 2870 lerunt,
2354 2817 2401 2860 et
2421 2809 2580 2861 auersi
2599 2819 2715 2862 sunt
2730 2810 2964 2863 cordibus
2983 2814 3088 2863 suis
3106 2809 3157 2863 in
3172 2809 3247 2865 1E
3249 2820 3462 2881 gyptum
3482 2827 3503 2875 ,'
3535 2812 3619 2867 ubi
3650 2814 3725 2867 in-

2146 2899 2511 2968 gemiscebant
2527 2901 2564 2965 ⁸,
2588 2901 2674 2955 ubi
2691 2900 3007 2967 clamabant,
3039 2902 3179 2957 unde
3198 2902 3364 2957 Deum
3385 2904 3719 2958 invocabant.

2148 2987 2217 3042 Et
2237 2990 2466 3044 dicebant
2502 2992 2690 3045 Aaroui
2709 3007 2729 3045 :
2759 2991 2866 3046 Fac
2883 2993 3022 3047 nobis
3042 2994 3283 3065 deos,_qui
3305 2996 3594 3064 prtecedant
3616 3013 3720 3050 nos.

2214 3081 2269 3134 2.
2311 3082 2612 3136 Judworum
2652 3083 3103 3153 insipientia.—O
3148 3085 3548 3156 insipientiam!
3599 3086 3723 3149 Fac,

2145 3172 2406 3243 inquiunt,
2454 3183 2510 3226 ut
2548 3178 2834 3242 praecedant
2868 3192 2979 3229 nos.
3017 3175 3169 3243 Quo?
3196 3176 3250 3230 In
3283 3177 3598 3247 )Egyptum.
3640 3177 3727 3231 Vi-

2143 3264 2286 3329 den’,
2314 3281 2470 3333 quam
2497 3280 2637 3335 aegre
2662 3266 3020 3321 avellerentur
3044 3282 3072 3321 a
3105 3269 3343 3322 moribus
3363 3268 3726 3341 .Egyptiacis?

2141 3354 2278 3423 Quid
2310 3355 2486 3409 dicis?
2522 3371 2626 3409 non
2671 3366 2949 3426 exspectas
2989 3374 3109 3412 eum
3149 3359 3237 3429 qui
3277 3368 3329 3414 te
3366 3359 3590 3427 eduxit;
3634 3360 3723 3415 sed

2144 3460 2306 3516 negas
2344 3446 2682 3510 beneﬁcium,
2714 3457 2767 3501 et
2807 3461 2840 3500 a
2888 3447 3229 3504 benefactore
3266 3448 3445 3519 fugis?
3484 3452 3545 3504 Et
3585 3452 3723 3517 vide,

2139 3539 2411 3611 quomodo
2450 3539 2771 3594 contumelia
2803 3539 3061 3595 afﬁciunt.
3107 3540 3309 3611 Moyses
3336 3543 3475 3596 enim
3511 3544 3609 3610 hic,
3642 3543 3725 3596 in-

2139 3630 2347 3700 quiunt,
2378 3630 2466 3701 qui
2492 3631 2667 3685 eduxit
2693 3647 2783 3684 nos
2810 3631 2873 3684 de
2897 3642 3031 3685 terra
3058 3631 3295 3703 Egypti.
3323 3631 3599 3703 Nusquam
3633 3634 3721 3687 Dei

2140 3738 2356 3789 nomen,
2388 3722 2481 3777 sed
2509 3722 2686 3777 inania
2726 3723 2891 3795 Moysi
2922 3722 3249 3778 adscribunt.
3283 3725 3346 3778 Et
3375 3740 3505 3780 cum
3533 3727 3725 3796 gratias

2118 3822 2295 3885 agere
2319 3824 2611 3884 Oporteret,
2645 3815 2878 3887 Moysem
2907 3815 2959 3870 in
2992 3815 3226 3870 medium
3256 3816 3534 3872 adducunt
3560 3834 3575 3871 :
3605 3833 3721 3871 cum

2137 3916 2314 3961 autem
2345 3906 2445 3974 legi
2464 3905 2819 3960 obediendum
2846 3914 2978 3966 erat,
3003 3920 3107 3959 non
3126 3907 3234 3974 jam
3262 3906 3502 3978 Moysen:
3527 3923 3723 3963 memo-

2138 4008 2278 4053 rant.
2311 3999 2469 4065 Atqni
2504 3997 2731 4061 dixerat,
2777 4012 2837 4051 se
2871 3997 3183 4064 ascendere,
3216 4006 3273 4051 ut
3301 3998 3479 4068 legem
3515 4001 3723 4069 accipe-

2136 4100 2217 4144 ret
2242 4104 2257 4155 ;
2288 4090 2363 4144 illi
2396 4104 2524 4143 vero
2545 4105 2613 4144 ne
2642 4105 2736 4159 per
2764 4089 3110 4159 quadraginta
3141 4089 3353 4161 quidem
3382 4091 3507 4147 dies
3532 4107 3723 4162 exspe-

2134 4189 2365 4233 ctarunt.
2416 4178 2523 4232 Fac
2556 4179 2698 4234 nobis
2728 4180 2866 4233 deos.
2903 4178 3019 4235 Non
3061 4181 3330 4248 dixerunt,
3370 4182 3565 4246 Deum,
3607 4183 3718 4247 sed,

2134 4268 2268 4324 Deos
2294 4286 2313 4324 :
2335 4270 2413 4323 sie
2435 4269 2920 4336 deliaccliabanlur,
2943 4280 2999 4325 ut
3020 4271 3287 4327 nescirent
3307 4273 3433 4342 quid
3459 4275 3717 4329 dicen-nt.

2133 4361 2201 4415 Et
2222 4367 2444 4434 fecerunt
2466 4363 2677 4416 vitulum
2698 4363 2748 4415 in
2764 4364 2938 4417 diebus
2958 4364 3079 4431 illis,
3103 4374 3149 4418 et
3164 4366 3451 4420 obtulerunt
3471 4366 3721 4434 sacrificia

2131 4455 2288 4509 idolo.
2322 4454 2565 4509 Vidistiu‘
2593 4455 2949 4524 insipientiam
2994 4458 3306 4527 ingentem?
3335 4453 3434 4513 Ubi
3476 4461 3721 4529 apparuit

2133 4546 2275 4602 Deus
2298 4547 2480 4618 Moysi,
2515 4548 2566 4601 bl
2596 4548 2817 4602 vitulum
2846 4547 3121 4609 faciunt,et
3153 4550 3454 4607 immolant.
3484 4551 3549 4605 Et
3570 4550 3717 4605 ἱωια-

2129 4640 2331 4705 bontur,
2357 4639 2547 4710 inquit,
2572 4640 2623 4693 in
2648 4640 2880 4709 operibus
2902 4658 3141 4694 manuum
3167 4658 3395 4695 suarum.
3430 4643 3506 4697 De
3525 4643 3719 4713 quibus

2128 4731 2447 4786 erubescere
2471 4731 2772 4801 oportebat,
2800 4733 3135 4787 laetabantur.
3171 4733 3237 4786 Et
3261 4733 3386 4803 quid
3421 4735 3639 4798 mirum,
3671 4735 3715 4788 si

2128 4822 2386 4892 ignoratis
2419 4823 2714 4888 Clu-istum,
2756 4824 2969 4893 quando
3004 4834 3057 4879 et
3096 4826 3331 4896 Moysem
3377 4827 3638 4896 ignoratis
3663 4843 3717 4882 et

2127 4914 2315 4981 Deum,
2348 4923 2426 4969 tot
2449 4915 2616 4983 signis
2638 4916 2928 4971 exliibitum
2950 4917 2973 4970 ?
2999 4917 3076 4971 Illi
3107 4932 3235 4973 vero
3265 4934 3368 4973 non
3398 4920 3714 4988 ignorarunt

2124 5006 2305 5070 modo,
2337 5005 2431 5061 sed
2456 5016 2511 5062 et
2534 5007 2639 5061 alio
2665 5008 2824 5061 modo
2861 5012 3182 5063 contumelia
3224 5010 3540 5072 all‘eceruut,
3584 5011 3725 5064 dum-

2123 5099 2262 5153 idola
2293 5098 2548 5154 laeerent.
2578 5100 2832 5177 Convertit
2858 5111 3023 5154 autem
3065 5100 3223 5167 Deus,
3267 5113 3315 5156 et
3341 5104 3556 5159 tradidit
3595 5105 3710 5158 illos

2119 5191 2305 5244 servire
2331 5191 2525 5243 militia:
2551 5192 2681 5245 cwli.
2724 5191 2857 5245 llinc
2891 5208 3068 5246 mores
3099 5192 3191 5259 illi,
3234 5192 3359 5247 hinc
3396 5194 3658 5248 sacriﬁcia
3683 5227 3697 5246 .

2119 5284 2215 5353 ipsi
2246 5284 2473 5352 primmn
2502 5283 2656 5337 idolis
2672 5283 3057 5337 sacriﬁcarunt.
3082 5283 3193 5338 lloc
3210 5284 3515 5354 signiﬁcans
3539 5284 3704 5339 David

2116 5375 2243 5428 dicit
2275 5392 2288 5427 :
2323 5374 2389 5426 Et
2431 5379 2655 5443 fecerunt
2696 5375 2906 5427 vitulum
2946 5376 2997 5427 in
3035 5375 3249 5441 Choreb,
3278 5388 3323 5429 et
3362 5378 3705 5429 adoravernnt

2114 5465 2347 5535 sculptile
2378 5463 2548 5536 (l’sal.
2581 5465 2700 5521 l05.
2733 5464 2844 5536 19).
2882 5463 3014 5520 Nam
3048 5468 3274 5521 amebac
3314 5483 3577 5537 nusquam
3617 5484 3702 5521 sa.

2178 5643 2194 5675 ⁸
2222 5641 2356 5705 Ηωο,
2384 5640 2463 5694 ubi
2483 5637 2870 5705 iuJemisrebmd,
2895 5639 3075 5693 desiuit
3097 5641 3147 5695 in
3169 5654 3266 5692 uno
3288 5641 3408 5694 ϐοά.
