4014 6218
228 321 314 378 I37
1210 324 1272 384 IN
1312 326 1489 383 ACTA
1530 325 2046 384 APOS'I‘OLORUM.
2092 328 2318 385 IIOMIL.
2361 328 2522 387 XVII.

230 437 393 493 criﬁcii
430 452 673 505 nomen,
723 440 834 497 sed
865 450 1133 512 prmcepta
1162 442 1300 508 viva,
1331 448 1386 496 et
1420 440 1626 511 eloquia
1664 440 1783 495 viva
1814 457 1828 493 :

233 545 474 601 nusquam
504 532 896 597 initiationes,
922 533 1017 589 sed
1041 534 1292 588 miracula
1322 543 1383 593 et
1399 532 1549 603 signa
1575 532 1829 587 exhibita.

242 623 367 678 Sicut
392 626 647 694 scriptum
681 636 764 679 est
802 627 856 680 in
903 626 1031 679 libro
1062 628 1436 695 prophetarum.
1471 626 1567 681 Hic
1598 626 1833 681 testimo-

245 716 371 769 nium
400 731 505 769 non
540 717 671 771 sine
717 733 888 771 causa
926 718 1159 781 adducit,
1203 717 1299 772 sed
1340 728 1394 771 nt
1432 718 1678 771 ostendat
1726 734 1829 771 non

252 825 357 865 esse
383 810 663 865 sacriﬁciis
702 827 867 881 opus.
900 812 965 865 Et
996 811 1130 875 vide,
1162 811 1285 880 quid
1314 811 1475 866 dicat.
1514 810 1655 863 Num
1693 812 1833 864 victi-

260 922 354 958 mas
374 915 415 957 et
440 905 701 972 sacriﬁcia
731 905 990 958 obtulistis
1018 904 1141 956 mihi
1178 904 1232 957 in
1261 903 1455 957 deserto
1495 903 1831 973 quadraginta

268 997 428 1051 annis?
455 995 516 1049 Et
540 998 817 1064 accepistis
848 997 1229 1050 tabernaculum
1252 995 1304 1048 Μ
1310 996 1474 1061 oloch,
1501 1006 1547 1049 et
1568 996 1708 1049 sidus
1734 995 1831 1051 Dei

272 1092 397 1147 rastri
438 1089 739 1160 Remiilian,
786 1089 980 1158 ﬁguras
1020 1103 1145 1157 quas
1186 1087 1411 1159 fecistis,
1452 1096 1507 1140 ut
1553 1087 1830 1143 adoraretis

281 1204 368 1242 cas.
390 1186 510 1242 Cum
532 1186 779 1255 emphasi
813 1186 1078 1255 loquitur;
1106 1186 1208 1239 hoc
1232 1200 1358 1239 vero
1386 1184 1649 1254 signiﬁcat
1676 1201 1689 1236 :
1713 1183 1828 1238 Non

287 1280 475 1350 potestis
520 1278 720 1345 dicere,
772 1292 871 1332 vos
924 1277 1063 1347 quod
1106 1276 1233 1330 mihi
1282 1275 1674 1339 sacriﬁcaretis,
1722 1274 1830 1329 illis

292 1375 422 1429 etiam
446 1370 854 1434 sacriﬁcavisse;
900 1378 955 1424 et
992 1369 1093 1423 hoc
1120 1370 1171 1424 in
1214 1368 1446 1434 deserto,
1487 1368 1575 1423 ubi
1600 1366 1831 1427 maxime

296 1468 381 1521 illis
410 1465 726 1535 praesidebat.
772 1463 842 1517 Et
885 1463 1145 1532 accepistis
1179 1462 1555 1515 tabernaculum
1602 1459 1825 1514 Molorlt.

300 1559 357 1613 Et
387 1558 481 1612 haec
516 1557 608 1611 fuit
648 1570 814 1611 causa
858 1555 1260 1609 sacriﬁciorum.
1301 1552 1364 1606 Et
1406 1556 1706 1623 transferam
1744 1568 1829 1607 vos

305 1651 412 1702 ultra
430 1648 733 1719 Babylonem.
769 1647 859 1702 Sic
898 1655 953 1700 et
987 1646 1266 1716 captivitas
1306 1645 1573 1699 accusatio
1611 1644 1828 1699 malitiae

312 1750 395 1795 est.
416 1740 464 1794 Et
493 1739 774 1809 quomodo,
816 1738 1053 1808 inquies,
1095 1745 1210 1791 erat
1251 1735 1650 1789 Tabernaculum
1691 1735 1830 1788 testi-

318 1833 585 1887 mniilldeo
614 1840 749 1896 erat,
774 1840 830 1885 ut
861 1840 1046 1886 testem
1078 1829 1334 1885 haberent
1361 1831 1550 1885 Deum.
1583 1829 1742 1899 Igitur
1759 1827 1828 1883 ad

322 1924 401 1979 hoc
418 1927 549 1980 solum
578 1936 710 1979 erat.
750 1923 1047 1979 Secundum
1085 1927 1321 1993 formam,
1368 1922 1550 1991 inquit,
1594 1936 1706 1991 quin
1739 1921 1826 1975 tibi

314 2028 525 2072 monstrata
566 2019 657 2091 fuit
698 2019 751 2072 in
791 2026 979 2071 monte.
1026 2016 1206 2085 itaque
1236 2017 1285 2069 in'
1325 2025 1505 2070 monte
1540 2014 1826 2084 descriptio

309 2112 413 2167 facta
433 2122 536 2167 est:
566 2124 617 2168 et
646 2112 749 2167 hoc
779 2114 830 2165 in
861 2111 1072 2166 deserto
1113 2109 1606 2170 circumferebatur,
1645 2123 1743 2162 nec
1770 2107 1821 2162 in

305 2205 501 2273 quapiam
531 2206 641 2258 loco
668 2202 940 2258 manebat.
972 2200 1389 2255 Tabernaculum
1418 2215 1546 2253 vero
1578 2199 1822 2253 testimo-

300 2298 360 2349 nii
383 2306 529 2363 vocat,
573 2311 676 2351 non
717 2296 819 2349 alia
861 2295 928 2349 de
964 2308 1144 2356 causa,
1188 2308 1346 2363 quam
1378 2292 1448 2346 ob
1488 2290 1740 2345 miracula
1769 2299 1824 2345 et

297 2400 536 2458 precepta.
566 2389 813 2444 Attamen
844 2402 942 2441 nec
972 2385 1133 2451 illud,
1154 2402 1251 2441 nec
1276 2385 1350 2439 illi
1375 2384 1626 2453 templum
1656 2381 1822 2436 habe-

294 2482 411 2536 baut.
440 2483 565 2551 Ergo
592 2481 809 2552 ﬁguram
852 2480 995 2533 illam
1025 2478 1239 2547 angelus
1280 2477 1519 2532 dederat.
1563 2474 1732 2546 Usque
1756 2473 1824 2527 ad

291 2575 377 2625 dies
400 2573 561 2639 David,
585 2574 768 2642 inquit.
802 2572 983 2640 Itaque
1011 2585 1179 2640 usque
1200 2569 1265 2623 ad
1298 2578 1505 2636 tempus
1535 2567 1660 2623 illud
1690 2576 1824 2621 tem-

290 2666 409 2733 plum
434 2682 527 2719 non
569 2676 700 2729 erat,
744 2662 951 2718 etiamsi
979 2669 1163 2731 gentes
1199 2661 1438 2730 expulsae
1483 2660 1723 2722 fuissent,
1755 2658 1822 2713 de

288 2758 446 2825 quibus
471 2758 539 2811 ait
566 2775 577 2811 :
613 2758 753 2823 Quas
782 2755 969 2823 expulit
1009 2752 1143 2807 Deus
1168 2769 1200 2806 a
1235 2753 1364 2824 facie
1391 2761 1593 2821 patrum
1627 2759 1823 2804 nostro-

285 2864 396 2901 rum.
418 2850 516 2903 Iloc
541 2864 663 2903 vero
679 2848 832 2910 dixit,
857 2846 1045 2901 iterum
1066 2845 1374 2907 ostendens,
1406 2841 1636 2897 nondum
1661 2841 1823 2895 fuisse

287 2948 523 3007 templum.
550 2940 684 3007 Quid
709 2938 865 2993 dico?
892 2947 965 2992 tot
996 2936 1267 3001 miracula,
1301 2945 1355 2991 et
1394 2950 1650 3005 nll>qltallt
1684 2943 1822 2987 tem-

285 3032 443 3100 plum?
476 3033 558 3086 Sic
607 3041 662 3086 et
706 3034 933 3100 primum
985 3029 1402 3091 tabernaculum,
1454 3037 1508 3082 et
1558 3041 1818 3094 nusquam

284 3125 523 3193 templum.
557 3124 621 3179 Et
643 3124 817 3193 petiit,
850 3133 904 3177 ut
933 3121 1195 3177 inveniret
1230 3122 1452 3190 gratiam
1478 3134 1656 3174 coram
1690 3118 1818 3172 Deo.

282 3213 432 3279 Pctiit,
460 3226 507 3271 et
532 3232 632 3271 non
660 3215 981 3270 aediﬁcavit:
1016 3215 1085 3268 ita
1113 3229 1219 3268 non
1260 3227 1507 3283 magnum
1553 3210 1817 3282 quidpiam

279 3318 378 3361 erat
412 3311 687 3378 templum,
728 3308 937 3363 etiamsi
979 3307 1193 3378 quidam
1236 3321 1483 3376 magnum
1522 3305 1822 3375 putaverint

279 3415 380 3454 esse
399 3400 742 3465 Salomonem,
764 3399 905 3470 quod
930 3399 1183 3468 templum
1206 3397 1560 3461 tedilicaverit,
1587 3397 1675 3465 qui
1699 3396 1819 3450 ideo

278 3490 407 3545 illum
434 3494 560 3561 patri
584 3493 948 3562 prtetulerunt.
976 3489 1127 3558 Quod
1156 3498 1331 3545 autem
1365 3504 1467 3543 non
1496 3487 1651 3543 fuerit
1670 3498 1821 3557 patre

278 3584 466 3650 melior,
491 3586 591 3640 imo
609 3600 780 3655 neque
802 3599 897 3654 par
926 3583 1019 3648 illi,
1046 3582 1136 3638 sed
1165 3592 1363 3637 tantum
1384 3598 1449 3636 ex
1470 3581 1818 3651 quorumdam

280 3676 523 3743 opinione,
552 3676 600 3731 id
635 3678 872 3732 declarat
898 3676 976 3730 sic
997 3690 1221 3746 pergens
1250 3692 1263 3728 :
1295 3675 1400 3730 Sed
1438 3674 1725 3727 Altissimus
1769 3674 1820 3727 in

280 3772 551 3839 manufactis
588 3788 687 3824 non
725 3770 939 3834 habitat,
985 3770 1112 3822 sicut
1155 3769 1400 3840 praplteta
1436 3767 1604 3821 dicit:
1632 3767 1821 3821 (Ite/unt

280 3861 385 3911 nu'lii
408 3860 536 3915 sedes
565 3871 673 3925 est;
703 3871 838 3915 terra
862 3869 1028 3914 autem
1052 3860 1323 3914 scabellum
1362 3857 1548 3929 pedum
1575 3873 1815 3911 meorum.

278 3948 434 4020 Neque
460 3953 594 4007 enim
626 3952 741 4008 haec
771 3953 883 4006 Deo
899 3952 1053 4022 digna
1081 3962 1222 4017 sunt,
1254 3960 1434 4019 utpote
1458 3950 1615 4016 facta,
1642 3958 1820 4019 utpote

280 4059 439 4101 manus
466 4046 575 4116 ejus
592 4061 776 4117 opera.
806 4045 960 4112 Vide,
991 4045 1258 4115 quomodo
1288 4045 1407 4099 illos
1435 4044 1685 4114 paulatim
1710 4044 1819 4098 eri-

279 4146 368 4203 gat.
385 4135 612 4193 Ostendit
626 4139 769 4193 enim
786 4153 885 4208 per
902 4136 1236 4207 prophetam,
1267 4136 1537 4206 indignmn
1563 4150 1680 4190 esse
1707 4137 1821 4190 hare

281 4227 335 4278 de
361 4227 453 4282 Deo
478 4229 675 4284 dicere.
704 4229 774 4283 Et
796 4244 898 4299 qua
923 4229 991 4283 de
1029 4243 1208 4288 causa.
1249 4227 1478 4297 inquies,
1511 4228 1597 4283 hic
1624 4227 1821 4283 acriter

282 4315 514 4384 loquitur?
557 4321 715 4375 Multa
754 4320 927 4376 inerat
970 4319 1219 4390 loquendi
1270 4320 1459 4374 liducia
1502 4321 1764 4374 morituro
1801 4338 1818 4377 :

283 4422 383 4461 nam
400 4423 515 4481 puto
528 4413 671 4467 illum
690 4412 791 4467 hoc
813 4427 1023 4483 quoque
1047 4427 1115 4466 ex
1131 4411 1453 4467 revelatione
1470 4412 1707 4466 scivisse.
1728 4412 1817 4466 51.

282 4499 403 4555 Ilura
429 4507 625 4571 cervice,
659 4516 706 4560 et
733 4504 1094 4559 incircumcisis
1123 4504 1355 4559 cordibus
1384 4514 1427 4559 et
1451 4505 1675 4558 auribus.
1711 4505 1821 4559 lloc

283 4608 459 4666 quoque
475 4600 839 4669 propheticum
858 4608 960 4664 est,
983 4614 1151 4669 neque
1174 4599 1243 4652 illi
1263 4599 1553 4668 proprium.
1579 4597 1676 4654 Vos
1691 4617 1822 4654 sem-

283 4702 354 4754 ρετ
380 4691 579 4759 Spiritui
606 4704 783 4745 sancto
818 4690 1067 4757 resistitis,
1107 4693 1234 4744 sicut
1275 4700 1441 4759 patres
1466 4694 1635 4757 vestri,
1666 4693 1738 4745 ita
1774 4702 1821 4746 et

282 4793 368 4834 ros.
390 4782 599 4849 Quando
641 4784 856 4838 nolebat
890 4798 1009 4857 esse
1042 4784 1323 4847 sacriticia,
1354 4799 1448 4838 vos
1477 4783 1817 4839 sacriﬁcaba-

282 4870 381 4933 tis:
432 4875 639 4946 quando
690 4876 927 4942 volebat,
957 4891 1169 4932 rursum
1234 4891 1340 4930 non
1400 4876 1818 4944 sacriﬁcabatis;

281 4966 461 5029 quando
500 4968 715 5023 nolebat
753 4968 881 5023 dare
925 4968 1076 5022 vobis
1105 4978 1391 5037 praecepta,
1440 4966 1818 5038 requirebatis;

279 5059 457 5120 quando
498 5062 816 5131 accepistis,
862 5062 1191 5132 neglexistis.
1234 5062 1439 5117 Rursus
1483 5078 1603 5117 cum
1656 5074 1821 5120 staret

282 5152 521 5220 templum,
565 5154 705 5208 idola
745 5153 1033 5218 colebatis;
1065 5154 1277 5223 quando
1317 5154 1427 5208 vult
1468 5154 1583 5209 sine
1622 5158 1820 5225 templo

276 5242 375 5305 coli,
408 5247 729 5300 contrarium
771 5245 965 5300 facitis.
1011 5246 1286 5316 Perpende
1318 5263 1333 5301 :
1365 5261 1469 5299 non
1511 5246 1677 5313 dixit,
1710 5248 1821 5302 Deo

277 5336 509 5403 resistitis,
537 5339 651 5401 sed,
682 5338 902 5408 Spiritui
928 5354 948 5392 :
975 5339 1052 5393 sic
1077 5340 1275 5393 nullam
1307 5349 1528 5396 noverat
1567 5340 1820 5397 dill‘ereu-

277 5426 394 5481 tiam.
423 5432 677 5501 Quodque
714 5433 886 5495 maius
924 5441 1023 5495 est,
1067 5432 1212 5486 Sicut
1247 5442 1413 5502 patres
1456 5435 1622 5497 vestri,
1654 5436 1726 5487 ita
1774 5444 1819 5488 et

273 5535 356 5583 ros,
384 5523 563 5594 inquit.
596 5525 671 5579 lla
694 5534 749 5579 et
775 5524 1020 5578 Christus
1041 5524 1416 5594 exprobrabat,
1447 5525 1567 5594 quia
1594 5525 1815 5602 multum

176 5626 177 5633 η
274 5628 454 5683 semper
483 5616 549 5671 de
581 5617 818 5685 patribus
860 5616 1239 5686 gloriabantur.
1272 5616 1360 5671 52.
1395 5616 1557 5682 Quem
1594 5617 1807 5685 prop/te-

273 5713 409 5759 larunt
439 5725 537 5761 non
563 5719 677 5763 sunt
708 5712 993 5779 persequuti
1017 5716 1183 5778 patres
1208 5710 1356 5764 vestri
1374 5710 1400 5763 1’
1427 5709 1495 5763 Et
1528 5709 1817 5764 occiderunt

270 5811 353 5861 too,
381 5803 459 5870 qui
487 5802 892 5871 prtenuntiabant
924 5802 987 5857 de
1011 5802 1228 5855 adventu
1265 5801 1420 5858 Justi.
1452 5800 1641 5858 Adhuc
1676 5800 1814 5857 Iusti

3416 350 3517 409 153

1942 440 2092 506 dicit,
2121 442 2304 538 volens
2333 443 2854 538 illosrcomprimere.
2881 453 3045 529 Cujus
3074 477 3160 517 vos
3186 482 3322 521 nunc
3344 473 3520 538 pradi-

1939 541 2071 632 tores
2092 544 2138 587 et
2156 535 2426 632 liomicidte
2445 537 2633 632 fuistis.
2661 541 2773 596 Duo
2793 545 2899 602 illis
2924 549 3267 624 improperat,
3299 535 3356 614 et
3376 564 3516 632 quod

1937 623 2250 722 ignorarint,
2290 636 2357 722 et
2403 630 2543 698 quod
2596 633 2909 691 occiderint.
2959 642 3049 698 53.
3101 623 3211 714 Qui
3254 623 3520 722 accepistis

1937 716 2095 787 legem
2138 736 2226 787 per
2264 720 2616 791 dispositiones
2641 730 2951 798 angelorum,
2994 747 3039 789 et
3080 755 3180 794 non
3209 716 3510 807 custodistis.

2009 810 2064 864 5.
2104 809 2241 876 Quid
2266 824 2349 868 est
2394 815 2572 871 hoc‘?
2622 819 2847 887 Quidam
2892 837 3080 896 putant
3125 833 3296 903 ipsum
3338 839 3515 897 dicere

1939 898 2108 969 legem
2136 902 2204 956 ab
2231 905 2434 973 angelis
2463 906 2629 964 fuisse
2650 911 2986 982 dispositam.
3014 922 3084 976 At
3115 898 3202 981 res
3227 943 3333 984 non
3364 933 3436 986 ita
3456 949 3515 989 se

1937 990 2098 1085 habet
2128 1013 2141 1047 :
2176 995 2260 1050 tibi
2290 1012 2517 1069 namque
2543 1004 2718 1073 angeli
2748 1007 2843 1062 visi
2874 1021 3000 1065 sunt
3028 1014 3197 1085 legem
3228 1022 3517 1081 ordinare?

1937 1082 2031 1136 sed
2057 1083 2368 1185 dispositam
2399 1092 2570 1161 legem
2597 1094 2761 1164 dicit;
2814 1099 2865 1154 id
2896 1110 2997 1167 est,
3030 1082 3272 1164 traditam
3318 1114 3392 1168 illi
3423 1133 3518 1185 per

1934 1177 2203 1267 angelum,
2230 1183 2318 1252 qui
2344 1188 2590 1254 apparuit
2618 1190 2692 1243 illi
2716 1192 2767 1246 in
2796 1194 2949 1252 rubo.
2974 1197 3161 1257 Nonne
3186 1202 3347 1262 homo
3368 1177 3516 1267 erat?

1935 1266 2077 1363 Nihil
2101 1286 2229 1342 ergo
2272 1277 2465 1331 mirum
2493 1290 2596 1343 est.
2623 1298 2717 1338 eos
2760 1288 2850 1356 qui
2900 1289 2987 1345 illa
3027 1281 3290 1363 iecerant,
3321 1311 3372 1357 et
3401 1303 3518 1361 hmc

1935 1361 2147 1463 l‘ecisse.
2256 1374 2633 1430 annuntiautes
2660 1378 2807 1433 illiilli
2838 1383 3127 1455 occidistis,
3158 1361 3325 1449 multo
3348 1400 3518 1470 magis

1937 1451 2262 1555 ipsumillic
2308 1460 2431 1515 illos
2461 1473 2514 1517 et
2547 1466 2675 1531 Deo,
2706 1479 2761 1523 et
2807 1475 3029 1542 angelis,
3058 1451 3121 1533 et
3142 1451 3519 1555 prophetisfe‘t

1933 1545 2185 1640 Spiritui,
2236 1560 2291 1606 et
2334 1558 2582 1612 omnibus
2632 1561 3002 1623 inobedientes
3043 1545 3321 1635 ostendit:
3366 1545 3429 1636 ut.

1932 1638 2057 1694 alibi
2089 1641 2164 1695 ait
2206 1642 2520 1715 Scriptura:
2563 1650 2801 1722 Domine,
2844 1662 3116 1729 prop/tetas
3164 1677 3277 1724 tuos
3314 1638 3515 1730 occide;

1933 1741 2072 1835 runt,
2101 1742 2149 1787 et
2177 1734 2362 1835 altaria
2387 1748 2476 1793 tua
2502 1744 2847 1801 subverterunt
2889 1752 2966 1821 (5.
3009 1755 3136 1827 Reg.
3166 1759 3253 1815 I9.
3295 1764 3407 1835 10).
3433 1768 3513 1823 ΙΙΙί

1934 1822 2094 1917 igitur
2120 1829 2299 1896 Specie
2350 1840 2552 1888 tantum
2606 1836 2772 1908 legem
2815 1822 3401 1913 curailles,'dicebaiit':

1934 1913 2162 2023 diog/sem
2211 1920 2540 1992 blaspliemat.
2574 1928 2666 1984 Ille
2708 1947 2836 1988 vero
2876 1939 3109 1995 ostendit
3156 1943 3299 2013 ipsos
3347 1913 3515 2023 magis

1932 2008 2321 2079 blaspheinare.
2354 2032 2457 2071 non
2509 2021 2682 2076 solum
2734 2024 2787 2078 in
2816 2025 3071 2098 Moysem,
3105 2008 3199 2089 sed
3249 2039 3408 2095 etiam
3431 2008 3512 2100 "ul

1934 2100 2125 2169 Deum,
2153 2114 2205 2157 ct
2228 2105 2336 2172 jam
2366 2109 2492 2163 olim
2517 2111 2639 2166 illos
2663 2116 2784 2170 talia
2812 2118 3022 2187 fecisse,
3055 2132 3111 2179 et
3135 2127 3373 2186 instituta
3402 2137 3512 2190 sol-

1932 2194 2107 2258 visse;
2152 2212 2325 2267 neque
2351 2200 2456 2255 illis
2481 2203 2613 2258 ultra
2645 2221 2780 2276 opus
2819 2225 2979 2268 esse:
3017 2214 3161 2283 ipsos
3200 2220 3347 2288 item,
3381 2225 3509 2283 dum

1930 2299 1990 2339 se
2013 2298 2349 2385 accusarent,
2379 2294 2520 2361 quod
2548 2294 2715 2368 Moysi
2743 2312 2887 2355 esset
2933 2310 3259 2374 contrarius.
3288 2314 3509 2385 Spiritui

1929 2386 2116 2431 sancto
2157 2379 2452 2449 obsistere;
2512 2402 2688 2457 neque
2728 2391 2779 2444 id
2824 2394 3158 2469 simpliciter,
3208 2405 3302 2460 sed
3328 2379 3508 2466 etiam

1929 2484 2047 2523 cum
2067 2471 2242 2538 caule;
2269 2485 2321 2527 ct
2344 2475 2433 2529 diu
2460 2489 2615 2533 antea
2642 2481 2945 2543 inimicitias
2966 2505 3275 2553 exercuere.
3298 2499 3506 2571 Viden’,

1927 2565 2196 2632 quomodo
2225 2566 2344 2623 illos
2369 2573 2614 2626 ostendat
2644 2584 2698 2629 et
2726 2577 2893 2649 Moysi
2936 2593 2991 2636 et
3038 2589 3288 2646 omnibus
3313 2565 3508 2650 adver;

1927 2667 2127 2718 sanies.
2156 2660 2431 2732 legemque
2462 2682 2565 2720 non
2594 2673 2905 2726 servantes?
2935 2678 3096 2747 Atqui
3118 2681 3331 2755 Moyses
3357 2686 3507 2744 dixe-

2099 2749 2408 2819 I’rop/tetam
2446 2758 2583 2810 vobis
2625 2763 2881 2816 suscitabit
2913 2765 3161 2826 Dominus
3207 2749 3383 2846 lDeut.
3415 2781 3505 2837 18.

1928 2838 2018 2909 18)
2044 2857 2055 2892 :
2086 2849 2137 2896 et
2167 2843 2253 2939 alii
2288 2847 2427 2939 hunc
2450 2861 2730 2905 venturum
2761 2857 3141 2926 pra-dixerunt,
3168 2838 3224 2919 ei
3250 2871 3505 2939 propheta

1927 2946 2138 3000 quoque
2165 2935 2254 3002 qui
2285 2936 2413 2990 dicit
2448 2956 2462 2993 :
2511 2941 2724 3006 Qualem
2750 2947 2955 3001 domum
2994 2935 3307 3021 azdiﬁcabitis
3344 2935 3510 3016 ini/ti?

1928 3022 1994 3075 Et
2039 3023 2251 3090 iterum,
2303 3026 2569 3099 Numquid
2609 3033 2834 3090 victimas
2873 3048 2919 3092 et
2963 3044 3217 3113 sacriﬁcia
3262 3049 3509 3107 obtulistis

1927 3116 2052 3168 milii
2074 3119 2415 3190 quadraginta
2440 3125 2628 3179 annis?
2656 3126 2782 3183 Hmc
2806 3141 2920 3185 crat
2950 3132 3136 3190 ﬁducia
3168 3138 3267 3195 viri
3292 3156 3505 3200 crucem

1929 3208 2195 3265 habentis.
2221 3213 2369 3268 lianc
2395 3224 2450 3269 et
2474 3232 2574 3272 nos
2599 3233 2813 3291 quoque
2843 3222 3132 3293 imitemur,
3164 3232 3371 3288 etiamsi
3403 3253 3507 3290 non

1926 3302 1997 3357 sit
2019 3302 2141 3358 belli
2171 3313 2401 3376 tempus,
2428 3310 2521 3365 sed
2551 3310 2756 3369 ﬁducia:
2780 3330 2996 3387 semper
3037 3329 3242 3393 tempus
3277 3338 3378 3381 est.
3407 3328 3507 3383 Lo-

1925 3394 2129 3464 quebar,
2160 3396 2350 3467 inquit,
2380 3400 2442 3454 de
2465 3403 2762 3459 testimoniis
2799 3409 2896 3460 tuis
2925 3410 2977 3463 in
3005 3427 3271 3482 conspectu
3310 3435 3506 3488 regum,

1926 3496 2107 3581 etnon
2128 3491 2475 3561 confundebar
2508 3492 2678 3563 (Psal.
2711 3497 2833 3553 II8.
2856 3500 2971 3569 46).
2998 3503 3050 3556 Si
3079 3520 3206 3575 ergo
3235 3524 3354 3562 cum
3375 3527 3508 3581 gen-

1929 3578 2106 3634 tilibus
2148 3585 2579 3653 congrediamur,
2624 3588 2703 3643 sic
2744 3589 2866 3646 illos
2909 3596 3264 3665 reprimamus
3307 3578 3511 3675 absque

1925 3668 2025 3729 ira.
2058 3671 2256 3740 absque
2278 3676 2586 3744 asperitate.
2614 3678 2747 3735 Nam
2778 3683 2820 3736 si
2851 3698 2973 3739 cum
3006 3688 3080 3740 ira
3105 3689 3206 3744 hoc
3232 3668 3508 3765 faciamus,

1927 3778 2032 3817 non
2060 3765 2169 3832 jam
2203 3768 2413 3835 fiducia,
2441 3772 2534 3825 sed
2568 3776 2746 3842 passio
2792 3792 2912 3834 esse
2954 3782 3195 3850 videtur;
3227 3788 3309 3842 sin
3359 3807 3512 3846 inau-

1925 3867 2096 3922 suete,
2118 3872 2241 3913 vere
2264 3860 2452 3915 liducia
2480 3874 2582 3916 est.
2599 3864 2780 3935 Neque
2800 3871 2943 3925 enim
2972 3876 3227 3941 possibile
3248 3889 3331 3935 est
3352 3885 3509 3939 simul

1926 3947 2218 4001 secundum
2270 3951 2511 4005 eamdem
2560 3956 2822 4012 rationem
2872 3960 3099 4031 idipsum
3144 3981 3264 4023 esse
3311 3971 3508 4027 booum

1926 4051 2060 4106 opus
2081 4048 2134 4092 et
2156 4038 2431 4095 delictum.
2466 4043 2681 4098 Fiducia
2716 4048 2913 4102 bonum
2962 4067 3097 4121 opus
3124 4067 3224 4122 est,
3252 4058 3328 4113 ira
3376 4062 3509 4116 deli-

1926 4137 2093 4185 ctum.
2124 4132 2345 4201 Oportet
2378 4150 2506 4205 ergo
2536 4152 2656 4190 cum
2690 4139 2882 4194 liducia
2912 4142 3246 4213 loquuturos,
3272 4166 3301 4202 a
3331 4151 3511 4210 lurore

1926 4219 2125 4276 liberos
2155 4238 2295 4290 esse,
2327 4234 2382 4278 ut
2422 4241 2489 4281 ne
2516 4228 2635 4297 quis
2668 4228 2792 4284 hinc
2822 4234 2983 4287 verba
3036 4237 3300 4304 proﬁcisci
3336 4254 3503 4309 putet.

1925 4314 2148 4403 Etiamsi
2176 4317 2316 4386 iusta
2342 4318 2548 4375 dixeris
2585 4337 2705 4376 cum
2755 4322 2956 4392 furore,
2991 4338 3157 4384 totum
3207 4334 3503 4403 perdidisti,

1927 4400 2051 4461 licet
2074 4406 2241 4463 libere
2272 4409 2527 4480 loquaris,
2556 4413 2682 4469 licet
2710 4431 2949 4484 moneas,
2978 4421 3099 4477 licet
3121 4400 3332 4492 quidvis
3361 4429 3502 4485 aliud

1926 4500 2109 4555 l'acias.
2142 4502 2295 4557 Hunc
2324 4506 2531 4575 respice
2560 4507 2731 4563 virum
2761 4524 2868 4565 non
2897 4527 3021 4568 cum
3059 4514 3242 4573 furore
3283 4519 3503 4591 loquen-

1929 4602 2035 4648 tem
2070 4613 2083 4648 :
2114 4612 2286 4665 neque
2326 4600 2468 4652 enim
2512 4602 2837 4658 contumelia
2867 4604 3064 4673 affecit,
3093 4609 3187 4664 sed
3234 4612 3340 4666 illis
3387 4629 3510 4683 pro-

1926 4684 2193 4755 pheticum
2242 4702 2543 4746 sermonem
2596 4697 2931 4749 memoravit.
2964 4698 3114 4764 Quod
3163 4703 3303 4757 enim
3355 4706 3507 4760 nullo

1927 4775 2105 4830 furore
2158 4790 2490 4847 moveretur,
2557 4785 2790 4840 ostendit
2837 4788 3052 4856 quando
3121 4806 3216 4860 pro
3279 4795 3380 4849 illis
3444 4812 3505 4852 se

1927 4869 2066 4925 male
2096 4870 2474 4940 impetentibus
2523 4887 2788 4944 precatus,
2819 4878 2956 4933 dixit
2998 4898 3011 4933 :
3056 4881 3141 4936 Ne
3177 4895 3369 4940 statuas
3401 4890 3505 4942 illis

1928 4962 2023 5016 lioc
2058 4976 2335 5035 peccatum.
2376 4968 2465 5023 Sic
2492 4984 2597 5023 non
2628 4971 2812 5035 iratus,
2841 4973 2934 5027 sed
2976 4989 3073 5044 pro
3100 4977 3205 5032 illis
3233 4979 3419 5035 dolens
3444 4999 3506 5037 ac

1927 5070 2161 5111 moerens
2205 5058 2522 5128 loquebatur
2546 5060 2656 5117 ille.
2700 5062 2828 5117 Ideo
2868 5079 3096 5135 namque
3125 5066 3193 5122 de
3216 5067 3351 5125 facie
3388 5073 3505 5142 ejus

1926 5147 2101 5201 dixit:
2143 5147 2387 5203 Viderunt
2432 5152 2612 5221 faciem
2639 5153 2751 5223 ejus
2783 5165 3036 5223 tamquam
3086 5160 3266 5230 faciem
3310 5166 3500 5234 angeli,

1926 5247 1985 5293 ut
2014 5239 2132 5294 illos
2160 5241 2506 5297 attraheret’.
2559 5242 2684 5296 Puri
2736 5244 2897 5315 igitur
2924 5246 2993 5301 ab
3024 5248 3103 5303 ira
3147 5250 3333 5307 simus.
3384 5253 3501 5312 Non
3541 5239 3566 5271 ⁸

1926 5330 2129 5384 habitat
2154 5330 2380 5401 Spiritus
2408 5322 2624 5387 sanctus
2667 5334 2752 5389 ubi
2781 5336 2855 5390 ira
2881 5346 2965 5392 est
2994 5357 3006 5393 :
3035 5341 3350 5400 maledicws
3372 5347 3503 5402 luri-

1921 5421 2156 5477 hundus.
2202 5422 2321 5477 Non
2347 5433 2521 5494 potest
2546 5440 2735 5479 sanum
2760 5427 2887 5497 quid
2933 5433 3169 5500 prodire,
3198 5450 3320 5491 cum
3351 5436 3501 5492 furor

1924 5518 2216 5589 egreditur.
2239 5518 2371 5572 Nam
2400 5519 2537 5571 sicut
2580 5522 2630 5572 in
2664 5523 2868 5576 marina
2912 5534 3228 5594 tempestate
3276 5544 3500 5598 magnus

1924 5623 2006 5669 est
2045 5611 2323 5679 tumultus,
2356 5628 2578 5684 magnus
2614 5615 2840 5684 clamor,
2869 5634 2967 5672 nec
3005 5622 3126 5691 quis
3168 5632 3377 5691 tempus
3405 5621 3500 5677 ha-

1988 5755 2009 5825 ἶ
2038 5751 2156 5825 βεδε
2178 5752 2493 5825 ingressu“
2525 5752 2668 5825 es?“
2692 5752 2742 5825 ίη
2775 5767 2871 5825 una
2892 5753 3006 5825 (ἱρά.
3094 5814 3105 5824 .

1991 5819 2010 5847 ³
2044 5823 2170 5864 linus
2193 5814 2304 5863 Cod.
2334 5815 2499 5874 habet,
2521 5814 2593 5863 illi
2615 5817 2894 5873 crederent,
2930 5816 3060 5874 loco,
3087 5814 3193 5865 illos
3213 5814 3474 5868 attrit/teret
3568 5884 3571 5888 .
