4014 6218
532 378 639 438 139

532 491 707 550 litterit
730 486 793 541 ad
838 470 1317 552 philosophandum
1347 485 1358 519 :
1390 468 1459 519 ita
1488 476 1661 531 neque
1690 460 1741 511 in
1773 457 1967 509 furore.
1997 450 2103 506 Sed

530 583 780 643 Bianitna
822 572 947 645 quid
994 563 1419 639 philositphimtm
1452 555 1534 609 vel
1582 552 1723 620 loqui
1772 549 1854 604 vel
1901 546 2108 601 discere

530 677 675 736 velit,
702 634 853 740 quasi
874 666 925 718 itt
956 634 1108 732 portu
1136 659 1204 713 sit
1233 660 1462 723 Oportet.
1493 646 1608 702 Non
1642 642 1810 704 vides,
1842 634 2109 709 quomodo

530 770 599 823 de
632 758 951 820 necessariis
995 753 1157 807 rebus
1208 740 1503 816 loquutnri,
1534 740 1647 792 loca
1678 732 1904 788 tttmnltu
1943 741 2108 781 vacua

523 855 851 929 quaerimus,
884 847 970 903 ubi
1011 844 1161 914 quies
1211 842 1316 901 sit,
1360 834 1449 889 ubi
1498 825 1887 898 tranquillitas,
1938 828 1997 874 ut
2042 832 2110 872 ne

531 910 885 1020 depellantur?
902 937 1053 1008 Quod
1075 936 1117 991 si
1137 940 1389 988 externus
1408 923 1663 980 tumultus
1684 916 1926 986 repellat,
1943 910 2111 966 multo

534 1006 701 1113 magis
731 1006 939 1093 interna
990 1028 1241 1085 turbatio.
1275 1021 1387 1077 Etsi
1437 1024 1684 1088 precetur
1728 1009 1867 1079 quis,
1918 1006 2110 1060 frustra

534 1142 805 1202 precatur,
830 1128 873 1180 si
905 1140 1026 1179 cum
1060 1122 1136 1175 ira
1169 1128 1222 1171 et
1254 1116 1433 1168 furore
1463 1108 1516 1163 id
1546 1105 1699 1161 faciat
1726 1123 1738 1157 :
1772 1100 1815 1155 si
1843 1100 2108 1167 loquatur,

535 1223 788 1277 ridiculus
820 1218 952 1279 erit;
986 1214 1029 1267 si
1061 1218 1251 1272 taceat,
1285 1203 1565 1263 similiter;
1599 1196 1641 1251 si
1670 1188 2112 1251 comedat.eliam

533 1333 609 1371 sne
634 1314 877 1373 Iaulitur;
908 1310 1140 1373 itemque
1168 1301 1209 1353 si
1246 1298 1409 1356 bibat,
1433 1294 1476 1348 si
1507 1306 1610 1346 non
1635 1288 1799 1346 bibat,
1824 1284 1868 1337 si
1907 1280 2111 1341 sedeat,

536 1413 580 1460 si
625 1412 749 1466 stet,
792 1404 836 1456 si
883 1398 1147 1459 ambulet,
1205 1392 1246 1445 si
1295 1386 1559 1446 dormiat;
1611 1394 1731 1434 natu
1780 1385 1836 1430 et
1880 1375 1930 1427 in
1971 1385 2117 1425 som-

539 1500 640 1553 niis
671 1496 791 1549 talia
822 1491 1198 1558 imaginantur.
1232 1480 1367 1550 Quid
1399 1480 1452 1531 in
1496 1471 1766 1529 iracundis
1790 1481 1893 1521 non
1924 1460 2115 1531 turpe?

537 1590 688 1644 Oculi
750 1581 1058 1655 injucuudi,
1115 1593 1176 1631 os
1226 1575 1547 1629 distortum,
1594 1561 1831 1617 membra
1890 1554 2114 1611 tremula

539 1693 594 1736 et
638 1679 841 1741 inflata,
882 1675 1057 1742 lingua
1088 1666 1309 1722 infrenis
1348 1671 1402 1717 et
1450 1656 1648 1713 nemini
1692 1664 1932 1722 parcens,
1968 1658 2119 1698 mens

545 1776 597 1827 in
626 1784 869 1831 excessu,
903 1765 1112 1819 habitus
1145 1758 1417 1819 indecens,
1442 1751 1603 1806 multa
1652 1742 1956 1799 insuavitas.
1986 1737 2119 1791 Vide

544 1866 671 1920 milii
703 1860 1154 1916 daemoniacortun
1205 1848 1511 1910 oculos,..et
1552 1840 1844 1897 ebriorum,
1872 1841 1926 1886 et
1971 1830 2119 1883 insa-

544 1960 824 2018 nientium,
849 1950 973 2021 quid
1005 1952 1141 2001 inter
1169 1958 1226 1998 se
1256 1935 1548 1995 differunt?
1586 1944 1763 1986 nonne
1786 1937 1950 1980 totum
1975 1922 2120 1976 furor

541 2053 663 2108 est?
694 2048 830 2118 Quid
863 2017 1002 2101 enim
1032 2040 1130 2096 etsi
1162 2038 1227 2093 ad
1259 2045 1470 2104 tempus
1515 2028 1614 2083 hoc
1642 2023 1765 2078 fiat?
1793 2021 1922 2075 Nam
1952 2027 2005 2073 et
2033 2017 2119 2069 in-

543 2147 760 2203 saniens
786 2141 850 2193 ad
878 2149 1087 2205 tempus
1116 2133 1386 2187 detinetur
1410 2143 1423 2179 :
1457 2125 1558 2178 hoc
1593 2129 1771 2173 autem
1799 2113 1927 2184 quid
1969 2111 2120 2165 dete-

544 2241 654 2291 rius
671 2202 705 2287 ?r
723 2233 904 2301 Neque
932 2202 1098 2298 pudet
1128 2224 1247 2278 illos
1277 2220 1343 2275 ad
1388 2215 1754 2272 defensionem
1776 2209 1988 2263 dicere:
2016 2202 2123 2258 Nc-

543 2328 777 2385 sciebam
822 2322 949 2395 quid
995 2318 1262 2380 dicebam,
1290 2314 1516 2370 aieutes.
1570 2308 1638 2362 Et
1681 2319 1775 2359 cur
1823 2296 2122 2361 nesciebas,

532 2418 820 2476 rationalis
863 2426 917 2470 et
947 2412 1157 2467 ratione
1203 2405 1462 2478 praeditus
1509 2398 1708 2455 homo?
1736 2410 1832 2450 cur
1876 2407 1975 2456 ea,
2006 2402 2127 2459 qua:

549 2512 824 2570 brutorum
858 2516 1001 2573 sunt,
1036 2504 1187 2567 facis,
1221 2502 1356 2555 sicut
1385 2510 1553 2567 equus
1583 2493 1730 2547 ferox
1762 2491 1836 2544 ira
1869 2496 1923 2542 et
1949 2486 2129 2539 furore

545 2601 867 2671 correptus?
909 2598 1031 2653 llmc
1060 2604 1206 2651 certe
1227 2588 1468 2646 defensio
1496 2586 1653 2654 culpa
1682 2598 1786 2636 non
1808 2587 1978 2634 vacat.
2012 2576 2125 2633 Uti-

548 2712 671 2753 nam
702 2694 973 2757 scivisses,
994 2705 1113 2759 qua:
1134 2685 1378 2742 dicebas!
1399 2680 1516 2745 lrse,
1550 2676 1777 2748 inquies,
1796 2672 1956 2728 verba
1981 2676 2125 2735 sunt,

551 2807 656 2844 non
688 2801 826 2842 mea.
873 2779 1153 2851 Quomodo
1196 2779 1289 2832 irae
1336 2781 1479 2839 sunt,
1520 2784 1639 2825 cum
1673 2769 1747 2823 ira
1780 2764 1977 2820 nullam
2020 2761 2128 2815 vim

555 2884 767 2946 habeat,
800 2878 902 2934 nisi
930 2893 959 2931 a
993 2886 1045 2930 te
1071 2870 1338 2942 accipiat?
1383 2870 1460 2922 Ac
1498 2867 1544 2921 si
1582 2863 1700 2936 quis
1729 2860 1969 2915 diceret:
2002 2854 2133 2909 Vul-

553 2989 679 3030 nera
710 2987 815 3027 non
849 2984 989 3036 mea,
1018 2966 1113 3022 sed
1156 2976 1345 3017 manus
1374 2974 1508 3015 mea:
1535 2965 1679 3012 sunt.
1708 2952 1801 3009 Cui
1849 2950 1925 3005 rei
1975 2956 2132 3018 putas

552 3068 784 3123 maxime
825 3076 959 3133 opus
1007 3074 1126 3113 esse
1155 3056 1268 3111 ira?
1310 3067 1488 3109 nonne
1528 3049 1666 3104 bello
1707 3055 1763 3099 et
1790 3042 2017 3113 pugnae?
2065 3040 2135 3093 At

552 3163 621 3215 ibi
648 3161 829 3221 etiam,
851 3157 894 3208 si
917 3152 1041 3224 quid
1071 3164 1193 3205 cum
1222 3149 1295 3200 ira
1326 3146 1437 3209 fiat,
1466 3152 1632 3196 totum
1659 3137 1813 3207 periit
1839 3145 1892 3190 et
1918 3145 2132 3203 pessum

554 3253 704 3307 abiit.
737 3250 867 3303 Nam
898 3241 1255 3315 pugnantibus
1284 3240 1515 3291 maxime
1540 3230 1789 3287 convenit
1819 3241 1922 3281 non
1950 3223 2131 3290 irasci,

555 3348 663 3400 imo
685 3358 785 3396 nec
811 3341 894 3405 iis,
915 3338 1002 3407 qui
1025 3330 1401 3390 contumeliam
1431 3324 1663 3380 inferunt
1683 3319 1934 3375 convenit
1954 3316 2129 3371 irasci.

560 3437 627 3491 Et
677 3430 945 3503 quomodo
998 3423 1340 3498 pugnandum
1403 3428 1525 3481 est,
1586 3412 1836 3484 inquies?
1885 3410 2131 3475 Ratione,

558 3520 967 3580 mansuetudine
1000 3538 1012 3571 :
1041 3524 1312 3571 certamen
1341 3510 1484 3565 enim
1513 3516 1595 3562 est
1622 3521 1688 3560 ex
1717 3503 1943 3558 adverso
1970 3509 2130 3555 stare.

554 3619 749 3674 Annon
793 3612 943 3667 vides
970 3610 1086 3664 haec
1130 3605 1269 3660 bellaâ€œ
1314 3604 1460 3673 lege,
1490 3599 1675 3653 ordine
1704 3605 1760 3651 et
1807 3592 2137 3663 temporibus

558 3708 815 3765 definita?
860 3705 941 3759 Ira
984 3703 1124 3757 enim
1168 3697 1298 3753 nihil
1329 3694 1472 3750 aliud
1501 3701 1584 3747 est
1624 3705 1781 3762 quam
1815 3684 2137 3742 irrationalis

561 3806 822 3872 impetus;
875 3792 1199 3853 irrationalis
1254 3800 1431 3845 autem
1480 3784 1612 3841 nihil
1664 3791 1838 3854 potest
1881 3778 2137 3835 rationale

559 3898 756 3953 facere.

630 3994 683 4048 4.
724 3992 880 4045 Certe
909 3987 994 4041 hic
1025 3983 1145 4039 talia
1173 3980 1504 4052 loquebatur,
1540 3989 1637 4029 nec
1659 3969 2007 4027 irascebatur.
2035 3964 2138 4018 lle-

562 4091 659 4145 lias
683 4101 811 4140 vero
837 4081 1047 4136 dicebat
1068 4097 1080 4133 :
1109 4076 1381 4143 Quousque
1404 4066 1701 4123 claudicatio
1722 4073 1931 4130 utroque
1951 4057 2142 4127 poplite

560 4189 721 4237 vestro
740 4178 815 4249 (3.
846 4175 970 4245 Reg.
993 4172 1079 4226 l8.
1109 4167 1238 4238 ï¬l)?
1261 4180 1357 4219 nec
1382 4160 1729 4217 irascebatur.
1758 4154 1985 4208 Phinees
2014 4151 2139 4204 item

562 4271 840 4328 occidebat
871 4266 1056 4337 (Num.
1086 4261 1202 4329 â€˜25),
1247 4269 1302 4312 et
1345 4270 1453 4309 non
1497 4250 1844 4307 irascebatur.
1887 4244 1968 4298 Ira
1997 4241 2138 4297 enim

563 4382 669 4421 non
702 4362 830 4418 sinit
858 4358 1061 4418 videre,
1093 4354 1184 4407 sed
1216 4348 1464 4404 omnibus
1492 4344 1639 4414 quasi
1668 4342 1720 4395 in
1750 4347 2007 4394 nocturna
2039 4350 2140 4404 pu-

565 4471 667 4529 gna
698 4452 892 4525 ligatis,
925 4448 1107 4502 oculos
1137 4452 1191 4498 et
1218 4452 1377 4495 aures
1416 4435 1579 4492 trahit
1620 4448 1727 4503 quo
1767 4428 2018 4485 voluerit.
2061 4426 2142 4481 Ab

568 4549 668 4604 hoc
699 4554 827 4615 ergo
852 4541 1095 4595 daztnone
1126 4533 1443 4594 liberentur;
1474 4526 1811 4595 incipientem
1832 4520 1979 4575 illum
1996 4532 2142 4573 com-

568 4651 876 4711 poscamus;
902 4631 1132 4702 sigillum
1157 4624 1354 4697 pectori
1385 4632 1710 4691 apponamus
1734 4614 1881 4686 quasi
1909 4613 2142 4667 frenum.

567 4733 727 4789 Canis
758 4726 1039 4798 impudens
1068 4732 1149 4776 est
1186 4722 1303 4774 ira:
1336 4714 1428 4771 sed
1455 4713 1627 4767 discat
1651 4709 1835 4763 audire
1868 4706 2060 4775 legem.
2086 4704 2143 4758 Si

569 4830 638 4883 sit
662 4826 810 4881 cauis
838 4824 888 4876 in
917 4826 1161 4873 armento
1192 4816 1267 4868 ira
1313 4811 1483 4871 ferox,
1518 4816 1573 4859 ut
1603 4802 1833 4859 bubulco
1862 4796 2143 4867 imperanti

570 4940 674 4977 non
706 4926 911 4990 pareat,
930 4927 1026 4968 uec
1054 4910 1170 4980 ejus
1194 4920 1377 4960 vocem
1402 4907 1675 4972 agnoscat,
1693 4896 1868 4950 omnia
1899 4901 2145 4963 pereunt.

570 5016 702 5069 Cum
736 5000 863 5081 ipsis
890 5006 1077 5060 ovilnts
1109 4999 1368 5073 pascitur;
1417 4992 1509 5048 sed
1565 4991 1607 5045 si
1658 4991 1796 5059 ipsas
1835 4999 1965 5039 oves
2002 4982 2144 5044 edat,

573 5107 777 5162 inutilis
804 5112 886 5158 est
912 5110 966 5156 et.
990 5095 1271 5152 occiditur.
1299 5090 1355 5146 Si
1376 5085 1621 5143 didicerit
1648 5090 1701 5136 te
1720 5077 1925 5140 audire,
1956 5073 2041 5129 ale
2062 5089 2148 5126 ra-

574 5213 694 5252 nem
717 5214 730 5249 :
756 5195 901 5248 utilis
928 5200 1011 5245 est
1036 5196 1220 5243 contra
1248 5184 1424 5252 lupos,
1456 5186 1641 5234 contra
1672 5171 1928 5236 latrones,
1958 5174 2149 5221 contra

575 5290 747 5343 furum
777 5283 1067 5354 principem
1088 5279 1309 5336 latrans,
1337 5287 1442 5326 tton
1472 5276 1655 5324 contra
1677 5278 1803 5318 oves
1824 5274 2000 5330 neque
2022 5273 2151 5312 con-

575 5393 651 5436 tra
682 5378 988 5434 familiares.
1012 5372 1067 5427 Si
1101 5387 1205 5425 non
1238 5365 1438 5427 audiat,
1468 5359 1646 5416 omnia
1678 5354 1883 5426 perdit:
1927 5352 1971 5405 si
2016 5365 2148 5405 cono

576 5485 816 5529 temnere
844 5466 1036 5529 discat,
1065 5460 1241 5514 omnia
1269 5453 1599 5526 pessmudat.
1645 5442 1994 5503 Mansuetudo
2022 5454 2151 5509 ergo

577 5574 627 5624 in
650 5576 703 5622 te
724 5580 826 5620 nou
850 5566 1212 5620 consumatur,
1240 5548 1336 5605 sed
1355 5562 1472 5604 eam
1494 5542 1756 5600 custodiat
1777 5539 1851 5593 ira
1878 5546 1931 5591 et
1951 5533 2149 5599 foveat;

546 5654 841 5720 custodiet
860 5662 1058 5716 autem,
1082 5660 1135 5703 et
1162 5648 1214 5701 in
1243 5638 1530 5697 securitate
1558 5634 1722 5690 multa
1748 5642 1968 5702 pascere
1988 5625 2149 5690 sinet,

580 5761 623 5810 si
653 5752 820 5808 malas
862 5757 1157 5819 pravasqne
1180 5731 1534 5805 cogitationes
1556 5731 1855 5786 consumat,
1890 5720 1935 5775 si
1965 5716 2153 5773 diabo-

581 5814 949 5913 lumâ€˜undique
980 5840 1349 5908 persequatur.
1390 5825 1478 5880 Sic
1504 5814 1854 5877 mansuetudo
1889 5818 2152 5874 servatur,

1277 356 1332 408 S.
1377 348 1651 406 JUANNIS
1686 336 2150 400 CllllYSOSTOMI
2194 328 2506 387 ARCIIIEP.
2547 324 3072 383 CONSTANTINOP.

3679 316 3778 370 Î¹Ï‰

2212 459 2336 499 cum
2372 442 2500 497 nihil
2530 442 2729 496 malum
2755 440 2823 495 de
2849 438 3092 510 proximo
3111 435 3434 506 cogitamus:
3463 431 3541 488 sic
3566 444 3785 485 venera-

2216 535 2350 589 biles
2378 534 2660 599 efficimur,
2689 532 2904 602 quando
2937 528 3276 598 impudenter
3300 536 3459 596 agere
3488 538 3598 578 non
3628 522 3787 579 disci-

2214 644 2353 684 mus.
2378 628 2518 683 Nihil
2549 629 2693 683 enim
2717 627 2789 681 ita
2811 625 3174 694 impudentem
3203 619 3380 676 reddit
3413 627 3471 673 ut
3500 617 3641 671 mala
3664 631 3790 671 con-

2215 722 2458 777 scientia.
2475 722 2583 776 Cur
2597 719 2908 775 meretrices
2925 716 3257 787 impudentes
3277 712 3433 768 sunt?
3447 726 3544 767 cur
3558 709 3790 780 virgines

2217 813 2573 887 pudibundze?
2614 827 2793 868 nonne
2831 810 2937 865 illa:
2975 824 3007 864 a
3052 818 3291 878 peccato,
3337 805 3417 859 Ita:
3444 818 3475 858 a
3503 801 3788 858 castitate?

2217 910 2358 966 Nihil
2387 909 2530 964 enim
2563 909 2633 961 ita
2662 905 3020 975 impudentem
3049 900 3249 965 reddit,
3278 907 3335 953 ttt
3364 905 3666 967 peccaturÂ».
3688 893 3788 947 lnto

2216 1012 2423 1066 contra,
2458 1001 2685 1071 inquies,
2715 998 2770 1053 in
2802 997 3056 1068 pudorem
3085 994 3273 1063 injicit.
3304 992 3475 1045 Etiam
3500 998 3649 1041 certe
3678 1000 3790 1041 sese

2219 1097 2593 1157 damnantem;
2617 1091 2780 1147 alium
2812 1103 2940 1144 vero
2966 1086 3410 1156 impudentiorem
3444 1077 3621 1135 reddit
3646 1086 3792 1147 petu-

2221 1189 2501 1244 lantiorem
2544 1207 2559 1243 :
2606 1200 2727 1239 nam
2753 1182 2842 1254 qui
2865 1181 2934 1237 de
2960 1194 3019 1235 se
3045 1179 3315 1248 desperat,
3348 1173 3521 1230 audax
3548 1170 3789 1226 efï¬citur.

2223 1280 2421 1351 Impius
2448 1278 2613 1343 enim,
2640 1274 2830 1346 inquit,
2877 1288 2990 1327 cum
3028 1272 3079 1325 in
3126 1267 3436 1341 profundum
3480 1272 3793 1333 peccatorum

2222 1374 2426 1437 venerit,
2453 1369 2722 1426 contemnit
2741 1367 2925 1440 (Prov.
2950 1365 3038 1421 l8.
3066 1365 3142 1434 5).
3180 1360 3467 1432 [mpudens
3495 1372 3626 1414 vero
3652 1364 3796 1426 petu-

2163 1490 2179 1508 ~
2222 1468 2338 1521 laus
2384 1466 2574 1530 fuerit;
2618 1461 2861 1532 petulans
2887 1467 3063 1514 autem
3089 1456 3258 1511 audax
3291 1465 3392 1510 est.
3427 1450 3523 1507 Vis
3566 1450 3793 1513 discere,

2222 1557 2560 1629 quandonam
2592 1551 2947 1609 mansuetudo
2970 1546 3349 1606 consumatur?
3374 1545 3503 1599 Cum
3536 1542 3691 1597 mala:
3714 1555 3797 1594 co-

2222 1650 2504 1720 gitationes
2521 1647 2662 1701 illam
2682 1643 3012 1714 pertrahunt.
3034 1640 3139 1697 Sed
3157 1638 3365 1694 etiamsi
3384 1637 3484 1692 hoc
3507 1637 3797 1704 contingat,

2222 1740 2343 1810 quia
2377 1738 2610 1793 nottdum
2653 1736 2803 1791 canis
2831 1743 2937 1789 stat
2976 1734 3199 1788 multum
3231 1731 3453 1791 latrans,
3503 1740 3683 1796 neque
3723 1723 3798 1777 sic

2224 1830 2609 1900 desperandum
2646 1838 2751 1881 est.
2786 1826 2883 1880 Est
2911 1824 3107 1894 quippe
3148 1820 3303 1875 nobis
3352 1817 3511 1872 funda
3567 1824 3624 1870 et
3673 1814 3803 1882 lapis

2226 1923 2396 1994 (scitis
2424 1920 2564 1993 quod
2585 1919 2751 1987 dico),
2783 1928 2864 1973 est
2885 1916 3037 1971 nobis
3061 1914 3233 1977 hasta,
3255 1911 3407 1965 caula
3430 1920 3483 1964 et
3505 1906 3801 1969 stabulum,

2227 2017 2279 2070 in
2308 2031 2415 2086 qtto
2440 2013 2789 2083 cogitationes
2822 2009 3016 2062 illaesas
3045 2018 3335 2061 servemus.
3370 2002 3422 2057 Si
3453 2000 3604 2053 canis
3631 1997 3807 2052 adule-

2230 2118 2316 2162 tur
2340 2105 2548 2167 ovibus,
2579 2103 2827 2171 furatque
2853 2108 2907 2153 et
2930 2098 3110 2167 vigilet
3147 2104 3331 2149 contra
3377 2101 3657 2152 externos;
3694 2087 3728 2141 h
3750 2103 3809 2140 rc

2230 2199 2397 2252 virtus
2423 2204 2507 2252 est
2526 2196 2706 2250 canis:
2733 2194 2847 2246 licet
2876 2190 3095 2251 esuriat,
3128 2203 3194 2241 ne
3223 2183 3465 2239 comedat
3488 2196 3652 2244 oves;
3688 2179 3811 2232 liret

2230 2302 2378 2348 satur
2403 2292 2492 2357 sit,
2521 2305 2589 2344 ne
2616 2295 2797 2358 parcat
2824 2285 2982 2354 lupis.
3015 2281 3160 2336 Talis
3189 2288 3243 2334 et
3269 2278 3347 2332 ira
3387 2277 3490 2331 sit:
3515 2275 3643 2327 licet
3670 2287 3808 2325 mor-

2232 2387 2442 2448 deatur,
2472 2398 2501 2437 a
2538 2377 2944 2436 mansuetudine
2985 2391 3050 2429 ne
3077 2370 3346 2434 discedat;
3380 2368 3505 2423 licet
3544 2366 3803 2435 quiescat,

2232 2484 2487 2537 adversus
2516 2477 2684 2532 malas
2712 2470 3061 2544 cogitationes
3084 2467 3378 2523 excitetur:
3402 2476 3465 2517 ac
3485 2458 3627 2530 quod
3658 2473 3803 2513 suum

2233 2584 2337 2637 est,
2372 2574 2492 2629 licet
2540 2578 2759 2641 pungat,
2802 2581 2871 2621 ne
2914 2563 3147 2626 deserat,
3191 2556 3286 2613 sed
3339 2562 3623 2624 agnoscat;
3672 2548 3803 2620 quod

2234 2677 2411 2722 autem
2440 2640 2669 2718 ahenum
2712 2669 2815 2722 est,
2846 2657 2968 2711 licet
2995 2652 3266 2716 aduletur,
3296 2644 3626 2718 pessumdet.
3657 2640 3805 2708 Saepe

2234 2758 2478 2813 diabolus
2530 2753 2680 2824 quasi
2730 2749 2879 2805 cauis
2929 2745 3209 2806 adulatur,
3262 2738 3359 2794 sed
3410 2738 3586 2792 sciant
3629 2743 3806 2787 omnes

2236 2852 2466 2905 alienum
2497 2861 2635 2902 esse.
2684 2843 2774 2898 Sic
2814 2849 2870 2895 et
2917 2851 3014 2893 nos
3062 2832 3264 2898 virtuti,
3311 2830 3413 2885 etsi
3464 2826 3686 2882 molesta
3720 2823 3800 2885 sit,

2236 2944 2543 3005 adolentur;
2591 2947 2645 2992 et
2689 2933 2969 2995 malitiam,
3021 2927 3122 2984 etsi
3177 2922 3431 2983 lattificet,
3482 2930 3801 2973 aversemur.

2238 3034 2314 3089 Ne
2341 3035 2507 3088 simus
2533 3027 2755 3084 canibus
2785 3021 3103 3085 deteriores,
3150 3016 3240 3087 qui
3286 3010 3540 3082 flagellati
3589 3016 3645 3063 et
3686 3021 3804 3061 cou-

2238 3124 2430 3190 stricti,
2471 3136 2576 3176 non
2603 3118 2887 3173 absistunt.
2916 3112 2974 3168 Si
3013 3111 3134 3165 illos
3159 3115 3337 3163 autem
3369 3112 3559 3173 pascat
3581 3099 3805 3159 alienus,

2238 3215 2507 3290 quomodo
2556 3228 2662 3268 non
2704 3212 2875 3280 magis
2905 3202 3206 3262 nocebunt?
3236 3202 3330 3257 Est
3356 3194 3641 3266 aliquando
3670 3191 3806 3245 utilis

2240 3308 2451 3375 ira,sed
2472 3321 2591 3362 cum
2614 3304 2770 3357 latrat
2793 3308 2981 3355 contra
3012 3296 3236 3351 alienos.
3263 3290 3396 3358 Quid
3420 3298 3502 3342 est
3529 3283 3675 3348 illud,
3710 3281 3804 3348 Qui

2239 3374 2469 3459 irascitur
2488 3398 2635 3470 fratri
2651 3411 2743 3451 sua
2761 3405 2939 3451 temere
2955 3389 3171 3461 (Matth.
3190 3387 3243 3443 5.
3259 3384 3351 3453 92)
3402 3381 3455 3436 ld
3473 3387 3577 3441 est,
3596 3377 3669 3431 Ne
3685 3374 3807 3429 uleio

2240 3510 2393 3553 scere
2415 3508 2511 3548 nec
2530 3490 2735 3545 vindica
2752 3487 2981 3555 teipsum
3001 3501 3014 3536 :
3034 3483 3077 3536 si
3098 3481 3258 3534 alium
3281 3454 3593 3546 pereuntem
3612 3466 3806 3529 videas,

2242 3589 2452 3662 porrige
2483 3598 2717 3641 manum.
2749 3580 2865 3635 Non
2899 3577 3006 3633 erit
3055 3575 3195 3628 ultra
3225 3572 3324 3634 ira,
3376 3582 3497 3623 cum
3531 3581 3560 3619 a
3607 3560 3809 3632 proprio

2242 3653 2468 3738 inotu'et
2495 3678 2681 3733 affectu
2731 3673 2865 3731 liber
2906 3670 3033 3725 eris.
3074 3660 3437 3735 Apprehcudit
3468 3654 3634 3712 David
3678 3653 3808 3706 Saft-

2243 3776 2346 3831 lem
2378 3774 2452 3846 (l.
2480 3771 2606 3841 Reg.
2632 3768 2719 3822 26.
2754 3765 2809 3836 7)
2835 3804 2849 3827 ,
2884 3775 2983 3816 nec
3012 3760 3087 3813 ira
3118 3762 3417 3811 commotus
3446 3760 3565 3814 est,
3597 3760 3690 3801 nec
3729 3758 3808 3793 ra-

2243 3838 2397 3942 ptum.
2415 3838 2680 3920 inimicum
2700 3860 2846 3912 hasta
2863 3851 3128 3913 confodit;
3148 3847 3240 3903 sed
3260 3846 3405 3900 ultus
3424 3852 3504 3897 est
3535 3838 3807 3896 diabolum.

2246 3926 2455 4024 lloyscs
2485 3972 2604 4011 cum
2632 3953 2860 4006 alienum
2896 3945 3176 4000 laedentem
3217 3937 3367 4001 vidit,
3394 3933 3595 3989 occidit
3622 3926 3807 4002 (Exod.

2242 4054 2297 4107 2.
2324 4051 2450 4119 12);
2475 4061 2595 4102 cum
2617 4052 2996 4112 congenerem,
3028 4050 3135 4089 nou
3163 4033 3288 4087 item
3317 4045 3332 4092 ;
3364 4026 3457 4081 sed
3492 4027 3679 4080 fratres
3702 4020 3809 4090 qui-

2245 4144 2365 4200 dem
2394 4135 2773 4195 reconciliabat
2795 4174 2811 4199 ,
2843 4130 3047 4184 alienos
3074 4139 3203 4180 vero
3233 4120 3499 4192 pellebat,
3524 4118 3668 4172 Licet
3700 4124 3807 4167 cunt

2247 4232 2586 4291 mitissimum
2634 4227 2798 4281 fuisse
2845 4222 3119 4291 Scriptura
3164 4209 3699 4285 testificetur(Num.
3731 4202 3806 4258 19..

2247 4328 2314 4398 3)
2348 4341 2362 4390 ;
2393 4333 2627 4378 attamen
2667 4315 2887 4387 pervigil
2914 4323 3052 4368 erat.
3092 4309 3200 4365 Nos
3228 4316 3406 4362 autem
3439 4320 3551 4359 non
3594 4304 3661 4358 ita
3690 4294 3808 4351 :scd

2248 4419 2339 4475 ubi
2368 4410 2828 4472 mansuetudinem
2853 4404 3111 4461 exhibere
3131 4406 3381 4471 oportet,
3418 4395 3554 4451 feris
3582 4389 3808 4447 omnibus

2250 4510 2538 4567 ferociores
2563 4518 2747 4561 sumus
2770 4517 2783 4563 ;
2830 4498 2919 4553 ttbi
2945 4506 3122 4550 autem
3149 4492 3369 4549 excitari
3400 4505 3500 4561 par
3525 4494 3697 4551 esset,
3726 4479 3810 4535 adâ€”

2250 4602 2466 4659 modum
2494 4596 2667 4670 ignavi
2687 4606 2741 4650 et
2769 4589 2965 4662 supini.
2991 4588 3122 4655 Quia
3151 4585 3311 4658 igitur
3337 4583 3423 4650 iis,
3451 4599 3574 4651 qua:
3597 4584 3644 4634 in
3671 4575 3808 4632 nobis

2249 4704 2411 4763 sunt,
2440 4708 2543 4749 non
2575 4700 2632 4745 ut
2667 4704 2761 4760 par
2785 4697 2928 4743 esset
2956 4683 3154 4739 utimur
3180 4722 3194 4745 ,
3224 4680 3344 4735 ideo
3371 4678 3422 4733 in
3466 4677 3686 4732 nihilum
3715 4672 3807 4722 vita

2251 4800 2432 4846 nostra
2459 4784 2810 4842 consumitur.
2840 4779 2912 4834 Ita
2940 4784 2996 4831 et
3022 4776 3073 4830 in
3103 4774 3241 4827 vasis
3266 4770 3443 4827 evenit
3469 4787 3482 4822 :
3514 4770 3556 4822 si
3586 4762 3720 4819 aliud
3749 4759 3805 4811 ad

2251 4876 2415 4929 alium
2444 4886 2594 4926 nsum
2627 4866 2975 4921 adhibeamus
2999 4900 3013 4925 ,
3044 4857 3221 4914 omnia
3256 4854 3551 4927 perdimus.
3582 4842 3807 4912 Exempli

2251 4964 2618 5035 causa,siquis
2638 4960 2869 5031 gladium
2892 4962 3085 5018 sumat,
3111 4965 3208 5007 nec
3234 4950 3382 5003 illutn
3407 4947 3473 5001 ad
3495 4958 3647 5001 suum
3669 4952 3805 4995 usum

2252 5033 2541 5122 adhibeat,
2576 5055 2669 5109 sed
2715 5067 2871 5107 manu
2902 5047 2955 5103 id
2998 5044 3173 5100 facere
3203 5052 3408 5105 tentet,
3438 5040 3567 5094 nihil
3595 5033 3806 5102 amplius

2251 5152 2410 5208 efficit
2441 5167 2455 5214 ;
2484 5149 2618 5202 sicut
2637 5154 2691 5201 et
2714 5144 2800 5214 qui
2827 5184 2841 5207 ,
2873 5139 2963 5195 ubi
2990 5152 3149 5194 manu
3177 5136 3286 5204 ipsa
3330 5130 3655 5202 operandum
3689 5128 3766 5178 est
3792 5159 3805 5183 ,

2253 5211 2646 5315 gladio'utitur,
2677 5211 2855 5292 omnia
2887 5230 3092 5302 perdet.
3126 5228 3214 5282 Sic
3242 5234 3297 5280 et
3322 5223 3579 5283 medicus,
3612 5216 3696 5287 qui
3725 5211 3805 5265 ubi

2254 5313 2439 5392 secare
2464 5338 2674 5401 oportet
2699 5343 2802 5381 non
2833 5332 3017 5387 secat,
3044 5328 3101 5375 et
3128 5320 3217 5373 ubi
3249 5332 3355 5371 non
3386 5321 3595 5383 oportet
3632 5313 3768 5361 secat
3788 5337 3806 5365 ,

2254 5428 2432 5484 omnia
2460 5420 2785 5496 pessumdat.
2807 5413 3164 5485 Quamobrem
3205 5424 3334 5478 rogo
3356 5448 3371 5470 ,
3400 5421 3498 5460 nos
3524 5405 3807 5470 Opportune

2258 5522 2359 5576 hac
2386 5535 2445 5574 re
2476 5525 2704 5571 utamur.
2748 5510 2845 5565 ira:
2888 5514 3096 5574 tempus
3141 5516 3246 5556 nou
3275 5508 3396 5561 est,
3429 5495 3514 5549 tibi
3558 5504 3652 5546 nos
3678 5488 3807 5555 ipsos

2254 5625 2499 5685 Juvantus
2525 5622 2540 5666 :
2563 5608 2609 5662 si
2634 5617 2761 5659 VPI'O
2780 5600 2913 5659 alios
2936 5596 3202 5666 corrigere
3223 5595 3485 5659 oporteat,
3511 5596 3632 5641 tunc
3656 5575 3809 5634 maxi-

2259 5723 2346 5764 me
2373 5705 2459 5760 illa
2481 5698 2734 5758 utendum
2763 5703 2885 5759 est,
2923 5698 2983 5747 ut
3008 5689 3141 5743 alios
3182 5696 3455 5741 eruamus.
3503 5680 3574 5733 Ita
3614 5684 3670 5731 et
3709 5670 3811 5725 Deo

2262 5797 2490 5870 aequales
2513 5796 2714 5849 erimus
2738 5827 2755 5855 ,
2798 5787 2844 5842 si
2887 5796 2987 5841 nos
3030 5783 3097 5836 ab
3124 5779 3200 5834 ira
3225 5787 3441 5843 semper
3467 5781 3701 5826 tueamur
3718 5798 3735 5820 .
3760 5765 3811 5811 et
