4032 6212
417 360 512 419 ιιι

414 477 718 532 μελλόντων
751 473 1143 545 ἐπιτευξομεθα
1168 473 1408 543 ἀγαθῶν,
1439 476 1619 546 χάριτι
1640 475 1733 528 καὶ
1762 474 2067 545 φιλανθρω-

412 567 514 638 πίᾳ
539 565 631 619 τοῦ
658 564 862 635 Κυρίου
895 563 1051 634 ἡμῶν
1078 561 1250 632 Ἰησοῦ
1284 563 1540 633 Χριστοῦ,
1576 562 1693 632 μεθ’
1712 558 1773 617 οὗ
1792 562 1870 632 τῷ
1892 562 2068 632 Πατρὶ

1184 356 1243 414 S.
1280 356 1565 415 JOANNIS
1601 354 2086 414 CIIRYSOSTOMI
2111 353 2430 413 ARCHIEP.
2455 355 2999 415 CONSTANTINOP.

3724 359 3841 415 1ιὲ

2174 473 2289 544 ἃμα
2315 472 2393 544 τῷ
2432 474 2571 545 ἁγίῳ
2622 475 2924 543 Πνεύματι,
2957 472 3104 539 δόξα,
3131 474 3349 546 κράτος,
3373 472 3525 543 τιμὴ,
3584 471 3683 527 νῦν
3737 474 3845 528 καὶ

2173 561 2282 627 ἀεὶ,
2314 563 2409 615 καὶ
2435 564 2513 625 είς
2540 564 2666 625 τοὺς
2698 564 2897 627 αίῶνας
2932 564 3041 616 τῶν
3066 564 3293 617 αἰώνων.
3336 564 3527 632 Ἀμήν.

1867 752 2018 828 [ιιε]
2066 754 2307 807 omum
2348 754 2451 809 IH'.

497 856 835 921 Ἀκούοντες
865 853 931 905 δὲ
957 853 1159 916 ταῦτα,
1198 852 1532 920 διεπρίοντο
1561 849 1689 914 ταῖς
1731 848 1999 916 καρδίαις

548 927 766 985 αὐτῶν,
794 925 887 978 καί
912 925 1166 993 ἔϐρυχον
1190 923 1327 988 τοὺς
1350 922 1598 985 ὀδόντας
1620 921 1709 973 ἐπ’
1726 922 1926 974 αὐτόν.

481 1021 549 1067 α’.
592 1014 717 1076 Πῶς
769 1014 867 1064 οὐκ
918 1010 1107 1063 ἔλαϐον
1139 1010 1202 1061 ἐκ
1235 1010 1343 1062 τῶν
1382 1010 1682 1078 εἰρημένων
1714 1005 1964 1075 ἀφορμὴν
1991 1005 2070 1068 είς

411 1104 473 1156 τὸ
496 1101 701 1155 ἀνελεῖν
728 1113 752 1140 ιι
777 1100 956 1162 αὑτὸν,
999 1097 1113 1151 ἀλλ’
1143 1097 1222 1148 ἔτι
1251 1096 1527 1166 μαίνονται
1576 1096 1669 1148 καὶ
1703 1094 1954 1164 ζητοῦσιν
1987 1093 2069 1146 αἱ·

410 1191 553 1255 τίαν,
596 1189 873 1259 θαυμάσαι
923 1187 1088 1251 ἀξιον.
1142 1185 1327 1248 υῦτως
1370 1185 1454 1238 ἀεὶ
1492 1187 1549 1237 ἐν
1604 1187 1790 1245 κακοῖς
1835 1184 1970 1234 εἰσιν
2020 1183 2068 1233 οἱ

411 1278 738 1338 ἀδικοῦντες.
769 1276 1035 1347 Καθάπερ
1070 1271 1162 1329 οῦν
1192 1276 1240 1328 οἱ
1274 1276 1550 1346 ἀρχιερεῖς
1596 1273 1924 1345 ἀποροῦντες
1954 1274 2069 1325 ἐλε-

412 1385 528 1435 γον’
567 1368 629 1420 Τί
662 1365 993 1432 ποιήσομεν
1021 1365 1144 1430 τοῖς
1178 1363 1507 1431 ἀνθρώποις
1537 1363 1805 1426 τούτοις;
1834 1360 1974 1413 οὕτω
2005 1359 2068 1430 δὴ

411 1456 506 1510 καὶ
555 1448 699 1507 οὗτοι
746 1452 1103 1522 διαπρίονται.
1136 1453 1245 1505 Kal
1292 1451 1396 1522 μὴν
1422 1451 1450 1501 6
1478 1449 1794 1519 θυμωθῆναι
1839 1448 2067 1517 ὀφείλων

413 1546 617 1604 ἐκεῖνος
645 1539 733 1613 ἦν,
766 1544 793 1595 6
826 1541 988 1610 μηδὲν
1041 1541 1138 1610 μέν
1189 1539 1477 1608 ἀδικήσας,
1517 1538 1587 1590 τὰ
1635 1538 1691 1590 δὲ
1740 1537 1846 1587 τῶν
1880 1536 2069 1605 ἠδικη-

414 1633 584 1685 κότων
616 1629 804 1682 παθὼν
829 1628 922 1681 καὶ
953 1625 1469 1694 συκοφαντούμενος.
1510 1624 1646 1677 Ἀλλ’
1667 1626 1714 1677 οἱ
1738 1623 2067 1691 συκοφάνται

416 1720 614 1789 μᾶλλον
638 1718 949 1786 ἐλέγχονται
981 1715 1075 1768 καὶ
1104 1713 1294 1785 ταύτῃο
1338 1713 1508 1774 οὕτως
1540 1713 1755 1782 ἀληθὲς,
1814 1714 1949 1780 ὅπερ
1980 1710 2068 1763 ἀεὶ

413 1810 613 1876 ἔλεγον,
661 1808 745 1859 δτι
784 1805 857 1857 Τὸ
906 1807 1079 1856 ποιεῖν
1112 1803 1317 1865 κακῶς,
1373 1802 1530 1854 τοῦτό
1560 1804 1672 1853 ἐστι
1726 1800 1787 1851 τὸ
1842 1803 2071 1875 πάσχειν.

414 1896 619 1958 κακῶς.
652 1893 841 1946 Καίτοι
865 1892 1024 1954 αὐτὸς
1047 1890 1198 1943 οὐδὲν
1227 1891 1687 1959 ἐσυκοφάντησεν,
1718 1888 1831 1941 ἀλλ’
1860 1888 2068 1939 ἀπέδει·

416 1986 521 2049 ξεν.
556 1981 759 2045 Οῦτως,
810 1981 937 2033 ὅταν
968 1977 1317 2049 ὑϐριζώμεθα
1376 1981 1431 2029 ἐν
1464 1971 1543 2040 οἷς
1573 1977 1633 2029 οῦ
1666 1976 1980 2045 συνοίδαμεν
2015 1975 2066 2039 ι),

411 2071 562 2125 οὐδὲν
594 2069 892 2139 πάσχομεν.
943 2066 1251 2119 Ἐϐούλοντο
1295 2066 1391 2136 μὲν
1443 2061 1534 2117 οὖν
1562 2064 1790 2118 ἀνελεῖν·
1853 2063 1964 2116 ἀλλ’
2006 2063 2066 2115 οὐ

412 2160 623 2213 ποιοῦσι
646 2156 822 2221 τοῦτο,
885 2154 1059 2207 αἰτίαν
1084 2153 1324 2215 θέλοντες
1372 2151 1589 2221 είδλογον
1646 2150 1947 2223 περιθεῖναι
1994 2149 2069 2220 τῷ

410 2247 734 2317 τολμήματι.
770 2244 834 2298 Τί
864 2238 989 2305 οῦνς
1042 2243 1074 2312 ἡ
1122 2241 1276 2312 ὒϐρις
1309 2242 1407 2293 οὐκ
1448 2238 1514 2312 ἦν
1547 2240 1953 2309 εῦλογοςς-Οὐκ
2002 2235 2070 2311 ἦν

410 2333 575 2388 αὑτοῦ
608 2337 640 2403 ἡ
675 2333 849 2402 ὕϐρις,
882 2330 1018 2383 ἀλλά
1040 2328 1134 2381 τοῦ
1171 2333 1448 2399 προφήτου
1500 2329 1820 2399 κατηγορία·
1860 2330 1892 2399 ἢ
1922 2328 2072 2382 ἐκόν-

415 2440 501 2486 τες
529 2424 622 2475 καὶ
647 2420 1018 2482 ἀνεϐάλλοντο,
1078 2417 1218 2470 ὥστε
1252 2419 1325 2487 μὴ
1358 2418 1501 2482 δόξαι
1531 2418 1617 2470 διὰ
1646 2417 1713 2470 τὰ
1765 2417 1843 2479 εἰς
1876 2416 2071 2479 αὐτοὺς

410 2511 571 2566 αὑτὸν
602 2509 830 2566 ἀνελεῖν,
888 2506 1076 2575 ῶσπερ
1130 2500 1221 2557 οῦν
1256 2505 1349 2557 καὶ
1386 2505 1476 2557 τὸν
1532 2506 1785 2574 Χριστὸν,
1818 2502 1953 2556 ἀλλά
2002 2505 2068 2556 δι’

411 2598 683 2654 ἀσέϐειαν.
718 2595 885 2648 Τοῦτο
913 2594 969 2646 δὲ
999 2592 1279 2654 εὐσεϐείας
1302 2587 1368 2661 ἦν
1400 2591 1459 2643 τὸ
1498 2591 1666 2663 ῥῆμα.
1697 2591 1785 2642 Διὸ
1816 2591 1951 2660 μετά
1976 2590 2069 2643 τοῦ

410 2687 619 2741 ἀνελεῖν
687 2680 1098 2752 ἐπιχειροῦντες
1150 2680 1243 2731 καὶ
1271 2678 1367 2749 τὴν
1422 2678 1580 2744 δόξαν
1633 2676 1798 2731 αὑτοῦ
1849 2677 2066 2747 βλάψαι,

410 2773 765 2842 διεπρίοντο.
810 2766 1131 2836 Ἐφοϐοῦντο
1180 2766 1308 2837 γὰρ,
1346 2766 1419 2836 μὴ
1451 2765 1608 2818 πάλιν
1637 2765 1823 2818 καινόν
1854 2783 1906 2818 τι
1934 2766 2071 2837 «περὶ

411 2861 573 2915 αὑτὸν
596 2859 722 2913 ἄλλο
748 2857 993 2927 γένηται.
1022 2852 1177 2917 Εἶτα,
1199 2854 1334 2924 ὅπερ
1356 2855 1449 2907 ἐπὶ
1464 2852 1559 2905 τοῦ
1583 2853 1814 2925 Χριστοῦ
1837 2853 2068 2917 ποιοῦσι,

408 2950 566 3003 τοῦτο
595 2947 690 3002 καὶ
718 2947 811 2999 ἐπὶ
838 2943 931 2997 τοῦ
966 2943 1261 3011 Στεφάνουο
1301 2942 1395 2995 καὶ
1429 2941 1676 3013 καθάπερ
1725 2944 1859 3002 ἐκεῖ,
1884 2942 2069 3012 ἐπειδὴ

410 3032 582 3100 εἶπεν,
608 3036 862 3103 Ὄψεσθε
892 3032 959 3084 ἐκ
987 3029 1199 3094 δεξιῶν
1227 3027 1333 3095 τῆς
1351 3028 1656 3097 δυνάμεως
1674 3030 1778 3082 τὸν
1807 3029 1941 3082 Υίὸν
1965 3028 2070 3081 τοῦ

409 3124 722 3193 ἀνθρώπου
751 3119 1113 3188 καθήμενον,
1150 3116 1497 3187 βλασφημίαν
1518 3116 1578 3168 τὸ
1630 3118 1863 3185 πρᾶγμα
1887 3115 2071 3182 ελεγον

409 3213 504 3265 καὶ
540 3210 819 3281 μάρτυρας
848 3206 975 3268 τοὺς
1001 3204 1189 3273 ὄχλους
1219 3202 1454 3255 ἐποίουνο
1507 3202 1648 3255 οῦτω
1671 3203 1733 3272 δὴ
1764 3203 1857 3254 καὶ
1878 3200 2071 3254 ἐνταῦ-

411 3301 500 3353 θα.
543 3300 690 3351 Ἐκεῖ
718 3293 1009 3365 διέρρηξαν
1039 3292 1107 3344 τὰ
1140 3290 1351 3360 ἱμάτια·
1389 3284 1491 3343 ὦδε
1541 3289 1608 3343 τὰ
1633 3283 1748 3343 ὦτα
1789 3288 2068 3358 συνέσχον.

421 3385 734 3453 ’Υπὰρχων
772 3381 841 3434 δὲ
895 3378 1133 3446 πλήρης
1162 3378 1505 3446 Πνεύματος
1552 3378 1754 3446 ἀγίου,
1792 3377 2075 3441 ἀτενίσας

409 3477 495 3538 είς
548 3474 656 3524 τὸν
714 3466 991 3536 οὐρανόν,
1051 3463 1172 3519 εἶδε
1227 3465 1414 3529 δόξαν
1469 3464 1639 3527 Θεοῦ,
1696 3463 1794 3516 καὶ
1843 3463 2078 3529 Ἰησοῦν

413 3557 644 3611 ἑστῶτα
670 3556 738 3608 ἐκ
766 3553 980 3618 δεξιῶν
1009 3552 1113 3606 τοῦ
1147 3552 1315 3617 Θεοῦ,
1344 3552 1441 3606 καὶ
1472 3549 1657 3605 εἶπεν·
1697 3551 1842 3604 Ἰδοὺ
1885 3550 2077 3617 θεωρῶ

408 3643 551 3709 τοὺς
570 3642 860 3711 οίφιινοὺς
888 3641 1318 3709 ἀνεῳγμένους,
1359 3640 1455 3693 καὶ
1488 3642 1595 3693 τὸν
1649 3641 1781 3693 Υίὸν
1815 3640 1920 3693 τοῦ
1972 3642 2077 3694 ἁν-

410 3732 644 3797 θρώπου
692 3730 758 3782 ἐκ
806 3727 1019 3791 δεξιῶν
1062 3727 1292 3780 ἑστῶτα
1353 3727 1459 3781 τοῦ
1518 3728 1684 3781 Θεοῦ.
1736 3727 2076 3795 Κράξαντες

409 3819 479 3873 δὲ
524 3815 693 3887 φωνῇ
716 3816 969 3886 μεγάλῃ,
1023 3815 1334 3883 συνέσχον
1390 3814 1461 3867 τὰ
1518 3811 1637 3869 ὦτα
1689 3814 1921 3878 αὐτῶν,
1976 3815 2073 3869 καί

409 3906 695 3975 ῶρμησαν
745 3902 1121 3972 ὁμοθυμαδὸν
1176 3903 1268 3954 ἐπ’
1318 3905 1523 3956 αὐτόν.
1562 3904 1671 3957 Kal
1718 3904 2076 3969 ἐκϐαλόντες

410 3996 525 4059 ἕξω
551 3992 659 4061 τῆς
686 3992 934 4057 πόλεως,
970 3992 1377 4045 ἐλιθοϐόλουν.
1410 3993 1520 4046 Καὶ
1545 3994 1649 4063 μὴν
1700 3993 1747 4044 εί
1796 3992 2070 4061 ἐψεύδετο,

410 4082 486 4145 ώς
512 4081 835 4152 μαινόμενον
869 4077 975 4130 ἔδει
997 4080 1234 4147 ἀφεῖναι.
1278 4078 1336 4132 'O
1365 4078 1420 4131 δὲ
1454 4079 1621 4143 οὕτως
1651 4076 1788 4141 εἶπε,
1813 4080 2072 4149 βουλόμε-

412 4188 499 4233 νος
537 4169 733 4231 αὐτοὺς
777 4165 1165 4236 ἐπαγαγέσθαι.
1219 4168 1329 4220 Καὶ
1357 4166 1546 4236 ἐπειδὴ
1592 4164 1761 4218 είπὼν
1792 4168 1920 4237 περὶ
1978 4167 2069 4219 τοῦ

412 4256 641 4309 θανάτου
686 4254 865 4324 μόνον,
908 4253 1036 4323 περὶ
1068 4253 1413 4314 ἀναστάσεως
1455 4252 1606 4304 οὐδὲν
1657 4250 1923 4322 διελέχθη,
1978 4252 2071 4305 καὶ

411 4341 567 4395 τοῦτο
594 4341 779 4392 λοιπὸν
808 4340 1075 4408 εὐκαίρως
1122 4338 1442 4408 προστίθησι
1490 4339 1552 4390 τὸ
1584 4338 1777 4408 δόγμα.
1808 4337 1966 4392 Οὕτω
2014 4338 2070 4392 δὲ

412 4429 561 4497 αὐτῷ
589 4428 734 4494 λέγει
767 4425 1021 4493 φανῆναι,
1054 4424 1128 4487 ῶς
1191 4442 1293 4477 που
1341 4423 1611 4489 διέξεισιν,
1649 4425 1735 4477 ἶνα
1782 4425 1885 4477 κᾶν
1928 4424 2070 4478 οὔτω

413 4516 670 4579 δέξωνται
698 4514 787 4564 τὸν
810 4512 987 4579 λόγον,
1020 4512 1100 4575 ὃς,
1140 4512 1261 4563 ἐπεὶ
1294 4512 1355 4563 τὸ
1384 4514 1556 4564 εἰπεῖν
1580 4511 1851 4583 καθῆσθαι
1880 4530 2069 4584 φορτι-

416 4604 509 4656 κὸν
547 4601 725 4662 αὐτοῖς
748 4595 835 4670 ἧν,
866 4598 1000 4659 τέως
1023 4598 1113 4650 τὸν
1164 4599 1288 4668 περὶ
1318 4598 1417 4668 τῆς
1449 4599 1791 4664 ἀναστάσεως
1823 4604 1963 4653 κινεῖ
1984 4601 2069 4653 λό-

414 4706 529 4758 γον,
560 4688 652 4740 καί
681 4704 842 4758 φησιν
881 4685 1041 4738 αὑτὸν
1092 4685 1361 4739 ἵστασθαι.
1399 4686 1529 4739 Ἀπὸ
1574 4686 1765 4739 τούτου
1813 4687 2067 4758 στοχάζο-

418 4795 512 4848 μαι
549 4777 641 4829 καὶ
672 4776 733 4828 τὸ
772 4775 1057 4845 πρόσωπον
1090 4773 1255 4826 αὐτοῦ
1286 4774 1617 4839 δεδοξάσθαι,
1664 4777 1721 4829 '0
1751 4777 1857 4847 γάρ
1887 4788 1907 4816 ο
1940 4777 2071 4839 Θεὸς

366 4872 369 4875 ⁷
416 4864 792 4935 φιλάνθρωπος
822 4862 918 4927 ὣν,
947 4861 1011 4914 δι’
1032 4856 1106 4915 ὧν
1137 4861 1549 4915 ἐπεϐουλεύοντο
1580 4862 1727 4935 [144]
1761 4866 1975 4925 ἐκεῖνοι.
2006 4865 2073 4918 δι’

416 4954 593 5007 αὐτῶν
643 4953 891 5005 ἐϐούλετο
939 4952 1135 5013 αὐτοὺς
1188 4950 1601 5014 ἐκκαλέσασθαι,
1651 4954 1699 5004 εἰ
1752 4954 1844 5005 καὶ
1910 4954 2072 5023 μηδὲν

416 5040 577 5095 πλέον
608 5039 843 5108 ἐγένετο.
879 5039 983 5092 Kal
1006 5038 1363 5103 ἐκϐαλόντες
1396 5039 1510 5103 ἔξω
1538 5038 1648 5107 τῆς
1676 5041 1924 5106 πόλεως,
1949 5042 2072 5094 ἐλι-

417 5129 728 5181 θοϐόλουν.
782 5127 949 5180 Πάλιν
1007 5126 1113 5191 ἔξω
1162 5128 1261 5195 τῆς
1299 5128 1505 5191 πόλεως
1536 5131 1564 5181 6
1598 5129 1844 5191 θάνατος,
1885 5129 2072 5202 ῶσπερ

418 5211 509 5261 ἐπὶ
544 5210 638 5261 τοῦ
672 5211 929 5279 Χριστοῦ,
983 5214 1076 5264 καὶ
1121 5212 1180 5263 ἐν
1212 5212 1359 5281 αύτῷ
1397 5212 1476 5282 τῷ
1504 5213 1716 5283 θανάτῳ
1750 5215 1782 5283 ἡ
1817 5215 2073 5282 ὁμολογία

420 5299 513 5350 καὶ
574 5296 635 5347 τὸ
692 5298 952 5368 κηρυγμα
1004 5299 1471 5369 διαγγελλόμενον.
1524 5302 1633 5356 Καὶ
1683 5306 1736 5355 οἱ
1781 5303 2069 5371 μάρτιφες

418 5384 705 5439 ἀπέθεντο
734 5385 806 5437 τὰ
835 5386 1030 5453 Ιμάτια
1050 5387 1248 5440 αὐτῶν
1272 5388 1430 5455 παρὰ
1456 5390 1595 5455 τοὺς
1616 5390 1803 5455 πόδας
1832 5392 2073 5445 νεανίου

419 5469 789 5541 καλουμένου
810 5474 1069 5537 Σαύλου,
1095 5475 1190 5526 καὶ
1217 5474 1607 5530 ἐλιθοϐόλουν
1638 5476 1744 5529 τὸν
1768 5476 2075 5546 Στέφανον

482 5648 509 5676 ⁸
543 5645 683 5713 Unus
710 5652 777 5713 εἰς
812 5647 866 5695 τὸ
907 5648 970 5709 μή
1008 5648 1222 5713 ἀνελεῖν.-
1248 5648 1293 5713 Δι»
1330 5648 1424 5698 Hic
1472 5658 1729 5713 pel-petum
1765 5661 1881 5701 sunt
1916 5652 2075 5701 varie-

424 5713 551 5755 lales
593 5710 643 5773 in
681 5710 777 5758 situ
804 5722 992 5773 vocum,
1037 5712 1084 5757 in
1110 5710 1287 5773 rverbis
1308 5713 1455 5773 etiam
1477 5710 1627 5773 'ipsis.
1650 5716 1715 5762 At
1751 5728 1925 5761 sensus
1949 5729 2075 5763 unus

422 5776 517 5825 est,
538 5772 623 5835 sed
647 5783 777 5835 saepe
801 5772 1151 5835 inlricatiorrin
1166 5771 1533 5835 manuscriptisl
1566 5833 1572 5835 Α
1602 5777 1624 5803 θ
1651 5776 1821 5835 Λόγον.
1854 5777 1942 5823 Διά
1963 5775 2074 5823 τοῦ·

422 5832 605 5897 «ιο-’καὶ
644 5832 1005 5897 τὸμπρόσωπον
1045 5833 1189 5881 αὐτοῦ
1235 5832 1508 5897 δεδόξαστο.
1561 5833 1619 5883 Ὀ
1665 5832 1771 5897 γάρ,
1819 5839 1889 5885 sic
1927 5852 2070 5886 unus.

422 5888 742 6006 ngrﬁébv
780 5888 899 5946 Θεὸν
941 5888 1437 5948 iuclusimusAbsunI.
1481 5897 1612 5946 enlm
1636 5888 1695 5947 ab
1731 5888 1830 5947 ιιόο
1872 5900 1979 5948 cod.
2022 5906 2075 5950 et

2170 846 2642 918 ἐπικαλούμενον
2675 849 2788 922 [τὸν
2813 850 2944 903 Θεὸν
2977 848 3002 889 ἀ
3025 848 3045 923 ]
3068 891 3082 915 ,
3116 851 3208 903 καὶ
3228 850 3473 919 λέγοντα·
3507 855 3683 922 Κίριε
3725 855 3839 912 ’1η-

2170 936 2285 989 σοῦ
2314 936 2548 1006 Χριστὲ,
2587 939 2752 1003 δέξαι
2790 939 2856 992 τὸ
2894 938 3127 1008 πνεῦμά
3150 958 3289 1008 μου.
3327 941 3669 1005 Δεικνύοντος
3696 946 3837 1013 ὁμοῦ

2170 1023 2325 1077 τοῦτο
2355 1027 2446 1079 καὶ
2483 1026 2822 1089 διδάσκοντος
2844 1026 3043 1089 αὐτούς
3070 1029 3234 1090 ἐστιν,
3264 1030 3345 1080 ὅτι
3376 1029 3473 1081 οὐκ
3502 1030 3833 1084 ἀπόλλυται.

2168 1113 2277 1165 Καὶ
2312 1114 2436 1179 θεὶς
2478 1116 2551 1168 τὰ
2601 1116 2840 1183 γόνατα,
2868 1116 3085 1183 έκραξε
3133 1112 3303 1183 φωνῇ
3338 1115 3590 1185 μεγάλῃ·
3629 1120 3834 1186 Κύριε,

2168 1198 2250 1267 μὴ
2284 1200 2522 1268 στήσῃς
2565 1200 2768 1267 αὐτοῖς
2821 1202 2935 1267 τὴν
2982 1203 3270 1270 ἁμαρτίαν
3326 1204 3572 1269 ταύτην.
3620 1205 3841 1276 Ὥσπερ

2169 1285 2619 1357 ἀπολογούμενος,
2669 1288 2752 1340 ὅτι
2781 1286 2991 1340 οὐδέτὰ
3018 1290 3259 1359 πρότερα
3316 1288 3489 1358 θυμοῦ
3520 1285 3608 1359 ἦν,
3671 1293 3837 1362 φησί·

2172 1375 2367 1441 Κύριεο
2404 1374 2553 1444 ἢκαὶ
2582 1374 2907 1445 βουλόμενος
2943 1376 3137 1437 αὐτοὺς
3166 1375 3338 1446 ταύτῃ
3393 1377 3837 1435 ἐπισπάσασθαι.

2171 1458 2242 1511 Τὸ
2267 1461 2374 1532 γὰρ
2405 1463 2621 1530 ἀφεῖναι
2645 1462 2744 1532 μὲν
2767 1462 2856 1515 τὸν
2884 1461 3054 1533 θυμὸν
3077 1464 3170 1515 καὶ
3208 1463 3305 1533 τὴν
3327 1464 3497 1533 ὀργὴν
3530 1464 3607 1535 τῷ
3660 1466 3840 1537 φόνῳ,

2169 1548 2416 1617 καθαρὰν
2463 1549 2624 1614 δείξα⁹
2657 1551 2713 1604 δὲ
2743 1550 2841 1621 τὴν
2866 1550 3042 1621 ψυχὴν
3074 1562 3096 1589 θ
3132 1549 3225 1603 τοῦ
3260 1551 3486 1615 πάθους,
3524 1554 3843 1624 εύπαράδε-

2169 1652 2295 1688 κτον
2330 1637 2503 1689 ἐποίει
2534 1637 2820 1707 τὸνλόγον.
2862 1636 3095 1704 Σαῦλος
3122 1638 3190 1690 δὲ
3215 1634 3280 1707 ἦν
3345 1640 3734 1693 συνευδοκῶν
3761 1642 3845 1711 τῇ

2168 1725 2470 1793 ἀναιρέσει
2521 1727 2727 1781 αὐτοῦ.
2774 1727 3029 1795 Ἐγίνετο
3076 1726 3145 1779 δὲ
3172 1727 3241 1779 ἐν
3293 1727 3494 1794 ἐκείνῃ
3521 1727 3592 1794 τῇ
3643 1728 3845 1797 ἡμέρᾳ

2169 1812 2420 1881 διωγμὸς
2447 1814 2627 1884 μέγας
2672 1815 2770 1867 ἐπὶ
2799 1815 2913 1882 τὴν
2946 1815 3318 1881 Ἐκκλησίαν
3339 1814 3452 1881 τὴν
3478 1816 3547 1867 ἐν
3578 1817 3845 1884 Ἰεροσοο

2168 1902 2402 1969 λύμοις.
2441 1903 2550 1972 Ούχ
2570 1903 2756 1966 ἁπλῶς
2784 1898 2938 1967 οὗτος
2964 1905 2992 1956 6
3020 1903 3279 1974 διωγμὸς,
3316 1904 3431 1957 ἀλλ’
3468 1905 3842 1976 οἰκονομικῶς

2169 1990 2319 2043 δοκεῖ
2369 2010 2457 2062 μοι
2491 1993 2781 2063 συμϐῆναι.
2812 1994 2920 2048 Καὶ
2952 1993 3175 2060 πάντες
3214 1993 3633 2063 διεσπάρησαν
3682 1998 3843 2051 κατὰ

2170 2076 2285 2144 τὴν
2308 2078 2504 2147 χώραν
2528 2078 2636 2147 τῆς
2682 2079 2979 2147 Ἰουδαίας
3004 2081 3099 2134 καὶ
3134 2084 3483 2150 Σαμαρείας,
3520 2081 3687 2151 πλὴν
3715 2082 3844 2136 τῶν

2168 2166 2545 2221 ἀποστόλων.
2585 2168 2766 2239 Ὁρᾷς,
2796 2168 2913 2232 πῶς
2945 2168 3106 2222 πάλιν
3134 2170 3471 2240 πειρασμοῦς
3503 2174 3782 2241 συγχωρεῖ
3806 2172 3837 2223 6

2168 2253 2298 2317 Θεὸς
2326 2255 2604 2323 γίνεσθαι;
2652 2256 2789 2309 Ἀλλ’
2819 2256 2891 2310 ἴδε
2918 2275 3006 2327 μοι
3038 2256 3306 2320 ἐντεῦθεν,
3335 2258 3426 2311 καὶ
3451 2259 3600 2321 ὅπως
3623 2261 3839 2313 οἰκονο-

2172 2342 2351 2409 μεῖται
2385 2341 2451 2393 τά
2486 2344 2805 2412 πράγματα.
2852 2342 3306 2413 Ἐθαυμάσθησαν
3351 2343 3439 2395 διὰ
3489 2344 3556 2396 τά
3609 2348 3837 2414 σημεῖα,

2172 2428 2558 2497 μαστιχθέντες
2580 2430 2731 2482 οὐδὲν
2762 2430 2984 2495 ἔπαθον,
3008 2432 3349 2501 κατέστησαν
3371 2431 3585 2485 ἐπὶτῶν
3614 2434 3839 2499 χωρῶν,

2167 2514 2360 2583 ηῦξετο
2383 2518 2410 2568 6
2441 2517 2617 2585 λόγος’
2647 2517 2831 2571 λοιπὸν
2861 2523 3132 2589 συγχωρεί
3160 2519 3177 2557 ί
3206 2520 3434 2585 κώλυμα
3462 2522 3714 2589 γενέσθαι
3736 2524 3842 2591 μέ-

2169 2619 2259 2669 γα.
2288 2603 2398 2655 Kal
2426 2603 2634 2671 γίνεται
2668 2605 2903 2675 διωγμὸς
2947 2606 3045 2677 οὐχ
3083 2608 3111 2659 6
3152 2606 3350 2676 τυχῶν,
3384 2606 3521 2659 ὥστε
3570 2608 3706 2678 ἐμοῦ
3740 2610 3843 2663 καὶ

2168 2690 2392 2753 τούτους
2450 2694 2643 2759 φυγεῖν
2683 2692 2995 2762 (ἐφοϐοῦντο
3046 2692 3157 2763 γὰρ
3214 2694 3578 2763 θρασυτέρους
3626 2695 3842 2757 αὐτοὺς

2169 2779 2537 2849 γενομένους),
2588 2781 2684 2833 καὶ
2715 2782 2849 2833 πᾶσι
2906 2780 3061 2851 δῆλον
3100 2781 3361 2851 ὑπάρξαι,
3419 2784 3497 2835 ὃτι
3550 2783 3840 2853 ἄνθρωποι

2168 2861 2307 2937 ἦσαν
2344 2869 2391 2919 οἱ
2413 2867 2735 2937 φοϐούμενοι
2770 2869 2862 2921 καὶ
2897 2870 3209 2937 φεύγοντες.
3244 2869 3361 2923 ’Ὶνα
3387 2869 3494 2941 γάρ
3528 2870 3598 2941 μὴ
3626 2871 3690 2923 σὺ
3733 2888 3844 2941 p.5-

2168 2956 2237 3007 τὰ
2296 2955 2470 3008 ταῦτα
2522 2955 2707 3028 λέγῃς,
2757 2956 2837 3009 ὅτι
2890 2956 3071 3027 χάριτι
3117 2957 3276 3027 μόνον
3325 2958 3663 3029 κατώρθουν,
3726 2960 3844 3013 κᾶν

2170 3039 2472 3092 ἐδιώκοντοο
2534 3040 2625 3092 καὶ
2656 3040 2808 3092 αὐτοὶ
2842 3039 3132 3113 δειλότεροι
3184 3043 3459 3109 γεγόνασι,
3493 3045 3579 3097 καῖ
3636 3046 3844 3097 ἐκεῖνοι

2172 3126 2405 3199 θρασύτε
2416 3145 2512 3198 ροι.
2536 3129 2641 3181 Kal
2659 3128 2878 3195 πάντες
2898 3129 3332 3199 διεσπάρησαν,
3361 3130 3530 3199 πλὴν
3552 3132 3671 3183 τῶν
3688 3133 3847 3185 ἀπο-

2171 3217 2429 3278 στόλων,
2469 3216 2622 3284 φησί,
2654 3217 2765 3269 Οὐκ
2792 3218 2898 3287 ἄρα
2928 3217 3104 3287 μάτην
3156 3218 3361 3284 ελεγον,
3392 3218 3473 3270 ὅτι
3516 3220 3837 3287 οἰκονομίας

2172 3302 2201 3353 6
2248 3303 2487 3373 διωγμὸς
2511 3300 2599 3375 ἦν·
2655 3306 2701 3357 εί
2735 3305 2810 3375 μὴ
2840 3308 2947 3376 γάρ
2980 3306 3224 3373 γέγονεν,
3280 3307 3380 3359 οῦκ
3415 3307 3478 3359 ἂν
3509 3308 3557 3359 οί
3596 3307 3847 3377 μαθηταὶ

2176 3390 2567 3462 διεσπάρησαν.
2608 3394 3023 3461 Συνεκόμισαν
3046 3392 3115 3445 δὲ
3151 3392 3257 3446 τὸν
3287 3393 3589 3461 Στέφανον
3615 3394 3847 3461 ἄνδρες

2174 3479 2470 3545 εὐλαϐεῖς.
2499 3480 2596 3532 καὶ
2628 3480 2997 3548 ἐποιήσαντο
3028 3480 3284 3534 κοπετὸν
3314 3484 3499 3549 μέγαν
3527 3482 3621 3534 ἐπ’
3651 3482 3846 3548 αὐτῷ.

2180 3568 2249 3619 ’Ἡ
2278 3566 2428 3621 οῠπω
2456 3562 2595 3637 ἦσαν
2622 3568 2835 3631 τέλειοι,
2878 3569 2910 3639 ἢ
2939 3569 3019 3623 ὅτι
3040 3568 3294 3638 ἐπίχαρις
3316 3564 3383 3637 ἦν
3410 3570 3500 3621 καὶ
3532 3569 3845 3639 αἰδέσιμος⁹

2174 3658 2255 3711 διὸ
2281 3658 2374 3710 καὶ
2424 3658 2714 3712 κόπτονται
2762 3659 2944 3712 αὐτόν.
2986 3659 3138 3729 ’Ἅμα
3171 3657 3226 3710 δὲ
3274 3656 3433 3711 τοῦτο
3471 3659 3711 3711 δείκνυσι
3746 3660 3848 3712 καὶ

2174 3744 2493 3816 ἀνθρώπους
2524 3746 2719 3808 αὐτοὺς
2756 3745 2937 3812 ὄντας,
2965 3745 3084 3817 οὐχὶ
3120 3748 3147 3798 6
3173 3744 3334 3814 φόϐος
3368 3746 3546 3817 μόνον,
3576 3746 3716 3800 ἀλλά
3744 3748 3850 3801 καὶ

2174 3836 2207 3905 ὴ
2232 3834 2373 3904 λύπη
2402 3837 2496 3887 καὶ
2523 3836 2551 3886 6
2584 3835 2830 3897 κοπετός.

2248 3921 2311 3992 β’.
2337 3923 2432 3986 Τίς
2466 3924 2573 3995 γὰρ
2596 3924 2695 3976 οὐκ
2728 3923 2793 3976 ἂν
2819 3922 3079 3976 ἔκλαυσεν
3110 3921 3252 3994 δρῶν
3273 3922 3361 3975 τὸν
3380 3922 3587 3993 ἥμερον
3609 3924 3846 3990 ἐκεῖνον,

2171 4009 2232 4062 τὸ
2256 4010 2437 4081 ἀρνίον
2463 4013 2506 4072 3,
2525 4010 2861 4063 λιθόλευστον
2882 4010 3171 4080 γενόμενον
3205 4012 3297 4064 καὶ
3327 4010 3578 4081 κείμενον
3603 4012 3805 4081 νεκρόν
3827 4030 3845 4078 ;

2181 4096 2384 4149 Ἱκανὸν
2439 4096 2603 4150 αὐτοῦ
2666 4098 2951 4165 ἐπιτάφιον
3024 4098 3301 4167 διεξῆλθεν
3349 4100 3377 4151 6
3420 4096 3845 4168 εύαγγελιστὴς,

2170 4183 2278 4237 Kal
2309 4183 2431 4248 θείς
2451 4184 2522 4237 τὰ
2546 4184 2786 4252 γόνατα,
2812 4185 3001 4249 εἰπὼν,
3026 4186 3123 4238 καί
3146 4184 3371 4253 κράξας
3393 4183 3563 4253 φωνῇ
3574 4186 3846 4255 μεγάλῃ.

2168 4270 2275 4324 Kal
2303 4271 2597 4335 ἐποίησαν
2626 4272 2879 4326 κοπετὸν
2901 4272 3091 4343 μέγαν
3118 4272 3210 4325 ἐπ’
3248 4271 3426 4337 αὐτῷ.
3468 4272 3607 4324 Ἀλλ’
3639 4273 3850 4344 ἴδωμεν

2169 4360 2376 4414 ἄνωθεν
2406 4360 2473 4413 τὰ
2498 4361 2782 4431 εἰρημένα.
2839 4360 3153 4429 ’Υπάρχων
3201 4361 3440 4428 πλήρης
3488 4364 3850 4430 Πνεύματος

2168 4448 2360 4518 ἁγίου,
2394 4449 2674 4516 ἀτενίσας
2699 4452 2787 4516 εις
2817 4450 2921 4503 τὸν
2949 4450 3228 4517 οὐρανὸν,
3263 4446 3383 4503 εἶδε
3425 4450 3614 4513 δόξαν
3662 4451 3845 4513 Θεοῦ,

2170 4535 2269 4589 καί
2310 4536 2554 4603 Ἰησοῦν
2582 4536 2811 4591 ἑστῶτα
2836 4538 2903 4590 ἐκ
2927 4536 3142 4602 δεξιῶν
3168 4538 3274 4591 τοῦ
3322 4536 3489 4599 Θεοῦ,
3518 4536 3615 4589 καί
3642 4533 3842 4590 εἶπενο

2184 4624 2331 4679 Ἰδοὺ
2362 4624 2552 4695 θεωρῶ
2575 4625 2715 4692 τοὺς
2750 4627 3042 4695 οὐρανοὺς
3066 4627 3495 4695 ἀνεῳγμένους.
3544 4625 3651 4679 Καὶ
3688 4641 3849 4679 συν-

2175 4711 2366 4782 έσχον
2393 4713 2465 4767 τὰ
2494 4710 2613 4768 ὦτα
2633 4713 2850 4777 αὐτῶν,
2888 4715 2985 4767 καὶ
3014 4713 3301 4784 ὥρμησαν
3330 4712 3708 4783 ὁμοθυμαδὸν
3741 4714 3846 4768 ἐπ’

2173 4803 2377 4855 αὐτόν.
2410 4802 2600 4855 Καίτοι
2626 4800 2777 4873 [HS]
2804 4802 2906 4856 ποῦ
2929 4802 3100 4855 ταῦτα
3131 4803 3461 4874 κατηγορίας
3489 4802 3649 4866 ἄξιας
3695 4802 3846 4855 Ἀλλ’

2171 4889 2319 4959 ὅμως
2342 4890 2431 4942 τὸν
2470 4892 2670 4959 σημεῖα
2726 4890 2951 4943 τοιαῦτα
3002 4890 3080 4959 τῷ
3108 4890 3251 4962 λόγῳ
3285 4890 3683 4960 ἐργασάμενον,
3746 4889 3849 4944 τὸν

2174 4978 2390 5031 πάντων
2422 4978 2724 5048 κρατοῦντα
2756 4979 2833 5049 τῷ
2866 4979 3029 5049 λόγῳ.
3057 4979 3146 5032 τὸν
3184 4978 3409 5032 τοιαῦτα
3428 4976 3846 5046 διαλεγόμενον,

2173 5065 2426 5129 λαϐόντες
2476 5065 2663 5137 ῶσπερ
2696 5066 2996 5128 ἐϐούλοντο,
3026 5066 3168 5119 οῦτω
3215 5066 3304 5119 τὸν
3337 5064 3507 5135 θυμὸν
3536 5065 3563 5104 ιι
3586 5065 3680 5117 τὸν
3708 5066 3851 5119 ἐαυ-

2172 5154 2279 5205 τῶν
2309 5153 2600 5224 ἐπλήρουν.
2650 5156 2715 5206 Ol
2744 5153 2811 5206 δὲ
2854 5153 3151 5222 μάρτυρες
3178 5152 3468 5208 ἀπέθεντο
3516 5152 3589 5205 τὰ
3638 5150 3853 5220 Ιμάτια

2173 5240 2370 5293 αὐτῶν
2393 5240 2549 5308 παρὰ
2579 5240 2719 5306 τοὺς
2746 5240 2933 5306 πόδας
2962 5242 3206 5295 νεανίου
3251 5239 3628 5309 καλουμένου
3684 5241 3853 5294 Σαύ-

2172 5333 2307 5382 λου.
2334 5330 2495 5398 Ὃρα,
2530 5329 2646 5391 πῶς
2668 5328 2907 5391 ἀκριϐῶς
2935 5328 3001 5380 τά
3025 5328 3264 5397 περὶτοῦ
3298 5326 3512 5380 Παύλου
3542 5326 3851 5397 διηγεῖται,

2177 5418 2260 5469 ἵνα
2310 5434 2390 5469 σοι
2438 5416 2585 5487 δείξῃ
2615 5416 2675 5468 τὸ
2704 5417 2789 5468 ἐπ’
2820 5415 2967 5484 αὐτῷ
3019 5416 3179 5485 ἔργον
3211 5416 3344 5469 Θεοῦ
3377 5416 3666 5485 γενόμενον
3702 5417 3855 5485 μετά

2173 5504 2364 5556 ταῦτα.
2405 5503 2551 5565 Τέως
2582 5504 2637 5555 δὲ
2659 5505 2719 5555 ού
2755 5503 2913 5572 μόνον
2938 5506 3142 5567 ἐκεῖνος
3187 5505 3245 5557 οῦ
3270 5504 3534 5565 πιστεύει,
3567 5501 3708 5555 ἀλλά
3748 5506 3855 5555 καὶ

2178 5592 2397 5664 μυρίαις
2423 5592 2582 5643 αὑτὸν
2622 5592 2776 5660 χερσὶ
2817 5589 2997 5659 βάλλει
3040 5590 3147 5643 τῶν
3181 5593 3405 5661 φονέων·
3431 5591 3511 5643 διὸ
3540 5589 3633 5642 καὶ
3681 5589 3858 5643 τοῦτο

2173 5679 2344 5750 δηλῶν
2371 5680 2537 5747 λέγει’
2571 5677 2803 5743 Σαῦλος
2826 5678 2893 5730 δὲ
2915 5675 2992 5749 ἦν
3019 5677 3407 5733 συνευδοκῶν
3435 5677 3507 5746 τῇ
3533 5678 3854 5745 ἀναιρέσει

2240 5848 2263 5875 ο
2288 5836 2423 5885 Unus
2469 5836 2613 5897 φόνῳ,
2655 5836 2937 5898 καθαρθῆναι
2961 5837 3011 5883 δὲ
3042 5836 3126 5893 τὴν
3150 5836 3315 5898 ψυχήν.
3391 5834 3409 5870 ί
3462 5836 3595 5884 Idem
3631 5836 3657 5882 6
3700 5834 3852 5898 λόγος

2173 5900 2312 5947 πάλιν
2334 5896 2582 5971 συγχωρεῖ.
2652 5896 2851 5971 quuqs
2893 5898 3068 5971 ἐκείνον
3110 5896 3456 5971 τὲνξάρνειον..
3490 5897 3517 5934 ιι
3560 5898 3693 5971 Id‘en‘!
3737 5897 3850 5965 δια-

2174 5958 2441 6023 λεγόμενον,
2473 5958 2633 6021 ὥσπερ
2658 5958 2915 6020 εἰληφότες,
2955 5960 3087 6022 ὅπερ
3110 5959 3378 6021 ἐϐούλοντο,
3402 5959 3529 6008 οὕτω
3565 5959 3646 6006 τὸν
3667 5958 3835 6019 θυμόν.
