3972 6212
262 280 345 334 lt!
1213 265 1280 322 ΙΝ
1315 263 1491 321 ACTA
1536 259 2061 318 APOSTOLORUM.
2103 257 2334 319 HOMIL.
2375 256 2566 319 XVIII.

256 392 419 446 futura
450 403 853 457 consequemur
879 385 1049 452 bona=
1091 383 1260 455 gratia
1284 393 1339 438 et
1371 381 1702 451 benignitate
1728 381 1833 434 Do-

260 484 373 537 mini
412 478 588 536 nostri
634 480 763 534 Jesu
789 477 987 533 Christi
1014 516 1029 538 .
1070 475 1282 545 quicum
1320 474 1461 527 Patri
1507 483 1561 528 et
1609 474 1825 544 Spiritui

266 612 3392 637 ___________________________________—__________

3419 258 3521 315 ΜΞ

1946 392 2133 437 sancto
2158 382 2346 451 gloria,
2390 381 2689 451 imperium,
2722 381 2891 436 honor
2916 422 2930 449 ,
2960 395 3099 436 nunc
3122 389 3177 437 et
3203 396 3415 453 semper
3432 430 3447 455 ,
3472 395 3527 443 et

1946 473 1997 528 in
2023 474 2214 528 saecula
2245 472 2579 527 smeulorum.
2621 474 2811 526 Amen.

3406 610 3520 625 -ᾑ

1606 686 1940 747 ΗΟΜΙΙᾸΑ
1994 686 2221 748 XVIII.

265 838 383 894 Car.
418 838 468 894 7.
511 852 568 891 v.
614 836 707 892 54.
750 835 1020 888 Audientes
1058 842 1224 886 autem
1269 834 1376 886 Ιιωσ
1400 872 1415 895 ,
1456 830 1837 885 dissecabantur

329 932 566 986 cordibus
593 930 724 990 suis,
756 938 805 983 et
834 928 1109 982 stridebant
1137 925 1369 978 dentibus
1398 926 1449 977 in
1480 940 1610 976 eum.

326 1029 373 1080 1.
418 1025 615 1078 Mirum
663 1037 795 1076 sane
821 1062 834 1083 ,
882 1019 1149 1090 quomodo
1188 1018 1525 1073 occasionem
1566 1015 1841 1071 occidendi

258 1133 314 1171 es
342 1117 502 1170 dictis
547 1129 657 1168 non
706 1123 1063 1183 acceperunt,
1107 1110 1200 1165 sed
1230 1109 1403 1164 adhuc
1446 1108 1757 1170 insaniunt,
1789 1116 1842 1162 et

258 1226 457 1265 cartsam
499 1216 778 1277 quaerunt.
825 1208 898 1260 lta
930 1220 1142 1273 semper
1182 1203 1233 1256 in
1277 1203 1428 1255 malis
1457 1212 1581 1254 sunt
1624 1202 1712 1269 qui
1756 1201 1840 1254 in-

251 1303 386 1371 juste
431 1308 630 1368 agunt.
665 1297 849 1365 Itaque
895 1303 954 1348 ut
1006 1294 1272 1363 principes
1315 1293 1653 1345 sacerdotum
1698 1290 1840 1343 anxii

251 1394 494 1447 dicebant
518 1410 534 1444 :
566 1390 710 1457 Quid
742 1390 986 1459 faciemus
1022 1386 1301 1439 hominibus
1327 1385 1437 1438 istis
1464 1382 1602 1452 (Act.
1627 1382 1680 1436 4.
1706 1384 1794 1449 16)
1818 1382 1841 1436 2’

253 1488 320 1540 Ita
350 1496 403 1540 ct
431 1485 487 1539 hi
517 1484 886 1537 diSSccantur.
918 1481 1074 1549 Atqui
1107 1480 1196 1533 ille
1217 1486 1332 1531 erat
1358 1518 1373 1542 ,
1404 1476 1493 1544 qui
1522 1488 1842 1528 succensere

251 1578 472 1630 debebat
493 1615 509 1637 ,
568 1575 663 1642 qui
695 1572 828 1626 nihil
875 1572 1083 1625 heserat
1104 1612 1119 1634 ,
1149 1581 1201 1624 et
1226 1584 1289 1622 ac
1318 1569 1361 1622 si
1402 1567 1627 1621 ltesisset
1656 1580 1843 1634 passus

254 1680 305 1720 et
328 1665 611 1719 (alumttiis
653 1663 932 1729 impetitus
970 1661 1088 1714 fuit.
1117 1659 1223 1714 Sed
1269 1660 1392 1713 hinc
1432 1658 1843 1712 calumniatores

262 1759 421 1823 magis
444 1758 815 1810 evincuntur:
847 1756 925 1808 sic
952 1768 1131 1808 verum
1172 1763 1256 1807 est
1292 1751 1430 1821 quod
1460 1766 1671 1819 semper
1694 1750 1842 1805 dice-

264 1851 411 1903 bam:
444 1850 580 1902 Itale
612 1848 796 1901 facere
820 1887 836 1911 ,
870 1855 952 1900 est
980 1846 1118 1899 male
1147 1845 1273 1913 pati.
1304 1844 1460 1897 Certe
1485 1842 1573 1897 ille
1600 1842 1726 1896 nihil
1751 1856 1840 1894 ca-

258 1942 535 1993 lumniatus
569 1950 659 1993 est
678 1982 694 2001 ,
727 1938 821 1993 sed
862 1954 987 1991 vera
1013 1937 1320 1991 declaravit.
1349 1936 1438 1990 Sic
1462 1978 1478 2002 ,
1504 1951 1624 1989 cum
1652 1945 1844 1989 contn-

250 2034 396 2086 melia
416 2032 731 2095 afﬁcimur,
757 2030 884 2083 dum
913 2031 1042 2083 nihil
1070 2030 1221 2084 nobis
1246 2030 1444 2083 conscii
1471 2044 1676 2093 sumus,
1709 2027 1840 2082 nihil

246 2139 360 2177 vere
388 2125 659 2191 patimur.
693 2121 958 2175 \‘olcbant
984 2136 1108 2190 ergo
1134 2120 1280 2173 illum
1304 2119 1548 2174 occidere
1572 2135 1586 2183 ;
1611 2118 1705 2172 sed
1737 2133 1841 2171 non

247 2219 417 2269 statim
460 2216 514 2269 id
565 2215 771 2268 faciunt
795 2256 809 2278 ,
839 2230 1052 2268 causam
1081 2214 1256 2284 specie
1282 2213 1477 2280 justam
1507 2213 1722 2266 facinori
1752 2227 1843 2263 vo-

246 2310 413 2363 lmtes
442 2308 778 2363 obtendere.
804 2307 940 2375 Quid
972 2307 1128 2376 igitur
1151 2308 1173 2360 ?
1195 2321 1373 2360 annon
1403 2305 1723 2360 contumelia
1754 2305 1840 2358 illa

245 2401 583 2454 rationabilis
613 2415 778 2454 causa
816 2408 929 2453 erat
958 2399 981 2451 ?
1011 2399 1124 2453 Non
1157 2409 1272 2452 erat
1302 2398 1443 2452 illius
1473 2398 1793 2452 contumelia
1820 2438 1838 2462 ,

247 2492 335 2545 sed
371 2492 666 2559 propheta:
697 2491 1004 2543 accusatio:
1040 2490 1119 2543 vel
1164 2499 1352 2559 Sponte
1382 2489 1703 2544 dill'erebant
1726 2531 1741 2553 ,
1774 2505 1841 2544 ne

252 2584 561 2636 riderentur
591 2582 743 2634 illum
770 2582 838 2635 ob
860 2581 1220 2634 accusationes
1248 2580 1343 2633 sibi
1375 2580 1548 2633 illatas
1568 2579 1831 2643 occidere,

254 2675 380 2728 sicut
407 2674 577 2727 etiam
614 2674 668 2725 iu
696 2672 949 2736 Christo,
982 2671 1072 2725 sed
1109 2682 1325 2740 propter
1350 2671 1700 2740 impietatem.
1727 2669 1840 2724 lloc

256 2780 424 2820 autem
469 2766 620 2837 quod
666 2766 1015 2834 loquebatur,
1048 2764 1254 2833 pictatis
1285 2759 1399 2815 erat
1441 2762 1680 2816 verbum.
1716 2761 1839 2816 ideo

259 2874 532 2927 postquam
566 2858 900 2920 occiderant,
935 2858 1126 2909 laruam
1160 2855 1275 2923 ejus
1311 2853 1504 2908 hedere
1542 2862 1797 2908 conantes
1820 2893 1835 2919 ,

263 2949 653 3001 Dissi‘cubxmtur
682 2963 701 3000 :
731 2947 986 3001 timebant
1025 2946 1162 2999 enim
1209 2962 1275 2999 tte
1326 2960 1519 2997 novum
1567 2942 1836 3013 quidpiam

261 3045 390 3096 circa
420 3042 571 3094 illum
601 3038 892 3093 accideret.
923 3037 1139 3099 Deinde,
1173 3036 1313 3105 quod
1339 3036 1553 3089 Christo
1580 3035 1834 3097 fecerant,

263 3133 527 3200 Stephano
561 3133 803 3191 faciunt;
837 3140 889 3183 et
919 3130 1057 3182 sicut
1096 3129 1204 3182 illic
1226 3170 1241 3191 ,
1272 3129 1390 3197 quia
1423 3128 1647 3190 dixerat,
1682 3126 1837 3180 Vide-

263 3224 369 3275 bitis
430 3222 625 3275 Filium
678 3223 895 3274 hominis
930 3239 961 3273 a
988 3221 1174 3274 deatris
1212 3221 1407 3273 virtutis
1445 3220 1733 3283 sedentem,
1784 3217 1837 3272 id

266 3312 645 3381 blasphemiam
681 3326 803 3365 esse
843 3310 1129 3373 dicebant,
1174 3320 1227 3362 et
1255 3318 1415 3362 testes
1444 3310 1623 3362 turbas
1650 3322 1839 3363 evoca-

266 3405 389 3457 bant
421 3423 433 3457 :
466 3406 542 3457 sic
566 3411 623 3457 et
656 3418 797 3456 nunc
820 3402 1035 3456 facittnt.
1070 3402 1177 3455 Illic
1203 3402 1519 3456 vestimenta
1545 3400 1837 3467 sciderunt,

266 3492 351 3548 hic
382 3510 536 3547 aures
576 3494 981 3547 continuerunt.
1029 3493 1119 3547 55.
1162 3492 1287 3546 Cant
1316 3502 1481 3545 autem
1510 3493 1686 3562 plenus
1715 3502 1838 3546 esset

267 3586 464 3651 Spiritu
487 3596 677 3650 sancto,
714 3584 978 3638 intendens
1006 3584 1055 3636 in
1085 3585 1262 3637 ewlum
1282 3625 1297 3647 ,
1327 3585 1451 3636 vidit
1474 3585 1689 3653 gloriam
1710 3582 1836 3651 Dei,

267 3690 310 3729 et
335 3677 511 3732 Iesum
535 3691 753 3733 stantem
790 3694 821 3729 a
847 3678 1037 3730 dextris
1068 3677 1180 3742 Dei,
1207 3687 1253 3730 et
1277 3679 1347 3729 ait
1377 3694 1395 3730 :
1421 3677 1552 3732 Ecce
1579 3680 1720 3732 video
1741 3694 1839 3733 ca:-

268 3770 341 3821 los
370 3781 569 3836 apertos
593 3810 609 3830 ,
647 3778 693 3820 et
736 3768 923 3820 Filium
951 3769 1164 3821 hominis
1202 3779 1413 3822 stantem
1452 3786 1482 3821 α
1511 3771 1699 3823 dextris
1723 3770 1834 3824 Dei.

268 3858 349 3911 56.
384 3860 741 3912 Exclamant“
764 3869 928 3911 autem
951 3874 1063 3911 voce
1084 3875 1284 3929 magna,
1314 3860 1665 3914 continuerunt
1693 3876 1839 3913 aures

269 3964 419 4010 suus,
461 3959 507 4000 et
541 3950 786 4017 irnpctum
823 3952 1046 4016 fecerunt
1075 3949 1379 4001 unanimiter
1418 3950 1626 4002 ineunt.
1661 3948 1728 4003 Et
1748 3952 1841 4020 eji-

268 4042 443 4091 cicuta
469 4056 583 4093 eum
613 4051 759 4092 extra
788 4040 1055 4103 civitatem,
1086 4040 1399 4110 lapidabant.
1430 4042 1588 4111 Atqui
1610 4041 1652 4096 si
1686 4058 1839 4097 men-

268 4130 390 4183 titus
411 4141 570 4195 erat,
614 4144 673 4183 ut
715 4129 1067 4184 insanientem
1105 4146 1227 4185 eum
1271 4131 1539 4187 dimisisse
1582 4134 1838 4203 oportuit.

268 4219 358 4274 Ille
386 4236 521 4275 vero
566 4220 648 4275 sic
675 4221 924 4285 dixerat,
957 4222 1141 4276 volens
1166 4237 1260 4277 eos
1297 4222 1580 4278 abducere.
1631 4223 1694 4277 Et
1718 4226 1839 4294 quia

264 4312 330 4365 de
360 4322 533 4366 morte
561 4312 760 4367 Christi
794 4320 993 4366 tantum
1033 4314 1283 4384 loquutus
1307 4354 1322 4378 ,
1346 4313 1414 4368 de
1444 4318 1841 4373 resurrectione

266 4406 391 4458 nihil
421 4405 671 4467 dixerat,
702 4404 802 4458 hoc
824 4405 1014 4475 dogma
1041 4416 1337 4475 opportune
1379 4406 1594 4462 demum
1636 4407 1835 4478 adjicit.

266 4497 337 4551 lta
381 4508 564 4551 autem
596 4497 697 4551 sibi
728 4498 1037 4566 apparuisse
1062 4498 1225 4563 dicit,
1260 4508 1316 4553 ut
1344 4509 1557 4555 enarrat
1583 4546 1599 4566 ,
1632 4517 1736 4572 quo
1762 4504 1841 4559 sic

264 4594 451 4644 saltem
503 4589 624 4659 ejus
670 4604 971 4645 sermonem
1018 4591 1321 4660 acciperent
1349 4632 1364 4657 ,
1406 4594 1493 4663 qui
1522 4634 1537 4657 ,
1586 4594 1839 4663 quoniam

264 4682 474 4737 dixerat
505 4683 654 4736 illum
685 4682 873 4737 sedere
898 4724 913 4748 ,
943 4682 1199 4738 molestus
1228 4683 1333 4738 illis
1351 4694 1465 4739 erat
1488 4726 1502 4749 ,
1537 4686 1744 4740 interim
1772 4686 1841 4743 de

264 4774 661 4829 re~urrectione
685 4788 988 4829 sermonem
1018 4785 1196 4830 movet
1219 4817 1233 4842 ,
1263 4784 1317 4831 et
1352 4777 1498 4831 illum
1521 4788 1663 4834 stare
1688 4779 1838 4836 dicit.

266 4866 399 4922 llinc
424 4867 710 4936 conjecto,
742 4866 929 4921 faciem
968 4866 1110 4920 illius
1144 4867 1489 4938 gloriﬁcatam
1521 4886 1659 4927 esse.
1705 4871 1838 4927 Nam

268 4958 403 5012 Deus
422 5002 439 5023 ,
464 4958 727 5028 benignus
750 4973 870 5012 cum
907 4959 975 5011 sit
1001 5000 1013 5016 .
1045 4974 1138 5027 per
1158 4974 1276 5027 quze
1315 4960 1390 5014 illi
1437 4961 1655 5017 insidias
1680 4978 1838 5032 para-

266 5050 427 5114 bant,
482 5067 578 5120 per
623 5049 811 5105 eadem
858 5051 1066 5105 volebat
1111 5051 1231 5105 illos
1272 5067 1536 5120 evocare;
1569 5055 1667 5110 etsi
1711 5056 1839 5112 nihil

265 5144 492 5213 amplius
522 5141 721 5197 factum
749 5142 838 5196 sit.
868 5141 957 5195 57.
990 5139 1058 5193 Et
1099 5143 1348 5211 ejicientes
1388 5160 1500 5198 eum
1540 5156 1681 5200 extra
1719 5149 1835 5202 civi-

266 5248 438 5299 tatem,
468 5236 783 5305 lapidabant.
813 5233 1015 5288 Rursus
1035 5245 1185 5289 extra
1210 5234 1477 5290 civitatem
1505 5253 1671 5304 mors,
1703 5242 1840 5296 sicut

267 5326 315 5380 in
342 5327 596 5381 Christo:
626 5335 681 5381 et
728 5326 779 5379 in
819 5325 932 5394 ipsa
964 5336 1135 5380 morte
1162 5328 1427 5381 confessio
1451 5337 1506 5383 et
1536 5331 1841 5398 praedicatio

266 5430 595 5478 enuntiatur.
626 5422 693 5476 Et
720 5431 864 5476 testes
886 5421 1224 5489 deposuerunt
1260 5423 1548 5476 vestimenta
1578 5440 1669 5477 sua
1699 5442 1841 5481 secus

267 5518 415 5583 νέα
441 5514 799 5579 adolescentis,
831 5513 918 5582 qui
952 5513 1220 5567 vocabatur
1249 5512 1458 5568 Saulus.
1488 5514 1578 5571 58.
1609 5514 1673 5569 Et
1705 5516 1841 5586 (api-

266 5614 451 5664 dabam
481 5609 805 5679 Stephanum
828 5651 844 5675 ,
882 5612 1195 5663 invocantem
1234 5607 1399 5664 Deum
1428 5651 1442 5674 ,
1482 5620 1529 5665 et
1552 5611 1793 5666 dicentem
1819 5627 1839 5666 :

265 5704 482 5759 Das-ine
508 5702 638 5758 Iesu
667 5703 881 5773 Christe,
912 5706 1086 5773 accipe
1114 5704 1345 5773 spiritum
1370 5720 1554 5759 meum.
1591 5704 1724 5762 Hinc
1752 5723 1840 5762 os-

1948 829 2118 885 tendit
2146 838 2200 883 et
2226 830 2383 884 docet
2428 829 2586 894 illos,
2632 844 2689 883 se
2734 844 2839 883 non
2872 830 3064 898 perire.
3095 830 3182 885 59.
3238 829 3301 883 Et
3349 828 3525 898 positis

1953 922 2160 991 genibus
2190 923 2421 975 clamavit
2452 940 2565 977 voce
2594 940 2775 992 magna
2801 938 2823 976 :
2852 921 3085 988 Domine,
3119 939 3180 976 ne
3206 932 3397 976 statuas
3423 922 3524 975 illis

1950 1016 2043 1066 hoc
2069 1024 2344 1082 peccatum.
2388 1013 2548 1081 Quasi
2579 1028 2696 1067 sese
2726 1029 2958 1083 purgans
2981 1055 2994 1074 ,
3030 1012 3170 1081 quod
3212 1013 3389 1081 priora
3419 1027 3521 1064 non

1949 1119 2010 1157 ex
2045 1106 2118 1157 ira
2160 1104 2372 1170 dixerit,
2402 1105 2496 1167 ait,
2539 1103 2797 1168 Domine;
2827 1105 2907 1159 vel
2947 1104 3089 1174 quod
3114 1103 3272 1158 vellet
3316 1117 3409 1158 eos
3448 1103 3526 1156 sic

1946 1198 2232 1251 attrahere.
2266 1198 2394 1252 Nam
2434 1199 2574 1268 quod
2612 1198 2904 1253 dimitteret
2946 1198 3075 1267 ipsis
3118 1198 3249 1253 iram
3281 1206 3333 1251 et
3376 1196 3525 1251 furo-

1948 1304 2091 1354 rem,
2122 1305 2225 1357 quo
2254 1290 2451 1344 caedem
2486 1290 2759 1360 patrabant
2781 1332 2795 1355 ,
2839 1300 2893 1345 ct
2923 1291 3155 1345 animum
3196 1306 3226 1343 a
3266 1290 3517 1359 passione

1949 1396 2136 1450 purum
2176 1383 2519 1448 ostenderet,
2564 1383 2614 1436 id
2661 1392 2806 1437 certe
2835 1384 3217 1453 acceptabilem
3266 1382 3527 1437 reddebat

1946 1487 2269 1529 sermonem.
2313 1475 2507 1528 Saulus
2543 1484 2709 1527 autem
2748 1486 2853 1528 erat
2890 1476 3201 1527 consentiens
3246 1474 3353 1526 neci
3391 1475 3517 1543 ejus.

1953 1562 2104 1633 (Cap.
2138 1566 2219 1628 8.)
2254 1566 2300 1617 l.
2334 1564 2493 1617 Facta
2542 1576 2614 1619 est
2658 1574 2823 1618 autem
2862 1566 2913 1618 in
2955 1566 3043 1619 illa
3080 1565 3162 1617 die
3209 1563 3523 1634 persequutio

1948 1671 2130 1724 magna
2173 1656 2221 1707 in
2269 1654 2530 1719 Ecclesia,
2573 1672 2685 1726 qua
2712 1667 2816 1710 erat
2844 1655 3195 1726 Jerosolymis.
3242 1655 3357 1709 Non
3406 1655 3523 1708 sino

1947 1760 2105 1800 causa
2138 1747 2261 1799 mihi
2288 1747 2399 1801 lucc
2419 1748 2778 1815 persequutio.
2804 1746 2896 1802 sed
2921 1746 3097 1801 divina
3123 1746 3521 1815 dispensatione

1946 1840 2232 1909 contigisse
2262 1840 2488 1894 videtur.
2540 1838 2601 1892 Et
2628 1856 2798 1894 omnes
2837 1840 3050 1908 dispersi
3091 1848 3207 1893 sunt
3236 1855 3324 1909 per
3358 1838 3524 1909 regio-

1947 1947 2032 1984 nes
2055 1931 2251 1985 .luda'w
2287 1942 2333 1985 et
2376 1932 2630 1986 Samaria:
2657 1944 2841 1999 praeter
2866 1932 3139 2003 apostolos.
3168 1930 3354 1985 Viden’
3383 1946 3521 1999 quo-

1946 2023 2105 2077 modo
2132 2039 2341 2076 rursum
2389 2025 2853 2093 persequutionem
2897 2039 3017 2078 esse
3049 2024 3186 2076 Deus
3216 2023 3470 2077 coitcedat
3498 2023 3524 2076 Ἰ

1947 2115 2050 2170 Sed
2079 2115 2198 2169 vide
2224 2116 2372 2182 mihi,
2399 2117 2666 2185 quomodo
2696 2131 2783 2169 res
2812 2116 3209 2183 dispensentur.
3239 2115 3340 2168 Per
3370 2114 3517 2184 signa

1948 2207 2218 2262 mirabiles
2248 2207 2368 2262 facti
2400 2218 2547 2271 sunt,
2582 2207 2828 2278 ﬂagellati
2867 2207 2995 2262 nihil
3028 2216 3152 2261 sunt
3179 2206 3319 2276 passi
3348 2247 3363 2270 ,
3391 2222 3519 2258 con-

1945 2300 2113 2353 stituti
2152 2310 2275 2353 sunt
2302 2315 2395 2369 per
2425 2301 2669 2371 regiones
2692 2342 2707 2364 ,
2740 2315 2917 2354 sermo
2941 2298 3234 2369 augebatur
3259 2316 3271 2351 :
3301 2298 3523 2353 demum

1945 2391 2202 2458 permittit
2228 2390 2662 2459 impedimentum
2689 2406 2808 2446 esse
2836 2406 3103 2460 magnum.
3139 2391 3204 2444 Et
3245 2391 3301 2443 lit
3331 2405 3517 2459 perse-

1946 2481 2129 2549 quutio
2160 2495 2262 2533 non
2294 2480 2524 2544 modica,
2559 2481 2627 2535 ita
2658 2491 2714 2536 ut
2756 2481 2830 2535 illi
2860 2480 3017 2535 simul
3060 2480 3305 2549 fugerent
3332 2482 3517 2549 (time-

1945 2570 2070 2624 bant
2092 2572 2230 2626 enim
2262 2572 2380 2627 illos
2408 2572 2721 2628 audaciores
2752 2573 2965 2642 factos),
2994 2581 3048 2628 ct
3075 2574 3320 2627 untnibus
3345 2574 3523 2642 palam

1943 2672 2117 2727 esset,
2154 2664 2394 2718 homines
2419 2680 2538 2719 esse
2571 2680 2697 2729 eos,
2730 2664 2817 2735 qui
2859 2665 3105 2718 timerent
3146 2676 3199 2719 et
3253 2665 3515 2733 fugerent.

1942 2754 2019 2809 Ne
2048 2757 2253 2810 diceres
2282 2758 2424 2811 enim
2447 2800 2460 2821 ,
2494 2757 2612 2812 illos
2649 2774 2743 2826 per
2769 2759 2988 2828 gratiam
3020 2767 3221 2812 tantum
3260 2757 3519 2828 praeclare

1943 2862 2100 2917 agere
2125 2889 2139 2914 ,
2180 2851 2646 2917 perscqnutioncnt
2695 2859 2841 2903 certe
2880 2850 3262 2919 patiebantur;
3312 2850 3518 2919 ipsique

1945 2939 2237 2994 timidiores
2278 2940 2400 2994 facti
2446 2950 2606 3006 sunt,
2651 2941 2724 2995 illi
2758 2942 3088 2995 audaciores.
3122 2941 3189 2993 Et
3237 2958 3407 2995 omnes
3435 2943 3517 2994 di-

1941 3031 2100 3100 spersi
2122 3042 2258 3095 sunt,
2292 3032 2479 3099 inquit,
2502 3043 2684 3102 prwter
2715 3031 2990 3101 apostolos.
3016 3030 3129 3084 Non
3161 3046 3288 3100 ergo
3320 3031 3523 3085 frustra

1942 3122 2183 3177 dicebam
2210 3164 2225 3188 ,
2257 3125 2723 3194 persequutioucm
2756 3139 2821 3177 ex
2861 3122 3256 3192 dispensatione
3304 3122 3469 3178 fuisse
3499 3139 3512 3176 :

1942 3216 2042 3269 nisi
2066 3216 2208 3270 enim
2235 3215 2373 3270 facta
2402 3216 2584 3271 fuisset
2603 3257 2617 3283 ,
2644 3215 2889 3285 discipuli
2922 3231 3024 3269 non
3054 3216 3276 3271 fuissent
3305 3216 3516 3285 disper-

1941 3308 2006 3362 si.
2038 3308 2092 3362 2.
2123 3307 2430 3363 Curaverunt
2474 3318 2640 3362 autem
2684 3308 3000 3379 Stephanum
3041 3309 3134 3362 viri
3180 3308 3439 3380 religiosi,
3471 3318 3521 3363 et

1943 3403 2168 3469 fecerunt
2210 3399 2468 3466 planctum
2508 3415 2744 3469 magnum
2788 3415 2937 3467 super
2965 3415 3098 3452 eum.
3146 3397 3240 3453 Vel
3282 3399 3517 3454 nondum

1943 3500 2097 3545 erant
2136 3488 2396 3559 perfecti;
2435 3491 2516 3544 vel
2542 3490 2659 3559 quia
2702 3489 2789 3545 ille
2819 3490 3082 3560 gratiosus
3110 3499 3301 3545 eratet
3348 3506 3512 3546 vene-

1943 3583 2147 3646 rabilis,
2173 3584 2291 3638 idco
2336 3584 2587 3654 plangunt
2639 3584 2809 3637 illum.
2843 3583 3012 3638 Simul
3052 3594 3230 3639 autem
3284 3574 3369 3639 hic
3410 3601 3516 3639 non

1944 3674 2103 3727 timor
2126 3683 2351 3737 tantum,
2382 3674 2476 3729 sed
2499 3675 2656 3729 etiam
2680 3674 2834 3729 dolor
2857 3684 2911 3729 et
2940 3674 3199 3746 planctus,
3228 3675 3520 3731 ostendunt

1945 3768 2061 3823 illos
2089 3782 2209 3842 esse
2241 3767 2503 3821 homines.

2012 3859 2065 3913 2.
2093 3858 2221 3925 Quis
2242 3857 2381 3912 enim
2405 3873 2510 3912 non
2533 3859 2790 3928 plorasset
2810 3859 2995 3915 videns
3016 3861 3160 3916 illum
3183 3872 3517 3917 mansuetum

1943 3967 2136 4022 agnum
2164 3949 2470 4019 lapidatum,
2495 3951 2675 4019 jacere
2698 3953 3003 4006 mortuum?
3030 3953 3278 4007 Idoneum
3306 3954 3380 4008 illi
3406 3956 3521 4022 epi-

1945 4043 2180 4113 taphium
2220 4042 2465 4111 apposuit
2492 4042 2815 4113 evangelista
2840 4084 2854 4107 ,
2884 4058 3004 4099 cum
3034 4044 3163 4098 dixit
3193 4064 3207 4099 :
3238 4045 3303 4098 Et
3344 4047 3525 4115 positis

1943 4134 2181 4208 genibus,
2212 4134 2445 4187 clamavit
2487 4150 2603 4187 voce
2643 4150 2845 4204 magna.
2892 4134 2960 4187 Et
3000 4139 3225 4205 fecerunt
3258 4137 3520 4205 planctum

1944 4242 2181 4297 magnum
2204 4242 2354 4295 super
2378 4241 2508 4279 eum.
2536 4224 2639 4280 Sed
2666 4241 2784 4295 quae
2809 4225 3053 4295 superius
3080 4225 3216 4280 dicta
3242 4236 3385 4291 sunt,
3408 4230 3513 4293 iam

1944 4314 2265 4389 repetamus.
2300 4316 2423 4373 Cum
2452 4328 2576 4371 esset
2605 4318 2780 4386 plenus
2810 4317 3006 4385 Spiritu
3032 4327 3224 4385 sancto,
3257 4319 3523 4374 intendens

1943 4411 1997 4464 in
2031 4410 2209 4463 caelum
2227 4451 2242 4476 ,
2269 4409 2391 4463 vidit
2415 4410 2626 4481 gloriam
2670 4408 2780 4475 Dei,
2810 4418 2857 4462 et
2891 4408 3066 4463 .lesum
3097 4420 3307 4463 stantem
3335 4428 3365 4463 a
3394 4411 3519 4465 dex—

1946 4502 2037 4557 tris
2085 4502 2201 4568 Dei,
2234 4512 2281 4555 et
2322 4502 2394 4555 ait
2421 4518 2439 4555 :
2464 4501 2595 4555 Ecce
2634 4502 2773 4555 video
2815 4504 2963 4555 caelos
3000 4514 3219 4571 apertos.
3247 4501 3314 4556 Et
3354 4505 3516 4558 conti-

1945 4603 2161 4646 nuerunt
2198 4610 2344 4646 aures
2370 4609 2486 4646 suas
2507 4635 2521 4657 ,
2552 4603 2599 4646 et
2624 4605 2862 4662 unpetum
2892 4596 3113 4664 fecerunt
3142 4596 3444 4650 unanimiter
3470 4598 3520 4650 in

1947 4702 2081 4740 eum.
2113 4685 2268 4755 Atqui
2312 4684 2577 4755 (promodo
2618 4685 2730 4740 lucc
2770 4687 3106 4740 accusatione
3138 4686 3292 4757 digna
3332 4691 3522 4743 erant?

1947 4779 2193 4833 Attamen
2240 4792 2400 4841 eum,
2430 4777 2518 4847 qui
2570 4778 2691 4830 talia
2735 4778 2882 4847 signa
2924 4788 3189 4846 patrarat,
3218 4780 3306 4847 qui
3336 4796 3520 4837 omnes

1946 4871 2112 4927 verbo
2156 4871 2390 4933 vicerat,
2446 4871 2535 4942 qui
2580 4871 2699 4924 talia
2750 4871 2997 4941 loquutus
3053 4882 3205 4938 erat,
3253 4874 3523 4943 rapientes

1948 4979 2045 5034 pro
2088 4962 2254 5017 lubito
2293 4962 2525 5018 furorem
2561 4979 2712 5017 suum
2744 4962 3115 5031 impleverunt.
3155 4962 3320 5019 Testes
3353 4974 3521 5019 autem

1947 5056 2281 5125 deposuerunt
2308 5056 2593 5109 vestimenta
2617 5070 2757 5108 secus
2782 5056 2930 5124 pedes
2956 5056 3301 5123 adolescentis,
3327 5059 3413 5127 qui
3436 5074 3522 5113 vo-

1947 5149 2155 5202 cabatur
2198 5147 2412 5203 Saulus.
2462 5146 2629 5210 Vide,
2670 5162 2826 5217 quam
2861 5158 3105 5204 accurate
3142 5166 3260 5220 qua:
3301 5150 3521 5209 Paulum

1948 5249 2188 5311 Spectanti
2214 5248 2525 5304 recenseat,
2556 5248 2611 5292 ut
2640 5240 2884 5295 ostendat
2914 5241 3005 5295 tibi
3037 5258 3171 5312 opus
3200 5241 3293 5300 Dei
3322 5246 3371 5300 in
3405 5247 3520 5317 ipso

1949 5342 2132 5402 postea
2175 5341 2468 5401 peractum.
2518 5329 2733 5387 Interim
2772 5349 2898 5387 vero
2942 5334 3029 5389 ille
3070 5353 3173 5389 non
3212 5338 3370 5393 modo
3412 5356 3518 5395 non

1949 5423 2153 5488 credit,
2184 5422 2275 5477 sed
2303 5423 2460 5476 etiam
2489 5423 2634 5479 mille
2661 5423 3043 5481 homicidarum
3072 5430 3317 5485 manibus
3343 5435 3516 5499 ipsum

1947 5516 2153 5587 impetit
2180 5534 2192 5569 :
2221 5516 2341 5572 ideo
2370 5517 2495 5572 illud
2528 5518 2765 5575 indicans
2791 5522 2918 5576 dicit
2945 5539 2957 5576 :
2987 5523 3180 5578 Saulus
3208 5537 3371 5579 autem
3408 5533 3521 5579 erat

1945 5612 2255 5667 consentiens
2292 5612 2399 5665 neci
2421 5613 2547 5681 ejus.
2573 5613 2687 5669 Non
2722 5615 3033 5684 simpliciter
3052 5628 3263 5673 sanctus
3283 5617 3369 5671 hic
3388 5632 3516 5686 pre-

1945 5714 2097 5763 catur
2121 5748 2135 5773 ,
2162 5704 2255 5761 scd
2285 5722 2405 5760 eum
2449 5708 2754 5765 attentione.
2804 5706 2987 5762 Positis
3009 5749 3025 5773 ,
3056 5708 3223 5777 inquit
3241 5744 3255 5770 ,
3276 5708 3511 5776 genibus.
