3972 6212
677 251 799 331 ita~

673 389 826 446 Unde
853 405 997 445 mors
1027 388 1166 443 illius
1193 386 1366 444 divina
1396 390 1529 445 facta
1556 400 1676 446 est:
1707 407 1826 446 nam
1856 391 2112 448 hactenus
2140 392 2254 446 ani-

672 485 860 540 mabus
901 483 1330 547 coocedchuur,
1373 495 1432 539 ιιι
1478 487 1529 539 in
1571 485 1777 540 inferno
1818 495 2018 542 essent.
2067 487 2253 540 Omnes

667 589 835 629 autem
876 577 1090 645 dispersi
1128 587 1244 631 sunt
1285 595 1373 644 per
1410 579 1636 649 regiones
1669 578 1867 632 ἐκάη
1898 588 1942 633 et
1979 578 2248 632 Samariat.

667 668 885 737 Absque
912 676 1052 722 metu
1079 684 1198 722 cum
1225 668 1462 722 Samaria
1490 683 1548 723 se
1572 669 1939 731 commiscent,
1962 669 2054 738 qui
2076 668 2253 722 audie-

666 765 788 828 rant
827 776 840 810 :
882 757 949 813 In
989 763 1119 814 uiam
1151 761 1374 832 gentium
1413 776 1475 814 ne
1512 760 1736 814 abieritis
1773 759 1997 832 (Matth.
2031 759 2118 815 10.
2149 760 2248 829 5).

673 850 864 906 Prwter
901 855 1156 922 apostolos
1181 895 1196 916 ,
1226 853 1427 923 inquit;
1461 852 1748 908 ostendens
1779 852 1898 908 illos
1919 891 1936 916 ,
1966 861 2026 906 ut
2051 853 2128 907 sic
2155 851 2248 906 Jo-

666 946 809 998 ilmos
829 945 1172 1007 adducerent.
1189 945 1455 1001 civitatem
1479 960 1581 1000 non
1605 945 1916 1015 reliquisse;
1937 945 2050 1000 sive
2063 945 2242 1005 etiam,

666 1043 723 1089 ιιι
748 1035 867 1090 aliis
895 1035 1098 1090 ﬁducia:
1123 1048 1370 1092 auctores
1389 1044 1586 1092 essent.
1612 1037 1663 1092 5.
1689 1035 1882 1090 Saulus
1905 1045 2072 1089 autem
2097 1035 2248 1089 deoa-

661 1127 824 1180 stabat
853 1126 1129 1184 Ecclesium
1147 1171 1161 1192 ,
1189 1146 1278 1199 per
1303 1130 1479 1184 domos
1503 1129 1715 1189 intrans,
1741 1138 1791 1183 et
1816 1130 2019 1183 trahens
2043 1130 2174 1183 viros
2200 1138 2248 1181 et

663 1221 915 1286 mulieres,
939 1223 1164 1276 tradebat
1188 1223 1240 1278 in
1267 1224 1565 1278 custodiam.
1592 1223 1810 1293 Magnus
1836 1223 2001 1289 furor,
2027 1231 2081 1278 et
2102 1222 2244 1294 quod

663 1313 811 1368 solus
837 1323 978 1368 esset
998 1354 1014 1381 ,
1046 1323 1100 1369 et
1127 1315 1269 1384 quod
1297 1317 1348 1369 in
1378 1315 1568 1370 domos
1607 1317 1828 1370 intraret
1855 1333 1868 1368 :
1898 1315 1967 1369 ita
2011 1315 2241 1368 animam

659 1419 812 1460 suam
846 1423 940 1474 pro
973 1407 1088 1477 lege
1116 1406 1296 1462 dabat.
1331 1407 1577 1470 Trahens,
1609 1408 1811 1478 inquit,
1838 1408 1970 1460 viros
1993 1416 2039 1460 ct
2066 1407 2244 1459 mulie-

661 1513 759 1552 res.
786 1499 917 1554 Vide
941 1500 1228 1564 licentiam,
1247 1501 1619 1554 cmuumeliam
1641 1511 1697 1554 et
1717 1500 1995 1555 insaniam.
2018 1498 2238 1564 Omnes,

660 1590 749 1662 qui
779 1589 830 1643 in
859 1605 1048 1646 manus
1077 1605 1202 1645 suas
1229 1591 1556 1657 incidebant,
1587 1591 1731 1645 mille
1759 1591 2024 1645 alliciebat
2051 1592 2202 1644 malis
2222 1631 2236 1655 ,

659 1691 841 1751 utpote
867 1682 936 1736 ab
975 1683 1074 1737 hac
1105 1697 1234 1738 nece
1270 1682 1520 1738 audacior
1552 1683 1738 1738 lactus.
1769 1683 1822 1737 4.
1855 1681 2020 1752 Igitur
2043 1683 2128 1754 qui
2156 1682 2234 1734 di-

657 1773 818 1844 spersi
863 1783 1045 1840 erant,
1093 1774 1410 1841 transibant,
1459 1775 1858 1846 erangelizantes
1913 1775 2133 1828 uerbum.
2180 1774 2234 1829 5.

659 1862 933 1935 Philippus
976 1875 1146 1920 autem
1198 1866 1500 1920 descendens
1543 1866 1598 1920 in
1624 1857 1891 1919 'civitatem
1943 1865 2193 1920 Samaria:
2219 1905 2234 1927 ,

656 1956 962 2026 prtedicabat
997 1959 1100 2012 illis
1127 1958 1402 2014 Christum.
1439 1959 1492 2013 6.
1524 1957 1858 2012 lntendebant
1885 1967 2049 2011 autem
2080 1959 2238 2010 turba:

653 2049 958 2102 unanimiter
986 2051 1066 2114 iis,
1095 2067 1208 2121 qua:
1232 2068 1264 2103 a
1295 2049 1539 2122 Philippo
1567 2053 1877 2118 dicebantur,
1907 2051 2162 2105 audientes
2189 2061 2236 2105 ct

653 2139 872 2195 uidentes
919 2141 1065 2212 signa
1104 2158 1216 2212 qua:
1259 2143 1492 2211 faciebat.
1523 2143 1574 2196 7.
1599 2144 1640 2196 Α
1667 2145 1836 2196 multis
1865 2144 1995 2196 enim
2022 2160 2192 2197 eorum
2216 2186 2230 2207 ,

650 2231 737 2299 qui
762 2231 1007 2287 habebant
1035 2235 1243 2302 spiritus
1270 2235 1577 2302 immundos,
1605 2237 1879 2289 clamantes
1909 2251 2025 2290 voce
2050 2253 2233 2304 magna

651 2323 850 2377 exibant
897 2342 909 2377 :
960 2324 1013 2379 8.
1063 2325 1220 2380 Multi
1261 2329 1412 2380 etiam
1458 2328 1726 2398 paralytici
1766 2338 1813 2381 et
1856 2328 2027 2382 claudi
2070 2330 2232 2381 cura'i

651 2422 787 2466 sunt.
825 2414 879 2469 9.
923 2414 1236 2487 Factumque
1264 2429 1336 2472 est
1364 2419 1606 2487 gaudium
1646 2436 1880 2490 magnum
1911 2421 1961 2472 in
1993 2420 2082 2473 illa
2111 2421 2230 2473 civi-

648 2515 766 2558 tate.
799 2505 891 2560 Vir
917 2518 1083 2562 autem
1105 2511 1312 2579 quidam
1341 2513 1539 2564 nomine
1568 2511 1766 2574 Simon,
1795 2514 1878 2582 qui
1904 2522 2020 2566 ante
2043 2524 2148 2566 erat
2177 2514 2228 2567 in

644 2597 844 2650 civitate
887 2616 1064 2670 magus
1086 2642 1101 2664 ,
1139 2603 1379 2656 seducens
1421 2614 1617 2670 gentem
1655 2604 1908 2658 Samaria:
1930 2647 1945 2671 ,
1979 2606 2147 2659 dicens
2175 2623 2229 2660 se

644 2704 751 2743 esse
787 2691 1004 2762 aliquem
1040 2711 1276 2762 magnunt
1313 2709 1332 2748 :
1373 2695 1458 2749 10.
1490 2695 1573 2748 cui
1609 2697 1957 2749 auscultabunt
1996 2715 2166 2751 omnes
2195 2716 2226 2751 a

643 2781 851 2836 minimo
875 2799 1029 2852 usque
1049 2784 1116 2837 ad
1139 2791 1437 2848 maximum,
1462 2787 1701 2853 dicentes,
1727 2787 1827 2840 llic
1853 2798 1923 2842 est
1949 2789 2104 2843 uirtus
2131 2789 2226 2844 Dei

641 2892 846 2946 magna.
873 2875 1005 2932 Vide
1027 2878 1153 2932 mihi
1177 2880 1332 2933 aliam
1362 2881 1731 2947 tenuttionem,
1757 2897 1946 2949 nempe
1967 2881 2220 2937 Simonis.

641 2968 729 3022 11.
755 2967 1084 3023 Attendebant
1105 2981 1267 3025 autem
1288 2973 1334 3026 ei
1359 2973 1530 3035 turbte,
1555 2983 1758 3042 propter
1777 2979 1908 3043 quod
1929 2974 2085 3028 multo
2108 2987 2225 3030 tem.

643 3076 764 3128 pore
783 3062 962 3131 magiis
981 3063 1086 3117 suis
1109 3062 1435 3117 demcnlttsset
1460 3081 1563 3118 eos.
1591 3064 1674 3118 12.
1700 3065 1823 3118 Cum
1844 3083 1958 3119 vero
1978 3068 2194 3122 credidis

637 3161 746 3204 sent
784 3149 1031 3222 Philippo
1070 3155 1432 3224 euangelizanti
1457 3155 1520 3207 de
1548 3173 1700 3226 regno
1726 3154 1822 3208 Dei
1848 3166 1894 3209 et
1921 3157 1983 3210 de
2021 3159 2221 3211 nomine

636 3237 762 3294 Jesu
802 3241 1026 3310 Christi,
1057 3243 1442 3314 baptizabantur
1470 3246 1563 3299 viri
1591 3257 1637 3298 et
1667 3246 1918 3301 mulieres.
1960 3249 2027 3302 15
2075 3246 2219 3302 Tunc

639 3333 817 3386 Simon
844 3343 889 3386 et
914 3336 1020 3401 ipse
1044 3335 1276 3401 credidit,
1301 3346 1346 3387 et
1369 3352 1480 3388 cum
1505 3337 1784 3404 baptizatus
1809 3351 1952 3403 esset,
1981 3340 2214 3395 adlicere-

635 3423 718 3477 bat
752 3422 1011 3493 Philippo.
1059 3425 1246 3481 Videas
1285 3431 1434 3481 etiam
1475 3429 1619 3499 signa
1652 3440 1701 3483 et
1730 3431 1935 3485 virtutes
1970 3437 2216 3488 maximas

635 3516 748 3582 ﬁeri
769 3555 786 3582 ,
827 3527 1034 3584 stupens
1065 3518 1430 3573 admirabatur.
1463 3521 1550 3576 14.
1592 3521 1719 3575 Cum
1756 3525 2010 3578 audissent
2049 3536 2214 3579 autem

634 3607 870 3674 apostoli,
894 3609 980 3678 qui
1000 3619 1142 3663 erant
1161 3609 1510 3682 Jerosolymis,
1531 3613 1666 3683 quod
1687 3617 1951 3685 recepisset
1976 3617 2214 3674 Samaria

635 3696 832 3750 rerbum
862 3698 976 3765 Dei,
1003 3702 1244 3756 miserunt
1269 3704 1337 3754 ad
1361 3703 1476 3757 illos
1504 3703 1710 3758 Petrum
1734 3715 1780 3758 et
1805 3705 2055 3762 Joannem
2079 3725 2098 3761 :
2123 3709 2209 3764 15.

631 3790 715 3855 qui
761 3805 876 3843 cum
917 3793 1198 3862 venissent,
1241 3807 1508 3850 oraccrunt
1547 3815 1638 3866 pro
1678 3799 1801 3866 ipsis
1840 3809 1893 3856 ttl
1932 3804 2214 3876 deciperent

633 3881 880 3949 Spiritum
919 3893 1167 3939 sanctum.
1211 3886 1299 3940 16.
1349 3885 1593 3945 Nondum
1641 3891 1773 3946 enim
1818 3893 1871 3948 in
1911 3912 2211 3966 quemquam

629 3971 833 4030 illorum
868 3984 1102 4049 venerat,
1133 3979 1221 4036 sed
1255 3982 1493 4052 baptizati
1528 3993 1721 4038 tantum
1752 3996 1894 4040 erant
1926 3987 1976 4040 in
2013 3989 2213 4044 nomine

633 4069 836 4125 Domini
880 4071 1024 4128 Iesu.
1057 4075 1142 4129 17.
1175 4074 1316 4130 Tunc
1345 4078 1664 4146 imponebant
1695 4095 1872 4132 manus
1901 4096 2051 4147 super
2079 4098 2165 4136 eos
2190 4125 2204 4149 ,

630 4173 676 4214 et
704 4164 1014 4234 accipiebant
1043 4164 1297 4236 Spiritum
1321 4178 1569 4221 sanctum.
1606 4168 1689 4222 18.
1724 4169 1846 4221 Cant
1877 4169 2077 4224 vidisset
2111 4189 2208 4222 au-

630 4264 725 4305 tem
763 4255 942 4310 Simon
966 4297 979 4318 ,
1011 4259 1132 4324 quia
1158 4275 1244 4326 per
1271 4259 1636 4329 impositionem
1662 4276 1838 4312 manus
1863 4263 2208 4329 apostolorum

630 4346 835 4397 daretur
861 4346 1086 4414 Spiritus
1115 4361 1315 4400 sanctus
1335 4389 1349 4414 ,
1382 4349 1554 4401 obtulit
1580 4350 1650 4402 eis
1677 4351 1939 4417 pecuniam
1961 4393 1976 4418 ,
2010 4354 2089 4408 19.
2124 4355 2206 4406 di-

628 4449 742 4486 cens
766 4451 784 4487 :
810 4435 942 4490 Date
969 4445 1014 4490 et
1045 4438 1168 4490 mihi
1194 4439 1322 4491 luntc
1353 4450 1672 4509 potestatem,
1707 4451 1759 4493 ut
1788 4443 2079 4513 cuicumque
2106 4447 2204 4498 im-

631 4540 840 4592 posuero
867 4542 1066 4592 manus,
1095 4529 1310 4595 accipiat
1339 4529 1590 4598 Spiritum
1614 4543 1862 4586 sanctum.
1889 4535 2166 4602 Quomodo
2188 4580 2202 4602 ,

632 4616 856 4684 inquies,
892 4618 941 4670 hi
973 4619 1226 4688 Spiritum
1258 4638 1360 4675 non
1390 4626 1742 4692 acCeperant?
1769 4625 2022 4695 Spiritum
2054 4644 2205 4684 acce-

631 4718 816 4772 perant
843 4710 1187 4777 remissionis,
1215 4712 1466 4782 Spiritum
1495 4730 1618 4768 vero
1644 4716 1913 4786 signorum
1945 4720 2197 4774 nondum.

635 4795 782 4862 Vide,
811 4801 1079 4870 quomodo
1111 4803 1211 4858 hoc
1236 4821 1465 4862 cernens
1491 4803 1703 4869 Simon,
1731 4811 1954 4864 accessit
1979 4810 2080 4866 hoc
2115 4831 2202 4880 po-

630 4899 767 4944 tens.
803 4891 1020 4949 Etiamsi
1051 4911 1174 4948 vero
1205 4906 1331 4951 tunc
1357 4898 1584 4952 maxime
1612 4901 1950 4970 persequutio
1979 4903 2200 4974 vigeret,

629 4991 861 5040 attamen
893 4986 1033 5043 Deus
1072 4988 1216 5059 ipSllS
1258 5007 1466 5045 rursum
1510 4991 1753 5046 liberavit
1792 4995 2060 5064 signorum
2101 5013 2202 5064 0pc

629 5077 880 5130 munitos.
920 5079 1102 5150 Neque
1131 5083 1271 5137 enim
1305 5099 1448 5138 mors
1485 5083 1736 5152 Stephani
1769 5085 1976 5141 illorum
2011 5090 2203 5144 restin-

630 5167 706 5218 xit
736 5166 965 5224 furorem
987 5213 1004 5240 ,
1034 5175 1141 5226 imo
1172 5176 1336 5245 magis
1362 5177 1542 5240 auxit;
1574 5178 1800 5248 ideoque
1824 5178 2203 5249 disperguntur

627 5254 874 5312 doctores
897 5299 913 5324 ,
948 5271 1002 5315 ιιι
1044 5263 1283 5319 doctrina
1321 5269 1548 5338 amplius
1582 5278 1904 5339 pmpagetur
1951 5271 2055 5325 Sed
2084 5272 2202 5326 vide

628 5349 818 5403 iterum
860 5351 979 5406 illos
1018 5353 1069 5407 in
1111 5355 1263 5410 bonis
1293 5368 1566 5412 versantes
1590 5400 1606 5424 ,
1637 5370 1691 5414 et
1723 5361 1772 5413 in
1813 5361 2006 5430 gaudio
2038 5379 2051 5414 :
2080 5378 2200 5416 nam

623 5443 697 5494 ait
727 5457 739 5492 :
773 5440 990 5496 Factum
1021 5457 1092 5498 est
1120 5449 1360 5515 gaudiunt
1391 5466 1626 5521 magnum
1656 5452 1707 5505 in
1735 5453 1965 5518 civitate;
1995 5455 2198 5509 etiamsi

625 5531 799 5592 luctus
826 5551 1034 5607 quoque
1064 5552 1288 5606 magnus
1319 5539 1494 5594 fuerit.
1540 5540 1627 5594 Sic
1657 5543 1792 5596 solet
1823 5543 1962 5599 Deus
1994 5561 2203 5614 semper

626 5632 800 5687 iacere
825 5672 840 5697 ,
869 5631 1107 5685 tristibus
1135 5639 1327 5699 nempe
1357 5631 1476 5685 laeta
1503 5631 1795 5687 admiscere
1823 5675 1836 5698 ,
1867 5645 1924 5688 ut
1954 5637 2120 5704 magis
2149 5637 2199 5689 in

627 5725 972 5779 admiratione
1003 5724 1088 5780 sit.
1118 5725 1162 5779 A
1191 5721 1358 5779 multo
1385 5734 1560 5778 autem
1594 5723 1705 5794 jam
1741 5734 1981 5796 tempore
2005 5727 2195 5783 morbo

1415 275 1471 330 ε.
1501 276 1776 333 .lO.\.\‘NlS
1805 275 2272 334 CliRYSOSTOMI
2309 277 2627 338 ARCH’IEP.
2652 277 3184 348 CONSTANTINOP.

2365 394 2639 452 laborabat
2661 402 2879 469 Simon;
2912 406 3051 462 unde
3097 423 3270 478 neque
3308 409 3388 466 sic
3425 411 3490 467 ab
3525 412 3606 469 illo
3635 413 3660 468 li

2361 486 2638 552 Quomodo
2685 503 2860 550 autem
2905 496 3053 552 illum
3098 499 3422 570 baptizavit?
3459 505 3596 560 Sicut
3633 523 3660 561 e

2354 579 2600 637 Christus
2614 584 2799 656 elegit.
2823 587 2920 643 llic
2939 591 3090 662 signa
3116 593 3324 661 videns,
3347 595 3651 667 obstupescit

2360 685 2463 724 nou
2489 675 2647 729 audet
2667 693 2794 733 vero
2816 681 3038 750 gratiam
3059 684 3330 754 signorum
3356 697 3546 759 petere,
3573 692 3660 761 qui:

2357 762 2514 815 etiam
2547 766 2680 820 alios
2707 772 2941 824 nondum
2969 775 3262 843 accepisse.
3289 778 3558 844 Quomodo
3585 781 3660 851 igil

2357 869 2462 909 non
2503 858 2814 916 occiderunt
2855 866 2987 919 sicut
3030 871 3287 924 Ananiam
3319 881 3372 927 et
3413 873 3654 944 Sapphira

2355 948 2513 1002 etiam
2559 952 2684 1006 olim
2726 956 2809 1018 is.
2840 958 2928 1026 qui
2974 959 3109 1029 ligna
3149 964 3470 1035 collegerat,
3503 971 3660 1024 occisa

2355 1042 2686 1133 exemplum;
2718 1061 2888 1118 neque
2918 1052 3054 1107 ultra
3082 1056 3216 1108 alius
3241 1058 3498 1129 quispiam
3525 1062 3572 1115 id
3600 1079 3659 1133 pa

2354 1128 2444 1186 Sic
2471 1141 2525 1186 et
2550 1150 2692 1192 nunc
2729 1137 2914 1195 Petrus
2945 1141 3070 1199 facit
3098 1163 3110 1198 :
3139 1147 3346 1214 illisque
3369 1128 3570 1221 punitis
3637 1155 3660 1210 l1

2353 1224 2522 1290 punit.
2555 1227 2649 1282 sed
2680 1231 2754 1285 ait
2782 1232 2854 1287 illi
2886 1251 2900 1287 :
2925 1235 3014 1291 20.
3048 1237 3271 1294 Pecunia
3294 1251 3382 1296 tua
3405 1254 3557 1300 tecum
3578 1250 3637 1300 sit

2353 1314 2554 1382 tionem,
2581 1323 2818 1383 quoniam
2852 1328 3038 1381 donum
3071 1329 3162 1383 Dei
3189 1336 3378 1398 putasti
3405 1340 3605 1405 pecunia
3629 1358 3658 1393 a

2421 1409 2474 1464 5.
2508 1411 2610 1465 Cur
2633 1429 2664 1464 a
2695 1413 2937 1486 Philippo
2964 1420 3198 1490 baptizati
3225 1442 3322 1479 non
3351 1443 3637 1498 acceperunt

2348 1512 2596 1558 sanctum.
2629 1504 2856 1562 Historia
2884 1511 3107 1566 Simonis
3132 1519 3465 1574 continuatur.
3498 1521 3548 1575 Ν
3553 1526 3653 1578 ulla

2348 1601 2452 1644 tum
2479 1612 2578 1649 non
2604 1601 2871 1654 remittitur
2894 1606 3246 1674 paenitenti—
3264 1609 3330 1664 Et
3348 1627 3440 1666 cur
3467 1613 3514 1667 hi
3540 1616 3652 1685 bapt

2345 1697 2667 1752 acceperant
2704 1689 2957 1761 Spiritum
3005 1701 3286 1754 sanctum?
3330 1701 3425 1758 Vel
3476 1709 3592 1774 quia
3641 1708 3660 1761 l

2345 1776 2473 1833 dare
2499 1798 2659 1836 ausus
2690 1800 2793 1839 non
2821 1798 2968 1852 erat,
2998 1787 3138 1846 hunc
3167 1809 3444 1852 reservans
3467 1801 3660 1868 apostol

2344 1883 2491 1934 rem;
2523 1873 2635 1928 sive
2661 1877 2785 1946 quia
2815 1877 2917 1934 hoc
2940 1880 3202 1939 charisma
3232 1901 3336 1942 non
3361 1887 3580 1945 habebat
3605 1894 3658 1961 (e

2342 1978 2406 2016 ex
2440 1965 2541 2019 illis
2569 1969 2810 2042 septem)
2840 1990 2854 2026 :
2883 1973 2934 2028 id
2979 1976 3119 2044 quod
3160 1980 3324 2049 magis
3361 1981 3566 2038 videtur
3607 1985 3656 2038 di

2343 2055 2478 2111 Puto
2507 2068 2655 2115 certe
2686 2061 2828 2119 hunc
2853 2063 3156 2138 Philippum
3181 2085 3245 2124 ex
3276 2082 3477 2141 septem
3509 2075 3610 2130 illis
3635 2093 3660 2132 e

2341 2150 2570 2206 cundum
2611 2168 2641 2208 a
2678 2155 2950 2226 Stephano
2973 2159 3012 2215 ί.
3044 2160 3397 2228 Quamobrem
3427 2181 3545 2222 cum
3584 2168 3660 2237 hui

2340 2243 2595 2314 Spiritum
2624 2247 2900 2319 haptizatis
2929 2267 3033 2308 non
3063 2255 3223 2310 dabat
3263 2276 3276 2311 :
3316 2275 3485 2329 neque
3512 2263 3650 2315 enim

2342 2347 2445 2392 tem
2489 2338 2747 2403 habebat;
2798 2342 2898 2398 hoc
2924 2347 3119 2415 quippe
3147 2347 3343 2402 donum
3384 2352 3656 2407 duodecim

2339 2438 2540 2483 tantum
2560 2442 2694 2486 erat.
2715 2432 2989 2504 Perpende
3016 2447 3192 2492 autem
3225 2458 3238 2492 :
3270 2441 3342 2494 illi
3372 2457 3474 2496 non
3507 2445 3660 2498 exier:

2338 2536 2612 2590 pensatum
2667 2536 2768 2592 est,
2802 2536 2859 2582 ut
2912 2529 2942 2580 ii
2983 2530 3221 2595 exirent,
3263 2534 3350 2602 qui
3385 2536 3641 2590 minorem

2336 2617 2630 2682 habebant,
2669 2621 2809 2690 quod
2847 2623 3079 2677 nondum
3120 2629 3448 2694 accepissent
3485 2627 3660 2700 Spiritl

2334 2720 2498 2766 Clum.
2532 2711 2854 2769 Poteslatem
2883 2715 3094 2786 quidem
3125 2731 3441 2788 acceperant
3469 2722 3659 2776 facient

2334 2819 2437 2856 non
2464 2813 2642 2859 autem
2668 2804 2921 2876 Spiritum
2951 2807 3070 2864 aliis
3096 2809 3274 2867 dandi.
3307 2813 3469 2882 Igitur
3494 2813 3610 2870 lucc
3635 2831 3660 2866 a

2331 2912 2448 2950 rum
2474 2906 2589 2952 erat
2625 2903 3005 2971 praarogaliva;
3050 2891 3274 2974 ideoque
3313 2915 3367 2960 et
3406 2908 3659 2979 corypha!

2329 2989 2480 3055 alios,
2512 2990 2692 3046 videre
2716 3002 2799 3046 est
2826 2993 2926 3048 hoc
2953 2992 3148 3051 facere.
3187 2995 3370 3051 Videns
3398 3009 3568 3054 autem
3596 3001 3652 3054 Si

2327 3082 2470 3152 quit,
2492 3084 2628 3152 quod
2657 3101 2744 3154 per
2768 3086 3132 3155 impositionem
3165 3105 3406 3143 manuum
3433 3095 3660 3162 apostolo

2324 3185 2461 3229 retur
2488 3176 2712 3242 Spiritus
2737 3190 2963 3234 sanctus.
2995 3179 3105 3234 Non
3135 3181 3210 3236 sic
3234 3181 3487 3249 dixisset,
3517 3185 3616 3239 nisi
3657 3206 3660 3237 :

2324 3267 2592 3338 quidpiam
2619 3270 2811 3324 factum
2839 3271 3042 3326 fuisset.
3074 3272 3182 3328 l-loc
3203 3284 3253 3327 ct
3278 3274 3469 3329 Paulus
3498 3274 3621 3330 fecit
3644 3319 3657 3346 ,

2324 3370 2611 3428 querentur
2637 3362 2848 3432 linguis.
2880 3363 3120 3418 Vidistin'
3145 3365 3378 3424 Simonis
3402 3370 3620 3427 scelus?
3647 3373 3660 3427 l

2323 3452 2530 3506 obtulit.
2562 3455 2715 3522 Atqui
2741 3471 2844 3508 non
2865 3455 3066 3513 viderat
3097 3456 3244 3515 illum
3268 3477 3363 3531 pro
3384 3465 3608 3531 pecunia
3633 3464 3660 3517 it

2325 3556 2428 3599 tetu
2462 3566 2472 3598 :
2511 3547 2648 3600 unde
2678 3565 2782 3606 non
2813 3550 3103 3623 ignorantis
3131 3573 3264 3624 opim
3293 3567 3406 3610 erat
3427 3597 3441 3622 ,
3484 3557 3578 3610 sed
3615 3568 3660 3610 te

2321 3646 2374 3692 et
2401 3637 2626 3698 volentis
2651 3644 2849 3698 crimen
2878 3645 3156 3700 intentare.
3186 3646 3411 3718 Ideoque
3436 3648 3587 3702 audit
3621 3667 3633 3701 :

2320 3744 2392 3789 est
2417 3735 2505 3789 tibi
2531 3752 2648 3800 pars
2675 3753 2832 3806 neque
2859 3753 2968 3791 sors
2996 3739 3046 3791 in
3073 3755 3299 3793 sermone
3326 3740 3420 3792 isto
3447 3755 3466 3792 :
3493 3757 3583 3793 cor
3609 3757 3660 3792 ei;

2321 3843 2420 3881 non
2447 3838 2519 3881 est
2541 3838 2730 3881 rectum
2752 3845 2923 3882 coram
2945 3827 3070 3883 Deo.
3098 3829 3292 3885 lterum
3321 3847 3442 3901 quae
3471 3833 3522 3885 in
3554 3849 3659 3888 met

2318 3922 2472 3978 all'ert
2499 3923 2552 3977 in
2581 3924 2811 3978 medium
2832 3965 2846 3987 ,
2876 3925 2998 3994 quia
3028 3925 3116 3979 ille
3137 3941 3195 3981 se
3215 3926 3379 3982 latere
3401 3928 3645 3997 putabat.

2319 4015 2578 4070 nitentium
2602 4016 2768 4086 itaque
2791 4034 2882 4088 age
2907 4019 2970 4072 ab
2996 4019 3090 4072 hac
3118 4021 3338 4087 nequitia
3364 4031 3451 4074 tua
3469 4063 3483 4084 ,
3509 4033 3556 4075 et
3584 4040 3660 4092 τοι

2316 4122 2436 4160 nam
2457 4149 2472 4169 ,
2513 4108 2556 4162 si
2596 4111 2725 4178 forte
2764 4112 3044 4164 remittatur
3073 4110 3162 4164 tibi
3191 4111 3299 4166 haec
3328 4113 3570 4184 cogitatio
3598 4131 3658 4167 co

2313 4198 2404 4253 25.
2431 4196 2500 4252 In
2529 4198 2648 4269 felle
2674 4200 2804 4252 enim
2839 4203 3220 4268 amaritudinis,
3250 4212 3297 4258 et
3322 4203 3374 4257 in
3399 4205 3603 4258 vinculo
3629 4207 3660 4257 it

2313 4292 2455 4346 uideo
2480 4303 2530 4346 te
2553 4309 2678 4348 esse.
2708 4295 2800 4349 24.
2824 4295 3151 4364 Respondens
3177 4309 3344 4352 autem
3369 4298 3556 4354 Simon
3583 4300 3660 4355 dia

2313 4386 2499 4439 camini
2528 4401 2612 4441 vos
2644 4404 2736 4454 pro
2765 4404 2842 4440 me
2869 4389 2938 4440 ad
2964 4387 3270 4456 Dominum,
3303 4400 3357 4445 ut
3383 4391 3519 4445 nihil
3549 4393 3660 4446 veni

2312 4493 2390 4530 me
2411 4480 2592 4532 horum
2610 4495 2723 4547 qua:
2739 4479 2954 4536 dixistis.
2976 4481 3109 4535 Cum
3132 4483 3455 4551 oportuisset
3478 4483 3631 4537 illum
3657 4509 3660 4532 ι

2315 4570 2676 4637 paenitentiam
2715 4587 2875 4640 agere
2902 4581 2957 4626 et
2982 4571 3108 4626 llere
3127 4614 3144 4642 ,
3186 4573 3275 4628 ille
3304 4573 3660 4642 perfunctorie

2314 4662 2412 4715 hoc
2438 4659 2583 4715 facit.
2610 4661 2670 4714 Si
2691 4661 2820 4732 forte
2842 4664 3126 4718 remittatur
3145 4665 3251 4720 tibi.
3271 4664 3382 4720 Hoc
3409 4666 3606 4736 inquit,
3636 4683 3660 4719 ιι

2311 4772 2414 4810 non
2445 4755 2724 4810 remissum
2753 4756 2938 4812 fuisset
2978 4757 3088 4824 illi,
3131 4759 3176 4813 si
3207 4759 3504 4829 plorasset;
3548 4759 3647 4814 sed

2309 4849 2468 4904 etiam
2497 4848 2770 4920 prophetis
2797 4849 2968 4904 solum
2998 4850 3261 4922 denegare
3279 4894 3296 4917 ,
3328 4867 3427 4906 nec
3456 4851 3644 4906 dicere

2311 4955 2419 5000 tem
2444 4942 2547 4996 hoc
2573 4941 2785 5008 feceris,
2812 4941 3198 4998 condonabitur
3220 4943 3349 5008 tibi;
3377 4943 3474 4998 sed
3507 4943 3660 4996 oinui

2310 5049 2422 5089 ram
2455 5049 2664 5103 pomum
2693 5032 3028 5088 denuntiare.
3069 5032 3150 5087 Τιι
3190 5047 3316 5088 vero
3354 5034 3555 5087 mirare
3580 5074 3596 5098 ,
3632 5049 3660 5102 q

2308 5127 2360 5181 in
2394 5137 2631 5195 tempore
2659 5125 2975 5180 calamitatis
3014 5140 3118 5180 non
3163 5125 3465 5196 negligant,
3506 5127 3606 5181 sed
3639 5143 3656 5195 ι

2371 5303 2386 5335 ¹
2422 5302 2564 5356 Savil.
2594 5304 2668 5356 sic
2709 5303 2890 5360 habet,
2916 5303 3042 5354 unde
3072 5301 3191 5353 nuhi
3213 5302 3400 5354 videtur
3441 5302 3576 5356 hanc
3623 5313 3660 5355 P

2307 5365 2327 5425 (
2351 5366 2438 5426 qui
2461 5366 2712 5428 Samariam
2745 5365 2802 5428 ad
2842 5363 3002 5428 ﬁdem
3025 5369 3268 5428 convertit
3289 5367 3310 5428 )
3329 5380 3484 5416 unum
3504 5379 3614 5418 esse
3636 5380 3660 5416 ε

2306 5425 2574 5490 secundum
2590 5441 2625 5490 ιι
2646 5427 2919 5490 Stephano;
2945 5425 3222 5490 philippum
3255 5425 3419 5481 autem
3443 5428 3589 5480 illum
3613 5442 3660 5490 qr

2306 5442 2574 5476 secundum
2593 5442 2625 5475 a
2646 5442 2919 5490 stepuano;
2945 5442 3222 5490 mnuppum
3255 5442 3419 5481 autem
3443 5442 3589 5480 suum
3613 5442 3659 5539 XI

2305 5488 2449 5538 cltum
2469 5486 2740 5560 baptizaoit,
2762 5501 2825 5560 ea;
2847 5488 3164 5560 apostolorum
3193 5503 3391 5542 nuner
3414 5491 3584 5560 fuisse.

2304 5558 2541 5615 stremum
2561 5551 2753 5615 omnino
2774 5558 2906 5615 stare
2925 5552 3252 5615 nequit_;_ipse
3283 5565 3496 5615 namque
3521 5552 3659 5615 Chry:

2305 5611 2502 5661 botnilia
2521 5613 2749 5677 sequenti
2772 5612 2859 5669 ait.
2885 5611 3397 5677 euut—quiEuuucbutn
3413 5611 3660 5677 baptismi

2307 5687 2443 5724 mero
2465 5681 2658 5746 septem
2679 5675 2992 5747 diacouorum
3013 5675 3183 5728 fuisse.
3216 5686 3374 5738 Quare
3408 5675 3596 5728 Meietli
3629 5678 3660 5726 lt

2309 5747 2360 5787 ut
2384 5744 2644 5802 genuinam
2663 5744 2976 5787 retinmuius.
