3972 6212
643 345 741 402 145

633 462 767 533 νερὰ
795 459 963 513 ταῦτα
1011 457 1079 510 τά
1117 457 1316 525 σημεῖα
1343 448 1411 526 ῆν
1456 465 1504 509 α.
1556 451 1732 506 καίτοι
1775 450 1965 503 οὐδένα
1994 450 2101 502 ἔδει
2147 443 2286 501 εἶναι

636 551 754 602 ἐκεῖ
779 545 1135 616 δαιμονῶντα,
1171 542 1315 609 εἴγε
1356 537 1522 610 ἱκανῷ
1560 537 1736 608 χρόνῳ
1776 533 1843 608 ἦν
1887 539 2005 599 ταῖς
2034 534 2286 605 μαγείαις

638 635 861 698 ὲξιστῶν
883 631 1097 694 αὐτούς·
1129 630 1250 684 ἐπεὶ
1277 629 1333 682 δὲ
1361 627 1543 679 πολλοὶ⁷
1593 627 1641 678 oi
1679 623 2060 695 δαιμονῶντες,
2103 621 2312 704 πολλοὶ.

636 724 686 775 οί
718 720 1035 792 παράλυτοι,
1070 719 1249 770 ἐκεῖνα
1270 716 1370 768 οὐκ
1393 713 1617 784 ἀλήθεια
1648 708 1734 782 ἦν.
1768 706 1932 782 Οὗτος
1958 710 2013 762 δὲ
2052 708 2170 779 ούχὶ
2189 725 2286 778 ση-

642 808 809 879 μείοις
839 807 1016 877 μόνον,
1050 803 1186 857 ἀλλά
1231 803 1322 856 καὶ
1356 801 1500 870 λόγῳ
1532 800 1728 863 αὐτοὺς
1782 798 2107 868 προσήγετο,
2160 795 2289 865 περὶ

641 895 916 967 βασιλείας
950 894 1042 946 καὶ
1067 889 1302 962 Χριστοῦ
1350 887 1744 957 διαλεγόμενος,
1789 885 1846 938 '0
1870 884 1925 937 δὲ
1956 885 2157 953 Σίμων,
2183 900 2288 952 φη-

612 1014 615 1016 -
641 986 712 1049 σί,
755 982 1090 1053 βαπτισθεὶς,
1118 975 1186 1051 ἦν
1213 975 1633 1049 προσκαρτερῶν
1677 973 1753 1043 τῷ
1785 971 2050 1040 Φιλίππῳ.
2081 971 2155 1022 Οὐ
2194 968 2287 1020 πί-

640 1089 810 1134 στεως
834 1071 1037 1129 ἕνεκεν,
1065 1068 1178 1121 ἀλλ’
1213 1066 1348 1119 ὥστε
1375 1063 1628 1133 γενέσθαι
1662 1060 1899 1122 τοιοῦτος
1924 1053 2288 1130 προσεκαρτέ-

640 1177 745 1232 ρει.
788 1162 851 1213 Ol
879 1157 946 1212 δὲ
1005 1155 1383 1220 καταϐάντες,
1419 1150 1838 1220 προσηύξαντο
1886 1146 2018 1232 περὶ
2066 1141 2283 1207 αὐτῶν,

637 1229 798 1313 ὅπως
818 1245 1044 1300 λάϐωσι
1071 1243 1309 1311 Πνεῦμα
1334 1240 1520 1309 ἅγιον·
1559 1236 1790 1292 οὐδέπω
1815 1234 1922 1305 γὰρ
1965 1229 2044 1302 ἦν
2066 1232 2156 1285 ἐπ’
2189 1232 2287 1284 οὑ-

637 1337 761 1391 δενὶ
783 1332 978 1388 αὐτῶν
997 1329 1422 1393 ἐπιπεπτωκός.
1455 1327 1588 1380 Τότε
1621 1324 1933 1378 ἐπετιθουν
1964 1322 2068 1385 τὰς
2087 1319 2287 1389 χεῖρας

636 1425 728 1478 ἐπ’
764 1421 1000 1486 αὐτοὺς,
1053 1417 1150 1471 καί
1192 1415 1529 1484 ἐλάμϐανον
1575 1412 1814 1502 Πνεῦμα
1849 1409 2035 1502 (irier:
2099 1408 2282 1502 Ὁρᾷς,

635 1512 718 1565 ὅτι
742 1510 839 1579 οὐχ
873 1506 1077 1568 ἀπλῶς.
1111 1503 1244 1558 ἀλλά
1273 1501 1471 1570 πολλῆς
1509 1499 1614 1552 ἔδει
1667 1497 1965 1567 δυνάμεως,
1997 1494 2134 1548 ὥστε
2160 1494 2282 1546 δοῦ-

635 1617 722 1653 ναι
746 1597 968 1664 Πνεῦμα
989 1596 1172 1663 ἆγιον;
1218 1591 1293 1645 Ού
1315 1590 1421 1659 γάρ
1467 1590 1615 1641 ἐστιν
1649 1588 1760 1640 ἴσον
1807 1583 2055 1653 ἀφέσεως
2081 1584 2282 1651 τυχεῖν,

633 1688 729 1740 καὶ
752 1686 933 1738 λαϐεῖν
967 1683 1196 1751 δύναμιν
1239 1677 1514 1746 τοιαύτην.
1549 1672 1924 1742 Θεασάμενος
1951 1670 2018 1724 δὲ
2069 1672 2280 1738 Σίμων,

635 1773 724 1825 ὅτι
748 1771 844 1825 διὰ
876 1768 984 1836 τῆς
1009 1766 1332 1830 ἐπιθέσεως
1376 1761 1496 1816 τῶν
1524 1759 1739 1830 χειρῶν
1767 1758 1885 1812 τῶν
1928 1757 2284 1812 ἀποστόλων

634 1859 861 1913 δίδοται
889 1857 954 1909 τὸ
998 1853 1236 1922 Πνεῦμα
1267 1852 1334 1904 τὸ
1381 1851 1570 1919 ἅγιον,
1623 1847 2036 1916 προσήνεγκεν
2081 1843 2284 1910 αὐτοῖς

634 1947 924 2018 χρήματα.
989 1942 1080 2014 Μὴ
1114 1943 1220 2011 γάρ
1247 1941 1372 2002 τοὺς
1409 1937 1598 2000 ἄλλους
1635 1934 1739 1988 εἶδε
1771 1934 1930 1988 τοῦτο
1967 1932 2278 1996 ποιοῦντας;

637 2039 714 2107 μὴ
743 2036 852 2106 γάρ
870 2033 1166 2094 Φίλιππονς
1207 2028 1280 2098 μὴ
1305 2027 1412 2097 γὰρ
1455 2025 1701 2094 ἐνόμιζεν
1734 2023 1928 2086 αὐτοὺς
1961 2021 2060 2074 οὐκ
2087 2021 2280 2074 εἰδέναι

637 2124 754 2196 μεθ’
775 2123 891 2186 οἵας
914 2118 1152 2181 διανοίας
1193 2115 1453 2187 προσῄει;
1485 2113 1572 2166 Διὸ
1621 2110 1803 2174 καλῶς
1838 2111 2040 2180 Πέτρος
2066 2109 2158 2162 καὶ

637 2195 765 2284 ρεάν
805 2209 958 2264 καλεῖ
982 2207 1040 2259 τὸ
1067 2207 1317 2277 πρᾶγμα,
1345 2202 1534 2270 λέγων·
1597 2202 1666 2254 Τὸ
1697 2199 1975 2267 ἀργύριόν
2019 2212 2132 2249 σου
2163 2195 2282 2249 σὺν

631 2300 733 2354 σοι
757 2299 848 2360 εἴη
879 2299 964 2361 είς
987 2293 1305 2358 ἀπώλειαν,
1351 2289 1436 2343 ὅτι
1464 2288 1576 2356 τὴν
1600 2286 1824 2355 δωρεὰν
1847 2285 1950 2339 τοῦ
1983 2284 2128 2339 Θεοῦ
2149 2284 2281 2336 ἐνό-

627 2384 813 2457 μισας
838 2385 933 2436 διὰ
963 2380 1275 2452 χρημάτων
1307 2377 1580 2431 κτᾶσθαι.
1629 2377 1787 2446 Ὁρᾷς
1813 2371 2086 2441 πανταχοῦ
2122 2371 2282 2425 καθα-

637 2477 762 2548 ροὺς
787 2473 983 2534 αὐτοὺς
1012 2469 1308 2540 χρημάτων
1339 2465 1529 2529 ὅντας;
1569 2466 1688 2516 Οὐκ
1716 2463 1842 2516 ἐστι
1863 2477 1959 2514 σοι
1981 2460 2151 2529 μερὶς
2178 2462 2280 2513 οὺ-

631 2564 701 2618 δὲ
727 2561 950 2630 κλῆρος
976 2557 1142 2623 ἐντῷ
1180 2557 1338 2624 λόγῳ
1393 2554 1593 2617 τούτῳ·
1625 2552 1663 2618 ἠ
1719 2552 1827 2622 τὰρ
1873 2550 2082 2619 καρδία
2130 2549 2277 2621 [M8]

631 2664 747 2703 σου
776 2647 886 2699 οὐκ
933 2643 1104 2697 ἐστιν
1129 2637 1327 2698 εὐθεῖα
1357 2635 1612 2691 ἐνώπιον
1642 2635 1746 2688 τοῦ
1778 2633 1943 2687 Θεοῦ.
1975 2634 2132 2686 Ὥστε
2175 2633 2281 2686 ἀπὸ

629 2737 729 2806 τῆς
748 2733 946 2794 κακίας
984 2728 1162 2782 πάντα
1190 2725 1443 2794 ἔπραττε·
1472 2722 1566 2775 καὶ⁸
1618 2722 1722 2791 μὴν
1761 2719 1930 2789 ἀφελῆ
1965 2718 2088 2806 ἔδει,
2119 2715 2275 2772 εἶναι.

629 2805 1020 2885 Μετανόησον
1048 2809 1180 2869 οὖν.
1209 2815 1310 2877 Εἰς
1339 2809 1449 2880 γὰρ
1501 2807 1694 2879 χολὴν
1719 2808 1972 2874 πικριάς,
2002 2805 2097 2860 καὶ
2135 2807 2282 2860 σύν.

630 2909 857 2977 δεσμον
875 2903 1108 2968 ἀδικίας
1135 2898 1327 2967 θεωρῶ
1353 2913 1426 2952 σε
1459 2897 1622 2950 ὄντα.
1648 2894 1848 2948 Πολλοῦ
1883 2893 2052 2964 θυμοῦ
2086 2894 2156 2947 τά
2186 2896 2282 2964 ρή-

633 3011 802 3068 ματα.
847 2993 920 3046 Οὐ
953 2989 1169 3053 κολάζει
1189 2987 1245 3039 δὲ
1271 2985 1454 3052 αὐτὸν,
1509 2985 1594 3037 ῖνα
1623 2983 1696 3068 μή
1735 2982 1922 3034 λοιπὸν
1971 2982 2278 3068 ἁνάγκηςῗή

630 3065 812 3144 πίστις
834 3077 890 3152 ᾖ,
922 3077 1008 3131 ἴνα
1031 3076 1104 3147 μὴ
1125 3076 1184 3127 τὸ
1213 3074 1447 3145 πρᾶγμα
1471 3072 1618 3142 ὠμὸν
1644 3065 1785 3122 εἶναι
1811 3068 1955 3138 δόξῃ,
1979 3069 2065 3121 ἴνα
2085 3069 2152 3121 τά
2181 3067 2280 3138 τῆς

635 3167 919 3241 μετανοίας
964 3163 1253 3232 εἰσαγάγῃ·
1288 3161 1321 3231 ἢ
1353 3161 1445 3212 καὶ
1480 3160 1562 3212 ὅτι
1591 3159 1748 3228 ῆρκει
1792 3161 1870 3220 είς
1897 3157 2177 3226 διόρθωσιν
2219 3157 2280 3210 τὸ

631 3255 867 3324 ἐλέγξαι,
891 3252 953 3305 τὸ
978 3250 1047 3304 τά
1082 3251 1141 3302 ὲν
1166 3251 1230 3319 τῇ
1266 3247 1460 3317 καρδίᾳ
1515 3247 1706 3308 είπεῖν,
1740 3246 1800 3297 τὸ
1835 3245 2040 3297 ἐκεῖνον
2087 3244 2280 3314 ὁμολο-

629 3346 815 3415 γῆσαι,
849 3344 931 3395 ὅτι
954 3338 1094 3392 ἑάλω
1115 3334 1165 3389 δ.
1198 3335 1288 3406 Τῷ
1308 3337 1415 3406 γὰρ
1459 3335 1651 3399 εἰπεῖν,
1680 3333 1759 3386 ὅτι
1807 3332 2058 3399 Δεήθητε
2113 3332 2280 3401 ὑμεῖς

629 3431 782 3499 ὑπὲρ
803 3427 965 3497 ἐμοῦ,
997 3424 1153 3478 τοῦτό
1181 3426 1326 3477 ἐστιν
1355 3420 1737 3492 ὁμολογοῦντος
1765 3421 1900 3490 ὁμοῦ
1923 3420 2014 3473 καὶ
2041 3419 2281 3473 δεικνύν-

629 3536 742 3583 τος.
785 3517 925 3587 Ὅρα
961 3514 1096 3576 πῶς,
1137 3513 1314 3566 καίτοι
1355 3510 1546 3580 μιαρὸς
1585 3507 1680 3572 ὢν,
1712 3508 1879 3578 ὅμως,
1902 3508 1990 3560 ὅτε
2019 3507 2277 3580 ἠλέγχθη,

630 3607 751 3661 τότε
774 3604 1110 3663 ἐπίστευσεν,
1143 3599 1329 3669 ῶσπερ
1365 3596 1461 3651 καὶ
1491 3596 1741 3659 ταπεινὸς
1786 3595 2027 3663 γέγονεν,
2057 3597 2144 3650 ὅτε
2184 3598 2281 3652 πά-

630 3695 712 3748 λιν
757 3691 1015 3762 ήλέγχθη.
1087 3685 1325 3755 Θεωρῶν
1378 3684 1596 3753 σημεῖα
1645 3685 1922 3754 γινόμενα
1980 3681 2278 3751 ἐξίστατο,

629 3783 844 3843 δεικνὺς
880 3780 940 3832 τὸ
982 3778 1090 3830 πᾶν
1111 3775 1302 3846 ψεῦδος
1333 3785 1379 3828 ο.
1411 3774 1507 3833 Οὐ.
1551 3772 1876 3843 Προσῆλθεν,
1923 3767 2092 3837 εἶπεν,
2140 3772 2278 3840 ἀλλ’,

644 3870 972 3934 Ἐξίστατο.
999 3864 1110 3919 Καὶ
1131 3863 1182 3915 τί
1219 3862 1415 3932 δήποτε
1441 3862 1615 3914 έκεῖνο
1658 3860 1816 3924 εὐθὺς
1839 3861 1900 3913 ού
1926 3863 2101 3925 ποιεῖς
2135 3861 2280 3915 Ἐνό.

635 3957 755 4029 μιζε
776 3952 1035 4009 δύνασθαι
1063 3947 1365 4009 λανθάνειν,
1396 3946 1611 4016 ἐνόμιζε
1637 3947 1832 4017 τέχνην
1861 3941 2078 4000 εἶναιτὸ
2099 3949 2279 4018 πρᾶγ-

635 4061 732 4118 μα·
793 4041 981 4112 ἐπειδὴ
1035 4039 1092 4092 δὲ
1147 4037 1246 4091 οὐκ
1298 4036 1484 4105 ἴσχυσε
1531 4034 1710 4088 λαθεῖν
1753 4036 1877 4098 τοὺς
1925 4035 2274 4101 ἀποστόλους,

629 4131 919 4205 προσῆλθε.
957 4125 1208 4183 Πολλῶν
1240 4124 1351 4194 γὰρ
1380 4125 1642 4191 ἐχόντων
1687 4123 1993 4190 πνεύματα
2019 4122 2279 4191 ἀκάθαρ-

629 4239 722 4286 τα,
753 4219 992 4285 βοῶντα
1021 4213 1189 4284 φωνῇ
1212 4210 1443 4282 μεγάλῃ
1478 4210 1783 4279 ἐξήρχετο.
1813 4210 1981 4263 Τοῦτο
2005 4209 2100 4264 τοῦ
2134 4210 2280 4278 ἐξελ-

631 4314 744 4367 θεῖν
789 4311 1011 4378 σημεῖον
1040 4302 1292 4372 φανερὸν,
1325 4299 1392 4352 τὰ
1434 4299 1492 4351 δὲ
1548 4299 1655 4351 τῶν
1705 4298 1891 4368 μάγων
1931 4299 2275 4364 ἀπεναντίας·

635 4397 834 4470 μᾶλλον
854 4393 962 4462 γὰρ
981 4393 1174 4443 ἐκεῖνοι
1225 4387 1319 4439 καὶ
1347 4384 1622 4454 ὲδέσμουν.
1663 4383 1889 4436 Πολλοί
1912 4400 1976 4470 τε
2017 4390 2276 4453 napus-

630 4467 997 4554 λυμένοικαὶ
1021 4474 1199 4544 χωλοὶ
1246 4471 1746 4539 ἐθεραπεύθησαν.
1780 4471 1894 4525 Οὐκ
1935 4467 2004 4544 ἦν
2049 4473 2279 4539 ἐνταῦθα

631 4573 833 4639 ἀπάτη·
864 4563 1233 4636 περιπατῆσαι
1285 4561 1394 4629 γάρ
1417 4559 1524 4612 εδει
1547 4559 1640 4611 καὶ
1687 4559 1994 4630 ἐνεργῆσαι.
2030 4562 2276 4629 Προσεῖ-

631 4676 746 4731 χον
767 4657 836 4711 δὲ
862 4650 1022 4717 αὐτῷ
1059 4647 1301 4714 πάντες,
1352 4646 1650 4715 λέγοντες·
1677 4643 1865 4713 Οὗτός
1904 4648 2074 4702 ἐστιν
2102 4651 2140 4718 ἡ
2173 4651 2277 4704 δύ-

630 4763 805 4816 ναμις
844 4739 951 4796 τοῦ
997 4737 1162 4792 Θεοῦ.
1195 4733 1460 4788 Ἐνταῦθα
1493 4732 1793 4802 πληροῦται
1819 4733 1846 4774 ά
1880 4735 1940 4788 τὸ
1990 4736 2138 4806 παρὰ
2183 4736 2276 4791 τοῦ

631 4831 866 4908 Χριστοῦ
896 4830 1016 4897 εἱρη
1025 4825 1203 4897 μένον·
1230 4821 1455 4877 Πολλοί
1478 4822 1831 4876 ἐλεύσονται
1852 4823 2279 4894 ψευδόχριστοι

633 4926 729 4981 καὶ
756 4914 1244 4992 ψευδοπροφῆται
1272 4912 1371 4966 ἐπὶ
1390 4911 1469 4978 τῷ
1487 4912 1730 4980 ὀνόματί
1746 4930 1885 4981 μου.
1917 4913 2014 4966 Διὰ
2034 4917 2090 4968 τί
2109 4916 2166 4970 δὲ
2181 4919 2279 4970 οὐκ

633 5013 831 5072 εὐθέως
853 5007 1011 5062 αὑτὸν
1039 5001 1304 5075 ῆλεγξανς
1335 4998 1707 5070 Ἦρκέσθησαν
1722 4999 1798 5069 τῷ
1814 5002 2154 5068 καταγνῶναι
2181 5005 2278 5056 αύ-

632 5101 724 5154 τὸν
754 5096 965 5152 ἑαυτοῦ·
994 5093 1089 5147 καὶ
1125 5093 1232 5162 γὰρ
1267 5089 1361 5143 καὶ
1382 5088 1539 5142 τοῦτο
1567 5088 1907 5153 διδασκαλίας
1932 5085 2021 5160 ἦν.
2063 5093 2277 5164 Ἐπειδὴ

635 5189 693 5242 δὲ
729 5185 1039 5251 ἀντιστῆναι
1072 5181 1172 5233 οὐκ
1206 5179 1442 5248 ἴσχυσεν,
1491 5177 1839 5247 ὑποκρίνεται
1868 5175 2056 5250 ὥσπερ
2093 5180 2186 5232 καὶ
2228 5184 2276 5235 οἱ

641 5273 920 5346 μάγοι,ὃτε
945 5269 1142 5334 ἔλεγον·
1165 5264 1341 5318 Τοῦτο
1360 5263 1650 5329 δάκτυλός
1675 5264 1806 5317 ἐστι
1827 5263 2114 5320 Θεοῦ.⁶Ὶνα
2131 5268 2184 5319 δὲ
2204 5268 2276 5339 μὴ

637 5363 729 5420 καὶ
773 5357 1017 5426 ἀπελαθῇ
1069 5354 1252 5414 πάλιν,
1300 5352 1388 5405 διὰ
1432 5351 1589 5404 τοῦτο
1621 5354 1713 5405 καὶ
1740 5355 2163 5425 προσεκαρτέρει
2203 5354 2278 5426 τῷ

635 5449 906 5514 Φιλίππῳ,
931 5444 1024 5495 καὶ
1050 5440 1149 5492 ούκ
1177 5437 1492 5509 ἐχωρίζετο.

706 5539 768 5593 δ’.
800 5535 871 5587 Σὺ
901 5531 956 5584 δέ
992 5545 1080 5600 μοι
1100 5527 1309 5588 σκόπει,
1333 5527 1432 5579 ὅσα
1447 5526 1802 5597 οἰκονομεῖται
1829 5538 1852 5567 ο
1878 5527 1966 5582 διά
1996 5529 2088 5582 τοῦ
2118 5530 2278 5584 θανά-

637 5645 728 5685 του
760 5622 853 5679 τοῦ
884 5618 1174 5687 Στεφάνου.
1205 5612 1619 5683 Διασπείρονται
1653 5616 1813 5667 κατά·
1835 5614 1933 5679 τὰς
1960 5617 2140 5687 χώρας
2180 5619 2278 5688 τῆς

701 5761 729 5788 ³
759 5757 894 5807 Unus
914 5751 1019 5802 cod.
1052 5748 1132 5797 καὶ
1151 5746 1469 5813 οὓτω-φανερὰ
1489 5744 1549 5793 τὰ
1574 5745 1756 5813 σημεῖα
1777 5745 1925 5813 ταῦτα
1946 5748 2044 5813 ἧνη
2087 5751 2114 5790 ι.
2141 5750 2280 5803 unus

638 5825 717 5873 ὅτε
740 5821 880 5869 ἑάλω.
948 5817 970 5845 ε
993 5813 1126 5869 Hac,
1141 5807 1326 5879 δεικνὺς
1347 5807 1532 5879 ιτᾷπᾷχ
1562 5807 1749 5879 ψεῦῥρςρ
1783 5820 1810 5879 9
1834 5810 2067 5879 μοιηῳθι.
2098 5820 2278 5879 et__uno

789 5880 1113 5930 nccessvrunt.
1141 5872 1266 5921 Edit.
1301 5871 1359 5935 _d
1381 5869 1479 5920 Alii
1498 5869 1638 5919 θεοῦ.
1653 5869 1746 5918 Καὶ
1779 5869 2057 5930 ἐπληοοῦτο.
2094 5888 2118 5917 σ
2142 5874 2278 5929 unus

641 5933 752 5996 ξοᾱ.
786 5943 917 6003 ’Ὅρα
954 5939 1047 5988 ὅσα
1073 5933 1405 5997 οἰκονομεῖται.

1435 336 1495 393 S.
1535 333 1817 391 JOANNIS
1853 330 2341 390 CHRYSOSTOMI
2376 319 2695 386 ARCHIEP.
2733 329 3269 388 CONSTANTINOP.

3665 443 3667 451 ι

2372 445 2662 513 ,Ἰουδαίας
2714 449 2807 502 καὶ
2863 449 3194 519 Σαμαρείας,
3248 443 3612 515 εὐαγγελίζονται
3640 460 3663 495 τ

2367 533 2721 605 ,κηρύσσουσι
2753 536 2844 588 τὸν
2891 535 3140 607 Χριστὸν,
3191 537 3381 605 σημεῖα
3403 531 3666 594 ἐπιτελοῦσι,

2394 620 2521 692 κρὸν
2555 621 2884 692 λαμόάνουσι
2916 624 3015 695 τὴν
3042 621 3248 693 δωρεάν
3267 617 3415 676 οὗτοι.
3443 620 3578 674 Τοῦτο
3619 620 3668 673 δι·

2392 712 2540 778 μεῖον
2578 705 2665 780 ἦν·
2697 709 2757 763 τό
2791 727 2848 763 τε
2882 710 2990 781 γάρ
3018 711 3244 774 ἐκείνοις
3285 709 3463 773 δοῦναι,
3500 708 3550 760 τό
3588 723 3637 759 τε

2387 795 2587 856 δοῦναι,
2614 800 2836 868 σημεῖον
2867 787 3120 867 μέγιστον
3149 793 3235 868 ἦν.
3259 800 3320 850 Οἱ
3339 796 3438 866 μὲν
3481 794 3574 850 οὗν
3591 794 3668 847 δια

2381 900 2552 952 μενοι
2596 884 2694 937 καὶ
2740 886 3122 950 λαλήσαντες
3164 884 3270 938 τὸν
3302 884 3464 953 λόγον
3486 882 3575 936 τοῦ
3602 885 3668 935 Κυ

2387 972 2694 1040 ἐστρεψαν
2720 975 2807 1038 είς
2844 971 3253 1043 Ἰεροσόλυμα,
3284 973 3373 1026 καὶ
3399 974 3597 1036 πολλὰς
3634 989 3662 1022 κ

2370 1059 2754 1128 ,Σαμαρειτῶν
2790 1063 3276 1132 εὐηγγελίσαντο.
3309 1061 3478 1125 Καλῶς
3502 1060 3647 1124 οὕτως

2379 1148 2834 1218 μαρτυράμενοι.
2893 1149 3353 1223 Διαμαρτύρονται
3391 1150 3482 1223 γὰρ
3536 1149 3644 1212 ἴσως

2366 1234 2472 1292 ,ἵνα
2495 1237 2570 1307 μὴ
2605 1238 2941 1301 ἀπατῶνται,
2979 1239 3065 1292 ἵνα
3091 1239 3272 1308 λοιπὸν
3294 1241 3350 1292 ἐν
3371 1238 3602 1309 ἀσφαλείᾳ
3623 1233 3667 1290 ὧι

2385 1323 2444 1388 ἐξ
2471 1325 2721 1394 ἀπειρίας
2751 1326 3008 1389 πολλάκις
3037 1329 3457 1398 συναρπαγῶσιν.
3493 1326 3668 1381 Ύπέσι

2397 1410 2798 1481 Ἰεροσόλυμα.
2826 1414 2924 1466 Διά
2942 1414 2993 1467 τί
3032 1415 3190 1468 πάλιν
3213 1415 3424 1469 ἀπίασιν
3443 1419 3559 1479 ἐκεῖ,
3586 1415 3662 1467 ἔνθ

2384 1499 2466 1563 νὶς
2493 1497 2578 1570 ἦν,
2607 1501 2732 1554 ἔνθα
2768 1503 2969 1574 ήάρχὴ
3012 1504 3122 1558 τῶν
3151 1504 3353 1572 κακῶν,
3397 1504 3509 1558 ἔνθα
3545 1506 3589 1558 οἱ
3637 1524 3668 1575 μ

2384 1587 2610 1654 νῶντες;
2645 1591 2909 1663 Καθάπερ
2940 1596 2998 1646 ὲν
3029 1596 3140 1657 τοῖς
3185 1593 3428 1664 πολέμοις
3469 1594 3514 1646 οἱ
3541 1611 3668 1662 στρα·

2383 1673 2523 1740 οῦσι,
2551 1679 2641 1730 καὶ
2666 1677 2724 1730 τὸ
2764 1679 2960 1732 πονοῦν
2991 1681 3084 1733 τοῦ
3126 1681 3360 1752 πολέμου
3390 1681 3536 1753 μέρος
3558 1699 3668 1734 κατο

2384 1778 2458 1815 σι·
2507 1764 2565 1817 τὸ
2615 1766 2867 1822 αὐτὸκαὶ
2923 1760 3068 1822 οὗτοι
3128 1769 3456 1840 ἐργάζονται.
3500 1769 3668 1841 Ὅρα·

2383 1854 2804 1924 προηγουμένως
2850 1857 3176 1927 ἐρχομένους
3205 1859 3284 1920 είς
3313 1858 3614 1929 Σαμάρειαν,
3658 1875 3668 1910 ι

2364 1939 2578 2007 ,μένους
2626 1941 2751 2004 τοὺς
2787 1943 3052 2014 μαθητάς,
3112 1943 3187 2007 ὡς
3233 1945 3324 1997 καὶ
3355 1945 3440 1996 ἐπὶ
3464 1945 3550 1997 τοῦ
3594 1946 3668 2014 Χρ

2359 2028 2505 2089 ,τοὺς
2536 2027 2860 2092 ἀποστόλους
2893 2031 3030 2100 πρὸς
3061 2032 3190 2094 τοὺς
3217 2032 3591 2096 πιστεύσαντας
3641 2033 3668 2103 ’ή

2359 2162 2362 2164 ν
2384 2113 2656 2182 μαρειτῶν
2680 2115 2863 2168 λοιπὸν
2890 2117 3455 2189 ὲξαποστελλομένους.
3499 2119 3668 2174 Ἀκούα

2382 2204 2564 2273 φησὶν,
2594 2207 2648 2258 οι
2681 2206 2751 2258 ἐν
2791 2205 3227 2278 Ἰεροσολύμοις
3264 2207 3595 2276 ἀπόστολοι,
3645 2211 3668 2265 d

2380 2289 2531 2358 πρὸς
2558 2292 2706 2365 [149]
2727 2294 2945 2361 αὐτοὺς
2978 2295 3202 2365 Πέτρον
3226 2297 3324 2350 καὶ
3372 2297 3656 2366 Ἰωάννην.

2380 2379 2795 2435 ἀποστέλλονται
2817 2399 2830 2447 ;
2864 2383 3022 2435 Ὥστε
3047 2384 3351 2451 ἀπαλλάξαι
3374 2386 3592 2456 μαγείας
3614 2387 3668 2439 ai

2379 2465 2479 2534 τῆς
2511 2467 2729 2538 διδαχῆς
2750 2471 3078 2542 ἀναμνῆσαι,
3101 2471 3168 2541 ῆν
3190 2473 3339 2544 παρά
3383 2473 3610 2543 Χριστοῦ
3651 2473 3668 2527 ἒ

2381 2554 2595 2622 πρῶτον
2615 2556 2958 2614 ἐπίστευσαν.
2997 2559 3126 2613 Δέον
3165 2554 3258 2614 οὖν
3289 2560 3589 2616 τούναντίον
3641 2581 3668 2616 α

2379 2639 2516 2712 λάϐῃ
2569 2642 2790 2715 Πνεῦμα
2823 2645 2997 2714 ἀγιον·
3051 2649 3081 2701 ό
3123 2648 3203 2713 δὲ,
3256 2649 3443 2721 ἐπειδὴ
3492 2651 3589 2705 οὐκ
3631 2652 3668 2722 ἐι

2379 2725 2588 2788 τούτου,
2623 2727 2709 2781 ἵνα
2740 2728 2868 2798 διδῷ
2894 2729 3100 2801 ἑτέροις
3147 2733 3303 2785 αίτεῖ.
3338 2735 3524 2788 Καίτοι
3553 2737 3667 2789 ἐκεῖ

2379 2813 2472 2866 6ου
2517 2813 2674 2869 τοῦτο
2703 2815 2840 2869 ὥστε
2869 2817 3066 2872 διδόναι
3103 2819 3146 2858 τ’
3174 2819 3290 2873 ἀλλ’
3316 2821 3503 2893 ἢθελεν
3555 2819 3668 2878 οὗτε

2377 2903 2629 2970 γενέσθαι
2651 2904 3044 2978 λαμπρότερος,
3067 2909 3095 2960 ὁ
3121 2909 3178 2961 ὲν
3206 2911 3316 2984 τοῖς
3346 2911 3611 2983 μαθηταῖς
3633 2913 3668 2966 ἅ

2370 2991 2507 3058 ριόν
2526 3007 2641 3045 σου
2666 2992 2786 3045 σὺν
2817 2994 2915 3047 σοί
2940 2995 3031 3062 εἴη
3056 2999 3143 3062 είς
3169 2997 3490 3056 ἀπώλειαν.
3523 3002 3636 3054 Οὐκ

2377 3075 2550 3130 ταῦτά
2572 3079 2742 3145 ἐστιν,
2787 3080 2924 3134 ἀλλά
2965 3083 3326 3148 παιδεύοντος.
3367 3087 3584 3160 Ἐπειδὴ
3634 3107 3668 3158 γ

2377 3165 2524 3233 αὐτῷ
2553 3166 2652 3219 οὐκ
2683 3168 2972 3238 ἐχρήσατο,
3021 3172 3132 3236 Σοὶ,
3163 3173 3346 3244 φησίν,
3378 3174 3521 3228 ἔστω
3547 3177 3627 3247 τῷ
3665 3203 3668 3212 ~

2377 3250 2444 3306 ἂν
2482 3252 2624 3305 είποι
2656 3271 2757 3318 τις·
2789 3256 3148 3313 Συναπόλοιτο
3170 3263 3307 3332 μετά
3359 3263 3460 3334 τῆς
3490 3281 3668 3335 προαι,

2377 3344 2457 3397 δτι
2490 3343 2630 3397 οὕτω
2659 3345 2828 3416 μικρά
2851 3352 3064 3418 φρονεῖς
3093 3352 3221 3421 περὶ
3256 3351 3354 3423 τῆς
3377 3352 3588 3426 δωρεᾶς
3634 3372 3664 3408 τ

2377 3433 2779 3502 προσεδόκησας
2799 3435 2932 3499 ὅλως
2969 3436 3305 3509 ἀνθρώπινον
3324 3435 3468 3494 εἶναι
3518 3442 3581 3495 τὸ
3631 3462 3668 3496 π

2377 3519 2491 3573 ἐστι
2526 3521 2703 3577 τοῦτο.
2739 3523 2802 3578 Et
2821 3523 2950 3592 γοῦν
2972 3526 3295 3598 προσῆλθεν,
3325 3529 3403 3593 ὡς
3433 3528 3543 3582 ἔδει
3567 3548 3668 3601 πρε

2377 3609 2648 3680 ἀπεδέχθη
2673 3613 2719 3676 ε,
2746 3611 2848 3665 κᾶν
2875 3613 2950 3676 ὡς
2973 3612 3158 3684 λοιμὸς
3189 3615 3290 3669 ούκ
3318 3616 3522 3687 ἠλάθη.
3573 3619 3668 3688 ’ορ

2379 3696 2489 3767 κρά
2518 3697 2647 3764 περὶ
2678 3699 2928 3768 μεγάλων
2951 3701 3354 3773 φανταζόμενος
3382 3705 3554 3759 διπλᾶ
3575 3707 3668 3777 ἀμ.

2377 3785 2555 3840 τοίνυν
2576 3787 2722 3857 αὐτῷ
2744 3788 2973 3842 κελεύει·
3002 3793 3398 3859 Μετανόησον
3428 3793 3533 3847 καὶ
3570 3794 3667 3848 δεῖ

2378 3872 2740 3942 ἀφεθήσεται
2775 3891 2876 3930 σοι
2906 3877 2945 3938 ἡ
2970 3877 3202 3933 ἐπίνοια
3245 3877 3354 3948 τῆς
3384 3881 3650 3948 καρδίας

2376 3954 2446 4030 ἦν
2476 3962 2766 4032 ἐπινοήσας
2788 3979 2841 4015 τι
2877 3965 3130 4034 πονηρόν.
3160 3965 3258 4018 Διά
3295 3965 3462 4020 τοῦτο
3494 3967 3597 4020 καὶ
3633 3963 3668 4021 ε’

2377 4048 2741 4116 ἀφεθήσεταί
2761 4066 2882 4114 σοι,
2909 4052 2990 4104 ὅτι
3015 4051 3131 4122 ᾔδει
3160 4052 3495 4124 ἀδιόρθωτον
3526 4054 3668 4107 ὄντα

2377 4135 2582 4189 δέδοικε
2609 4136 2670 4190 τὸ
2696 4137 2917 4209 πλῆθος,
2951 4141 3042 4192 καὶ
3084 4140 3329 4208 φοϐεῖται
3363 4141 3668 4213 ἀρνήσασθ

2381 4221 2456 4293 μὴ
2497 4223 2821 4295 ἐθορυϐήθη,
2863 4221 3014 4279 εἶπεν
3063 4225 3150 4292 ἂν,
3197 4227 3277 4281 ὅτι
3323 4229 3445 4282 Ούκ
3497 4229 3659 4300 ᾔδειν

2376 4311 2623 4381 ἐποίησα·
2673 4313 2786 4366 ἀλλ’
2815 4314 3108 4385 ἐξεπλάγη,
3141 4315 3340 4387 πρώτῳ
3396 4317 3510 4388 μὲν
3541 4320 3668 4370 ἐκεί

2377 4401 2488 4463 τοῖς
2520 4400 2784 4471 σημείοις·
2817 4400 3052 4472 δευτέρῳ
3099 4403 3153 4456 δὲ
3178 4403 3372 4475 τούτῳ,
3429 4404 3517 4476 τῷ
3539 4407 3615 4459 τὰ
3655 4409 3668 4459 ἐ

2378 4485 2541 4540 αὑτοῦ
2593 4488 2799 4559 φανερά
2831 4489 3096 4556 γενέσθαι.
3135 4490 3235 4544 Διά
3279 4491 3451 4545 τοῦτο
3497 4511 3668 4565 μακρ

2377 4573 2559 4628 λοιπὸν
2579 4577 2658 4638 είς
2684 4577 2779 4646 τὴν
2828 4575 3065 4646 Ῥώμην,
3093 4578 3168 4641 ὡς
3193 4579 3252 4632 ού
3282 4581 3607 4648 φθάνοντος
3640 4586 3664 4633 ε

2379 4662 2584 4716 στόλου.
2637 4665 2877 4730 Πολλάς
2921 4682 3003 4728 τε,
3033 4667 3184 4736 φησὶ,
3244 4666 3457 4735 κώμας
3511 4668 3650 4722 τῶν

2377 4752 2862 4819 εὐηγγελίσαντο.
2883 4753 3040 4824 Ὅρα,
3064 4753 3178 4816 πῶς
3198 4756 3288 4808 καὶ
3307 4757 3368 4809 αί
3389 4757 3516 4808 ὁδοὶ
3542 4759 3668 4810 αὐτα

2375 4832 2533 4909 ἦσαν·
2565 4835 2678 4889 ἀλλ’
2727 4839 2848 4909 οὐχὶ
2873 4839 3054 4903 ἁπλῶς
3085 4840 3365 4895 ἐποιοῦντο
3424 4844 3644 4906 αὑτάς.

2376 4926 2520 4995 ἡμᾶς
2549 4925 2851 4996 ἀποδημίας
2871 4927 2977 4980 ἔδει
3001 4929 3286 4984 ποιεῖσθαι.
3314 4931 3436 4984 Καὶ
3465 4931 3526 4984 τί
3551 4931 3667 5001 λέγι

2379 5013 2569 5067 Πολλοὶ
2598 5014 2789 5084 κώμας
2824 5015 3004 5086 ἔχουσι
3042 5019 3137 5071 καὶ
3185 5020 3386 5090 χωρία,
3426 5022 3538 5074 καί
3576 5023 3648 5074 οὐ

2376 5095 2494 5149 οὐδὲ
2548 5097 2824 5152 ποιοῦνταί
2855 5117 2980 5154 τινα
3029 5099 3206 5170 λόγον·
3258 5102 3378 5156 ἀλλ’
3431 5104 3608 5166 ὅπως
3658 5122 3668 5176 ι

2376 5184 2603 5253 γένοιτο,
2657 5189 2750 5241 καὶ
2777 5189 2925 5253 ὅπως
2944 5187 3012 5243 τά
3061 5191 3349 5261 τιμήματα
3387 5193 3658 5248 ὲπιταθε

2377 5273 2555 5335 αὐλαὶ,
2595 5276 2686 5328 καὶ
2718 5276 2864 5339 ὅπως
2921 5277 3320 5348 οἰκοδομήματα
3379 5299 3668 5337 κατασκε

2376 5359 2473 5431 λην
2520 5363 2751 5433 σπουδὴν
2804 5363 3099 5420 ποιοῦνται·
3146 5368 3294 5432 ὃπως
3322 5369 3387 5422 δὲ
3447 5371 3655 5442 ψυχαὶ

2376 5449 2580 5504 οὐκέτι.
2605 5451 2714 5503 Καὶ
2735 5452 2798 5504 σὺ
2827 5454 2948 5522 μὲν,
2973 5453 3037 5506 ἂν
3052 5455 3292 5520 ἀκάνθας
3325 5458 3508 5529 παρὰ
3539 5460 3659 5530 τὴν

2375 5538 2615 5606 τέμνεις,
2669 5539 2860 5604 καίεις,
2897 5541 3199 5609 ἀφανίζεις,
3253 5544 3406 5598 ὥστε
3454 5547 3576 5616 τὴν
3631 5565 3668 5615 γ

2375 5627 2474 5696 τῆς
2505 5626 2752 5682 ἐντεῦθεν
2791 5627 2987 5700 λύμης·
3031 5631 3172 5704 ὁρῶν
3219 5635 3434 5700 αὐτοὺς
3495 5636 3567 5689 δὲ
3633 5655 3668 5689 τ

2375 5714 2626 5768 ἀκανθῶν
2650 5718 2937 5788 γέμοντας,
2975 5720 3068 5774 καὶ
3103 5721 3201 5774 οὐκ
3239 5723 3587 5793 ἐκτέμνων,
3631 5742 3666 5776 ο

2439 5867 2461 5941 ς
2504 5868 2651 5941 Idem_
2682 5872 2912 5941 rgurgfb
2973 5873 3200 5941 6c§6vgt._
3235 5877 3262 5916 8
3292 5877 3406 5941 Am
3461 5879 3512 5941 ει
3565 5879 3668 5941 γὰρ

2380 5932 2576 5996 ἐγίνετο,
2598 5932 2684 5980 κάν
2707 5931 2960 5990 ἀπεδέξατο
2987 5935 3132 5984 αὐτοῦ
3153 5937 3236 5994 τὴν
3259 5931 3585 5998 προθυμίανζ
