3972 6212
225 403 309 459 Η5
1149 393 1217 449 ΙΝ
1255 391 1435 448 ACTA
1477 386 1996 446 AI‘OSTOLORUM.
2041 386 2266 443 liOMlL.
2315 385 2501 442 XVIII.

220 516 330 573 tioni
366 513 708 579 incumbant;
750 516 805 567 et
842 509 1141 581 quomodo,
1170 507 1309 563 sicut
1348 505 1447 561 sub
1476 505 1655 576 Moyse
1686 518 1778 573 per

218 609 649 679 comparationem
689 604 886 663 ﬁebant
915 604 1171 660 miracula
1211 602 1291 671 (α)
1337 617 1351 655 :
1400 601 1478 654 ita.
1516 608 1571 654 et
1619 612 1776 651 nunc.

218 702 361 771 Magia
404 709 561 763 erat,
612 708 668 754 et
713 705 891 752 tamen
936 696 1049 750 hzec
1084 694 1230 763 signa
1279 691 1553 746 manifesta
1597 697 1778 753 erant,

217 791 429 861 quamvis
448 789 659 843 nullum
683 787 755 842 ibi
774 795 1048 856 oporteret
1065 800 1182 839 esse
1199 782 1603 844 daémoniacum,
1624 794 1783 848 quau-

218 883 473 952 doquidcm
516 899 543 933 a
576 882 749 936 multo
785 881 895 948 jam
942 889 1179 948 tempore
1218 876 1405 945 magiis
1447 871 1785 928 dementabat

220 976 317 1029 illos
342 991 355 1028 :
383 975 513 1042 quia
545 988 677 1027 vero
702 973 852 1027 multi
880 979 1035 1026 erant
1061 969 1409 1033 daemoniaci,
1442 966 1594 1021 multi
1626 978 1781 1034 para-

219 1068 366 1137 lytici;
410 1066 505 1119 illa
554 1065 753 1120 veritas
796 1078 901 1117 non
944 1071 1117 1117 erant.
1157 1061 1252 1115 Hic
1298 1074 1429 1114 vero
1472 1073 1575 1111 non
1617 1055 1782 1125 signis

218 1155 365 1213 modo.
396 1156 495 1209 sed
534 1156 704 1209 verbo
733 1156 853 1209 illos
880 1153 1161 1209 inducebat
1186 1153 1253 1205 de
1282 1166 1445 1220 regno
1472 1148 1667 1204 Christi
1699 1146 1781 1201 lo-

216 1263 371 1316 quens.
400 1251 473 1301 At
505 1249 729 1313 Smun,
771 1248 976 1316 inquit,
1007 1246 1298 1313 baptizatus
1318 1241 1627 1297 adhzerebat
1657 1239 1778 1294 Phi—

216 1338 349 1405 lippo.
376 1338 501 1392 Non
540 1338 665 1392 lidei
695 1352 875 1401 cauSa,
904 1338 1000 1392 sed
1028 1346 1084 1391 ut
1110 1337 1226 1390 talis
1256 1337 1367 1405 ipse
1394 1337 1565 1399 lieret,
1596 1333 1785 1387 adhae-

217 1433 353 1485 rebat.
387 1432 493 1497 Qui
520 1449 642 1485 cum
666 1432 913 1485 venissent
939 1439 1203 1483 oraverunt
1238 1445 1330 1499 pro
1366 1429 1491 1498 ipsis
1510 1467 1525 1492 ,
1568 1436 1622 1479 ut
1652 1425 1784 1478 acci-

217 1535 355 1590 perent
379 1523 650 1591 Spiritum
675 1533 907 1576 sanctum
935 1537 953 1575 :
980 1521 1204 1575 nondum
1230 1521 1360 1574 enim
1397 1521 1450 1573 in
1488 1534 1784 1589 quemquam

218 1616 381 1668 illum
424 1623 661 1668 reuertit.
694 1613 838 1667 Tunc
880 1613 1194 1682 imponebant
1224 1629 1405 1665 manus
1442 1627 1594 1675 super
1630 1610 1778 1672 illos,

222 1707 569 1773 ttm‘citziribattt
614 1706 870 1773 Spiritum
900 1715 1145 1757 sanctum.
1184 1704 1340 1757 Vides
1383 1702 1495 1755 lure
1544 1716 1645 1753 non
1698 1709 1783 1752 ut-

228 1814 408 1865 cumque
435 1799 555 1852 ﬁeri
581 1840 595 1861 ,
634 1797 731 1851 sed
763 1797 923 1851 multa
956 1811 1089 1866 opus
1119 1796 1281 1850 fuisse
1316 1795 1507 1848 virtute
1546 1793 1608 1846 ad
1649 1792 1783 1845 dan-

233 1888 330 1941 dum
354 1890 607 1957 Spiritum
646 1887 934 1941 sanctum?
974 1887 1087 1941 Non
1118 1886 1258 1941 enim
1292 1884 1431 1939 idem
1472 1893 1554 1938 cst
1590 1883 1782 1937 remis-

231 1982 386 2034 sionem
404 1981 700 2051 consequi,
721 1989 774 2036 et
791 1980 949 2036 talem
973 1980 1212 2048 accipere
1232 1986 1565 2049 potestatem.
1598 1975 1785 2030 Videns

223 2088 350 2127 nam
373 2077 588 2141 Simon,
622 2075 764 2143 quod
786 2091 873 2144 per
892 2075 1255 2146 impositionem
1272 2089 1508 2125 manuum
1522 2070 1784 2140 apostolo—

218 2186 303 2218 ram
318 2170 526 2222 daretur
547 2168 784 2237 Spiritus
802 2178 1024 2230 sanctus,
1041 2167 1217 2221 obtulit
1234 2166 1357 2235 ipsis
1370 2166 1629 2235 pecunias.
1647 2163 1782 2218 Num

213 2258 320 2310 alios
346 2259 445 2313 hoc
476 2257 751 2312 facientes
780 2256 947 2311 vidit?
977 2272 1103 2310 num
1142 2256 1481 2325 Philippum?
1520 2269 1643 2307 num
1689 2269 1787 2323 pu-

212 2351 329 2403 tabat
351 2351 505 2416 ipsos
535 2365 649 2403 non
682 2364 865 2414 nosse,
892 2364 997 2418 quo
1023 2349 1109 2402 ille
1129 2349 1305 2399 animo
1326 2346 1637 2400 accederet?
1662 2344 1785 2399 Ideo

210 2444 321 2496 bene
349 2443 552 2497 Petrus
585 2458 699 2495 rem
733 2441 929 2495 donum
959 2451 1145 2503 vocat,
1174 2440 1357 2493 dicens
1387 2456 1399 2490 :
1434 2437 1657 2490 Pecunia
1699 2447 1786 2490 tua

205 2546 340 2587 tecum
381 2536 453 2588 sit
499 2536 557 2587 in
600 2534 970 2604 perditionem,
1017 2534 1253 2603 quoniam
1282 2532 1573 2585 existimasti
1600 2531 1786 2583 donum

209 2623 287 2677 Dei
309 2626 549 2694 pecuniis
579 2624 792 2693 acquiri.
839 2622 1023 2677 Viden‘
1052 2624 1245 2692 ubique
1274 2636 1437 2691 puros
1470 2622 1586 2676 illos
1623 2636 1652 2674 a
1696 2637 1786 2689 pe-

201 2720 387 2775 cuniis?
418 2718 557 2773 Non
585 2727 660 2772 est
700 2718 785 2771 tibi
812 2734 930 2786 pars
970 2732 1126 2785 neque
1158 2732 1268 2769 sors
1302 2717 1352 2769 in
1392 2731 1616 2769 sermone
1643 2714 1737 2768 isto
1767 2728 1785 2767 :

201 2829 274 2865 car
296 2816 425 2866 enim
461 2824 618 2865 tuum
649 2828 749 2865 non
775 2822 847 2865 est
873 2820 1063 2864 rectum
1088 2804 1268 2861 coram.
1305 2808 1426 2861 Deo.
1472 2808 1653 2878 Itaque
1693 2822 1787 2876 per

201 2906 442 2958 malitiam
473 2905 665 2959 omnia
694 2901 923 2957 faciebat
953 2918 966 2954 :
994 2902 1136 2971 atqui
1163 2899 1461 2968 simplicem
1485 2914 1605 2953 esse
1629 2913 1788 2967 opor-

200 2996 345 3050 lebat.
378 2995 756 3050 Paenitentiam
793 2995 959 3062 itaque
982 3010 1093 3063 age.
1131 2990 1194 3044 In
1234 2990 1352 3062 felle
1378 2992 1509 3043 enim
1536 2992 1785 3043 amaritu-

196 3088 336 3151 dinis,
363 3100 410 3142 et
442 3090 504 3141 in
536 3087 746 3140 vinculo
774 3086 1048 3155 iniquitatis
1076 3084 1217 3137 rideo
1245 3094 1290 3137 te
1319 3099 1440 3137 esse.
1469 3082 1670 3152 Magna:
1696 3084 1787 3136 ira:

197 3181 342 3233 verba
372 3189 533 3234 sunt.
564 3178 687 3233 Non
714 3178 865 3246 punit
890 3186 1068 3230 autem
1100 3178 1305 3245 ipsum,
1349 3184 1406 3228 ut
1447 3190 1512 3228 ne
1537 3174 1788 3243 deinceps

194 3272 316 3326 ﬁdes
345 3288 411 3326 ex
444 3270 783 3325 necessitate
810 3279 981 3334 esset,
1011 3283 1111 3322 nec
1136 3284 1223 3322 res
1252 3266 1484 3321 crudelis
1510 3281 1628 3321 esse
1651 3265 1790 3321 vide-

194 3376 363 3429 retur;
398 3374 577 3432 utque
618 3361 983 3431 penitentiam
1029 3359 1304 3414 induceret
1355 3377 1368 3413 :
1424 3359 1507 3412 vel
1551 3359 1673 3429 quia
1720 3358 1787 3413 ad

190 3457 590 3511 correctionem
631 3452 931 3508 sufﬁciebat
967 3452 1246 3521 arguisse,
1287 3460 1340 3504 et
1378 3466 1496 3519 qua:
1534 3450 1585 3503 in
1627 3449 1790 3504 corde

190 3560 335 3602 erant
380 3548 635 3609 dixisse,
677 3555 735 3599 ut
778 3545 865 3599 ille
907 3544 1253 3598 conﬁteretur
1295 3557 1353 3597 se
1388 3550 1599 3611 captum
1647 3556 1788 3596 esse.

188 3644 316 3695 Cum
352 3644 517 3695 enim
542 3641 699 3705 dicit,
737 3636 1022 3692 Precamini
1051 3653 1135 3690 vos
1164 3653 1254 3707 pro
1283 3653 1393 3701 me,
1425 3636 1475 3691 id
1508 3636 1792 3691 conﬁtetur

187 3744 237 3787 ct
278 3734 523 3787 indicat.
567 3729 705 3785 Vide
748 3728 1013 3799 quomodo
1042 3728 1281 3799 quamvis
1323 3728 1578 3783 scelestus
1613 3736 1788 3793 esset,

189 3824 521 3895 redargutus
552 3831 732 3875 tamen
760 3820 984 3875 credidit
1004 3861 1019 3886 ,
1048 3830 1106 3873 ut
1131 3829 1183 3874 et
1224 3818 1436 3873 humilis
1475 3818 1643 3873 factus
1672 3827 1753 3873 est
1772 3859 1788 3886 ,

184 3917 398 3985 quando
427 3916 641 3969 iterum
670 3911 987 3982 redargutus
1010 3920 1109 3965 est.
1153 3911 1336 3965 Videas
1364 3912 1527 3981 signa,
1558 3926 1671 3981 qua:
1699 3910 1791 3977 ﬁe-

186 4008 317 4071 bant,
342 4007 647 4076 obstupuit,
668 4003 954 4059 ostendens
976 4002 1305 4057 mendacium
1333 4001 1515 4065 fuisse,
1540 3999 1791 4071 quidquid

185 4099 292 4167 ipse
320 4099 597 4154 faciebat.
642 4095 756 4152 Non
798 4095 962 4162 dixit,
1009 4095 1281 4161 Accessit;
1322 4094 1450 4159 sed,
1502 4092 1789 4163 Obstupuit.

187 4189 247 4244 Et
273 4208 375 4245 cur
406 4207 533 4245 non
563 4190 667 4245 hoc
695 4189 872 4244 statim
905 4188 1063 4243 facit?
1094 4188 1317 4243 Putabat
1335 4203 1393 4243 se
1422 4203 1576 4258 posse
1605 4187 1789 4255 latere,

185 4288 404 4353 putabat
435 4291 625 4338 artem
652 4297 774 4337 esse
800 4281 940 4352 quod
973 4280 1132 4335 ﬁebat
1163 4298 1177 4334 :
1209 4281 1298 4350 qui
1337 4289 1514 4334 autem
1554 4294 1660 4335 non
1702 4295 1794 4348 po-

185 4383 277 4432 tuit
302 4396 354 4448 at
376 4377 607 4433 ostolos
638 4377 798 4430 latere
819 4418 833 4441 ,
862 4378 1106 4429 accessit.
1138 4375 1179 4427 Α
1208 4375 1379 4428 multis
1406 4376 1557 4441 enim,
1586 4375 1670 4444 qui
1702 4376 1794 4429 Ita-

180 4474 358 4525 bebam
407 4472 637 4540 spiritus
676 4468 995 4531 immundos,
1036 4466 1309 4520 clamantes
1343 4467 1419 4519 illi
1455 4483 1569 4519 voce
1610 4484 1794 4539 magna

181 4566 415 4618 adeant.
475 4562 596 4617 lloc
636 4560 941 4631 egrediendi
985 4560 1192 4630 signum
1239 4559 1577 4615 manifestum
1643 4570 1789 4627 erat;

179 4672 476 4726 magonum
526 4654 833 4723 verosigua
857 4668 889 4707 e
916 4650 1184 4706 contrario
1216 4666 1229 4703 :
1262 4650 1334 4705 illi
1362 4668 1589 4723 namque
1627 4654 1793 4723 magis

178 4750 518 4819 alligalnnt.
550 4746 703 4801 Multi
732 4747 996 4817 paralytici
1018 4756 1062 4801 et
1082 4748 1255 4803 claudi
1281 4748 1446 4802 sanati
1468 4755 1606 4801 sunt.
1636 4745 1792 4801 Nulla

182 4839 265 4895 hic
296 4851 431 4895 erat
467 4838 682 4892 fallacia
710 4854 869 4893 :nam
891 4842 1172 4909 oportebat
1193 4840 1463 4894 ambulare
1489 4847 1543 4893 et
1562 4838 1790 4907 operari.

180 4931 574 4986 Aualtabant
599 4940 764 4984 autem
788 4932 865 4985 illi
901 4948 1090 4995 omnes,
1118 4932 1335 4985 dicentes
1367 4946 1385 4984 :
1416 4928 1512 4983 llic
1540 4939 1613 4983 est
1640 4930 1795 4983 virtus

184 5022 296 5079 Da“.
334 5026 447 5079 llic
480 5022 739 5092 impletur
764 5023 893 5078 illud
923 5024 1117 5079 Christi
1148 5024 1346 5079 dictum
1380 5041 1394 5078 :
1424 5022 1575 5077 Multi
1605 5024 1795 5077 venient

182 5116 581 5181 μοιδοεὴνήιὶ
606 5124 651 5169 et
673 5116 1120 5186 pseudopropheta:
1167 5117 1219 5170 in
1240 5116 1440 5170 nomine
1465 5130 1572 5169 meo
1604 5114 1793 5186 (Marc.

184 5210 269 5265 £3.
303 5210 385 5265 Β
404 5212 455 5279 ).
492 5208 669 5276 Quare
692 5223 799 5264 non
827 5209 1003 5263 statim
1033 5208 1180 5263 illum
1210 5207 1630 5279 redarguerunt?
1655 5207 1796 5262 Satis

184 5304 481 5358 habebant
509 5300 652 5370 quod
681 5315 803 5356 sese
826 5300 1207 5355 condemnaret
1232 5317 1245 5353 :
1272 5300 1467 5355 etenim
1495 5309 1550 5355 et
1577 5300 1678 5355 hoc
1701 5301 1792 5355 do-

181 5402 380 5451 arium
412 5406 560 5449 erat.
589 5395 721 5461 Quia
748 5405 924 5449 autem
954 5396 1202 5450 resistere
1230 5410 1335 5448 non
1366 5404 1601 5464 ponerat,
1631 5394 1797 5449 simu-

180 5496 289 5551 bt.
313 5501 385 5546 ut
422 5489 572 5560 magi
611 5488 688 5543 illi
730 5490 820 5559 qui
859 5488 1106 5545 dicebant
1146 5506 1160 5543 :
1214 5486 1329 5542 Hoc
1366 5488 1551 5559 digitus
1592 5487 1688 5543 Dei
1722 5498 1796 5543 est

238 5691 323 5752 (ο)
362 5686 507 5738 Cum
522 5687 595 5752 ait
630 5685 723 5735 sub
744 5691 904 5748 ltoyse
930 5681 1159 5752 miracula
1184 5695 1273 5745 per
1294 5685 1703 5752 commrationem
1728 5683 1795 5734 τις

180 5744 261 5797 csa
302 5744 450 5800 cane
476 5781 494 5801 .
520 5748 564 5794 id
604 5755 707 5807 est,
734 5744 1255 5809 per'comtnrationem
1286 5744 1417 5796 cum
1435 5744 1679 5809 miraculis
1702 5760 1793 5809 per

170 5828 349 5925 nus-gain
382 5812 632 5875 puts-stis,
659 5806 1063 5873 caprottabantur
1086 5820 1201 5858 esse
1223 5821 1340 5862 vera
1363 5816 1417 5861 et
1446 5821 1475 5858 a
1508 5806 1616 5859 Deo
1650 5806 1794 5872 proﬂ-

3343 390 3447 448 146

1891 500 2089 571 (Exod.
2120 504 2173 560 8.
2206 503 2314 573 19).
2344 503 2419 558 Ne
2444 518 2572 559 vero
2599 520 2782 561 rursus
2812 506 3191 577 expelleretur,
3223 508 3345 564 ideo
3374 514 3458 563 ad-

1886 593 2117 650 hterebat
2148 595 2410 665 Philippo,
2440 612 2539 652 nec
2567 597 2871 654 recedebat.

1955 690 2007 741 4.
2036 688 2167 754 Quot
2189 690 2317 742 bona
2338 707 2471 743 mors
2494 691 2739 759 Stephani
2760 693 3155 748 attulerit.—Tu
3181 709 3309 749 vero
3331 693 3457 747 mihi

1887 779 2154 847 perpende
2173 820 2189 844 ,
2220 791 2349 849 quot
2376 792 2677 852 quantaque
2707 783 3081 854 dispensentur
3113 802 3205 854 per
3231 798 3458 840 mortem

1887 870 2161 939 Stephani.
2197 871 2581 942 Disperguutur
2605 890 2700 943 per
2725 875 2967 945 regiones
2991 875 3186 930 Judzere
3207 886 3259 931 et
3278 876 3467 931 Sama-

1888 964 1978 1017 rire
1994 1006 2009 1029 ,
2033 967 2395 1035 evangelizaut
2413 967 2656 1033 verbum,
2685 968 2975 1037 prardieant
2998 967 3289 1033 Christum,
3311 970 3461 1038 signa

1887 1055 2082 1120 edunt,
2116 1056 2366 1125 paulatim
2399 1058 2447 1110 hi
2477 1058 2673 1113 donum
2702 1060 2987 1130 accipiunt.
3023 1060 3133 1114 Hoc
3162 1060 3351 1128 duplex
3384 1060 3461 1115 si-

1886 1162 2046 1217 gnum
2080 1159 2196 1203 erat
2225 1170 2237 1205 :
2266 1165 2387 1203 nam
2413 1160 2465 1204 et
2494 1152 2597 1204 illis
2625 1151 2751 1204 dare
2782 1162 2832 1205 ct
2866 1151 2987 1206 huic
3012 1167 3115 1205 non
3144 1151 3271 1206 dare
3291 1192 3305 1215 ,
3348 1167 3463 1205 ma-

1887 1258 2049 1312 gnum
2079 1254 2194 1299 erat
2231 1246 2460 1315 signum.
2496 1245 2584 1298 23.
2616 1245 2680 1298 Et
2708 1245 2785 1298 illi
2812 1246 3007 1314 quidem
3036 1246 3286 1313 testiﬁcati
3314 1257 3357 1297 et
3386 1246 3464 1298 lo-

1887 1336 2029 1401 qnuti
2053 1336 2251 1388 verbum
2280 1336 2500 1400 Domini,
2524 1339 2703 1391 reversi
2724 1348 2840 1391 sunt
2866 1339 2915 1390 in
2936 1337 3237 1403 Jerusalem,
3264 1348 3310 1391 et
3337 1338 3469 1390 ntul-

1889 1431 1952 1483 tis
1996 1429 2114 1483 vicis
2158 1431 2594 1486 Samaritanorum
2640 1432 3061 1502 evangelisabant.
3114 1432 3254 1486 Bone
3296 1431 3460 1494 dixit,

1888 1521 2183 1589 Tcsti/icati.
2207 1523 2578 1577 Testiﬁcantur
2605 1522 2828 1577 fortasse
2849 1535 3063 1593 propter
3090 1524 3256 1587 illum,
3284 1540 3348 1576 ne
3373 1523 3467 1575 dc-

1888 1616 2172 1683 cipiantnr,
2207 1622 2261 1667 ut
2288 1625 2466 1683 postea
2497 1614 2547 1667 in
2580 1624 2691 1668 tuto
2711 1626 2912 1681 essent,
2943 1631 3006 1669 ne
3036 1617 3292 1683 inesperti
3324 1631 3466 1683 swpe

1889 1706 2278 1774 aht-ipercntur.
2312 1707 2514 1761 Reversi
2554 1718 2668 1760 sunt
2704 1706 3092 1777 Jerosolymam.
3133 1707 3239 1762 Cur
3275 1709 3463 1762 iterum

1890 1797 1979 1850 illo
2007 1797 2326 1861 concedunt,
2357 1798 2443 1851 ubi
2477 1798 2713 1869 tyrannis
2742 1808 2889 1863 erat,
2920 1799 3005 1853 ubi
3034 1799 3292 1852 malorum
3325 1799 3467 1868 prin-

1888 1892 2110 1959 cipium,
2143 1891 2229 1945 ubi
2256 1892 2485 1945 maxime
2517 1892 2838 1961 sanguinarii
2879 1894 3068 1946 erant?
3110 1892 3175 1949 llt
3220 1893 3272 1947 in
3316 1894 3468 1948 bellis

1889 1982 2049 2037 duces
2080 1982 2311 2048 faciunt,
2350 1994 2403 2037 et
2441 1984 2581 2039 bello
2623 1985 2947 2039 laborantem
2989 1996 3189 2055 partem
3223 1996 3407 2055 petunt
3448 2002 3462 2038 :

1893 2072 2118 2142 idipsum
2166 2074 2216 2127 bi
2267 2084 2535 2143 praestant.
2583 2075 2713 2130 Vide
2752 2092 2962 2130 rursum
3012 2093 3115 2130 non
3161 2080 3331 2146 primo
3375 2093 3465 2131 ve-

1890 2168 2094 2221 nientes
2120 2167 2442 2234 Samariam,
2471 2167 2563 2222 sed
2592 2167 2773 2237 pulsos
2798 2168 3101 2235 discipulos,
3129 2170 3265 2222 sicut
3290 2178 3343 2222 et
3370 2169 3467 2223 sub

1888 2258 2119 2322 Christo,
2152 2269 2204 2314 et
2231 2261 2501 2329 apostolos
2528 2259 2593 2313 ad
2624 2274 2718 2314 eos
2746 2260 3133 2326 Samaritanus,
3167 2263 3253 2331 qui
3286 2261 3460 2314 credi-

1888 2352 2107 2416 derant,
2138 2351 2349 2406 demum
2390 2352 2601 2409 missos.
2629 2351 2754 2408 Cum
2782 2354 3034 2437 audissent
3062 2364 3245 2416 autem,
3278 2354 3465 2424 inquit,

1889 2445 2135 2516 apostoli,
2163 2446 2249 2516 qui
2282 2454 2423 2500 erant
2448 2444 2813 2518 Jerosolymis,
2841 2449 3079 2501 miserunt
3118 2448 3185 2501 ad
3223 2449 3336 2501 illos
3367 2448 3468 2501 Pe-

1891 2551 2021 2595 trum
2048 2552 2094 2596 et
2121 2540 2390 2595 Joannem.
2422 2540 2530 2596 Cur
2558 2543 2877 2597 mittuntur?
2917 2541 2983 2598 Ut
3024 2541 3142 2596 illos
3170 2543 3399 2597 lihereut
3439 2558 3467 2596 a

1891 2634 2092 2703 magia,
2138 2642 2194 2687 ut
2237 2633 2339 2686 illis
2385 2632 2680 2688 doetrinam
2730 2644 3186 2696 commemorent,
3236 2650 3393 2702 quam
3438 2648 3468 2686 a

1889 2728 2100 2784 Christo
2127 2726 2443 2782 didicerant.
2470 2728 2600 2781 Cum
2631 2736 2902 2796 oporteret
2932 2742 3060 2796 ergo
3086 2727 3229 2780 illum
3258 2736 3469 2779 eontra-

1891 2820 2025 2875 rium
2054 2828 2268 2891 petere,
2300 2830 2355 2872 ut
2383 2820 2645 2888 acciperet
2672 2818 2924 2886 Spiritum
2953 2828 3191 2871 sanctum
3213 2859 3229 2883 ,
3264 2819 3306 2871 is
3342 2818 3469 2871 illud

1891 2910 2023 2965 nihil
2050 2924 2269 2972 curans,
2303 2910 2434 2980 petit
2461 2918 2518 2962 ut
2546 2909 2665 2963 aliis
2691 2909 2821 2963 dare
2854 2910 3017 2976 possit
3048 2924 3061 2962 :
3092 2909 3190 2962 etsi
3224 2908 3321 2977 ipsi
3362 2923 3469 2962 non

1892 3004 2038 3059 illmn
2084 3005 2152 3057 ita
2192 3015 2542 3072 acceperant,
2585 3012 2641 3056 ut
2671 3002 2797 3056 dare
2838 3011 3071 3071 possunt.
3116 3002 3218 3055 Sed
3262 3001 3471 3056 volebat

1892 3100 1979 3153 hic
2023 3098 2267 3167 Philippo
2305 3097 2498 3151 clarior
2526 3111 2664 3161 esse,
2694 3095 2782 3163 qui
2826 3096 2963 3148 inter
3001 3093 3285 3162 discipulos
3330 3101 3465 3148 erat.

1893 3191 2119 3245 Pecunia
2146 3201 2231 3243 tua
2259 3202 2414 3244 tecum
2436 3191 2497 3243 sit
2520 3190 2571 3242 in
2594 3189 2937 3259 perditionem.
2962 3187 3076 3242 Non
3107 3186 3466 3256 imprecantis,

1891 3282 1986 3339 sed
2017 3282 2334 3351 corrigentis
2363 3280 2476 3335 inec
2504 3291 2647 3335 sunt.
2678 3282 2808 3347 Quia
2834 3280 2977 3335 enim
3018 3279 3105 3333 illa
3150 3295 3253 3333 non
3294 3289 3347 3332 ut
3376 3294 3471 3348 par

1892 3385 2006 3431 erat
2050 3375 2318 3437 utebatur,
2353 3374 2469 3429 Tibi
2506 3375 2606 3436 sit,
2649 3374 2854 3443 inquit,
2898 3373 2985 3443 qui
3029 3372 3146 3426 talis
3182 3387 3269 3434 es;
3310 3387 3371 3425 ac
3423 3370 3469 3425 si

1892 3471 2013 3540 quis
2040 3469 2245 3523 diceret
2277 3486 2289 3522 :
2325 3467 2455 3523 Cum
2488 3468 2760 3537 proposito
2791 3477 2880 3520 tuo
2922 3474 3140 3535 pereat,
3180 3464 3319 3534 quod
3365 3475 3468 3517 tam

1891 3561 2067 3615 viliter
2095 3562 2293 3616 sentias
2321 3560 2389 3615 de
2419 3561 2559 3615 dono
2590 3560 2704 3623 Dei,
2734 3558 2875 3629 quod
2903 3558 3159 3627 Sperabas
3184 3556 3471 3611 humanam

1894 3653 2112 3708 omnino
2166 3669 2279 3708 rem
2305 3667 2425 3707 esse
2458 3670 2471 3706 :
2504 3667 2613 3706 non
2646 3653 2716 3706 ita
2746 3668 2803 3706 se
2834 3651 3014 3706 habet.
3041 3649 3097 3706 Si
3120 3665 3245 3719 ergo
3283 3664 3473 3703 acces-

1894 3744 2085 3809 sisset,
2117 3754 2175 3797 ut
2222 3743 2581 3799 accedendum
2632 3752 2771 3808 erat,
2826 3743 3013 3797 saltem
3062 3750 3306 3810 receptus
3345 3741 3473 3795 fuis-

1894 3835 2041 3902 set‘,
2087 3836 2273 3888 saltem
2320 3849 2423 3887 non
2473 3842 2527 3886 ut
2564 3835 2727 3901 pestis
2770 3833 2998 3901 rejectus
3038 3833 3241 3887 fuisset.
3282 3832 3473 3887 Viden'

1895 3942 2016 3982 eum
2035 3966 2048 3989 ,
2073 3926 2159 3995 qui
2191 3939 2347 3995 parva
2378 3925 2445 3979 de
2476 3926 2678 3993 magnis
2705 3924 2885 3988 sentit,
2914 3924 3193 3994 dupliciter
3213 3924 3473 3995 peccare?

1898 4019 2011 4072 Duo
2041 4018 2199 4087 igitur
2227 4016 2299 4071 illi
2333 4015 2571 4085 pra2cipit
2602 4032 2616 4068 ε
2653 4014 3006 4069 Paenitentiam
3031 4032 3152 4086 age,
3192 4027 3237 4069 et
3281 4033 3396 4078 ora,
3429 4016 3471 4069 si

1899 4110 2031 4181 forte
2067 4113 2348 4164 remittatur
2390 4110 2476 4163 tibi
2517 4110 2749 4181 cogitatio
2784 4110 2949 4165 cordis
2986 4110 3056 4162 tui
3087 4127 3104 4162 :
3133 4119 3235 4161 tam
3278 4109 3471 4162 malam

1896 4217 2010 4257 rem
2039 4202 2382 4273 cogitaverat.
2414 4202 2534 4257 Ideo
2553 4204 2655 4268 ait,
2680 4202 2742 4257 Si
2767 4203 2896 4270 forte
2915 4202 3190 4255 remittatur
3210 4200 3326 4263 tibi,
3349 4201 3471 4270 quia

1896 4296 2100 4352 sciebat
2126 4298 2537 4368 iucorrigibilem
2566 4311 2703 4352 esse.
2737 4298 2806 4351 At
2842 4296 2929 4351 ille
2970 4296 3145 4350 timuit
3177 4294 3471 4349 multitudi-

1898 4407 2051 4453 nem,
2093 4400 2149 4445 et
2187 4390 2372 4443 metuit
2410 4404 2626 4459 negare.
2658 4387 2815 4443 Certe
2847 4388 2945 4443 nisi
2989 4388 3229 4443 turbatus
3259 4388 3471 4453 fuisset,

1896 4485 2119 4540 dixisset
2149 4484 2359 4553 utique,
2388 4496 2448 4536 se
2474 4481 2760 4537 uescivisse
2781 4491 2834 4535 ct
2854 4480 3215 4550 imprudenter
3244 4480 3431 4535 fecisse
3457 4498 3470 4534 :

1897 4589 1952 4634 at
1981 4579 2072 4633 ille
2101 4578 2375 4647 perculsus
2402 4584 2503 4640 est,
2535 4579 2725 4643 primo,
2750 4574 2889 4644 quod
2915 4574 3080 4643 signis
3103 4583 3286 4643 captus
3309 4583 3469 4638 esset;

1898 4671 2154 4737 secundo,
2186 4668 2325 4739 quod
2355 4683 2473 4735 qua:
2500 4669 2551 4721 in
2583 4678 2759 4722 mente
2789 4669 3053 4731 versabat,
3083 4667 3359 4722 manifesta
3389 4683 3474 4723 es-

1898 4774 2038 4820 sent.
2068 4763 2190 4817 Ideo
2220 4761 2403 4833 procul
2434 4771 2614 4830 postea
2643 4760 2807 4824 abiit,
2840 4774 3029 4828 nempe
3051 4759 3292 4826 Romam,
3322 4761 3472 4829 quasi

1899 4872 2006 4911 non
2033 4866 2287 4910 venturus
2313 4854 2405 4908 illo
2432 4863 2574 4909 esset
2598 4851 2889 4920 apostolus.
2921 4850 3126 4913 Multis,
3159 4852 3328 4919 inquit
3346 4892 3361 4913 ,
3389 4868 3471 4905 re-

1899 4948 2126 5020 gionibus
2149 4946 2581 5001 Samaritanorum
2602 4941 3027 5012 euangelizabant.
3055 4941 3185 4995 Vide
3207 4943 3474 5011 quomodo

1901 5044 2011 5112 ipsa
2042 5041 2226 5095 itinera
2257 5039 2361 5093 illis
2392 5037 2659 5107 negotium
2702 5033 2992 5089 aﬂ'erebant
3030 5051 3043 5087 :
3082 5033 3175 5088 sed
3214 5049 3318 5087 non
3358 5034 3475 5089 sine

1899 5148 2057 5188 causa
2089 5133 2188 5186 iter
2214 5130 2594 5200 suscipiebant.
2625 5128 2779 5183 Tales
2810 5142 2907 5182 nos
2932 5127 3273 5197 migrationes
3300 5127 3477 5184 facere

1900 5232 2189 5296 oporteret.
2221 5222 2289 5278 Et
2314 5221 2441 5294 quid
2469 5222 2589 5276 dico
2613 5220 2995 5290 migrationes?
3022 5219 3169 5274 Multi
3196 5225 3344 5277 vicos
3374 5220 3474 5277 ha-

1901 5317 2027 5371 bent
2053 5326 2107 5369 et
2132 5330 2310 5385 agros,
2339 5323 2394 5369 et
2420 5328 2523 5367 non
2574 5312 2661 5366 illa
2691 5319 2913 5377 curant;
2941 5310 3035 5365 sed
3060 5312 3327 5381 quomodo
3358 5312 3477 5370 bal-

1903 5426 2061 5465 neum
2103 5410 2225 5473 ﬁat,
2256 5417 2311 5463 et
2347 5406 2513 5477 pretia
2552 5414 2827 5472 crescant,
2868 5414 2927 5459 ut
2953 5406 3087 5459 aulae
3124 5415 3176 5461 et
3210 5406 3476 5463 domicilia

1902 5510 2297 5566 construantur,
2343 5499 2563 5554 multam
2608 5499 2809 5554 habent
2848 5498 3299 5565 sollicitudinem;
3339 5514 3493 5568 quo-

1903 5596 2063 5652 modo
2090 5596 2262 5649 autem
2291 5595 2480 5647 anima:
2507 5592 2836 5655 excolantur,
2866 5607 2972 5646 non
3000 5593 3146 5646 item.
3178 5592 3243 5645 Et
3272 5599 3324 5643 tu
3352 5589 3474 5657 qui-

1902 5691 2059 5754 dem,
2088 5687 2133 5743 si
2161 5686 2341 5757 spinas
2375 5686 2426 5740 in
2453 5700 2580 5755 agro
2604 5685 2814 5749 videas,
2846 5698 3027 5748 secas,
3062 5682 3193 5747 uris,
3221 5679 3473 5748 destruis,

1968 5804 1984 5835 ι
2012 5800 2159 5852 Juxta
2182 5799 2302 5851 alios
2325 5797 2587 5862 legendum
2607 5833 2621 5856 ,
2643 5798 2686 5849 si
2706 5797 2832 5848 enim
2854 5794 2901 5845 in
2924 5791 3221 5862 cordefccto
3243 5790 3468 5862 accessis-

1908 5874 1997 5928 set,
2021 5868 2200 5918 saltem
2229 5854 2403 5916 bonan'i
2421 5860 2569 5928 ipsius
2602 5854 2885 5911 coluntatcm
2914 5854 3174 5915 exemisset
3194 5854 3462 5913 θροιςιοιιιι
