4014 6218
441 371 538 427 NT

438 497 493 537 ut
520 496 714 537 terram
744 477 811 533 ab
837 476 935 531 hac
960 474 1191 544 pernicie
1217 472 1411 526 liberes
1439 487 1453 523 :
1487 469 1574 525 ubi
1603 478 1777 524 autem
1804 466 2007 537 agrico-

438 576 512 628 las
543 572 689 625 vides
714 568 882 637 alpinis
912 566 1117 634 plenos,
1143 579 1243 621 nec
1273 574 1515 626 resecas;
1556 573 1660 613 non
1706 559 1859 614 times
1880 598 1895 622 ,
1925 555 2012 611 dic

436 662 563 717 mihi
584 703 599 727 ,
630 674 729 715 nec
757 657 1094 714 exhorrescis
1117 697 1131 718 ,
1164 654 1310 708 illum
1349 653 1586 723 cogitans
1622 649 1711 720 qui
1750 647 2011 702 rationem

434 762 724 808 exacturus
750 750 868 806 est?
905 763 1081 802 annon
1120 753 1391 815 oporteret
1428 742 1659 812 singulos
1699 739 1882 794 lideles
1918 752 2011 792 ec-

433 844 649 899 clcsiam
666 851 998 906 construere,
1016 840 1287 895 doctorem
1313 836 1509 892 habere
1525 834 1589 889 ad
1609 828 2014 889 conferendum?

433 946 558 991 ante
601 934 777 989 omnia
828 932 954 987 illud
996 932 1049 985 in
1094 945 1257 1000 scopo
1304 927 1531 989 habere,
1583 933 1640 980 ut
1680 937 1866 979 omnes
1908 921 2014 974 sint

432 1025 763 1088 Christiani?
791 1023 1089 1093 Quomodo,
1121 1036 1323 1093 quaso,
1369 1016 1700 1077 Christianus
1728 1014 1830 1070 erit
1870 1012 2011 1082 agri-

434 1128 582 1190 cola,
610 1138 731 1178 eum
762 1133 813 1177 te
842 1118 1017 1174 videat
1044 1116 1123 1171 sic
1154 1125 1294 1169 tuam
1322 1114 1589 1182 negligere
1616 1104 1876 1163 salutem?
1897 1104 2012 1159 Non

437 1232 589 1287 pates
618 1216 791 1271 facere
820 1214 991 1283 signa,
1032 1216 1086 1265 et
1120 1208 1196 1264 sic
1227 1203 1580 1277 persuadere?
1618 1202 1819 1270 Quibus
1864 1207 2014 1268 potes

437 1310 699 1381 persuade
728 1350 743 1373 ,
801 1304 1167 1368 humanitate,
1220 1297 1537 1371 patrocinio,
1586 1292 2009 1357 mansuetudine,

438 1401 729 1465 blanditiis,
758 1398 982 1467 aliisque
1010 1392 1275 1448 onmibus.

510 1493 750 1548 Ecclesiae
786 1492 838 1545 in
875 1489 1027 1543 villis.
1058 1517 1127 1527 —
1154 1486 1289 1541 Fora
1317 1483 1529 1554 quidem
1561 1491 1613 1536 et
1642 1479 1826 1535 balnea
1859 1475 2011 1531 multi

438 1587 657 1649 faciunt,
686 1583 937 1639 ecclesias
969 1595 1095 1635 vero
1134 1577 1388 1642 minime;
1417 1575 1593 1629 omnia
1628 1572 1822 1642 potius,
1854 1585 2011 1640 quam

439 1679 560 1733 hoc.
590 1675 712 1732 ldeo
735 1674 995 1729 admoneo
1022 1679 1076 1725 et
1098 1668 1357 1738 supplico,
1386 1666 1715 1737 gratiamque
1740 1670 1880 1733 peto,
1908 1662 2015 1714 imo

438 1769 608 1840 legem
637 1782 776 1838 pono
800 1808 816 1831 ,
847 1774 905 1821 ut
930 1778 1088 1818 nemo
1116 1762 1289 1816 villam
1323 1761 1514 1815 habeat
1539 1758 1762 1814 ecclesia
1794 1771 1898 1810 non
1929 1756 2014 1809 in-

440 1873 718 1920 structam.
747 1860 825 1916 Ne
855 1858 983 1913 mihi
1011 1856 1229 1919 dixeris,
1260 1855 1430 1924 Pr0pe
1459 1861 1559 1916 est,
1593 1852 1645 1905 in
1676 1850 1866 1905 vicinia
1891 1858 1972 1903 est
1998 1865 2011 1901 :

440 1955 602 2010 multa
632 1962 714 2009 est
742 1953 1003 2022 impensa,
1032 1948 1271 2003 modicus
1298 1954 1604 2017 proventus.
1627 1942 1682 1998 Si
1703 1943 1828 2013 quid
1852 1942 2015 1997 habes

438 2045 765 2116 erogandum
814 2041 1167 2113 patiperibus,
1212 2039 1311 2094 hac
1351 2040 1402 2093 in
1447 2054 1503 2093 re
1544 2039 1750 2093 insume
1780 2054 1793 2090 :
1827 2036 2017 2091 melius

438 2140 566 2203 illic,
598 2152 753 2208 quam
788 2136 873 2191 hic
905 2154 918 2191 :
950 2136 1032 2191 ale
1064 2135 1360 2200 doctorem,
1391 2133 1474 2187 ale
1510 2132 1813 2197 diaconum,
1844 2140 1897 2185 et
1926 2146 2017 2185 sa-

439 2229 767 2286 cerdotalem
797 2235 1017 2282 acetum.
1047 2232 1125 2283 Ac
1153 2226 1196 2279 si
1225 2239 1443 2279 uxorem
1475 2223 1557 2278 vel
1585 2238 1835 2293 sponsam
1858 2222 2018 2276 duce-

440 2337 550 2388 res,
573 2336 635 2377 ac
660 2319 705 2374 si
733 2319 892 2374 ﬁliam
923 2319 1148 2381 locares,
1173 2317 1250 2371 sic
1274 2324 1392 2371 esto
1420 2330 1541 2384 erga
1572 2313 1862 2369 Ecclesiam
1890 2312 2018 2367 alie-

440 2424 559 2470 ctus
589 2432 601 2466 :
630 2414 808 2467 dotem
853 2411 951 2480 ipsi
986 2411 1195 2479 largire.
1227 2410 1315 2463 Sic
1358 2408 1448 2462 tibi
1488 2408 1609 2460 villa
1650 2406 2017 2460 benedictione

446 2505 755 2574 replebitur.
801 2502 936 2565 Quid
980 2500 1100 2553 boni
1149 2515 1251 2552 non
1295 2500 1400 2552 illic
1437 2498 1577 2552 erit?
1615 2513 1870 2566 parumne
1896 2508 2014 2560 est,

442 2610 623 2663 qua‘so
647 2635 659 2655 ,
697 2593 927 2645 torcular
965 2590 1249 2643 benedici?
1280 2605 1537 2659 parumne
1565 2599 1645 2642 est
1679 2590 1838 2642 Deum
1872 2588 2018 2656 prius

443 2703 509 2743 ex
549 2686 793 2741 Omnibus
828 2685 1081 2737 fructibus
1127 2685 1229 2737 tuis
1268 2693 1465 2737 sortem
1504 2691 1557 2735 et
1595 2682 1850 2750 primitias
1879 2682 2012 2734 acci-

444 2780 613 2849 pere?
636 2776 716 2831 Ad
744 2792 926 2843 pacem
953 2775 1301 2845 agricolarum
1332 2775 1431 2828 huc
1455 2774 1579 2827 utile
1606 2783 1707 2828 est.
1736 2772 2019 2828 Venerabi-

445 2869 510 2923 lis
530 2868 629 2923 erit
652 2875 830 2936 postea
856 2868 1150 2938 presbyter,
1178 2867 1411 2936 illudque
1432 2866 1495 2920 ad
1519 2867 1654 2921 villze
1678 2868 2014 2921 securitatem

444 2962 725 3016 eondncet.
748 2960 1029 3016 Orationes
1051 2960 1158 3015 illic
1180 2970 1447 3031 perpetua:
1468 2977 1565 3030 pro
1587 2968 1636 3015 te
1662 2960 1806 3026 fient,
1836 2959 2016 3030 hymni

443 3064 497 3107 et
516 3066 744 3124 synaxes
766 3060 982 3120 propter
1004 3061 1073 3116 te,
1091 3051 1287 3105 oblatio
1310 3051 1529 3120 singulis
1551 3050 1859 3105 Dominicis.
1881 3050 2018 3115 Quid

446 3145 614 3216 magis
643 3143 1008 3199 admirandum
1035 3153 1119 3198 est
1138 3184 1154 3207 ,
1182 3143 1322 3209 quod
1352 3144 1438 3196 alii
1476 3141 1749 3212 splendida
1779 3141 2018 3211 sepulcra

444 3244 755 3300 exstruant,
784 3244 841 3289 ut
880 3235 1075 3305 posteri
1107 3233 1355 3300 audiant,
1390 3234 1533 3288 illum
1564 3235 1719 3289 talem
1752 3234 1865 3288 haec
1892 3249 2021 3288 eon-

445 3329 740 3392 struxisse;
784 3342 851 3381 an
890 3326 1031 3396 quod
1072 3336 1126 3380 tu
1168 3327 1422 3382 ecclesias
1458 3328 1812 3382 excitaveris?
1838 3328 2019 3399 Cogita

446 3430 498 3475 te
528 3434 694 3489 usque
724 3418 788 3472 ad
818 3416 1012 3473 ChriSli
1051 3418 1337 3473 adventurm
1380 3418 1679 3474 mercedem
1720 3419 2019 3475 habiturum

443 3527 585 3577 esse,
616 3512 661 3566 si
690 3512 857 3566 altare
888 3510 982 3566 Dei
1014 3511 1348 3566 excitaveris.

515 3603 569 3659 5.
612 3605 706 3659 Dic
742 3603 885 3658 enim
931 3603 1058 3657 mihi
1083 3644 1099 3669 ,
1127 3602 1172 3656 si
1211 3601 1505 3672 Imperator
1545 3603 1635 3658 tibi
1682 3606 2022 3675 prmcepisset

443 3696 659 3751 domum
686 3706 995 3761 exstruere,
1026 3704 1086 3749 ut
1111 3694 1201 3749 illo
1232 3693 1608 3759 diversaretur,
1643 3712 1818 3753 nonne
1843 3699 2020 3753 omnia

445 3791 730 3846 moveres?
768 3790 837 3844 At
878 3803 1019 3843 nunc
1058 3788 1201 3859 regia
1244 3797 1327 3843 est
1365 3787 1560 3844 Christi
1600 3790 1824 3845 ecclesia
1864 3806 2021 3861 quam

444 3882 695 3937 :edificas.
726 3880 804 3937 Ne
832 3890 1101 3950 sumptum
1129 3889 1372 3950 spectes,
1410 3881 1503 3936 sed
1535 3880 1761 3936 fructum
1790 3894 1973 3952 reputa
2004 3901 2018 3940 :

446 3977 519 4029 illi
545 3975 725 4029 colunt
752 3983 969 4040 terram,
994 3982 1049 4028 tu
1075 3974 1192 4030 Cole
1218 3972 1428 4027 illorum
1451 3975 1693 4041 animas;
1718 3976 1791 4030 illi
1820 3975 2021 4032 fruetus

447 4066 537 4120 tibi
564 4065 811 4132 afferunt,
842 4074 894 4120 tu
924 4056 1042 4121 illos
1072 4064 1209 4121 infer
1240 4066 1291 4119 in
1319 4066 1528 4119 caelum.
1559 4066 1657 4133 Qui
1688 4068 1890 4120 initium
1921 4068 2019 4121 de~

445 4158 555 4223 dit,
582 4159 627 4215 is
655 4159 879 4213 aliorum
919 4158 1155 4214 omnium
1190 4174 1346 4213 causa
1375 4168 1476 4213 est.
1510 4159 1649 4230 Ergo
1672 4171 1723 4215 et
1755 4169 1807 4215 tu
1837 4169 2022 4215 auctor

366 4272 371 4277 -
446 4250 585 4313 eris,
612 4249 754 4319 quod
782 4248 1150 4303 catechumeui
1194 4249 1300 4302 sint
1343 4249 1395 4301 in
1440 4250 1625 4303 vicinis
1667 4249 1824 4304 villis.
1865 4248 2021 4305 Certe

448 4338 635 4392 balnea
666 4338 936 4392 molliores
965 4338 1189 4391 reddunt
1225 4339 1506 4408 agricolas,
1537 4354 1791 4408 cauponze
1818 4340 2019 4396 delica-

446 4431 609 4483 tiores
636 4444 649 4478 :
677 4436 732 4481 et
760 4437 936 4481 tamen
966 4426 1079 4480 haec
1108 4429 1377 4497 apparatis
1405 4439 1619 4499 propter
1644 4431 1887 4501 gloriam.
1917 4432 2021 4489 Fo-

447 4536 561 4575 rum
592 4528 645 4575 et
671 4518 1008 4574 celebritates
1038 4520 1155 4573 illos
1185 4520 1413 4575 reddunt
1452 4522 1833 4591 petulantiores
1862 4544 1875 4580 :
1907 4526 2019 4582 hmc

445 4618 623 4665 autem
650 4608 866 4664 omnino
892 4625 1065 4665 seeos.
1097 4612 1303 4677 Quanta
1332 4613 1471 4666 enim
1505 4628 1589 4669 res
1619 4614 1809 4683 fuerit,
1841 4617 2019 4675 videre

448 4700 814 4771 presbyterum
843 4700 908 4755 ad
940 4702 1240 4771 exemplum
1272 4702 1505 4758 Abraha!
1529 4705 1856 4762 incedentem
1882 4749 1896 4772 ,
1927 4725 2016 4764 ca-

448 4808 573 4848 num
591 4835 608 4858 ,
642 4793 938 4847 accinctum
962 4833 976 4855 ,
1007 4792 1290 4848 fodientem
1310 4835 1327 4853 .
1356 4798 1705 4864 Operantem?
1729 4798 1862 4865 Quid
1892 4814 2020 4869 agro

447 4885 538 4940 illo
561 4883 1007 4940 desiderabilins?
1034 4886 1127 4939 llic
1153 4886 1323 4955 major
1344 4896 1425 4940 est
1449 4888 1634 4943 virtus.
1664 4888 1776 4944 Non
1806 4901 1888 4945 est
1914 4892 2020 4948 illic

447 4977 682 5041 lascivia,
710 4975 807 5031 sed
834 4976 1017 5030 abacta
1044 4987 1126 5031 est
1147 4994 1161 5041 ;
1194 4994 1299 5031 non
1322 4977 1550 5032 ebrietas
1571 4988 1625 5034 et
1646 4981 1902 5050 voluptas,
1926 4986 2017 5039 sed

445 5070 715 5125 eliminata
759 5080 873 5132 est;
919 5085 1023 5123 non
1061 5086 1191 5123 vana
1234 5070 1432 5139 gloria,
1469 5071 1563 5125 sed
1604 5075 1861 5127 exsﬁncta
1890 5086 2016 5130 est:

449 5158 817 5215 benevolentia
848 5161 965 5229 plus
1001 5161 1111 5216 illic
1151 5161 1311 5231 fulget
1352 5173 1565 5231 propter
1606 5164 2014 5233 simplicitatem.

443 5249 629 5316 Qualis
656 5265 742 5304 res
771 5260 854 5306 est
881 5252 1026 5306 abire
1053 5261 1108 5308 et
1140 5251 1339 5323 ingredi
1381 5253 1432 5307 in
1462 5252 1677 5309 domum
1711 5256 1835 5321 Dei,
1864 5266 1918 5313 et
1944 5258 2020 5311 vi-

447 5340 598 5405 dere,
626 5342 764 5411 quod
797 5345 911 5412 ipse
938 5345 1086 5398 illam
1112 5348 1458 5414 exstruxerit,
1490 5350 1826 5419 scipsumque
1856 5352 2018 5422 proji-

446 5449 570 5490 cere
608 5434 854 5503 supinum
875 5476 891 5501 ,
924 5435 985 5509 ¹[
1013 5447 1068 5492 et
1098 5449 1213 5507 post
1256 5439 1399 5494 illam
1448 5457 1758 5510 corpoream
1787 5447 2017 5515 quietem

450 5527 721 5582 nocturnis
742 5535 798 5581 et
821 5530 1087 5583 matutinis
1112 5530 1321 5600 hymnis
1346 5533 1578 5606 adesse,]
1604 5538 2016 5594 comtnensalcm

516 5666 530 5695 '
558 5663 732 5736 ln_uno
753 5663 927 5714 Codice
953 5663 1152 5736 legitur,
1178 5673 1224 5716 et
1248 5675 1354 5736 post
1379 5681 1550 5736 nouam
1572 5670 1754 5736 hornus,
1781 5687 2012 5735 corpora-

449 5722 543 5773 lem
557 5726 719 5796 _cibum
740 5739 945 5782 armore,
970 5722 1027 5775 ρῐ
1036 5722 1281 5796 nocturnis
1297 5731 1635 5796 ma'utinisque
1658 5722 1848 5796 hymnis
1868 5722 2010 5787 inles-

449 5798 525 5847 δε,
554 5790 657 5837 loco
685 5801 854 5839 eorum
875 5802 984 5854 qua:
1007 5791 1199 5841 uncinis
1219 5790 1492 5841 clausimus.

1226 359 1282 415 S.
1323 357 1598 413 JOANNIS
1634 350 2097 413 CHRYSOSTOMI
2144 353 2452 410 ARCHIEP.
2492 354 3021 411 CONSTANTINOP.

3590 357 3697 416 NB

2126 465 2321 521 habere
2368 467 2697 521 sacerdotem
2744 476 2798 522 et
2843 467 3225 536 colloquentem
3251 506 3266 530 ,
3317 464 3700 522 benedictione

2119 557 2250 622 frui,
2294 560 2427 613 alios
2466 559 2647 613 videre
2688 559 2823 613 istnc
2860 559 3167 613 venientes?
3205 559 3298 613 Hic
3337 573 3517 612 murus
3543 600 3558 623 ,
3595 561 3702 612 hoc

2117 647 2421 720 przrsidium
2448 651 2558 719 agri
2588 659 2689 704 est.
2717 648 2811 705 llic
2836 661 2917 705 est
2940 666 3065 719 ager
3083 650 3148 704 de
3173 666 3275 719 quo
3298 650 3487 704 dicitur
3511 668 3525 703 :
3552 646 3703 704 Odor

2117 742 2226 811 agri
2257 741 2411 810 pleni,
2443 743 2524 794 cui
2554 742 2801 796 benedixit
2836 741 3081 797 Dominus
3106 741 3256 815 (Gen.
3282 742 3369 795 27.
3397 742 3511 811 27).
3541 734 3701 810 Quod

2119 831 2162 885 si
2189 832 2387 902 absque
2418 833 2518 887 hoc
2545 833 2680 887 bona
2707 834 2827 887 villa
2853 844 2935 889 est
2960 845 3175 904 propter
3194 836 3447 904 quietem,
3474 843 3704 904 propter

2118 922 2209 975 otii
2236 921 2609 976 abundantiam
2635 941 2648 975 :
2672 924 2716 977 si
2737 934 2791 979 et
2815 923 2915 979 hoc
2936 924 3240 986 accesserit,
3263 926 3345 979 cui
3369 924 3443 978 rei
3467 939 3561 994 par
3587 939 3700 978 non

2120 1014 2263 1067 erit?
2296 1013 2424 1069 Villa
2454 1016 2595 1070 enim
2633 1033 2750 1087 qua:
2789 1019 3065 1073 ecclesiam
3098 1018 3257 1073 habet
3279 1060 3292 1081 ,
3324 1019 3570 1089 paradiso
3601 1018 3700 1073 Dei

2119 1106 2306 1161 similis
2335 1117 2435 1163 est.
2472 1108 2587 1163 Non
2614 1120 2695 1165 est
2734 1109 2838 1164 illic
2870 1111 3102 1176 clamor,
3131 1127 3236 1165 non
3269 1111 3522 1165 tumultus
3542 1152 3559 1177 ,
3587 1126 3702 1166 non

2118 1199 2248 1252 varii
2278 1199 2492 1264 inimici,
2523 1216 2628 1255 non
2658 1202 2887 1257 haereses
2910 1221 2924 1256 :
2948 1219 3135 1259 omnes
3161 1203 3338 1257 videre
3365 1213 3447 1258 est
3472 1205 3700 1269 amicos,

2119 1290 2427 1345 eorumdem
2450 1302 2726 1347 consortes
2749 1293 3073 1363 dogmatum.
3105 1295 3179 1349 Te
3210 1294 3276 1348 ad
3309 1294 3703 1363 philosoyihiam

2119 1383 2269 1451 quies
2308 1383 2519 1438 adducit
2547 1402 2561 1439 :
2585 1385 2653 1439 ab
2683 1384 2782 1440 hac
2820 1385 3148 1455 philosophia
3175 1394 3226 1441 te
3252 1401 3530 1441 assumens
3571 1402 3703 1456 prc-

2119 1474 2320 1546 sbyter,
2350 1475 2501 1532 facile
2526 1477 2752 1533 curabit.
2787 1478 2886 1534 Hic
2912 1480 3051 1534 enim
3078 1522 3093 1544 ,
3124 1495 3471 1549 qua-cumque
3495 1479 3705 1535 dixeri-

2120 1582 2259 1630 mus,
2288 1566 2460 1622 forum
2482 1570 2681 1624 excutit
2705 1586 2722 1623 :
2746 1570 2852 1625 illic
2878 1586 3003 1625 vero
3022 1587 3140 1640 qua:
3165 1572 3416 1635 audieris,
3445 1570 3617 1626 deﬁxa
3648 1574 3707 1628 in

2120 1668 2299 1716 mente
2329 1661 2564 1716 habebis.
2609 1663 2759 1717 Alius
2786 1664 2837 1717 in
2865 1678 2995 1734 agro
3021 1665 3127 1718 eris
3169 1680 3263 1733 per
3300 1665 3444 1718 illum
3474 1683 3487 1719 ε
3512 1674 3566 1719 et
3596 1665 3715 1721 illis

2120 1752 2235 1821 ipse
2271 1754 2516 1821 prmerit,
2547 1764 2727 1810 custos
2760 1755 2860 1810 erit
2896 1764 3004 1809 tum
3034 1756 3174 1826 quod
3206 1772 3439 1824 prmsens
3469 1758 3561 1823 sit,
3587 1768 3705 1811 tum

2120 1844 2259 1912 quod
2288 1843 2407 1899 illos
2433 1854 2737 1914 componat.
2770 1845 2978 1912 Quanta
3005 1857 3088 1903 est
3111 1862 3342 1917 expensa
3364 1890 3378 1913 ,
3407 1848 3491 1903 dic
3526 1850 3657 1903 mihi
3682 1850 3716 1903 ’ἵ

2121 1935 2226 1991 Fac
2256 1936 2464 1991 interim
2494 1952 2707 2007 parvam
2739 1938 2953 1993 domum
2995 1954 3092 2008 pro
3126 1940 3358 2008 templo;
3386 1941 3471 2009 qui
3502 1952 3623 2010 post
3652 1952 3710 1996 te

2121 2031 2313 2094 veniet,
2346 2029 2501 2086 faciet
2531 2033 2788 2101 porticum
2814 2048 2829 2097 ;
2858 2046 3086 2101 sequens
3106 2032 3247 2087 aliud
3269 2032 3482 2101 adjicict
3505 2050 3519 2087 :
3547 2044 3602 2088 et
3624 2035 3710 2090 sic

2124 2122 2218 2177 tibi
2264 2134 2428 2177 totum
2476 2124 2836 2193 imputabitur.
2868 2124 2948 2180 Tu
2986 2125 3083 2179 das
3121 2140 3306 2195 parum
3332 2168 3347 2189 ,
3377 2137 3430 2179 et
3459 2128 3708 2181 omnium

2123 2214 2422 2269 mercedem
2453 2216 2665 2284 recipis.
2690 2217 2829 2286 Ergo
2852 2217 3058 2270 initium
3087 2218 3264 2281 facito,
3295 2216 3713 2273 fundamentum

2123 2324 2290 2378 pone;
2312 2309 2415 2363 imo
2438 2323 2531 2361 vos
2553 2316 2733 2363 mutuo
2757 2309 3037 2363 hortamini
3059 2326 3074 2373 ;
3099 2308 3196 2362 hac
3219 2310 3269 2362 in
3296 2324 3353 2363 re
3374 2319 3709 2364 concertate.

2124 2399 2271 2453 Nunc
2297 2408 2473 2452 autem
2503 2399 2587 2453 ubi
2620 2401 2766 2468 palea
2788 2440 2802 2463 ,
2833 2398 3158 2454 frumentum
3199 2409 3253 2455 et
3292 2400 3468 2453 omnia
3508 2401 3709 2457 similia

2123 2490 2424 2559 reponenda
2452 2500 2593 2551 sunt,
2620 2490 2772 2545 facile
2796 2490 3061 2545 ardilicant
3090 2507 3103 2544 :
3135 2490 3221 2544 ubi
3249 2506 3375 2547 vero
3402 2492 3713 2551 animarum

2124 2579 2325 2635 fructus
2368 2580 2649 2650 colligendi
2688 2591 2846 2648 sunt,
2880 2580 3007 2634 nihil
3048 2590 3268 2646 curant;
3305 2582 3399 2636 sed
3440 2592 3713 2651 coguntur

2124 2672 2267 2726 mille
2296 2673 2463 2726 stadia
2493 2673 2721 2737 emetiri,
2747 2684 2801 2728 et
2842 2688 3055 2741 magnas
3092 2674 3548 2742 peregrinationes
3587 2690 3712 2730 sus-

2123 2764 2334 2832 cipere,
2366 2774 2421 2817 ut
2464 2763 2513 2817 in
2545 2765 2821 2819 ecclesiam
2862 2765 3071 2818 abeant.
3104 2768 3366 2832 Quantum
3394 2779 3570 2822 autem
3606 2767 3710 2821 bo-

2125 2871 2247 2907 num
2277 2865 2391 2916 est,
2417 2870 2535 2909 cum
2563 2871 2744 2925 magna
2772 2856 2948 2925 quiete
2976 2858 3308 2911 saccrilmem
3340 2860 3389 2911 iu
3421 2860 3713 2915 ecclesiam

2125 2946 2323 3007 venire,
2350 2955 2406 2999 ut
2427 2947 2644 3001 accedat
2664 2947 2731 3001 ad
2762 2947 2945 3013 Deum,
2968 2959 3021 3002 et
3044 2949 3280 3019 quotidie
3301 2961 3418 3004 oret
3445 2968 3538 3019 pro
3563 2954 3713 3018 vico,

2125 3054 2221 3107 pro
2250 3038 2452 3108 pra-dio
2473 3040 2483 3090 ι
2506 3040 2767 3094 Parumne
2794 3051 2906 3104 est,
2940 3041 3143 3106 dic,oro
3163 3081 3176 3102 ,
3207 3041 3258 3095 in
3288 3044 3455 3098 Sueris
3478 3044 3710 3098 oblatio-

2125 3132 2278 3186 nibus
2300 3146 2511 3201 semper
2538 3147 2730 3187 nomen
2761 3143 2902 3187 lUUJll
2932 3132 3119 3190 referri
3143 3135 3236 3205 (ιι),
3269 3144 3321 3192 et
3346 3136 3584 3208 quotidie
3608 3152 3715 3207 pro

2125 3224 2241 3277 villa
2274 3239 2458 3293 preces
2482 3224 2548 3277 ad
2578 3225 2741 3280 Deum
2770 3227 2983 3281 emitti?
3012 3241 3266 3298 quantum
3302 3233 3388 3285 tibi
3418 3243 3468 3285 et
3499 3233 3563 3285 ad
3598 3236 3709 3289 alia

2127 3313 2226 3366 hoc
2254 3314 2510 3381 prodest?
2537 3313 2808 3386 Contiugit
2835 3320 3090 3387 quosdam
3123 3337 3153 3374 e
3183 3322 3351 3375 vicino
3384 3322 3625 3377 habitare
3648 3335 3712 3380 et

2123 3416 2394 3460 curatores
2418 3405 2651 3462 habere:
2677 3408 2740 3462 ad
2770 3418 2818 3463 te
2844 3410 3001 3478 igitur
3029 3427 3306 3481 pauperem
3335 3428 3492 3468 nemo
3511 3430 3707 3469 eorum

2124 3500 2310 3554 venire
2327 3498 2649 3567 dignabitur,
2680 3500 2771 3555 sed
2806 3503 3172 3574 presbyterum
3203 3504 3333 3559 forte
3363 3505 3626 3572 invitabit,
3649 3516 3713 3562 ιιι

2125 3606 2321 3644 mensa:
2345 3603 2647 3647 consortem
2673 3592 2848 3648 faciet.
2875 3594 3032 3650 Vides
3054 3609 3247 3666 quanta
3271 3598 3391 3653 hinc
3416 3600 3552 3654 bona
3578 3616 3714 3656 eve-

2127 3681 2306 3735 nient?
2338 3681 2469 3735 Villa
2502 3681 2713 3737 interim
2743 3684 2844 3738 erit
2878 3686 2945 3739 ab
2978 3689 3122 3742 omni
3158 3691 3463 3758 suSpirione
3491 3691 3656 3747 libera
3692 3711 3709 3747 :

2126 3788 2284 3827 nemo
2312 3772 2578 3829 homicidii
2605 3816 2619 3838 ,
2650 3790 2808 3830 nemo
2848 3776 2970 3829 furti
3009 3780 3311 3843 accusabit.
3346 3797 3501 3834 nemo
3532 3784 3714 3839 simile

2125 3864 2394 3935 quidpiam
2438 3866 2813 3937 suspicabitur.
2860 3868 3066 3925 llabeut
3098 3880 3153 3926 et
3189 3871 3347 3926 aliam
3376 3876 3710 3928 consolatio-

2126 3973 2247 4012 nem
2274 3999 2290 4022 ,
2321 3958 2434 4013 sive
2464 3959 2681 4013 morbus
2706 3961 2817 4015 sive
2843 3975 2989 4016 mors
3022 3963 3248 4018 accidat.
3277 3964 3390 4019 Non
3418 3975 3714 4035 utcumque

2126 4065 2225 4104 nec
2256 4064 2469 4120 quoquo
2510 4050 2669 4104 modo
2703 4052 2951 4106 amicitiae
2998 4052 3132 4109 istuc
3178 4064 3360 4109 mutuo
3398 4058 3711 4113 coeuntium

2122 4140 2449 4210 junguntur;
2485 4150 2655 4196 coetus
2680 4158 2806 4197 vero
2830 4152 2987 4198 erunt
3012 4145 3179 4199 multo
3208 4162 3365 4215 quam
3399 4148 3450 4200 in
3481 4148 3711 4202 celebri-

2129 4230 2321 4285 tatibus
2347 4232 2640 4288 suaviores.
2667 4233 2780 4288 Non
2810 4235 2966 4290 modo
2990 4247 3169 4291 autem
3192 4248 3382 4306 coetus,
3410 4240 3502 4298 sed
3528 4249 3579 4294 et
3608 4241 3711 4305 illi,

2125 4325 2211 4394 qui
2241 4325 2527 4393 praisident
2554 4368 2568 4391 ,
2599 4328 2667 4381 ob
2696 4330 3059 4400 presbyterum
3088 4333 3503 4387 venerabiliores
3526 4343 3708 4388 erunt.

2127 4417 2293 4471 Audis
2333 4419 2515 4487 utique
2554 4419 2939 4490 Jerosolymam
2980 4423 3105 4476 olim
3147 4424 3265 4479 aliis
3307 4424 3524 4480 urbibus
3565 4425 3712 4495 apud

2126 4521 2332 4566 veteres
2355 4510 2747 4566 honoratiorem
2773 4514 2963 4579 fuisse;
2989 4531 3087 4570 nec
3110 4516 3225 4571 sine
3244 4531 3422 4582 causa,
3444 4516 3540 4570 sed
3561 4520 3710 4585 quod

2126 4602 2197 4656 ibi
2248 4610 2373 4657 tunc
2416 4604 2586 4673 pietas
2634 4604 2918 4661 obtineret.
2966 4607 3228 4673 Quoniam
3278 4608 3365 4661 ubi
3416 4611 3713 4663 honoratur

2126 4693 2302 4757 Deus,
2345 4694 2415 4748 ibi
2460 4694 2589 4749 nihil
2634 4696 2756 4750 mali
2795 4707 2911 4762 est;
2945 4699 3034 4753 ubi
3065 4714 3169 4753 non
3212 4699 3539 4764 honoratur,
3574 4700 3711 4756 nihil

2125 4786 2269 4839 boni.
2294 4784 2452 4840 Multa
2474 4788 2731 4843 securitas
2756 4790 2857 4845 erit
2881 4792 3039 4845 etiam
3063 4802 3117 4847 et
3139 4793 3276 4863 apud
3308 4794 3469 4847 Deum
3491 4803 3545 4848 et
3564 4796 3708 4862 apud

2126 4879 2387 4934 homines.
2428 4880 2601 4936 Etiam
2640 4898 2790 4953 rogo,
2819 4900 2921 4938 non
2950 4885 3159 4955 ignave,
3193 4887 3284 4943 sed
3315 4887 3560 4943 alacriter
3593 4904 3711 4943 rem

2124 4972 2398 5043 suscipite.
2429 4973 2558 5029 Nam
2609 4976 2651 5030 si
2696 4978 2784 5046 qui
2812 4977 2990 5033 educit
3019 4981 3307 5048 pretiosum
3337 4997 3367 5035 a
3397 4981 3520 5045 vili,
3546 4983 3709 5050 quasi

2125 5079 2185 5121 os
2214 5065 2305 5121 Dei
2336 5067 2437 5121 erit
2462 5066 2596 5137 (Jer.
2626 5068 2711 5124 15.
2743 5070 2830 5138 l9)
2853 5086 2867 5135 ;
2891 5071 2978 5139 qui
3010 5082 3085 5124 tot
3110 5072 3406 5138 animabus,
3432 5083 3538 5126 tam
3570 5088 3709 5139 prm-

2125 5157 2364 5213 scntibus
2408 5174 2565 5229 quam
2616 5159 2804 5215 futuris
2848 5177 3012 5231 usque
3060 5163 3125 5217 ad
3175 5164 3459 5218 adventum
3504 5165 3712 5219 Christi

2124 5249 2359 5319 prodest,
2387 5259 2578 5322 quanta
2610 5252 2698 5307 Dei
2729 5252 3094 5309 benevolentia
3120 5256 3363 5311 fruetur?
3386 5256 3717 5313 Praesidium

2127 5350 2377 5396 construe
2419 5354 2603 5397 contra
2649 5343 2955 5409 diabolum;
3009 5345 3110 5403 hoc
3145 5358 3229 5404 est
3267 5348 3408 5404 enim
3452 5350 3708 5405 ecclesia.

2129 5430 2260 5486 llinc
2289 5430 2547 5501 prodeant
2572 5449 2757 5488 manus
2782 5434 2847 5488 ad
2876 5434 3110 5491 laborem
3138 5456 3149 5490 :
3183 5439 3328 5506 prius
3351 5439 3713 5495 extendantur

2121 5522 2187 5575 ad
2219 5537 2423 5591 preces,
2451 5532 2505 5577 et
2535 5534 2657 5578 tunc
2682 5526 2744 5577 ad
2772 5541 2905 5594 opus
2929 5528 3141 5583 abeant.
3176 5529 3246 5583 Ita
3277 5530 3379 5584 erit
3409 5531 3513 5585 illis
3539 5533 3711 5587 robur

2123 5617 2360 5683 corporis
2384 5631 2397 5681 ;
2429 5616 2507 5671 sic
2534 5616 2636 5670 erit
2664 5616 2980 5686 agricultura
3017 5621 3220 5687 multa;
3249 5621 3325 5675 sic
3354 5623 3533 5677 omnia
3565 5627 3714 5682 malai

2133 5743 2271 5852 mla)
2291 5743 2475 5791 Nomina
2498 5749 2804 5805 patronorum
2829 5746 2875 5794 in
2896 5748 3042 5797 sacris
3057 5746 3378 5801 oblationibus
3387 5751 3705 5812 profereban-

2185 5816 2226 5852 r.

2185 5816 2226 5852 Γ.
