4032 6212
215 303 319 359 147

213 418 483 489 φρίττεις,
514 420 636 472 είπέ
676 438 787 489 μοι,
833 421 925 471 τὸν
955 419 1218 489 μέλλοντά
1262 436 1321 473 σε
1360 422 1463 474 καὶ
1515 420 1656 491 ὑπὲρ
1687 418 1892 471 τούτων

212 510 473 562 ἀπαιτεῖν
502 507 699 574 λόγσν;
730 508 805 559 Οὐ
831 508 939 577 γάρ
965 508 1132 577 ἐχρῆν
1158 510 1388 562 ἕκαστον
1436 508 1545 563 τῶν
1567 507 1776 561 πιστῶν
1805 509 1894 559 ἐκ-

212 596 451 663 κλησίαν
508 595 856 665 οίκοδομεῖν,
916 596 1238 649 διδάσκαλον
1291 597 1587 666 λαμϐάνειν
1638 597 1775 665 πρὸς
1826 595 1890 648 τδ

212 681 578 752 συναίρεσθαι
605 695 657 743 ι,
699 682 805 752 πρὸ
843 682 1062 737 πάντων
1090 684 1251 737 τοῦτο
1283 687 1527 744 σκοπεῖν,
1550 685 1698 744 ὅπως
1719 684 1896 736 ᾶπαν-

210 786 300 832 tt;
324 766 445 822 εἷεν
469 770 816 841 Χριστιανοί;
846 771 993 835 Πῶς,
1026 772 1148 825 είπέ
1200 790 1314 843 μοι,
1349 772 1667 843 Χριστιανὸς
1695 772 1846 824 ἔσται
1866 770 1895 824 6

207 858 487 926 γεωργὸς,
539 859 686 929 ὁρῶν
718 859 780 914 σὲ
824 858 1002 923 οὕτως
1047 860 1353 931 ἀμελοῦντα
1382 861 1479 931 τῆς
1528 859 1691 913 αὐτοῦ
1722 876 1894 930 σωτη-

214 948 375 1015 ρίαςς
409 948 485 999 Οὐ
515 947 749 1001 δύνασαι
775 949 1001 1019 ποιῆσαι
1040 951 1242 1020 σημεῖα
1270 951 1364 1004 καὶ
1388 952 1608 1013 πείσαις
1633 942 1725 1008 Οἷς
1751 946 1892 1017 ἔχεις

211 1037 424 1094 πεῖσον.
483 1036 870 1109 φιλανθρωπίᾳ
898 1038 962 1103 δ,
1009 1039 1333 1110 προστασίᾳ,
1377 1040 1695 1111 ἠμερότητι,
1723 1037 1889 1090 κολα·-

211 1121 360 1191 κεία,
391 1125 507 1185 τοῖς
534 1123 717 1187 ἀλλοις
748 1124 941 1179 ἅπασι.

280 1210 391 1262 Καὶ
418 1211 636 1282 ἀγορὰς
671 1212 770 1280 μὲν
793 1214 889 1266 καὶ
933 1211 1189 1283 βαλανεῖα
1212 1212 1458 1267 ποιοῦσιν
1483 1215 1531 1266 οί
1553 1213 1758 1275 πολλοὶ,
1794 1214 1889 1266 ἐκ·

212 1296 440 1363 κλησέας
459 1298 519 1350 δὲ
545 1299 691 1367 οὐχί·
719 1300 814 1353 καὶ
847 1301 1024 1354 πάντα
1054 1301 1273 1371 μᾶλλον,
1320 1302 1352 1370 ἢ
1378 1300 1553 1353 τοῦτο.
1587 1301 1679 1354 Διὸ
1712 1317 1889 1369 παρα-

214 1385 359 1437 καλῶ
387 1387 485 1438 καὶ
510 1387 786 1441 ἀντιϐολῶ
814 1391 908 1442 καὶ
929 1391 1089 1460 χάριν
1111 1390 1265 1455 αίτῶ,
1296 1389 1497 1460 μᾶλλον
1515 1390 1571 1443 δὲ
1605 1390 1699 1443 καὶ
1726 1391 1888 1459 νόμον

214 1471 420 1540 τίθημι,
454 1474 605 1526 ὥστε
642 1476 850 1546 μηδένα
883 1477 1112 1546 ὀφθῆναι
1150 1478 1353 1547 ἔρημον
1379 1477 1673 1547 ἐκκλησίας
1692 1476 1887 1547 χωρίον

218 1559 419 1625 ἔχοντα.
453 1560 552 1631 Μή
583 1580 680 1631 μοι
705 1562 888 1635 εἴπης·
917 1565 1149 1634 Πλησίον
1173 1567 1338 1628 ἐστὶν,
1364 1568 1426 1618 ἐκ
1456 1564 1710 1633 γειτόνων
1737 1564 1884 1635 [150]

219 1646 344 1696 ἐστί·
400 1647 579 1718 πολλή
654 1649 805 1704 ἐστιν
861 1652 1171 1721 ήδαπάνη,
1218 1652 1278 1704 οὐ
1326 1652 1561 1722 πολλὴή
1605 1650 1882 1721 πρόσοδος.

223 1732 286 1783 Εἴ
310 1750 360 1786 τι
385 1734 533 1802 ἒχεις
559 1739 646 1799 εις
679 1737 919 1807 πένητας
952 1739 1243 1805 ἀναλῶσαι,
1278 1741 1394 1793 ἐκεῖ
1429 1740 1721 1793 ἀνάλωσον·
1763 1739 1878 1808 βέλ-

225 1836 335 1872 τιον
364 1823 493 1884 ἐκεῖ,
525 1824 558 1892 ἢ
595 1824 862 1880 ἐνταῦθα’
897 1827 1090 1897 θρέψον
1111 1827 1449 1889 διδάσκαλον,
1486 1828 1683 1897 θρέψον
1707 1828 1886 1880 διάκο-

232 1926 314 1961 νον
336 1911 424 1962 καὶ
442 1912 725 1981 ἱερατικὸν
762 1913 1035 1985 σύστημα.
1081 1917 1293 1969 Ὠσανεὶ
1322 1919 1557 1984 γυναῖκα
1594 1913 1819 1982 ἀγαγὼν
1848 1915 1880 1986 ἢ

232 1995 442 2064 νύμφην,
472 1999 509 2065 ἢ
538 1998 671 2061 δοὺς
701 1998 999 2070 θυγατέρα,
1024 2001 1165 2055 οὕτω
1192 2006 1256 2074 τῇ
1300 2003 1598 2073 Ἐκκλησία
1618 2002 1879 2055 διάκεισοο

227 2085 403 2150 προῖκα
434 2085 631 2149 ἐπίδος
655 2088 818 2157 αὐτῇ.
844 2088 1001 2141 υῦτω
1036 2107 1116 2142 σοι
1138 2091 1385 2159 εὐλογίας
1408 2091 1470 2143 τὸ
1502 2092 1695 2162 χωρίον
1746 2091 1883 2161 πλη⁶

218 2169 544 2240 μαθήσεται.
568 2173 641 2225 Τί
668 2174 778 2244 γὰρ
800 2175 900 2228 οὐκ
924 2176 1077 2230 ἔσται
1110 2179 1226 2231 ἐκεῖ
1247 2179 1355 2232 τῶν
1380 2179 1634 2247 ἀγαθῶν;
1663 2180 1879 2250 μικρὸν,

216 2260 320 2311 εἰπέ
357 2278 475 2329 μοι,
506 2262 604 2314 τὸν
643 2263 803 2333 ληνὸν
838 2266 1209 2336 εὐλογεῖσθαι;
1258 2271 1471 2342 μικρὸν,
1528 2272 1585 2339 ἐξ
1607 2271 1743 2324 ὅλων
1772 2271 1882 2324 τῶν

218 2347 424 2416 καρπῶν
454 2359 481 2387 ε
533 2349 649 2403 τῶν
698 2351 806 2404 σῶν
830 2353 921 2406 τὸν
963 2355 1096 2408 Θεὸν
1128 2358 1390 2429 πρότερον
1431 2358 1740 2431 ἀπόμοιραν
1787 2359 1882 2412 καὶ

213 2435 455 2504 ἀπαρχὰς
516 2436 856 2507 λαμϐάνειν;
896 2441 1040 2511 Πρὸς
1092 2443 1314 2514 εἰρήνην
1340 2444 1451 2497 τῶν
1489 2446 1879 2516 γεωργούντων

213 2520 353 2575 τοῦτο
406 2525 713 2595 χρήσιμον.
775 2529 1062 2599 Λίδέσιμος
1108 2530 1258 2584 ἔσται
1293 2534 1386 2585 καὶ
1435 2534 1463 2586 6
1514 2532 1881 2605 πρεσϐύτερος

213 2610 404 2678 λοιπὴν,
440 2615 547 2666 καὶ
602 2616 741 2686 πρὸς
783 2618 1083 2686 ἀσφάλειαν
1131 2620 1227 2673 τοῦ
1263 2622 1460 2692 χωρίου
1523 2623 1879 2693 συμϐαλεῖται

212 2699 376 2753 τοῦτο.
418 2702 609 2771 Εὐχαὶ
641 2704 757 2756 ἐκεῖ
783 2704 1047 2775 διηνεκεῖς
1080 2707 1167 2761 διὰ
1216 2709 1296 2770 σέ,
1331 2707 1487 2779 ὕμνοι
1512 2710 1607 2763 καὶ
1632 2712 1879 2777 συνάξεις

210 2786 286 2838 διὰ
312 2789 395 2849 σέ,
437 2793 741 2860 προσφορά
776 2793 895 2846 καθ’
951 2796 1185 2866 ἑκάστην
1226 2798 1530 2868 Κυριακήν.
1569 2792 1691 2852 Οἷόν
1730 2802 1878 2853 ἐστιν

209 2878 279 2935 εἰς
307 2877 501 2946 θαῦμα
530 2879 744 2949 μεῖζον,
782 2880 877 2933 τοῦ
910 2884 1110 2951 τάφους
1146 2885 1245 2955 μέν
1288 2887 1504 2957 ἐτέρους
1522 2888 1877 2959 οἰκοδομῆσαι

209 2963 511 3033 λαμπροὺς,
568 2966 659 3019 ῖνα
690 2969 740 3020 οί
796 2971 933 3039 μετὰ
978 2972 1148 3026 ταῦτα
1181 2974 1471 3037 ἀκούωσιν,
1532 2976 1672 3029 ὅτιὸ
1729 2976 1879 3032 δεῖνα

204 3054 548 3124 ᾠκοδόμησε,
582 3054 644 3107 σέ
674 3056 732 3109 δὲ
764 3058 1055 3131 ἐκκλησίας
1099 3063 1424 3134 ἀναστῆσαιί
1468 3065 1770 3136 Ἐννόησον,
1796 3066 1878 3120 ὅτι

207 3148 363 3216 μέχρι
388 3147 496 3216 τῆς
519 3144 621 3199 τοῦ
648 3148 885 3219 Χριστοῦ
938 3150 1243 3220 παρουσίας
1272 3153 1336 3206 σὺ
1364 3153 1455 3207 τὸν
1490 3154 1681 3225 μισθὸν
1736 3155 1880 3221 ἕξεις

205 3235 232 3287 6
256 3236 574 3305 ἀναστήσας
606 3234 991 3306 θυσιαστήριον
1022 3237 1115 3291 τοῦ
1143 3240 1299 3295 Θεοῦ.

270 3329 328 3377 ε’.
357 3322 500 3376 Εἰπὲ
520 3323 633 3391 γάρ
670 3339 781 3392 μοι,
815 3325 861 3376 εἰ
895 3323 1144 3393 βασιλεύς
1161 3343 1242 3380 σοι
1274 3329 1556 3384 ἐκέλευσεν
1587 3331 1875 3403 οἰκοδομῆ-

208 3428 287 3464 σαι
313 3412 520 3473 οίκίαν,
554 3411 644 3463 ῐνα
670 3412 789 3463 ἐκεῖ
822 3412 1104 3473 καταλύοι,
1136 3415 1234 3468 οὐκ
1258 3417 1326 3469 ἂν
1363 3420 1539 3472 πάντα
1580 3420 1871 3491 ἐποίησας;

205 3499 313 3551 Νῦν
357 3494 457 3551 οὖν
502 3497 752 3567 βασίλειά
790 3501 905 3551 ἐστι
948 3500 1043 3552 τοῦ
1074 3502 1334 3573 Χριστοῦ,
1362 3507 1460 3569 τῆς
1508 3505 1801 3577 ἐκκλησίας
1839 3509 1872 3580 ἡ

200 3588 482 3658 οξκοδομή.
518 3585 611 3655 Μὴ
672 3586 733 3639 τὸ
766 3586 1027 3658 ἀνάλωμα
1058 3589 1188 3662 ἴδῃς,
1236 3590 1372 3644 ἀλλά
1406 3592 1495 3644 τὸν
1543 3595 1753 3663 καρπὸν
1783 3595 1872 3647 λό-

201 3693 362 3742 γισαι
389 3674 741 3745 γεωργοῦσιν
791 3676 985 3728 ἐκεῖνοι
1010 3676 1107 3746 τὴν
1129 3677 1255 3747 γῆν,
1306 3680 1369 3731 σὺ
1420 3679 1735 3751 γεώργησον
1758 3684 1874 3746 μῦ-

200 3764 303 3813 τῶν
343 3764 448 3825 τὰς
481 3762 684 3831 ψυχάς·
728 3762 951 3831 φέρουσί
1009 3780 1090 3815 σοι
1134 3767 1376 3837 καρποὺς
1427 3769 1645 3831 ἐκεῖνοι,
1692 3771 1755 3821 σὺ
1793 3770 1873 3836 είς

200 3850 284 3902 τὸν
310 3850 548 3919 οὐρανὸν
569 3850 772 3912 αὐτοὺς
794 3850 1055 3918 ἀνάγαγε.
1102 3851 1158 3905 '0
1182 3852 1280 3923 τὴν
1330 3854 1505 3924 ἀρχὴν
1530 3854 1674 3917 δοὺς,
1716 3850 1871 3922 οὗτος

203 3940 289 3991 καὶ
314 3938 424 3991 τῶν
450 3936 634 3991 ἀλλων
680 3937 854 4000 αἴτιος
884 3938 1121 3992 πάντων.
1157 3942 1299 4010 Ἀρα
1346 3944 1439 3995 κα)⁸
1472 3943 1534 3995 σὺ
1562 3944 1730 4008 αἴτιος
1772 3945 1869 4018 ἐση

200 4027 302 4079 τῶν
337 4025 778 4097 κατηχουμένων
805 4027 942 4090 ἐκεῖ,
975 4026 1084 4081 τῶν
1108 4029 1166 4081 ἐν
1197 4030 1309 4091 τοῖς
1342 4030 1561 4099 χωρίοις
1584 4032 1696 4094 τοῖς
1734 4032 1871 4103 πλη-

205 4116 328 4170 σίον.
393 4114 599 4169 Καίτοι
654 4112 725 4166 τά
783 4113 880 4183 μὲν
940 4112 1192 4184 βαλανεῖα
1248 4116 1667 4190 μαλακωτέρους
1728 4123 1871 4173 ποιεί

203 4206 318 4267 τοῦς
337 4202 657 4274 γεωργοὺς,
678 4201 747 4255 τά
772 4203 1044 4273 καπηλεῖα
1091 4204 1547 4277 τρυφηλοτέρους’
1580 4207 1696 4261 ἀλλ’
1719 4209 1869 4278 ὅμως

205 4294 395 4345 ποιεῖτε
418 4290 604 4344 ταῦτα
635 4289 725 4342 διὰ
771 4289 949 4356 δόξαν.
978 4291 1046 4343 ΑΞ
1075 4292 1269 4363 ἀγοραὶ
1297 4295 1388 4347 καὶ
1436 4295 1492 4347 αἱ
1535 4295 1869 4366 πανηγύρεις

202 4378 352 4431 πάλιν
405 4376 664 4447 ἰταμούςο
709 4377 777 4430 τὰ
819 4376 874 4429 δέ
908 4375 1160 4442 ἐνταῦθα,
1201 4380 1309 4431 πᾶν
1356 4381 1679 4433 τούναντίον.
1723 4382 1868 4434 Ἠλί-

201 4485 286 4519 κον
312 4468 425 4537 γάρ
471 4467 625 4518 ἐστιν
683 4465 810 4518 ἰδεῖν
835 4465 1199 4537 πρεσϐύτερον
1246 4467 1327 4530 είς
1351 4469 1533 4521 είκόνα
1584 4468 1866 4538 βαδίζοντα

198 4556 282 4609 τοῦ
327 4555 615 4627 Ἀϐραὰμ,
646 4554 848 4618 πολιὸν,
880 4554 1256 4625 ἀνεζωσμένον
1286 4557 1382 4610 καὶ
1436 4557 1746 4612 σκάπτοντα
1772 4561 1867 4613 καὶ

198 4646 640 4717 αὐτουργοῦνταί
697 4645 761 4697 Τί
813 4644 907 4697 τοῦ
965 4645 1133 4715 ἀγροῦ
1190 4646 1563 4718 ποθεινότερον
1615 4648 1863 4716 ἐκείνου;

209 4736 471 4790 Ἐνταῦθα
536 4732 741 4805 μείζων
772 4735 805 4803 ἡ
853 4734 1040 4803 ἀρετή.
1081 4735 1196 4787 Οὐκ
1240 4735 1388 4788 ἐστιν
1420 4736 1675 4804 ἀσέλγεια
1728 4738 1864 4802 ἐκεῖ,

200 4823 303 4876 ἀλλ’
334 4820 710 4892 ἀπελήλαταιο
735 4820 835 4872 οὐκ
860 4820 974 4873 ἐστι
1002 4820 1137 4891 μέθη
1168 4822 1261 4876 καὶ
1300 4822 1500 4895 τρυφὴ,
1533 4824 1648 4877 ἀλλ’
1676 4823 1867 4895 ἐξώρι.

202 4929 331 4966 σται-
383 4912 491 4964 οὐκ
548 4909 666 4962 ἐστι
722 4907 1017 4973 κενοδοξία,
1066 4909 1183 4962 ἀλλ’
1239 4910 1512 4965 ἔσϐεσταιο
1541 4913 1603 4966 τὸ
1644 4913 1743 4984 τῆς
1777 4914 1867 4966 εὐ-

200 5003 336 5065 νοίας
376 5000 549 5052 πλέον
591 4998 711 5049 ἐκεῖ
761 4997 1054 5067 διαλάμπει
1109 4998 1196 5052 διά
1251 5000 1350 5071 τὴν
1396 4999 1675 5069 ἀφέλειαν.
1738 4995 1864 5057 Οἷόν

199 5090 334 5143 ίστιν
365 5088 637 5142 ἀπελθεῖν
668 5086 759 5139 καὶ
782 5086 1040 5140 εἰσελθεῖν
1081 5089 1160 5150 είς
1216 5089 1308 5142 τὸν
1354 5084 1502 5143 οἷκον
1556 5090 1652 5143 τοῦ
1704 5090 1860 5156 Θεοῦ,

200 5181 282 5230 καὶ
334 5178 567 5237 εἰδέναι,
620 5176 703 5228 ὅτι
750 5174 912 5237 αὐτὸς
967 5176 1127 5229 αὐτὸν
1175 5176 1511 5249 ᾠκοδόμησε,
1559 5178 1653 5232 καὶ
1711 5180 1863 5250 ῥῖψαι

199 5266 383 5318 ἑαυτὸν
437 5263 660 5324 ὕπτιον,
717 5262 812 5314 καὶ
842 5262 980 5331 μετὰ
1005 5262 1103 5333 τὴν
1160 5262 1368 5336 αίώραν
1396 5265 1495 5336 τὴν
1546 5267 1863 5338 σωματικὴν

199 5356 282 5407 καὶ
336 5354 621 5423 λυχνικοῖς
666 5348 695 5389 ἀ
750 5350 844 5402 καὶ
901 5350 1138 5416 ἑωθινοῖς
1191 5352 1381 5423 ὕμνοις
1433 5354 1859 5427 παραγενέσθαι,

197 5443 577 5515 ίμοτράπεζον
618 5440 761 5513 ἐχειν
806 5441 900 5495 τὸν
955 5442 1125 5514 ίερέα,
1177 5444 1569 5516 συνομιλοῦντα
1614 5446 1861 5516 εὐλογίας

252 5638 462 5713 15v"-
496 5633 787 5713 ,λαιιδένεινο
811 5633 1137 5713 συναίρεσθαιο.
1154 5636 1289 5713 “qua
1306 5636 1423 5713 πρὸς
1441 5635 1499 5713 τὲ
1529 5638 1859 5713 τυκειιρεῖσθειο

246 5701 387 5749 [nos
418 5697 532 5749 cod.
558 5697 629 5753 οἷς
653 5701 774 5759 ἔχεις
811 5698 1031 5763 ποίησον,
1071 5697 1407 5763 φιλανθρωπίᾳ,
1475 5701 1499 5763 _°
1537 5698 1635 5763 Alii
1668 5697 1859 5762 μικρὸν,

202 5762 289 5809 εἰπέ
316 5780 418 5824 μοι,
440 5763 541 5808 τῶν
567 5758 778 5823 καρπῶν.
903 5758 1033 5808 Unus
1054 5758 1161 5809 00d.
1179 5758 1271 5824 καὶ
1298 5758 1416 5822 μετὰ
1437 5761 1522 5824 τὴν
1547 5758 1712 5824 ἐνάτην
1735 5758 1860 5824 ὥραν

199 5831 276 5878 τῆς
296 5822 584 5886 σωματικῆς
606 5822 888 5886 μεταλαϐεῖν
907 5827 1096 5885 τροφῆς,
1113 5822 1195 5872 καὶ
1216 5824 1264 5872 ἐν
1290 5822 1539 5886 ληνικοῖς.
1571 5822 1692 5882 Quae
1712 5822 1860 5874 lectio

204 5896 292 5933 non
312 5885 601 5948 spernenda
625 5885 837 5935 “detur.

1250 302 1317 357 IN
1358 301 1536 357 ACTA
1579 299 2115 356 APOSTOLORUM.
2159 302 2390 362 HOMIL.
2425 306 2613 363 XVIII.

3558 320 3658 375 “8

2000 419 2317 507 ἀπολαύειν,
2352 425 2568 496 ἐτέρους
2598 427 2729 496 όρᾷν
2749 428 3071 498 ἐρχομένους
3098 431 3239 497 ἐκεί;
3272 432 3440 488 τοῦτο
3458 439 3653 507 τεῖχος,

1998 506 2159 561 τοῦτο
2208 512 2477 579 ἀσφάλεια
2510 514 2704 583 ἀγροῦ.
2742 510 2909 580 Οὗτός
2954 519 3101 571 ἐστιν
3151 522 3180 573 6
3220 521 3388 593 ἀγρὸς
3436 506 3657 595 περί.θοῦ

2002 612 2168 666 φησιν
2229 600 2417 668 ὀσμὴ
2464 601 2649 669 ἀγροῦ
2677 603 2965 670 πλήρους,
2998 605 3069 659 ὃν
3094 609 3391 677 εὐλόγησε
3417 613 3651 679 Κύριος.

1997 683 2061 734 El
2088 684 2183 738 καὶ
2210 688 2378 757 χωρὶς
2401 687 2589 741 τούτου
2621 688 2785 753 καλὸς
2810 691 2838 742 6
2866 691 3035 763 ἀγρὸς
3060 693 3146 746 διὰ
3165 694 3261 766 τὴν
3289 698 3533 767 ἡσυχίαν,
3566 699 3655 753 διά

1994 770 2055 823 τὸ
2087 772 2515 846 ἀπραγμοσύνης
2550 777 2762 847 γέμειν·
2812 778 2937 831 ὅταν
2971 780 3065 832 καὶ
3089 782 3245 835 τοῦτο
3263 783 3380 857 ἔχῃ,
3410 785 3514 838 τίνι
3552 786 3651 841 οὐκ

1993 857 2145 912 ἔσται
2170 862 2310 926 ίσος;
2348 864 2539 934 Ἀγρὸς
2576 865 2683 933 γάρ
2712 866 3005 936 ἐκκλησίαν
3051 868 3207 938 ἔχων,
3238 870 3316 940 τῷ
3342 874 3651 943 παραδείσῳ

1993 947 2136 1001 ἔοικε
2159 949 2252 1002 τοῦ
2286 950 2443 1006 Θεοῦ.
2495 953 2607 1005 Οὐκ
2634 953 2781 1007 ἐστιν
2812 956 2929 1007 ἐκεῖ
2953 956 3186 1027 κραυγὴ,
3218 958 3317 1011 οὐκ
3346 959 3459 1013 ἐστι
3487 960 3647 1031 θόρυ-

1992 1034 2105 1101 ϐος,
2137 1038 2236 1091 οὐκ
2262 1038 2448 1110 ἐχθροὶ
2495 1040 2758 1112 διάφοροι,
2792 1043 2889 1113 οὐχ
2919 1044 3178 1112 αἱρέσεις
3230 1046 3436 1110 πάντας
3465 1049 3647 1117 φίλους

1991 1124 2137 1177 ἐστιν
2169 1124 2317 1191 ἰδεῖν,
2364 1128 2477 1180 τῶν
2519 1129 2696 1183 αὐτῶν
2729 1129 3016 1200 δογμάτων
3047 1134 3355 1197 κοινωνούς.
3402 1136 3560 1205 Ἀγει
3589 1154 3648 1191 σε

1989 1213 2069 1274 είς
2085 1213 2396 1282 φιλοσοφίαν
2415 1219 2447 1285 ἡ
2479 1217 2695 1287 ἠσυχίαο
2714 1217 2894 1270 λαϐών
2922 1236 2980 1271 σε
3015 1219 3160 1291 [151]
3191 1220 3298 1273 ἀπὸ
3316 1222 3411 1290 τῆς
3437 1225 3650 1291 φιλοσον

1989 1300 2118 1367 φίας
2140 1302 2339 1372 ταύτης
2371 1306 2399 1356 6
2428 1306 2814 1377 πρεσϐύτερος,
2870 1307 3198 1378 θεραπεύσει
3235 1310 3489 1373 εὐκόλως,
3532 1312 3649 1365 Ἐν-

1987 1388 2164 1443 ταῦθα
2199 1390 2298 1459 μὲν
2329 1392 2456 1461 γὰρ,
2506 1394 2605 1446 ὅσα
2633 1394 2725 1446 ἐὰν
2758 1394 3027 1465 λέγωμεν,
3084 1397 3117 1465 ἡ
3152 1397 3325 1467 ἀγορά
3372 1398 3643 1469 ἐκκρούει·

1987 1475 2105 1529 ἐκεῖ
2132 1477 2188 1530 δὲ
2222 1480 2364 1552 ἆπερ
2394 1480 2460 1533 ἂν
2478 1481 2736 1553 ἀκούσῃς,
2770 1483 3053 1553 πεπηγότα
3082 1483 3222 1547 ἔξεις
3246 1486 3302 1535 ἐν
3321 1488 3386 1555 τῇ
3414 1485 3645 1558 διανοίᾳ,

1986 1565 2170 1635 ἕτερος
2225 1567 2285 1621 ἐν
2337 1566 2415 1636 τῷ
2449 1569 2601 1639 ἀγρῷ
2663 1570 2762 1640 ἔσῃ
2799 1571 2864 1622 δι’
2905 1572 3133 1623 ἐκείνου·
3186 1574 3279 1624 καὶ
3317 1574 3538 1629 ἐκείνων
3589 1575 3647 1629 δὲ

1986 1656 2369 1724 προστήσεται,
2400 1657 2490 1708 καὶ
2522 1656 2871 1726 ἐσταιφύλαξ
2926 1657 3004 1729 τῷ
3050 1676 3108 1711 τε
3158 1664 3429 1730 παρεῖναι,
3478 1663 3556 1734 τῷ
3585 1681 3646 1716 τε

1986 1740 2268 1809 ῥυθμίζειν
2301 1744 2513 1807 αὐτούς.
2546 1746 2717 1799 Πόσον
2746 1746 2803 1800 δέ
2835 1749 2949 1800 ἐστι
2975 1748 3069 1800 καὶ
3101 1747 3165 1801 τὸ
3216 1749 3498 1822 ἀνάλωμα,
3526 1752 3647 1804 είπέ

1988 1842 2111 1895 μοι;
2142 1829 2372 1899 Ποίησον
2391 1831 2526 1895 τέως
2554 1833 2750 1902 μικρὸν
2796 1827 2945 1887 οἷκον
2988 1836 3045 1886 ἐν
3066 1835 3213 1901 τάξει
3263 1836 3413 1889 ναοῦο
3444 1838 3473 1889 6
3507 1837 3648 1907 μετά

1985 1915 2044 1967 σέ
2073 1920 2288 1987 ποιήσει
2316 1919 2497 1979 στοάν,
2534 1923 2561 1973 6
2591 1923 2706 1991 μετ’
2736 1921 2941 1974 ἐκεῖνον
2974 1922 3135 1994 ἕτερα
3169 1925 3487 1994 προσθήσει,
3551 1926 3646 1980 καὶ

1982 2000 2125 2056 οὕτω
2162 2006 2242 2057 σοὶ
2266 2004 2644 2076 λογισθήσεται
2674 2008 2734 2061 τὸ
2758 2010 2885 2061 πᾶν.
2915 2010 2987 2061 Σὺ
3010 2010 3166 2074 δίδως
3191 2012 3406 2081 μικρὸν,
3439 2012 3533 2064 καὶ
3550 2012 3643 2065 τοῦ

1983 2091 2181 2152 παντὸς
2203 2092 2499 2161 λαμϐάνεις
2531 2095 2623 2146 τὸν
2668 2095 2875 2164 μισθόν.
2918 2097 3124 2152 Οὐκοῦν
3154 2099 3325 2169 ἀρχὴν
3376 2099 3560 2163 ἐπίθες
3593 2111 3641 2165 ε,

1983 2176 2228 2247 θεμέλιον
2256 2181 2547 2233 κατάϐαλεο
2593 2182 2793 2251 μᾶλλον
2819 2183 2874 2235 δὲ
2914 2184 3173 2253 ἀλλήλους
3199 2187 3638 2257 παρακαλέσατε’

1982 2265 2212 2333 ἅμιλλαν
2256 2269 2553 2336 ποιήσασθε
2587 2268 2681 2321 τοῦ
2722 2270 3067 2341 πράγματος.
3096 2272 3209 2324 Νῦν
3258 2274 3334 2337 δὲ,
3366 2274 3491 2328 ἔνθα
3539 2276 3641 2346 μὲν

1980 2352 2158 2425 ἄχυρα
2184 2353 2277 2407 καὶ
2305 2358 2448 2407 σῖτον
2482 2356 2577 2408 καὶ
2605 2356 2781 2411 πάντα
2804 2360 2873 2412 τά
2902 2358 3128 2413 τοιαῦτα
3179 2361 3475 2416 ἀποθέσθαι
3537 2363 3638 2428 δεῖ,

1979 2440 2217 2502 εὐκόλως
2256 2442 2653 2512 οἰκοδομοῦσιν*
2689 2444 2816 2498 ἔνθα
2845 2446 2901 2499 δὲ
2951 2446 3276 2517 συλλεγῆναι
3304 2449 3410 2519 χρὴ
3452 2450 3642 2521 ψυχῶν

1978 2533 2311 2601 γεννήματα,
2348 2532 2596 2604 οὐδαμῶς
2624 2535 3020 2606 φροντίζουσιν,
3075 2537 3189 2591 ἀλλ’
3241 2539 3642 2606 ἀναγκάζονται

1981 2619 2203 2690 μυρίους
2234 2620 2478 2684 σταδίους
2508 2621 2767 2691 βαδίζειν,
2792 2622 2887 2675 καὶ
2911 2624 3127 2695 μακρὰς
3155 2625 3466 2696 ἀποδημίας
3488 2628 3640 2680 στέλ⁹

1976 2703 2184 2765 λεσθαι,
2217 2706 2303 2758 ἵνα
2337 2709 2415 2771 εἰς
2443 2708 2736 2780 ἐκκλησίαν
2763 2710 3015 2764 ἀπίωσιν.
3051 2711 3214 2764 Ὅσον
3244 2712 3299 2764 δέ
3329 2715 3476 2765 ἐστιν
3501 2715 3640 2782 ἀγα-

1977 2790 2068 2844 θόν
2096 2793 2232 2862 μετά
2254 2793 2456 2863 πολλῆς
2486 2795 2712 2866 ἡσυχίας
2743 2797 2799 2848 ἐν
2824 2800 2887 2866 τῇ
2917 2797 3182 2869 ἐκκλησίᾳ
3233 2799 3323 2851 τὸν
3359 2799 3507 2869 ἱερέα
3537 2819 3639 2855 πα-

1976 2880 2316 2949 ραγίνεσθαι,
2381 2882 2467 2936 ἵνα
2498 2883 2699 2955 προσίῃ
2746 2882 2824 2953 τῷ
2853 2883 2992 2954 Θεῷ,
3028 2885 3123 2938 καὶ
3169 2884 3304 2958 λέγῃ
3338 2886 3481 2956 ὑπὲρ
3536 2888 3635 2957 τῆς

1974 2970 2167 3041 κώμης
2216 2971 2338 3024 καθ’
2386 2972 2622 3041 ἑκάστην
2674 2974 2907 3043 ἡμέραν,
2938 2972 3079 3044 ὑπὲρ
3110 2972 3206 3025 τοῦ
3259 2974 3632 3045 κεκτημένουί

1973 3060 2187 3130 Μικρόν
2219 3062 2386 3127 ἐστιν,
2413 3060 2534 3113 εἰπέ
2569 3078 2678 3130 μοι,
2702 3060 2764 3113 τὸ
2787 3062 2879 3113 καὶ
2907 3061 2964 3112 ἐν
2991 3065 3109 3125 ταῖς
3137 3062 3318 3129 ἁγίαις
3339 3064 3634 3133 ἀναφοραῖς

1972 3148 2061 3201 ἀεὶ
2095 3148 2156 3200 τὸ
2175 3148 2347 3218 δνομά
2374 3165 2465 3202 σου
2502 3148 2803 3217 ἐγκεῖσθαι,
2835 3150 2929 3201 καὶ
2972 3150 3093 3201 καθ’
3127 3151 3366 3219 ἑκάστην
3422 3152 3635 3223 ἡμέραν

1973 3235 2113 3307 ὑπὲρ
2134 3238 2233 3308 τῆς
2262 3235 2453 3307 κώμης
2484 3236 2648 3307 εὐχὰς
2692 3236 2935 3304 γίνεσθαι
2968 3237 3103 3307 πρὸς
3129 3238 3217 3290 τὸν
3263 3238 3431 3305 Θεόν;
3468 3239 3635 3293 πόσον

1973 3339 2062 3375 σοι
2100 3324 2192 3376 καὶ
2221 3325 2301 3387 εἰς
2327 3324 2395 3377 τά
2419 3324 2554 3377 ἀλλα
2580 3323 2737 3379 τοῦτο
2766 3323 3033 3377 λυσιτελεῖ
3065 3324 3085 3361 τ
3109 3326 3122 3379 !
3168 3325 3461 3395 Συμϐαίνει
3481 3328 3634 3391 τινὲς

1971 3411 2037 3464 ἐκ
2078 3414 2336 3480 γειτόνων
2365 3415 2533 3466 οἰκεῖν
2581 3414 2675 3466 καὶ
2705 3412 2846 3482 ἐχειν
2873 3413 3217 3484 ἐπιτρόπους·
3258 3413 3394 3484 πρὸς
3439 3414 3498 3467 σέ
3533 3414 3634 3482 μὲν

1970 3493 2064 3551 οὖν
2097 3499 2189 3552 τὸν
2222 3500 2429 3568 πένητα
2458 3501 2558 3553 οὐκ
2581 3499 2802 3565 ἀξιώσει
2828 3517 2911 3564 τις
2936 3500 3158 3555 ἐκείνων
3178 3502 3297 3554 οὐδέ
3326 3501 3517 3555 ἐλθεῖν*
3540 3502 3633 3556 τὸν

1968 3584 2025 3637 δὲ
2075 3587 2442 3658 πρεσϐύτερον
2492 3587 2620 3651 ίσως
2662 3588 2758 3641 καὶ
2790 3588 3026 3650 καλεσει,
3055 3588 3148 3641 καὶ
3198 3588 3474 3660 τραπέζης
3522 3606 3634 3644 κοι-

1970 3673 2136 3726 νωνὸν
2174 3678 2410 3744 ποιήσει.
2462 3677 2643 3746 Ὁρᾷς.
2672 3677 2813 3729 πόσα
2865 3676 3112 3729 ἐντεῦθεν
3144 3680 3432 3747 γενήσεται
3460 3678 3630 3745 καλάς

1971 3762 2157 3830 Πάσης
2188 3762 2339 3815 ἔσται
2362 3764 2497 3827 τέως
2528 3766 2561 3835 ἡ
2589 3766 2748 3834 κώμη
2796 3766 3038 3833 πονηρᾶς
3069 3764 3303 3835 ὑποψίας
3350 3764 3627 3836 ἐλευθέραο

1968 3848 2145 3913 οὐδεὶς
2197 3850 2573 3919 ἀνδροφονίας,
2630 3852 2806 3909 οὐδεὶς
2859 3851 3064 3923 κλοπῆς
3099 3853 3281 3906 ἐνεκεν
3319 3853 3628 3921 ἐγκαλέσει,

1967 3938 2143 4000 οὐδεὶς
2174 3940 2412 3991 τοιοῦτον
2447 3938 2601 3992 οὐδὲν
2653 3939 3003 3993 ὑποπτεύσει.
3037 3941 3257 4009 Ἔχουσι
3305 3942 3399 3993 καὶ
3431 3942 3627 4011 ἑτέραν

1969 4026 2344 4098 παραμυθίαν,
2402 4026 2468 4079 ἂν
2522 4027 2675 4090 νόσος
2729 4026 3205 4098 παρακολουθήσῃ,
3254 4027 3321 4081 ἂν
3376 4027 3625 4091 θάνατος.

1970 4116 2082 4186 Οὐχ
2105 4115 2291 4178 ἁπλῶς
2340 4115 2459 4168 οὐδὲ
2505 4115 2581 4179 ὡς
2623 4115 2778 4186 ἐτυχε
2807 4115 2902 4168 καὶ
2947 4116 3000 4168 αἱ
3040 4114 3213 4181 φιλίαι
3256 4115 3493 4183 γίνονται
3521 4116 3630 4169 τῶν

1967 4204 2085 4256 ἐκεῖ
2122 4203 2253 4275 παρ’
2278 4203 2525 4275 ἀλλήλοις
2574 4203 2781 4256 ἰόντων
2820 4202 2912 4256 καὶ
2945 4203 3000 4255 αἱ
3036 4201 3243 4255 σύνοδοι
3284 4202 3341 4256 δέ
3368 4204 3627 4272 γενήσον-

1965 4305 2056 4343 ται
2086 4288 2266 4359 πολλῷ
2295 4288 2401 4342 τῶν
2440 4291 2498 4342 ἐν
2548 4290 2669 4352 ταῖς
2709 4287 3081 4358 πανηγύρεσιν
3112 4287 3307 4358 ἡδίους.
3341 4288 3414 4341 Οὐ
3468 4288 3629 4357 μόνον

1963 4378 2021 4431 δὲ
2046 4379 2102 4431 αἱ
2133 4376 2360 4440 σύνοδοι,
2413 4376 2549 4431 ἀλλά
2604 4378 2697 4430 καὶ
2744 4377 2897 4429 αὐτοὶ
2940 4379 2987 4429 οί
3021 4377 3361 4448 προεστῶτες
3401 4377 3488 4429 διὰ
3536 4377 3627 4429 τὸν

1965 4465 2331 4536 πρεσϐύτερον
2382 4464 2789 4536 αίδεσιμώτεροι
2835 4464 3063 4518 ἔσονται.
3113 4462 3337 4529 Πάντως
3386 4465 3623 4528 ἀκούεις,

1962 4554 2139 4607 ὃτιτά
2170 4553 2519 4625 Ἰεροσόλυμα
2569 4555 2717 4620 παρὰ
2738 4554 2837 4618 τάς
2885 4554 3050 4618 ἄλλας
3106 4555 3289 4618 πόλεις
3325 4554 3625 4625 τιμιώτερα

1962 4638 2030 4712 ἦν
2077 4643 2227 4712 παρὰ
2279 4644 2391 4704 τοῖς
2449 4640 2718 4704 παλαιοῖς·
2780 4642 2893 4695 ἀλλ’
2942 4643 3041 4712 οὐχ
3093 4643 3297 4705 ἁπλῶς,
3355 4641 3492 4694 ἀλλά
3538 4641 3623 4695 διά

1962 4730 2062 4801 τὴν
2093 4730 2213 4783 τότε
2248 4728 2550 4799 κρατοῦσαν
2604 4730 2903 4783 εὐσέϐειαν.
2955 4730 3054 4782 Διά
3084 4728 3242 4781 τοῦτο
3292 4728 3417 4781 ἔνθα
3462 4730 3622 4799 τιμᾶ-

1962 4835 2053 4871 ται
2082 4818 2236 4882 Θεδς,
2286 4818 2440 4871 οὐδέν
2490 4820 2604 4870 ἐστι
2652 4816 2905 4887 πονηρόν’
2966 4816 3151 4886 ῶσπερ
3206 4816 3367 4869 πάλιν
3397 4815 3525 4868 ἔνθα
3560 4816 3620 4868 οὐ

1962 4908 2225 4977 τιμᾶται,
2279 4905 2432 4959 οὐδὲν
2488 4904 2711 4973 ἀγαθόν.
2774 4903 2949 4975 Πολλὴ
3000 4904 3267 4971 ἀσφάλεια
3319 4902 3468 4955 ἔσται
3529 4905 3621 4956 καὶ

1966 4994 2115 5065 παρά
2143 4994 2262 5063 Θεῷ
2315 4994 2409 5047 καὶ
2442 4993 2593 5063 παρά
2647 4978 2972 5062 ἀνθρώποις.
3026 4991 3134 5044 Ναὶ
3180 4988 3500 5059 παρακαλῶ,
3544 4992 3620 5063 μὴ

1963 5080 2276 5150 παρέργως,
2326 5078 2460 5132 ἀλλά
2507 5078 2803 5148 προθύμως
2848 5076 2942 5129 τοῦ
2981 5076 3302 5147 πράγματος
3339 5075 3613 5130 ἀντιλάϐε-

1963 5167 2078 5220 σθε.
2114 5168 2174 5220 Et
2204 5167 2313 5238 769
2341 5168 2369 5219 6
2392 5166 2603 5233 ἐξάγων
2631 5164 2812 5235 τίμιον
2860 5164 2920 5229 ἐξ
2944 5163 3181 5230 ἀναξίου,
3211 5163 3286 5227 ώς
3315 5164 3486 5233 στόμα
3524 5166 3612 5218 τοῦ

1960 5256 2095 5309 Θεοῦ
2126 5255 2298 5308 ἔσται’
2330 5256 2360 5308 6
2414 5253 2684 5316 τοσαύτας
2728 5252 2907 5322 ψυχὰς
2937 5252 3037 5315 τάς
3081 5269 3142 5305 τε
3178 5252 3363 5321 οὔσας,
3415 5256 3512 5320 τάς
3557 5272 3608 5307 τε

1961 5343 2224 5415 ἐσομένας
2252 5345 2358 5408 ἕως
2384 5344 2484 5413 τῆς
2530 5342 2624 5396 τοῦ
2653 5343 2891 5413 Χριστοῦ
2924 5344 3228 5414 παρουσίας
3270 5344 3497 5415 ὠφελῶν
3523 5350 3603 5399 κο’

1960 5430 2363 5501 ἀνακτώμενος,
2412 5430 2585 5502 πόσης
2632 5431 2733 5484 οὐκ
2788 5430 3150 5485 ἀπολαύσεται
3205 5432 3417 5496 εὐνοίας
3466 5450 3597 5499 παρ

1958 5519 2054 5573 τοῦ
2106 5517 2276 5571 Θεοῦί
2334 5519 2596 5591 Φρούριον
2638 5520 3046 5573 κατασκεύασον
3093 5520 3235 5573 κατὰ
3284 5520 3378 5573 τοῦ
3430 5518 3579 5572 διαϐό

1960 5604 2263 5660 λουνιοῦτο
2292 5605 2401 5676 γάρ
2439 5606 2589 5659 ἐστιν
2620 5606 2654 5678 ἡ
2684 5606 2967 5677 ἐκκλησία.
3010 5608 3247 5661 Ἐκεῖθεν
3290 5606 3571 5678 ὁρμάτωσο

1960 5696 2017 5750 αῑ
2053 5696 2235 5766 χεῖρες
2276 5695 2357 5758 είς
2401 5693 2664 5765 κάματονο
2695 5694 2910 5766 πρῶτον
2963 5695 3392 5749 ἀνατεινέτωσαν
3444 5692 3570 5744 αὐτὰ

1960 5816 2235 5929 ωᾷιῖιιὲιιε
2284 5816 2470 5881 μισθόν·
2516 5818 2637 5874 ὅλως
2688 5817 2841 5882 ἀρχὴν
2874 5817 3075 5873 ἐπίθες..
3124 5814 3143 5853 ί
3173 5814 3306 5866 Unus
3338 5814 3445 5866 00d.
3468 5813 3576 5865 τοῦς
