4014 6218
382 315 484 369 159

379 433 458 496 εἰς
488 431 672 503 εὐχάς,
700 431 795 485 καὶ
823 428 942 488 τότε
987 427 1266 482 ἀπίτωσαν
1295 430 1373 491 είς
1403 429 1502 500 τὴν
1531 428 1810 500 ἐργασίαν.
1837 428 2024 492 Οὕτως

378 520 530 573 ἔσται
562 521 741 581 αὐτοῖς
795 517 945 586 ἰσχὺς
995 515 1260 586 σώματος,
1301 515 1470 580 οὕτως
1523 518 1674 570 ἔσται
1708 519 1740 586 ἡ
1782 516 2024 586 γεωργία

379 607 568 676 πολλὴ,
613 604 755 657 οὕτω
788 604 963 656 πάντα
1015 603 1172 667 ἐκτὸς
1203 603 1351 656 ἔσται
1403 603 1473 658 τά
1525 604 1688 657 κακά.
1741 604 1854 657 Οὐκ
1909 603 2025 656 ἔστι

376 695 476 762 τὴν
535 691 726 762 ἡδονὴν
785 691 883 761 τὴν
949 689 1196 744 ἐντεῦθεν
1246 690 1388 760 λόγῳ
1416 691 1782 761 παραστῆσαι,
1825 691 1928 754 ἓως
1959 690 2026 743 ἂν

376 779 521 850 ἔργῳ
552 780 626 850 μὴ
651 777 891 848 γένηται.
911 779 1002 848 Μὴ
1026 777 1182 830 τοῦτο
1210 777 1344 848 ἴδῃς,
1371 778 1451 830 ὅτι
1467 776 1720 847 οὐδεμίαν
1749 777 1858 847 ἔχει
1878 775 2024 848 [152]

377 867 653 936 πρόσοδον·
705 867 839 928 ὅλως
899 867 948 918 εἰ
1003 863 1144 918 οὕτω
1195 868 1384 931 ποιεῖς,
1433 866 1506 935 μὴ
1560 867 1808 938 ποιήσῃς,
1854 867 1901 918 εἰ
1952 864 2026 935 μὴ

376 953 616 1023 νομίζεις
641 953 898 1024 πρόσοδον
920 952 1214 1021 λαμϐάνειν
1264 951 1460 1014 παντὸς
1511 951 1606 1004 τοῦ
1657 952 1856 1023 χωρίου
1913 951 2026 1022 μεί-

379 1041 526 1106 ζονα·
586 1043 634 1093 εἰ
686 1041 760 1111 μὴ
826 1039 967 1092 οὕτω
1020 1038 1306 1104 διάκεισαι,
1372 1039 1506 1108 μηδέ
1561 1039 1788 1110 ἐργάσῃ·
1848 1041 1895 1091 εἰ
1953 1039 2027 1108 μὴ

379 1128 518 1198 ὑπὲρ
580 1130 757 1182 πάντα
814 1126 1107 1197 προστῆναι
1175 1143 1268 1178 σου
1326 1125 1723 1195 ὑπολαμϐάνεις
1768 1125 1827 1179 16
1870 1125 2028 1196 ἔργον

378 1213 554 1266 τοῦτο.
598 1214 663 1266 Τί
705 1214 807 1282 τῆς
859 1213 1118 1284 προσόδου
1164 1212 1367 1283 ταύτης
1416 1211 1616 1283 μεῖζον,
1662 1211 1754 1265 τοῦ
1808 1214 1887 1275 εἰς
1931 1213 2029 1283 τὴν

380 1300 493 1354 ἆλω
541 1300 637 1371 τὴν
687 1301 746 1352 ἐν
802 1299 1011 1370 οὐρανῷ
1063 1301 1374 1367 εἰσαγαγεῖν
1425 1299 1644 1369 ψυχάς;
1703 1300 1897 1368 Οῖμοιί
1947 1301 2029 1353 ὅτι

379 1388 480 1440 οὐκ
509 1388 620 1440 ίστε
651 1387 814 1440 πόσον
844 1386 961 1438 ἐστὶ
1007 1386 1068 1439 τὸ
1093 1388 1346 1456 κερδᾶναι
1373 1387 1568 1457 ψυχάς.
1601 1389 1799 1441 ’Ἄκουε
1821 1387 1873 1440 τί
1898 1405 2029 1458 φησι

383 1475 518 1545 πρὸς
542 1473 632 1527 τὸν
688 1475 890 1545 Πέτρον
915 1476 943 1526 6
969 1474 1233 1544 Χριστός·
1283 1477 1352 1528 Εἰ
1389 1474 1582 1543 φιλεῖς
1627 1491 1722 1543 με,
1761 1474 2032 1542 ποίμιιινε

382 1563 452 1616 τὰ
470 1561 728 1629 πρόϐατά
751 1580 889 1632 μου.
930 1563 992 1615 EE
1028 1562 1281 1632 βασιλικά
1328 1563 1573 1632 πρόϐατα
1619 1575 1645 1602 ει
1700 1561 2031 1631 θεασάμενος

381 1649 416 1719 ἢ
473 1649 654 1702 ἵππων
697 1649 917 1720 ἀγέλην,
957 1649 1106 1720 παρά
1146 1648 1207 1702 16
1263 1649 1426 1719 σηκὸν
1451 1648 1524 1720 μὴ
1566 1648 1730 1718 ἔχειν,
1785 1651 1864 1711 εἰς
1910 1649 2031 1700 ἐπι-

385 1735 580 1807 ϐουλὴν
622 1735 977 1806 προκείμενα,
1021 1735 1396 1799 λαϐὼν.αὺτδς
1452 1735 1616 1805 σηκόν
1661 1753 1721 1788 τε
1767 1735 2038 1806 ᾠκοδόμη-

385 1838 486 1885 σας
531 1823 622 1876 καὶ
655 1823 950 1894 ἰππῶνα.ἢ
997 1823 1090 1876 καί⁵
1141 1823 1372 1893 ποιμένα
1408 1823 1732 1892 ἐπέστησας,
1781 1822 1888 1874 τίνι
1939 1822 2038 1874 οὐκ

383 1911 448 1964 ἄν
476 1927 535 1962 σε
563 1910 833 1982 ἠμείψατο
882 1911 908 1962 6
936 1911 1217 1980 βασιλεύςς
1251 1911 1364 1963 Νῦν
1395 1911 1493 1981 τὴν
1524 1910 1757 1980 ποίμνην
1786 1908 1878 1962 τοῦ
1912 1910 2036 1980 Χρι-

385 2035 473 2144 “05
491 2033 677 2146 ἐςοοεω
731 2034 964 2097 πρόϐατα,
999 2033 1388 2097 repugnantibus
1431 2034 1654 2083 omnibus
1683 2047 1819 2092 mss.,
1863 2032 2046 2082 omittit

466 2109 490 2143 r
545 2133 557 2144 .

466 2109 557 2144 1³81.

1206 310 1265 368 S.
1301 309 1584 366 ΙΟΑΝΝιδ
1617 309 2097 368 CHRYSOSTOMI
2133 308 2446 366 ARCHIEP.
2488 297 3023 370 CONSTANTINOP.

3669 313 3774 369 150

2126 426 2253 481 στοῦ
2285 429 2531 496 συνάγεις
2575 429 2669 482 καὶ
2699 430 2927 499 ποιμένα
2975 431 3217 500 ἐφιστᾷς,
3248 431 3342 485 καὶ
3372 432 3472 502 οὺχ
3531 433 3645 505 ἡγῇ
3674 435 3783 504 μὲ-

2125 530 2198 582 γα
2241 531 2296 568 τι
2351 515 2706 586 ἐργάζεσθαι;
2760 517 2825 569 Τί
2883 518 3057 584 λέγω;
3111 519 3173 571 Εἰ
3224 521 3252 572 6
3284 520 3652 584 σκανδαλίζων
3679 523 3781 576 καὶ

2124 601 2259 663 ἕνα,
2313 602 2538 673 ἀπειλὴν
2587 603 2698 673 ἔχει
2749 603 3016 674 τοσαύτην
3068 605 3362 676 ὑποστῆναι
3405 608 3700 678 τιμωρίαν·
3747 611 3781 662 6

2128 687 2312 753 σώζων
2357 691 2657 755 τοσούτους,
2710 691 2828 743 εἰπὲ
2879 708 2991 761 μοι,
3041 693 3160 760 οὐχὶ
3212 693 3544 762 σωθήσεται;
3605 694 3784 763 Εὔδη-

2126 775 2214 828 λον
2244 778 2344 829 ὄτι.
2381 776 2542 829 Ποίαν
2575 777 2683 841 ἕξει
2725 777 2832 848 γάρ
2865 777 3048 830 λοιπὸν
3107 779 3399 850 ἁμαρτίαν,
3432 780 3463 850 ἢ
3504 781 3608 833 κᾶν
3638 781 3780 851 ἔχοι,

2125 863 2224 915 οὐκ
2257 862 2520 932 ἐξαλείφει
2551 865 2784 934 ταύτην;
2829 865 2958 917 Ἀπὸ
2985 867 3083 936 τῆς
3128 869 3395 937 τιμωρίας
3423 867 3513 920 τοῦ
3545 870 3783 923 σκανδα-

2126 949 2362 1015 λίζοντος
2395 952 2531 1022 μάθε
2579 953 2639 1005 16
2668 953 2894 1006 ἔπαθλον
2921 953 3014 1006 τοῦ
3069 953 3348 1018 σώζοντος.
3382 957 3443 1008 El
3493 955 3567 1026 μὴ
3621 973 3775 1028 περι·

2129 1038 2456 1091 σπούδαστον
2511 1035 2579 1108 ἦν
2609 1039 2686 1109 τῷ
2722 1040 2838 1111 Θεῷ
2870 1041 2964 1094 καὶ
3022 1043 3150 1111 μιᾶς
3177 1041 3354 1112 ψυχῆς
3384 1042 3645 1113 σωτηρία,
3675 1045 3781 1096 οὐκ

2130 1125 2194 1177 ἂν
2221 1125 2484 1195 τοσαύτην
2530 1127 2698 1197 ὀργὴν
2752 1127 3001 1195 ἐποίησεν
3044 1129 3250 1201 αὖτῷή
3291 1130 3549 1184 ἀπώλεια.
3586 1131 3781 1186 Ταῦτα

2128 1207 2220 1263 οὖν
2249 1211 2466 1274 εἰδότες,
2503 1213 2753 1282 ἐχώμεθα
2788 1215 2886 1284 ἤδη
2921 1216 3014 1269 τοῦ
3057 1216 3217 1288 ἔργου
3250 1217 3437 1270 τούτου
3462 1218 3557 1270 τοῦ
3606 1236 3780 1270 πνευ-

2135 1296 2384 1365 ματικοῦ,
2423 1298 2517 1351 καὶ
2549 1300 2648 1368 ἐμὲ
2691 1300 2972 1356 καλεσάτω
3028 1304 3276 1367 ἕκαστος,
3328 1305 3421 1358 καὶ
3461 1306 3623 1375 ἡμεῖς
3654 1323 3784 1358 συν-

2129 1384 2529 1455 αντιληψόμεθα
2557 1387 2626 1440 τά
2653 1387 2869 1442 δυνατά.
2899 1390 3008 1443 Καὶ
3037 1392 3084 1444 εἰ
3118 1392 3214 1460 μὲν
3265 1395 3414 1463 τρεῖς
3443 1388 3551 1445 εἷεν
3578 1393 3628 1445 οί
3688 1409 3788 1445 κε-

2131 1473 2410 1542 κτημένοι,
2461 1476 2524 1527 ἐκ
2580 1478 2939 1546 συνεισφορᾶς
2973 1480 3317 1532 ποιείτωσαν·
3365 1481 3415 1532 εἰ
3461 1479 3517 1531 δὲ
3551 1474 3652 1544 εἷς,
3685 1481 3790 1533 καὶ

2129 1559 2256 1623 τοὺς
2284 1559 2472 1623 ἄλλους
2517 1561 2795 1614 ἀναπείσει
2825 1564 2949 1624 τοὺς
2971 1563 3214 1634 πλησίον.
3261 1565 3436 1618 Μόνον
3465 1564 3624 1618 τοῦτο
3652 1582 3794 1618 κατα-

2131 1645 2367 1714 ορθῶσαι
2427 1647 2780 1712 σπουδάσατε,
2815 1650 3136 1719 παρακαλῶ,
3171 1651 3260 1705 ῖνα
3298 1651 3560 1705 πάντοθεν
3587 1651 3795 1721 εὐαρε-

2131 1733 2382 1796 στοῦντες
2399 1732 2475 1804 τῷ
2491 1733 2631 1802 Θεῷ,
2662 1735 2771 1789 τῶν
2791 1737 3026 1790 αἰωνίων
3052 1737 3273 1807 ἀγαθῶν
3292 1739 3658 1809 ἐπιτύχωμεν,
3688 1740 3798 1809 χά-

2133 1838 2241 1892 ριτι
2269 1821 2363 1874 καὶ
2383 1820 2758 1894 φιλανθρωπίᾳ
2782 1823 2874 1876 τοῦ
2903 1825 3104 1895 Κυρίου
3129 1826 3284 1896 ἡμῶν
3323 1827 3496 1897 Ἰησοῦ
3524 1825 3798 1897 Χριστοῦ,

2135 1908 2256 1980 μεθ’
2281 1904 2342 1964 οὗ
2374 1909 2453 1979 τῷ
2482 1911 2656 1980 Πατρὶ
2682 1910 2796 1981 ἃμα
2816 1910 2891 1983 τῷ
2920 1913 3059 1984 ἁγίῳ
3089 1913 3364 1984 Πνεύματι
3386 1914 3530 1978 δόξα,
3562 1913 3797 1984 κράτος,

2132 1996 2290 2069 τιμὴ,
2322 1998 2416 2052 νῦν
2468 1999 2560 2052 καὶ
2591 2001 2700 2064 ἀεὶ,
2735 2001 2828 2054 καὶ
2880 2003 2959 2066 είς
3009 2003 3134 2064 τοὺς
3163 2003 3365 2067 αἰῶνας
3406 2003 3515 2056 τῶν
3555 2002 3796 2059 αἰώνων.

2147 2084 2340 2157 Ἀμήν.

1863 2272 2107 2326 OMIAIA
2154 2271 2258 2326 18'.

459 2348 746 2416 Ἀγγελος
763 2343 832 2416 δὲ
864 2345 1082 2412 Κυρίου
1109 2344 1376 2416 ἐλάλησε
1415 2344 1563 2416 πρὸς
1588 2344 1903 2416 Φίλιππον,
1935 2340 2037 2416 λέτ

458 2411 595 2501 των·
645 2411 959 2501 Ἀνάστηθι
977 2416 1075 2468 καί
1100 2415 1358 2501 πορεύου
1387 2415 1534 2501 πριξς
1550 2415 1921 2501 μεσημϐρίαν

457 2483 574 2552 τὴν
626 2483 770 2538 ὁδὸν
794 2483 910 2548 τὴν
944 2485 1422 2538 καταϐαίνουσαν
1467 2483 1584 2536 ἀπὸ
1647 2483 2040 2550 Ἰερουσαλὴμ

458 2557 545 2620 είς
581 2552 794 2614 Γάζαν·
823 2551 972 2623 αὕτη
1003 2553 1174 2608 ἐστὶν
1202 2553 1436 2621 ἕρημος.
1468 2552 1578 2606 Κιιί
1613 2553 1874 2618 ἀναστὰς
1898 2552 2039 2604 ἐπο-

453 2625 637 2693 ρεύθη
647 2665 661 2679 .

461 2725 530 2782 α’.
547 2727 699 2798 Ἐμοὶ
723 2726 871 2780 δοκεῖ
901 2725 1072 2780 ταῦτα
1093 2724 1168 2780 ὢν
1205 2726 1263 2779 ἐν
1286 2726 1568 2798 Σαμαρείᾳ
1591 2726 2039 2797 προστάττεσθαι,

393 2815 602 2869 ὅτιάπδ
645 2813 1030 2886 Ἰεροσολύμων
1077 2815 1137 2866 οὐ
1199 2814 1336 2884 πρὸς
1368 2813 1710 2885 μεσημϐρίαν
1757 2831 1842 2878 τις
1887 2815 2041 2869 ἀπει-

395 2919 481 2956 σιν
515 2915 565 2963 ι.
591 2900 728 2956 ἀλλὰ
755 2902 887 2973 πρὸς
939 2902 1158 2972 ἄρκτον·
1193 2902 1302 2954 ἀπὸ
1345 2901 1402 2955 δέ
1444 2902 1751 2972 Σαμαρείας
1780 2902 1913 2973 πρὸς
1950 2919 2043 2972 με·

396 2989 692 3063 σημϐρίαν.
737 2991 896 3057 Αὕτη
952 2990 1124 3044 ἐστίν
1169 2991 1405 3058 ἕρημος.
1462 2989 1631 3043 Τοῦτο
1681 2989 1847 3058 λέγει,
1905 2991 2043 3044 ὥστε

399 3076 475 3148 μὴ
504 3070 804 3148 φοϐηθῆναι
837 3076 944 3129 τῶν
1002 3076 1268 3129 Ἰουδαίων
1301 3076 1398 3147 τὴν
1445 3077 1784 3130 ἐπιστασίαν.
1813 3076 1918 3128 Καὶ
1945 3077 2046 3130 οὐκ

397 3164 673 3236 ἠρώτησε,
705 3163 792 3218 διὰ
837 3164 924 3228 τίς
971 3163 1085 3218 ἀλλ’
1133 3163 1369 3226 ἀναστάς
1398 3163 1686 3234 ἐπορεύθη.
1723 3163 1832 3216 Kal
1893 3162 2043 3224 ἰδοὺ.

399 3252 586 3320 φησὶν,
616 3252 771 3319 ἀνὴρ
793 3253 1006 3320 Αἰθίοψ
1036 3251 1348 3319 εὐνοῦχος,
1385 3250 1692 3317 δυνάστης
1734 3250 2047 3317 Κανδάκης

401 3338 513 3407 τῆς
555 3340 938 3406 ,ϐασιλίσσης
986 3339 1295 3402 Αἰθιόπων,
1345 3337 1413 3404 ὃς
1443 3334 1522 3408 ἦν
1571 3339 1670 3391 ἐπὶ
1705 3337 1909 3404 πάσης
1939 3339 2048 3406 τῆς

401 3425 579 3497 γάζης
610 3424 818 3494 αὐτῆς,
850 3425 916 3492 ὃς
949 3426 1231 3492 ἐληλύθει
1264 3424 1705 3494 προσκυνήσων
1730 3428 1814 3491 εἰς
1851 3426 2050 3494 Ίερου·

403 3513 631 3582 σαλὴμ.
659 3510 778 3568 Ἦν
807 3512 874 3565 δὲ
904 3513 1295 3581 ὑποστρέφων
1325 3513 1422 3566 καί
1448 3512 1772 3580 καθήμενος
1803 3513 1899 3566 ἐπὶ
1944 3513 2050 3567 τοῦ

404 3601 663 3669 ἅρματος
715 3600 898 3654 αὐτοῦ
926 3640 941 3664 ,
999 3598 1098 3652 καί
1157 3599 1520 3668 ἀνεγίνωσκε
1575 3603 1683 3654 τὸν
1739 3600 2054 3669 προφήτην

415 3687 686 3743 Ἡσαΐαν.
721 3686 946 3754 Μεγάλα
980 3685 1230 3754 ἐγκώμια
1281 3688 1347 3740 τά
1370 3689 1496 3758 περὶ
1548 3688 1736 3740 τούτου
1767 3689 2049 3758 εἰρημένα·

407 3775 459 3828 εἰ
484 3790 546 3842 γε
576 3773 670 3827 καὶ
703 3775 761 3827 ἐν
802 3773 1056 3846 Αἰθιοπίᾳ
1087 3774 1284 3844 μένων,
1334 3775 1428 3828 καὶ
1455 3775 1725 3839 τοσούτοις
1760 3776 2056 3848 κυκλούμε-

408 3879 495 3926 νος
525 3862 831 3933 πράγμασι,
870 3863 963 3915 καὶ
996 3863 1189 3932 ἑορτῆς
1231 3863 1328 3916 οὐκ
1353 3862 1538 3934 οὔσης,
1565 3867 1658 3918 καὶ
1705 3867 1762 3918 ἐν
1790 3868 1856 3936 τῇ
1892 3865 2055 3918 δεισι-

405 3948 618 4017 δαίμονι
640 3949 791 4003 πόλει
816 3948 913 4014 ῶν,
947 3947 1095 4020 [155]
1120 3949 1316 4019 ἤρχετο
1340 3953 1726 4020 προσκυνήσων
1751 3953 1830 4015 είς
1860 3953 2056 4023 Ἰερουρ

410 4039 608 4108 σαλήμ.
633 4037 806 4110 Πολλή
839 4056 899 4091 τε
931 4040 962 4110 ἡ
995 4039 1216 4107 σπουδὴ.
1247 4040 1328 4092 ὃτι
1364 4040 1458 4092 καὶ
1505 4039 1812 4109 καθήμενος
1834 4042 1925 4093 ἐπὶ
1963 4041 2054 4095 τοῦ

408 4127 682 4196 ὀχήματος
708 4127 1088 4195 ἀνεγίνωσκεν.
1121 4123 1267 4180 Είπε
1288 4127 1355 4179 δὲ
1375 4128 1441 4180 τὸ
1477 4127 1717 4195 Πνεῦμα
1741 4127 1820 4192 τῷ
1847 4131 2053 4181 Φιλίπ-

407 4227 518 4277 πῳ·
569 4214 873 4280 Πρόσελθε
921 4213 1018 4266 καί
1072 4213 1398 4280 κολλήθητι
1445 4212 1525 4278 τῷ
1579 4213 1789 4282 ἅρματι
1850 4217 2052 4282 τούτῳ.

421 4300 826 4368 Προσδραμὼν
847 4299 916 4352 δὲ
961 4303 993 4352 ό
1017 4301 1332 4364 Φίλιππος,
1363 4299 1630 4366 ἤκουσεν
1657 4301 1840 4353 αὐτοῦ
1859 4302 2048 4368 draw-

409 4385 753 4449 νώσκοντος
788 4386 1030 4437 Ἡσαΐαν
1056 4383 1163 4436 τὸν
1196 4385 1528 4452 προφήτην,
1575 4385 1670 4438 καί
1695 4382 1882 4439 εἶπεν·
1918 4384 2057 4452 *Αριὶ

410 4488 478 4540 γε
497 4471 825 4539 γινώσκεις,
851 4471 890 4524 ά
909 4471 1370 4540 ἀναγινώσκεις;
1413 4473 1474 4524 ’0
1499 4472 1567 4525 δὲ
1611 4470 1761 4526 εἷπε·
1787 4474 1911 4539 Πῶς
1951 4477 2058 4543 γὰρ

413 4557 490 4610 ἂν
521 4557 836 4627 δυναίμην,
894 4558 1001 4612 ἐὰν
1041 4558 1217 4625 μήτις
1253 4559 1524 4629 όδηγήσῃ
1569 4579 1664 4629 με.
1723 4563 1862 4632 Ὅρα
1899 4564 2058 4616 πάλιν

414 4644 580 4712 ἀλλην
608 4644 910 4699 εὐλάϐειαν.
947 4645 1079 4699 Τίνα
1109 4645 1344 4713 ταύτην;
1391 4647 1512 4700 ’Ότι
1537 4651 1636 4703 οὐκ
1657 4649 1811 4713 εἰδὼς
1833 4651 1859 4690 ιι
1881 4653 2060 4718 ἀνεγί-

414 4749 641 4794 νωσκεν,
668 4729 783 4786 εἶτα
815 4735 953 4803 μετά
978 4734 1039 4787 16
1058 4735 1366 4803 ἀναγνῶναι
1389 4735 1649 4800 ἐξετάζει.
1681 4738 2059 4806 Παρεκάλεσε

413 4821 481 4874 δὲ
507 4823 614 4875 τὸν
632 4823 931 4886 Φίλιππον
954 4822 1258 4878 ἀναϐάντα
1285 4826 1523 4879 καθίσαι
1549 4827 1670 4879 σὺν
1697 4827 1873 4891 αὐτῷ.
1904 4829 1973 4881 Ἠ
1991 4829 2059 4882 δὲ

414 4908 660 4978 περιοχὴ
682 4909 791 4977 τῆς
815 4910 1080 4980 Γραςοῆς,
1102 4911 1181 4977 ἣν
1205 4912 1626 4981 ἀνεγίνωσκεν,
1653 4911 1731 4983 ἦν
1758 4916 1928 4983 αὕτη·
1963 4917 2054 4982 Ὠς

415 5000 710 5067 πρόϐατον
734 4998 830 5052 ἐπὶ
864 5000 1108 5068 σφαγὴν
1127 4999 1306 5068 ἤχθη,
1339 5000 1435 5054 καί
1464 5002 1543 5067 ώς
1570 5003 1756 5070 ἀμνὸς
1787 5003 2062 5058 ἐναντίον

415 5083 522 5136 τοῦ
553 5086 855 5149 κείραντος
882 5085 1065 5138 αὑτὸν
1085 5085 1344 5154 ἄφωνος·
1369 5087 1555 5152 οὕτως
1571 5089 1682 5141 οὐκ
1702 5089 1925 5157 ἀνοίγει
1946 5100 1968 5128 ο
1993 5092 2060 5143 τὸ

417 5171 607 5235 στόμα
626 5171 828 5225 αὑτοῦ.
848 5173 950 5225 Ἑν
962 5171 1036 5239 τῇ
1053 5174 1398 5227 ταπεινώσει
1412 5174 1597 5228 αὑτοῦ
1613 5177 1649 5243 ἡ
1667 5177 1862 5244 κρίσις
1875 5177 2060 5231 αὑτοῦ

417 5253 589 5320 ἤρθη.
639 5255 754 5320 Τὴν
809 5257 878 5309 δὲ
911 5261 1120 5327 γενεὰν
1165 5261 1349 5314 αὑτοῦ
1401 5263 1494 5328 τίς
1551 5262 1930 5333 διηγήσεως
1971 5265 2060 5319 ὅτι

419 5342 642 5408 αίρεται
671 5342 786 5395 ἀπὸ
817 5343 925 5410 τῆς
963 5345 1073 5413 m’c
1099 5347 1136 5412 ὴ
1169 5347 1281 5414 ζωὴ
1303 5349 1507 5403 αὐτοῦ.
1555 5351 1910 5418 Ἀποκριθείς
1941 5351 2008 5404 δὲ
2027 5354 2059 5405 ό

419 5428 710 5496 εὐνοῦχος
755 5427 834 5494 τῷ
867 5432 1137 5498 Φιλίππῳ
1161 5430 1308 5486 εἶπε·
1335 5434 1547 5503 Δέομαί
1569 5452 1705 5500 σου,
1736 5437 1866 5505 περὶ
1898 5439 2060 5502 τίνος

421 5517 454 5568 ό
476 5513 787 5582 προφήτης
839 5515 1011 5568 τοῦτο
1037 5517 1232 5586 λέγει;
1268 5521 1398 5588 περί
1429 5523 1664 5585 ἑαυτοῦ,
1695 5524 1733 5591 ἢ
1761 5525 1892 5592 περί
1938 5524 2055 5578 ἐτέ-

419 5617 530 5668 ρου
561 5600 763 5664 τινός;
799 5599 1059 5667 Ἀνοίξας
1081 5601 1148 5654 δὲ
1171 5605 1202 5656 ό
1229 5605 1518 5670 Φίλιππος
1549 5608 1612 5659 τὸ
1635 5610 1826 5677 στόμα
1854 5609 2059 5674 αὐτοῦ,

486 5683 501 5706 ³
538 5687 633 5754 ᾖ]ἱὶ
667 5685 770 5746 ἐμοὶ
799 5687 958 5754 δοκεῖ,
1002 5691 1238 5754 τῶν-ἑπτά
1257 5690 1468 5754 ὠτοςῆν
1489 5708 1500 5719 ·
1542 5694 1596 5740 οὐ
1622 5696 1710 5754 γὰρ
1753 5696 1808 5742 ἀν
1832 5696 1926 5743 ἀπὸ
1972 5695 2061 5744 Ἱε-

451 5747 858 5828 ἓὲῗῗῗμωᾘτερῖτ.
879 5752 1168 5828 ww”
1190 5753 1353 5828 ἀτεήξιῖ
1378 5747 1522 5828 EE";
1596 5747 1642 5828 '1'
1670 5747 1801 5828 Unus
1841 5758 2064 5828 οοά;..εὐ-

485 5809 629 5882 ϐειαν,
671 5809 870 5882 ὅτιιριαὲ¹
906 5809 1178 5871 οὐκέἱδὼς.
1236 5809 1458 5868 θ’ΜοιιιΙ.
1497 5816 1667 5878 ἤνοιξε,
1691 5817 2063 5868 reclamantibus

426 5867 648 5920 omnibus
669 5870 807 5921 codd.
833 5870 971 5925 Enn.

2139 2344 2236 2396 καί
2295 2343 2626 2414 ἀρξάμενος
2656 2343 2775 2398 ἀπὸ
2805 2344 2914 2412 τῆς
2945 2345 3190 2414 Γραφῆς
3220 2347 3458 2413 ταύτης,
3486 2349 3792 2419 εὐηγγελί-

2139 2446 2289 2484 σατο
2313 2429 2471 2497 αὐτῷ
2504 2431 2609 2485 τὸν
2647 2433 2903 2498 Ἰησοῦν.
2941 2433 3122 2504 Ὁρᾷς,
3169 2433 3284 2496 πῶς
3313 2436 3677 2504 οίκονομεῖται
3729 2439 3806 2492 τὰ

2139 2519 2260 2572 κατ’
2291 2520 2486 2585 αὑτόν;
2536 2521 2802 2592 Πρότερον
2851 2521 3212 2588 ἀναγινώσκει
3266 2523 3361 2575 καὶ
3396 2524 3606 2591 ἀγνοεῖ·
3677 2520 3805 2578 εἶτα

2139 2608 2502 2676 ἀναγινώσκει
2539 2608 2706 2678 αὐτὴν
2739 2609 2836 2680 τὴν
2883 2609 3158 2680 περιοχὴν,
3200 2609 3326 2662 ἔνθα
3373 2606 3439 2680 ἦν
3492 2610 3554 2663 16
3601 2611 3801 2674 πάθος,

2141 2695 2236 2748 καὶ
2274 2696 2307 2766 ἡ
2332 2696 2622 2759 ἀνάστασις
2642 2696 2734 2749 καὶ
2763 2698 2795 2766 ἡ
2828 2695 3019 2764 δωρεά.
3057 2695 3148 2762 Ὡς
3173 2696 3238 2749 δὲ
3267 2697 3624 2764 ἐπορεύοντο
3645 2699 3805 2752 κατὰ

2141 2781 2255 2849 τὴν
2282 2783 2443 2846 ὀδόν,
2467 2779 2656 2853 ἦλθον
2681 2784 2780 2836 ἐπί
2817 2802 2870 2838 τι
2895 2783 3068 2850 ὕδωρ·
3097 2784 3198 2837 καί
3217 2801 3407 2852 φησιν
3427 2787 3459 2837 ὀ
3478 2785 3798 2853 εὐνοῦχος·

2156 2869 2310 2924 Ἰδοὺ
2332 2870 2506 2938 ὕδωρ,
2533 2871 2592 2923 τί
2613 2872 2828 2924 κωλύει
2847 2888 2922 2939 με
2943 2869 3349 2939 βαπτισθῆναι
3364 2887 3384 2936 ;
3406 2867 3560 2934 Εἶδες
3592 2872 3804 2941 προθυ-

2147 2959 2306 3028 μίανς
2342 2954 2479 3020 εἶδες
2502 2958 2815 3028 ἀκρίϐειαν;
2859 2957 3176 3012 Ἐκέλευσέ
3196 2975 3258 3010 τε
3284 2957 3503 3026 στῆναι
3523 2958 3588 3010 τὸ
3615 2958 3801 3026 ἅρμα,

2145 3044 2242 3098 καί
2268 3043 2609 3109 κατέϐησαν
2637 3046 2725 3108 εἰς
2764 3043 2830 3097 τὸ
2860 3043 3017 3110 ὕδωρ
3055 3044 3392 3113 ἀμφότεροι,
3432 3045 3465 3097 ὅ
3491 3061 3553 3098 τε
3584 3047 3805 3099 Φίλιπ-

2144 3147 2258 3196 πος
2281 3130 2380 3184 καί
2408 3133 2440 3184 ό
2467 3131 2776 3199 εὐνοῦχος.
2815 3131 2912 3184 καί
2965 3130 3287 3184 ἐϐάπτισεν
3312 3133 3516 3185 αὐτόν.
3551 3132 3697 3184 Ὅτε
3732 3130 3807 3184 δὲ

2145 3217 2451 3284 ἀνέϐησαν
2476 3219 2593 3272 ἀπὸ
2621 3218 2728 3272 τοῦ
2756 3218 2992 3284 ὕδατος,
3039 3219 3274 3288 Πνεῦμα
3301 3220 3518 3287 Kvplov
3553 3217 3807 3286 ἥρπασε

2145 3306 2253 3358 τὸν
2278 3305 2595 3368 Φίλιππον,
2621 3307 2717 3358 καί
2743 3307 2851 3362 οὐκ
2876 3303 3035 3360 εἶδεν
3061 3307 3246 3360 αὑτὸν
3274 3308 3382 3360 οὐκ
3406 3307 3490 3360 ἐτι
3511 3308 3544 3359 ό
3574 3306 3806 3360 εὐνοῦ-

2148 3411 2274 3462 χος.
2319 3393 2658 3459 Ἐπορεύετο
2679 3392 2788 3462 γὰρ
2815 3394 2929 3456 τὴν
2957 3393 3101 3446 ὁδὸν
3120 3392 3298 3446 αὐτοῦ
3327 3393 3564 3460 χαίρων.
3593 3392 3698 3444 Διά
3723 3394 3807 3458 τί,

2151 3482 2332 3549 φησὶν,
2361 3477 2494 3551 ἦρεν
2541 3481 2698 3534 αὑτὸν
2739 3480 2958 3550 Πνεῦμα
2995 3481 3228 3551 Κυρίου;
3273 3480 3415 3532 Διότι
3458 3478 3651 3549 ἔμελλε
3707 3480 3813 3533 καὶ

2151 3566 2317 3631 ἄλλας
2348 3567 2533 3631 πόλεις
2587 3567 2812 3621 διελθεῖν
2849 3568 2942 3620 καὶ
2991 3566 3455 3634 εὐαγγελίσασθαι.
3509 3567 3677 3618 Ὥστε
3713 3561 3812 3619 οὖν

2153 3653 2376 3725 ὕστερον
2428 3655 2591 3707 αὑτὸν
2643 3654 3022 3725 θαυμασθῆναι
3065 3653 3224 3706 τοῦτο
3279 3655 3510 3721 ἐγένετο,
3545 3652 3689 3705 ὥστε
3730 3653 3810 3723 μὴ

2151 3739 2487 3812 ἀνθρώπινον
2512 3740 2573 3793 τὸ
2601 3741 2726 3811 περὶ
2762 3740 2941 3803 αὑτὸν,
2985 3740 3119 3793 ἀλλά
3150 3740 3290 3793 θεῖον
3318 3740 3557 3809 νομίσαι.
3589 3739 3809 3791 Φίλιπ-

2151 3844 2265 3895 πος
2292 3831 2359 3882 δὲ
2389 3831 2601 3898 εὑρέθη
2631 3833 2716 3895 εἰς
2776 3830 3048 3896 Ἄζωτον,
3078 3829 3172 3883 καί
3205 3829 3586 3898 διερχόμενος
3629 3831 3813 3898 εὐηγ-

2151 3921 2435 3990 γελίσατο
2463 3920 2567 3984 τὰς
2599 3920 2806 3984 πόλεις
2825 3917 3045 3984 πάσας.
3086 3918 3195 3984 ἕως
3245 3917 3351 3971 τοῦ
3377 3917 3574 3971 ἐλθεῖν
3620 3919 3812 3970 αὐτὸν

2151 4011 2238 4074 εἰς
2266 4005 2640 4073 Καισάρειαν.
2672 4006 2780 4059 Καὶ
2823 4007 2887 4059 ἐκ
2935 4005 3126 4058 τούτου
3178 4004 3334 4074 δῆλον
3383 4005 3457 4068 ὡς
3509 3999 3662 4066 οὗτος
3700 4003 3813 4056 τῶν

2153 4097 2292 4150 ἑπτά
2323 4097 2436 4148 ἐστι
2465 4093 2514 4133 ά·
2578 4094 2672 4147 καὶ
2701 4094 2809 4163 γὰρ
2843 4093 2937 4146 καὶ
2965 4091 3189 4162 ὕστερον
3241 4093 3358 4145 ἐκεῖ
3405 4091 3722 4164 εὑρίσκεται
3752 4093 3814 4144 ἐν

2154 4180 2475 4250 Καισαρείᾳ.
2499 4180 2569 4231 Συ
2579 4179 2889 4249 μφερόντως
2917 4174 3007 4232 οὖν
3027 4179 3274 4249 ἥρπασεν
3297 4177 3456 4231 αὑτὸν
3476 4177 3536 4229 τὸ
3559 4173 3811 4246 Πνεῦμα,

2153 4269 2274 4320 ἐπεὶ
2305 4267 2533 4334 ἠξίωσεν
2566 4267 2630 4320 ἂν
2663 4268 2755 4320 καὶ
2809 4267 3162 4321 συναπελθεῖν
3198 4265 3344 4336 αὐτῷ
3373 4267 3400 4318 6
3443 4264 3720 4334 εὐνοῦχος·
3751 4263 3814 4316 ὃν

2155 4355 2248 4408 καὶ
2278 4354 2543 4423 ἐλύπησεν
2569 4355 2632 4406 ἂν
2668 4356 2890 4417 ἐκεῖνος,
2939 4353 3239 4415 άνανεύσας
3268 4351 3362 4405 καὶ
3405 4351 3812 4421 ἀρνησάμενος,

2154 4442 2364 4495 οὐδέπω
2387 4441 2582 4512 καιροῦ
2612 4442 2783 4504 ὄντος.
2838 4438 2990 4505 Εἶδες
3014 4441 3276 4510 ἀγγέλους
3319 4438 3817 4507 συναντιλαμὸανο-

2157 4529 2349 4600 μένους
2371 4529 2448 4597 τῷ
2479 4529 2812 4598 κηρύγματι,
2844 4529 2935 4581 καὶ
2975 4529 3168 4591 αὐτοὺς
3202 4529 3298 4599 μὲν
3325 4529 3384 4579 οὐ
3413 4525 3814 4596 κηρύττοντας,

2154 4614 2458 4679 τούτουςδέ
2507 4614 2833 4679 καλοῦντας;
2881 4616 2954 4668 Τὸ
2980 4615 3037 4668 δέ
3066 4614 3372 4684 θαυμαστὸν
3415 4613 3508 4665 καὶ
3560 4611 3816 4664 ἐντεῦθεν

2155 4703 2447 4757 δείκνυται·
2486 4703 2622 4774 ὅπερ
2647 4703 2754 4772 γάρ
2779 4703 2942 4756 πάλαι
2979 4703 3200 4755 σπάνιον
3231 4698 3297 4773 ἦν
3324 4701 3416 4754 καὶ
3455 4699 3608 4770 μόλις
3638 4699 3818 4762 ἐγίνε-

2153 4808 2235 4854 το,
2264 4789 2422 4843 τοῦτο
2441 4790 2671 4843 ἐνταῦθα
2691 4790 2828 4860 μετά
2850 4789 3046 4859 πολλῆς
3071 4788 3276 4856 γίνεται
3299 4786 3572 4856 ἀφθονίας.
3600 4785 3819 4847 ’Λλλως

2159 4879 2215 4932 δὲ
2247 4889 2271 4916 θ
2301 4879 2392 4931 καὶ
2420 4878 2866 4949 προαναφώνησίς
2897 4895 2980 4940 τις
3011 4877 3072 4930 16
3102 4875 3322 4944 γεγονὸς
3350 4871 3417 4945 ἦν
3457 4873 3551 4927 τοῦ
3581 4874 3689 4924 τῶν
3719 4873 3818 4925 ἀλ-

2161 4963 2402 5033 λοφύλων
2423 4964 2690 5035 κρατῆσαι
2717 4964 2931 5026 αύτούς.
2961 4965 3068 5016 Καὶ
3091 4965 3198 5033 γάρ
3223 4962 3282 5014 16
3309 4960 3416 5014 τῶν
3446 4961 3816 5013 πιστευόντων

2161 5051 2492 5115 ἀξιόπιστον,
2532 5051 2711 5104 ἱκανὸν
2764 5053 2889 5114 τοὺς
2918 5050 3279 5121 μανθάνοντας
3328 5049 3508 5100 πεῖσαι
3546 5047 3684 5113 πρὸς
3719 5047 3817 5099 16v

2164 5140 2276 5193 ἴσον
2311 5142 2402 5192 καὶ
2429 5141 2624 5202 αὐτοὺς
2645 5140 2802 5210 ζῆλον
2829 5139 3198 5208 διαναστῆναι.
3227 5136 3324 5190 Διά
3373 5135 3530 5188 τοῦτο
3556 5134 3687 5202 γοῦν
3718 5134 3819 5186 καὶ

2163 5228 2453 5297 ἐπορεύετο
2481 5229 2704 5298 χαίρων,
2739 5227 2878 5280 ὥστε
2909 5229 2956 5280 εἰ
2995 5227 3279 5296 ἠπίστατο,
3338 5226 3437 5278 οὐκ
3463 5223 3527 5276 ἂν
3551 5222 3716 5292 ἥσθη.
3747 5221 3818 5274 Τί

2162 5310 2248 5362 δαὶ
2289 5310 2513 5376 ἐκώλυε,
2564 5311 2715 5379 φησὶ,
2752 5311 2927 5363 πάντα
2975 5308 3136 5360 αὑτὸν
3173 5307 3414 5378 ἀκριϐῶς
3473 5305 3666 5375 μαθεῖν
3719 5304 3821 5357 καὶ

2163 5398 2222 5450 ἐν
2243 5397 2320 5467 τῷ
2348 5398 2580 5467 ὀχήματι
2609 5397 2754 5459 ὄντα,
2784 5396 2878 5450 καὶ
2910 5396 3142 5466 μάλιστα
3183 5399 3241 5448 ἐν
3279 5396 3501 5466 ὲρήμῳ;
3539 5392 3662 5444 Ὀτι
3711 5391 3820 5443 οὐκ

2162 5481 2230 5555 ἦν
2259 5487 2320 5538 16
2349 5487 2578 5556 πρᾶγμα
2611 5485 2882 5549 ἐπίδειξις.
2928 5484 3065 5536 Ἀλλ’
3116 5485 3313 5554 ῖδωμεν
3368 5481 3571 5537 ἀνωθεν
3599 5479 3668 5532 τά
3714 5479 3819 5531 ἀν-

2164 5572 2498 5641 εγνωσμένα.
2530 5571 2637 5637 Κᾳί
2662 5570 2791 5624 ἰδοὺ
2821 5571 2975 5639 ἀνὴρ
3034 5571 3251 5638 Αἰθίοψ
3291 5566 3603 5634 εὐνοῦχος,
3654 5564 3816 5634 φησὶ,

2166 5658 2470 5726 δυνάστης
2499 5656 2649 5729 [154]
2679 5654 2786 5725 τῆς
2824 5657 3204 5721 ,ϐασιλίσσης
3231 5655 3523 5709 Αἰθιόπων
3575 5650 3820 5706 Κανδά-

2226 5816 2254 5854 4
2287 5815 2423 5864 Alius
2454 5815 2754 5877 Καισάρειαν.
2779 5813 2931 5869 Οὗτος
2945 5815 3041 5860 τῶν
3071 5815 3186 5861 ἑπτὰ
3204 5813 3354 5877 ἐστιν.
3375 5871 3387 5877 _
3412 5810 3584 5877 _"Aﬂic
3611 5809 3822 5877 omnino

2164 5880 2316 5928 variat
2340 5890 2484 5934 unus.
2529 5871 2908 5929 earnmdemque
2933 5887 3094 5924 rerum
3117 5875 3299 5924 seriem
3316 5871 3524 5924 subinde
3556 5875 3730 5922 mutat.
