4014 6218
268 320 366 379 μθ

260 442 395 497 foras
422 438 715 494 mittentur
773 438 893 493 Non
924 447 1092 508 potest
1123 436 1243 492 hinc
1266 448 1380 491 orta
1408 439 1647 507 voluptas
1676 438 1853 494 verbis

267 534 537 603 explicari,
568 532 755 587 donec
781 547 947 602 opere
974 533 1039 585 sit
1070 543 1334 600 suscepta.
1358 532 1432 586 Ne
1460 532 1559 585 huc
1582 534 1853 601 respicias,

267 627 394 698 quod
424 625 633 680 nullum
665 624 869 681 habeat
900 634 1213 695 proventum
1241 643 1254 679 :
1285 625 1328 678 si
1354 625 1571 679 omnino
1595 624 1645 678 id
1673 624 1852 691 facias,

272 736 331 772 ne
370 718 533 774 facias
574 727 763 772 tamen
786 760 801 782 ,
838 719 941 772 nisi
985 728 1138 786 putes
1168 718 1421 786 majorem
1460 717 1551 772 tibi
1596 726 1702 773 tota
1733 717 1853 773 villa

277 820 574 881 pmvemum
607 823 776 873 esse;
810 806 917 863 nisi
944 808 1022 862 sic
1051 807 1268 862 aﬂ'ectus
1305 809 1380 862 sis
1400 849 1414 871 ,
1447 823 1544 863 nec
1572 810 1849 877 opereris;

278 901 366 954 nisi
398 912 550 968 putes
580 898 689 954 hoc
716 914 857 969 opus
887 899 989 953 tuis
1018 899 1265 954 omnibus
1289 914 1409 955 esse
1439 899 1845 969 prml'erendum.

277 992 392 1059 Quid
429 993 528 1045 hoc
556 1000 827 1061 proventu
855 990 1043 1059 majus,
1071 990 1272 1044 animus
1300 991 1349 1044 in
1378 1006 1553 1044 aream
1580 991 1847 1047 caslestem

276 1081 558 1137 inducere?
589 1081 689 1135 llei
720 1080 875 1144 mihi,
906 1081 1045 1148 quod
1078 1081 1325 1135 nesciatis
1356 1092 1607 1151 quantum
1638 1084 1706 1135 sit
1734 1082 1849 1135 aui-

281 1189 382 1227 mas
410 1171 740 1226 lucrificare!
774 1170 911 1225 Audi
953 1170 1078 1241 quid
1120 1171 1279 1226 Petro
1307 1172 1447 1227 dicat
1474 1172 1715 1227 Christus
1744 1191 1756 1226 :
1786 1173 1847 1229 Si

277 1266 433 1335 diligis
457 1282 571 1327 me,
605 1279 761 1332 pasce
784 1279 895 1317 oves
931 1281 1066 1317 meas
1095 1262 1113 1334 (
1131 1262 1286 1319 Joau.
1315 1264 1405 1320 21.
1438 1264 1558 1335 15).
1582 1266 1642 1321 Si
1675 1266 1845 1335 regias

276 1373 390 1413 oves
422 1358 610 1411 videns
636 1365 731 1409 aut
760 1371 1018 1425 equorum
1045 1366 1341 1410 armeutmu
1362 1398 1376 1421 ,
1411 1356 1551 1427 quod
1579 1358 1844 1411 stabulum

279 1465 371 1501 non
393 1446 667 1510 haberent,
695 1446 899 1499 insidiis
929 1456 1126 1514 patere,
1150 1448 1421 1515 acciperes
1445 1448 1574 1516 ipse,
1599 1456 1651 1502 et
1670 1448 1844 1517 equile

278 1539 633 1607 stabulumun
654 1547 984 1604 exstrueres,
1008 1553 1071 1592 ac
1091 1549 1355 1607 pastorem
1378 1542 1676 1608 prtuliceres
1700 1558 1713 1592 :
1737 1555 1844 1609 quo

280 1642 327 1687 te
360 1646 443 1685 rex
486 1643 713 1684 munere
753 1643 861 1683 non
902 1627 1157 1683 donaret?
1200 1630 1349 1685 Nunc
1387 1629 1581 1685 Christi
1626 1646 1840 1702 gregem

283 1724 459 1793 colligis
477 1764 493 1789 ,
522 1734 577 1777 et
606 1729 874 1791 pastorem
906 1723 1132 1790 praeficis
1152 1763 1167 1787 ,
1207 1739 1306 1778 nec
1334 1735 1485 1793 puuts
1516 1734 1566 1778 te
1593 1740 1837 1794 magnum

290 1817 520 1886 quidpiam
554 1812 775 1868 facere?
804 1812 940 1878 Quid
982 1813 1142 1869 dico?
1183 1815 1237 1869 Si
1274 1817 1321 1870 ei
1343 1856 1358 1878 ,
1388 1815 1479 1885 qui
1517 1814 1840 1871 scandalth

1244 319 1309 377 IN
1344 320 1522 377 ACTA
1561 319 2083 378 APOSTOLORUM.
2131 319 2358 378 ιιοδιηη
2401 321 2545 379 XIX.

3438 335 3540 393 150

1964 438 2124 493 etiam
2151 453 2335 502 unum,
2365 448 2563 492 tantum
2587 439 2904 509 supplicium
2927 444 3279 501 comminatur
3306 462 3319 499 :
3346 450 3434 518 qui
3464 459 3542 507 tot

1963 537 2140 584 servat
2170 528 2432 596 homines,
2460 545 2635 584 annon
2666 532 2889 587 salutem
2916 538 3309 605 Consequetur?
3338 538 3537 595 Conseo

1957 628 2152 690 quetUr
2174 631 2337 677 certe.
2364 622 2640 690 Quodnam
2671 624 2811 679 enim
2846 636 3021 693 postea
3066 638 3336 696 peccatum
3368 630 3534 686 habe-

1954 709 2035 765 bit
2058 727 2073 776 ;
2100 712 2182 765 vel
2212 711 2255 765 si
2288 710 2478 765 habeat
2500 753 2516 779 ,
2546 727 2722 767 annon
2753 712 2950 768 delebit
2986 716 3149 772 illud?
3191 721 3231 772 A
3273 722 3535 789 supplicio

1955 802 2365 858 scandalizantis
2391 803 2537 859 disce
2565 806 2837 876 prtemium
2865 810 3144 865 servantis.
3171 810 3226 865 Si
3257 828 3359 867 non
3390 830 3533 868 cura:

1954 904 2096 950 esset
2127 896 2236 950 Deo
2266 897 2349 952 vel
2377 898 2532 951 unius
2561 898 2753 953 anima:
2782 900 2925 954 salus
2947 942 2963 967 ,
2992 916 3099 955 non
3134 912 3238 956 tam
3271 904 3531 960 irascere-

1954 994 2041 1040 tur
2065 985 2133 1040 de
2162 986 2297 1040 illius
2326 986 2575 1056 pernicie.
2604 987 2729 1042 Haec
2756 988 2936 1059 itaque
2962 1005 3085 1045 cum
3113 993 3339 1047 sciamus
3361 1035 3375 1059 ,
3408 995 3531 1051 huic

1951 1079 2207 1147 spirituali
2237 1080 2384 1149 operi
2415 1080 2731 1148 haereamus,
2765 1098 2851 1137 me
2882 1084 3241 1153 unusquisque
3272 1098 3443 1150 vocet,
3476 1100 3530 1144 et

1952 1186 2052 1226 nos
2080 1171 2237 1226 simul
2263 1187 2480 1241 Operam
2516 1173 2759 1229 dabimus
2806 1190 2900 1243 pro
2944 1175 3102 1229 virili.
3144 1175 3210 1231 Et
3239 1178 3281 1230 si
3313 1180 3525 1246 quidem

1950 1271 2061 1318 tres
2101 1262 2294 1318 fuerint
2338 1279 2672 1333 possessores
2692 1307 2707 1329 ,
2737 1265 2790 1319 in
2825 1281 3106 1321 commune
3136 1268 3449 1335 conferant;
3482 1270 3529 1325 si

1948 1369 2084 1409 unus
2108 1396 2122 1418 ,
2150 1355 2268 1408 aliis
2305 1371 2513 1425 quoque
2550 1356 2736 1411 vicinis
2778 1357 2830 1411 id
2874 1359 3134 1412 suadebit.
3169 1359 3395 1414 Tantum
3427 1360 3529 1415 hoc

1947 1445 2202 1515 perlicere
2237 1446 2491 1501 studeatis
2515 1487 2530 1513 ,
2561 1449 2785 1503 obsecro
2808 1490 2825 1516 ,
2858 1458 2913 1503 ut
2951 1450 3093 1504 omni
3130 1466 3192 1504 cx
3234 1463 3381 1520 parte
3418 1452 3529 1507 Deo

1947 1538 2234 1606 placentes,
2265 1545 2461 1591 a-terna
2490 1553 2879 1617 consequamur
2908 1540 3070 1607 bona,
3097 1540 3263 1609 gratia
3294 1550 3348 1594 et
3377 1542 3527 1596 beni-

1944 1630 2141 1699 gnitate
2172 1630 2376 1684 Domini
2405 1632 2570 1685 nostri
2595 1630 2719 1685 Jesu
2745 1628 2961 1698 Christi,
2990 1634 3201 1701 quicum
3230 1632 3369 1687 Patri
3397 1650 3528 1687 una-

1900 1736 1913 1751 '
1942 1737 2048 1793 que
2075 1720 2290 1791 Spiritui
2319 1732 2503 1777 sancto
2528 1722 2719 1793 gloria,
2749 1724 3049 1793 imperium,
3081 1725 3271 1794 ltonor,
3306 1742 3444 1781 nunc
3469 1736 3525 1782 et

1942 1828 2175 1886 semper,
2202 1824 2257 1870 et
2285 1815 2336 1869 in
2366 1816 2559 1870 sazcula
2587 1816 2922 1871 smculorum.
2952 1820 3140 1872 Amen.

1596 2023 1934 2085 HOMlLIA
1974 2024 2150 2084 XIX.

287 2175 391 2232 Cir.
431 2178 480 2231 8.
529 2193 582 2232 γ.
628 2177 720 2232 26.
780 2177 1000 2244 Angelus
1050 2185 1215 2228 autem
1262 2173 1461 2227 Domini
1491 2172 1725 2241 loquutus
1753 2180 1828 2225 est

344 2270 401 2321 ad
428 2267 737 2337 Philippum,
770 2269 941 2321 dicens
971 2283 989 2321 :
1016 2266 1181 2337 Surge
1221 2276 1265 2320 et
1309 2264 1432 2319 vade
1472 2274 1646 2317 contra
1672 2265 1821 2315 meri-

345 2359 478 2420 diem,
506 2359 573 2410 ad
593 2362 723 2412 viam
751 2375 865 2428 qua!
884 2358 1135 2411 descendit
1159 2374 1190 2409 a
1209 2354 1492 2410 Jerusalem
1516 2356 1568 2408 iu
1600 2352 1788 2407 Gazam
1803 2368 1824 2410 .'

346 2452 435 2502 lucc
456 2462 522 2503 cst
564 2453 779 2504 deserta.
824 2451 911 2503 ‘27.
945 2450 1007 2502 Et
1032 2466 1237 2518 surgens
1264 2450 1403 2501 abiit.

346 2544 389 2596 l.
417 2543 623 2597 Videtur
653 2543 780 2597 mihi
810 2544 911 2597 hoc
932 2544 1236 2596 mandatum
1275 2540 1562 2611 accepisse,
1594 2556 1711 2595 cum
1738 2556 1827 2595 es-

288 2642 353 2687 set
376 2635 420 2688 in
439 2635 664 2690 Samaria
689 2654 703 2701 ;
733 2636 854 2705 quia
877 2634 943 2687 ab
963 2633 1307 2704 Jerosolymis
1338 2649 1441 2686 non
1467 2643 1649 2688 contra
1670 2633 1825 2687 meri-

286 2722 401 2777 diem
417 2726 526 2793 quis
543 2726 682 2779 vadit
706 2727 744 2789 ί,
768 2725 863 2780 sed
885 2734 1065 2779 contra
1084 2724 1520 2793 septentrionem;
1541 2738 1569 2775 a
1588 2722 1823 2777 Samaria

289 2830 391 2867 vero
414 2828 585 2869 contra
619 2816 917 2870 meridiem.
954 2813 1076 2869 IIwc
1106 2824 1176 2868 est
1196 2814 1413 2868 deserta.
1442 2813 1551 2867 Hoc
1589 2812 1734 2874 dicit,
1768 2821 1825 2866 ttt

284 2921 339 2959 ne
361 2908 517 2962 timeat
558 2908 864 2962 ludmormn
894 2907 1183 2962 incursum.
1215 2906 1325 2960 Nec
1350 2908 1665 2975 interrogat,
1689 2920 1823 2973 qua-

283 2998 360 3050 re?
404 2999 486 3053 sed
526 3014 753 3069 surgens
805 2999 955 3053 abiit.
985 2998 1051 3052 Et
1091 3016 1221 3065 ecce,
1255 2998 1441 3067 inquit,
1473 2997 1549 3050 uir
1572 2995 1822 3066 xEthiops

279 3091 518 3155 eunuchus,
549 3102 726 3161 potens
749 3089 998 3145 Cauducis
1038 3093 1223 3161 regium
1248 3089 1572 3161 /Ethiopum,
1601 3088 1686 3154 qui
1714 3097 1820 3143 erat

276 3195 403 3247 super
427 3200 613 3236 onmem
642 3200 823 3253 gazam
855 3184 981 3250 ejus,
1009 3185 1094 3252 qui
1125 3193 1328 3237 venerat
1356 3185 1571 3237 adorare
1590 3183 1641 3236 in
1662 3181 1819 3236 Jeru-

276 3271 421 3321 salem.
440 3273 523 3326 “2.8.
555 3274 618 3326 I'It
646 3274 983 3327 rwertebntur
1019 3275 1194 3328 sedens
1230 3291 1383 3345 super
1408 3291 1612 3327 currum
1631 3291 1815 3340 suum,

275 3373 313 3413 et
331 3366 498 3434 legebat
523 3366 712 3421 Isaiam
740 3369 1055 3438 prophetam.
1074 3369 1276 3437 Magnis
1300 3369 1382 3423 hic
1409 3369 1652 3423 laudibus
1679 3370 1819 3424 cele-

273 3456 459 3512 bratur:
484 3461 741 3530 siquidem
780 3462 831 3515 in
859 3462 1128 3531 Ethiopia
1155 3478 1394 3529 manens,
1419 3472 1471 3518 et
1496 3472 1572 3517 tot
1594 3463 1818 3533 negotiis

272 3552 484 3617 obrutus,
516 3574 629 3610 cum
663 3557 781 3611 dies
805 3557 971 3611 festus
1003 3575 1104 3611 non
1134 3570 1295 3624 esset,
1328 3568 1381 3612 et
1407 3558 1458 3613 in
1482 3560 1819 3626 superstitio-

268 3646 403 3700 nihus
442 3649 611 3703 dedita
641 3652 861 3704 civitate
892 3661 1212 3717 versaretur,
1243 3653 1384 3706 venit
1426 3652 1739 3707 adoraturus
1762 3653 1813 3706 in

266 3735 557 3793 Jerusalem.
584 3741 877 3810 Magnaque
916 3752 1031 3795 erat
1060 3742 1369 3812 diligentia;
1409 3758 1529 3796 nam
1580 3744 1629 3796 in
1658 3759 1813 3796 curru

264 3830 434 3883 sedens
468 3833 696 3901 legebat.
732 3833 823 3888 29.
861 3833 997 3887 Dixit
1035 3846 1201 3887 autem
1246 3835 1473 3904 Spiritus
1525 3832 1767 3904 Philippo
1795 3849 1814 3888 :

266 3920 452 3987 Accede,
483 3934 526 3976 et
552 3925 775 3994 adiunge
802 3936 848 3978 te
887 3927 954 3978 ad
1000 3944 1202 3980 currum
1226 3928 1395 3981 istum.
1428 3927 1513 3982 50.
1540 3927 1815 3983 Accurrens

263 4021 404 4064 autem
444 4013 731 4085 Philippus,
754 4017 944 4070 audivit
973 4034 1083 4069 eum
1112 4020 1352 4087 legentem
1377 4018 1567 4071 Isaiam
1594 4018 1812 4088 praphe-

261 4111 367 4166 tam,
406 4117 451 4159 et
477 4109 603 4161 dixit
634 4124 652 4161 :
688 4108 909 4163 Putasne
952 4111 1189 4181 intelligis
1231 4129 1343 4176 qua:
1377 4114 1540 4183 legis?
1585 4112 1672 4167 5|.
1712 4112 1814 4167 Ille

262 4208 357 4247 tero
380 4198 496 4250 dixit
513 4216 532 4252 :
566 4197 633 4251 Et
653 4200 901 4262 quomodo
928 4202 1132 4271 possim,
1159 4202 1255 4255 nisi
1270 4204 1381 4271 quis
1405 4206 1630 4257 ostendat
1650 4205 1814 4258 mihi?

265 4284 374 4341 Vide
400 4306 602 4343 rursum
631 4292 788 4344 aliam
829 4293 1097 4360 pietatem.
1130 4294 1296 4361 Quam
1328 4295 1508 4349 illam?
1536 4296 1685 4361 Quod
1714 4313 1810 4352 ne-

256 4378 408 4434 sciens
435 4382 663 4451 legeret;
692 4393 747 4439 et
776 4394 1049 4455 postquam
1091 4387 1309 4456 legerat,
1344 4390 1593 4458 requirat.
1642 4391 1813 4458 Roga-

255 4470 397 4539 ritque
424 4472 745 4542 Philippum,
788 4484 841 4527 ut
884 4477 1170 4530 ascenderet
1203 4488 1248 4531 et
1276 4479 1467 4533 sederet
1506 4497 1689 4533 secum.
1720 4482 1807 4535 32.

252 4559 399 4617 Locus
420 4577 587 4617 autem
620 4566 918 4636 Scriptum,
966 4586 1111 4638 quem
1136 4570 1345 4640 legebat,
1382 4581 1487 4624 erat
1511 4573 1591 4626 hic
1615 4589 1633 4627 .'
1657 4572 1812 4627 Tant-

252 4674 383 4723 quam
406 4662 509 4713 ovis
536 4660 606 4712 ad
630 4662 928 4715 occisionem
958 4664 1134 4715 ductus
1163 4673 1233 4716 est
1262 4680 1279 4717 :
1310 4674 1356 4718 et
1384 4667 1510 4719 sicut
1539 4684 1699 4737 agnus
1727 4685 1812 4721 co-

252 4767 346 4804 ram
376 4755 605 4807 tondente
626 4772 678 4807 se
702 4754 808 4807 sine
832 4772 965 4817 voce,
996 4758 1069 4809 sic
1098 4774 1197 4809 non
1223 4760 1417 4827 aperuit
1442 4776 1495 4813 os
1521 4778 1684 4814 suum.
1719 4762 1806 4815 53.

254 4842 305 4892 In
333 4845 604 4897 humilitate
630 4847 882 4915 judicium
908 4850 1015 4916 ejus
1035 4849 1282 4901 sublatam
1312 4860 1402 4903 est.
1432 4850 1810 4906 Generutionem

251 4936 345 4989 eius
370 4938 477 5001 quis
504 4938 757 4989 enurrubit
775 4938 800 4989 .7
829 4940 1061 5005 quoniam
1084 4941 1283 4994 tolletur
1312 4944 1373 4995 de
1400 4954 1532 4997 terra
1567 4947 1664 4998 vita
1702 4950 1810 5014 ejus

256 5024 396 5091 (Isai.
424 5030 512 5083 53.
537 5032 589 5083 7.
620 5031 652 5084 8
678 5034 714 5099 ).
745 5032 833 5085 54.
863 5030 1188 5102 Respondeas
1207 5047 1370 5088 autem
1399 5039 1654 5092 eunuchus
1679 5037 1778 5092 Phi
1789 5066 1811 5081 ο

252 5117 390 5188 lippo,
419 5124 546 5175 dixit
586 5140 608 5176 :
637 5122 854 5177 Obsecro
877 5135 941 5187 te,
973 5127 1034 5179 de
1056 5143 1157 5195 quo
1188 5129 1434 5196 propheta
1462 5131 1580 5182 dicit
1608 5132 1719 5195 hoc,
1748 5133 1810 5186 de

251 5226 311 5271 se,
330 5230 390 5265 an
434 5216 495 5266 de
534 5216 638 5267 alio
669 5216 882 5283 aliqua?
919 5218 1005 5272 '55.
1039 5219 1280 5287 Aperiens
1323 5231 1489 5273 autem
1537 5221 1810 5293 Philippus

253 5318 297 5353 os
315 5322 473 5366 suum,
504 5315 549 5359 et
580 5307 827 5374 incipiens
854 5322 883 5358 a
914 5308 1183 5377 Scriptura
1211 5312 1325 5375 ista,
1354 5313 1702 5382 evangelizuvtt
1733 5316 1810 5367 illi

252 5393 427 5450 latim.
461 5398 675 5463 Viden‘,
699 5400 969 5467 quomodo
997 5418 1083 5457 res
1104 5419 1223 5458 cum
1252 5405 1341 5458 illo
1370 5406 1641 5473 disposita:
1662 5410 1810 5463 sint?

254 5482 414 5544 l‘rimo
440 5490 570 5561 legit
594 5498 651 5545 et
678 5490 923 5560 ignorat;
952 5493 1143 5551 deinde
1170 5496 1297 5566 legit
1321 5496 1461 5552 hunc
1498 5496 1695 5565 locum,
1725 5504 1809 5557 ubi

301 5648 435 5723 {‘Alii
484 5649 718 5723 habent_:
747 5655 799 5696 ut
839 5648 957 5723 mihi
993 5653 1196 5723 videtur,
1224 5656 1471 5721 Philippus
1491 5658 1571 5723 de
1592 5673 1699 5723 quo
1732 5660 1810 5710 hic

248 5716 403 5786 σφεων,
431 5724 555 5786 unus
581 5716 745 5786 crate
768 5718 972 5786 septem;
996 5728 1085 5784 non
1107 5718 1233 5768 enint
1254 5734 1284 5769 a
1317 5716 1629 5784 Jerusolyntis
1649 5724 1807 5786 profc-

242 5781 331 5823 ctus
348 5782 517 5825 castra
540 5780 808 5824 meridiem
830 5780 1145 5836 processisset.

1934 2170 2257 2223 narrabatur
2284 2170 2484 2239 passio,
2513 2170 2836 2225 resurrectio
2856 2181 2907 2224 et
2932 2171 3151 2226 donum.
3178 2172 3265 2226 36.
3310 2173 3374 2227 Et
3398 2175 3517 2228 dum

1933 2260 2061 2314 irent
2101 2277 2189 2329 per
2226 2263 2377 2327 viam,
2414 2272 2648 2315 venerunt
2688 2262 2755 2315 ad
2790 2264 3061 2333 quamdam
3106 2281 3333 2330 aquam:
3358 2276 3403 2319 et
3444 2271 3517 2321 ait

1938 2354 2226 2410 eunuchus:
2248 2351 2381 2406 Ecce
2407 2370 2557 2423 aqua,
2589 2354 2712 2423 quid
2737 2356 2963 2424 prohibet
2994 2372 3073 2409 me
3112 2357 3399 2427 baptizari?
3428 2361 3513 2414 Vi-

1934 2447 2112 2502 distin‘
2142 2458 2444 2519 prmnptum
2468 2448 2746 2503 animum?
2775 2450 3006 2504 vidistin‘
3028 2451 3393 2522 diligentiam?
3417 2455 3509 2509 58.

1932 2537 2001 2590 Et
2020 2540 2162 2606 iussit
2178 2550 2313 2594 stare
2334 2556 2558 2603 currum,
2578 2555 2623 2594 et
2644 2542 3003 2596 descenderunt
3020 2554 3222 2614 uterque
3236 2546 3285 2598 in
3303 2562 3508 2613 aquam,

1933 2628 2207 2699 Philippus
2235 2641 2282 2683 et
2307 2632 2582 2697 eunuchus,
2611 2644 2655 2685 et
2679 2634 2946 2702 baptizavit
2970 2650 3103 2689 eum.
3139 2636 3226 2689 '59.
3255 2634 3379 2689 Cmu
3415 2654 3509 2689 au-

1932 2731 2027 2774 tem
2049 2724 2384 2778 ascendissent
2403 2724 2466 2778 de
2499 2741 2652 2795 aqua,
2678 2724 2901 2795 Spiritus
2928 2726 3133 2781 Domini
3178 2730 3347 2797 rapuit
3380 2728 3509 2783 Plii-

1930 2812 2144 2882 lippum,
2178 2824 2224 2867 et
2252 2816 2472 2882 amplius
2515 2833 2615 2869 non
2656 2818 2775 2869 vidit
2820 2834 2932 2870 eum
2965 2821 3243 2874 eunuchus.
3276 2820 3388 2875 Ibat
3421 2840 3510 2891 per

1929 2904 2060 2956 viam
2087 2920 2231 2956 suam
2254 2906 2497 2975 gaudens.
2529 2906 2655 2972 Cur,
2687 2908 2912 2976 inquies,
2962 2909 3079 2962 tulit
3108 2926 3230 2964 cum
3274 2911 3507 2981 Spiritus

1932 2995 2178 3050 Domini?
2220 2996 2353 3064 Quia
2385 3014 2480 3068 per
2505 2998 2635 3053 alias
2666 2999 2908 3054 civitates
2930 3002 3248 3057 transiturus
3279 3011 3333 3058 et
3371 3020 3505 3073 prte-

1926 3085 2194 3143 dicaturus
2215 3100 2346 3144 erat.
2378 3088 2446 3146 Ut
2469 3105 2595 3161 ergo
2622 3090 2672 3145 in
2700 3090 3047 3149 admiratione
3078 3093 3377 3161 haberetur,
3405 3097 3505 3154 hoc

1925 3180 2120 3235 factum
2142 3190 2244 3248 est,
2276 3192 2439 3253 utque
2459 3198 2566 3238 non
2600 3184 2909 3248 humanum,
2941 3186 3035 3241 sed
3058 3188 3293 3249 divinum
3334 3190 3504 3245 habe—

1924 3281 2091 3339 retur,
2125 3273 2266 3343 quod
2315 3274 2454 3329 circa
2501 3276 2675 3345 ipsum
2706 3276 2901 3331 factum
2954 3288 3055 3333 est.
3089 3279 3176 3335 i0.
3235 3279 3505 3350 Philippus

1923 3373 2089 3417 autem
2116 3365 2343 3419 inventus
2372 3367 2515 3421 estin
2543 3368 2698 3421 Azoto
2718 3384 2736 3422 :
2757 3378 2803 3422 et
2832 3371 3167 3435 pertransiens
3196 3376 3504 3445 euangeliza-

1922 3452 2005 3508 bat
2041 3455 2322 3511 civitatibus
2369 3460 2583 3525 cunctis,
2611 3460 2768 3514 donec
2792 3464 2977 3516 veniret
3014 3461 3315 3519 Casaream.
3367 3468 3501 3524 llinc

1922 3546 2094 3615 palam
2140 3558 2240 3613 est,
2280 3549 2420 3603 hunc
2449 3566 2511 3604 ex
2543 3562 2746 3620 septem
2779 3553 2883 3608 illis
2906 3553 3067 3609 fuisse
3102 3573 3115 3609 :
3149 3573 3268 3611 nam
3319 3567 3499 3627 postea

1921 3636 1973 3690 in
1996 3635 2237 3691 Caesarea
2278 3640 2561 3708 reperitur.
2594 3640 2635 3695 E
2663 3657 2721 3696 re
2741 3652 2917 3697 autem
2954 3646 3128 3714 rapuit
3151 3646 3300 3701 illum
3327 3648 3498 3717 Spiri-

1921 3738 2005 3785 tus
2033 3748 2047 3785 :
2079 3732 2315 3802 alioquin
2343 3734 2581 3803 rogasset
2609 3737 2884 3791 eunuchus
2903 3778 2917 3802 ,
2944 3746 3000 3791 ut
3039 3755 3218 3794 secum
3249 3740 3451 3795 veniret
3481 3762 3496 3799 :

1919 3837 2074 3891 quem
2103 3821 2193 3877 ille
2217 3822 2356 3878 forte
2380 3824 2750 3880 contristasset
2791 3828 3054 3897 negando,
3090 3847 3208 3884 cum
3260 3833 3497 3888 nondum

1921 3921 2126 3981 tempus
2150 3924 2311 3968 esset.
2352 3914 2540 3969 Vidisti
2586 3918 2804 3985 angelos
2854 3932 3203 3986 cuoperantes
3250 3925 3501 3992 pra-dica-

1920 4004 2069 4069 tioni,
2089 4014 2142 4059 et
2159 4004 2301 4073 ipsos
2313 4005 2525 4075 quidem
2550 4022 2653 4061 non
2674 4008 3047 4076 prtedicantes;
3072 4014 3163 4067 sed
3191 4013 3285 4066 hos
3303 4031 3500 4069 vocan-

1918 4096 2037 4149 tes?
2065 4094 2175 4149 Hoc
2202 4110 2359 4165 porro
2386 4096 2629 4151 mirabile
2660 4097 2782 4152 hinc
2817 4100 3116 4155 ostenditur
3146 4119 3159 4156 :
3188 4103 3325 4171 quod
3351 4110 3491 4159 enim

1916 4202 2093 4240 rarum
2117 4186 2244 4241 olim
2274 4199 2410 4255 erat,
2438 4198 2492 4243 et
2518 4190 2601 4242 vix
2627 4189 2801 4255 fiebat,
2833 4190 2919 4246 hic
2940 4193 3048 4261 jam
3098 4194 3394 4263 smpissime
3424 4196 3495 4251 ef-

1918 4278 2108 4333 licitur.
2139 4280 2385 4348 Alioquin
2416 4292 2591 4335 autem
2631 4283 2742 4337 haec
2782 4286 3153 4352 praenuntiatio
3180 4297 3313 4352 erat,
3346 4292 3487 4361 quod

1917 4369 1993 4423 illi
2037 4370 2363 4441 alienigenas
2407 4382 2589 4427 essent
2632 4378 2949 4443 superaturi.
2999 4377 3128 4432 Nam
3161 4381 3487 4437 credentium

1914 4461 2019 4516 fide
2042 4461 2259 4532 dignum
2290 4465 2651 4520 testimonium
2680 4478 2884 4536 poterat
2923 4469 3245 4527 discentibus
3276 4490 3493 4543 persua-

1914 4551 2039 4607 dere
2063 4594 2077 4618 ,
2111 4562 2168 4606 ut
2210 4554 2452 4609 emndem
2486 4556 2583 4625 ipsi
2630 4558 2800 4612 zelum
2831 4561 3152 4630 arriperent.
3182 4562 3304 4619 ideo
3336 4567 3491 4636 igitur

1914 4642 2020 4696 ibat
2048 4643 2314 4713 gaudens;
2341 4657 2500 4716 atque
2523 4647 2659 4702 adeo
2686 4650 2729 4702 si
2756 4651 3015 4718 scivisset,
3045 4670 3146 4707 non
3168 4656 3234 4708 ita
3262 4657 3491 4713 delecta-

1914 4744 1998 4788 tus
2019 4746 2175 4789 esset.
2198 4735 2331 4804 Quid
2350 4748 2526 4794 autem
2552 4743 2779 4807 vetabat,
2806 4745 3027 4813 inquies,
3048 4748 3171 4815 quin
3194 4751 3367 4803 omnia
3398 4751 3489 4807 ille

1913 4838 2157 4882 accurate
2181 4828 2428 4894 disceret,
2461 4830 2512 4885 in
2535 4847 2693 4886 curru
2721 4833 2935 4900 sedens,
2970 4838 3300 4907 maximeque
3323 4841 3371 4892 iu
3395 4842 3489 4893 de-

1913 4920 2094 4971 serto?
2118 4919 2247 4986 Quia
2278 4936 2363 4975 res
2404 4937 2507 4975 non
2535 4932 2652 4977 erat
2690 4924 2754 4977 ad
2802 4928 3229 4983 ostentationem.
3268 4929 3370 4985 Sed
3399 4948 3489 4985 su-

1912 5008 2089 5076 perius
2118 5008 2253 5063 lecta
2298 5012 2656 5081 exploremus.
2710 5014 2775 5066 Et
2812 5032 2925 5069 ecce
2958 5020 3032 5070 uir
3057 5017 3301 5088 zEthiOps
3326 5038 3488 5075 cunu-

1913 5097 2055 5162 clms,
2090 5100 2276 5169 inquit,
2324 5112 2496 5171 potens
2522 5102 2771 5158 Candacis
2798 5108 2981 5176 regina:
3005 5107 3326 5181 Ethiopum.
3353 5111 3486 5172 lIinc

1915 5187 2115 5257 liquet,
2163 5190 2303 5244 illam
2363 5193 2490 5261 ipsis
2536 5194 2844 5263 imperasse.
2888 5196 3017 5251 Nam
3071 5200 3195 5254 olim
3236 5205 3486 5265 mulieres

1916 5282 2265 5351 imperabant,
2292 5295 2347 5339 et
2373 5285 2485 5340 lucc
2508 5286 2590 5340 lex
2614 5298 2727 5341 erat
2747 5288 2885 5357 apud
2915 5290 3034 5346 illos
3055 5291 3150 5364 (α).
3174 5294 3260 5349 Sic
3285 5303 3487 5356 nescie-

1988 5416 2058 5477 (n)
2080 5415 2175 5481 Hic
2198 5424 2333 5481 notat
2366 5417 2611 5481 Donnqu
2643 5420 2690 5467 in
2714 5420 2819 5469 bzrc
2841 5424 3007 5476 verba.
3032 5428 3196 5477 Strabo
3216 5427 3249 5478 ι,
3277 5431 3333 5479 Π
3359 5442 3487 5481 (an.

1914 5478 2059 5528 duces
2088 5478 2351 5550 [ethiopnm
2382 5480 2671 5550 regi-utesub
2702 5492 2902 5546 ,Jugusto
2924 5488 3135 5550 meminit
3158 5523 3172 5547 ,
3198 5478 3341 5550 quam
3364 5478 3488 5543 hanc

1912 5553 2013 5611 esse
2036 5553 2125 5588 nun
2143 5540 2382 5611 euntium,
2407 5540 2661 5615 seduliam
2678 5540 2871 5615 ἀμπεῷνον.
2899 5556 3042 5615 neges
3063 5540 3189 5615 enim
3209 5540 3481 5615 regnataque

1917 5602 2133 5663 ejusdem
2173 5602 2379 5662 regionis
2416 5603 2587 5654 iisdem
2622 5602 2889 5656 notantibus
2921 5602 2990 5659 uti
3022 5612 3186 5661 solent.
3219 5602 3479 5663 Tui-itus'in

1922 5670 2027 5739 {ita
2046 5663 2281 5739 figiicolg:
2304 5668 2366 5715 de
2391 5667 2632 5739 Britannis
2662 5680 2678 5716 :
2701 5667 2790 5739 liis
2807 5678 2953 5739 atque
2978 5671 3155 5739 talibus
3179 5674 3386 5723 invicem
3411 5678 3486 5739 ip-

1914 5726 2097 5781 stincti,
2125 5727 2323 5793 modica
2362 5730 2566 5793 generis
2604 5732 2727 5790 regii
2768 5726 2944 5779 femina
2966 5736 3091 5781 duce
3127 5735 3143 5792 (
3169 5746 3329 5793 neque
3354 5731 3483 5779 enim

1920 5800 2095 5839 sexum
2121 5792 2168 5839 in
2192 5791 2406 5853 imperiis
2421 5792 2702 5842 discernunt
2726 5794 2743 5854 )
2768 5806 3024 5859 sumpsere
3044 5791 3483 5844 universibellam.
