3972 6212
743 310 837 366 {Si

742 424 830 477 bat
858 420 1133 490 Philippus
1162 435 1264 490 qua
1289 420 1358 476 de
1378 434 1539 476 causa
1567 422 1772 475 veniret
1798 421 1847 474 iu
1873 422 2165 482 desertum,
2188 421 2310 487 quia

740 529 852 567 non
892 512 1000 582 jam
1044 511 1301 582 angelus,
1349 512 1445 567 sed
1482 510 1710 581 Spiritus
1764 511 1932 580 ipsum
1985 512 2143 581 rapit.
2172 510 2313 565 Nihil

736 615 917 660 autem
965 602 1153 658 horum
1200 605 1344 660 videt
1368 604 1662 668 eunuchus,
1707 605 2049 674 imperfectus
2073 618 2192 659 cum
2224 604 2311 669 sit,

742 701 821 755 vel
851 700 1010 754 etiam
1040 700 1179 769 quod
1209 698 1320 754 hzec
1348 714 1451 753 non
1473 698 1537 753 ad
1562 700 1890 767 corporales,
1918 699 2011 754 sed
2050 698 2117 753 ad
2157 699 2313 767 spiri-

740 792 912 845 tuales
946 793 1277 861 pertineant;
1310 806 1481 860 neque
1503 791 1662 845 etiam
1689 790 1844 846 discit
1873 806 1955 855 ea,
1975 806 2093 860 qua:
2122 790 2316 860 Philip-

744 898 842 953 pus
869 882 1209 936 educabatur.
1245 881 1311 936 Et
1340 897 1437 937 cur
1480 898 1583 937 non
1614 882 1687 936 illi
1729 891 1949 952 apparet
1978 882 2199 953 angelus
2218 924 2233 949 ,
2260 892 2316 936 ut

736 973 898 1028 ducat
923 976 988 1028 ad
1025 974 1360 1043 Philippum?
1409 975 1543 1042 Quia
1582 974 1826 1029 fortassis
1851 989 1955 1029 non
1984 982 2269 1044 persuasus
2298 1016 2312 1037 ,

736 1069 828 1122 Sed
863 1068 1035 1136 potius
1065 1068 1461 1137 obstupefactus
1486 1067 1690 1123 fuisset.
1730 1069 1856 1123 Vide
1878 1068 2106 1140 Philippi
2138 1068 2312 1139 philo-

734 1160 976 1228 supltiam
1005 1176 1018 1211 :
1052 1175 1155 1213 non
1198 1161 1487 1223 accusavit,
1522 1177 1623 1213 non
1654 1160 1799 1221 dixit,
1835 1160 2070 1231 Ignoras,
2118 1177 2215 1231 ego
2265 1171 2315 1217 te

733 1248 976 1312 docebo;
1009 1267 1111 1303 non
1137 1249 1288 1315 dixit,
1322 1250 1432 1319 Ego
1461 1251 1573 1304 haec
1597 1265 1843 1307 accurate
1874 1253 2019 1319 scio;
2050 1269 2154 1308 non
2184 1254 2315 1307 adu-

733 1343 873 1397 latus
914 1352 1015 1407 est,
1050 1360 1147 1396 nec
1170 1343 1301 1397 dixit
1328 1344 1399 1406 ei.
1430 1344 1622 1398 Beatus
1646 1361 1705 1399 cs
1745 1347 1835 1415 qui
1876 1346 2026 1417 legis.
2058 1346 2147 1403 Sic
2164 1358 2218 1403 et
2246 1348 2314 1404 ab

733 1436 949 1490 audacia
972 1447 1024 1491 et
1052 1437 1119 1491 ab
1149 1438 1456 1493 adulatione
1486 1448 1748 1494 remotum
1792 1450 1909 1495 erat
1933 1441 2153 1497 verbum
2177 1459 2191 1507 ;
2218 1442 2315 1497 sed

735 1529 911 1596 potius
931 1545 1111 1584 curam
1136 1530 1370 1600 gerentis
1387 1542 1501 1585 erat
1524 1540 1578 1585 et
1600 1531 1830 1602 benigni.
1856 1531 2146 1602 Oportebat
2171 1532 2312 1589 enim

735 1619 883 1673 illum
910 1620 1258 1691 interrogare,
1288 1621 1569 1691 oportebat
1587 1621 1913 1678 desiderare.
1942 1623 2188 1680 Declarat
2215 1642 2313 1681 au-

735 1720 841 1763 tem
874 1727 932 1766 se
958 1714 1096 1768 scirc
1122 1714 1292 1783 ipsum
1321 1713 1451 1767 nihil
1482 1729 1657 1779 nosse,
1688 1731 1807 1777 cum
1830 1717 1942 1770 ait:
1973 1713 2200 1771 Putasne
2234 1718 2314 1772 in-

735 1802 918 1874 tclligis
942 1820 1053 1873 qua:
1077 1806 1240 1876 legis?
1268 1806 1532 1877 simulque
1572 1807 1803 1863 insinuat
1828 1824 2075 1880 magnum
2104 1811 2312 1881 reposi-

737 1904 845 1947 tum
872 1909 992 1949 esse
1036 1895 1363 1951 thesaurum.

802 1984 857 2037 2.
895 1983 1127 2039 Eunuchi
1162 1988 1401 2041 modestia
1438 1998 1484 2042 et
1507 1990 1750 2045 studium.
1770 1991 1955 2047 —Scd
1983 1992 2121 2055 vide,
2149 2010 2308 2064 quam

733 2077 1023 2146 prudenter
1051 2093 1110 2133 se
1136 2090 1357 2135 excuset
1381 2084 1655 2137 eunuchus
1682 2102 1695 2138 :
1723 2083 1789 2137 Et
1821 2087 2070 2152 quomoda
2102 2089 2308 2157 possim,

732 2171 829 2223 nisi
848 2172 960 2233 quis
984 2172 1253 2226 ostenderit
1280 2174 1447 2229 mihi?
1488 2175 1601 2230 Non
1633 2178 1869 2246 respexit
1912 2177 2170 2243 habitum,
2204 2196 2309 2236 non

730 2265 870 2317 dixit
897 2281 912 2318 :
943 2264 1019 2318 Tu
1045 2266 1162 2335 quis
1182 2267 1281 2321 es?
1306 2283 1410 2322 non
1436 2268 1725 2338 redarguit,
1755 2286 1859 2324 non
1890 2282 2202 2343 arroganter
2230 2274 2307 2327 lu-

731 2354 933 2423 quitur,
964 2371 1069 2409 non
1096 2370 1155 2410 se
1181 2358 1317 2412 scire
1343 2357 1491 2424 dicit,
1520 2360 1611 2413 sed
1637 2360 1881 2429 ignorare
1908 2360 2102 2417 fatetur
2125 2381 2141 2417 :
2163 2363 2310 2418 ideo-

728 2460 833 2515 que
858 2446 1035 2500 discit.
1063 2446 1317 2502 Monstrat
1344 2450 1531 2503 vulnus
1554 2450 1795 2513 medico;
1823 2454 1969 2508 novit
1997 2456 2168 2523 ipsum
2195 2455 2309 2511 h:l.-c

727 2537 888 2603 scire,
916 2546 971 2591 et
989 2538 1125 2593 velle
1148 2539 1360 2595 docere.
1397 2542 1471 2611 (α)
1505 2542 1643 2597 Vidit
1663 2544 1808 2597 illum
1831 2560 1950 2600 esse
1968 2560 1999 2599 a
2027 2545 2162 2602 fastu
2182 2548 2309 2601 alie-

728 2645 890 2695 num;
924 2645 1096 2700 neque
1136 2631 1277 2685 enim
1309 2632 1643 2702 splendidum
1673 2636 1915 2705 gestabat
1938 2638 2205 2693 vestitum.
2235 2638 2307 2694 Ita

726 2728 844 2774 erat
869 2721 1107 2775 discendi
1136 2722 1361 2792 cupidus
1387 2735 1441 2780 et
1466 2726 1642 2781 verbis
1669 2727 1922 2795 intentus,
1946 2730 2067 2801 quia
2084 2732 2305 2799 etillud,

730 2812 829 2876 Qui
850 2814 1046 2881 quierit,
1073 2813 1258 2867 invenit
1285 2816 1303 2887 (
1328 2814 1516 2870 Matth.
1548 2818 1601 2873 7.
1625 2818 1658 2873 8
1680 2829 1719 2887 j,
1745 2818 1796 2873 in
1824 2820 1939 2890 ipso
1967 2820 2304 2891 implebalur.

727 2900 1056 2974 liogauitque,
1092 2906 1279 2975 inquit,
1315 2904 1634 2979 Philippum,
1658 2921 1710 2963 ut
1730 2912 2019 2968 ascenderet
2047 2924 2094 2968 et
2115 2916 2307 2971 sederet

724 3011 913 3049 secum.
939 2996 1186 3053 Vidistin’
1206 2999 1479 3054 studium?
1500 3002 1729 3056 vidistin’
1749 3004 2111 3061 desiderium?
2136 3007 2307 3078 Rogat

730 3097 785 3140 ιιι
808 3089 1060 3143 ascendat
1085 3100 1137 3143 et
1161 3089 1345 3145 sedeat
1370 3106 1551 3147 secum
1585 3110 1599 3146 :
1627 3095 1705 3148 sic
1734 3097 2024 3163 nesciebat,
2050 3099 2174 3169 quid
2202 3101 2305 3156 sibi

725 3180 964 3235 dicturus
991 3191 1168 3247 esset;
1190 3183 1283 3238 sed
1302 3184 1613 3253 simpliciter
1634 3188 1867 3254 putabat,
1891 3205 1950 3244 se
1972 3189 2302 3260 prophetiam

725 3274 952 3342 aliquam
982 3272 1286 3328 auditurum
1322 3290 1462 3330 esse.
1490 3275 1655 3346 Major
1691 3289 1867 3334 autem
1897 3281 1980 3335 hic
2003 3280 2172 3336 honor
2197 3295 2300 3350 est,

726 3364 870 3431 quod
896 3379 1001 3418 non
1032 3364 1343 3434 simpliciter
1366 3368 1656 3424 ascendere
1682 3381 1850 3435 curet,
1885 3373 1979 3427 sed
2009 3383 2176 3446 roget.
2199 3375 2301 3429 Ac-

726 3470 930 3507 currens
956 3464 1122 3509 autem
1142 3454 1415 3527 Philippus
1441 3460 1630 3513 audivit
1666 3478 1778 3515 eum
1805 3463 2064 3533 legentem.
2104 3464 2303 3523 Cursus

726 3548 977 3620 loquendi
1023 3551 1273 3621 cupidum
1318 3551 1533 3608 indicat.
1581 3554 1737 3609 lectio
1762 3556 1920 3611 studii
1963 3558 2170 3629 signum
2196 3571 2299 3617 est.

726 3640 822 3696 Illo
849 3644 988 3697 enim
1018 3650 1253 3713 tempore
1279 3643 1502 3714 legebat,
1536 3661 1639 3715 quo
1665 3648 1834 3716 major
1862 3658 1946 3705 est
1970 3651 2099 3706 solis
2118 3664 2295 3709 (estus.

729 3732 901 3788 Locus
924 3744 1097 3789 autem
1131 3734 1215 3790 hic
1243 3746 1359 3791 erat
1380 3756 1392 3791 :
1413 3736 1557 3792 Sicut
1582 3740 1686 3795 ouis
1710 3741 1777 3794 ad
1803 3743 2098 3799 occisionem
2123 3747 2302 3804 ductus

723 3836 816 3880 est.
843 3825 911 3881 Et
937 3826 1037 3881 hoc
1064 3827 1204 3883 illius
1223 3828 1460 3885 discendi
1490 3833 1794 3902 cupiditatis
1808 3836 2013 3906 signum
2032 3847 2135 3903 est,
2158 3839 2301 3909 quod

725 3921 1040 3990 prophetam
1080 3920 1229 3976 illum
1258 3923 1381 3978 aliis
1407 3926 1767 3982 sublimiorem
1796 3944 1904 3999 prae
1933 3932 2178 3986 manibus
2204 3931 2299 3987 ha-

726 4013 921 4069 buerit.
945 4012 1070 4070 ldeo
1086 4030 1192 4070 non
1214 4030 1335 4071 cum
1359 4017 1691 4074 vehementia
1712 4019 1787 4074 illi
1811 4031 2009 4088 narrat,
2036 4022 2128 4077 sed
2152 4039 2299 4078 mau-

724 4115 912 4171 suete;
939 4105 1046 4162 imo
1069 4122 1166 4163 nec
1186 4108 1332 4177 prius
1356 4109 1608 4180 loquitur,
1634 4128 1789 4182 quam
1815 4114 2167 4186 interrogatus
2187 4118 2298 4172 lue-

726 4200 817 4265 rit,
867 4198 1041 4255 donec
1076 4200 1164 4254 ille
1192 4202 1475 4270 rogaverit.
1502 4201 1572 4257 Ut
1595 4214 1650 4256 et
1692 4202 1819 4257 illud
1864 4205 2053 4259 iterum
2101 4207 2300 4264 faciens

722 4292 800 4344 ait.
836 4308 849 4344 :
882 4290 1098 4345 Obsecro
1141 4301 1217 4356 te,
1249 4294 1313 4345 de
1348 4308 1447 4362 quo
1478 4296 1722 4362 prapheta
1748 4296 1870 4349 dicit
1914 4299 2051 4352 hoc?
2082 4299 2300 4357 Videtur

722 4381 852 4434 mild
876 4383 1161 4436 nescivisse
1182 4382 1352 4450 illum,
1377 4385 1517 4454 quod
1546 4386 1816 4455 prophetae
1844 4389 1912 4444 de
1930 4390 2047 4444 aliis
2072 4392 2298 4462 loquan-

721 4480 844 4539 tur;
867 4474 953 4528 vel
977 4476 1022 4529 si
1054 4488 1158 4528 non
1187 4474 1307 4540 hoc,
1338 4477 1479 4546 quod
1504 4478 1571 4531 de
1597 4479 1786 4548 seipsis
1813 4480 2092 4551 loquantur
2117 4486 2169 4540 in
2194 4487 2295 4541 alia

724 4577 975 4633 persona.
1012 4565 1401 4621 Erubescamus
1427 4577 1480 4623 et
1529 4584 1789 4638 pauperes
1814 4581 1868 4626 et
1896 4573 2086 4630 divites
2112 4577 2179 4631 de
2204 4579 2296 4634 illo

720 4655 1002 4726 penuario.
1027 4656 1223 4712 Deinde
1243 4671 1481 4714 venerunt
1505 4663 1573 4714 ad
1593 4663 1864 4733 quamdam
1889 4682 2095 4735 aquam,
2127 4680 2173 4723 et
2202 4673 2295 4738 ait,

720 4746 855 4802 Ecce
872 4764 1024 4819 aqua.
1052 4748 1175 4804 llaec
1202 4751 1354 4807 valde
1377 4751 1627 4809 ferventis
1647 4754 1836 4811 animm
1855 4767 2000 4812 sunt.
2026 4760 2160 4825 Quid
2182 4780 2298 4829 pro-

721 4839 854 4894 hibet
876 4856 953 4895 me
977 4840 1265 4912 baptizari!
1284 4843 1467 4899 Viden’
1485 4846 1602 4913 ejus
1627 4845 1987 4904 desiderium?
2015 4851 2129 4908 Non
2144 4854 2292 4923 dicit,

720 4932 936 5002 Baptiza
965 4949 1083 4999 me;
1112 4949 1286 5006 neque
1312 4944 1469 5004 tacet,
1490 4938 1585 4994 sed
1610 4940 1840 4995 medium
1864 4943 2132 5013 quidpiam
2157 4947 2295 5004 inter

719 5024 1042 5080 desiderium
1068 5032 1121 5079 et
1140 5030 1496 5084 reverentiam
1523 5030 1776 5100 loquitur.
1806 5032 1946 5098 Quid
1972 5036 2197 5106 prohibet
2215 5055 2292 5094 me

719 5117 1008 5184 baptizari?
1039 5118 1204 5185 Vide,
1236 5123 1502 5192 quomodo
1524 5124 1767 5181 absoluta
1797 5127 2040 5197 dogmata
2069 5129 2287 5186 habuit:

721 5221 843 5262 nam
871 5209 1129 5277 propheta
1154 5212 1333 5267 omnia
1356 5216 1679 5282 continebat,
1705 5218 2143 5288 incarnationem,
2169 5237 2291 5292 pas-

720 5369 1072 5447 Docui-ica
1101 5377 1401 5447 est..opin_or,
1428 5394 1573 5447 quam
1601 5381 1877 5445 Xiphilinus
1902 5388 2186 5447 Βονδονίκην
2213 5389 2287 5440 in-

720 5433 912 5508 digitag.
929 5433 1256 5511 gEcpnwnius
1276 5452 1293 5511 ς
1315 5433 1585 5511 Ἰσὲἑρνηὸτι
1602 5433 1848 5511 usuum
1874 5433 2283 5511 .tto'to'aegséséi,

719 5495 804 5568 τῄν
821 5495 907 5572 coit
928 5496 1157 5567 βᾳσιλέως
1178 5502 1353 5572 ipp-Sept:
1372 5500 1613 5572 κξιλοῦσιγ.
1629 5507 1785 5572 ἐπειδή
1808 5495 1988 5572 itm-spot
2007 5515 2049 5559 οἱ
2072 5495 2285 5570 λίϐίοπεξ

721 5558 807 5633 οὐξι
832 5558 1161 5633 ᾲνίᾳφέρονσιγ,
1181 5558 1372 5631 ’ἀλλ’
1392 5564 1526 5633 ὄντας
1551 5567 1676 5621 υἱοὺς
1698 5558 2185 5633 simoniacam.

784 5619 855 5686 (ᾳ)
883 5619 1157 5686 Sequentia
1181 5635 1289 5686 cum
1325 5623 1609 5686 ingentibus
1635 5619 1953 5681 varietatibus
1988 5619 2140 5684 ettert
2158 5619 2283 5686 unus

719 5676 903 5735 Codex.
927 5676 1048 5742 quas
1076 5682 1114 5729 si
1140 5684 1317 5761 aiterre
1354 5676 1617 5746 vvellemus,
1642 5676 2283 5761 omniaieiscribei'ev

719 5753 805 5788 sus
829 5755 1034 5794 necesse
1056 5752 1209 5795 esset.

1513 307 1552 367 S
1612 308 1878 365 JOANNIS
1915 307 2391 364 CHRYSOSTOMI
2432 307 2739 364 ARCl‘llEP.
2780 308 3308 367 CONSTANTINOP.

2422 421 2647 484 sionem,
2676 424 3142 485 resurrectionem,
3176 427 3568 495 assumptiunem,
3589 429 3730 486 latura

2420 509 2613 564 dicinm
2643 528 2656 563 :
2683 526 2802 581 qua:
2825 512 2921 582 ipsi
2952 528 3200 579 magnum
3227 516 3447 571 indidere
3463 518 3729 575 desiderium.

2422 603 2616 658 bescite
2642 616 2901 675 quotquot
2940 607 3193 662 nondunr
3213 610 3472 665 illuminati
3503 614 3623 669 estis.
3648 614 3730 687 Et,

2420 696 2610 767 inquit,
2639 706 2774 752 stare
2810 715 3039 761 currum.
3074 700 3243 757 Simul
3269 702 3398 758 dixit
3421 714 3467 759 et
3486 706 3730 775 imperavit.

2418 802 2576 855 quam
2604 790 2833 844 audiret.
2847 790 2975 845 Cum
2997 800 3162 846 autem
3187 794 3503 850 ascendissent
3524 797 3576 849 de
3595 814 3720 867 aqua,

2421 888 2499 932 tus
2529 876 2733 933 Domini
2761 882 2929 951 rapuit
2958 880 3281 953 Philippum.
3309 884 3441 942 Bene
3478 903 3491 941 :
3518 896 3569 941 ut
3586 898 3730 943 natent

2420 970 2654 1025 divinam
2683 970 2846 1026 fuisse
2873 987 2983 1026 rem
3015 984 3210 1041 actam,
3251 985 3309 1031 et
3356 992 3415 1030 ne
3455 988 3633 1045 putaret
3670 978 3729 1031 hu

2419 1077 2539 1117 esse
2560 1063 2852 1133 vulgarem.
2878 1064 2944 1117 Et
2966 1067 3089 1131 ibat,
3120 1067 3309 1135 inquit,
3329 1084 3410 1135 per
3428 1069 3539 1121 viam
3554 1086 3677 1121 suam
3696 1089 3730 1140 gl

2419 1155 2533 1210 lloc
2557 1156 2707 1223 dicit,
2750 1158 3038 1213 ostendens
3076 1160 3247 1229 ipsum
3296 1177 3429 1232 a'gre
3467 1162 3663 1219 laturum
3688 1165 3730 1218 iu

2420 1249 2664 1304 seivisset
2684 1267 2703 1303 τ
2736 1251 2813 1306 sic
2838 1268 2901 1306 ex
2926 1254 3092 1307 multo
3123 1254 3334 1323 gaudio,
3374 1257 3463 1309 etsi
3489 1256 3660 1325 Spiritu
3683 1257 3725 1312 di

2422 1343 2701 1411 praesentia
2722 1358 2823 1397 non
2844 1344 3073 1400 videbat.
3100 1344 3164 1398 Et
3180 1347 3404 1400 inuentus
3415 1358 3494 1412 est,
3516 1349 3678 1416 inquit.
3694 1351 3730 1401 in

2420 1433 2637 1488 Multum
2670 1435 2793 1490 hinc
2818 1435 3093 1506 Philippus
3111 1436 3344 1491 lucratus
3362 1448 3455 1492 est.
3478 1437 3591 1492 Nam
3614 1440 3730 1508 quod

2419 1535 2504 1578 rat
2520 1524 2587 1579 de
2615 1524 2906 1595 prophetis,
2932 1528 2997 1580 de
3019 1527 3253 1594 Abacuc,
3295 1528 3361 1583 de
3390 1529 3636 1585 Ezechiele
3662 1543 3711 1584 et

2419 1629 2477 1669 se
2518 1617 2713 1670 factum
2760 1616 2925 1680 vidit,
2977 1617 3064 1688 qui
3117 1619 3167 1672 in
3208 1620 3730 1675 momentumultame

2417 1711 2559 1761 viam
2601 1711 2923 1776 ostenditur,
2968 1712 3229 1781 siquidem
3270 1714 3321 1766 in
3352 1718 3504 1768 A‘zoto
3529 1714 3730 1768 inventu:

2419 1797 2527 1853 illic
2553 1799 2764 1855 demum
2792 1811 2911 1865 stat,
2932 1803 3016 1855 ubi
3039 1804 3401 1873 evangelizare
3416 1806 3681 1873 oportebat.
3718 1807 3730 1874 (

2418 1893 2468 1945 1.
2506 1892 2697 1947 Saulus
2722 1903 2886 1946 autent
2911 1894 3077 1947 adhuc
3105 1896 3307 1960 spirans
3356 1897 3587 1949 minarum
3631 1907 3672 1950 et
3709 1914 3730 1949 c

2416 1984 2689 2054 discipulos
2732 1983 2959 2052 Domini,
3004 1987 3208 2039 accessit
3234 1986 3300 2039 ad
3350 1987 3609 2057 principem
3637 2005 3730 2041 sact

2415 2074 2470 2128 2.
2499 2086 2545 2128 et
2568 2077 2710 2147 petiit
2737 2076 2797 2129 ab
2825 2093 2881 2129 eo
2905 2076 3139 2146 epistolas
3166 2077 3216 2130 in
3243 2076 3536 2131 Damascum
3562 2078 3622 2130 ad
3645 2096 3727 2148 syn

2414 2178 2471 2220 ut
2498 2167 2542 2220 si
2565 2184 2691 2237 quos
2710 2168 2977 2222 invenisset
3004 2170 3155 2240 hujus
3176 2171 3267 2223 via:
3290 2171 3417 2223 viros
3443 2187 3497 2223 ac
3522 2172 3730 2224 mulieres

2417 2258 2711 2327 perduceret
2763 2263 2816 2313 in
2854 2258 3155 2315 Jerusalem.
3199 2262 3503 2332 Opportune
3529 2263 3664 2317 Pauli
3694 2281 3730 2317 zt

2416 2348 2637 2417 inducit,
2674 2358 2730 2406 ut
2758 2351 2904 2405 illum
2927 2352 3105 2407 medio
3132 2353 3246 2407 zelo
3294 2364 3511 2408 tractum
3543 2356 3730 2410 ostend:

2413 2445 2537 2498 dum
2559 2445 2699 2500 enim
2717 2448 2936 2501 satiatus
2955 2461 3083 2501 nece
3101 2445 3377 2517 Stephani,
3396 2463 3556 2518 neque
3580 2464 3729 2518 person

2414 2551 2477 2589 ac
2504 2536 2836 2605 dispersione
2860 2538 3132 2604 Ecclesizp,
3172 2541 3377 2593 aeredit
3400 2541 3463 2593 ad
3491 2542 3730 2610 principe:

2413 2627 2618 2682 dolum.
2638 2627 2735 2683 Hic
2758 2629 3006 2700 impletur
3032 2629 3081 2684 id
3099 2631 3237 2699 quod
3255 2629 3497 2684 Chrisuts
3517 2631 3730 2699 discipul

2422 2715 2569 2773 Venit
2595 2721 2743 2785 hora,
2771 2732 2822 2773 ut
2844 2723 3007 2774 omnis
3033 2724 3119 2784 qui
3135 2723 3369 2789 inter/icit
3398 2739 3501 2782 vos.
3532 2723 3729 2775 arbitret

2410 2813 2639 2880 sequium
2680 2823 2922 2882 prwstare
2951 2811 3059 2866 Deo
3097 2810 3289 2881 (Joan.
3341 2814 3424 2867 lli.
3459 2811 3551 2885 9).
3596 2814 3730 2868 llici

2414 2901 2673 2963 iaciebat;
2705 2919 2808 2957 non
2840 2913 2895 2956 ut
2920 2902 3110 2969 Judaei,
3143 2904 3301 2959 absit.
3329 2906 3479 2969 Quod
3506 2904 3646 2958 enim
3692 2922 3730 2959 e:

2410 2992 2628 3057 faceret,
2656 2993 2780 3047 hinc
2808 2996 2978 3063 palam
3000 3002 3101 3061 est,
3130 2995 3270 3064 quod
3294 2995 3359 3049 ad
3388 3006 3602 3049 exteras
3623 2996 3729 3049 civil

2408 3096 2605 3154 graret.
2635 3084 2745 3140 Illis
2771 3101 2899 3141 vero
2927 3102 3098 3157 neque
3125 3104 3208 3151 ea,
3231 3104 3350 3157 qua:
3377 3087 3729 3159 Jerosolytnis

2408 3192 2551 3232 cura:
2576 3186 2749 3244 erant,
2775 3180 2867 3233 sed
2895 3196 3054 3234 unum
3082 3181 3422 3235 sectabantur
3449 3182 3730 3237 honorem.

2409 3280 2514 3325 tem
2545 3271 2857 3326 Damascum
2904 3273 3071 3326 adiit?
3096 3273 3279 3343 Magna
3306 3276 3496 3329 civitas
3526 3284 3646 3330 erat
3689 3286 3730 3329 el

2410 3363 2627 3417 timebat
2656 3378 2723 3417 ne
2751 3362 2836 3417 illa
2864 3378 3075 3434 quoque
3106 3378 3595 3435 praeoccuparetur.
3650 3365 3719 3421 Et

2406 3453 2556 3508 dium
2593 3455 2708 3522 ejus
2745 3457 3118 3525 ardoremque,
3167 3473 3230 3511 ac
3279 3474 3438 3526 quam
3485 3460 3729 3513 secundo

2406 3560 2546 3617 agat.
2566 3547 2684 3603 Non
2707 3550 2817 3603 adit
2846 3551 3173 3618 prwiectum,
3193 3553 3284 3605 sed
3306 3552 3612 3621 principem
3638 3567 3729 3604 sae

2408 3638 2542 3694 Petit
2562 3641 2625 3695 ab
2644 3642 2755 3711 ipso
2774 3642 3032 3711 epistolas,
3061 3653 3116 3695 ut
3150 3643 3194 3694 si
3224 3659 3346 3708 quas
3394 3643 3645 3696 inveniret
3694 3644 3729 3695 h

2406 3732 2558 3787 Viam
2588 3745 2740 3789 vocat
2763 3735 3061 3800 credentes,
3092 3737 3181 3805 qui
3209 3736 3286 3789 sic
3304 3737 3372 3789 ab
3396 3736 3660 3791 omnibus
3696 3748 3730 3791 tt

2407 3826 2616 3891 bantur,
2650 3828 2787 3882 forte
2823 3828 2944 3897 quia
2978 3829 3114 3882 viam
3145 3828 3210 3881 ad
3240 3829 3435 3882 cadum
3481 3831 3730 3885 tendenti

2407 3917 2620 3973 bantur.
2653 3920 2761 3973 Cur
2786 3928 3100 3987 potestatem
3134 3935 3239 3973 non
3280 3922 3485 3990 accipit.
3513 3922 3642 3976 illos
3682 3924 3730 3977 ib

2406 4010 2620 4075 Iliendi,
2684 4012 2777 4064 sed
2832 4010 3219 4082 Jerosolymam
3269 4013 3459 4067 ducit?
3512 4014 3588 4070 Ut
3644 4030 3730 4069 θυι

2406 4109 2666 4168 potestate
2719 4100 2829 4156 illic
2872 4102 3192 4172 supplicium
3238 4104 3607 4174 intligeretur.
3673 4108 3730 4161 Et

2404 4203 2659 4260 quantum
2688 4209 2746 4248 se
2787 4195 3080 4263 periculum
3111 4196 3392 4265 conjiciat;
3442 4207 3701 4254 attamen

2405 4283 2614 4351 nequid
2641 4283 2741 4338 sibi
2773 4284 2897 4338 mali
2923 4284 3148 4340 accidat.
3175 4286 3296 4342 Ideo
3317 4304 3451 4359 ergo
3479 4291 3630 4345 alios
3650 4306 3730 4345 set

2403 4375 2520 4435 mit.
2554 4374 2690 4430 forte
2717 4391 2827 4444 prae
2862 4387 3005 4432 metu
3040 4396 3054 4433 :
3082 4379 3167 4433 vel
3195 4381 3317 4450 quia
3370 4391 3580 4437 contra
3642 4399 3729 4437 me

2403 4469 2595 4523 multos
2624 4471 2833 4539 accipit,
2863 4478 2920 4524 ut
2938 4471 3211 4538 audacius,
3243 4475 3305 4528 Si
3339 4490 3477 4546 quos
3511 4477 3730 4531 invenir

2402 4559 2657 4623 mulieres,
2681 4563 2869 4614 uinctos
2896 4564 3185 4632 perduceret
3205 4566 3258 4619 in
3285 4565 3621 4621 Jerusalem.
3652 4570 3723 4622 Al

2402 4661 2505 4704 tem
2556 4650 2668 4720 ipse
2708 4668 2802 4721 per
2831 4654 2967 4707 viam
3013 4660 3295 4711 Ostendere
3351 4658 3418 4711 iis
3474 4660 3729 4712 munibu

2403 4753 2569 4797 totum
2593 4745 2661 4799 ab
2688 4759 2748 4800 se
2769 4746 3029 4814 proficisci
3057 4767 3071 4802 :
3095 4750 3163 4801 ita
3211 4750 3285 4803 illi
3316 4751 3456 4804 nihil
3489 4752 3608 4806 hoc
3642 4767 3730 4806 cm

2401 4834 2519 4890 vide
2546 4835 2694 4890 illum
2715 4836 2942 4892 antehac
2963 4837 3298 4894 incarcerem
3320 4842 3729 4910 conjicientcn

2401 4943 2504 4981 non
2528 4928 2791 4992 valebant,
2826 4929 2911 4983 hic
2934 4944 3062 4983 vero
3084 4945 3192 5000 pra:
3214 4930 3430 4987 fervore
3461 4944 3730 5004 poterat.

2399 5021 2495 5073 iter
2532 5020 2717 5089 faceret
2740 5062 2754 5086 ,
2785 5022 2990 5091 contigit
3019 5030 3075 5074 ut
3125 5025 3589 5092 appropinquaret
3648 5025 3729 5079 Dc

2397 5115 2558 5168 subito
2591 5117 2925 5187 circumfulsit
2950 5134 3060 5169 eum
3110 5118 3199 5171 lua:
3227 5120 3289 5171 de
3315 5120 3493 5183 caelo;
3550 5121 3615 5174 4.
3658 5131 3713 5173 ct

2397 5215 2583 5257 terram
2611 5207 2800 5259 audivit
2829 5221 2995 5261 vocem
3016 5208 3259 5261 dicentem
3281 5210 3375 5262 sibi
3403 5226 3426 5262 :
3463 5210 3679 5273 Saule,
3712 5211 3730 5265 ἐ

2396 5314 2475 5349 me
2523 5300 2831 5367 persequeris
2844 5301 2870 5353 .9

2470 5389 2524 5443 5.
2565 5390 2673 5444 Cur
2713 5406 2816 5444 non
2847 5391 3195 5463 Jerosolymis
3223 5394 3246 5447 ?
3276 5408 3373 5448 cur
3410 5409 3545 5448 non
3580 5395 3730 5448 Dam

2395 5493 2537 5535 ctum
2580 5483 2707 5536 est?
2739 5483 2804 5538 Ut
2849 5500 2952 5537 non
2985 5496 3203 5555 possent
3244 5487 3331 5539 alii
3364 5487 3520 5541 illud
3560 5489 3730 5541 alitet

2396 5585 2444 5625 et
2492 5582 2546 5626 ut
2584 5574 2717 5644 ipse,
2767 5577 2855 5645 qui
2891 5577 2978 5630 illa
3017 5576 3084 5631 de
3113 5592 3272 5633 causa
3305 5580 3542 5633 abierat
3568 5622 3589 5644 ,
3631 5594 3730 5632 nat

2398 5664 2588 5733 dignus
2619 5676 2784 5721 esset.
2833 5667 2946 5721 Hoc
2966 5685 3115 5737 tergo
3143 5669 3305 5736 dicit,
3349 5686 3492 5725 cum
3550 5670 3727 5741 apud

2397 5772 2519 5815 sese
2561 5758 2819 5817 defendit.
2846 5761 3077 5819 Laborat
3103 5773 3285 5821 autem;
3310 5764 3533 5831 oculis,
3590 5764 3730 5835 quia
