3972 6212
626 256 753 311 ⁷155

637 366 813 438 ϐολὴα
848 365 941 420 τοῦ
985 362 1161 435 φωτὸς
1214 366 1469 439 πληττειν
1500 369 1687 422 εἴωθευ
1730 369 1903 440 μέτρα
1956 370 2063 441 γὰρ
2088 369 2301 439 ἔχουσιν

634 456 688 509 οἱ
725 454 1011 525 ὀφθαλμοί.
1044 457 1280 524 Λέγεται
1307 456 1362 509 δὲ
1398 458 1491 510 καὶ
1530 458 1711 527 φωνῆς
1762 457 2033 527 ὑπερϐολὴ
2083 457 2297 525 κωφοὺς

636 548 811 597 ποιεῖν
857 546 949 598 καὶ
1007 544 1351 615 ἀποπλῆγας.
1390 546 1548 598 ’Λλλά
1580 545 1764 599 τοῦτον
1807 547 1962 616 μόνον
2019 547 2292 616 ἐπήρωσε,

636 632 733 684 καὶ
783 632 1005 686 ἔσϐεσεν
1050 633 1214 686 αὐτοῦ
1264 634 1355 687 τὸν
1405 634 1573 703 θυμὸν
1638 633 1714 703 τῷ
1761 634 1928 705 φόϐῳ,
1956 633 2098 687 ὥστε
2137 633 2296 686 αὐτὸν

636 720 862 773 ἀκοῦσαι
918 720 987 773 τὰ
1048 720 1331 792 λεγόμενα.
1361 722 1579 785 Σαοὺλ,
1636 722 1854 786 Σαοὺλ,
1911 722 2062 791 φησὶ,
2118 722 2175 774 τί
2218 739 2298 790 με

633 805 901 873 διώκεις;
946 808 1019 861 Οὐ
1075 808 1224 877 λέγει
1287 809 1454 878 αὐτῷ,
1521 810 1852 873 Πίστευσον,
1895 809 2015 862 οὐδέ
2070 809 2196 862 ἀλλο
2240 827 2294 862 τι

633 894 871 947 τοιοῦτον
930 896 1103 957 οὐδὲν,
1164 896 1279 949 ἀλλ’
1334 897 1572 965 ἐγκαλεῖ.
1621 898 1917 967 Μονονουχὶ
1978 896 2085 967 γάρ
2137 897 2295 950 τοῦτό

632 1000 785 1051 φησι,
827 984 893 1035 δι’
933 978 1007 1037 ὧν
1053 985 1294 1053 ἐγκαλεῖ·
1331 987 1394 1037 Τί
1450 986 1578 1055 παρ’
1606 986 1632 1024 δ
1682 985 1816 1055 ἐμοῦ
1861 986 2003 1056 μέγα
2034 985 2066 1056 ἢ
2098 986 2293 1057 μικρὸν

627 1070 954 1141 ἠδικημένος
999 1072 1174 1125 ταῦτα
1239 1077 1439 1136 ποιεῖς-ς
1475 1072 1623 1127 Ellis
1680 1074 1779 1128 δέ·
1811 1075 1905 1140 Τίς
1942 1070 2028 1138 εἷ,
2083 1077 2292 1143 Κύριε;

628 1158 777 1222 Τέως
801 1159 1149 1230 ὡμολόγησεν
1182 1162 1373 1215 ἑαυτὸν
1404 1162 1609 1215 δοῦλον.
1650 1162 1707 1216 Ὀ
1734 1162 1790 1215 δὲ
1838 1163 2043 1234 Κύριος
2116 1161 2288 1217 εἶπεν·

639 1246 784 1315 Ἐγώ
805 1249 920 1316 ειμι
961 1246 1223 1317 Ἰησοῦς,
1253 1249 1324 1303 ὃν
1351 1249 1432 1302 σὺ
1483 1249 1731 1315 διώκεις.
1779 1250 1921 1302 Ὠσεὶ
1973 1250 2125 1319 ἔλεγε
2151 1266 2164 1279 ·
2199 1251 2290 1322 Μὴ

610 1336 852 1407 σνομίσῃς
881 1335 1017 1407 πρὸς
1054 1336 1375 1408 ἀνθρώπους
1395 1334 1535 1392 εἶναί
1565 1355 1647 1392 σοι
1681 1338 1771 1391 τὸν
1823 1339 2076 1408 πόλεμον.
2130 1341 2192 1393 Οί
2232 1340 2289 1393 δέ

629 1424 877 1488 συνόντες
905 1425 1075 1496 αὐτῷ,
1125 1425 1224 1497 τὴν
1255 1427 1438 1497 φωνὴν
1500 1426 1601 1498 μὲν
1639 1425 1732 1479 τοῦ
1768 1426 1979 1479 Παύλου
2028 1428 2286 1499 ἤκουσαν,

627 1515 815 1568 οὐδένα
882 1514 937 1567 δὲ
1002 1514 1300 1587 ἐθεώρουν,
1353 1515 1488 1587 πρὸς
1532 1515 1590 1567 ὃν
1627 1515 1979 1584 ἀπεκρίνατο.
2018 1516 2286 1580 Εἰκότωςο

624 1602 732 1653 τῶν
761 1603 867 1672 γὰρ
902 1602 1201 1655 ἐλαττόνων
1232 1602 1429 1664 αὐτοὺς
1452 1602 1707 1672 ἐποίησεν
1736 1601 2029 1673 ἀκροατάς.
2078 1602 2140 1654 EE
2178 1603 2287 1673 γὰρ

620 1690 721 1757 τῆς
766 1690 947 1759 φωνῆς
1007 1690 1244 1760 ἥκουσαν
1315 1688 1550 1761 ἐκείνης,
1611 1688 1714 1744 κᾶν
1749 1690 2197 1760 ἠπίστησανοτὸν
2231 1690 2287 1744 δὲ

620 1775 834 1827 Παῦλον
892 1775 1127 1845 ὁρῶντες
1196 1777 1659 1848 ἀποκρινόμενον,
1726 1776 2052 1847 ἐθαύμαζον.
2128 1776 2286 1830 Ἀλλά

630 1863 958 1931 Ἀνάστηθι,
994 1863 1089 1917 καὶ
1123 1865 1361 1919 εἴσελθε
1385 1867 1471 1931 εἰς
1530 1863 1644 1932 τὴν
1685 1867 1885 1925 πόλιν,
1944 1865 2042 1918 καὶ
2099 1868 2283 1933 λαλη-

617 1952 868 2019 θήσεταί
894 1969 1014 2018 σοι,
1043 1953 1101 2005 τί
1123 1968 1195 2006 σε
1220 1953 1315 2005 δεῖ
1346 1952 1556 2007 ποιεῖν.
1595 1954 1755 2022 Ὅρα,
1790 1953 1906 2016 πῶς
1939 1954 2036 2006 οὐκ
2086 1953 2284 2018 εὐθέως

588 2035 795 2093 Δπάντα
853 2040 1000 2111 αὐτῷ
1049 2039 1457 2105 ἀποκαλύπτει,
1515 2039 1650 2094 ἀλλὰ
1704 2041 1864 2111 μόνον
1912 2040 2282 2111 προμαλάττει

615 2128 778 2181 αὐτοῦ
835 2129 936 2200 τὴν
989 2128 1246 2194 διάνοιαν,
1288 2129 1383 2182 καὶ
1416 2128 1482 2181 δι’
1517 2121 1592 2181 ὧν
1630 2128 2059 2199 παρακελεύεται
2109 2132 2280 2182 ποιεῖν

614 2217 797 2281 αὐτὸν,
848 2218 1229 2289 παραχρῆμαε
1284 2217 1497 2270 δίδωσιν
1545 2216 1692 2287 αὐτῷ
1744 2216 1984 2288 χρηστὰς
2038 2216 2277 2280 ἐλπίδας,

614 2307 708 2358 καὶ
748 2306 827 2357 ὅτι
886 2305 1198 2374 ἀναϐλέψει.
1249 2308 1313 2358 Ol
1366 2303 1434 2357 δὲ
1486 2303 1701 2372 ἄνδρες
1735 2308 1791 2358 οι
1846 2304 2280 2370 συνοδεύοντες

611 2392 793 2458 αὐτῷ,
818 2392 1210 2457 εἱστήκεισαν
1245 2392 1462 2456 ἐννεοὶ,
1492 2391 1816 2455 ἀκούοντες
1863 2391 1980 2459 μὲν
2012 2390 2120 2459 τῆς
2162 2410 2279 2459 φω-

572 2518 575 2519 ν
609 2478 745 2547 κῆς,
771 2478 1002 2549 μηδένα
1041 2478 1109 2531 δὲ
1161 2479 1538 2548 θεωροῦντες.
1580 2480 1824 2547 Ἠγέρθη
1862 2479 1931 2530 δὲ
1978 2483 2010 2533 ὁ
2047 2478 2278 2546 Σαῦλος

611 2570 727 2622 ἀπὸ
746 2568 872 2636 τῆς
898 2567 1027 2638 γῆς,
1061 2569 1450 2638 ἀνεῳγμένων
1478 2585 1543 2621 τε
1574 2565 1693 2621 τῶν
1719 2565 2043 2637 ὀφθαλμῶν
2068 2569 2273 2633 αὑτοῦ,

582 2652 828 2710 κούδένα
875 2656 1109 2710 ἐϐλεπε.
1157 2655 1662 2725 Χειραγωγοῦντες
1707 2656 1774 2708 δὲ
1811 2656 1996 2710 αὐτὸν
2042 2655 2278 2726 εισήγα-

610 2763 719 2815 γον
744 2747 829 2811 εὶς
855 2746 1193 2813 Δαμασκόν.
1228 2745 1303 2796 Τὸ
1323 2744 1563 2815 λάφυρον
1585 2743 1681 2797 τοῦ
1711 2745 1978 2808 διαϐόλου,
2006 2745 2072 2799 τά
2106 2746 2271 2817 σκεύη

609 2833 795 2897 αὐτοῦ,
829 2832 1077 2905 καθάπερ
1097 2832 1302 2896 πόλεώς
1323 2833 1517 2903 τινοςῆ
1541 2833 1924 2905 μητροπόλεως
1953 2834 2270 2904 ληφθείσης,

607 2920 1047 2988 είσάγουσι.Κα“ι
1104 2921 1165 2974 τὸ
1218 2920 1283 2992 δὴ
1341 2920 1674 2991 θαυμαστὸν,
1732 2922 1885 2974 αὐτοὶ
1931 2922 1979 2973 οἱ
2029 2921 2273 2990 πολέμιοι

594 3009 704 3062 -καί
720 3008 904 3078 ἐχθροὶ
931 3007 1225 3079 εἰσήγαγον
1256 3009 1439 3075 αὐτὸν,
1484 3009 1699 3061 πάντων
1721 3009 1988 3078 ὁρώντων.
2040 3010 2149 3062 Καὶ
2193 3009 2274 3082 ἦν

606 3097 831 3166 ἡμέρας
853 3098 1007 3165 τρεῖς
1023 3096 1108 3167 μὴ
1133 3097 1403 3163 βλέπων,
1435 3098 1530 3150 καὶ
1568 3100 1679 3151 οὐκ
1699 3098 1923 3166 ἔφαγεν
1957 3099 2098 3152 οὐδὲ
2116 3101 2267 3155 ἑπιε.

603 3187 650 3238 Τ
657 3187 672 3238 ί
704 3186 892 3239 τούτου
915 3186 1027 3238 ἴσον
1058 3186 1253 3253 γένοιτ’
1282 3186 1379 3250 div;
1421 3185 1765 3257 ’Λντίρροπος
1790 3187 1891 3256 τῆς
1931 3188 2023 3239 ἐπὶ
2057 3188 2267 3257 Στεφά-

604 3294 698 3332 νου
731 3275 966 3346 ἀθυμίας
995 3274 1391 3345 παράκλησιςή
1417 3274 1626 3327 Παύλου
1656 3276 1987 3347 προσαγωγὴ
2038 3277 2265 3345 γίνεται,

605 3365 802 3435 ἔχουσα
856 3364 953 3434 μὲν
1003 3362 1098 3414 καὶ
1142 3361 1364 3416 αὐτόθεν
1394 3362 1764 3432 παραμυθίαν,
1800 3363 1859 3415 τὸ
1888 3366 2061 3429 οὕτως
2107 3367 2268 3423 αὐτὸν

601 3452 878 3515 ἀπελθεῖν,
907 3450 1146 3504 λαϐοῦσα
1200 3449 1255 3502 δὲ
1308 3451 1401 3502 καὶ
1451 3450 1675 3518 ταύτην,
1733 3452 1825 3505 καὶ
1876 3455 1931 3506 αἱ
1994 3456 2266 3527 Σαμαρει-

604 3540 712 3593 τῶν
738 3540 794 3593 δὲ
818 3539 1002 3610 κῶμαι
1030 3539 1440 3609 προσαχθεῖσαι,
1479 3540 1741 3610 μεγίστην
1777 3542 2049 3612 παρέσχον
2088 3543 2266 3613 παρά-

603 3629 816 3697 κλησιν.

675 3716 887 3769 Καὶδιά
915 3716 985 3777 τί,
1017 3716 1168 3785 φησὶ,
1189 3714 1261 3785 μὴ
1281 3712 1337 3779 ἐξ
1363 3715 1535 3786 ἀρχῆς
1551 3715 1707 3769 τοῦτο
1722 3715 1962 3785 γέγονεν,
1978 3718 2111 3772 ἀλλὰ
2127 3719 2263 3789 μετά

598 3804 805 3869 mina;
840 3804 955 3856 ’Ὶνα
977 3803 1180 3874 δειχθῇ,
1203 3800 1351 3875 [157]
1376 3806 1455 3857 ὅτι
1482 3803 1648 3867 ὅντως
1682 3804 1879 3875 ἀνέστη
1932 3806 1959 3858 6
2006 3807 2259 3878 Χριστός.

608 3890 673 3947 ’0
703 3892 812 3963 γὰρ
842 3892 1080 3946 ἐλαύνων
1110 3892 1291 3954 αὐτὸν,
1318 3893 1410 3945 καὶ
1437 3892 1680 3947 ἀπιστῶν
1705 3893 1869 3947 αὐτοῦ
1915 3897 1979 3966 τῇ
2039 3895 2259 3967 τελευτῇ

600 3983 695 4034 καὶ
740 3984 804 4052 τῇ
855 3981 1169 4045 ἀναστάσει,
1214 3981 1307 4034 καὶ
1351 3982 1473 4044 τοὺς
1518 3980 1763 4053 μαθητὰς
1807 3983 1970 4037 αὐτοῦ
2029 3983 2259 4049 διώκων,

582 4065 749 4134 ¹οὗτος
784 4071 965 4131 πόθεν,
989 4070 1110 4123 εἰπέ
1141 4088 1251 4140 μοι,
1292 4069 1356 4123 ἂν
1404 4068 1741 4134 ἐπίστευσεν,
1773 4072 1822 4121 εί
1880 4069 1961 4138 μὴ
1992 4070 2159 4141 πολλὴ
2192 4066 2261 4142 ἦν

598 4158 693 4212 τοῦ
723 4158 1126 4228 σταυρωθέντος
1154 4161 1186 4227 ἡ
1217 4156 1367 4227 ίσχύς
1396 4156 1455 4224 d;
1493 4157 1917 4219 Ἔστω,⁷ἐκεῖνοι
1955 4157 2102 4226 αὐτῷ
2132 4159 2260 4228 ἐχα-

602 4247 833 4317 ρίζοντο·
858 4246 910 4297 τί
940 4246 1083 4315 ἐρεῖς
1112 4245 1244 4314 πρὸς
1256 4244 1475 4310 τοῦτον;
1506 4243 1714 4305 Ἀλλως
1748 4243 1803 4295 6'5
1830 4243 1916 4295 διὰ
1942 4244 2096 4297 τοῦτο
2125 4246 2260 4315 μετά

598 4334 694 4403 ςὴν
723 4333 1017 4385 ἀνάστασιν
1048 4331 1341 4402 προσῆλθε,
1379 4330 1470 4384 καὶ
1500 4331 1597 4383 οὐκ
1628 4330 1845 4394 εὐθέως,
1875 4331 1960 4383 ἴνα
1995 4332 2255 4401 σαφέστε-

600 4438 690 4490 ρος
713 4420 875 4474 αὐτοῦ
905 4418 1085 4489 δειχθῇ
1118 4421 1145 4471 ὁ
1174 4417 1425 4489 πόλεμος.
1469 4419 1523 4471 Ὀ
1571 4418 1679 4489 γάρ
1733 4418 1873 4471 οὕτω
1901 4421 2222 4490 μαινόμενος
2241 4466 2256 4491 ,

594 4510 671 4571 ὡς
696 4508 789 4561 καὶ
813 4507 1020 4577 αἵματα
1058 4508 1257 4576 ἐκχεῖν,
1292 4508 1384 4559 καὶ
1433 4507 1512 4571 είς
1564 4507 1908 4579 δεσμωτήρια
1948 4509 2256 4579 ἐμϐάλλειν,

595 4596 789 4668 ἀθρόον
843 4595 1107 4648 πιστεύει.
1168 4595 1280 4647 Οὐκ
1328 4595 1487 4665 ἤρκει
1536 4594 1595 4647 τὸ
1653 4594 1727 4666 μὴ
1788 4597 2145 4666 συγγενέσθαι
2182 4599 2258 4671 τῷ

594 4684 835 4755 Χριστῷ,
867 4683 982 4737 ἀλλ’
1008 4684 1113 4736 ἔδει
1146 4683 1239 4735 καὶ
1273 4682 1644 4755 πολεμηθῆναι
1683 4686 1924 4755 σφοδρῶς
1940 4686 2041 4738 ’ὐπ’
2094 4687 2256 4741 αὐτοῦ

593 4776 719 4838 τοὺς
750 4773 973 4837 πιστούς
998 4788 1011 4803 ⁸
1041 4771 1297 4843 οὐδεμίαν
1329 4771 1617 4824 κατέλιπεν
1666 4772 1967 4843 ὑπερϐολὴν
2024 4776 2253 4843 μανίαςι

592 4866 813 4919 πάντων
871 4862 1229 4933 σφοδρότερος
1285 4854 1438 4923 οὗτος
1481 4855 1567 4931 ἦν.
1612 4859 1831 4932 Ἐπειδὴ
1877 4861 1931 4914 δὲ
1972 4863 2253 4936 ἐπηρώθη,

590 4953 713 5005 ⁶τότε
746 4952 846 5020 τῆς
885 4949 1200 5011 δεσποτείας
1234 4947 1397 5001 αὐτοῦ
1440 4947 1510 5001 τά
1542 4949 1816 5019 τεκμήρια
1863 4950 1957 5002 καὶ
2002 4951 2102 5020 τῆς
2133 4952 2258 5020 φιλ-

592 5038 906 5107 ανθρωπίας
966 5038 1261 5107 γνωρίζει’
1330 5036 1361 5105 ἢ
1419 5036 1512 5089 καὶ
1550 5036 1653 5088 ἵνα
1713 5038 1787 5107 μή
1842 5053 1926 5099 τις
1970 5038 2119 5110 εἴπῃ.
2175 5042 2255 5093 ὅτι

593 5126 939 5195 ὑπεκρίνατο.
968 5125 1114 5187 Πῶς,
1144 5125 1273 5193 γάρ,
1326 5124 1354 5175 6
1408 5124 1655 5193 αἱμάτων
1704 5123 2003 5195 ἐπιθυμῶν,
2069 5128 2097 5178 6
2144 5130 2256 5191 τοῖς

592 5212 802 5284 ἱερεῦσι
840 5211 1174 5281 προσελθὼν,
1207 5214 1235 5263 ό
1262 5213 1340 5274 εἰς
1368 5212 1644 5276 κινδύνους
1675 5213 1867 5266 ἐαυτὸν
1888 5214 2250 5286 ἐπιρρίπτων,

593 5299 842 5360 καὶτοὺς
876 5297 981 5361 ἔξω
1034 5298 1271 5352 ἐλαύνων
1309 5300 1403 5351 καὶ
1459 5299 1899 5371 τιμωρούμενοςς
1942 5297 2110 5367 Οὗτος
2154 5300 2253 5357 οὖν

585 5386 732 5459 ,μετά
759 5385 930 5439 ταῦτα
960 5387 1137 5438 πάντα
1165 5387 1262 5456 τὴν
1294 5385 1610 5440 δεσποτείαν
1646 5388 1912 5459 ὁμολογεῖ.
1979 5390 2076 5444 Διά
2103 5393 2155 5443 τί
2196 5392 2252 5446 δέ

587 5477 693 5530 οὐκ
716 5475 858 5528 ἔνδον
887 5476 1032 5544 ἐνΑτῇ
1063 5472 1213 5526 πόλει
1235 5474 1651 5546 περιηστράφθη
1677 5476 1754 5547 τῷ
1798 5478 1954 5547 φωτὶ,
1985 5480 2119 5533 ἀλλά
2146 5481 2252 5552 πρὸ

651 5671 681 5737 ξ
723 5670 859 5721 Unm
901 5669 1075 5737 οοᾲιετΔ
1117 5668 1519 5737 ἀπολογούμενος.Δ
1555 5668 1623 5737 _‘_H
1665 5672 1754 5734 γὰρ
1793 5675 2043 5737 ὑπερϐολή.
2106 5676 2136 5716 b
2163 5677 2252 5726 sa-

587 5734 737 5805 ﬁlius
757 5733 1000 5805 μονονομχὶ
1026 5733 1198 5793 λέγων·
1224 5731 1280 5778 Τί
1306 5732 1435 5794 παρ’.
1501 5734 1524 5762 (³
1552 5731 1685 5791 Ha-c,
1724 5731 1874 5805 ποιεῖν
1886 5731 2046 5805 αὐτόν,
2096 5753 2247 5801 παρα-

609 5800 770 5856 ρῆμα,
803 5795 861 5844 ab
902 5795 1100 5843 Erasmo
1141 5807 1200 5842 ex
1269 5806 1392 5845 eam.
1437 5805 1500 5841 ex
1545 5807 1642 5842 uno
1683 5796 1790 5843 cod.
1846 5798 2071 5860 suppleta
2114 5795 2244 5851 sum.

789 5856 817 5896 ἀ
852 5857 949 5906 Alii
985 5854 1043 5916 ἦν
1081 5861 1164 5915 τῆς
1200 5805 1506 5912 Καστάσεως
1554 5859 1583 5915 ἡ
1608 5856 1759 5919 ἰσχύς.

1389 253 1444 313 S.
1484 252 1769 313 ‘IOANNIS
1804 254 2289 313 CHRYSOSTOMI
2330 255 2645 313 ARCHIEP.
2688 258 3233 320 CONSTANTlNOP.

2405 372 2611 441 αὐτῆς;
2647 374 2768 425 Ὅτι
2817 374 2914 426 οὐκ
2957 374 3022 427 ἂν
3069 375 3393 428 ἐπίστευσαν
3436 378 3474 429 οί
3509 378 3671 442 πολλοὶ,
3708 380 3720 432 ί

2404 462 2700 531 ἐχλεύασαν
2750 465 2836 518 ἄν’
2883 466 3015 518 ὅπου
3063 482 3126 533 γε
3176 468 3267 519 καὶ
3321 468 3431 520 ἐκεῖ
3471 467 3635 521 ἄνωθεν
3688 469 3720 520 ἐν

2405 552 2586 619 φωνῆς
2634 553 2921 614 ἀκούοντες
2972 553 3175 620 ἔλεγον,
3219 553 3300 606 ὅτι
3343 553 3538 622 Βροντή
3570 554 3720 608 ἐστιν’

2402 637 2711 702 ἀξιόπιστος
2739 635 2806 710 ἦν
2836 640 3191 707 ἀπαγγέλλων
3242 642 3434 711 μᾶλλον
3465 642 3523 693 τὰ
3567 644 3720 695 αὐτοῦ.

2400 724 2622 795 δεμένος
2656 730 2923 798 εἰσήγετο,
2954 730 3015 781 οὐ
3061 730 3449 800 περικειμένων
3496 730 3617 799 αὐτῷ
3652 732 3720 784 δει

2400 811 2579 867 εἷλκον
2608 815 2769 867 αὐτὸν
2828 818 2917 869 τὸν
2963 817 3400 887 προσδοκήσαντα
3449 820 3553 878 τοὺς
3590 817 3720 871 ἄλλον

2401 900 2554 964 Τίνος
2581 900 2635 953 δὲ
2673 902 2857 955 ἕνεκεν
2881 905 2979 956 οὐκ
3004 904 3226 973 ἔφαγεν,
3259 905 3380 957 οὐδὲ
3430 905 3563 971 Eme;
3608 908 3720 957 Κατε

2400 989 2592 1042 ἑαυτοῦ
2643 992 2733 1045 ἐπὶ
2792 994 2901 1055 τοῖς
2956 993 3277 1061 γινομένοις,
3342 993 3715 1063 ἐξωμολογεῖτο,

2401 1078 2700 1148 παρεκάλει
2747 1080 2838 1132 τὸν
2871 1080 3021 1132 Θεόν.
3054 1081 3115 1133 Εἰ
3153 1081 3210 1134 δὲ
3242 1081 3388 1148 λέγοι
3408 1098 3497 1145 τις,
3520 1081 3720 1149 ἀνάγκης

2400 1166 2634 1233 πρᾶγμα
2664 1166 2779 1235 (καὶ
2848 1167 2954 1236 γάρ
2985 1168 3013 1218 6
3054 1166 3289 1235 Ἐλύμας
3337 1167 3397 1219 τὸ
3429 1167 3543 1219 αὐτὸ
3578 1167 3720 1219 ἔπαθε

2401 1268 2529 1321 μεν·
2570 1253 2677 1306 Ναὶ
2738 1254 2957 1319 ἔπαθεν,
3023 1255 3139 1308 ἀλλ’
3189 1256 3399 1326 ἔμεινεν
3420 1255 3484 1318 ὡς
3511 1253 3625 1325 εἶχε.
3651 1256 3720 1307 Πιῖ

2396 1341 2757 1413 ἡναγκάσθης
2813 1344 2920 1395 Καὶ
2971 1344 3025 1395 τί
3076 1342 3590 1414 ἀναγκαστικώτερον
3645 1342 3720 1395 τοῦ

2395 1426 2488 1480 τοῦ
2527 1429 2617 1480 ἐπὶ
2660 1429 2759 1498 τῆς
2796 1430 3163 1495 ἀναστάσεως,
3186 1430 3292 1483 τῶν
3323 1429 3635 1501 στρατιωτῶν
3682 1434 3720 1482 τι

2395 1514 2711 1585 γειλάντων,
2753 1516 2860 1570 τῶν
2914 1517 3154 1586 σημείων
3218 1516 3327 1569 τῶν
3379 1516 3552 1583 ἄλλων,
3596 1516 3720 1570 τοῦῐ

2394 1605 2728 1671 ἀναστάντας
2781 1604 2918 1657 Ἀλλ’
2947 1606 3048 1658 οὐκ
3078 1603 3194 1658 ἐστι
3240 1604 3414 1658 ταῦτα
3458 1607 3720 1674 ἀναγκαστι

2393 1692 2692 1746 διδακτικά.
2778 1693 3021 1745 Ἰουδαῖοι
3078 1692 3167 1745 διά
3231 1692 3283 1744 τί
3344 1692 3440 1745 οὐκ
3486 1692 3720 1744 ἐπίστευε

2392 1779 2709 1845 ἀκούοντες;
2752 1780 2872 1833 Ὀτι
2914 1779 3144 1851 ἠλήθευε
3200 1779 3358 1849 δῆλον
3392 1775 3474 1851 ἦν.
3516 1781 3584 1833 Οὐ
3633 1780 3720 1850 γὰρ

2393 1867 2564 1933 έθετο,
2607 1868 2680 1937 μὴ
2720 1867 3014 1937 γενομένου
3053 1865 3264 1919 τούτου·
3317 1866 3451 1919 ὥστε
3496 1867 3684 1929 πάντας

2391 1955 2518 2008 ἔδει.
2572 1956 2691 2009 Τῶν
2758 1954 2856 2026 τὴν
2913 1954 3207 2009 ἀνάστασιν
3276 1951 3437 2007 αὐτοῦ
3506 1956 3720 2024 κηρυττό

2389 2045 2564 2114 ἥττων
2590 2040 2677 2114 ἦν,
2710 2044 2908 2115 μᾶλλον
2941 2044 2997 2097 δέ
3026 2043 3121 2098 καὶ
3149 2042 3597 2114 ἀξιοπιστότερος,
3638 2043 3720 2113 ἀθε

2389 2133 2742 2204 ϐεϐλημένος.
2773 2133 2847 2187 Οὐ
2902 2132 3215 2201 συνεγένετό
3265 2148 3370 2187 τινι
3411 2131 3514 2184 τῶν
3560 2132 3720 2183 πιστῶ

2388 2219 2663 2290 Δαμασκῷ
2708 2220 3050 2290 μετεϐάλετο,
3101 2219 3301 2290 μᾶλλον
3348 2218 3403 2272 δὲ
3457 2219 3557 2289 πρὸ
3597 2219 3689 2287 τῆς

2386 2306 2544 2360 τοῦτο
2582 2307 2803 2361 ἔπαθεν.
2840 2306 3063 2378 Ἐρωτῶ
3090 2308 3181 2360 τὸν
3225 2306 3473 2360 Ἰουδαῖον
3496 2323 3508 2335 ·
3544 2306 3720 2369 Πόθεν,

2390 2391 2690 2461 μετεϐλήθη
2716 2389 2956 2456 Παῦλος;
2986 2391 3236 2446 Τοσαῦτα
3267 2396 3465 2463 σημεῖα
3504 2390 3627 2453 εἶδε,
3668 2410 3720 2444 κο

2385 2479 2586 2550 εϐλήθη
2626 2496 2639 2510 ο
2714 2482 2742 2533 6
2815 2479 3133 2543 διδάσκαλος
3171 2480 3335 2534 αὐτοῦ
3392 2480 3707 2552 μετεϐλήθη,

2383 2568 2442 2619 οὐ
2478 2566 2810 2638 μετεϐλήθη·
2839 2568 2924 2631 τίς
2949 2567 3165 2621 ἔπεισεν
3192 2569 3391 2634 αὐτόν;
3426 2569 3617 2639 μᾶλλον
3648 2570 3700 2621 δὲ

2382 2656 2647 2726 τοσαύτην
2683 2656 2935 2709 ἐνέϐαλεν
2972 2656 3122 2727 αὐτῷ
3170 2656 3493 2728 προθυμίαν,
3524 2657 3597 2721 ώς
3646 2657 3720 2709 κατ

2381 2743 2638 2808 εὔξασθαι
2695 2744 2947 2813 γενέσθαι
3003 2747 3146 2817 ὑπὲρ
3186 2745 3280 2799 τοῦ
3331 2744 3602 2815 Χριστοῦ;
3638 2747 3720 2797 (Par

2382 2831 2414 2901 ὴ
2447 2832 2554 2884 τῶν
2576 2833 2915 2903 πραγμάτων
2944 2832 3192 2902 ἀλήθεια.
3229 2832 3369 2885 Ἀλλ’
3399 2845 3421 2871 θ
3445 2834 3579 2901 ὅπερ
3610 2832 3720 2901 ἔφη’

2380 2923 2631 2993 εὐνοῦχον
2660 2923 3056 2994 αἰσχυνθῶμεν,
3089 2924 3183 2977 καὶ
3239 2921 3605 2992 φωτιζόμενον
3638 2923 3720 2974 καὶ

2381 3028 2599 3067 σκοντα.
2643 3012 2861 3083 Ὁρᾶτε,
2898 3012 3013 3077 πῶς
3041 3008 3108 3083 ἦν
3136 3013 3195 3065 ἐν
3216 3011 3525 3081 δυναστείᾳ,
3558 3012 3674 3073 πῶς
3702 3006 3720 3062 ἶ

2376 3116 2475 3169 τῳ,
2517 3100 2609 3152 καὶ
2643 3100 2763 3152 οὐδέ
2806 3102 2863 3153 ἐν
2896 3099 2999 3170 ὁδῷ
3045 3099 3319 3170 ἡσύχαζε;
3368 3097 3464 3161 Τίς
3498 3093 3566 3168 ἦν
3615 3099 3720 3166 ἄρα

2379 3206 2482 3241 νων
2504 3190 2589 3240 ἐπ’
2652 3187 2849 3252 οἰκίας,
2914 3188 3049 3259 μηδέ
3080 3191 3137 3242 ἐν
3180 3188 3319 3251 ὁδοῖς
3351 3187 3678 3257 ἀνεχόμενος

2374 3276 2459 3340 τίς
2489 3272 2555 3347 ἦν
2592 3275 2611 3314 ί
2640 3269 2791 3341 οὗτος
2819 3278 2877 3329 ἐν
2901 3276 3089 3341 νυκτί;

2445 3365 2505 3418 δ’.
2527 3366 2682 3418 Ὅσοι
2715 3366 2771 3418 ἐν
2806 3363 3109 3436 ἀξιώμασίν
3137 3366 3281 3429 ἐστε,
3320 3365 3611 3429 ἀκούσατε,
3636 3364 3720 3417 καλ

2374 3454 2465 3506 καὶ
2494 3452 2640 3525 [158]
2674 3453 2901 3517 εὐλαϐὲς
2958 3453 3292 3524 μιμήσασθε.
3333 3453 3529 3507 Καίτοι
3590 3452 3720 3523 μέλ).

2372 3541 2576 3606 οἴκαδε,
2616 3543 2715 3594 οὐκ
2747 3536 2868 3593 εἶπε
2903 3540 3039 3612 πρὸς
3060 3541 3274 3595 ἑαυτόν*
3320 3540 3669 3612 Ἀπέρχομαι
3700 3558 3720 3592 ε

2371 3629 2547 3699 τρίδα,
2592 3630 2707 3681 ἐκεῖ
2761 3628 3023 3699 λαμϐάνω
3052 3628 3114 3681 τὸ
3168 3627 3412 3699 λουτρὸν,
3476 3628 3548 3681 τὰ
3595 3628 3720 3697 ιίιυχΙ

2370 3717 2478 3768 τῶν
2506 3716 2735 3770 πολλῶν.
2770 3716 2882 3769 Οὐκ
2914 3715 3105 3787 ἐδεήθη
3138 3715 3400 3786 σημείων,
3452 3716 3557 3769 οὐκ
3589 3716 3716 3784 ἐδεή

2373 3822 2503 3858 των·
2567 3804 2673 3858 ἀπὸ
2736 3803 2826 3856 τοῦ
2858 3804 3139 3874 προφήτου
3200 3803 3358 3874 μόνον
3398 3802 3719 3856 ἐπίστευσε.

2372 3893 2558 3945 πενθεῖ
2609 3892 2797 3945 ἐαυτὸν
2855 3894 2883 3944 ό
2931 3891 3159 3955 Παῦλος,
3218 3890 3412 3959 λέγων’
3464 3890 3666 3945 ,Ἀλλὰ

2367 3981 2657 4047 ἠλεήθην,
2690 3979 2778 4032 ὅτι
2818 3976 3051 4047 ἀγνοῶν
3096 3977 3357 4045 ἐποίησα
3386 3977 3459 4030 ἐν
3492 3977 3719 4030 ἄπεστί

2368 4069 2437 4121 ἐν
2461 4068 2587 4136 ἐμοὶ
2618 4066 2823 4134 πρώτῳ
2850 4065 3186 4133 ἐνδείξηται
3240 4064 3484 4131 Ἰησοῦς
3520 4066 3716 4132 Χριστ

2368 4173 2489 4211 σαν
2508 4155 2940 4225 μακροθυμίαν.
2979 4153 3158 4217 Ἀξιον
3184 4152 3351 4217 ὅντως
3387 4151 3691 4222 θαυμάσαι

2367 4261 2460 4314 χον
2483 4241 2688 4295 τοῦτον.
2717 4242 2828 4294 Οὐκ
2857 4235 2963 4293 εἶδε
2987 4240 3078 4293 τὸν
3112 4239 3365 4310 Χριστὸν,
3398 4239 3504 4292 οὐκ
3538 4233 3655 4291 εἶδε
3695 4254 3720 4289 σ

2365 4330 2435 4383 τά
2479 4328 2822 4401 Ἰεροσόλυμα
2853 4327 3162 4381 συνεστῶτα
3205 4326 3371 4397 ἐώρα,
3404 4327 3507 4379 καὶ
3561 4327 3720 4379 ἐπίσπ

2366 4418 2569 4489 λίππῳ.
2630 4416 2800 4470 Πόθεν
2848 4412 2940 4469 οὖν
3005 4415 3245 4478 τοιοῦτος
3292 4415 3643 4484 γἐγένηταις
3710 4414 3720 4465 1

2369 4506 2502 4577 μένη
2547 4502 2613 4577 ἦν
2665 4503 2872 4575 ἡψυχὴ
2906 4503 3093 4569 αὐτοῦ,
3130 4505 3382 4574 προσεῖχε
3444 4503 3719 4572 Γραφαῖς,

2365 4594 2722 4665 ἀναγνώσεσι.
2768 4594 2958 4647 Καίτοι
2993 4593 3085 4645 καὶ
3114 4593 3142 4643 6
3174 4592 3374 4662 λῃστὴς
3406 4588 3527 4643 εἶδε
3588 4607 3715 4661 σημ

2369 4683 2531 4753 μάγοι
2566 4678 2703 4735 εἶδον
2754 4682 2983 4752 ἀστέρα·
3036 4674 3189 4743 οὗτος
3216 4680 3271 4732 δὲ
3312 4678 3472 4732 οὐδὲν
3510 4673 3631 4731 εἶδε
3664 4695 3720 4729 τε

2364 4771 2636 4824 ἐπίστευεο
2668 4767 2922 4821 τοσοῦτόν
2951 4769 3096 4820 ἐστιν
3122 4769 3156 4837 ἡ
3178 4766 3285 4819 τῶν
3315 4767 3354 4818 Γ
3362 4766 3567 4837 ραιρῶν
3593 4766 3720 4818 ἀνά·

2362 4859 2544 4928 λιμοςί
2577 4857 2640 4909 Τί
2669 4852 2760 4909 οὖν
2796 4855 3037 4918 Παῦλος;
3066 4855 3184 4925 οὐχὶ
3228 4855 3317 4906 τὸν
3359 4854 3540 4923 νόμον
3575 4854 3626 4904 ιε
3638 4854 3720 4923 με’

2362 4948 2485 5017 ἐμοὶ
2520 4946 2664 4998 δοκεῖ
2695 4939 2847 5007 οὗτος
2868 4943 3116 5015 ἐπίτηδες
3150 4942 3567 5012 ἀναϐληθῆναι,
3633 4942 3709 4993 δι’

2362 5033 2647 5105 προλαϐὼν
2680 5031 3011 5103 πανταχόθεν
3076 5029 3400 5101 βουλομένου
3459 5030 3720 5083 ἐπισπάτ

2374 5122 2655 5184 Ἰουδαίους
2686 5119 2779 5173 τοῦ
2802 5118 3058 5190 Χριστοῦ.
3089 5118 3153 5171 Εἰ
3179 5117 3286 5189 γὰρ
3314 5115 3446 5170 νοῦν
3480 5112 3672 5185 εἶχον,
3702 5133 3720 5169 <

2360 5206 2755 5277 06w;~€0:péleu
2780 5207 2854 5271 ὡς
2886 5205 3061 5260 τοῦτο.
3099 5204 3270 5258 Τοῦτο
3302 5204 3436 5275 γὰρ,
3474 5206 3585 5257 καὶ
3654 5222 3720 5255 στ

2360 5295 2470 5361 λον,
2494 5296 2585 5349 καὶ
2607 5296 2846 5361 πάντων,
2876 5294 3060 5347 ἱκανὸν
3086 5290 3153 5364 ἦν
3173 5292 3367 5355 αὐτοὺς
3384 5291 3713 5361 ἐφελκύσα

2358 5380 2451 5437 οὖν
2478 5382 2628 5436 οὐδὲν
2664 5382 2806 5435 οὕτω
2858 5380 3225 5445 σκανδαλίζειν
3270 5380 3436 5433 εἴωθε.
3497 5381 3649 5444 τοὺς
3712 5400 3720 5413 α

2359 5472 2502 5542 Ὅρα
2530 5471 2658 5539 γοῦν
2691 5472 2828 5541 μετά
2856 5471 2952 5540 τὴν
2983 5469 3280 5540 διασπορὰν
3331 5468 3450 5522 τῶν
3478 5468 3720 5522 ἀποστό

2357 5560 2488 5614 Θεὸν
2524 5560 2777 5613 φοιοῦντα
2806 5560 2872 5613 τὰ
2899 5562 3117 5629 σημεῖα.
3180 5557 3565 5611 Ἐνεκάλεσαν
3654 5558 3720 5609 ἰι

2425 5689 2447 5717 e
2484 5676 2760 5736 Legebalur
2799 5677 2903 5724 ἀλλ’
2930 5676 3074 5737 ὅμως,
3111 5674 3199 5723 sed
3244 5687 3439 5731 vocem,
3470 5674 3650 5734 ὅμως,
3704 5687 3720 5721 ι

2356 5741 2673 5799 sententiam,
2712 5737 3089 5799 suifragantibus
3125 5749 3223 5784 uno
3246 5738 3370 5799 cod,
3392 5744 3457 5785 et
3488 5737 3653 5799 savii
3684 5774 3702 5795 ,

2356 5799 2493 5847 Ευιτ.
2590 5797 2608 5836 ί
2646 5797 3004 5857 Οιιίιίεηιήιεε.
3050 5798 3186 5861 οὗτος
3226 5798 3489 5861 σχολάζων
3541 5798 3629 5846 ἐπ’
3672 5799 3720 5846 οἶ

2357 5861 2405 5908 ἐν
2427 5861 2550 5917 ὁδοῖς
2577 5861 2856 5923 ἀνεχόμενος
2877 5866 3012 5924 σιγᾷν
3036 5876 3048 5922 ;
3078 5861 3145 5915 τίς
3165 5859 3237 5923 ᾖν.
