3972 6212
190 334 289 388 ςςδ

182 447 369 500 imitere
411 448 593 513 solet;
631 470 937 510 mensuram
984 458 1124 512 enim
1166 474 1318 514 suam
1366 462 1559 516 habent
1601 463 1759 518 oculi.

182 536 375 592 Dicitur
401 541 572 594 etiam
614 545 762 599 vocis
807 556 861 601 et
895 549 1016 603 soni
1045 550 1439 607 vehementiam
1470 555 1662 610 surdos
1690 556 1771 609 fa-

176 645 288 683 cere
307 641 363 684 et
378 636 666 692 attonitos.
692 637 797 693 Sed
820 640 958 696 hunc
984 645 1272 699 excmcavit
1298 656 1518 711 tantum,
1548 658 1601 702 et
1624 658 1768 704 metu

174 722 401 778 [ιιι-(πεπυ
430 726 553 795 ejus
583 732 864 793 exstinxit,
886 734 955 788 ita
982 744 1037 788 ut
1064 735 1177 790 htcc
1204 737 1292 792 ille
1315 739 1524 793 audiret
1553 740 1761 806 :Saule,

170 814 343 877 Saute,
374 820 503 886 quid
534 838 617 875 me
641 826 954 894 persequeris
982 829 1008 881 ?
1032 828 1144 883 Non
1172 829 1302 883 dicit
1332 832 1426 896 illi,
1448 832 1636 897 Crede,
1673 850 1765 889 ne-

166 922 264 974 que
305 909 487 965 simile
532 914 853 985 quidpiam;
889 919 984 973 sed
1030 920 1259 978 incusat.
1312 923 1435 978 Haec
1480 924 1591 980 fere
1635 926 1764 982 dicit

166 1000 345 1067 quibus
372 1003 528 1057 illum
563 1006 776 1061 incusat
810 1031 824 1064 :
855 1010 992 1078 Quid
1015 1054 1029 1076 ,
1062 1016 1139 1068 vel
1172 1030 1359 1084 parum
1401 1018 1484 1072 vel
1510 1019 1757 1083 multum,

164 1105 187 1139 :t
212 1107 292 1145 nte
316 1092 506 1156 lmsus,
537 1095 645 1151 hoc
672 1099 787 1168 agis
812 1099 837 1152 ?
864 1101 1006 1156 Dixit
1032 1114 1217 1165 autem,
1235 1106 1363 1174 Qui:
1383 1124 1454 1172 es,
1489 1106 1705 1163 Domine
1734 1112 1759 1165 ἰ)

166 1181 363 1235 Interim
391 1201 457 1241 se
479 1189 775 1245 conﬁtetur
808 1210 1046 1250 servum.
1078 1198 1333 1255 Dominus
1359 1211 1538 1257 autem
1585 1204 1752 1260 dixit:

164 1274 259 1345 Ego
294 1295 410 1332 sunt
449 1280 639 1349 Iesus,
683 1302 833 1352 quem
864 1298 917 1341 tu
947 1293 1277 1361 persequeris.
1316 1295 1395 1348 Ac
1433 1295 1478 1349 si
1505 1296 1703 1351 diceret
1737 1316 1751 1352 :

160 1366 225 1421 Nc
253 1381 402 1436 putes
432 1372 537 1425 tibi
565 1389 694 1429 cum
724 1376 1029 1435 hominibus
1058 1397 1178 1438 esse
1202 1394 1496 1441 certamen.
1529 1387 1628 1455 Qui
1654 1405 1752 1442 att-

160 1470 251 1512 tem
282 1478 404 1516 cum
443 1466 543 1517 illo
578 1479 771 1529 erant.
798 1487 985 1528 vocem
1012 1476 1224 1544 quidem
1267 1478 1415 1533 Pauli
1442 1482 1747 1549 audierunt,

161 1556 411 1609 neminem
444 1568 641 1613 autem
675 1562 947 1629 viderunt,
990 1567 1054 1621 ad
1086 1584 1245 1638 quem
1286 1573 1654 1641 reSponderct.
1684 1578 1750 1631 Et

157 1646 256 1711 jure
291 1650 493 1704 merito
528 1670 541 1705 :
578 1669 762 1708 rerum
792 1672 1024 1727 namque
1052 1662 1319 1717 minorum
1350 1665 1469 1721 illos
1502 1668 1624 1723 fecit
1654 1685 1748 1723 au-

162 1740 361 1796 ditores.
402 1743 547 1798 Nam
592 1747 641 1800 si
685 1764 873 1803 vocem
923 1752 1063 1807 illam
1106 1755 1414 1824 audissent,
1448 1776 1620 1830 neque
1667 1763 1746 1817 sic

168 1835 495 1890 credidissent
528 1857 542 1891 :
572 1838 799 1894 Paulum
833 1854 1009 1899 autem
1034 1846 1277 1903 videntes
1304 1853 1739 1921 respondentem,

174 1928 492 1984 tuin-bantur.
538 1931 648 1987 Sed
679 1935 728 1987 7.
759 1936 956 2007 Surge,
1001 1951 1047 1993 et
1088 1942 1354 2011 ingredere
1383 1946 1663 2013 civitatem,
1693 1958 1740 2001 et

173 2019 337 2070 dicem
375 2024 461 2074 tibi
501 2026 633 2093 quid
674 2036 722 2079 te
767 2040 997 2097 oporteat
1039 2033 1226 2102 facere.
1267 2035 1420 2101 Vide,
1468 2040 1738 2107 quomodo

164 2126 251 2163 non
278 2115 453 2166 statim
484 2116 671 2171 omnia
712 2119 811 2188 ipsi
842 2122 1065 2189 revelet,
1096 2126 1194 2180 sed
1225 2128 1373 2195 prius
1403 2137 1606 2184 tantum
1635 2132 1737 2185 mi-

157 2201 269 2269 tiget
287 2204 532 2259 animam
560 2208 703 2276 ejus,
732 2220 786 2264 et
814 2228 910 2281 per
933 2228 1016 2279 ea,
1045 2217 1335 2287 qumjuhet
1365 2220 1511 2274 illum
1534 2221 1729 2289 facere,

152 2294 310 2345 statim
342 2310 502 2363 spem
529 2296 726 2354 bonam
761 2302 915 2369 indit,
940 2308 1080 2375 quod
1109 2310 1279 2363 visum
1309 2321 1622 2381 recepturus
1642 2316 1730 2370 sit.

160 2384 251 2439 Viri
261 2400 459 2455 autem,
482 2392 571 2455 qui
592 2392 732 2446 ibant
757 2412 871 2449 cunt
892 2415 948 2452 eo
966 2440 981 2463 ,
1007 2400 1205 2455 stabant
1220 2408 1502 2476 stupefacti,
1522 2410 1734 2462 audien-

148 2492 202 2531 τα
224 2482 433 2547 quidem
461 2499 654 2552 vocem,
682 2491 932 2543 neminem
955 2504 1121 2547 autem
1143 2496 1385 2553 videntes.
1417 2498 1468 2553 8.
1491 2500 1730 2555 Surrexit

144 2583 291 2624 atem
314 2575 520 2627 Saulus
541 2581 764 2645 deterra,
784 2585 1068 2654 apertisque
1083 2588 1241 2641 oculis
1268 2589 1394 2642 nihil
1413 2590 1628 2645 videbat.
1647 2592 1729 2646 Ad

142 2684 306 2722 unus
326 2682 507 2725 autem
530 2674 673 2728 illuni
692 2676 963 2745 trahentes,
982 2680 1368 2735 introduxerunt
1392 2681 1722 2741 Damascum.

141 2758 307 2825 Spolia
351 2761 591 2827 diaboli,
625 2781 746 2821 vasa
776 2768 893 2837 ejus
916 2809 930 2832 ,
962 2770 1113 2840 quasi
1152 2783 1307 2842 capta
1330 2774 1557 2844 quadam
1590 2778 1725 2833 urbe

142 2853 211 2904 vel
258 2856 547 2924 metropoli
579 2858 948 2914 introducunt.
980 2862 1047 2916 Et
1072 2864 1213 2932 quod
1244 2865 1439 2920 mirum
1466 2876 1587 2933 est,
1623 2864 1719 2938 ip‘si

138 2944 335 2997 inimici
370 2955 422 2997 et
452 2945 635 3001 hostes
668 2950 1010 3007 introducunt
1040 2953 1189 3009 illum
1218 2956 1468 3012 omnibus
1495 2958 1721 3014 videnti-

132 3032 236 3086 bus.
274 3035 332 3088 9.
373 3033 437 3088 Et
466 3049 573 3089 erat
592 3039 749 3094 tribus
768 3042 940 3095 diebus
971 3060 1069 3097 non
1087 3046 1279 3110 videns,
1304 3057 1350 3099 et
1377 3064 1475 3101 non
1505 3050 1719 3103 mandu-

127 3130 251 3179 (πίε
277 3146 441 3193 neque
464 3130 605 3184 bibit.
636 3134 770 3198 Quid
798 3134 922 3189 huic
950 3138 1023 3192 rei
1054 3154 1149 3208 par
1176 3138 1334 3194 fuerit
1364 3142 1386 3194 ?
1413 3140 1718 3198 Consolatio

130 3220 237 3274 iu‘c
270 3223 473 3277 inducti
509 3225 653 3279 i‘auli
683 3241 998 3295 Compensat
1035 3248 1321 3290 mmrorem
1346 3237 1413 3292 de
1443 3238 1715 3309 Stephano

128 3324 450 3382 nant-cptum
472 3357 486 3378 ,
523 3316 646 3373 licet
688 3319 773 3374 hic
799 3336 950 3376 suam
997 3323 1189 3380 habeat
1228 3327 1279 3380 in
1312 3343 1369 3383 se
1394 3332 1715 3386 consolatio-

131 3420 242 3456 ium
270 3447 284 3464 ,
316 3406 461 3473 quod
495 3408 582 3462 ille
625 3410 703 3463 sic
745 3411 966 3467 obiisset
994 3432 1007 3476 ;
1049 3426 1103 3469 et
1133 3415 1269 3471 hanc
1309 3418 1433 3473 item
1468 3421 1706 3488 haberet,

126 3498 257 3559 quod
300 3496 761 3556 Samaritanorum
792 3506 891 3559 vici
936 3507 1137 3563 reducti
1170 3526 1417 3579 magnum
1455 3514 1710 3571 afferrent

120 3593 400 3643 sotatinm.

186 3684 291 3737 Cur
330 3683 528 3740 Paulus
545 3702 656 3756 post
684 3690 871 3745 Christi
891 3698 1302 3750 resurrectionem
1327 3715 1593 3755 conversus
1619 3703 1703 3758 sit.

118 3807 185 3817 -—
209 3779 276 3831 Et
316 3794 433 3837 cur.
460 3781 698 3848 inquies,
734 3800 838 3837 non
872 3786 936 3840 ab
981 3787 1134 3841 initio
1167 3789 1218 3843 id
1252 3789 1449 3845 factum
1476 3802 1580 3858 est,
1611 3795 1706 3849 sed

120 3873 353 3935 prata?
414 3871 480 3927 Ut
523 3875 931 3942 osxenderetur,
974 3894 1097 3935 vere
1137 3880 1409 3936 Christum
1459 3900 1705 3941 resurre-

122 3978 283 4017 usse.
330 3962 431 4031 Qui
476 3967 621 4019 enim
653 3970 1074 4038 persequebatur
1102 3972 1249 4027 illum
1275 4015 1290 4039 ,
1322 3990 1420 4029 nec
1449 3977 1703 4033 credebat

122 4055 258 4109 tt‘ins
286 4068 517 4111 mortem
542 4073 607 4112 ac
640 4064 1087 4118 resurrectionem
1107 4107 1121 4129 ,
1149 4067 1239 4136 qui
1267 4068 1559 4139 discipulos
1583 4071 1701 4140 ejus

120 4148 560 4216 muchatur,
590 4150 749 4215 unde,
773 4170 976 4221 qumso,
1008 4157 1340 4222 credidisset,
1378 4160 1478 4214 nisi
1508 4177 1697 4230 magna

120 4240 293 4292 luisset
328 4240 581 4295 Crucilixi
616 4243 825 4298 virtus?
852 4245 983 4299 Esto
1008 4290 1021 4309 ,
1056 4249 1130 4301 illi
1163 4250 1259 4318 ipsi
1293 4252 1703 4321 obtemperave-

122 4332 254 4389 rint,
285 4332 413 4400 quid
458 4332 525 4386 ad
559 4333 700 4389 hunc
738 4336 885 4391 dices
913 4338 936 4390 ?
966 4340 1213 4409 Alioquin
1257 4358 1384 4397 vero
1417 4343 1535 4398 ideo
1576 4355 1697 4414 post

120 4428 562 4480 insonet-tionem
610 4432 857 4496 accessit,
906 4449 1077 4503 neque
1106 4436 1320 4502 statim,
1361 4448 1416 4491 ut
1465 4440 1693 4494 manife-

118 4516 242 4567 stius
276 4518 445 4582 ipsius
476 4518 674 4573 bellum
704 4522 961 4576 videatur.
989 4524 1120 4579 Nam
1156 4529 1244 4597 qui
1285 4530 1362 4583 sic
1388 4532 1601 4595 insanit,
1634 4541 1695 4586 ut

116 4620 161 4657 et
188 4608 499 4677 sanguinem
527 4611 786 4677 effundat,
816 4626 869 4669 ct
901 4617 951 4670 in
977 4633 1249 4674 carcerem
1277 4623 1546 4691 conjiciat,
1579 4635 1692 4678 sta-

118 4706 200 4757 tim
238 4707 431 4761 credit.
482 4708 597 4762 Non
642 4712 772 4764 satis
816 4722 960 4775 erat,
1005 4714 1146 4783 quod
1191 4730 1309 4769 cum
1342 4717 1555 4772 Christo
1584 4736 1689 4773 non

120 4798 307 4859 fumet,
356 4802 452 4853 sed
484 4806 715 4871 oportuit
746 4815 799 4858 ut
846 4805 1026 4861 fideles
1056 4808 1124 4861 ab
1154 4808 1242 4862 illo
1284 4811 1488 4865 fortiter
1514 4812 1689 4881 impu-

118 4902 410 4953 parentur.
440 4894 653 4949 Nullum
689 4915 793 4951 non
826 4899 1055 4954 furorem
1088 4912 1233 4957 retro
1258 4906 1546 4977 relinquit;
1572 4923 1687 4961 om-

120 4988 253 5038 ..itius
297 4986 381 5041 hic
432 4990 611 5043 acrior
652 5002 783 5045 erat.
832 4992 963 5047 Cum
1002 5006 1177 5049 autem
1224 5010 1521 5055 excmcatus
1568 5001 1685 5066 fuit,

118 5090 221 5129 ιειιιι
251 5080 635 5135 dominationis
658 5094 713 5137 et
732 5084 1034 5141 clementia:
1060 5088 1179 5158 ejus
1204 5090 1395 5146 iudicia
1424 5095 1640 5163 agnovit
1670 5113 1683 5149 :

118 5174 181 5221 vt
208 5176 391 5238 etiam,
419 5190 488 5228 ne
511 5178 631 5245 quis
657 5177 860 5233 diceret
884 5180 1055 5249 ipsum
1076 5182 1373 5239 simulasse.
1404 5185 1684 5253 Quomodo

115 5266 257 5328 nam,
304 5268 395 5336 qui
445 5272 760 5338 sanguinem
798 5274 1115 5342 expetierat.
1149 5276 1236 5343 qui
1281 5278 1345 5330 ad
1376 5280 1684 5335 sacerdotes

120 5371 425 5425 "usserat,
461 5364 547 5429 qui
582 5363 631 5415 in
661 5364 892 5432 pericula
919 5381 979 5419 se
1006 5366 1355 5437 conjiciebat,
1388 5370 1476 5439 qui
1504 5383 1683 5426 exter-

116 5464 189 5497 mis
214 5452 372 5504 etiam
402 5454 637 5520 pellebat
662 5466 715 5508 et
738 5458 1009 5524 puniebat,
1039 5460 1376 5516 simulasset?
1406 5463 1499 5518 llic
1523 5464 1681 5532 igitur

112 5554 207 5595 ῖαι
232 5544 348 5597 iure
378 5548 561 5599 omnia
591 5547 1011 5605 dominationem
1037 5552 1342 5608 confitetur.
1367 5554 1474 5609 Cur
1501 5566 1677 5611 autem

112 5648 191 5683 wn
228 5638 369 5690 intra
416 5637 588 5705 ipsim
621 5641 804 5694 urbem
848 5641 934 5697 lux
971 5644 1116 5697 illum
1155 5645 1501 5701 circumfulsit
1526 5690 1540 5712 ,
1582 5650 1677 5705 sed

110 5736 207 5779 me
248 5728 436 5782 illan)"
478 5728 612 5795 Quia
646 5731 795 5785 multi
835 5750 939 5788 non
983 5736 1368 5804 credidissent,
1404 5740 1509 5793 imo
1539 5740 1678 5796 forte

108 5828 348 5886 “uasat,
381 5818 814 5891 qundoquidem
843 5835 894 5880 et
913 5843 1094 5897 supra,
1128 5832 1374 5887 emissam
1401 5833 1677 5893 audientes

1148 345 1213 399 ΙΝ
1255 344 1432 400 ACTA
1476 346 1998 405 APOS’I'OLORUM.
2040 355 2270 416 llOMlL.
2319 365 2455 421 XIX.

3365 408 3464 465 ςεςι

1886 482 2068 523 vocem
2097 474 2359 541 dicebant,
2389 483 2624 541 Tronitru
2648 508 2713 545 cs:
2743 498 2915 563 pluuii.
2950 504 3030 557 12.
3064 508 3152 579 29)
3185 533 3197 568 :
3231 516 3317 574 hic
3340 539 3465 580 vero

1886 560 1978 580 .2..-
2030 562 2059 580 ιο
2371 576 2380 580 -

2750 560 2756 563 '
3068 560 3150 579 "'I
3185 560 3197 568 '
3231 560 3317 574 --ιυ
3347 560 3462 580 *ιριυ

1881 560 1984 615 tide
2012 562 2199 632 dignus
2220 576 2474 631 eratdnm
2496 586 2724 641 mavime
2744 605 2838 645 sua
2865 601 3151 659 nuntiaret.
3180 608 3247 664 Et
3271 613 3462 683 ligatus

1881 650 2211 683 :nlnnrlnn..--
2251 676 2319 683 -_.
2550 674 2561 683 .
2696 681 2703 683 _

2982 650 3151 659 -.ν-,ευι
3183 650 3247 664 μιν
3271 650 3462 673 ιι¹⁷ιΙΙΙΙδ

1880 650 2213 714 introduCtus
2242 676 2344 729 est,
2380 686 2483 723 non
2514 674 2736 733 vinculis
2767 683 3061 759 impositis;
3095 710 3148 751 et
3177 657 3463 766 trahghant

1880 740 2020 766 mum
2086 763 2096 766 Α
2152 752 2162 761 .
2296 757 2325 766 ..

2843 740 2858 755 ι
2916 740 3061 759 νην,
3096 740 3148 751 ν.
3177 740 3456 766 "un-(uiuit

1877 740 2046 809 illum,
2074 752 2162 817 qui
2180 768 2242 807 'se
2258 757 2393 811 alios
2417 771 2705 824 tracturum
2728 780 2997 841 sperabat.
3021 786 3128 842 Cur
3148 803 3324 849 autem
3351 818 3456 856 non

1877 840 2215 900 manducavit
2248 866 2419 921 neque
2459 859 2621 915 bibit?
2646 865 2749 921 Sua
2783 884 2925 938 gesta
2954 877 3258 954 damnabat,
3289 912 3369 944 «σενι
3396 896 3458 949 fi-

1877 930 2068 954 ιΛΙηΑ-μκ
2234 943 2245 954 “
2520 953 2526 954 “

1876 930 2101 1002 chatur,
2134 943 2351 1011 orabat,
2387 953 2606 1020 rogabat
2646 959 2835 1019 Deum.
2864 967 2916 1022 Si
2949 987 3074 1026 vero
3114 980 3232 1049 quis
3260 984 3457 1045 dixerit

1876 1026 1970 1049 [ιιι.
2004 1046 2055 1049 -μ
2286 1040 2297 1049 '
2458 1046 2471 1049 ‘
2512 1048 2517 1049 ⁷

3155 1026 3232 1036 ’”·ν
3261 1026 3451 1045 νιουιιι

1872 1026 1972 1082 hoc
1993 1046 2059 1085 ex
2090 1040 2408 1098 necessitate
2446 1046 2613 1105 fuisse
2644 1052 2788 1125 (nam
2816 1071 2869 1115 et
2898 1026 3247 1137 Elymas‘lhoc
3279 1077 3451 1148 ipsum

1872 1132 2056 1148 nano-.5
2089 1135 2161 1148 -..ι
2192 1128 2248 1148 ΓΔ
2297 1142 2306 1148 .
2368 1134 2449 1148 .-ει
2484 1140 2492 1148 .

1869 1132 2057 1185 passus
2084 1135 2166 1180 est
2192 1128 2325 1199 [Act.
2360 1134 2449 1209 15]
2478 1140 2519 1208 ),
2548 1128 2991 1213 respondebimus
3017 1176 3030 1210 :
3063 1128 3241 1219 Etiam
3262 1128 3450 1237 passus

1865 1222 1980 1275 est,
2013 1217 2105 1270 sed
2130 1225 2344 1289 mansit,
2370 1239 2423 1282 ut
2445 1243 2578 1286 erat.
2605 1237 2883 1303 Quomodo
2909 1247 3069 1318 igitur
3098 1271 3201 1310 non
3234 1217 3453 1321 cinctus

1864 1310 1980 1359 est?
2012 1308 2213 1381 Ecquid
2238 1320 2405 1388 magis
2426 1337 2619 1394 cogere
2648 1341 2870 1401 poterat,
2903 1356 3060 1409 quam
3091 1355 3246 1405 terra:
3272 1368 3450 1413 motus

1862 1395 1914 1450 in
1943 1407 2336 1465 resurrectione
2365 1412 2537 1471 factus
2560 1461 2574 1483 ,
2606 1421 2735 1490 ipsis
2766 1428 3025 1489 militibus
3056 1443 3443 1515 nuntiantibus,

1862 1488 1974 1515 n'::n
2004 1498 2217 1515 .U..__.-,
2296 1502 2307 1514 ο
2387 1506 2397 1515 .
2636 1513 2645 1515 -

2628 1488 2639 1490 ν
3006 1488 3015 1489 ,

1858 1488 1976 1543 aliis
2004 1498 2223 1560 patratis
2264 1502 2466 1572 signis,
2510 1513 2647 1578 quod
2679 1516 2851 1585 ipsum
2892 1531 3253 1589 resurrexisse
3294 1538 3445 1594 vide-

1859 1585 2017 1637 rent?
2046 1589 2115 1641 At
2146 1606 2249 1645 non
2284 1595 2369 1648 illa
2399 1605 2771 1662 necessitatem
2804 1613 3076 1683 inducunt,
3102 1625 3193 1678 sed
3223 1627 3440 1689 docent.

1856 1671 1962 1728 Cur
1999 1675 2167 1734 Judaei
2213 1683 2326 1741 hare
2360 1690 2636 1749 audientes
2677 1714 2781 1755 non
2827 1708 3214 1769 crediderunt?

1854 1779 1987 1823 erat.
2022 1769 2167 1826 illum
2204 1790 2330 1831 vera
2358 1780 2557 1840 dicere.
2584 1788 2769 1861 Neque
2796 1800 2937 1852 enim
2966 1814 3201 1862 mutatus
3229 1810 3435 1881 fuisset,

1854 1859 1952 1881 ὠ,
1978 1859 2004 1881 ,ι
2023 1877 2038 1881 Α
2058 1878 2072 1881 ᾼ
2236 1870 2245 1880 .

2685 1859 2692 1861 ν
3149 1859 3193 1862 η-
3229 1859 3433 1881 --υνννἾ

1853 1859 1952 1914 nisi
1978 1859 2078 1917 hoc
2097 1870 2388 1938 evenisset;
2422 1886 2576 1948 atque
2596 1881 2665 1937 ita
2689 1900 2875 1943 omnes
2896 1896 3115 1953 credere
3135 1906 3433 1971 Oportebat.

1853 1950 1955 1971 R‘-s
2050 1957 2061 1967 '
2338 1966 2368 1971 “

3096 1950 3110 1953 ,
3140 1950 3217 1971 -r.
3241 1950 3433 1964 ---.,....

1849 1950 1962 2006 Non
1992 1957 2167 2012 minor
2194 1976 2306 2018 erat
2336 1966 2421 2032 iis,
2449 1973 2537 2039 qui
2561 1982 3010 2041 resurrectionem
3039 1989 3153 2059 ejus
3180 1996 3438 2063 prmdica-

1852 2042 1971 2063 ,___
2043 2047 2054 2058 .
2199 2054 2223 2063 ..
2250 2054 2260 2063 .
2340 2057 2373 2063 --

1850 2042 2006 2108 bant,
2042 2047 2149 2104 imo
2194 2054 2296 2109 fide
2322 2057 2532 2129 dignior
2567 2069 2652 2134 qui
2684 2084 2905 2138 repente
2935 2042 3223 2138 conversus
3263 2101 3429 2147 esset.

1845 2133 1958 2190 Non
1987 2154 2105 2193 cum
2146 2144 2299 2201 fidele
2323 2154 2570 2221 quapiam
2603 2172 2844 2218 versatus
2885 2166 3094 2239 fuerat,
3125 2177 3218 2230 scd
3245 2180 3296 2231 iu
3331 2184 3431 2235 Da.

1846 2244 2025 2285 masco
2044 2249 2334 2295 conversus
2354 2256 2454 2305 est,
2482 2249 2588 2301 imo
2608 2262 2730 2309 ante
2755 2256 3071 2318 Damascum
3097 2268 3195 2322 hoc
3212 2276 3424 2331 accidit.

1845 2320 2113 2396 Interrogo
2139 2330 2377 2389 Judaeum
2406 2357 2419 2392 :
2452 2340 2620 2407 Unde,
2651 2363 2851 2416 qumso,
2880 2370 3166 2416 conversus
3183 2378 3263 2420 est
3292 2369 3425 2425 Pau-

1840 2415 1959 2470 lus?
1990 2419 2091 2475 Tot
2133 2425 2282 2494 signa
2313 2430 2475 2497 vidit,
2511 2446 2563 2489 et
2608 2454 2901 2500 conversus
2934 2468 3036 2504 non
3071 2466 3155 2509 est
3192 2475 3202 2508 :
3237 2460 3426 2516 ductor

1836 2506 2204 2576 ejusmutatus
2221 2528 2301 2573 est
2322 2521 2401 2593 (α)
2421 2564 2435 2587 ,
2470 2537 2522 2580 et
2550 2526 2635 2583 ltic
2662 2545 2896 2591 mutatus
2924 2556 3027 2595 non
3061 2555 3143 2599 est
3167 2564 3180 2600 :
3200 2551 3316 2619 quis
3346 2555 3418 2608 illi

1840 2608 2122 2671 persuasit,
2154 2611 2261 2664 imo
2289 2617 2406 2682 quis
2433 2617 2504 2671 illi
2534 2629 2736 2678 tantum
2770 2644 2987 2698 repente
3016 2636 3231 2694 illllllisil
3258 2645 3421 2697 ardo—

1831 2799 1913 2842 est
1944 2807 2119 2847 rerum
2151 2799 2367 2855 veritas.
2398 2804 2502 2859 Sed
2524 2849 2536 2869 ,
2574 2818 2629 2862 ut
2662 2812 2773 2880 jam
2804 2814 2948 2883 dixi,
3000 2821 3209 2878 interim
3241 2843 3416 2884 eunu-

1828 2881 1984 2936 chum
2033 2885 2271 2945 videntes
2321 2894 2671 2953 illuminatum
2719 2913 2775 2958 et
2816 2907 3076 2977 legentem
3120 2917 3412 2976 erubesca-

1828 2988 1967 3029 mus.
2002 2976 2201 3034 Videtis
2225 3024 2240 3047 ,
2285 2984 2335 3038 in
2364 3001 2561 3055 quanta
2595 2998 2847 3062 potentia,
2876 2976 2933 3054 in
2962 3007 3175 3073 quantis
3211 3009 3412 3069 divitiis

1827 3080 2148 3137 versaretur,
2182 3091 2244 3130 ac
2283 3095 2453 3149 neque
2492 3085 2541 3137 in
2582 3088 2660 3140 via
2692 3091 3041 3158 quiescebat?
3069 3099 3252 3166 Qualis
3280 3119 3409 3174 ergo

1822 3171 1936 3215 erat
1959 3162 2124 3229 domi,
2148 3170 2237 3239 qui
2264 3188 2331 3228 ne
2353 3175 2403 3227 in
2435 3177 2516 3230 via
2540 3180 2754 3247 quidem
2778 3187 3075 3244 otiaretur?
3100 3194 3270 3262 qualis
3291 3208 3411 3252 erat

1823 3252 1874 3306 in
1906 3259 2105 3313 nocte?

1891 3347 1944 3399 4.
1978 3348 2249 3422 Quotquot
2274 3355 2324 3411 in
2356 3357 2701 3429 dignitatibus
2728 3370 2885 3433 estis,
2918 3374 3117 3440 audite,
3151 3387 3204 3433 et
3232 3380 3407 3435 imite—

1819 3438 1947 3493 mini
1981 3441 2332 3503 humilitatem
2369 3460 2423 3506 ct
2452 3455 2866 3522 pietatem..Etsi
2905 3465 3122 3523 domum
3163 3483 3405 3529 reverte-

1818 3540 1982 3594 retur,
2017 3549 2121 3589 non
2163 3538 2374 3595 dicebat
2412 3542 2546 3599 intra
2580 3553 2967 3620 semetipsum:
2999 3557 3181 3616 Redeo
3220 3563 3272 3617 in
3304 3581 3405 3634 pa-

1817 3624 2009 3690 triam,
2054 3626 2123 3681 ibi
2173 3630 2383 3688 lavacro
2429 3646 2571 3703 utar;
2617 3650 2674 3695 ut
2712 3656 2836 3698 sunt
2876 3646 3064 3718 frigida
3111 3655 3399 3712 multorum

1814 3717 1996 3771 verba.
2033 3719 2145 3774 Non
2173 3738 2307 3791 opus
2327 3725 2507 3783 habuit
2532 3734 2699 3803 signis
2726 3754 2824 3792 nec
2853 3742 3122 3799 miraculis
3152 3765 3164 3799 :
3198 3763 3258 3803 ex
3286 3753 3402 3806 solo

1813 3809 2068 3878 propheta
2115 3816 2362 3871 credidit.
2398 3820 2601 3878 Idcirco
2629 3829 2861 3898 seipsum
2894 3834 3132 3903 deplorat
3168 3840 3359 3897 Paulus
3381 3887 3395 3906 ,

1810 3901 2033 3957 dicens:
2066 3905 2173 3960 Sed
2201 3910 2596 3970 misericordiam
2626 3918 2723 3973 Dei
2750 3940 3080 3995 consequutus
3117 3950 3247 4001 sum,
3280 3939 3399 4004 quia

1810 3994 2049 4063 ignorans
2078 4001 2174 4069 feci
2197 4002 2250 4054 in
2279 4004 2662 4077 incredulitate,
2692 4024 2740 4065 et
2767 4026 2819 4067 ut
2844 4018 2895 4069 in
2931 4036 3008 4072 me
3040 4024 3201 4090 primo
3228 4037 3393 4081 osten~

1809 4086 1944 4140 deret
1968 4088 2119 4144 Jesus
2146 4091 2373 4149 Christus
2398 4114 2595 4152 omnem
2625 4106 2917 4170 patientiam
2949 4086 3189 4179 (L'Tim.
3219 4117 3269 4169 l.
3302 4118 3391 4172 15.

1809 4178 1921 4250 16).
1956 4182 2155 4252 Dignus
2184 4200 2331 4243 certe
2355 4190 2710 4251 admiratione
2734 4210 2816 4253 est
2842 4200 2928 4255 hic
2950 4178 3247 4262 etniuchus.
3276 4209 3391 4265 Non

1808 4273 1935 4326 vidit
1961 4274 2253 4342 Christum,
2286 4297 2389 4336 non
2423 4285 2778 4359 viditsignum
2806 4309 2819 4343 :
2854 4293 3026 4350 adhuc
3052 4307 3280 4354 stantem
3304 4300 3393 4356 Je-

1805 4366 2126 4436 rosolymam
2156 4371 2393 4439 videbat,
2425 4384 2478 4429 et
2507 4379 2757 4435 credebat
2786 4383 3047 4455 Philippo.
3083 4386 3234 4444 Unde
3262 4406 3392 4461 ergo

1805 4458 1924 4511 talis
1952 4460 2173 4517 eﬂ'ectus
2196 4467 2317 4519 est?
2344 4469 2579 4523 Sollicita
2613 4484 2729 4527 erat
2752 4477 2925 4532 anima
2958 4480 3119 4548 illius,
3149 4485 3392 4541 attende-

1804 4549 1892 4603 bat
1921 4552 2229 4623 Scripturis,
2264 4559 2580 4617 lectionibus
2611 4581 2829 4635 operam
2855 4571 3035 4626 dabat.
3065 4576 3224 4645 Atqui
3251 4577 3389 4632 latro

1801 4643 1927 4696 vidit
1955 4644 2125 4713 signa,
2159 4659 2211 4703 et
2240 4652 2375 4721 magi
2404 4655 2645 4720 stellam;
2680 4659 2765 4713 hic
2793 4677 2919 4716 vero
2947 4664 3073 4718 nihil
3104 4667 3211 4722 tale
3233 4669 3385 4736 vidit,

1799 4744 1853 4786 et
1881 4736 2107 4791 credidit
2140 4756 2154 4795 :
2185 4756 2352 4809 usque
2382 4745 2518 4799 adeo
2556 4750 2697 4803 utilis
2741 4763 2824 4806 est
2866 4754 3263 4825 Scripturarum
3311 4761 3388 4815 le-

1797 4824 1923 4877 ctio.
1946 4826 2081 4892 Quid
2102 4845 2202 4899 ego
2227 4833 2418 4888 l’aulus
2435 4836 2458 4889 ?
2478 4854 2654 4892 annon
2679 4842 2849 4910 legem
2874 4848 3258 4905 meditabatur?
3278 4852 3383 4907 Sed

1799 4917 1927 4971 mihi
1957 4921 2166 4977 videtur
2197 4925 2282 4981 hic
2306 4931 2550 4984 consulto
2581 4946 2884 4989 reservatus
2906 4954 3024 4994 esse
3053 4953 3268 5011 propter
3294 4961 3379 5011 ea,

1796 5025 1916 5077 qua:
1944 5013 2091 5081 prius
2120 5015 2252 5079 dixi,
2285 5019 2424 5085 quod
2457 5022 2687 5091 undique
2716 5027 2872 5080 vellet
2896 5028 3109 5085 Jttdal‘OS
3132 5034 3380 5089 Christus

1795 5102 2083 5158 attrahere.
2110 5104 2239 5160 Nam
2260 5108 2302 5161 si
2326 5122 2503 5166 mente
2520 5115 2829 5179 valuissent,
2852 5118 2981 5172 nihil
3001 5121 3129 5189 ipsis
3157 5126 3379 5192 perinde

1794 5202 1953 5263 atque
1979 5195 2079 5251 hoc
2110 5199 2239 5253 utile
2272 5200 2478 5256 fuisset.
2513 5204 2623 5257 Hoc
2644 5207 2785 5261 enim
2818 5210 2934 5277 plus
2964 5228 3120 5279 quam
3152 5216 3299 5286 signa
3321 5230 3381 5278 et

1793 5284 1893 5337 alia
1940 5288 2115 5341 omnia
2166 5300 2373 5357 poterat
2420 5292 2544 5349 illos
2580 5298 2889 5355 attrahere:
2924 5284 3378 5372 quemadmodum

1794 5375 1922 5430 nihil
1954 5377 2023 5432 ita
2050 5380 2186 5435 solet
2211 5384 2561 5441 crassioribus
2585 5387 2907 5446 offendicula
2935 5410 3074 5451 esse.
3109 5396 3243 5456 Vide
3271 5402 3375 5457 ila-

1790 5486 1895 5539 que
1930 5484 2049 5541 post
2086 5475 2475 5543 dispersionem
2516 5486 2880 5551 apostolorum
2913 5491 3076 5546 Deum
3108 5496 3271 5551 edere
3301 5502 3377 5550 si-

1786 5576 1911 5630 gna.
1946 5562 2375 5624 Criminabantur
2404 5569 2572 5628 Judtei
2602 5580 2895 5649 apostolos,
2926 5584 3284 5654 conjiciebaut
3313 5590 3366 5641 in

1850 5721 1922 5782 (α)
1950 5718 2133 5797 Doctor
2168 5725 2295 5775 Pauli
2322 5726 2555 5797 Gamaliel
2582 5742 2792 5797 mutatus
2815 5736 2961 5787 tuisse
2985 5739 3173 5793 dicitur.
3202 5750 3252 5787 ut
3279 5756 3364 5797 tm-

1787 5791 1854 5841 to,
1879 5786 1991 5859 quia
2014 5783 2211 5859 udaeos
2233 5795 2486 5849 repressit,
2513 5807 2575 5842 ne
2604 5796 2651 5843 in
2672 5783 2965 5848 Christianos
2985 5783 3229 5859 saevucitt,
3250 5783 3362 5849 diuo

1787 5845 1957 5896 Paulus
1979 5846 2088 5908 plus
2111 5864 2257 5915 quam
2279 5845 2451 5905 omnes
2472 5845 2671 5908 Sat-viret
2695 5860 2741 5909 in
2766 5860 2888 5909 illos.
