  <div class='ocr_page' id='page_1' title='image "/cluster/home/n/w/nwhite01/storage/ocr_20150623/60/hvd.32044073501942/161.png"; bbox 0 0 4014 6218; ppageno 0'>
   <div class='ocr_carea' id='block_1_1' title="bbox 510 334 616 390">
    <p class='ocr_par' dir='ltr' id='par_1_1' title="bbox 510 334 616 390">
     <span class='ocr_line' id='line_1_1' title="bbox 510 334 616 390; baseline 0.019 -2"><span class='ocrx_word' id='word_1_1' title='bbox 510 334 616 390; x_wconf 72' lang='grc'><strong>155</strong></span> 
     </span>
    </p>
   </div>
   <div class='ocr_carea' id='block_1_2' title="bbox 492 441 2086 512">
    <p class='ocr_par' dir='ltr' id='par_1_2' title="bbox 492 441 2086 512">
     <span class='ocr_line' id='line_1_2' title="bbox 492 441 2086 512; baseline -0.007 -11"><span class='ocrx_word' id='word_1_2' title='bbox 492 460 781 503; x_wconf 68' lang='lat' dir='ltr'><strong>ocarcerem</strong></span> <span class='ocrx_word' id='word_1_3' title='bbox 809 464 823 498; x_wconf 92' lang='lat'><strong>:</strong></span> <span class='ocrx_word' id='word_1_4' title='bbox 849 442 1065 499; x_wconf 83' lang='lat' dir='ltr'><strong>demum</strong></span> <span class='ocrx_word' id='word_1_5' title='bbox 1096 442 1237 496; x_wconf 90' lang='lat' dir='ltr'><strong>Deus</strong></span> <span class='ocrx_word' id='word_1_6' title='bbox 1261 441 1515 497; x_wconf 89' lang='lat' dir='ltr'><strong>miracula</strong></span> <span class='ocrx_word' id='word_1_7' title='bbox 1543 443 1670 497; x_wconf 91' lang='lat' dir='ltr'><strong>edit.</strong></span> <span class='ocrx_word' id='word_1_8' title='bbox 1706 444 1767 496; x_wconf 79' lang='lat' dir='ltr'><strong>Et</strong></span> <span class='ocrx_word' id='word_1_9' title='bbox 1796 442 2086 512; x_wconf 86' lang='lat' dir='ltr'><strong>quomodo,</strong></span> 
     </span>
    </p>
   </div>
   <div class='ocr_carea' id='block_1_3' title="bbox 512 524 2095 602">
    <p class='ocr_par' dir='ltr' id='par_1_3' title="bbox 512 524 2095 602">
     <span class='ocr_line' id='line_1_3' title="bbox 512 524 2095 602; baseline -0.001 -13"><span class='ocrx_word' id='word_1_10' title='bbox 512 538 652 590; x_wconf 82' lang='lat' dir='ltr'><strong>vide.</strong></span> <span class='ocrx_word' id='word_1_11' title='bbox 681 534 926 588; x_wconf 85' lang='lat' dir='ltr'><strong>Educere</strong></span> <span class='ocrx_word' id='word_1_12' title='bbox 949 546 1013 586; x_wconf 80' lang='lat' dir='ltr'><strong>ex</strong></span> <span class='ocrx_word' id='word_1_13' title='bbox 1035 546 1272 599; x_wconf 82' lang='lat' dir='ltr'><strong>carcere,</strong></span> <span class='ocrx_word' id='word_1_14' title='bbox 1296 533 1413 602; x_wconf 84' lang='lat' dir='ltr'><strong>ejus</strong></span> <span class='ocrx_word' id='word_1_15' title='bbox 1431 534 1641 602; x_wconf 87' lang='lat' dir='ltr'><strong>signum</strong></span> <span class='ocrx_word' id='word_1_16' title='bbox 1665 543 1778 587; x_wconf 86' lang='lat' dir='ltr'><strong>erat</strong></span> <span class='ocrx_word' id='word_1_17' title='bbox 1799 524 1827 598; x_wconf 88' lang='lat'><strong>;</strong></span> <span class='ocrx_word' id='word_1_18' title='bbox 1844 533 2095 587; x_wconf 76' lang='lat' dir='ltr'><strong>inducere</strong></span> 
     </span>
    </p>
   </div>
   <div class='ocr_carea' id='block_1_4' title="bbox 500 624 2093 694">
    <p class='ocr_par' dir='ltr' id='par_1_4' title="bbox 500 624 2093 694">
     <span class='ocr_line' id='line_1_4' title="bbox 500 624 2093 694; baseline -0.003 -13"><span class='ocrx_word' id='word_1_19' title='bbox 500 627 845 694; x_wconf 75' lang='lat' dir='ltr'><strong>~l’hilippum,</strong></span> <span class='ocrx_word' id='word_1_20' title='bbox 878 624 995 692; x_wconf 90' lang='lat' dir='ltr'><strong>ejus</strong></span> <span class='ocrx_word' id='word_1_21' title='bbox 1040 624 1251 694; x_wconf 86' lang='lat' dir='ltr'><strong>signum</strong></span> <span class='ocrx_word' id='word_1_22' title='bbox 1280 635 1427 691; x_wconf 89' lang='lat' dir='ltr'><strong>erat;</strong></span> <span class='ocrx_word' id='word_1_23' title='bbox 1462 625 1681 679; x_wconf 83' lang='lat' dir='ltr'><strong>Paulum</strong></span> <span class='ocrx_word' id='word_1_24' title='bbox 1712 625 1935 685; x_wconf 79' lang='lat' dir='ltr'><strong>adduci.</strong></span> <span class='ocrx_word' id='word_1_25' title='bbox 1977 625 2093 693; x_wconf 80' lang='lat' dir='ltr'><strong>ejus</strong></span> 
     </span>
    </p>
   </div>
   <div class='ocr_carea' id='block_1_5' title="bbox 510 716 2094 792">
    <p class='ocr_par' dir='ltr' id='par_1_5' title="bbox 510 716 2094 792">
     <span class='ocr_line' id='line_1_5' title="bbox 510 716 2094 792; baseline -0.001 -20"><span class='ocrx_word' id='word_1_26' title='bbox 510 722 719 792; x_wconf 84' lang='lat' dir='ltr'><strong>signum</strong></span> <span class='ocrx_word' id='word_1_27' title='bbox 750 728 896 780; x_wconf 91' lang='lat' dir='ltr'><strong>erat;</strong></span> <span class='ocrx_word' id='word_1_28' title='bbox 931 718 1163 787; x_wconf 89' lang='lat' dir='ltr'><strong>seipsum</strong></span> <span class='ocrx_word' id='word_1_29' title='bbox 1196 716 1469 787; x_wconf 79' lang='lat' dir='ltr'><strong>Stephano</strong></span> <span class='ocrx_word' id='word_1_30' title='bbox 1506 718 1821 783; x_wconf 78' lang='lat' dir='ltr'><strong>ostendere,</strong></span> <span class='ocrx_word' id='word_1_31' title='bbox 1863 720 1980 786; x_wconf 86' lang='lat' dir='ltr'><strong>ejus</strong></span> <span class='ocrx_word' id='word_1_32' title='bbox 2018 719 2094 771; x_wconf 83' lang='lat' dir='ltr'><strong>si-</strong></span> 
     </span>
    </p>
   </div>
   <div class='ocr_carea' id='block_1_6' title="bbox 500 811 2090 883">
    <p class='ocr_par' dir='ltr' id='par_1_6' title="bbox 500 811 2090 883">
     <span class='ocr_line' id='line_1_6' title="bbox 500 811 2090 883; baseline 0 -20"><span class='ocrx_word' id='word_1_33' title='bbox 500 829 672 883; x_wconf 75' lang='lat' dir='ltr'><strong>gnum</strong></span> <span class='ocrx_word' id='word_1_34' title='bbox 692 820 828 868; x_wconf 90' lang='lat' dir='ltr'><strong>erat.</strong></span> <span class='ocrx_word' id='word_1_35' title='bbox 852 813 919 867; x_wconf 87' lang='lat' dir='ltr'><strong>Et</strong></span> <span class='ocrx_word' id='word_1_36' title='bbox 939 811 1237 875; x_wconf 89' lang='lat' dir='ltr'><strong>considera,</strong></span> <span class='ocrx_word' id='word_1_37' title='bbox 1266 812 1533 882; x_wconf 91' lang='lat' dir='ltr'><strong>quomodo</strong></span> <span class='ocrx_word' id='word_1_38' title='bbox 1560 812 1757 866; x_wconf 75' lang='lat' dir='ltr'><strong>Paulus</strong></span> <span class='ocrx_word' id='word_1_39' title='bbox 1782 812 2090 873; x_wconf 86' lang='lat' dir='ltr'><strong>honoretnr,</strong></span> 
     </span>
    </p>
   </div>
   <div class='ocr_carea' id='block_1_7' title="bbox 503 902 2095 974">
    <p class='ocr_par' dir='ltr' id='par_1_7' title="bbox 503 902 2095 974">
     <span class='ocr_line' id='line_1_7' title="bbox 503 902 2095 974; baseline -0.001 -17"><span class='ocrx_word' id='word_1_40' title='bbox 503 904 779 974; x_wconf 86' lang='lat' dir='ltr'><strong>quomodo</strong></span> <span class='ocrx_word' id='word_1_41' title='bbox 818 903 1115 959; x_wconf 87' lang='lat' dir='ltr'><strong>eunuchus.</strong></span> <span class='ocrx_word' id='word_1_42' title='bbox 1151 902 1244 958; x_wconf 88' lang='lat' dir='ltr'><strong>llic</strong></span> <span class='ocrx_word' id='word_1_43' title='bbox 1286 904 1527 958; x_wconf 76' lang='lat' dir='ltr'><strong>Christus</strong></span> <span class='ocrx_word' id='word_1_44' title='bbox 1564 913 1806 973; x_wconf 86' lang='lat' dir='ltr'><strong>apparet,</strong></span> <span class='ocrx_word' id='word_1_45' title='bbox 1852 902 1987 957; x_wconf 86' lang='lat' dir='ltr'><strong>forte</strong></span> <span class='ocrx_word' id='word_1_46' title='bbox 2026 902 2095 955; x_wconf 88' lang='lat' dir='ltr'><strong>ob</strong></span> 
     </span>
    </p>
   </div>
   <div class='ocr_carea' id='block_1_8' title="bbox 504 996 2095 1068">
    <p class='ocr_par' dir='ltr' id='par_1_8' title="bbox 504 996 2095 1068">
     <span class='ocr_line' id='line_1_8' title="bbox 504 996 2095 1068; baseline 0 -19"><span class='ocrx_word' id='word_1_47' title='bbox 504 998 760 1052; x_wconf 74' lang='lat' dir='ltr'><strong>duritiem</strong></span> <span class='ocrx_word' id='word_1_48' title='bbox 781 1040 796 1063; x_wconf 94' lang='lat'><strong>,</strong></span> <span class='ocrx_word' id='word_1_49' title='bbox 826 998 948 1068; x_wconf 86' lang='lat' dir='ltr'><strong>quia</strong></span> <span class='ocrx_word' id='word_1_50' title='bbox 980 998 1085 1052; x_wconf 90' lang='lat' dir='ltr'><strong>alio</strong></span> <span class='ocrx_word' id='word_1_51' title='bbox 1116 997 1276 1051; x_wconf 91' lang='lat' dir='ltr'><strong>modo</strong></span> <span class='ocrx_word' id='word_1_52' title='bbox 1300 1013 1404 1051; x_wconf 89' lang='lat' dir='ltr'><strong>non</strong></span> <span class='ocrx_word' id='word_1_53' title='bbox 1432 1011 1719 1066; x_wconf 74' lang='lat' dir='ltr'><strong>persuasus</strong></span> <span class='ocrx_word' id='word_1_54' title='bbox 1744 1005 1906 1051; x_wconf 81' lang='lat' dir='ltr'><strong>esset.</strong></span> <span class='ocrx_word' id='word_1_55' title='bbox 1935 996 1987 1049; x_wconf 91' lang='lat' dir='ltr'><strong>lu</strong></span> <span class='ocrx_word' id='word_1_56' title='bbox 2014 996 2095 1049; x_wconf 87' lang='lat' dir='ltr'><strong>his</strong></span> 
     </span>
    </p>
   </div>
   <div class='ocr_carea' id='block_1_9' title="bbox 512 1088 2095 1163">
    <p class='ocr_par' dir='ltr' id='par_1_9' title="bbox 512 1088 2095 1163">
     <span class='ocr_line' id='line_1_9' title="bbox 512 1088 2095 1163; baseline -0.003 -18"><span class='ocrx_word' id='word_1_57' title='bbox 512 1106 610 1147; x_wconf 89' lang='lat' dir='ltr'><strong>nos</strong></span> <span class='ocrx_word' id='word_1_58' title='bbox 637 1106 852 1163; x_wconf 88' lang='lat' dir='ltr'><strong>quoque</strong></span> <span class='ocrx_word' id='word_1_59' title='bbox 882 1090 1153 1145; x_wconf 74' lang='lat' dir='ltr'><strong>miraculis</strong></span> <span class='ocrx_word' id='word_1_60' title='bbox 1179 1098 1481 1156; x_wconf 78' lang='lat' dir='ltr'><strong>versantes,</strong></span> <span class='ocrx_word' id='word_1_61' title='bbox 1512 1104 1610 1144; x_wconf 91' lang='lat' dir='ltr'><strong>nos</strong></span> <span class='ocrx_word' id='word_1_62' title='bbox 1633 1089 1822 1158; x_wconf 83' lang='lat' dir='ltr'><strong>dignos</strong></span> <span class='ocrx_word' id='word_1_63' title='bbox 1842 1088 2095 1143; x_wconf 66' lang='lat' dir='ltr'><strong>exhibea-</strong></span> 
     </span>
    </p>
   </div>
   <div class='ocr_carea' id='block_1_10' title="bbox 510 1181 2096 1251">
    <p class='ocr_par' dir='ltr' id='par_1_10' title="bbox 510 1181 2096 1251">
     <span class='ocr_line' id='line_1_10' title="bbox 510 1181 2096 1251; baseline -0.004 -12"><span class='ocrx_word' id='word_1_64' title='bbox 510 1200 652 1241; x_wconf 89' lang='lat' dir='ltr'><strong>mus.</strong></span> <span class='ocrx_word' id='word_1_65' title='bbox 688 1185 834 1240; x_wconf 82' lang='lat' dir='ltr'><strong>Multi</strong></span> <span class='ocrx_word' id='word_1_66' title='bbox 865 1198 1037 1247; x_wconf 91' lang='lat' dir='ltr'><strong>nunc,</strong></span> <span class='ocrx_word' id='word_1_67' title='bbox 1067 1183 1228 1239; x_wconf 88' lang='lat' dir='ltr'><strong>etiam</strong></span> <span class='ocrx_word' id='word_1_68' title='bbox 1260 1183 1311 1236; x_wconf 92' lang='lat' dir='ltr'><strong>in</strong></span> <span class='ocrx_word' id='word_1_69' title='bbox 1339 1182 1620 1237; x_wconf 82' lang='lat' dir='ltr'><strong>ecclesiam</strong></span> <span class='ocrx_word' id='word_1_70' title='bbox 1654 1181 1875 1251; x_wconf 85' lang='lat' dir='ltr'><strong>ingrcssi</strong></span> <span class='ocrx_word' id='word_1_71' title='bbox 1898 1221 1912 1244; x_wconf 93' lang='lat'><strong>,</strong></span> <span class='ocrx_word' id='word_1_72' title='bbox 1947 1181 2096 1250; x_wconf 85' lang='lat' dir='ltr'><strong>igno-</strong></span> 
     </span>
    </p>
   </div>
   <div class='ocr_carea' id='block_1_11' title="bbox 512 1271 2093 1347">
    <p class='ocr_par' dir='ltr' id='par_1_11' title="bbox 512 1271 2093 1347">
     <span class='ocr_line' id='line_1_11' title="bbox 512 1271 2093 1347; baseline -0.003 -15"><span class='ocrx_word' id='word_1_73' title='bbox 512 1288 633 1332; x_wconf 87' lang='lat' dir='ltr'><strong>rant</strong></span> <span class='ocrx_word' id='word_1_74' title='bbox 658 1293 777 1347; x_wconf 74' lang='lat' dir='ltr'><strong>qua:</strong></span> <span class='ocrx_word' id='word_1_75' title='bbox 805 1276 1092 1333; x_wconf 88' lang='lat' dir='ltr'><strong>dicuntur:</strong></span> <span class='ocrx_word' id='word_1_76' title='bbox 1124 1274 1402 1330; x_wconf 90' lang='lat' dir='ltr'><strong>eunuchus</strong></span> <span class='ocrx_word' id='word_1_77' title='bbox 1426 1282 1604 1328; x_wconf 88' lang='lat' dir='ltr'><strong>autem</strong></span> <span class='ocrx_word' id='word_1_78' title='bbox 1631 1283 1685 1328; x_wconf 91' lang='lat' dir='ltr'><strong>et</strong></span> <span class='ocrx_word' id='word_1_79' title='bbox 1710 1274 1761 1328; x_wconf 92' lang='lat' dir='ltr'><strong>in</strong></span> <span class='ocrx_word' id='word_1_80' title='bbox 1787 1271 1927 1339; x_wconf 75' lang='lat' dir='ltr'><strong>foro,</strong></span> <span class='ocrx_word' id='word_1_81' title='bbox 1956 1282 2011 1327; x_wconf 90' lang='lat' dir='ltr'><strong>et</strong></span> <span class='ocrx_word' id='word_1_82' title='bbox 2040 1272 2093 1327; x_wconf 90' lang='lat' dir='ltr'><strong>in</strong></span> 
     </span>
    </p>
   </div>
   <div class='ocr_carea' id='block_1_12' title="bbox 514 1365 2093 1437">
    <p class='ocr_par' dir='ltr' id='par_1_12' title="bbox 514 1365 2093 1437">
     <span class='ocr_line' id='line_1_12' title="bbox 514 1365 2093 1437; baseline -0.003 -13"><span class='ocrx_word' id='word_1_83' title='bbox 514 1386 674 1424; x_wconf 89' lang='lat' dir='ltr'><strong>curru</strong></span> <span class='ocrx_word' id='word_1_84' title='bbox 706 1380 889 1423; x_wconf 85' lang='lat' dir='ltr'><strong>vectus</strong></span> <span class='ocrx_word' id='word_1_85' title='bbox 910 1410 927 1431; x_wconf 87' lang='lat'><em>.</em></span> <span class='ocrx_word' id='word_1_86' title='bbox 962 1368 1177 1424; x_wconf 84' lang='lat' dir='ltr'><strong>lectioni</strong></span> <span class='ocrx_word' id='word_1_87' title='bbox 1210 1368 1603 1437; x_wconf 90' lang='lat' dir='ltr'><strong>Scripturarum</strong></span> <span class='ocrx_word' id='word_1_88' title='bbox 1633 1366 1959 1421; x_wconf 83' lang='lat' dir='ltr'><strong>attendebat.</strong></span> <span class='ocrx_word' id='word_1_89' title='bbox 1989 1365 2093 1421; x_wconf 89' lang='lat' dir='ltr'><strong>Sed</strong></span> 
     </span>
    </p>
   </div>
   <div class='ocr_carea' id='block_1_13' title="bbox 517 1459 2097 1528">
    <p class='ocr_par' dir='ltr' id='par_1_13' title="bbox 517 1459 2097 1528">
     <span class='ocr_line' id='line_1_13' title="bbox 517 1459 2097 1528; baseline 0.001 -18"><span class='ocrx_word' id='word_1_90' title='bbox 517 1466 621 1511; x_wconf 47' lang='lat' dir='ltr'><strong>vos</strong></span> <span class='ocrx_word' id='word_1_91' title='bbox 643 1478 744 1513; x_wconf 91' lang='lat' dir='ltr'><strong>non</strong></span> <span class='ocrx_word' id='word_1_92' title='bbox 764 1461 902 1516; x_wconf 83' lang='lat' dir='ltr'><strong>item</strong></span> <span class='ocrx_word' id='word_1_93' title='bbox 928 1478 939 1512; x_wconf 92' lang='lat'><strong>:</strong></span> <span class='ocrx_word' id='word_1_94' title='bbox 970 1476 1127 1515; x_wconf 91' lang='lat' dir='ltr'><strong>nemo</strong></span> <span class='ocrx_word' id='word_1_95' title='bbox 1147 1460 1288 1515; x_wconf 90' lang='lat' dir='ltr'><strong>enim</strong></span> <span class='ocrx_word' id='word_1_96' title='bbox 1314 1469 1544 1513; x_wconf 77' lang='lat' dir='ltr'><strong>vestrum</strong></span> <span class='ocrx_word' id='word_1_97' title='bbox 1574 1459 1763 1513; x_wconf 87' lang='lat' dir='ltr'><strong>librum</strong></span> <span class='ocrx_word' id='word_1_98' title='bbox 1793 1474 1902 1528; x_wconf 65' lang='lat' dir='ltr'><strong>prae</strong></span> <span class='ocrx_word' id='word_1_99' title='bbox 1927 1460 2097 1513; x_wconf 87' lang='lat' dir='ltr'><strong>mani-</strong></span> 
     </span>
    </p>
   </div>
   <div class='ocr_carea' id='block_1_14' title="bbox 514 1551 2094 1621">
    <p class='ocr_par' dir='ltr' id='par_1_14' title="bbox 514 1551 2094 1621">
     <span class='ocr_line' id='line_1_14' title="bbox 514 1551 2094 1621; baseline -0.003 -14"><span class='ocrx_word' id='word_1_100' title='bbox 514 1552 614 1607; x_wconf 86' lang='lat' dir='ltr'><strong>bus</strong></span> <span class='ocrx_word' id='word_1_101' title='bbox 646 1552 837 1617; x_wconf 69' lang='lat' dir='ltr'><strong>ltabct,</strong></span> <span class='ocrx_word' id='word_1_102' title='bbox 884 1553 976 1607; x_wconf 86' lang='lat' dir='ltr'><strong>sed</strong></span> <span class='ocrx_word' id='word_1_103' title='bbox 1009 1552 1187 1606; x_wconf 85' lang='lat' dir='ltr'><strong>omnia</strong></span> <span class='ocrx_word' id='word_1_104' title='bbox 1221 1553 1394 1621; x_wconf 89' lang='lat' dir='ltr'><strong>potius</strong></span> <span class='ocrx_word' id='word_1_105' title='bbox 1422 1567 1581 1620; x_wconf 85' lang='lat' dir='ltr'><strong>quam</strong></span> <span class='ocrx_word' id='word_1_106' title='bbox 1614 1551 1828 1606; x_wconf 86' lang='lat' dir='ltr'><strong>librum.</strong></span> <span class='ocrx_word' id='word_1_107' title='bbox 1862 1551 1967 1605; x_wconf 91' lang='lat' dir='ltr'><strong>Cur</strong></span> <span class='ocrx_word' id='word_1_108' title='bbox 1998 1566 2094 1603; x_wconf 86' lang='lat' dir='ltr'><strong>au-</strong></span> 
     </span>
    </p>
   </div>
   <div class='ocr_carea' id='block_1_15' title="bbox 516 1642 2098 1713">
    <p class='ocr_par' dir='ltr' id='par_1_15' title="bbox 516 1642 2098 1713">
     <span class='ocr_line' id='line_1_15' title="bbox 516 1642 2098 1713; baseline -0.003 -16"><span class='ocrx_word' id='word_1_109' title='bbox 516 1654 624 1699; x_wconf 89' lang='lat' dir='ltr'><strong>tem</strong></span> <span class='ocrx_word' id='word_1_110' title='bbox 665 1661 769 1697; x_wconf 91' lang='lat' dir='ltr'><strong>non</strong></span> <span class='ocrx_word' id='word_1_111' title='bbox 802 1644 935 1698; x_wconf 88' lang='lat' dir='ltr'><strong>vidit</strong></span> <span class='ocrx_word' id='word_1_112' title='bbox 964 1643 1112 1697; x_wconf 93' lang='lat' dir='ltr'><strong>illum</strong></span> <span class='ocrx_word' id='word_1_113' title='bbox 1141 1653 1265 1697; x_wconf 86' lang='lat' dir='ltr'><strong>ante</strong></span> <span class='ocrx_word' id='word_1_114' title='bbox 1292 1642 1680 1713; x_wconf 79' lang='lat' dir='ltr'><strong>Jerosolymam</strong></span> <span class='ocrx_word' id='word_1_115' title='bbox 1702 1683 1717 1707; x_wconf 98' lang='lat'><strong>,</strong></span> <span class='ocrx_word' id='word_1_116' title='bbox 1756 1642 1847 1696; x_wconf 91' lang='lat' dir='ltr'><strong>sed</strong></span> <span class='ocrx_word' id='word_1_117' title='bbox 1878 1643 2098 1712; x_wconf 89' lang='lat' dir='ltr'><strong>postea?</strong></span> 
     </span>
    </p>
   </div>
   <div class='ocr_carea' id='block_1_16' title="bbox 516 1735 2096 1807">
    <p class='ocr_par' dir='ltr' id='par_1_16' title="bbox 516 1735 2096 1807">
     <span class='ocr_line' id='line_1_16' title="bbox 516 1735 2096 1807; baseline -0.001 -16"><span class='ocrx_word' id='word_1_118' title='bbox 516 1737 629 1791; x_wconf 83' lang='lat' dir='ltr'><strong>Non</strong></span> <span class='ocrx_word' id='word_1_119' title='bbox 661 1738 937 1807; x_wconf 86' lang='lat' dir='ltr'><strong>oportebat</strong></span> <span class='ocrx_word' id='word_1_120' title='bbox 961 1738 1107 1792; x_wconf 87' lang='lat' dir='ltr'><strong>illum</strong></span> <span class='ocrx_word' id='word_1_121' title='bbox 1142 1737 1322 1793; x_wconf 87' lang='lat' dir='ltr'><strong>videre</strong></span> <span class='ocrx_word' id='word_1_122' title='bbox 1354 1736 1533 1805; x_wconf 89' lang='lat' dir='ltr'><strong>pulsos</strong></span> <span class='ocrx_word' id='word_1_123' title='bbox 1556 1736 1845 1805; x_wconf 83' lang='lat' dir='ltr'><strong>apostolos.</strong></span> <span class='ocrx_word' id='word_1_124' title='bbox 1871 1750 1938 1788; x_wconf 87' lang='lat' dir='ltr'><strong>eo</strong></span> <span class='ocrx_word' id='word_1_125' title='bbox 1958 1735 2096 1805; x_wconf 88' lang='lat' dir='ltr'><strong>quod</strong></span> 
     </span>
    </p>
   </div>
   <div class='ocr_carea' id='block_1_17' title="bbox 516 1826 2096 1898">
    <p class='ocr_par' dir='ltr' id='par_1_17' title="bbox 516 1826 2096 1898">
     <span class='ocr_line' id='line_1_17' title="bbox 516 1826 2096 1898; baseline -0.001 -17"><span class='ocrx_word' id='word_1_126' title='bbox 516 1830 693 1883; x_wconf 89' lang='lat' dir='ltr'><strong>adhuc</strong></span> <span class='ocrx_word' id='word_1_127' title='bbox 720 1830 961 1883; x_wconf 89' lang='lat' dir='ltr'><strong>inﬁrmus</strong></span> <span class='ocrx_word' id='word_1_128' title='bbox 984 1837 1125 1883; x_wconf 83' lang='lat' dir='ltr'><strong>esset</strong></span> <span class='ocrx_word' id='word_1_129' title='bbox 1152 1847 1165 1882; x_wconf 88' lang='lat'><strong>:</strong></span> <span class='ocrx_word' id='word_1_130' title='bbox 1208 1844 1382 1898; x_wconf 86' lang='lat' dir='ltr'><strong>neque</strong></span> <span class='ocrx_word' id='word_1_131' title='bbox 1410 1828 1461 1881; x_wconf 88' lang='lat' dir='ltr'><strong>id</strong></span> <span class='ocrx_word' id='word_1_132' title='bbox 1486 1837 1640 1882; x_wconf 91' lang='lat' dir='ltr'><strong>antea</strong></span> <span class='ocrx_word' id='word_1_133' title='bbox 1671 1829 1740 1881; x_wconf 91' lang='lat' dir='ltr'><strong>ita</strong></span> <span class='ocrx_word' id='word_1_134' title='bbox 1768 1826 1923 1881; x_wconf 81' lang='lat' dir='ltr'><strong>facile</strong></span> <span class='ocrx_word' id='word_1_135' title='bbox 1949 1837 2064 1881; x_wconf 91' lang='lat' dir='ltr'><strong>erat</strong></span> <span class='ocrx_word' id='word_1_136' title='bbox 2083 1868 2096 1891; x_wconf 92' lang='lat'><strong>,</strong></span> 
     </span>
    </p>
   </div>
   <div class='ocr_carea' id='block_1_18' title="bbox 519 1916 2100 1990">
    <p class='ocr_par' dir='ltr' id='par_1_18' title="bbox 519 1916 2100 1990">
     <span class='ocr_line' id='line_1_18' title="bbox 519 1916 2100 1990; baseline -0.001 -17"><span class='ocrx_word' id='word_1_137' title='bbox 519 1929 578 1975; x_wconf 91' lang='lat' dir='ltr'><strong>ut</strong></span> <span class='ocrx_word' id='word_1_138' title='bbox 598 1935 719 1976; x_wconf 84' lang='lat' dir='ltr'><strong>cum</strong></span> <span class='ocrx_word' id='word_1_139' title='bbox 754 1919 1011 1990; x_wconf 85' lang='lat' dir='ltr'><strong>propheta</strong></span> <span class='ocrx_word' id='word_1_140' title='bbox 1043 1920 1192 1974; x_wconf 88' lang='lat' dir='ltr'><strong>illum</strong></span> <span class='ocrx_word' id='word_1_141' title='bbox 1217 1918 1464 1974; x_wconf 85' lang='lat' dir='ltr'><strong>erudivit.</strong></span> <span class='ocrx_word' id='word_1_142' title='bbox 1494 1916 1583 1974; x_wconf 88' lang='lat' dir='ltr'><strong>Sic</strong></span> <span class='ocrx_word' id='word_1_143' title='bbox 1620 1927 1676 1973; x_wconf 91' lang='lat' dir='ltr'><strong>et</strong></span> <span class='ocrx_word' id='word_1_144' title='bbox 1703 1933 1875 1984; x_wconf 89' lang='lat' dir='ltr'><strong>nunc,</strong></span> <span class='ocrx_word' id='word_1_145' title='bbox 1906 1918 1951 1973; x_wconf 91' lang='lat' dir='ltr'><strong>si</strong></span> <span class='ocrx_word' id='word_1_146' title='bbox 1979 1918 2100 1987; x_wconf 89' lang='lat' dir='ltr'><strong>quis</strong></span> 
     </span>
    </p>
   </div>
   <div class='ocr_carea' id='block_1_19' title="bbox 517 2010 2103 2082">
    <p class='ocr_par' dir='ltr' id='par_1_19' title="bbox 517 2010 2103 2082">
     <span class='ocr_line' id='line_1_19' title="bbox 517 2010 2103 2082; baseline 0 -17"><span class='ocrx_word' id='word_1_147' title='bbox 517 2022 753 2067; x_wconf 82' lang='lat' dir='ltr'><strong>vestrum</strong></span> <span class='ocrx_word' id='word_1_148' title='bbox 783 2012 895 2067; x_wconf 88' lang='lat' dir='ltr'><strong>vult</strong></span> <span class='ocrx_word' id='word_1_149' title='bbox 936 2011 1215 2067; x_wconf 88' lang='lat' dir='ltr'><strong>attendere</strong></span> <span class='ocrx_word' id='word_1_150' title='bbox 1247 2012 1553 2082; x_wconf 88' lang='lat' dir='ltr'><strong>pr0phetis.</strong></span> <span class='ocrx_word' id='word_1_151' title='bbox 1591 2027 1696 2066; x_wconf 92' lang='lat' dir='ltr'><strong>non</strong></span> <span class='ocrx_word' id='word_1_152' title='bbox 1726 2026 1861 2082; x_wconf 91' lang='lat' dir='ltr'><strong>opus</strong></span> <span class='ocrx_word' id='word_1_153' title='bbox 1886 2010 2103 2066; x_wconf 85' lang='lat' dir='ltr'><strong>habebit</strong></span> 
     </span>
    </p>
   </div>
   <div class='ocr_carea' id='block_1_20' title="bbox 517 2103 2100 2175">
    <p class='ocr_par' dir='ltr' id='par_1_20' title="bbox 517 2103 2100 2175">
     <span class='ocr_line' id='line_1_20' title="bbox 517 2103 2100 2175; baseline -0.001 -18"><span class='ocrx_word' id='word_1_154' title='bbox 517 2105 702 2174; x_wconf 80' lang='lat' dir='ltr'><strong>signis.</strong></span> <span class='ocrx_word' id='word_1_155' title='bbox 724 2104 804 2158; x_wconf 66' lang='lat' dir='ltr'><strong>Et</strong></span> <span class='ocrx_word' id='word_1_156' title='bbox 831 2105 873 2158; x_wconf 93' lang='lat' dir='ltr'><strong>si</strong></span> <span class='ocrx_word' id='word_1_157' title='bbox 901 2104 1061 2158; x_wconf 86' lang='lat' dir='ltr'><strong>vultis</strong></span> <span class='ocrx_word' id='word_1_158' title='bbox 1088 2104 1383 2168; x_wconf 86' lang='lat' dir='ltr'><strong>videamus,</strong></span> <span class='ocrx_word' id='word_1_159' title='bbox 1414 2104 1539 2175; x_wconf 90' lang='lat' dir='ltr'><strong>quid</strong></span> <span class='ocrx_word' id='word_1_160' title='bbox 1573 2105 1684 2174; x_wconf 91' lang='lat' dir='ltr'><strong>ipsa</strong></span> <span class='ocrx_word' id='word_1_161' title='bbox 1711 2103 1986 2175; x_wconf 88' lang='lat' dir='ltr'><strong>pr0phetia</strong></span> <span class='ocrx_word' id='word_1_162' title='bbox 2014 2103 2100 2157; x_wconf 89' lang='lat' dir='ltr'><strong>di-</strong></span> 
     </span>
    </p>
   </div>
   <div class='ocr_carea' id='block_1_21' title="bbox 517 2197 2105 2264">
    <p class='ocr_par' dir='ltr' id='par_1_21' title="bbox 517 2197 2105 2264">
     <span class='ocr_line' id='line_1_21' title="bbox 517 2197 2105 2264; baseline 0.001 -15"><span class='ocrx_word' id='word_1_163' title='bbox 517 2211 640 2252; x_wconf 83' lang='lat' dir='ltr'><strong>cat:</strong></span> <span class='ocrx_word' id='word_1_164' title='bbox 676 2198 822 2253; x_wconf 81' lang='lat' dir='ltr'><strong>Sicut</strong></span> <span class='ocrx_word' id='word_1_165' title='bbox 852 2199 956 2254; x_wconf 88' lang='lat' dir='ltr'><strong>ovis</strong></span> <span class='ocrx_word' id='word_1_166' title='bbox 976 2198 1047 2250; x_wconf 89' lang='lat' dir='ltr'><strong>ad</strong></span> <span class='ocrx_word' id='word_1_167' title='bbox 1076 2200 1376 2252; x_wconf 77' lang='lat' dir='ltr'><strong>occisionem</strong></span> <span class='ocrx_word' id='word_1_168' title='bbox 1405 2197 1585 2252; x_wconf 86' lang='lat' dir='ltr'><strong>ductus</strong></span> <span class='ocrx_word' id='word_1_169' title='bbox 1609 2208 1715 2264; x_wconf 87' lang='lat' dir='ltr'><strong>est,</strong></span> <span class='ocrx_word' id='word_1_170' title='bbox 1747 2207 1792 2251; x_wconf 87' lang='lat' dir='ltr'><strong>et</strong></span> <span class='ocrx_word' id='word_1_171' title='bbox 1820 2199 1874 2251; x_wconf 86' lang='lat' dir='ltr'><strong>in</strong></span> <span class='ocrx_word' id='word_1_172' title='bbox 1897 2197 2105 2251; x_wconf 78' lang='lat' dir='ltr'><strong>Immiti-</strong></span> 
     </span>
    </p>
   </div>
   <div class='ocr_carea' id='block_1_22' title="bbox 520 2290 2100 2361">
    <p class='ocr_par' dir='ltr' id='par_1_22' title="bbox 520 2290 2100 2361">
     <span class='ocr_line' id='line_1_22' title="bbox 520 2290 2100 2361; baseline 0.003 -20"><span class='ocrx_word' id='word_1_173' title='bbox 520 2300 619 2344; x_wconf 83' lang='lat' dir='ltr'><strong>tate</strong></span> <span class='ocrx_word' id='word_1_174' title='bbox 636 2292 742 2360; x_wconf 86' lang='lat' dir='ltr'><strong>cjus</strong></span> <span class='ocrx_word' id='word_1_175' title='bbox 759 2290 1017 2361; x_wconf 75' lang='lat' dir='ltr'><strong>judicium</strong></span> <span class='ocrx_word' id='word_1_176' title='bbox 1045 2293 1153 2360; x_wconf 83' lang='lat' dir='ltr'><strong>ejus</strong></span> <span class='ocrx_word' id='word_1_177' title='bbox 1178 2290 1432 2345; x_wconf 87' lang='lat' dir='ltr'><strong>sublatum</strong></span> <span class='ocrx_word' id='word_1_178' title='bbox 1460 2300 1549 2344; x_wconf 85' lang='lat' dir='ltr'><strong>est.</strong></span> <span class='ocrx_word' id='word_1_179' title='bbox 1577 2290 1709 2344; x_wconf 85' lang='lat' dir='ltr'><strong>llinc</strong></span> <span class='ocrx_word' id='word_1_180' title='bbox 1729 2290 1933 2356; x_wconf 88' lang='lat' dir='ltr'><strong>didicit,</strong></span> <span class='ocrx_word' id='word_1_181' title='bbox 1960 2290 2100 2360; x_wconf 90' lang='lat' dir='ltr'><strong>qttod</strong></span> 
     </span>
    </p>
   </div>
   <div class='ocr_carea' id='block_1_23' title="bbox 521 2381 2102 2452">
    <p class='ocr_par' dir='ltr' id='par_1_23' title="bbox 521 2381 2102 2452">
     <span class='ocr_line' id='line_1_23' title="bbox 521 2381 2102 2452; baseline 0.001 -16"><span class='ocrx_word' id='word_1_182' title='bbox 521 2383 805 2437; x_wconf 84' lang='lat' dir='ltr'><strong>cruciﬁxus</strong></span> <span class='ocrx_word' id='word_1_183' title='bbox 834 2383 922 2446; x_wconf 89' lang='lat' dir='ltr'><strong>sit,</strong></span> <span class='ocrx_word' id='word_1_184' title='bbox 954 2382 1095 2450; x_wconf 86' lang='lat' dir='ltr'><strong>quod</strong></span> <span class='ocrx_word' id='word_1_185' title='bbox 1130 2382 1345 2437; x_wconf 88' lang='lat' dir='ltr'><strong>tollatur</strong></span> <span class='ocrx_word' id='word_1_186' title='bbox 1370 2382 1436 2437; x_wconf 91' lang='lat' dir='ltr'><strong>de</strong></span> <span class='ocrx_word' id='word_1_187' title='bbox 1466 2391 1609 2437; x_wconf 89' lang='lat' dir='ltr'><strong>terra</strong></span> <span class='ocrx_word' id='word_1_188' title='bbox 1640 2383 1745 2436; x_wconf 88' lang='lat' dir='ltr'><strong>vita</strong></span> <span class='ocrx_word' id='word_1_189' title='bbox 1775 2382 1891 2451; x_wconf 88' lang='lat' dir='ltr'><strong>ejus</strong></span> <span class='ocrx_word' id='word_1_190' title='bbox 1914 2423 1928 2443; x_wconf 84' lang='lat'><strong>,</strong></span> <span class='ocrx_word' id='word_1_191' title='bbox 1962 2381 2102 2452; x_wconf 92' lang='lat' dir='ltr'><strong>quod</strong></span> 
     </span>
    </p>
   </div>
   <div class='ocr_carea' id='block_1_24' title="bbox 522 2473 2101 2544">
    <p class='ocr_par' dir='ltr' id='par_1_24' title="bbox 522 2473 2101 2544">
     <span class='ocr_line' id='line_1_24' title="bbox 522 2473 2101 2544; baseline 0.004 -20"><span class='ocrx_word' id='word_1_192' title='bbox 522 2482 795 2544; x_wconf 71' lang='lat' dir='ltr'><strong>peccatum</strong></span> <span class='ocrx_word' id='word_1_193' title='bbox 830 2490 933 2528; x_wconf 88' lang='lat' dir='ltr'><strong>neu</strong></span> <span class='ocrx_word' id='word_1_194' title='bbox 963 2473 1171 2540; x_wconf 79' lang='lat' dir='ltr'><strong>fecerit,</strong></span> <span class='ocrx_word' id='word_1_195' title='bbox 1201 2474 1340 2543; x_wconf 89' lang='lat' dir='ltr'><strong>quod</strong></span> <span class='ocrx_word' id='word_1_196' title='bbox 1374 2477 1606 2544; x_wconf 90' lang='lat' dir='ltr'><strong>potuerit</strong></span> <span class='ocrx_word' id='word_1_197' title='bbox 1634 2484 1687 2529; x_wconf 91' lang='lat' dir='ltr'><strong>et</strong></span> <span class='ocrx_word' id='word_1_198' title='bbox 1710 2475 1845 2529; x_wconf 88' lang='lat' dir='ltr'><strong>alios</strong></span> <span class='ocrx_word' id='word_1_199' title='bbox 1865 2489 2101 2540; x_wconf 87' lang='lat' dir='ltr'><strong>servare,</strong></span> 
     </span>
    </p>
   </div>
   <div class='ocr_carea' id='block_1_25' title="bbox 521 2566 2105 2638">
    <p class='ocr_par' dir='ltr' id='par_1_25' title="bbox 521 2566 2105 2638">
     <span class='ocr_line' id='line_1_25' title="bbox 521 2566 2105 2638; baseline 0.004 -22"><span class='ocrx_word' id='word_1_200' title='bbox 521 2566 663 2637; x_wconf 90' lang='lat' dir='ltr'><strong>quod</strong></span> <span class='ocrx_word' id='word_1_201' title='bbox 705 2568 982 2637; x_wconf 86' lang='lat' dir='ltr'><strong>generatio</strong></span> <span class='ocrx_word' id='word_1_202' title='bbox 1027 2567 1141 2637; x_wconf 86' lang='lat' dir='ltr'><strong>ejus</strong></span> <span class='ocrx_word' id='word_1_203' title='bbox 1186 2568 1257 2622; x_wconf 88' lang='lat' dir='ltr'><strong>sit</strong></span> <span class='ocrx_word' id='word_1_204' title='bbox 1299 2567 1704 2634; x_wconf 88' lang='lat' dir='ltr'><strong>inenarrabilis,</strong></span> <span class='ocrx_word' id='word_1_205' title='bbox 1752 2568 1896 2638; x_wconf 89' lang='lat' dir='ltr'><strong>quod</strong></span> <span class='ocrx_word' id='word_1_206' title='bbox 1938 2577 2105 2638; x_wconf 72' lang='lat' dir='ltr'><strong>petrae</strong></span> 
     </span>
    </p>
   </div>
   <div class='ocr_carea' id='block_1_26' title="bbox 518 2659 2106 2731">
    <p class='ocr_par' dir='ltr' id='par_1_26' title="bbox 518 2659 2106 2731">
     <span class='ocr_line' id='line_1_26' title="bbox 518 2659 2106 2731; baseline 0.001 -16"><span class='ocrx_word' id='word_1_207' title='bbox 518 2660 706 2715; x_wconf 60' lang='lat' dir='ltr'><strong>scissae</strong></span> <span class='ocrx_word' id='word_1_208' title='bbox 736 2660 865 2725; x_wconf 88' lang='lat' dir='ltr'><strong>sint,</strong></span> <span class='ocrx_word' id='word_1_209' title='bbox 889 2659 1031 2729; x_wconf 86' lang='lat' dir='ltr'><strong>quod</strong></span> <span class='ocrx_word' id='word_1_210' title='bbox 1060 2661 1237 2715; x_wconf 80' lang='lat' dir='ltr'><strong>velum</strong></span> <span class='ocrx_word' id='word_1_211' title='bbox 1267 2660 1491 2716; x_wconf 87' lang='lat' dir='ltr'><strong>scissum</strong></span> <span class='ocrx_word' id='word_1_212' title='bbox 1518 2661 1607 2723; x_wconf 85' lang='lat' dir='ltr'><strong>sit,</strong></span> <span class='ocrx_word' id='word_1_213' title='bbox 1639 2661 1782 2731; x_wconf 92' lang='lat' dir='ltr'><strong>quod</strong></span> <span class='ocrx_word' id='word_1_214' title='bbox 1812 2661 2009 2715; x_wconf 83' lang='lat' dir='ltr'><strong>mortui</strong></span> <span class='ocrx_word' id='word_1_215' title='bbox 2038 2675 2106 2716; x_wconf 79' lang='lat' dir='ltr'><strong>ex</strong></span> 
     </span>
    </p>
   </div>
   <div class='ocr_carea' id='block_1_27' title="bbox 523 2752 2108 2821">
    <p class='ocr_par' dir='ltr' id='par_1_27' title="bbox 523 2752 2108 2821">
     <span class='ocr_line' id='line_1_27' title="bbox 523 2752 2108 2821; baseline 0.003 -16"><span class='ocrx_word' id='word_1_216' title='bbox 523 2752 786 2821; x_wconf 85' lang='lat' dir='ltr'><strong>sepulcris</strong></span> <span class='ocrx_word' id='word_1_217' title='bbox 812 2754 1204 2808; x_wconf 77' lang='lat' dir='ltr'><strong>resurrexcriut</strong></span> <span class='ocrx_word' id='word_1_218' title='bbox 1230 2773 1243 2808; x_wconf 91' lang='lat'><strong>:</strong></span> <span class='ocrx_word' id='word_1_219' title='bbox 1278 2755 1385 2809; x_wconf 83' lang='lat' dir='ltr'><strong>imo</strong></span> <span class='ocrx_word' id='word_1_220' title='bbox 1410 2753 1524 2810; x_wconf 75' lang='lat' dir='ltr'><strong>lucc</strong></span> <span class='ocrx_word' id='word_1_221' title='bbox 1550 2756 1729 2810; x_wconf 88' lang='lat' dir='ltr'><strong>omnia</strong></span> <span class='ocrx_word' id='word_1_222' title='bbox 1752 2754 1883 2809; x_wconf 82' lang='lat' dir='ltr'><strong>dixit</strong></span> <span class='ocrx_word' id='word_1_223' title='bbox 1910 2755 1958 2810; x_wconf 88' lang='lat' dir='ltr'><strong>ei</strong></span> <span class='ocrx_word' id='word_1_224' title='bbox 1982 2755 2108 2809; x_wconf 81' lang='lat' dir='ltr'><strong>Phi-</strong></span> 
     </span>
    </p>
   </div>
   <div class='ocr_carea' id='block_1_28' title="bbox 515 2844 2104 2916">
    <p class='ocr_par' dir='ltr' id='par_1_28' title="bbox 515 2844 2104 2916">
     <span class='ocr_line' id='line_1_28' title="bbox 515 2844 2104 2916; baseline 0.004 -21"><span class='ocrx_word' id='word_1_225' title='bbox 515 2844 716 2914; x_wconf 67' lang='lat' dir='ltr'><strong>iippus,</strong></span> <span class='ocrx_word' id='word_1_226' title='bbox 736 2860 800 2897; x_wconf 76' lang='lat' dir='ltr'><strong>ex</strong></span> <span class='ocrx_word' id='word_1_227' title='bbox 823 2850 1074 2913; x_wconf 77' lang='lat' dir='ltr'><strong>propheta</strong></span> <span class='ocrx_word' id='word_1_228' title='bbox 1093 2854 1302 2914; x_wconf 88' lang='lat' dir='ltr'><strong>sumpta</strong></span> <span class='ocrx_word' id='word_1_229' title='bbox 1326 2846 1625 2900; x_wconf 85' lang='lat' dir='ltr'><strong>occasione.</strong></span> <span class='ocrx_word' id='word_1_230' title='bbox 1653 2846 1837 2915; x_wconf 86' lang='lat' dir='ltr'><strong>Magna</strong></span> <span class='ocrx_word' id='word_1_231' title='bbox 1865 2861 1949 2900; x_wconf 88' lang='lat' dir='ltr'><strong>res</strong></span> <span class='ocrx_word' id='word_1_232' title='bbox 1977 2862 2104 2916; x_wconf 79' lang='lat' dir='ltr'><strong>pro-</strong></span> 
     </span>
    </p>
   </div>
   <div class='ocr_carea' id='block_1_29' title="bbox 524 2937 2106 3010">
    <p class='ocr_par' dir='ltr' id='par_1_29' title="bbox 524 2937 2106 3010">
     <span class='ocr_line' id='line_1_29' title="bbox 524 2937 2106 3010; baseline 0.004 -23"><span class='ocrx_word' id='word_1_233' title='bbox 524 2938 664 2991; x_wconf 77' lang='lat' dir='ltr'><strong>fecto</strong></span> <span class='ocrx_word' id='word_1_234' title='bbox 692 2946 774 2992; x_wconf 89' lang='lat' dir='ltr'><strong>est</strong></span> <span class='ocrx_word' id='word_1_235' title='bbox 800 2937 1193 3007; x_wconf 82' lang='lat' dir='ltr'><strong>Scripturarum</strong></span> <span class='ocrx_word' id='word_1_236' title='bbox 1231 2940 1409 2994; x_wconf 81' lang='lat' dir='ltr'><strong>lectio.</strong></span> <span class='ocrx_word' id='word_1_237' title='bbox 1451 2939 1525 2993; x_wconf 83' lang='lat' dir='ltr'><strong>Ita</strong></span> <span class='ocrx_word' id='word_1_238' title='bbox 1564 2940 1883 3010; x_wconf 80' lang='lat' dir='ltr'><strong>implebatur</strong></span> <span class='ocrx_word' id='word_1_239' title='bbox 1918 2939 2045 2994; x_wconf 86' lang='lat' dir='ltr'><strong>illud</strong></span> <span class='ocrx_word' id='word_1_240' title='bbox 2076 2955 2106 2993; x_wconf 92' lang='lat' dir='ltr'><strong>a</strong></span> 
     </span>
    </p>
   </div>
   <div class='ocr_carea' id='block_1_30' title="bbox 528 3029 2107 3104">
    <p class='ocr_par' dir='ltr' id='par_1_30' title="bbox 528 3029 2107 3104">
     <span class='ocr_line' id='line_1_30' title="bbox 528 3029 2107 3104; baseline 0.003 -21"><span class='ocrx_word' id='word_1_241' title='bbox 528 3029 708 3101; x_wconf 78' lang='lat' dir='ltr'><strong>Moyse</strong></span> <span class='ocrx_word' id='word_1_242' title='bbox 734 3030 932 3086; x_wconf 88' lang='lat' dir='ltr'><strong>dictum</strong></span> <span class='ocrx_word' id='word_1_243' title='bbox 961 3050 973 3085; x_wconf 90' lang='lat'><strong>:</strong></span> <span class='ocrx_word' id='word_1_244' title='bbox 1009 3032 1223 3093; x_wconf 79' lang='lat' dir='ltr'><strong>Sedens.</strong></span> <span class='ocrx_word' id='word_1_245' title='bbox 1251 3034 1304 3086; x_wconf 90' lang='lat' dir='ltr'><strong>in</strong></span> <span class='ocrx_word' id='word_1_246' title='bbox 1329 3034 1454 3087; x_wconf 80' lang='lat' dir='ltr'><strong>lecto</strong></span> <span class='ocrx_word' id='word_1_247' title='bbox 1487 3032 1692 3098; x_wconf 86' lang='lat' dir='ltr'><strong>cubans,</strong></span> <span class='ocrx_word' id='word_1_248' title='bbox 1720 3050 2028 3104; x_wconf 76' lang='lat' dir='ltr'><strong>exsurgens,</strong></span> <span class='ocrx_word' id='word_1_249' title='bbox 2059 3044 2107 3087; x_wconf 88' lang='lat' dir='ltr'><strong>et</strong></span> 
     </span>
    </p>
   </div>
   <div class='ocr_carea' id='block_1_31' title="bbox 516 3122 2104 3196">
    <p class='ocr_par' dir='ltr' id='par_1_31' title="bbox 516 3122 2104 3196">
     <span class='ocr_line' id='line_1_31' title="bbox 516 3122 2104 3196; baseline 0.003 -21"><span class='ocrx_word' id='word_1_250' title='bbox 516 3122 821 3189; x_wconf 81' lang='lat' dir='ltr'><strong>ambulans,</strong></span> <span class='ocrx_word' id='word_1_251' title='bbox 865 3124 1132 3179; x_wconf 81' lang='lat' dir='ltr'><strong>recordare</strong></span> <span class='ocrx_word' id='word_1_252' title='bbox 1181 3123 1391 3178; x_wconf 82' lang='lat' dir='ltr'><strong>Domini</strong></span> <span class='ocrx_word' id='word_1_253' title='bbox 1429 3124 1528 3179; x_wconf 86' lang='lat' dir='ltr'><strong>Dei</strong></span> <span class='ocrx_word' id='word_1_254' title='bbox 1574 3126 1648 3179; x_wconf 85' lang='lat' dir='ltr'><strong>tui</strong></span> <span class='ocrx_word' id='word_1_255' title='bbox 1692 3124 1883 3196; x_wconf 82' lang='lat' dir='ltr'><strong>(Deut.</strong></span> <span class='ocrx_word' id='word_1_256' title='bbox 1927 3126 1979 3180; x_wconf 87' lang='lat'><strong>6.</strong></span> <span class='ocrx_word' id='word_1_257' title='bbox 2026 3127 2104 3195; x_wconf 89' lang='lat'><strong>7).</strong></span> 
     </span>
    </p>
   </div>
   <div class='ocr_carea' id='block_1_32' title="bbox 526 3214 2109 3289">
    <p class='ocr_par' dir='ltr' id='par_1_32' title="bbox 526 3214 2109 3289">
     <span class='ocr_line' id='line_1_32' title="bbox 526 3214 2109 3289; baseline 0.004 -21"><span class='ocrx_word' id='word_1_258' title='bbox 526 3214 750 3271; x_wconf 75' lang='lat' dir='ltr'><strong>Maxime</strong></span> <span class='ocrx_word' id='word_1_259' title='bbox 770 3231 996 3286; x_wconf 83' lang='lat' dir='ltr'><strong>namque</strong></span> <span class='ocrx_word' id='word_1_260' title='bbox 1018 3218 1114 3272; x_wconf 76' lang='lat' dir='ltr'><strong>via:</strong></span> <span class='ocrx_word' id='word_1_261' title='bbox 1140 3233 1259 3272; x_wconf 92' lang='lat' dir='ltr'><strong>cum</strong></span> <span class='ocrx_word' id='word_1_262' title='bbox 1285 3217 1512 3273; x_wconf 70' lang='lat' dir='ltr'><strong>deserta:</strong></span> <span class='ocrx_word' id='word_1_263' title='bbox 1533 3228 1675 3284; x_wconf 87' lang='lat' dir='ltr'><strong>sunt,</strong></span> <span class='ocrx_word' id='word_1_264' title='bbox 1699 3219 2109 3289; x_wconf 90' lang='lat' dir='ltr'><strong>cogitationibus</strong></span> 
     </span>
    </p>
   </div>
   <div class='ocr_carea' id='block_1_33' title="bbox 519 3306 2107 3377">
    <p class='ocr_par' dir='ltr' id='par_1_33' title="bbox 519 3306 2107 3377">
     <span class='ocr_line' id='line_1_33' title="bbox 519 3306 2107 3377; baseline 0.004 -18"><span class='ocrx_word' id='word_1_265' title='bbox 519 3307 725 3359; x_wconf 73' lang='lat' dir='ltr'><strong>nostris</strong></span> <span class='ocrx_word' id='word_1_266' title='bbox 755 3306 883 3361; x_wconf 90' lang='lat' dir='ltr'><strong>dant</strong></span> <span class='ocrx_word' id='word_1_267' title='bbox 904 3308 1101 3374; x_wconf 87' lang='lat' dir='ltr'><strong>locum,</strong></span> <span class='ocrx_word' id='word_1_268' title='bbox 1131 3309 1344 3363; x_wconf 85' lang='lat' dir='ltr'><strong>nemine</strong></span> <span class='ocrx_word' id='word_1_269' title='bbox 1373 3308 1735 3377; x_wconf 88' lang='lat' dir='ltr'><strong>perturbantc.</strong></span> <span class='ocrx_word' id='word_1_270' title='bbox 1764 3311 1825 3364; x_wconf 85' lang='lat' dir='ltr'><strong>Et</strong></span> <span class='ocrx_word' id='word_1_271' title='bbox 1844 3310 1929 3365; x_wconf 91' lang='lat' dir='ltr'><strong>hic</strong></span> <span class='ocrx_word' id='word_1_272' title='bbox 1952 3311 2001 3365; x_wconf 92' lang='lat' dir='ltr'><strong>in</strong></span> <span class='ocrx_word' id='word_1_273' title='bbox 2026 3314 2107 3367; x_wconf 77' lang='lat' dir='ltr'><strong>via</strong></span> 
     </span>
    </p>
   </div>
   <div class='ocr_carea' id='block_1_34' title="bbox 522 3395 2108 3463">
    <p class='ocr_par' dir='ltr' id='par_1_34' title="bbox 522 3395 2108 3463">
     <span class='ocr_line' id='line_1_34' title="bbox 522 3395 2108 3463; baseline 0.006 -16"><span class='ocrx_word' id='word_1_274' title='bbox 522 3395 734 3461; x_wconf 81' lang='lat' dir='ltr'><strong>credit,</strong></span> <span class='ocrx_word' id='word_1_275' title='bbox 764 3407 817 3452; x_wconf 91' lang='lat' dir='ltr'><strong>et</strong></span> <span class='ocrx_word' id='word_1_276' title='bbox 848 3398 1042 3453; x_wconf 85' lang='lat' dir='ltr'><strong>Paulus</strong></span> <span class='ocrx_word' id='word_1_277' title='bbox 1074 3400 1124 3453; x_wconf 92' lang='lat' dir='ltr'><strong>in</strong></span> <span class='ocrx_word' id='word_1_278' title='bbox 1157 3400 1271 3463; x_wconf 85' lang='lat' dir='ltr'><strong>via;</strong></span> <span class='ocrx_word' id='word_1_279' title='bbox 1307 3400 1401 3456; x_wconf 90' lang='lat' dir='ltr'><strong>sed</strong></span> <span class='ocrx_word' id='word_1_280' title='bbox 1438 3399 1581 3455; x_wconf 85' lang='lat' dir='ltr'><strong>hunc</strong></span> <span class='ocrx_word' id='word_1_281' title='bbox 1616 3416 1778 3457; x_wconf 89' lang='lat' dir='ltr'><strong>nemo</strong></span> <span class='ocrx_word' id='word_1_282' title='bbox 1817 3402 1977 3457; x_wconf 86' lang='lat' dir='ltr'><strong>trahit</strong></span> <span class='ocrx_word' id='word_1_283' title='bbox 2007 3402 2108 3456; x_wconf 90' lang='lat' dir='ltr'><strong>nisi</strong></span> 
     </span>
    </p>
   </div>
   <div class='ocr_carea' id='block_1_35' title="bbox 517 3487 2107 3566">
    <p class='ocr_par' dir='ltr' id='par_1_35' title="bbox 517 3487 2107 3566">
     <span class='ocr_line' id='line_1_35' title="bbox 517 3487 2107 3566; baseline 0.004 -24"><span class='ocrx_word' id='word_1_284' title='bbox 517 3487 792 3543; x_wconf 77' lang='lat' dir='ltr'><strong>Christus.</strong></span> <span class='ocrx_word' id='word_1_285' title='bbox 826 3490 994 3559; x_wconf 83' lang='lat' dir='ltr'><strong>illajus</strong></span> <span class='ocrx_word' id='word_1_286' title='bbox 1032 3491 1133 3545; x_wconf 90' lang='lat' dir='ltr'><strong>hoc</strong></span> <span class='ocrx_word' id='word_1_287' title='bbox 1157 3502 1270 3546; x_wconf 89' lang='lat' dir='ltr'><strong>erat</strong></span> <span class='ocrx_word' id='word_1_288' title='bbox 1292 3534 1307 3559; x_wconf 95' lang='lat'><strong>,</strong></span> <span class='ocrx_word' id='word_1_289' title='bbox 1336 3508 1495 3562; x_wconf 90' lang='lat' dir='ltr'><strong>quam</strong></span> <span class='ocrx_word' id='word_1_290' title='bbox 1526 3493 1666 3563; x_wconf 91' lang='lat' dir='ltr'><strong>quod</strong></span> <span class='ocrx_word' id='word_1_291' title='bbox 1698 3494 1927 3566; x_wconf 88' lang='lat' dir='ltr'><strong>apostoli</strong></span> <span class='ocrx_word' id='word_1_292' title='bbox 1961 3492 2107 3549; x_wconf 74' lang='lat' dir='ltr'><strong>facc-</strong></span> 
     </span>
    </p>
   </div>
   <div class='ocr_carea' id='block_1_36' title="bbox 517 3582 2110 3657">
    <p class='ocr_par' dir='ltr' id='par_1_36' title="bbox 517 3582 2110 3657">
     <span class='ocr_line' id='line_1_36' title="bbox 517 3582 2110 3657; baseline 0.006 -24"><span class='ocrx_word' id='word_1_293' title='bbox 517 3589 681 3636; x_wconf 79' lang='lat' dir='ltr'><strong>reut:</strong></span> <span class='ocrx_word' id='word_1_294' title='bbox 715 3582 885 3650; x_wconf 81' lang='lat' dir='ltr'><strong>majus</strong></span> <span class='ocrx_word' id='word_1_295' title='bbox 917 3597 1042 3637; x_wconf 72' lang='lat' dir='ltr'><strong>vero</strong></span> <span class='ocrx_word' id='word_1_296' title='bbox 1062 3583 1221 3652; x_wconf 87' lang='lat' dir='ltr'><strong>quod,</strong></span> <span class='ocrx_word' id='word_1_297' title='bbox 1244 3599 1374 3639; x_wconf 87' lang='lat' dir='ltr'><strong>cum</strong></span> <span class='ocrx_word' id='word_1_298' title='bbox 1400 3585 1626 3655; x_wconf 76' lang='lat' dir='ltr'><strong>apostoli</strong></span> <span class='ocrx_word' id='word_1_299' title='bbox 1654 3586 2003 3657; x_wconf 83' lang='lat' dir='ltr'><strong>Jerosolymis</strong></span> <span class='ocrx_word' id='word_1_300' title='bbox 2024 3602 2110 3642; x_wconf 84' lang='lat' dir='ltr'><strong>es-</strong></span> 
     </span>
    </p>
   </div>
   <div class='ocr_carea' id='block_1_37' title="bbox 526 3673 2111 3744">
    <p class='ocr_par' dir='ltr' id='par_1_37' title="bbox 526 3673 2111 3744">
     <span class='ocr_line' id='line_1_37' title="bbox 526 3673 2111 3744; baseline 0.006 -20"><span class='ocrx_word' id='word_1_301' title='bbox 526 3682 678 3735; x_wconf 87' lang='lat' dir='ltr'><strong>sent,</strong></span> <span class='ocrx_word' id='word_1_302' title='bbox 712 3684 766 3727; x_wconf 89' lang='lat' dir='ltr'><strong>et</strong></span> <span class='ocrx_word' id='word_1_303' title='bbox 804 3689 867 3728; x_wconf 79' lang='lat' dir='ltr'><strong>ex</strong></span> <span class='ocrx_word' id='word_1_304' title='bbox 904 3673 986 3728; x_wconf 90' lang='lat' dir='ltr'><strong>his</strong></span> <span class='ocrx_word' id='word_1_305' title='bbox 1015 3674 1195 3729; x_wconf 87' lang='lat' dir='ltr'><strong>nullus</strong></span> <span class='ocrx_word' id='word_1_306' title='bbox 1231 3687 1374 3731; x_wconf 86' lang='lat' dir='ltr'><strong>esset</strong></span> <span class='ocrx_word' id='word_1_307' title='bbox 1404 3676 1682 3744; x_wconf 86' lang='lat' dir='ltr'><strong>Damasci,</strong></span> <span class='ocrx_word' id='word_1_308' title='bbox 1725 3678 1924 3734; x_wconf 87' lang='lat' dir='ltr'><strong>istbinc</strong></span> <span class='ocrx_word' id='word_1_309' title='bbox 1952 3679 2111 3734; x_wconf 87' lang='lat' dir='ltr'><strong>rediit</strong></span> 
     </span>
    </p>
   </div>
   <div class='ocr_carea' id='block_1_38' title="bbox 520 3764 2107 3840">
    <p class='ocr_par' dir='ltr' id='par_1_38' title="bbox 520 3764 2107 3840">
     <span class='ocr_line' id='line_1_38' title="bbox 520 3764 2107 3840; baseline 0.004 -21"><span class='ocrx_word' id='word_1_310' title='bbox 520 3764 752 3820; x_wconf 87' lang='lat' dir='ltr'><strong>credens</strong></span> <span class='ocrx_word' id='word_1_311' title='bbox 776 3782 791 3823; x_wconf 90' lang='lat'><strong>:</strong></span> <span class='ocrx_word' id='word_1_312' title='bbox 818 3776 869 3821; x_wconf 90' lang='lat' dir='ltr'><strong>et</strong></span> <span class='ocrx_word' id='word_1_313' title='bbox 897 3765 987 3833; x_wconf 87' lang='lat' dir='ltr'><strong>qtti</strong></span> <span class='ocrx_word' id='word_1_314' title='bbox 1029 3766 1269 3820; x_wconf 89' lang='lat' dir='ltr'><strong>Damasci</strong></span> <span class='ocrx_word' id='word_1_315' title='bbox 1297 3777 1482 3834; x_wconf 88' lang='lat' dir='ltr'><strong>erant,</strong></span> <span class='ocrx_word' id='word_1_316' title='bbox 1514 3768 1757 3824; x_wconf 88' lang='lat' dir='ltr'><strong>sciebant</strong></span> <span class='ocrx_word' id='word_1_317' title='bbox 1796 3770 1969 3840; x_wconf 90' lang='lat' dir='ltr'><strong>ipsum</strong></span> <span class='ocrx_word' id='word_1_318' title='bbox 2002 3787 2107 3826; x_wconf 85' lang='lat' dir='ltr'><strong>non</strong></span> 
     </span>
    </p>
   </div>
   <div class='ocr_carea' id='block_1_39' title="bbox 525 3857 2110 3929">
    <p class='ocr_par' dir='ltr' id='par_1_39' title="bbox 525 3857 2110 3929">
     <span class='ocr_line' id='line_1_39' title="bbox 525 3857 2110 3929; baseline 0.005 -18"><span class='ocrx_word' id='word_1_319' title='bbox 525 3857 876 3927; x_wconf 74' lang='lat' dir='ltr'><strong>Jerosolymis</strong></span> <span class='ocrx_word' id='word_1_320' title='bbox 901 3857 1113 3912; x_wconf 85' lang='lat' dir='ltr'><strong>venisse</strong></span> <span class='ocrx_word' id='word_1_321' title='bbox 1138 3872 1486 3928; x_wconf 87' lang='lat' dir='ltr'><strong>persuasum;</strong></span> <span class='ocrx_word' id='word_1_322' title='bbox 1526 3861 1779 3929; x_wconf 79' lang='lat' dir='ltr'><strong>epistolas</strong></span> <span class='ocrx_word' id='word_1_323' title='bbox 1806 3863 1946 3917; x_wconf 91' lang='lat' dir='ltr'><strong>enim</strong></span> <span class='ocrx_word' id='word_1_324' title='bbox 1971 3862 2110 3919; x_wconf 80' lang='lat' dir='ltr'><strong>fere-</strong></span> 
     </span>
    </p>
   </div>
   <div class='ocr_carea' id='block_1_40' title="bbox 525 3949 2108 4025">
    <p class='ocr_par' dir='ltr' id='par_1_40' title="bbox 525 3949 2108 4025">
     <span class='ocr_line' id='line_1_40' title="bbox 525 3949 2108 4025; baseline 0.005 -22"><span class='ocrx_word' id='word_1_325' title='bbox 525 3949 636 4015; x_wconf 89' lang='lat' dir='ltr'><strong>hat,</strong></span> <span class='ocrx_word' id='word_1_326' title='bbox 665 3957 724 4003; x_wconf 90' lang='lat' dir='ltr'><strong>ut</strong></span> <span class='ocrx_word' id='word_1_327' title='bbox 743 3949 1025 4005; x_wconf 75' lang='lat' dir='ltr'><strong>credentes</strong></span> <span class='ocrx_word' id='word_1_328' title='bbox 1050 3950 1258 4020; x_wconf 74' lang='lat' dir='ltr'><strong>ligaret.</strong></span> <span class='ocrx_word' id='word_1_329' title='bbox 1284 3951 1433 4007; x_wconf 85' lang='lat' dir='ltr'><strong>Sicut</strong></span> <span class='ocrx_word' id='word_1_330' title='bbox 1457 3953 1696 4009; x_wconf 88' lang='lat' dir='ltr'><strong>medicus</strong></span> <span class='ocrx_word' id='word_1_331' title='bbox 1722 3954 1976 4024; x_wconf 90' lang='lat' dir='ltr'><strong>optimus,</strong></span> <span class='ocrx_word' id='word_1_332' title='bbox 1996 3956 2108 4025; x_wconf 89' lang='lat' dir='ltr'><strong>jam</strong></span> 
     </span>
    </p>
   </div>
   <div class='ocr_carea' id='block_1_41' title="bbox 527 4040 2110 4115">
    <p class='ocr_par' dir='ltr' id='par_1_41' title="bbox 527 4040 2110 4115">
     <span class='ocr_line' id='line_1_41' title="bbox 527 4040 2110 4115; baseline 0.008 -25"><span class='ocrx_word' id='word_1_333' title='bbox 527 4041 738 4110; x_wconf 78' lang='lat' dir='ltr'><strong>vigente</strong></span> <span class='ocrx_word' id='word_1_334' title='bbox 766 4040 948 4107; x_wconf 83' lang='lat' dir='ltr'><strong>febre,</strong></span> <span class='ocrx_word' id='word_1_335' title='bbox 980 4056 1137 4112; x_wconf 88' lang='lat' dir='ltr'><strong>opem</strong></span> <span class='ocrx_word' id='word_1_336' title='bbox 1178 4042 1252 4096; x_wconf 90' lang='lat' dir='ltr'><strong>illi</strong></span> <span class='ocrx_word' id='word_1_337' title='bbox 1292 4044 1466 4097; x_wconf 90' lang='lat' dir='ltr'><strong>attulit</strong></span> <span class='ocrx_word' id='word_1_338' title='bbox 1504 4040 1788 4100; x_wconf 87' lang='lat' dir='ltr'><strong>Christus:</strong></span> <span class='ocrx_word' id='word_1_339' title='bbox 1826 4047 2110 4115; x_wconf 88' lang='lat' dir='ltr'><strong>oportebat</strong></span> 
     </span>
    </p>
   </div>
   <div class='ocr_carea' id='block_1_42' title="bbox 526 4133 2109 4205">
    <p class='ocr_par' dir='ltr' id='par_1_42' title="bbox 526 4133 2109 4205">
     <span class='ocr_line' id='line_1_42' title="bbox 526 4133 2109 4205; baseline 0.006 -19"><span class='ocrx_word' id='word_1_340' title='bbox 526 4134 668 4187; x_wconf 84' lang='lat' dir='ltr'><strong>enim</strong></span> <span class='ocrx_word' id='word_1_341' title='bbox 700 4150 820 4187; x_wconf 85' lang='lat' dir='ltr'><strong>eum</strong></span> <span class='ocrx_word' id='word_1_342' title='bbox 851 4135 901 4187; x_wconf 93' lang='lat' dir='ltr'><strong>in</strong></span> <span class='ocrx_word' id='word_1_343' title='bbox 934 4133 1051 4204; x_wconf 89' lang='lat' dir='ltr'><strong>ipso</strong></span> <span class='ocrx_word' id='word_1_344' title='bbox 1076 4133 1255 4191; x_wconf 88' lang='lat' dir='ltr'><strong>furore</strong></span> <span class='ocrx_word' id='word_1_345' title='bbox 1275 4135 1677 4205; x_wconf 83' lang='lat' dir='ltr'><strong>comprehendi.</strong></span> <span class='ocrx_word' id='word_1_346' title='bbox 1705 4136 1854 4193; x_wconf 90' lang='lat' dir='ltr'><strong>Tunc</strong></span> <span class='ocrx_word' id='word_1_347' title='bbox 1878 4141 2109 4196; x_wconf 82' lang='lat' dir='ltr'><strong>maxime</strong></span> 
     </span>
    </p>
   </div>
   <div class='ocr_carea' id='block_1_43' title="bbox 523 4209 2109 4300">
    <p class='ocr_par' dir='ltr' id='par_1_43' title="bbox 523 4209 2109 4300">
     <span class='ocr_line' id='line_1_43' title="bbox 523 4209 2109 4300; baseline 0.006 -22"><span class='ocrx_word' id='word_1_348' title='bbox 523 4225 743 4291; x_wconf 75' lang='lat' dir='ltr'><strong>decidit,</strong></span> <span class='ocrx_word' id='word_1_349' title='bbox 777 4240 840 4279; x_wconf 92' lang='lat' dir='ltr'><strong>ac</strong></span> <span class='ocrx_word' id='word_1_350' title='bbox 865 4227 1096 4295; x_wconf 88' lang='lat' dir='ltr'><strong>seipsum</strong></span> <span class='ocrx_word' id='word_1_351' title='bbox 1119 4226 1513 4295; x_wconf 85' lang='lat' dir='ltr'><strong>condemnavit,</strong></span> <span class='ocrx_word' id='word_1_352' title='bbox 1545 4237 1601 4282; x_wconf 94' lang='lat' dir='ltr'><strong>ut</strong></span> <span class='ocrx_word' id='word_1_353' title='bbox 1619 4230 1706 4299; x_wconf 85' lang='lat' dir='ltr'><strong>qui</strong></span> <span class='ocrx_word' id='word_1_354' title='bbox 1730 4209 1909 4300; x_wconf 81' lang='lat' dir='ltr'><strong>gravia</strong></span> <span class='ocrx_word' id='word_1_355' title='bbox 1936 4240 2109 4287; x_wconf 86' lang='lat' dir='ltr'><strong>alten-</strong></span> 
     </span>
    </p>
   </div>
   <div class='ocr_carea' id='block_1_44' title="bbox 529 4319 2105 4392">
    <p class='ocr_par' dir='ltr' id='par_1_44' title="bbox 529 4319 2105 4392">
     <span class='ocr_line' id='line_1_44' title="bbox 529 4319 2105 4392; baseline 0.009 -23"><span class='ocrx_word' id='word_1_356' title='bbox 529 4329 713 4374; x_wconf 82' lang='lat' dir='ltr'><strong>lasset.</strong></span> <span class='ocrx_word' id='word_1_357' title='bbox 761 4319 865 4373; x_wconf 88' lang='lat' dir='ltr'><strong>Sed</strong></span> <span class='ocrx_word' id='word_1_358' title='bbox 897 4336 1107 4375; x_wconf 87' lang='lat' dir='ltr'><strong>rursum</strong></span> <span class='ocrx_word' id='word_1_359' title='bbox 1135 4336 1299 4392; x_wconf 89' lang='lat' dir='ltr'><strong>opere</strong></span> <span class='ocrx_word' id='word_1_360' title='bbox 1347 4323 1574 4391; x_wconf 90' lang='lat' dir='ltr'><strong>pretium</strong></span> <span class='ocrx_word' id='word_1_361' title='bbox 1606 4324 1764 4379; x_wconf 85' lang='lat' dir='ltr'><strong>fuerit</strong></span> <span class='ocrx_word' id='word_1_362' title='bbox 1801 4341 2105 4383; x_wconf 90' lang='lat' dir='ltr'><strong>sermonem</strong></span> 
     </span>
    </p>
   </div>
   <div class='ocr_carea' id='block_1_45' title="bbox 527 4411 2106 4488">
    <p class='ocr_par' dir='ltr' id='par_1_45' title="bbox 527 4411 2106 4488">
     <span class='ocr_line' id='line_1_45' title="bbox 527 4411 2106 4488; baseline 0.006 -25"><span class='ocrx_word' id='word_1_363' title='bbox 527 4425 819 4465; x_wconf 87' lang='lat' dir='ltr'><strong>resumere.</strong></span> <span class='ocrx_word' id='word_1_364' title='bbox 850 4411 979 4474; x_wconf 87' lang='lat' dir='ltr'><strong>Cur,</strong></span> <span class='ocrx_word' id='word_1_365' title='bbox 1016 4428 1217 4483; x_wconf 80' lang='lat' dir='ltr'><strong>quaeso,</strong></span> <span class='ocrx_word' id='word_1_366' title='bbox 1250 4413 1572 4481; x_wconf 68' lang='lat' dir='ltr'><strong>Scripturzc?</strong></span> <span class='ocrx_word' id='word_1_367' title='bbox 1597 4412 1747 4481; x_wconf 87' lang='lat' dir='ltr'><strong>Quod</strong></span> <span class='ocrx_word' id='word_1_368' title='bbox 1771 4416 1838 4470; x_wconf 89' lang='lat' dir='ltr'><strong>ad</strong></span> <span class='ocrx_word' id='word_1_369' title='bbox 1866 4432 1960 4472; x_wconf 91' lang='lat' dir='ltr'><strong>vos</strong></span> <span class='ocrx_word' id='word_1_370' title='bbox 1982 4434 2106 4488; x_wconf 87' lang='lat' dir='ltr'><strong>spe-</strong></span> 
     </span>
    </p>
   </div>
   <div class='ocr_carea' id='block_1_46' title="bbox 522 4504 2106 4571">
    <p class='ocr_par' dir='ltr' id='par_1_46' title="bbox 522 4504 2106 4571">
     <span class='ocr_line' id='line_1_46' title="bbox 522 4504 2106 4571; baseline 0.004 -16"><span class='ocrx_word' id='word_1_371' title='bbox 522 4512 632 4556; x_wconf 85' lang='lat' dir='ltr'><strong>ctat</strong></span> <span class='ocrx_word' id='word_1_372' title='bbox 650 4543 665 4565; x_wconf 90' lang='lat'><strong>,</strong></span> <span class='ocrx_word' id='word_1_373' title='bbox 696 4504 872 4556; x_wconf 81' lang='lat' dir='ltr'><strong>omnia</strong></span> <span class='ocrx_word' id='word_1_374' title='bbox 900 4504 1104 4559; x_wconf 88' lang='lat' dir='ltr'><strong>sublata</strong></span> <span class='ocrx_word' id='word_1_375' title='bbox 1131 4514 1273 4561; x_wconf 90' lang='lat' dir='ltr'><strong>sunt.</strong></span> <span class='ocrx_word' id='word_1_376' title='bbox 1304 4506 1411 4559; x_wconf 89' lang='lat' dir='ltr'><strong>Cur</strong></span> <span class='ocrx_word' id='word_1_377' title='bbox 1437 4507 1696 4562; x_wconf 84' lang='lat' dir='ltr'><strong>ecclesia?</strong></span> <span class='ocrx_word' id='word_1_378' title='bbox 1726 4507 1914 4564; x_wconf 86' lang='lat' dir='ltr'><strong>Libros</strong></span> <span class='ocrx_word' id='word_1_379' title='bbox 1939 4511 2106 4571; x_wconf 67' lang='lat' dir='ltr'><strong>Stimi-</strong></span> 
     </span>
    </p>
   </div>
   <div class='ocr_carea' id='block_1_47' title="bbox 524 4596 2104 4672">
    <p class='ocr_par' dir='ltr' id='par_1_47' title="bbox 524 4596 2104 4672">
     <span class='ocr_line' id='line_1_47' title="bbox 524 4596 2104 4672; baseline 0.008 -26"><span class='ocrx_word' id='word_1_380' title='bbox 524 4597 635 4649; x_wconf 77' lang='lat' dir='ltr'><strong>dito</strong></span> <span class='ocrx_word' id='word_1_381' title='bbox 660 4614 675 4649; x_wconf 91' lang='lat'><strong><em>:</em></strong></span> <span class='ocrx_word' id='word_1_382' title='bbox 706 4596 839 4649; x_wconf 79' lang='lat' dir='ltr'><strong>forte</strong></span> <span class='ocrx_word' id='word_1_383' title='bbox 868 4612 972 4650; x_wconf 89' lang='lat' dir='ltr'><strong>non</strong></span> <span class='ocrx_word' id='word_1_384' title='bbox 1005 4597 1108 4650; x_wconf 90' lang='lat' dir='ltr'><strong>tale</strong></span> <span class='ocrx_word' id='word_1_385' title='bbox 1132 4597 1389 4665; x_wconf 90' lang='lat' dir='ltr'><strong>judicium</strong></span> <span class='ocrx_word' id='word_1_386' title='bbox 1416 4598 1537 4664; x_wconf 87' lang='lat' dir='ltr'><strong>erit,</strong></span> <span class='ocrx_word' id='word_1_387' title='bbox 1572 4616 1675 4655; x_wconf 90' lang='lat' dir='ltr'><strong>non</strong></span> <span class='ocrx_word' id='word_1_388' title='bbox 1705 4602 1826 4656; x_wconf 89' lang='lat' dir='ltr'><strong>talis</strong></span> <span class='ocrx_word' id='word_1_389' title='bbox 1854 4618 2027 4672; x_wconf 69' lang='lat' dir='ltr'><strong>poena.</strong></span> <span class='ocrx_word' id='word_1_390' title='bbox 2049 4604 2104 4661; x_wconf 92' lang='lat' dir='ltr'><strong>Si</strong></span> 
     </span>
    </p>
   </div>
   <div class='ocr_carea' id='block_1_48' title="bbox 525 4687 2104 4762">
    <p class='ocr_par' dir='ltr' id='par_1_48' title="bbox 525 4687 2104 4762">
     <span class='ocr_line' id='line_1_48' title="bbox 525 4687 2104 4762; baseline 0.007 -21"><span class='ocrx_word' id='word_1_391' title='bbox 525 4688 641 4757; x_wconf 91' lang='lat' dir='ltr'><strong>quis</strong></span> <span class='ocrx_word' id='word_1_392' title='bbox 670 4689 722 4742; x_wconf 85' lang='lat' dir='ltr'><strong>in</strong></span> <span class='ocrx_word' id='word_1_393' title='bbox 752 4687 875 4742; x_wconf 87' lang='lat' dir='ltr'><strong>timo</strong></span> <span class='ocrx_word' id='word_1_394' title='bbox 906 4689 1165 4745; x_wconf 81' lang='lat' dir='ltr'><strong>defoderit</strong></span> <span class='ocrx_word' id='word_1_395' title='bbox 1186 4690 1323 4752; x_wconf 82' lang='lat' dir='ltr'><strong>illos.</strong></span> <span class='ocrx_word' id='word_1_396' title='bbox 1355 4704 1407 4747; x_wconf 88' lang='lat' dir='ltr'><strong>et</strong></span> <span class='ocrx_word' id='word_1_397' title='bbox 1433 4709 1537 4747; x_wconf 92' lang='lat' dir='ltr'><strong>non</strong></span> <span class='ocrx_word' id='word_1_398' title='bbox 1574 4694 1691 4748; x_wconf 90' lang='lat' dir='ltr'><strong>illos</strong></span> <span class='ocrx_word' id='word_1_399' title='bbox 1718 4696 1966 4762; x_wconf 89' lang='lat' dir='ltr'><strong>audierit,</strong></span> <span class='ocrx_word' id='word_1_400' title='bbox 1999 4713 2104 4752; x_wconf 90' lang='lat' dir='ltr'><strong>non</strong></span> 
     </span>
    </p>
   </div>
   <div class='ocr_carea' id='block_1_49' title="bbox 526 4781 2102 4858">
    <p class='ocr_par' dir='ltr' id='par_1_49' title="bbox 526 4781 2102 4858">
     <span class='ocr_line' id='line_1_49' title="bbox 526 4781 2102 4858; baseline 0.006 -24"><span class='ocrx_word' id='word_1_401' title='bbox 526 4794 631 4835; x_wconf 88' lang='lat' dir='ltr'><strong>tam</strong></span> <span class='ocrx_word' id='word_1_402' title='bbox 652 4783 974 4837; x_wconf 87' lang='lat' dir='ltr'><strong>contumelia</strong></span> <span class='ocrx_word' id='word_1_403' title='bbox 1000 4781 1183 4846; x_wconf 77' lang='lat' dir='ltr'><strong>afﬁcit,</strong></span> <span class='ocrx_word' id='word_1_404' title='bbox 1205 4793 1262 4836; x_wconf 92' lang='lat' dir='ltr'><strong>ut</strong></span> <span class='ocrx_word' id='word_1_405' title='bbox 1283 4799 1424 4839; x_wconf 88' lang='lat' dir='ltr'><strong>nunc</strong></span> <span class='ocrx_word' id='word_1_406' title='bbox 1448 4786 1523 4840; x_wconf 92' lang='lat' dir='ltr'><strong>lit.</strong></span> <span class='ocrx_word' id='word_1_407' title='bbox 1547 4784 1682 4853; x_wconf 85' lang='lat' dir='ltr'><strong>Quid</strong></span> <span class='ocrx_word' id='word_1_408' title='bbox 1706 4788 1872 4849; x_wconf 82' lang='lat' dir='ltr'><strong>enim,</strong></span> <span class='ocrx_word' id='word_1_409' title='bbox 1898 4804 2102 4858; x_wconf 73' lang='lat' dir='ltr'><strong>qumso,</strong></span> 
     </span>
    </p>
   </div>
   <div class='ocr_carea' id='block_1_50' title="bbox 526 4873 2105 4946">
    <p class='ocr_par' dir='ltr' id='par_1_50' title="bbox 526 4873 2105 4946">
     <span class='ocr_line' id='line_1_50' title="bbox 526 4873 2105 4946; baseline 0.006 -20"><span class='ocrx_word' id='word_1_410' title='bbox 526 4873 1125 4928; x_wconf 84' lang='lat' dir='ltr'><strong>illiccoutumeliosum?</strong></span> <span class='ocrx_word' id='word_1_411' title='bbox 1148 4876 1299 4941; x_wconf 86' lang='lat' dir='ltr'><strong>Quod</strong></span> <span class='ocrx_word' id='word_1_412' title='bbox 1326 4877 1444 4930; x_wconf 84' lang='lat' dir='ltr'><strong>illos</strong></span> <span class='ocrx_word' id='word_1_413' title='bbox 1464 4876 1748 4932; x_wconf 79' lang='lat' dir='ltr'><strong>defoderit.</strong></span> <span class='ocrx_word' id='word_1_414' title='bbox 1767 4879 1903 4946; x_wconf 91' lang='lat' dir='ltr'><strong>Quid</strong></span> <span class='ocrx_word' id='word_1_415' title='bbox 1927 4890 2105 4935; x_wconf 88' lang='lat' dir='ltr'><strong>autem</strong></span> 
     </span>
    </p>
   </div>
   <div class='ocr_carea' id='block_1_51' title="bbox 526 4968 2106 5036">
    <p class='ocr_par' dir='ltr' id='par_1_51' title="bbox 526 4968 2106 5036">
     <span class='ocr_line' id='line_1_51' title="bbox 526 4968 2106 5036; baseline 0.004 -15"><span class='ocrx_word' id='word_1_416' title='bbox 526 4968 648 5023; x_wconf 80' lang='lat' dir='ltr'><strong>lue?</strong></span> <span class='ocrx_word' id='word_1_417' title='bbox 674 4968 822 5036; x_wconf 85' lang='lat' dir='ltr'><strong>Quod</strong></span> <span class='ocrx_word' id='word_1_418' title='bbox 856 4984 959 5022; x_wconf 79' lang='grc' dir='ltr'><strong>ηυη</strong></span> <span class='ocrx_word' id='word_1_419' title='bbox 982 4968 1261 5023; x_wconf 87' lang='lat' dir='ltr'><strong>audiamus</strong></span> <span class='ocrx_word' id='word_1_420' title='bbox 1285 4969 1424 5025; x_wconf 81' lang='lat' dir='ltr'><strong>illos.</strong></span> <span class='ocrx_word' id='word_1_421' title='bbox 1454 4970 1547 5025; x_wconf 92' lang='lat' dir='ltr'><strong>Dic</strong></span> <span class='ocrx_word' id='word_1_422' title='bbox 1577 4972 1853 5033; x_wconf 90' lang='lat' dir='ltr'><strong>mihi,ntcr</strong></span> <span class='ocrx_word' id='word_1_423' title='bbox 1877 4975 2106 5028; x_wconf 76' lang='lat' dir='ltr'><strong>maxime</strong></span> 
     </span>
    </p>
   </div>
   <div class='ocr_carea' id='block_1_52' title="bbox 524 5060 2104 5135">
    <p class='ocr_par' dir='ltr' id='par_1_52' title="bbox 524 5060 2104 5135">
     <span class='ocr_line' id='line_1_52' title="bbox 524 5060 2104 5135; baseline 0.006 -23"><span class='ocrx_word' id='word_1_424' title='bbox 524 5063 844 5115; x_wconf 83' lang='lat' dir='ltr'><strong>couttttnelta</strong></span> <span class='ocrx_word' id='word_1_425' title='bbox 873 5060 1072 5124; x_wconf 89' lang='lat' dir='ltr'><strong>afﬁcit,</strong></span> <span class='ocrx_word' id='word_1_426' title='bbox 1121 5062 1208 5132; x_wconf 86' lang='lat' dir='ltr'><strong>qui</strong></span> <span class='ocrx_word' id='word_1_427' title='bbox 1239 5063 1416 5117; x_wconf 90' lang='lat' dir='ltr'><strong>silenti</strong></span> <span class='ocrx_word' id='word_1_428' title='bbox 1440 5105 1455 5130; x_wconf 96' lang='lat'><strong>,</strong></span> <span class='ocrx_word' id='word_1_429' title='bbox 1504 5079 1569 5118; x_wconf 91' lang='lat' dir='ltr'><strong>au</strong></span> <span class='ocrx_word' id='word_1_430' title='bbox 1601 5066 1688 5134; x_wconf 93' lang='lat' dir='ltr'><strong>qui</strong></span> <span class='ocrx_word' id='word_1_431' title='bbox 1722 5066 1956 5135; x_wconf 89' lang='lat' dir='ltr'><strong>loquenti</strong></span> <span class='ocrx_word' id='word_1_432' title='bbox 2000 5083 2104 5122; x_wconf 91' lang='lat' dir='ltr'><strong>non</strong></span> 
     </span>
    </p>
   </div>
   <div class='ocr_carea' id='block_1_53' title="bbox 526 5154 2105 5229">
    <p class='ocr_par' dir='ltr' id='par_1_53' title="bbox 526 5154 2105 5229">
     <span class='ocr_line' id='line_1_53' title="bbox 526 5154 2105 5229; baseline 0.006 -24"><span class='ocrx_word' id='word_1_433' title='bbox 526 5154 1034 5220; x_wconf 71' lang='lat' dir='ltr'><strong>rvspondet?Certe</strong></span> <span class='ocrx_word' id='word_1_434' title='bbox 1068 5157 1161 5226; x_wconf 86' lang='lat' dir='ltr'><strong>qui</strong></span> <span class='ocrx_word' id='word_1_435' title='bbox 1207 5157 1465 5226; x_wconf 88' lang='lat' dir='ltr'><strong>loquenti.</strong></span> <span class='ocrx_word' id='word_1_436' title='bbox 1514 5156 1698 5227; x_wconf 85' lang='lat' dir='ltr'><strong>itaque</strong></span> <span class='ocrx_word' id='word_1_437' title='bbox 1747 5160 1916 5229; x_wconf 87' lang='lat' dir='ltr'><strong>major</strong></span> <span class='ocrx_word' id='word_1_438' title='bbox 1963 5176 2105 5216; x_wconf 87' lang='lat' dir='ltr'><strong>nunc</strong></span> 
     </span>
    </p>
   </div>
   <div class='ocr_carea' id='block_1_54' title="bbox 523 5246 2106 5321">
    <p class='ocr_par' dir='ltr' id='par_1_54' title="bbox 523 5246 2106 5321">
     <span class='ocr_line' id='line_1_54' title="bbox 523 5246 2106 5321; baseline 0.008 -26"><span class='ocrx_word' id='word_1_439' title='bbox 523 5252 606 5296; x_wconf 76' lang='lat' dir='ltr'><strong>est</strong></span> <span class='ocrx_word' id='word_1_440' title='bbox 645 5246 1000 5311; x_wconf 77' lang='lat' dir='ltr'><strong>contumelia,</strong></span> <span class='ocrx_word' id='word_1_441' title='bbox 1046 5262 1166 5302; x_wconf 89' lang='lat' dir='ltr'><strong>cum</strong></span> <span class='ocrx_word' id='word_1_442' title='bbox 1208 5247 1514 5318; x_wconf 86' lang='lat' dir='ltr'><strong>loquentem</strong></span> <span class='ocrx_word' id='word_1_443' title='bbox 1554 5265 1661 5305; x_wconf 77' lang='lat' dir='ltr'><strong>non</strong></span> <span class='ocrx_word' id='word_1_444' title='bbox 1701 5250 1886 5315; x_wconf 88' lang='lat' dir='ltr'><strong>audis,</strong></span> <span class='ocrx_word' id='word_1_445' title='bbox 1933 5253 2106 5321; x_wconf 83' lang='lat' dir='ltr'><strong>major</strong></span> 
     </span>
    </p>
   </div>
   <div class='ocr_carea' id='block_1_55' title="bbox 524 5336 2106 5413">
    <p class='ocr_par' dir='ltr' id='par_1_55' title="bbox 524 5336 2106 5413">
     <span class='ocr_line' id='line_1_55' title="bbox 524 5336 2106 5413; baseline 0.006 -25"><span class='ocrx_word' id='word_1_446' title='bbox 524 5346 881 5404; x_wconf 85' lang='lat' dir='ltr'><strong>contemptus.</strong></span> <span class='ocrx_word' id='word_1_447' title='bbox 914 5336 996 5391; x_wconf 78' lang='lat' dir='ltr'><strong>Ne</strong></span> <span class='ocrx_word' id='word_1_448' title='bbox 1021 5340 1298 5409; x_wconf 74' lang='lat' dir='ltr'><strong>loquamini</strong></span> <span class='ocrx_word' id='word_1_449' title='bbox 1337 5340 1479 5394; x_wconf 83' lang='lat' dir='ltr'><strong>nobis</strong></span> <span class='ocrx_word' id='word_1_450' title='bbox 1498 5382 1512 5406; x_wconf 97' lang='lat'><strong>,</strong></span> <span class='ocrx_word' id='word_1_451' title='bbox 1542 5341 1811 5413; x_wconf 85' lang='lat' dir='ltr'><strong>quondam</strong></span> <span class='ocrx_word' id='word_1_452' title='bbox 1856 5341 2106 5398; x_wconf 85' lang='lat' dir='ltr'><strong>dicebant</strong></span> 
     </span>
    </p>
   </div>
   <div class='ocr_carea' id='block_1_56' title="bbox 506 5426 2101 5504">
    <p class='ocr_par' dir='ltr' id='par_1_56' title="bbox 506 5426 2101 5504">
     <span class='ocr_line' id='line_1_56' title="bbox 506 5426 2101 5504; baseline 0.007 -25"><span class='ocrx_word' id='word_1_453' title='bbox 506 5426 801 5497; x_wconf 78' lang='lat' dir='ltr'><strong>prophetis</strong></span> <span class='ocrx_word' id='word_1_454' title='bbox 826 5426 996 5484; x_wconf 65' lang='lat' dir='ltr'><strong>Judaei</strong></span> <span class='ocrx_word' id='word_1_455' title='bbox 1028 5447 1043 5484; x_wconf 90' lang='lat'>:</span> <span class='ocrx_word' id='word_1_456' title='bbox 1076 5446 1172 5484; x_wconf 84' lang='lat' dir='ltr'><strong>vos</strong></span> <span class='ocrx_word' id='word_1_457' title='bbox 1197 5442 1373 5486; x_wconf 90' lang='lat' dir='ltr'><strong>autem</strong></span> <span class='ocrx_word' id='word_1_458' title='bbox 1404 5434 1554 5504; x_wconf 88' lang='lat' dir='ltr'><strong>pejus</strong></span> <span class='ocrx_word' id='word_1_459' title='bbox 1583 5433 1787 5500; x_wconf 89' lang='lat' dir='ltr'><strong>facitis,</strong></span> <span class='ocrx_word' id='word_1_460' title='bbox 1820 5434 2061 5491; x_wconf 88' lang='lat' dir='ltr'><strong>dicentes</strong></span> <span class='ocrx_word' id='word_1_461' title='bbox 2086 5452 2101 5491; x_wconf 92' lang='lat'><strong>:</strong></span> 
     </span>
    </p>
   </div>
   <div class='ocr_carea' id='block_1_57' title="bbox 526 5517 2104 5596">
    <p class='ocr_par' dir='ltr' id='par_1_57' title="bbox 526 5517 2104 5596">
     <span class='ocr_line' id='line_1_57' title="bbox 526 5517 2104 5596; baseline 0.005 -22"><span class='ocrx_word' id='word_1_462' title='bbox 526 5517 604 5574; x_wconf 74' lang='lat' dir='ltr'><strong>Ne</strong></span> <span class='ocrx_word' id='word_1_463' title='bbox 632 5518 955 5589; x_wconf 83' lang='lat' dir='ltr'><strong>loquamini,</strong></span> <span class='ocrx_word' id='word_1_464' title='bbox 990 5538 1095 5577; x_wconf 88' lang='lat' dir='ltr'><strong>non</strong></span> <span class='ocrx_word' id='word_1_465' title='bbox 1117 5522 1358 5579; x_wconf 80' lang='lat' dir='ltr'><strong>facimus.</strong></span> <span class='ocrx_word' id='word_1_466' title='bbox 1391 5525 1466 5579; x_wconf 89' lang='lat' dir='ltr'><strong>Illi</strong></span> <span class='ocrx_word' id='word_1_467' title='bbox 1495 5542 1624 5596; x_wconf 82' lang='lat' dir='ltr'><strong>ergo</strong></span> <span class='ocrx_word' id='word_1_468' title='bbox 1650 5527 1965 5581; x_wconf 82' lang='lat' dir='ltr'><strong>avertebant</strong></span> <span class='ocrx_word' id='word_1_469' title='bbox 1986 5542 2104 5591; x_wconf 89' lang='lat' dir='ltr'><strong>eos,</strong></span> 
     </span>
    </p>
   </div>
   <div class='ocr_carea' id='block_1_58' title="bbox 520 5612 2106 5690">
    <p class='ocr_par' dir='ltr' id='par_1_58' title="bbox 520 5612 2106 5690">
     <span class='ocr_line' id='line_1_58' title="bbox 520 5612 2106 5690; baseline 0.006 -23"><span class='ocrx_word' id='word_1_470' title='bbox 520 5621 675 5668; x_wconf 79' lang='lat' dir='ltr'><strong>utne</strong></span> <span class='ocrx_word' id='word_1_471' title='bbox 700 5612 1062 5684; x_wconf 88' lang='lat' dir='ltr'><strong>loquerentur,</strong></span> <span class='ocrx_word' id='word_1_472' title='bbox 1089 5617 1239 5685; x_wconf 89' lang='lat' dir='ltr'><strong>quasi</strong></span> <span class='ocrx_word' id='word_1_473' title='bbox 1269 5632 1331 5671; x_wconf 83' lang='lat' dir='ltr'><strong>cx</strong></span> <span class='ocrx_word' id='word_1_474' title='bbox 1356 5618 1566 5672; x_wconf 88' lang='lat' dir='ltr'><strong>illorum</strong></span> <span class='ocrx_word' id='word_1_475' title='bbox 1599 5636 1730 5675; x_wconf 90' lang='lat' dir='ltr'><strong>voce</strong></span> <span class='ocrx_word' id='word_1_476' title='bbox 1755 5620 1986 5690; x_wconf 87' lang='lat' dir='ltr'><strong>aliquam</strong></span> <span class='ocrx_word' id='word_1_477' title='bbox 2018 5634 2106 5676; x_wconf 91' lang='lat' dir='ltr'><strong>ac-</strong></span> 
     </span>
    </p>
   </div>
   <div class='ocr_carea' id='block_1_59' title="bbox 528 5708 2106 5783">
    <p class='ocr_par' dir='ltr' id='par_1_59' title="bbox 528 5708 2106 5783">
     <span class='ocr_line' id='line_1_59' title="bbox 528 5708 2106 5783; baseline 0.003 -20"><span class='ocrx_word' id='word_1_478' title='bbox 528 5708 1006 5780; x_wconf 84' lang='lat' dir='ltr'><strong>ciperentpietatis</strong></span> <span class='ocrx_word' id='word_1_479' title='bbox 1036 5709 1371 5766; x_wconf 85' lang='lat' dir='ltr'><strong>occasionem</strong></span> <span class='ocrx_word' id='word_1_480' title='bbox 1399 5728 1413 5765; x_wconf 90' lang='lat'><strong>:</strong></span> <span class='ocrx_word' id='word_1_481' title='bbox 1442 5726 1539 5767; x_wconf 82' lang='lat' dir='ltr'><strong>vos</strong></span> <span class='ocrx_word' id='word_1_482' title='bbox 1575 5722 1751 5768; x_wconf 87' lang='lat' dir='ltr'><strong>autem</strong></span> <span class='ocrx_word' id='word_1_483' title='bbox 1784 5730 1891 5783; x_wconf 82' lang='lat' dir='ltr'><strong>prae</strong></span> <span class='ocrx_word' id='word_1_484' title='bbox 1939 5713 2106 5768; x_wconf 89' lang='lat' dir='ltr'><strong>multo</strong></span> 
     </span>
    </p>
   </div>
   <div class='ocr_carea' id='block_1_60' title="bbox 516 5801 2105 5876">
    <p class='ocr_par' dir='ltr' id='par_1_60' title="bbox 516 5801 2105 5876">
     <span class='ocr_line' id='line_1_60' title="bbox 516 5801 2105 5876; baseline 0.001 -18"><span class='ocrx_word' id='word_1_485' title='bbox 516 5815 828 5876; x_wconf 69' lang='lat' dir='ltr'><strong>contemptu</strong></span> <span class='ocrx_word' id='word_1_486' title='bbox 855 5818 1026 5875; x_wconf 84' lang='lat' dir='ltr'><strong>neque</strong></span> <span class='ocrx_word' id='word_1_487' title='bbox 1050 5803 1153 5861; x_wconf 79' lang='lat' dir='ltr'><strong>hoc</strong></span> <span class='ocrx_word' id='word_1_488' title='bbox 1185 5803 1374 5861; x_wconf 83' lang='lat' dir='ltr'><strong>facitis.</strong></span> <span class='ocrx_word' id='word_1_489' title='bbox 1404 5801 1633 5872; x_wconf 80' lang='lat' dir='ltr'><strong>Credite,</strong></span> <span class='ocrx_word' id='word_1_490' title='bbox 1664 5806 1708 5860; x_wconf 90' lang='lat' dir='ltr'><strong>si</strong></span> <span class='ocrx_word' id='word_1_491' title='bbox 1737 5804 1978 5862; x_wconf 85' lang='lat' dir='ltr'><strong>manibus</strong></span> <span class='ocrx_word' id='word_1_492' title='bbox 2013 5820 2105 5861; x_wconf 89' lang='lat' dir='ltr'><strong>ora</strong></span> 
     </span>
    </p>
   </div>
   <div class='ocr_carea' id='block_1_61' title="bbox 1221 322 3004 382">
    <p class='ocr_par' dir='ltr' id='par_1_61' title="bbox 1221 322 3004 382">
     <span class='ocr_line' id='line_1_61' title="bbox 1221 322 3004 382; baseline -0.002 -1"><span class='ocrx_word' id='word_1_493' title='bbox 1221 326 1277 381; x_wconf 93' lang='lat' dir='ltr'><strong>S.</strong></span> <span class='ocrx_word' id='word_1_494' title='bbox 1316 323 1592 382; x_wconf 70' lang='lat' dir='ltr'><strong>JOANNIS</strong></span> <span class='ocrx_word' id='word_1_495' title='bbox 1612 325 2081 380; x_wconf 65' lang='lat' dir='ltr'><strong>CllllYSOSTOlIl</strong></span> <span class='ocrx_word' id='word_1_496' title='bbox 2125 322 2437 377; x_wconf 73' lang='lat' dir='ltr'><strong>ARCIIIEP.</strong></span> <span class='ocrx_word' id='word_1_497' title='bbox 2477 322 3004 379; x_wconf 66' lang='lat' dir='ltr'><strong>CONSTANTI‘NOP.</strong></span> 
     </span>
    </p>
   </div>
   <div class='ocr_carea' id='block_1_62' title="bbox 3693 320 3798 376">
    <p class='ocr_par' dir='ltr' id='par_1_62' title="bbox 3693 320 3798 376">
     <span class='ocr_line' id='line_1_62' title="bbox 3693 320 3798 376; baseline 0.01 -1"><span class='ocrx_word' id='word_1_498' title='bbox 3693 320 3798 376; x_wconf 68' lang='grc'><strong>158</strong></span> 
     </span>
    </p>
   </div>
   <div class='ocr_carea' id='block_1_63' title="bbox 2204 440 3793 509">
    <p class='ocr_par' dir='ltr' id='par_1_63' title="bbox 2204 440 3793 509">
     <span class='ocr_line' id='line_1_63' title="bbox 2204 440 3793 509; baseline 0.002 -18"><span class='ocrx_word' id='word_1_499' title='bbox 2204 440 2547 502; x_wconf 84' lang='lat' dir='ltr'><strong>obturaretis,</strong></span> <span class='ocrx_word' id='word_1_500' title='bbox 2578 456 2682 494; x_wconf 89' lang='lat' dir='ltr'><strong>non</strong></span> <span class='ocrx_word' id='word_1_501' title='bbox 2717 449 2858 494; x_wconf 84' lang='lat' dir='ltr'><strong>tanta</strong></span> <span class='ocrx_word' id='word_1_502' title='bbox 2883 449 3024 494; x_wconf 86' lang='lat' dir='ltr'><strong>esset</strong></span> <span class='ocrx_word' id='word_1_503' title='bbox 3043 440 3360 495; x_wconf 86' lang='lat' dir='ltr'><strong>contumelia</strong></span> <span class='ocrx_word' id='word_1_504' title='bbox 3390 448 3589 509; x_wconf 83' lang='lat' dir='ltr'><strong>quanta</strong></span> <span class='ocrx_word' id='word_1_505' title='bbox 3622 455 3793 494; x_wconf 86' lang='lat' dir='ltr'><strong>nunc.</strong></span> 
     </span>
    </p>
   </div>
   <div class='ocr_carea' id='block_1_64' title="bbox 2204 528 3796 599">
    <p class='ocr_par' dir='ltr' id='par_1_64' title="bbox 2204 528 3796 599">
     <span class='ocr_line' id='line_1_64' title="bbox 2204 528 3796 599; baseline 0.003 -18"><span class='ocrx_word' id='word_1_506' title='bbox 2204 528 2295 581; x_wconf 89' lang='lat' dir='ltr'><strong>Dic</strong></span> <span class='ocrx_word' id='word_1_507' title='bbox 2316 529 2458 582; x_wconf 91' lang='lat' dir='ltr'><strong>enim</strong></span> <span class='ocrx_word' id='word_1_508' title='bbox 2486 530 2637 594; x_wconf 90' lang='lat' dir='ltr'><strong>mihi,</strong></span> <span class='ocrx_word' id='word_1_509' title='bbox 2666 531 2755 599; x_wconf 90' lang='lat' dir='ltr'><strong>qui</strong></span> <span class='ocrx_word' id='word_1_510' title='bbox 2783 529 2927 584; x_wconf 87' lang='lat' dir='ltr'><strong>audit</strong></span> <span class='ocrx_word' id='word_1_511' title='bbox 2958 540 3013 584; x_wconf 88' lang='lat' dir='ltr'><strong>et</strong></span> <span class='ocrx_word' id='word_1_512' title='bbox 3038 546 3140 583; x_wconf 90' lang='lat' dir='ltr'><strong>non</strong></span> <span class='ocrx_word' id='word_1_513' title='bbox 3169 530 3523 599; x_wconf 84' lang='lat' dir='ltr'><strong>obtemperat,</strong></span> <span class='ocrx_word' id='word_1_514' title='bbox 3548 542 3796 599; x_wconf 71' lang='lat' dir='ltr'><strong>magtsue</strong></span> 
     </span>
    </p>
   </div>
   <div class='ocr_carea' id='block_1_65' title="bbox 2198 622 3154 693">
    <p class='ocr_par' dir='ltr' id='par_1_65' title="bbox 2198 622 3154 693">
     <span class='ocr_line' id='line_1_65' title="bbox 2198 622 3154 693; baseline -0.001 -18"><span class='ocrx_word' id='word_1_515' title='bbox 2198 623 2511 683; x_wconf 80' lang='lat' dir='ltr'><strong>Contemnit.</strong></span> <span class='ocrx_word' id='word_1_516' title='bbox 2539 638 2697 693; x_wconf 85' lang='lat' dir='ltr'><strong>quam</strong></span> <span class='ocrx_word' id='word_1_517' title='bbox 2723 623 2812 693; x_wconf 86' lang='lat' dir='ltr'><strong>qui</strong></span> <span class='ocrx_word' id='word_1_518' title='bbox 2837 638 2942 677; x_wconf 93' lang='lat' dir='ltr'><strong>non</strong></span> <span class='ocrx_word' id='word_1_519' title='bbox 2969 622 3154 677; x_wconf 89' lang='lat' dir='ltr'><strong>audit?</strong></span> 
     </span>
    </p>
   </div>
   <div class='ocr_carea' id='block_1_66' title="bbox 2270 712 3784 784">
    <p class='ocr_par' dir='ltr' id='par_1_66' title="bbox 2270 712 3784 784">
     <span class='ocr_line' id='line_1_66' title="bbox 2270 712 3784 784; baseline -0.001 -16"><span class='ocrx_word' id='word_1_520' title='bbox 2270 712 2321 768; x_wconf 88' lang='grc'><strong>5-</strong></span> <span class='ocrx_word' id='word_1_521' title='bbox 2364 713 2465 767; x_wconf 92' lang='lat' dir='ltr'><strong>Sed</strong></span> <span class='ocrx_word' id='word_1_522' title='bbox 2491 729 2617 784; x_wconf 85' lang='lat' dir='ltr'><strong>age,</strong></span> <span class='ocrx_word' id='word_1_523' title='bbox 2646 715 3021 769; x_wconf 91' lang='lat' dir='ltr'><strong>contumeliam</strong></span> <span class='ocrx_word' id='word_1_524' title='bbox 3066 714 3368 783; x_wconf 86' lang='lat' dir='ltr'><strong>hujusmodi</strong></span> <span class='ocrx_word' id='word_1_525' title='bbox 3411 714 3784 784; x_wconf 73' lang='lat' dir='ltr'><strong>exploremus.</strong></span> 
     </span>
    </p>
   </div>
   <div class='ocr_carea' id='block_1_67' title="bbox 2202 804 3793 877">
    <p class='ocr_par' dir='ltr' id='par_1_67' title="bbox 2202 804 3793 877">
     <span class='ocr_line' id='line_1_67' title="bbox 2202 804 3793 877; baseline 0.003 -19"><span class='ocrx_word' id='word_1_526' title='bbox 2202 804 2256 858; x_wconf 92' lang='lat' dir='ltr'><strong>Si</strong></span> <span class='ocrx_word' id='word_1_527' title='bbox 2285 805 2403 874; x_wconf 88' lang='lat' dir='ltr'><strong>quis</strong></span> <span class='ocrx_word' id='word_1_528' title='bbox 2427 822 2549 860; x_wconf 89' lang='lat' dir='ltr'><strong>eum</strong></span> <span class='ocrx_word' id='word_1_529' title='bbox 2569 848 2583 871; x_wconf 84' lang='lat'><strong>,</strong></span> <span class='ocrx_word' id='word_1_530' title='bbox 2607 808 2693 877; x_wconf 92' lang='lat' dir='ltr'><strong>qui</strong></span> <span class='ocrx_word' id='word_1_531' title='bbox 2745 809 3065 863; x_wconf 86' lang='lat' dir='ltr'><strong>contumelia</strong></span> <span class='ocrx_word' id='word_1_532' title='bbox 3110 808 3293 872; x_wconf 78' lang='lat' dir='ltr'><strong>allicit,</strong></span> <span class='ocrx_word' id='word_1_533' title='bbox 3344 813 3620 862; x_wconf 88' lang='lat' dir='ltr'><strong>contineat</strong></span> <span class='ocrx_word' id='word_1_534' title='bbox 3647 818 3702 863; x_wconf 91' lang='lat' dir='ltr'><strong>et</strong></span> <span class='ocrx_word' id='word_1_535' title='bbox 3732 824 3793 862; x_wconf 86' lang='lat' dir='ltr'><strong>os</strong></span> 
     </span>
    </p>
   </div>
   <div class='ocr_carea' id='block_1_68' title="bbox 2200 896 3792 970">
    <p class='ocr_par' dir='ltr' id='par_1_68' title="bbox 2200 896 3792 970">
     <span class='ocr_line' id='line_1_68' title="bbox 2200 896 3792 970; baseline 0.002 -19"><span class='ocrx_word' id='word_1_536' title='bbox 2200 896 2411 951; x_wconf 86' lang='lat' dir='ltr'><strong>obturet</strong></span> <span class='ocrx_word' id='word_1_537' title='bbox 2440 900 2510 964; x_wconf 83' lang='lat' dir='ltr'><strong>ei,</strong></span> <span class='ocrx_word' id='word_1_538' title='bbox 2554 909 2821 970; x_wconf 87' lang='lat' dir='ltr'><strong>tamquam</strong></span> <span class='ocrx_word' id='word_1_539' title='bbox 2851 916 2993 970; x_wconf 73' lang='lat' dir='ltr'><strong>:cgre</strong></span> <span class='ocrx_word' id='word_1_540' title='bbox 3023 900 3204 957; x_wconf 73' lang='lat' dir='ltr'><strong>ferens</strong></span> <span class='ocrx_word' id='word_1_541' title='bbox 3238 901 3625 965; x_wconf 85' lang='lat' dir='ltr'><strong>contumelias;</strong></span> <span class='ocrx_word' id='word_1_542' title='bbox 3658 902 3792 954; x_wconf 88' lang='lat' dir='ltr'><strong>alius</strong></span> 
     </span>
    </p>
   </div>
   <div class='ocr_carea' id='block_1_69' title="bbox 2203 994 3795 1064">
    <p class='ocr_par' dir='ltr' id='par_1_69' title="bbox 2203 994 3795 1064">
     <span class='ocr_line' id='line_1_69' title="bbox 2203 994 3795 1064; baseline 0.004 -22"><span class='ocrx_word' id='word_1_543' title='bbox 2203 1006 2329 1044; x_wconf 79' lang='lat' dir='ltr'><strong>vero</strong></span> <span class='ocrx_word' id='word_1_544' title='bbox 2377 1006 2547 1060; x_wconf 89' lang='lat' dir='ltr'><strong>neque</strong></span> <span class='ocrx_word' id='word_1_545' title='bbox 2588 1003 2758 1059; x_wconf 90' lang='lat' dir='ltr'><strong>curet,</strong></span> <span class='ocrx_word' id='word_1_546' title='bbox 2808 1009 2979 1064; x_wconf 87' lang='lat' dir='ltr'><strong>neque</strong></span> <span class='ocrx_word' id='word_1_547' title='bbox 3024 994 3305 1049; x_wconf 90' lang='lat' dir='ltr'><strong>advertere</strong></span> <span class='ocrx_word' id='word_1_548' title='bbox 3351 994 3640 1049; x_wconf 88' lang='lat' dir='ltr'><strong>videatur:</strong></span> <span class='ocrx_word' id='word_1_549' title='bbox 3674 1005 3795 1049; x_wconf 88' lang='lat' dir='ltr'><strong>uter</strong></span> 
     </span>
    </p>
   </div>
   <div class='ocr_carea' id='block_1_70' title="bbox 2202 1085 3796 1156">
    <p class='ocr_par' dir='ltr' id='par_1_70' title="bbox 2202 1085 3796 1156">
     <span class='ocr_line' id='line_1_70' title="bbox 2202 1085 3796 1156; baseline 0.001 -18"><span class='ocrx_word' id='word_1_550' title='bbox 2202 1087 2371 1153; x_wconf 86' lang='lat' dir='ltr'><strong>magis</strong></span> <span class='ocrx_word' id='word_1_551' title='bbox 2399 1085 2732 1139; x_wconf 85' lang='lat' dir='ltr'><strong>contemnit?</strong></span> <span class='ocrx_word' id='word_1_552' title='bbox 2778 1101 2952 1140; x_wconf 89' lang='lat' dir='ltr'><strong>annon</strong></span> <span class='ocrx_word' id='word_1_553' title='bbox 2988 1088 3107 1141; x_wconf 91' lang='lat' dir='ltr'><strong>hic?</strong></span> <span class='ocrx_word' id='word_1_554' title='bbox 3152 1086 3241 1141; x_wconf 89' lang='lat' dir='ltr'><strong>Ille</strong></span> <span class='ocrx_word' id='word_1_555' title='bbox 3285 1103 3514 1156; x_wconf 90' lang='lat' dir='ltr'><strong>namque</strong></span> <span class='ocrx_word' id='word_1_556' title='bbox 3552 1086 3796 1143; x_wconf 86' lang='lat' dir='ltr'><strong>declarat</strong></span> 
     </span>
    </p>
   </div>
   <div class='ocr_carea' id='block_1_71' title="bbox 2202 1176 3790 1247">
    <p class='ocr_par' dir='ltr' id='par_1_71' title="bbox 2202 1176 3790 1247">
     <span class='ocr_line' id='line_1_71' title="bbox 2202 1176 3790 1247; baseline 0.001 -18"><span class='ocrx_word' id='word_1_557' title='bbox 2202 1191 2261 1229; x_wconf 83' lang='lat' dir='ltr'><strong>se</strong></span> <span class='ocrx_word' id='word_1_558' title='bbox 2304 1176 2507 1245; x_wconf 81' lang='lat' dir='ltr'><strong>plagam</strong></span> <span class='ocrx_word' id='word_1_559' title='bbox 2552 1178 2831 1247; x_wconf 84' lang='lat' dir='ltr'><strong>accipere;</strong></span> <span class='ocrx_word' id='word_1_560' title='bbox 2880 1177 2966 1233; x_wconf 90' lang='lat' dir='ltr'><strong>hic</strong></span> <span class='ocrx_word' id='word_1_561' title='bbox 3011 1194 3139 1233; x_wconf 78' lang='lat' dir='ltr'><strong>vero</strong></span> <span class='ocrx_word' id='word_1_562' title='bbox 3183 1178 3296 1233; x_wconf 79' lang='lat' dir='ltr'><strong>fere</strong></span> <span class='ocrx_word' id='word_1_563' title='bbox 3340 1193 3400 1232; x_wconf 85' lang='lat' dir='ltr'><strong>os</strong></span> <span class='ocrx_word' id='word_1_564' title='bbox 3428 1179 3644 1233; x_wconf 89' lang='lat' dir='ltr'><strong>obturat</strong></span> <span class='ocrx_word' id='word_1_565' title='bbox 3672 1179 3790 1233; x_wconf 76' lang='lat' dir='ltr'><strong>Dei.</strong></span> 
     </span>
    </p>
   </div>
   <div class='ocr_carea' id='block_1_72' title="bbox 2207 1266 3795 1340">
    <p class='ocr_par' dir='ltr' id='par_1_72' title="bbox 2207 1266 3795 1340">
     <span class='ocr_line' id='line_1_72' title="bbox 2207 1266 3795 1340; baseline 0.003 -20"><span class='ocrx_word' id='word_1_566' title='bbox 2207 1266 2445 1323; x_wconf 80' lang='lat' dir='ltr'><strong>Ilorretis</strong></span> <span class='ocrx_word' id='word_1_567' title='bbox 2471 1268 2672 1322; x_wconf 89' lang='lat' dir='ltr'><strong>dictum</strong></span> <span class='ocrx_word' id='word_1_568' title='bbox 2698 1286 2713 1333; x_wconf 90' lang='lat'><strong>;</strong></span> <span class='ocrx_word' id='word_1_569' title='bbox 2747 1271 2839 1324; x_wconf 90' lang='lat' dir='ltr'><strong>sed</strong></span> <span class='ocrx_word' id='word_1_570' title='bbox 2865 1269 2988 1324; x_wconf 88' lang='lat' dir='ltr'><strong>audi</strong></span> <span class='ocrx_word' id='word_1_571' title='bbox 3012 1272 3282 1340; x_wconf 88' lang='lat' dir='ltr'><strong>quomodo</strong></span> <span class='ocrx_word' id='word_1_572' title='bbox 3313 1271 3414 1325; x_wconf 90' lang='lat' dir='ltr'><strong>hoc</strong></span> <span class='ocrx_word' id='word_1_573' title='bbox 3440 1271 3549 1326; x_wconf 87' lang='lat' dir='ltr'><strong>ﬁat.</strong></span> <span class='ocrx_word' id='word_1_574' title='bbox 3577 1270 3673 1337; x_wconf 89' lang='lat' dir='ltr'><strong>Os,</strong></span> <span class='ocrx_word' id='word_1_575' title='bbox 3695 1285 3795 1340; x_wconf 87' lang='lat' dir='ltr'><strong>per</strong></span> 
     </span>
    </p>
   </div>
   <div class='ocr_carea' id='block_1_73' title="bbox 2204 1361 3795 1430">
    <p class='ocr_par' dir='ltr' id='par_1_73' title="bbox 2204 1361 3795 1430">
     <span class='ocr_line' id='line_1_73' title="bbox 2204 1361 3795 1430; baseline 0.003 -16"><span class='ocrx_word' id='word_1_576' title='bbox 2204 1362 2343 1430; x_wconf 90' lang='lat' dir='ltr'><strong>quod</strong></span> <span class='ocrx_word' id='word_1_577' title='bbox 2392 1361 2624 1430; x_wconf 89' lang='lat' dir='ltr'><strong>loquitur</strong></span> <span class='ocrx_word' id='word_1_578' title='bbox 2671 1362 2813 1417; x_wconf 89' lang='lat' dir='ltr'><strong>Deus</strong></span> <span class='ocrx_word' id='word_1_579' title='bbox 2839 1406 2852 1427; x_wconf 95' lang='lat'><strong>,</strong></span> <span class='ocrx_word' id='word_1_580' title='bbox 2886 1379 2947 1418; x_wconf 89' lang='lat' dir='ltr'><strong>os</strong></span> <span class='ocrx_word' id='word_1_581' title='bbox 2975 1364 3068 1417; x_wconf 85' lang='lat' dir='ltr'><strong>Dei</strong></span> <span class='ocrx_word' id='word_1_582' title='bbox 3098 1374 3198 1418; x_wconf 84' lang='lat' dir='ltr'><strong>est.</strong></span> <span class='ocrx_word' id='word_1_583' title='bbox 3255 1364 3404 1417; x_wconf 83' lang='lat' dir='ltr'><strong>Sicut</strong></span> <span class='ocrx_word' id='word_1_584' title='bbox 3430 1365 3571 1419; x_wconf 91' lang='lat' dir='ltr'><strong>enim</strong></span> <span class='ocrx_word' id='word_1_585' title='bbox 3602 1363 3707 1418; x_wconf 89' lang='lat' dir='ltr'><strong>hoc</strong></span> <span class='ocrx_word' id='word_1_586' title='bbox 3731 1379 3795 1419; x_wconf 81' lang='lat' dir='ltr'><strong>os</strong></span> 
     </span>
    </p>
   </div>
   <div class='ocr_carea' id='block_1_74' title="bbox 2204 1454 3797 1520">
    <p class='ocr_par' dir='ltr' id='par_1_74' title="bbox 2204 1454 3797 1520">
     <span class='ocr_line' id='line_1_74' title="bbox 2204 1454 3797 1520; baseline 0.002 -14"><span class='ocrx_word' id='word_1_587' title='bbox 2204 1454 2397 1507; x_wconf 84' lang='lat' dir='ltr'><strong>animae</strong></span> <span class='ocrx_word' id='word_1_588' title='bbox 2429 1464 2626 1508; x_wconf 69' lang='lat' dir='ltr'><strong>nostra:</strong></span> <span class='ocrx_word' id='word_1_589' title='bbox 2654 1462 2737 1508; x_wconf 89' lang='lat' dir='ltr'><strong>est</strong></span> <span class='ocrx_word' id='word_1_590' title='bbox 2760 1495 2776 1520; x_wconf 95' lang='lat'><strong>,</strong></span> <span class='ocrx_word' id='word_1_591' title='bbox 2806 1455 2905 1509; x_wconf 92' lang='lat' dir='ltr'><strong>etsi</strong></span> <span class='ocrx_word' id='word_1_592' title='bbox 2933 1456 3110 1509; x_wconf 90' lang='lat' dir='ltr'><strong>anima</strong></span> <span class='ocrx_word' id='word_1_593' title='bbox 3143 1474 3201 1507; x_wconf 74' lang='lat' dir='ltr'><strong>os</strong></span> <span class='ocrx_word' id='word_1_594' title='bbox 3234 1472 3336 1508; x_wconf 86' lang='lat' dir='ltr'><strong>nou</strong></span> <span class='ocrx_word' id='word_1_595' title='bbox 3369 1455 3557 1509; x_wconf 85' lang='lat' dir='ltr'><strong>haheat</strong></span> <span class='ocrx_word' id='word_1_596' title='bbox 3590 1474 3602 1508; x_wconf 94' lang='lat'><strong>:</strong></span> <span class='ocrx_word' id='word_1_597' title='bbox 3634 1456 3711 1508; x_wconf 93' lang='lat' dir='ltr'><strong>sic</strong></span> <span class='ocrx_word' id='word_1_598' title='bbox 3740 1464 3797 1509; x_wconf 89' lang='lat' dir='ltr'><strong>et</strong></span> 
     </span>
    </p>
   </div>
   <div class='ocr_carea' id='block_1_75' title="bbox 2204 1545 3793 1615">
    <p class='ocr_par' dir='ltr' id='par_1_75' title="bbox 2204 1545 3793 1615">
     <span class='ocr_line' id='line_1_75' title="bbox 2204 1545 3793 1615; baseline 0.002 -18"><span class='ocrx_word' id='word_1_599' title='bbox 2204 1560 2266 1599; x_wconf 92' lang='lat' dir='ltr'><strong>os</strong></span> <span class='ocrx_word' id='word_1_600' title='bbox 2306 1545 2684 1615; x_wconf 87' lang='lat' dir='ltr'><strong>prophetarum</strong></span> <span class='ocrx_word' id='word_1_601' title='bbox 2724 1555 2807 1601; x_wconf 93' lang='lat' dir='ltr'><strong>est</strong></span> <span class='ocrx_word' id='word_1_602' title='bbox 2850 1562 2913 1602; x_wconf 91' lang='lat' dir='ltr'><strong>os</strong></span> <span class='ocrx_word' id='word_1_603' title='bbox 2960 1548 3077 1602; x_wconf 87' lang='lat' dir='ltr'><strong>Dei.</strong></span> <span class='ocrx_word' id='word_1_604' title='bbox 3138 1548 3330 1602; x_wconf 81' lang='lat' dir='ltr'><strong>Audite</strong></span> <span class='ocrx_word' id='word_1_605' title='bbox 3372 1557 3428 1602; x_wconf 91' lang='lat' dir='ltr'><strong>et</strong></span> <span class='ocrx_word' id='word_1_606' title='bbox 3472 1548 3793 1602; x_wconf 60' lang='lat' dir='ltr'><strong>horrescite.</strong></span> 
     </span>
    </p>
   </div>
   <div class='ocr_carea' id='block_1_76' title="bbox 2204 1639 3797 1710">
    <p class='ocr_par' dir='ltr' id='par_1_76' title="bbox 2204 1639 3797 1710">
     <span class='ocr_line' id='line_1_76' title="bbox 2204 1639 3797 1710; baseline 0.001 -17"><span class='ocrx_word' id='word_1_607' title='bbox 2204 1639 2515 1693; x_wconf 89' lang='lat' dir='ltr'><strong>Communis</strong></span> <span class='ocrx_word' id='word_1_608' title='bbox 2544 1650 2625 1694; x_wconf 86' lang='lat' dir='ltr'><strong>est</strong></span> <span class='ocrx_word' id='word_1_609' title='bbox 2650 1640 2907 1695; x_wconf 90' lang='lat' dir='ltr'><strong>diaconus</strong></span> <span class='ocrx_word' id='word_1_610' title='bbox 2950 1641 3042 1695; x_wconf 90' lang='lat' dir='ltr'><strong>ille</strong></span> <span class='ocrx_word' id='word_1_611' title='bbox 3063 1685 3075 1704; x_wconf 84' lang='lat'><strong>,</strong></span> <span class='ocrx_word' id='word_1_612' title='bbox 3104 1642 3191 1710; x_wconf 89' lang='lat' dir='ltr'><strong>qui</strong></span> <span class='ocrx_word' id='word_1_613' title='bbox 3234 1652 3337 1695; x_wconf 90' lang='lat' dir='ltr'><strong>stat</strong></span> <span class='ocrx_word' id='word_1_614' title='bbox 3368 1650 3419 1696; x_wconf 88' lang='lat' dir='ltr'><strong>et</strong></span> <span class='ocrx_word' id='word_1_615' title='bbox 3447 1642 3663 1707; x_wconf 90' lang='lat' dir='ltr'><strong>clamat,</strong></span> <span class='ocrx_word' id='word_1_616' title='bbox 3694 1642 3797 1694; x_wconf 78' lang='grc' dir='ltr'><strong>Αι-</strong></span> 
     </span>
    </p>
   </div>
   <div class='ocr_carea' id='block_1_77' title="bbox 2207 1735 3803 1806">
    <p class='ocr_par' dir='ltr' id='par_1_77' title="bbox 2207 1735 3803 1806">
     <span class='ocr_line' id='line_1_77' title="bbox 2207 1735 3803 1806; baseline 0.004 -20"><span class='ocrx_word' id='word_1_617' title='bbox 2207 1736 2500 1800; x_wconf 83' lang='lat' dir='ltr'><strong>tendamus;</strong></span> <span class='ocrx_word' id='word_1_618' title='bbox 2528 1735 2686 1805; x_wconf 91' lang='lat' dir='ltr'><strong>idque</strong></span> <span class='ocrx_word' id='word_1_619' title='bbox 2706 1751 2849 1806; x_wconf 60' lang='lat' dir='ltr'><strong>sa‘pe</strong></span> <span class='ocrx_word' id='word_1_620' title='bbox 2870 1738 3081 1806; x_wconf 91' lang='lat' dir='ltr'><strong>repetit.</strong></span> <span class='ocrx_word' id='word_1_621' title='bbox 3112 1738 3232 1791; x_wconf 63' lang='lat' dir='ltr'><strong>llaec</strong></span> <span class='ocrx_word' id='word_1_622' title='bbox 3256 1752 3354 1790; x_wconf 84' lang='lat' dir='ltr'><strong>vox</strong></span> <span class='ocrx_word' id='word_1_623' title='bbox 3376 1737 3624 1792; x_wconf 70' lang='lat' dir='ltr'><strong>Ecclesia:</strong></span> <span class='ocrx_word' id='word_1_624' title='bbox 3647 1753 3803 1792; x_wconf 88' lang='lat' dir='ltr'><strong>com-</strong></span> 
     </span>
    </p>
   </div>
   <div class='ocr_carea' id='block_1_78' title="bbox 2207 1828 3803 1899">
    <p class='ocr_par' dir='ltr' id='par_1_78' title="bbox 2207 1828 3803 1899">
     <span class='ocr_line' id='line_1_78' title="bbox 2207 1828 3803 1899; baseline 0.003 -18"><span class='ocrx_word' id='word_1_625' title='bbox 2207 1828 2385 1882; x_wconf 90' lang='lat' dir='ltr'><strong>munis</strong></span> <span class='ocrx_word' id='word_1_626' title='bbox 2415 1839 2517 1894; x_wconf 89' lang='lat' dir='ltr'><strong>est,</strong></span> <span class='ocrx_word' id='word_1_627' title='bbox 2546 1838 2598 1884; x_wconf 89' lang='lat' dir='ltr'><strong>et</strong></span> <span class='ocrx_word' id='word_1_628' title='bbox 2622 1846 2779 1885; x_wconf 70' lang='lat' dir='ltr'><strong>nemo</strong></span> <span class='ocrx_word' id='word_1_629' title='bbox 2806 1830 3052 1884; x_wconf 90' lang='lat' dir='ltr'><strong>attendit.</strong></span> <span class='ocrx_word' id='word_1_630' title='bbox 3082 1831 3207 1883; x_wconf 80' lang='lat' dir='ltr'><strong>Post</strong></span> <span class='ocrx_word' id='word_1_631' title='bbox 3236 1831 3381 1884; x_wconf 91' lang='lat' dir='ltr'><strong>illum</strong></span> <span class='ocrx_word' id='word_1_632' title='bbox 3410 1831 3596 1899; x_wconf 89' lang='lat' dir='ltr'><strong>incipit</strong></span> <span class='ocrx_word' id='word_1_633' title='bbox 3624 1831 3803 1886; x_wconf 88' lang='lat' dir='ltr'><strong>lector</strong></span> 
     </span>
    </p>
   </div>
   <div class='ocr_carea' id='block_1_79' title="bbox 2208 1921 3803 1995">
    <p class='ocr_par' dir='ltr' id='par_1_79' title="bbox 2208 1921 3803 1995">
     <span class='ocr_line' id='line_1_79' title="bbox 2208 1921 3803 1995; baseline 0.006 -22"><span class='ocrx_word' id='word_1_634' title='bbox 2208 1921 2541 1991; x_wconf 83' lang='lat' dir='ltr'><strong>prophetiam</strong></span> <span class='ocrx_word' id='word_1_635' title='bbox 2576 1923 2722 1977; x_wconf 85' lang='lat' dir='ltr'><strong>Isaia:</strong></span> <span class='ocrx_word' id='word_1_636' title='bbox 2751 1941 2765 1978; x_wconf 90' lang='lat'><strong>:</strong></span> <span class='ocrx_word' id='word_1_637' title='bbox 2796 1939 2969 1993; x_wconf 87' lang='lat' dir='ltr'><strong>neque</strong></span> <span class='ocrx_word' id='word_1_638' title='bbox 2993 1925 3071 1979; x_wconf 90' lang='lat' dir='ltr'><strong>sic</strong></span> <span class='ocrx_word' id='word_1_639' title='bbox 3093 1925 3321 1979; x_wconf 90' lang='lat' dir='ltr'><strong>attendit</strong></span> <span class='ocrx_word' id='word_1_640' title='bbox 3362 1924 3660 1995; x_wconf 80' lang='lat' dir='ltr'><strong>quispiam,</strong></span> <span class='ocrx_word' id='word_1_641' title='bbox 3692 1926 3803 1982; x_wconf 83' lang='lat' dir='ltr'><strong>etsi</strong></span> 
     </span>
    </p>
   </div>
   <div class='ocr_carea' id='block_1_80' title="bbox 2210 2014 3801 2085">
    <p class='ocr_par' dir='ltr' id='par_1_80' title="bbox 2210 2014 3801 2085">
     <span class='ocr_line' id='line_1_80' title="bbox 2210 2014 3801 2085; baseline 0.001 -17"><span class='ocrx_word' id='word_1_642' title='bbox 2210 2014 2487 2085; x_wconf 88' lang='lat' dir='ltr'><strong>prophetia</strong></span> <span class='ocrx_word' id='word_1_643' title='bbox 2541 2015 2830 2070; x_wconf 87' lang='lat' dir='ltr'><strong>humanum</strong></span> <span class='ocrx_word' id='word_1_644' title='bbox 2872 2017 3002 2070; x_wconf 92' lang='lat' dir='ltr'><strong>nihil</strong></span> <span class='ocrx_word' id='word_1_645' title='bbox 3042 2015 3257 2072; x_wconf 89' lang='lat' dir='ltr'><strong>habeat.</strong></span> <span class='ocrx_word' id='word_1_646' title='bbox 3311 2016 3513 2071; x_wconf 89' lang='lat' dir='ltr'><strong>Deinde</strong></span> <span class='ocrx_word' id='word_1_647' title='bbox 3562 2015 3801 2071; x_wconf 84' lang='lat' dir='ltr'><strong>auditori</strong></span> 
     </span>
    </p>
   </div>
   <div class='ocr_carea' id='block_1_81' title="bbox 2208 2105 3795 2178">
    <p class='ocr_par' dir='ltr' id='par_1_81' title="bbox 2208 2105 3795 2178">
     <span class='ocr_line' id='line_1_81' title="bbox 2208 2105 3795 2178; baseline 0.001 -18"><span class='ocrx_word' id='word_1_648' title='bbox 2208 2106 2485 2171; x_wconf 90' lang='lat' dir='ltr'><strong>enuntiat,</strong></span> <span class='ocrx_word' id='word_1_649' title='bbox 2520 2105 2647 2160; x_wconf 70' lang='lat' dir='ltr'><strong>Han:</strong></span> <span class='ocrx_word' id='word_1_650' title='bbox 2697 2108 2816 2160; x_wconf 83' lang='lat' dir='ltr'><strong>dicit</strong></span> <span class='ocrx_word' id='word_1_651' title='bbox 2865 2107 3149 2173; x_wconf 80' lang='lat' dir='ltr'><strong>Dominus;</strong></span> <span class='ocrx_word' id='word_1_652' title='bbox 3199 2108 3487 2178; x_wconf 90' lang='lat' dir='ltr'><strong>nullusque</strong></span> <span class='ocrx_word' id='word_1_653' title='bbox 3538 2107 3795 2165; x_wconf 88' lang='lat' dir='ltr'><strong>attendit.</strong></span> 
     </span>
    </p>
   </div>
   <div class='ocr_carea' id='block_1_82' title="bbox 2210 2196 3798 2269">
    <p class='ocr_par' dir='ltr' id='par_1_82' title="bbox 2210 2196 3798 2269">
     <span class='ocr_line' id='line_1_82' title="bbox 2210 2196 3798 2269; baseline 0.004 -20"><span class='ocrx_word' id='word_1_654' title='bbox 2210 2196 2348 2264; x_wconf 89' lang='lat' dir='ltr'><strong>Quid</strong></span> <span class='ocrx_word' id='word_1_655' title='bbox 2374 2198 2535 2252; x_wconf 88' lang='lat' dir='ltr'><strong>dico?</strong></span> <span class='ocrx_word' id='word_1_656' title='bbox 2581 2197 2882 2254; x_wconf 82' lang='lat' dir='ltr'><strong>Tremenda</strong></span> <span class='ocrx_word' id='word_1_657' title='bbox 2913 2200 3157 2269; x_wconf 63' lang='lat' dir='ltr'><strong>quaedam</strong></span> <span class='ocrx_word' id='word_1_658' title='bbox 3187 2210 3239 2255; x_wconf 90' lang='lat' dir='ltr'><strong>et</strong></span> <span class='ocrx_word' id='word_1_659' title='bbox 3264 2199 3529 2255; x_wconf 85' lang='lat' dir='ltr'><strong>horrenda</strong></span> <span class='ocrx_word' id='word_1_660' title='bbox 3568 2210 3752 2254; x_wconf 89' lang='lat' dir='ltr'><strong>narrat</strong></span> <span class='ocrx_word' id='word_1_661' title='bbox 3783 2218 3798 2255; x_wconf 91' lang='lat'><strong>:</strong></span> 
     </span>
    </p>
   </div>
   <div class='ocr_carea' id='block_1_83' title="bbox 2211 2290 3802 2360">
    <p class='ocr_par' dir='ltr' id='par_1_83' title="bbox 2211 2290 3802 2360">
     <span class='ocr_line' id='line_1_83' title="bbox 2211 2290 3802 2360; baseline 0 -17"><span class='ocrx_word' id='word_1_662' title='bbox 2211 2305 2383 2360; x_wconf 89' lang='lat' dir='ltr'><strong>neque</strong></span> <span class='ocrx_word' id='word_1_663' title='bbox 2400 2290 2540 2344; x_wconf 92' lang='lat' dir='ltr'><strong>ullus</strong></span> <span class='ocrx_word' id='word_1_664' title='bbox 2557 2300 2641 2346; x_wconf 91' lang='lat' dir='ltr'><strong>est</strong></span> <span class='ocrx_word' id='word_1_665' title='bbox 2660 2292 2748 2359; x_wconf 93' lang='lat' dir='ltr'><strong>qui</strong></span> <span class='ocrx_word' id='word_1_666' title='bbox 2767 2292 3026 2345; x_wconf 88' lang='lat' dir='ltr'><strong>attendat.</strong></span> <span class='ocrx_word' id='word_1_667' title='bbox 3048 2290 3242 2346; x_wconf 79' lang='lat' dir='ltr'><strong>Verum</strong></span> <span class='ocrx_word' id='word_1_668' title='bbox 3265 2291 3388 2360; x_wconf 92' lang='lat' dir='ltr'><strong>quid</strong></span> <span class='ocrx_word' id='word_1_669' title='bbox 3412 2290 3595 2345; x_wconf 90' lang='lat' dir='ltr'><strong>dicunt</strong></span> <span class='ocrx_word' id='word_1_670' title='bbox 3612 2290 3802 2344; x_wconf 82' lang='lat' dir='ltr'><strong>multi?</strong></span> 
     </span>
    </p>
   </div>
   <div class='ocr_carea' id='block_1_84' title="bbox 2212 2380 3801 2452">
    <p class='ocr_par' dir='ltr' id='par_1_84' title="bbox 2212 2380 3801 2452">
     <span class='ocr_line' id='line_1_84' title="bbox 2212 2380 3801 2452; baseline -0.001 -15"><span class='ocrx_word' id='word_1_671' title='bbox 2212 2381 2440 2451; x_wconf 90' lang='lat' dir='ltr'><strong>Semper</strong></span> <span class='ocrx_word' id='word_1_672' title='bbox 2466 2380 2649 2436; x_wconf 86' lang='lat' dir='ltr'><strong>eadem</strong></span> <span class='ocrx_word' id='word_1_673' title='bbox 2688 2382 2832 2452; x_wconf 82' lang='lat' dir='ltr'><strong>legit.</strong></span> <span class='ocrx_word' id='word_1_674' title='bbox 2868 2382 2979 2437; x_wconf 89' lang='lat' dir='ltr'><strong>lloc</strong></span> <span class='ocrx_word' id='word_1_675' title='bbox 3007 2382 3237 2435; x_wconf 71' lang='lat' dir='ltr'><strong>maxime</strong></span> <span class='ocrx_word' id='word_1_676' title='bbox 3262 2396 3356 2435; x_wconf 91' lang='lat' dir='ltr'><strong>vos</strong></span> <span class='ocrx_word' id='word_1_677' title='bbox 3387 2381 3579 2451; x_wconf 90' lang='lat' dir='ltr'><strong>perdit.</strong></span> <span class='ocrx_word' id='word_1_678' title='bbox 3607 2380 3662 2437; x_wconf 92' lang='lat' dir='ltr'><strong>Si</strong></span> <span class='ocrx_word' id='word_1_679' title='bbox 3697 2383 3801 2435; x_wconf 84' lang='lat' dir='ltr'><strong>ita-</strong></span> 
     </span>
    </p>
   </div>
   <div class='ocr_carea' id='block_1_85' title="bbox 2211 2473 3802 2544">
    <p class='ocr_par' dir='ltr' id='par_1_85' title="bbox 2211 2473 3802 2544">
     <span class='ocr_line' id='line_1_85' title="bbox 2211 2473 3802 2544; baseline 0.003 -20"><span class='ocrx_word' id='word_1_680' title='bbox 2211 2488 2315 2543; x_wconf 87' lang='lat' dir='ltr'><strong>que</strong></span> <span class='ocrx_word' id='word_1_681' title='bbox 2337 2473 2426 2539; x_wconf 86' lang='lat' dir='ltr'><strong>illa</strong></span> <span class='ocrx_word' id='word_1_682' title='bbox 2455 2474 2684 2537; x_wconf 90' lang='lat' dir='ltr'><strong>sciretis,</strong></span> <span class='ocrx_word' id='word_1_683' title='bbox 2709 2488 2881 2544; x_wconf 91' lang='lat' dir='ltr'><strong>neque</strong></span> <span class='ocrx_word' id='word_1_684' title='bbox 2905 2474 2983 2528; x_wconf 83' lang='lat' dir='ltr'><strong>sic</strong></span> <span class='ocrx_word' id='word_1_685' title='bbox 3005 2482 3279 2542; x_wconf 87' lang='lat' dir='ltr'><strong>oporteret</strong></span> <span class='ocrx_word' id='word_1_686' title='bbox 3310 2476 3476 2528; x_wconf 88' lang='lat' dir='ltr'><strong>averti</strong></span> <span class='ocrx_word' id='word_1_687' title='bbox 3506 2490 3520 2527; x_wconf 88' lang='lat'><strong>:</strong></span> <span class='ocrx_word' id='word_1_688' title='bbox 3548 2473 3802 2543; x_wconf 83' lang='lat' dir='ltr'><strong>quando-</strong></span> 
     </span>
    </p>
   </div>
   <div class='ocr_carea' id='block_1_86' title="bbox 2212 2565 3806 2637">
    <p class='ocr_par' dir='ltr' id='par_1_86' title="bbox 2212 2565 3806 2637">
     <span class='ocr_line' id='line_1_86' title="bbox 2212 2565 3806 2637; baseline 0.001 -18"><span class='ocrx_word' id='word_1_689' title='bbox 2212 2566 2424 2636; x_wconf 91' lang='lat' dir='ltr'><strong>quidem</strong></span> <span class='ocrx_word' id='word_1_690' title='bbox 2457 2567 2509 2619; x_wconf 88' lang='lat' dir='ltr'><strong>in</strong></span> <span class='ocrx_word' id='word_1_691' title='bbox 2543 2565 2765 2620; x_wconf 88' lang='lat' dir='ltr'><strong>theatris</strong></span> <span class='ocrx_word' id='word_1_692' title='bbox 2816 2566 3002 2621; x_wconf 90' lang='lat' dir='ltr'><strong>eadem</strong></span> <span class='ocrx_word' id='word_1_693' title='bbox 3040 2566 3153 2636; x_wconf 90' lang='lat' dir='ltr'><strong>ipsa</strong></span> <span class='ocrx_word' id='word_1_694' title='bbox 3180 2581 3395 2637; x_wconf 88' lang='lat' dir='ltr'><strong>semper</strong></span> <span class='ocrx_word' id='word_1_695' title='bbox 3441 2566 3592 2630; x_wconf 87' lang='lat' dir='ltr'><strong>ﬁunt,</strong></span> <span class='ocrx_word' id='word_1_696' title='bbox 3622 2581 3806 2634; x_wconf 89' lang='lat' dir='ltr'><strong>neque</strong></span> 
     </span>
    </p>
   </div>
   <div class='ocr_carea' id='block_1_87' title="bbox 2216 2658 3811 2730">
    <p class='ocr_par' dir='ltr' id='par_1_87' title="bbox 2216 2658 3811 2730">
     <span class='ocr_line' id='line_1_87' title="bbox 2216 2658 3811 2730; baseline -0.001 -16"><span class='ocrx_word' id='word_1_697' title='bbox 2216 2668 2389 2714; x_wconf 87' lang='lat' dir='ltr'><strong>tamen</strong></span> <span class='ocrx_word' id='word_1_698' title='bbox 2416 2659 2704 2713; x_wconf 87' lang='lat' dir='ltr'><strong>satiamiui.</strong></span> <span class='ocrx_word' id='word_1_699' title='bbox 2732 2658 2918 2727; x_wconf 89' lang='lat' dir='ltr'><strong>Qualia</strong></span> <span class='ocrx_word' id='word_1_700' title='bbox 2948 2658 3129 2715; x_wconf 90' lang='lat' dir='ltr'><strong>dicere</strong></span> <span class='ocrx_word' id='word_1_701' title='bbox 3154 2659 3339 2723; x_wconf 84' lang='lat' dir='ltr'><strong>audes,</strong></span> <span class='ocrx_word' id='word_1_702' title='bbox 3364 2659 3451 2730; x_wconf 91' lang='lat' dir='ltr'><strong>qui</strong></span> <span class='ocrx_word' id='word_1_703' title='bbox 3479 2674 3544 2713; x_wconf 89' lang='lat' dir='ltr'><strong>ne</strong></span> <span class='ocrx_word' id='word_1_704' title='bbox 3565 2658 3811 2729; x_wconf 86' lang='lat' dir='ltr'><strong>prophe-</strong></span> 
     </span>
    </p>
   </div>
   <div class='ocr_carea' id='block_1_88' title="bbox 2214 2752 3799 2824">
    <p class='ocr_par' dir='ltr' id='par_1_88' title="bbox 2214 2752 3799 2824">
     <span class='ocr_line' id='line_1_88' title="bbox 2214 2752 3799 2824; baseline 0.001 -18"><span class='ocrx_word' id='word_1_705' title='bbox 2214 2762 2386 2807; x_wconf 90' lang='lat' dir='ltr'><strong>tarum</strong></span> <span class='ocrx_word' id='word_1_706' title='bbox 2421 2752 2635 2807; x_wconf 90' lang='lat' dir='ltr'><strong>nomina</strong></span> <span class='ocrx_word' id='word_1_707' title='bbox 2686 2753 2901 2824; x_wconf 79' lang='lat' dir='ltr'><strong>quidem</strong></span> <span class='ocrx_word' id='word_1_708' title='bbox 2950 2755 3129 2807; x_wconf 82' lang='lat' dir='ltr'><strong>nosti?</strong></span> <span class='ocrx_word' id='word_1_709' title='bbox 3175 2752 3292 2807; x_wconf 90' lang='lat' dir='ltr'><strong>Non</strong></span> <span class='ocrx_word' id='word_1_710' title='bbox 3322 2760 3374 2806; x_wconf 86' lang='lat' dir='ltr'><strong>te</strong></span> <span class='ocrx_word' id='word_1_711' title='bbox 3407 2752 3565 2822; x_wconf 88' lang='lat' dir='ltr'><strong>pudet</strong></span> <span class='ocrx_word' id='word_1_712' title='bbox 3590 2752 3799 2818; x_wconf 74' lang='lat' dir='ltr'><strong>dicere,</strong></span> 
     </span>
    </p>
   </div>
   <div class='ocr_carea' id='block_1_89' title="bbox 2214 2843 3805 2914">
    <p class='ocr_par' dir='ltr' id='par_1_89' title="bbox 2214 2843 3805 2914">
     <span class='ocr_line' id='line_1_89' title="bbox 2214 2843 3805 2914; baseline -0.001 -15"><span class='ocrx_word' id='word_1_713' title='bbox 2214 2854 2266 2899; x_wconf 88' lang='lat' dir='ltr'><strong>te</strong></span> <span class='ocrx_word' id='word_1_714' title='bbox 2295 2844 2416 2899; x_wconf 90' lang='lat' dir='ltr'><strong>ideo</strong></span> <span class='ocrx_word' id='word_1_715' title='bbox 2447 2861 2552 2899; x_wconf 89' lang='lat' dir='ltr'><strong>non</strong></span> <span class='ocrx_word' id='word_1_716' title='bbox 2581 2844 2783 2909; x_wconf 88' lang='lat' dir='ltr'><strong>audire,</strong></span> <span class='ocrx_word' id='word_1_717' title='bbox 2815 2845 2937 2914; x_wconf 90' lang='lat' dir='ltr'><strong>quia</strong></span> <span class='ocrx_word' id='word_1_718' title='bbox 2964 2843 3152 2899; x_wconf 87' lang='lat' dir='ltr'><strong>eadem</strong></span> <span class='ocrx_word' id='word_1_719' title='bbox 3177 2859 3391 2914; x_wconf 89' lang='lat' dir='ltr'><strong>semper</strong></span> <span class='ocrx_word' id='word_1_720' title='bbox 3420 2844 3685 2914; x_wconf 81' lang='lat' dir='ltr'><strong>leguntur,</strong></span> <span class='ocrx_word' id='word_1_721' title='bbox 3711 2844 3805 2913; x_wconf 91' lang='lat' dir='ltr'><strong>qui</strong></span> 
     </span>
    </p>
   </div>
   <div class='ocr_carea' id='block_1_90' title="bbox 2214 2936 3808 3008">
    <p class='ocr_par' dir='ltr' id='par_1_90' title="bbox 2214 2936 3808 3008">
     <span class='ocr_line' id='line_1_90' title="bbox 2214 2936 3808 3008; baseline 0.001 -17"><span class='ocrx_word' id='word_1_722' title='bbox 2214 2952 2283 2991; x_wconf 91' lang='lat' dir='ltr'><strong>ne</strong></span> <span class='ocrx_word' id='word_1_723' title='bbox 2312 2937 2525 2992; x_wconf 91' lang='lat' dir='ltr'><strong>nomina</strong></span> <span class='ocrx_word' id='word_1_724' title='bbox 2549 2936 2764 3007; x_wconf 89' lang='lat' dir='ltr'><strong>quidem</strong></span> <span class='ocrx_word' id='word_1_725' title='bbox 2791 2938 3110 3008; x_wconf 89' lang='lat' dir='ltr'><strong>scriptorum</strong></span> <span class='ocrx_word' id='word_1_726' title='bbox 3138 2939 3297 3003; x_wconf 89' lang='lat' dir='ltr'><strong>nosti,</strong></span> <span class='ocrx_word' id='word_1_727' title='bbox 3327 2937 3450 2992; x_wconf 88' lang='lat' dir='ltr'><strong>licet</strong></span> <span class='ocrx_word' id='word_1_728' title='bbox 3473 2938 3563 2992; x_wconf 91' lang='lat' dir='ltr'><strong>illa</strong></span> <span class='ocrx_word' id='word_1_729' title='bbox 3587 2953 3808 3006; x_wconf 80' lang='lat' dir='ltr'><strong>seraper</strong></span> 
     </span>
    </p>
   </div>
   <div class='ocr_carea' id='block_1_91' title="bbox 2213 3028 3801 3100">
    <p class='ocr_par' dir='ltr' id='par_1_91' title="bbox 2213 3028 3801 3100">
     <span class='ocr_line' id='line_1_91' title="bbox 2213 3028 3801 3100; baseline -0.001 -16"><span class='ocrx_word' id='word_1_730' title='bbox 2213 3028 2433 3084; x_wconf 89' lang='lat' dir='ltr'><strong>audias?</strong></span> <span class='ocrx_word' id='word_1_731' title='bbox 2473 3028 2603 3083; x_wconf 86' lang='lat' dir='ltr'><strong>Nam</strong></span> <span class='ocrx_word' id='word_1_732' title='bbox 2638 3040 2691 3084; x_wconf 90' lang='lat' dir='ltr'><strong>tu</strong></span> <span class='ocrx_word' id='word_1_733' title='bbox 2720 3045 2932 3099; x_wconf 89' lang='lat' dir='ltr'><strong>quoque</strong></span> <span class='ocrx_word' id='word_1_734' title='bbox 2960 3030 3267 3096; x_wconf 87' lang='lat' dir='ltr'><strong>conﬁteris,</strong></span> <span class='ocrx_word' id='word_1_735' title='bbox 3297 3030 3485 3085; x_wconf 90' lang='lat' dir='ltr'><strong>eadem</strong></span> <span class='ocrx_word' id='word_1_736' title='bbox 3529 3031 3639 3100; x_wconf 88' lang='lat' dir='ltr'><strong>ipsa</strong></span> <span class='ocrx_word' id='word_1_737' title='bbox 3671 3030 3801 3084; x_wconf 89' lang='lat' dir='ltr'><strong>dici.</strong></span> 
     </span>
    </p>
   </div>
   <div class='ocr_carea' id='block_1_92' title="bbox 2214 3120 3803 3191">
    <p class='ocr_par' dir='ltr' id='par_1_92' title="bbox 2214 3120 3803 3191">
     <span class='ocr_line' id='line_1_92' title="bbox 2214 3120 3803 3191; baseline 0.001 -16"><span class='ocrx_word' id='word_1_738' title='bbox 2214 3121 2324 3190; x_wconf 78' lang='lat' dir='ltr'><strong>Ego</strong></span> <span class='ocrx_word' id='word_1_739' title='bbox 2336 3121 2378 3176; x_wconf 93' lang='lat' dir='ltr'><strong>si</strong></span> <span class='ocrx_word' id='word_1_740' title='bbox 2394 3131 2443 3175; x_wconf 91' lang='lat' dir='ltr'><strong>te</strong></span> <span class='ocrx_word' id='word_1_741' title='bbox 2456 3121 2755 3176; x_wconf 90' lang='lat' dir='ltr'><strong>accusando</strong></span> <span class='ocrx_word' id='word_1_742' title='bbox 2774 3120 2887 3177; x_wconf 71' lang='lat' dir='ltr'><strong>haec</strong></span> <span class='ocrx_word' id='word_1_743' title='bbox 2904 3120 3178 3184; x_wconf 76' lang='lat' dir='ltr'><strong>dixissem,</strong></span> <span class='ocrx_word' id='word_1_744' title='bbox 3199 3132 3466 3191; x_wconf 86' lang='lat' dir='ltr'><strong>oporteret</strong></span> <span class='ocrx_word' id='word_1_745' title='bbox 3489 3132 3542 3177; x_wconf 87' lang='lat' dir='ltr'><strong>te</strong></span> <span class='ocrx_word' id='word_1_746' title='bbox 3557 3122 3621 3176; x_wconf 89' lang='lat' dir='ltr'><strong>ad</strong></span> <span class='ocrx_word' id='word_1_747' title='bbox 3640 3122 3803 3176; x_wconf 87' lang='lat' dir='ltr'><strong>aliam</strong></span> 
     </span>
    </p>
   </div>
   <div class='ocr_carea' id='block_1_93' title="bbox 2214 3212 3806 3283">
    <p class='ocr_par' dir='ltr' id='par_1_93' title="bbox 2214 3212 3806 3283">
     <span class='ocr_line' id='line_1_93' title="bbox 2214 3212 3806 3283; baseline 0.003 -16"><span class='ocrx_word' id='word_1_748' title='bbox 2214 3212 2576 3268; x_wconf 81' lang='lat' dir='ltr'><strong>defensionem</strong></span> <span class='ocrx_word' id='word_1_749' title='bbox 2602 3212 2912 3283; x_wconf 79' lang='lat' dir='ltr'><strong>confugere,</strong></span> <span class='ocrx_word' id='word_1_750' title='bbox 2941 3223 2996 3268; x_wconf 92' lang='lat' dir='ltr'><strong>et</strong></span> <span class='ocrx_word' id='word_1_751' title='bbox 3021 3230 3127 3269; x_wconf 91' lang='lat' dir='ltr'><strong>non</strong></span> <span class='ocrx_word' id='word_1_752' title='bbox 3147 3214 3214 3269; x_wconf 91' lang='lat' dir='ltr'><strong>ad</strong></span> <span class='ocrx_word' id='word_1_753' title='bbox 3236 3216 3623 3269; x_wconf 87' lang='lat' dir='ltr'><strong>accusationem</strong></span> <span class='ocrx_word' id='word_1_754' title='bbox 3655 3224 3806 3271; x_wconf 85' lang='lat' dir='ltr'><strong>tuam</strong></span> 
     </span>
    </p>
   </div>
   <div class='ocr_carea' id='block_1_94' title="bbox 2214 3306 3808 3373">
    <p class='ocr_par' dir='ltr' id='par_1_94' title="bbox 2214 3306 3808 3373">
     <span class='ocr_line' id='line_1_94' title="bbox 2214 3306 3808 3373; baseline 0.002 -15"><span class='ocrx_word' id='word_1_755' title='bbox 2214 3306 2413 3361; x_wconf 91' lang='lat' dir='ltr'><strong>venire.</strong></span> <span class='ocrx_word' id='word_1_756' title='bbox 2452 3306 2547 3361; x_wconf 93' lang='lat' dir='ltr'><strong>Dic</strong></span> <span class='ocrx_word' id='word_1_757' title='bbox 2569 3307 2720 3373; x_wconf 88' lang='lat' dir='ltr'><strong>mihi,</strong></span> <span class='ocrx_word' id='word_1_758' title='bbox 2745 3322 2923 3361; x_wconf 89' lang='lat' dir='ltr'><strong>annon</strong></span> <span class='ocrx_word' id='word_1_759' title='bbox 2945 3308 3202 3363; x_wconf 88' lang='lat' dir='ltr'><strong>admones</strong></span> <span class='ocrx_word' id='word_1_760' title='bbox 3225 3308 3385 3362; x_wconf 89' lang='lat' dir='ltr'><strong>ﬁlium</strong></span> <span class='ocrx_word' id='word_1_761' title='bbox 3415 3308 3600 3362; x_wconf 92' lang='lat' dir='ltr'><strong>tuum?</strong></span> <span class='ocrx_word' id='word_1_762' title='bbox 3629 3307 3686 3361; x_wconf 85' lang='lat' dir='ltr'><strong>Si</strong></span> <span class='ocrx_word' id='word_1_763' title='bbox 3714 3307 3808 3361; x_wconf 86' lang='lat' dir='ltr'><strong>di-</strong></span> 
     </span>
    </p>
   </div>
   <div class='ocr_carea' id='block_1_95' title="bbox 2214 3399 3810 3472">
    <p class='ocr_par' dir='ltr' id='par_1_95' title="bbox 2214 3399 3810 3472">
     <span class='ocr_line' id='line_1_95' title="bbox 2214 3399 3810 3472; baseline 0.003 -19"><span class='ocrx_word' id='word_1_764' title='bbox 2214 3406 2360 3453; x_wconf 89' lang='lat' dir='ltr'><strong>ceret</strong></span> <span class='ocrx_word' id='word_1_765' title='bbox 2387 3399 2507 3466; x_wconf 87' lang='lat' dir='ltr'><strong>ille,</strong></span> <span class='ocrx_word' id='word_1_766' title='bbox 2536 3400 2763 3470; x_wconf 88' lang='lat' dir='ltr'><strong>Semper</strong></span> <span class='ocrx_word' id='word_1_767' title='bbox 2800 3401 3021 3466; x_wconf 89' lang='lat' dir='ltr'><strong>eadem;</strong></span> <span class='ocrx_word' id='word_1_768' title='bbox 3055 3417 3232 3456; x_wconf 88' lang='lat' dir='ltr'><strong>annon</strong></span> <span class='ocrx_word' id='word_1_769' title='bbox 3283 3414 3493 3472; x_wconf 89' lang='lat' dir='ltr'><strong>putares</strong></span> <span class='ocrx_word' id='word_1_770' title='bbox 3520 3412 3810 3457; x_wconf 89' lang='lat' dir='ltr'><strong>contume-</strong></span> 
     </span>
    </p>
   </div>
   <div class='ocr_carea' id='block_1_96' title="bbox 2215 3490 3808 3562">
    <p class='ocr_par' dir='ltr' id='par_1_96' title="bbox 2215 3490 3808 3562">
     <span class='ocr_line' id='line_1_96' title="bbox 2215 3490 3808 3562; baseline 0.003 -18"><span class='ocrx_word' id='word_1_771' title='bbox 2215 3490 2338 3544; x_wconf 92' lang='lat' dir='ltr'><strong>liam</strong></span> <span class='ocrx_word' id='word_1_772' title='bbox 2364 3492 2527 3546; x_wconf 84' lang='lat' dir='ltr'><strong>esse?</strong></span> <span class='ocrx_word' id='word_1_773' title='bbox 2571 3491 2721 3546; x_wconf 87' lang='lat' dir='ltr'><strong>Tune</strong></span> <span class='ocrx_word' id='word_1_774' title='bbox 2747 3507 2847 3562; x_wconf 90' lang='lat' dir='ltr'><strong>par</strong></span> <span class='ocrx_word' id='word_1_775' title='bbox 2875 3503 3018 3548; x_wconf 92' lang='lat' dir='ltr'><strong>esset</strong></span> <span class='ocrx_word' id='word_1_776' title='bbox 3046 3509 3149 3547; x_wconf 91' lang='lat' dir='ltr'><strong>non</strong></span> <span class='ocrx_word' id='word_1_777' title='bbox 3182 3494 3368 3548; x_wconf 85' lang='lat' dir='ltr'><strong>eadem</strong></span> <span class='ocrx_word' id='word_1_778' title='bbox 3413 3492 3610 3560; x_wconf 89' lang='lat' dir='ltr'><strong>dicere,</strong></span> <span class='ocrx_word' id='word_1_779' title='bbox 3636 3493 3682 3548; x_wconf 92' lang='lat' dir='ltr'><strong>si</strong></span> <span class='ocrx_word' id='word_1_780' title='bbox 3711 3494 3808 3549; x_wconf 86' lang='lat' dir='ltr'><strong>illa</strong></span> 
     </span>
    </p>
   </div>
   <div class='ocr_carea' id='block_1_97' title="bbox 2215 3586 3809 3657">
    <p class='ocr_par' dir='ltr' id='par_1_97' title="bbox 2215 3586 3809 3657">
     <span class='ocr_line' id='line_1_97' title="bbox 2215 3586 3809 3657; baseline 0.001 -16"><span class='ocrx_word' id='word_1_781' title='bbox 2215 3586 2495 3653; x_wconf 88' lang='lat' dir='ltr'><strong>sciremus,</strong></span> <span class='ocrx_word' id='word_1_782' title='bbox 2527 3596 2581 3642; x_wconf 90' lang='lat' dir='ltr'><strong>et</strong></span> <span class='ocrx_word' id='word_1_783' title='bbox 2610 3587 2862 3657; x_wconf 89' lang='lat' dir='ltr'><strong>operibus</strong></span> <span class='ocrx_word' id='word_1_784' title='bbox 2902 3588 3311 3653; x_wconf 81' lang='lat' dir='ltr'><strong>exhiberemus;</strong></span> <span class='ocrx_word' id='word_1_785' title='bbox 3341 3588 3446 3641; x_wconf 91' lang='lat' dir='ltr'><strong>imo</strong></span> <span class='ocrx_word' id='word_1_786' title='bbox 3479 3602 3651 3657; x_wconf 89' lang='lat' dir='ltr'><strong>neque</strong></span> <span class='ocrx_word' id='word_1_787' title='bbox 3673 3597 3809 3643; x_wconf 88' lang='lat' dir='ltr'><strong>tunc</strong></span> 
     </span>
    </p>
   </div>
   <div class='ocr_carea' id='block_1_98' title="bbox 2214 3678 3812 3752">
    <p class='ocr_par' dir='ltr' id='par_1_98' title="bbox 2214 3678 3812 3752">
     <span class='ocr_line' id='line_1_98' title="bbox 2214 3678 3812 3752; baseline -0.001 -16"><span class='ocrx_word' id='word_1_788' title='bbox 2214 3680 2483 3752; x_wconf 84' lang='lat' dir='ltr'><strong>superﬂua</strong></span> <span class='ocrx_word' id='word_1_789' title='bbox 2540 3682 2697 3736; x_wconf 90' lang='lat' dir='ltr'><strong>lectio</strong></span> <span class='ocrx_word' id='word_1_790' title='bbox 2743 3690 2904 3737; x_wconf 82' lang='lat' dir='ltr'><strong>esset.</strong></span> <span class='ocrx_word' id='word_1_791' title='bbox 2954 3681 3088 3749; x_wconf 86' lang='lat' dir='ltr'><strong>Quid</strong></span> <span class='ocrx_word' id='word_1_792' title='bbox 3139 3696 3235 3752; x_wconf 87' lang='lat' dir='ltr'><strong>par</strong></span> <span class='ocrx_word' id='word_1_793' title='bbox 3284 3678 3604 3734; x_wconf 87' lang='lat' dir='ltr'><strong>Timotheo?</strong></span> <span class='ocrx_word' id='word_1_794' title='bbox 3648 3682 3812 3735; x_wconf 83' lang='lat' dir='ltr'><strong>Atta-</strong></span> 
     </span>
    </p>
   </div>
   <div class='ocr_carea' id='block_1_99' title="bbox 2217 3770 3814 3829">
    <p class='ocr_par' dir='ltr' id='par_1_99' title="bbox 2217 3770 3814 3829">
     <span class='ocr_line' id='line_1_99' title="bbox 2217 3770 3814 3829; baseline -0.001 -2"><span class='ocrx_word' id='word_1_795' title='bbox 2217 3788 2337 3829; x_wconf 92' lang='lat' dir='ltr'><strong>men</strong></span> <span class='ocrx_word' id='word_1_796' title='bbox 2370 3773 2446 3827; x_wconf 89' lang='lat' dir='ltr'><strong>illi</strong></span> <span class='ocrx_word' id='word_1_797' title='bbox 2472 3773 2713 3829; x_wconf 90' lang='lat' dir='ltr'><strong>scribens</strong></span> <span class='ocrx_word' id='word_1_798' title='bbox 2754 3772 2948 3828; x_wconf 88' lang='lat' dir='ltr'><strong>Paulus</strong></span> <span class='ocrx_word' id='word_1_799' title='bbox 2987 3772 3237 3826; x_wconf 87' lang='lat' dir='ltr'><strong>dicebat:</strong></span> <span class='ocrx_word' id='word_1_800' title='bbox 3286 3771 3500 3827; x_wconf 74' lang='lat' dir='ltr'><strong>Attende</strong></span> <span class='ocrx_word' id='word_1_801' title='bbox 3525 3770 3732 3826; x_wconf 80' lang='lat' dir='ltr'><strong>lectioni</strong></span> <span class='ocrx_word' id='word_1_802' title='bbox 3758 3780 3814 3825; x_wconf 81' lang='lat' dir='ltr'><strong>et</strong></span> 
     </span>
    </p>
   </div>
   <div class='ocr_carea' id='block_1_100' title="bbox 2215 3864 3813 3938">
    <p class='ocr_par' dir='ltr' id='par_1_100' title="bbox 2215 3864 3813 3938">
     <span class='ocr_line' id='line_1_100' title="bbox 2215 3864 3813 3938; baseline -0.004 -16"><span class='ocrx_word' id='word_1_803' title='bbox 2215 3868 2552 3923; x_wconf 69' lang='lat' dir='ltr'><strong>exhortationi</strong></span> <span class='ocrx_word' id='word_1_804' title='bbox 2577 3866 2665 3938; x_wconf 76' lang='grc'><strong>(1.</strong></span> <span class='ocrx_word' id='word_1_805' title='bbox 2695 3864 2830 3920; x_wconf 84' lang='lat' dir='ltr'><strong>Tim.</strong></span> <span class='ocrx_word' id='word_1_806' title='bbox 2859 3868 2909 3921; x_wconf 77' lang='grc'><strong>4.</strong></span> <span class='ocrx_word' id='word_1_807' title='bbox 2944 3866 3062 3935; x_wconf 74' lang='grc'><strong>15).</strong></span> <span class='ocrx_word' id='word_1_808' title='bbox 3096 3864 3277 3935; x_wconf 87' lang='lat' dir='ltr'><strong>Neque</strong></span> <span class='ocrx_word' id='word_1_809' title='bbox 3307 3867 3449 3920; x_wconf 91' lang='lat' dir='ltr'><strong>enim</strong></span> <span class='ocrx_word' id='word_1_810' title='bbox 3477 3873 3657 3935; x_wconf 82' lang='lat' dir='ltr'><strong>potest</strong></span> <span class='ocrx_word' id='word_1_811' title='bbox 3686 3879 3813 3917; x_wconf 80' lang='lat' dir='ltr'><strong>um-</strong></span> 
     </span>
    </p>
   </div>
   <div class='ocr_carea' id='block_1_101' title="bbox 2215 3953 3810 4029">
    <p class='ocr_par' dir='ltr' id='par_1_101' title="bbox 2215 3953 3810 4029">
     <span class='ocr_line' id='line_1_101' title="bbox 2215 3953 3810 4029; baseline -0.003 -16"><span class='ocrx_word' id='word_1_812' title='bbox 2215 3975 2372 4029; x_wconf 92' lang='lat' dir='ltr'><strong>quam</strong></span> <span class='ocrx_word' id='word_1_813' title='bbox 2400 3972 2592 4014; x_wconf 87' lang='lat' dir='ltr'><strong>sensus</strong></span> <span class='ocrx_word' id='word_1_814' title='bbox 2630 3957 3028 4027; x_wconf 86' lang='lat' dir='ltr'><strong>Scripturarum</strong></span> <span class='ocrx_word' id='word_1_815' title='bbox 3060 3956 3330 4012; x_wconf 78' lang='lat' dir='ltr'><strong>exhauriri</strong></span> <span class='ocrx_word' id='word_1_816' title='bbox 3362 3974 3375 4010; x_wconf 90' lang='lat'><strong>:</strong></span> <span class='ocrx_word' id='word_1_817' title='bbox 3406 3953 3527 4010; x_wconf 85' lang='lat' dir='ltr'><strong>fons</strong></span> <span class='ocrx_word' id='word_1_818' title='bbox 3569 3964 3655 4010; x_wconf 87' lang='lat' dir='ltr'><strong>est</strong></span> <span class='ocrx_word' id='word_1_819' title='bbox 3697 3954 3810 4008; x_wconf 84' lang='lat' dir='ltr'><strong>im-</strong></span> 
     </span>
    </p>
   </div>
   <div class='ocr_carea' id='block_1_102' title="bbox 2215 4048 3809 4122">
    <p class='ocr_par' dir='ltr' id='par_1_102' title="bbox 2215 4048 3809 4122">
     <span class='ocr_line' id='line_1_102' title="bbox 2215 4048 3809 4122; baseline -0.002 -15"><span class='ocrx_word' id='word_1_820' title='bbox 2215 4066 2454 4108; x_wconf 88' lang='lat' dir='ltr'><strong>mensus.</strong></span> <span class='ocrx_word' id='word_1_821' title='bbox 2514 4052 2700 4106; x_wconf 89' lang='lat' dir='ltr'><strong>Dicere</strong></span> <span class='ocrx_word' id='word_1_822' title='bbox 2729 4053 2903 4107; x_wconf 87' lang='lat' dir='ltr'><strong>solent</strong></span> <span class='ocrx_word' id='word_1_823' title='bbox 2924 4087 2938 4111; x_wconf 87' lang='lat'><strong>,</strong></span> <span class='ocrx_word' id='word_1_824' title='bbox 2972 4051 3124 4117; x_wconf 79' lang='lat' dir='ltr'><strong>Novi,</strong></span> <span class='ocrx_word' id='word_1_825' title='bbox 3154 4050 3419 4122; x_wconf 85' lang='lat' dir='ltr'><strong>inquiunt,</strong></span> <span class='ocrx_word' id='word_1_826' title='bbox 3448 4058 3502 4105; x_wconf 91' lang='lat' dir='ltr'><strong>et</strong></span> <span class='ocrx_word' id='word_1_827' title='bbox 3533 4058 3644 4103; x_wconf 88' lang='lat' dir='ltr'><strong>tum</strong></span> <span class='ocrx_word' id='word_1_828' title='bbox 3670 4048 3809 4104; x_wconf 87' lang='lat' dir='ltr'><strong>mihi</strong></span> 
     </span>
    </p>
   </div>
   <div class='ocr_carea' id='block_1_103' title="bbox 2156 4144 3811 4212">
    <p class='ocr_par' dir='ltr' id='par_1_103' title="bbox 2156 4144 3811 4212">
     <span class='ocr_line' id='line_1_103' title="bbox 2156 4144 3811 4212; baseline 0 -13"><span class='ocrx_word' id='word_1_829' title='bbox 2156 4172 2173 4193; x_wconf 64' lang='grc' dir='ltr'><strong><em>ν</em></strong></span> <span class='ocrx_word' id='word_1_830' title='bbox 2217 4145 2443 4200; x_wconf 65' lang='lat' dir='ltr'><strong>diluxit.</strong></span> <span class='ocrx_word' id='word_1_831' title='bbox 2465 4145 2639 4201; x_wconf 86' lang='lat' dir='ltr'><strong>Vultis</strong></span> <span class='ocrx_word' id='word_1_832' title='bbox 2659 4146 2959 4209; x_wconf 86' lang='lat' dir='ltr'><strong>ostendam,</strong></span> <span class='ocrx_word' id='word_1_833' title='bbox 2989 4144 3104 4200; x_wconf 63' lang='lat' dir='ltr'><strong>huic</strong></span> <span class='ocrx_word' id='word_1_834' title='bbox 3129 4162 3233 4200; x_wconf 89' lang='lat' dir='ltr'><strong>non</strong></span> <span class='ocrx_word' id='word_1_835' title='bbox 3263 4160 3383 4202; x_wconf 91' lang='lat' dir='ltr'><strong>esse</strong></span> <span class='ocrx_word' id='word_1_836' title='bbox 3412 4144 3638 4201; x_wconf 88' lang='lat' dir='ltr'><strong>eadem?</strong></span> <span class='ocrx_word' id='word_1_837' title='bbox 3663 4144 3811 4212; x_wconf 89' lang='lat' dir='ltr'><strong>Quot</strong></span> 
     </span>
    </p>
   </div>
   <div class='ocr_carea' id='block_1_104' title="bbox 2216 4238 3808 4309">
    <p class='ocr_par' dir='ltr' id='par_1_104' title="bbox 2216 4238 3808 4309">
     <span class='ocr_line' id='line_1_104' title="bbox 2216 4238 3808 4309; baseline 0 -16"><span class='ocrx_word' id='word_1_838' title='bbox 2216 4240 2410 4309; x_wconf 88' lang='lat' dir='ltr'><strong>putatis</strong></span> <span class='ocrx_word' id='word_1_839' title='bbox 2453 4254 2519 4293; x_wconf 86' lang='lat' dir='ltr'><strong>ex</strong></span> <span class='ocrx_word' id='word_1_840' title='bbox 2556 4239 2857 4308; x_wconf 83' lang='lat' dir='ltr'><strong>Evangeliis</strong></span> <span class='ocrx_word' id='word_1_841' title='bbox 2898 4238 3148 4309; x_wconf 89' lang='lat' dir='ltr'><strong>loquutos</strong></span> <span class='ocrx_word' id='word_1_842' title='bbox 3198 4242 3354 4295; x_wconf 86' lang='lat' dir='ltr'><strong>esse?</strong></span> <span class='ocrx_word' id='word_1_843' title='bbox 3395 4238 3501 4295; x_wconf 88' lang='lat' dir='ltr'><strong>Sed</strong></span> <span class='ocrx_word' id='word_1_844' title='bbox 3531 4239 3582 4294; x_wconf 92' lang='lat' dir='ltr'><strong>hi</strong></span> <span class='ocrx_word' id='word_1_845' title='bbox 3612 4253 3808 4294; x_wconf 84' lang='lat' dir='ltr'><strong>omnes</strong></span> 
     </span>
    </p>
   </div>
   <div class='ocr_carea' id='block_1_105' title="bbox 2214 4330 3808 4403">
    <p class='ocr_par' dir='ltr' id='par_1_105' title="bbox 2214 4330 3808 4403">
     <span class='ocr_line' id='line_1_105' title="bbox 2214 4330 3808 4403; baseline 0 -16"><span class='ocrx_word' id='word_1_846' title='bbox 2214 4347 2349 4387; x_wconf 83' lang='lat' dir='ltr'><strong>nova</strong></span> <span class='ocrx_word' id='word_1_847' title='bbox 2374 4332 2616 4402; x_wconf 65' lang='lat' dir='ltr'><strong>quaedam</strong></span> <span class='ocrx_word' id='word_1_848' title='bbox 2643 4330 2919 4386; x_wconf 82' lang='lat' dir='ltr'><strong>dixerunt.</strong></span> <span class='ocrx_word' id='word_1_849' title='bbox 2963 4332 3175 4398; x_wconf 90' lang='lat' dir='ltr'><strong>Quanto</strong></span> <span class='ocrx_word' id='word_1_850' title='bbox 3204 4334 3348 4388; x_wconf 92' lang='lat' dir='ltr'><strong>enim</strong></span> <span class='ocrx_word' id='word_1_851' title='bbox 3384 4334 3555 4403; x_wconf 86' lang='lat' dir='ltr'><strong>magis</strong></span> <span class='ocrx_word' id='word_1_852' title='bbox 3598 4333 3652 4387; x_wconf 93' lang='lat' dir='ltr'><strong>in</strong></span> <span class='ocrx_word' id='word_1_853' title='bbox 3698 4332 3808 4387; x_wconf 89' lang='lat' dir='ltr'><strong>illis</strong></span> 
     </span>
    </p>
   </div>
   <div class='ocr_carea' id='block_1_106' title="bbox 2214 4425 3809 4497">
    <p class='ocr_par' dir='ltr' id='par_1_106' title="bbox 2214 4425 3809 4497">
     <span class='ocr_line' id='line_1_106' title="bbox 2214 4425 3809 4497; baseline 0.003 -19"><span class='ocrx_word' id='word_1_854' title='bbox 2214 4434 2480 4490; x_wconf 87' lang='lat' dir='ltr'><strong>versatur,</strong></span> <span class='ocrx_word' id='word_1_855' title='bbox 2509 4433 2659 4479; x_wconf 85' lang='lat' dir='ltr'><strong>tanto</strong></span> <span class='ocrx_word' id='word_1_856' title='bbox 2680 4425 2891 4482; x_wconf 91' lang='lat' dir='ltr'><strong>acutius</strong></span> <span class='ocrx_word' id='word_1_857' title='bbox 2921 4426 3087 4491; x_wconf 86' lang='lat' dir='ltr'><strong>videt,</strong></span> <span class='ocrx_word' id='word_1_858' title='bbox 3124 4437 3271 4482; x_wconf 91' lang='lat' dir='ltr'><strong>tanto</strong></span> <span class='ocrx_word' id='word_1_859' title='bbox 3315 4427 3580 4497; x_wconf 91' lang='lat' dir='ltr'><strong>puriorem</strong></span> <span class='ocrx_word' id='word_1_860' title='bbox 3611 4428 3809 4497; x_wconf 84' lang='lat' dir='ltr'><strong>aspicit</strong></span> 
     </span>
    </p>
   </div>
   <div class='ocr_carea' id='block_1_107' title="bbox 2214 4516 3806 4590">
    <p class='ocr_par' dir='ltr' id='par_1_107' title="bbox 2214 4516 3806 4590">
     <span class='ocr_line' id='line_1_107' title="bbox 2214 4516 3806 4590; baseline 0.003 -18"><span class='ocrx_word' id='word_1_861' title='bbox 2214 4517 2406 4572; x_wconf 88' lang='lat' dir='ltr'><strong>lucem.</strong></span> <span class='ocrx_word' id='word_1_862' title='bbox 2429 4516 2566 4572; x_wconf 87' lang='lat' dir='ltr'><strong>Ecce</strong></span> <span class='ocrx_word' id='word_1_863' title='bbox 2590 4528 2787 4586; x_wconf 89' lang='lat' dir='ltr'><strong>quanta</strong></span> <span class='ocrx_word' id='word_1_864' title='bbox 2817 4518 2957 4572; x_wconf 89' lang='lat' dir='ltr'><strong>dico.</strong></span> <span class='ocrx_word' id='word_1_865' title='bbox 2982 4517 3120 4585; x_wconf 89' lang='lat' dir='ltr'><strong>Quid</strong></span> <span class='ocrx_word' id='word_1_866' title='bbox 3146 4531 3229 4574; x_wconf 91' lang='lat' dir='ltr'><strong>est</strong></span> <span class='ocrx_word' id='word_1_867' title='bbox 3256 4518 3574 4590; x_wconf 88' lang='lat' dir='ltr'><strong>prophetia?</strong></span> <span class='ocrx_word' id='word_1_868' title='bbox 3598 4518 3761 4574; x_wconf 88' lang='lat' dir='ltr'><strong>dicite</strong></span> <span class='ocrx_word' id='word_1_869' title='bbox 3787 4539 3806 4577; x_wconf 90' lang='lat'><strong>:</strong></span> 
     </span>
    </p>
   </div>
   <div class='ocr_carea' id='block_1_108' title="bbox 2213 4608 3812 4683">
    <p class='ocr_par' dir='ltr' id='par_1_108' title="bbox 2213 4608 3812 4683">
     <span class='ocr_line' id='line_1_108' title="bbox 2213 4608 3812 4683; baseline 0.004 -21"><span class='ocrx_word' id='word_1_870' title='bbox 2213 4608 2338 4679; x_wconf 90' lang='lat' dir='ltr'><strong>quid</strong></span> <span class='ocrx_word' id='word_1_871' title='bbox 2380 4609 2783 4665; x_wconf 84' lang='lat' dir='ltr'><strong>enarrationes?</strong></span> <span class='ocrx_word' id='word_1_872' title='bbox 2823 4610 2949 4681; x_wconf 90' lang='lat' dir='ltr'><strong>quid</strong></span> <span class='ocrx_word' id='word_1_873' title='bbox 3000 4612 3284 4681; x_wconf 88' lang='lat' dir='ltr'><strong>parabola?</strong></span> <span class='ocrx_word' id='word_1_874' title='bbox 3334 4612 3457 4683; x_wconf 91' lang='lat' dir='ltr'><strong>quid</strong></span> <span class='ocrx_word' id='word_1_875' title='bbox 3509 4612 3812 4683; x_wconf 80' lang='lat' dir='ltr'><strong>allegoria?</strong></span> 
     </span>
    </p>
   </div>
   <div class='ocr_carea' id='block_1_109' title="bbox 2212 4702 3811 4775">
    <p class='ocr_par' dir='ltr' id='par_1_109' title="bbox 2212 4702 3811 4775">
     <span class='ocr_line' id='line_1_109' title="bbox 2212 4702 3811 4775; baseline 0.004 -19"><span class='ocrx_word' id='word_1_876' title='bbox 2212 4702 2339 4772; x_wconf 89' lang='lat' dir='ltr'><strong>quid</strong></span> <span class='ocrx_word' id='word_1_877' title='bbox 2389 4703 2581 4774; x_wconf 80' lang='lat' dir='ltr'><strong>typus?</strong></span> <span class='ocrx_word' id='word_1_878' title='bbox 2611 4703 2735 4773; x_wconf 87' lang='lat' dir='ltr'><strong>quid</strong></span> <span class='ocrx_word' id='word_1_879' title='bbox 2790 4704 3128 4775; x_wconf 85' lang='lat' dir='ltr'><strong>symbolum?</strong></span> <span class='ocrx_word' id='word_1_880' title='bbox 3176 4706 3301 4774; x_wconf 90' lang='lat' dir='ltr'><strong>quid</strong></span> <span class='ocrx_word' id='word_1_881' title='bbox 3348 4705 3659 4775; x_wconf 79' lang='lat' dir='ltr'><strong>evangelia?</strong></span> <span class='ocrx_word' id='word_1_882' title='bbox 3689 4705 3811 4763; x_wconf 76' lang='lat' dir='ltr'><strong>Hoc</strong></span> 
     </span>
    </p>
   </div>
   <div class='ocr_carea' id='block_1_110' title="bbox 2219 4795 3812 4867">
    <p class='ocr_par' dir='ltr' id='par_1_110' title="bbox 2219 4795 3812 4867">
     <span class='ocr_line' id='line_1_110' title="bbox 2219 4795 3812 4867; baseline 0.003 -19"><span class='ocrx_word' id='word_1_883' title='bbox 2219 4811 2344 4850; x_wconf 86' lang='lat' dir='ltr'><strong>vero</strong></span> <span class='ocrx_word' id='word_1_884' title='bbox 2366 4805 2566 4850; x_wconf 90' lang='lat' dir='ltr'><strong>tantum</strong></span> <span class='ocrx_word' id='word_1_885' title='bbox 2592 4795 2718 4850; x_wconf 92' lang='lat' dir='ltr'><strong>mihi</strong></span> <span class='ocrx_word' id='word_1_886' title='bbox 2748 4795 2927 4863; x_wconf 88' lang='lat' dir='ltr'><strong>dicite,</strong></span> <span class='ocrx_word' id='word_1_887' title='bbox 2959 4798 3098 4867; x_wconf 89' lang='lat' dir='ltr'><strong>quod</strong></span> <span class='ocrx_word' id='word_1_888' title='bbox 3129 4798 3332 4853; x_wconf 90' lang='lat' dir='ltr'><strong>clarum</strong></span> <span class='ocrx_word' id='word_1_889' title='bbox 3360 4807 3440 4853; x_wconf 88' lang='lat' dir='ltr'><strong>est</strong></span> <span class='ocrx_word' id='word_1_890' title='bbox 3460 4839 3474 4865; x_wconf 91' lang='lat'><strong>,</strong></span> <span class='ocrx_word' id='word_1_891' title='bbox 3502 4813 3599 4853; x_wconf 90' lang='lat' dir='ltr'><strong>cur</strong></span> <span class='ocrx_word' id='word_1_892' title='bbox 3626 4797 3812 4852; x_wconf 81' lang='lat' dir='ltr'><strong>Evan-</strong></span> 
     </span>
    </p>
   </div>
   <div class='ocr_carea' id='block_1_111' title="bbox 2213 4888 3809 4960">
    <p class='ocr_par' dir='ltr' id='par_1_111' title="bbox 2213 4888 3809 4960">
     <span class='ocr_line' id='line_1_111' title="bbox 2213 4888 3809 4960; baseline 0.004 -21"><span class='ocrx_word' id='word_1_893' title='bbox 2213 4888 2347 4957; x_wconf 83' lang='lat' dir='ltr'><strong>gelia</strong></span> <span class='ocrx_word' id='word_1_894' title='bbox 2376 4888 2515 4941; x_wconf 87' lang='lat' dir='ltr'><strong>dicta</strong></span> <span class='ocrx_word' id='word_1_895' title='bbox 2541 4890 2705 4941; x_wconf 86' lang='lat' dir='ltr'><strong>sunt?</strong></span> <span class='ocrx_word' id='word_1_896' title='bbox 2730 4890 2889 4960; x_wconf 85' lang='lat' dir='ltr'><strong>Atqui</strong></span> <span class='ocrx_word' id='word_1_897' title='bbox 2918 4905 3059 4960; x_wconf 73' lang='lat' dir='ltr'><strong>smpe</strong></span> <span class='ocrx_word' id='word_1_898' title='bbox 3094 4889 3339 4953; x_wconf 83' lang='lat' dir='ltr'><strong>audistis,</strong></span> <span class='ocrx_word' id='word_1_899' title='bbox 3363 4889 3505 4960; x_wconf 89' lang='lat' dir='ltr'><strong>quod</strong></span> <span class='ocrx_word' id='word_1_900' title='bbox 3527 4890 3809 4959; x_wconf 82' lang='lat' dir='ltr'><strong>evangelia</strong></span> 
     </span>
    </p>
   </div>
   <div class='ocr_carea' id='block_1_112' title="bbox 2214 4981 3809 5037">
    <p class='ocr_par' dir='ltr' id='par_1_112' title="bbox 2214 4981 3809 5037">
     <span class='ocr_line' id='line_1_112' title="bbox 2214 4981 3809 5037; baseline 0.002 -3"><span class='ocrx_word' id='word_1_901' title='bbox 2214 4981 2346 5034; x_wconf 90' lang='lat' dir='ltr'><strong>nihil</strong></span> <span class='ocrx_word' id='word_1_902' title='bbox 2388 4991 2637 5037; x_wconf 65' lang='lat' dir='ltr'><strong>mestum</strong></span> <span class='ocrx_word' id='word_1_903' title='bbox 2668 4981 2865 5037; x_wconf 88' lang='lat' dir='ltr'><strong>habere</strong></span> <span class='ocrx_word' id='word_1_904' title='bbox 2890 4982 3121 5036; x_wconf 88' lang='lat' dir='ltr'><strong>debeant</strong></span> <span class='ocrx_word' id='word_1_905' title='bbox 3151 5000 3163 5035; x_wconf 91' lang='lat'><strong>:</strong></span> <span class='ocrx_word' id='word_1_906' title='bbox 3195 4982 3309 5037; x_wconf 75' lang='lat' dir='ltr'><strong>haec</strong></span> <span class='ocrx_word' id='word_1_907' title='bbox 3351 4999 3479 5037; x_wconf 90' lang='lat' dir='ltr'><strong>vero</strong></span> <span class='ocrx_word' id='word_1_908' title='bbox 3508 4983 3672 5036; x_wconf 88' lang='lat' dir='ltr'><strong>multa</strong></span> <span class='ocrx_word' id='word_1_909' title='bbox 3703 4998 3809 5037; x_wconf 77' lang='lat' dir='ltr'><strong>au-</strong></span> 
     </span>
    </p>
   </div>
   <div class='ocr_carea' id='block_1_113' title="bbox 2212 5071 3805 5145">
    <p class='ocr_par' dir='ltr' id='par_1_113' title="bbox 2212 5071 3805 5145">
     <span class='ocr_line' id='line_1_113' title="bbox 2212 5071 3805 5145; baseline 0.001 -20"><span class='ocrx_word' id='word_1_910' title='bbox 2212 5073 2455 5128; x_wconf 82' lang='lat' dir='ltr'><strong>steritate</strong></span> <span class='ocrx_word' id='word_1_911' title='bbox 2503 5073 2655 5143; x_wconf 90' lang='lat' dir='ltr'><strong>plena</strong></span> <span class='ocrx_word' id='word_1_912' title='bbox 2702 5074 2867 5127; x_wconf 87' lang='lat' dir='ltr'><strong>sunt?</strong></span> <span class='ocrx_word' id='word_1_913' title='bbox 2893 5071 3037 5144; x_wconf 86' lang='lat' dir='ltr'><strong>Ignis</strong></span> <span class='ocrx_word' id='word_1_914' title='bbox 3073 5074 3279 5128; x_wconf 82' lang='lat' dir='ltr'><strong>illorum</strong></span> <span class='ocrx_word' id='word_1_915' title='bbox 3310 5091 3409 5128; x_wconf 87' lang='lat' dir='ltr'><strong>non</strong></span> <span class='ocrx_word' id='word_1_916' title='bbox 3435 5075 3805 5145; x_wconf 69' lang='lat' dir='ltr'><strong>exstinguetur,</strong></span> 
     </span>
    </p>
   </div>
   <div class='ocr_carea' id='block_1_114' title="bbox 2215 5166 3805 5239">
    <p class='ocr_par' dir='ltr' id='par_1_114' title="bbox 2215 5166 3805 5239">
     <span class='ocr_line' id='line_1_114' title="bbox 2215 5166 3805 5239; baseline 0.003 -21"><span class='ocrx_word' id='word_1_917' title='bbox 2215 5166 2402 5235; x_wconf 88' lang='lat' dir='ltr'><strong>inquit,</strong></span> <span class='ocrx_word' id='word_1_918' title='bbox 2431 5178 2476 5219; x_wconf 79' lang='lat' dir='ltr'><strong>et</strong></span> <span class='ocrx_word' id='word_1_919' title='bbox 2503 5168 2681 5219; x_wconf 82' lang='lat' dir='ltr'><strong>vermis</strong></span> <span class='ocrx_word' id='word_1_920' title='bbox 2724 5183 2895 5220; x_wconf 87' lang='lat' dir='ltr'><strong>eorum</strong></span> <span class='ocrx_word' id='word_1_921' title='bbox 2927 5183 3027 5221; x_wconf 87' lang='lat' dir='ltr'><strong>non</strong></span> <span class='ocrx_word' id='word_1_922' title='bbox 3052 5168 3293 5221; x_wconf 85' lang='lat' dir='ltr'><strong>morietur</strong></span> <span class='ocrx_word' id='word_1_923' title='bbox 3334 5167 3538 5239; x_wconf 73' lang='lat' dir='ltr'><strong>(Marc.</strong></span> <span class='ocrx_word' id='word_1_924' title='bbox 3570 5167 3625 5222; x_wconf 89' lang='lat'><strong>9.</strong></span> <span class='ocrx_word' id='word_1_925' title='bbox 3655 5167 3805 5237; x_wconf 60' lang='lat'><strong>43);</strong></span> 
     </span>
    </p>
   </div>
   <div class='ocr_carea' id='block_1_115' title="bbox 2210 5255 3810 5328">
    <p class='ocr_par' dir='ltr' id='par_1_115' title="bbox 2210 5255 3810 5328">
     <span class='ocr_line' id='line_1_115' title="bbox 2210 5255 3810 5328; baseline 0.001 -17"><span class='ocrx_word' id='word_1_926' title='bbox 2210 5256 2444 5326; x_wconf 71' lang='lat' dir='ltr'><strong>illudque</strong></span> <span class='ocrx_word' id='word_1_927' title='bbox 2467 5297 2486 5322; x_wconf 94' lang='lat'><strong>,</strong></span> <span class='ocrx_word' id='word_1_928' title='bbox 2518 5255 2793 5310; x_wconf 86' lang='lat' dir='ltr'><strong>Dissecabit</strong></span> <span class='ocrx_word' id='word_1_929' title='bbox 2821 5273 2958 5324; x_wconf 88' lang='lat' dir='ltr'><strong>eum,</strong></span> <span class='ocrx_word' id='word_1_930' title='bbox 2997 5265 3043 5311; x_wconf 84' lang='lat' dir='ltr'><strong>et</strong></span> <span class='ocrx_word' id='word_1_931' title='bbox 3069 5267 3217 5327; x_wconf 85' lang='lat' dir='ltr'><strong>ponet</strong></span> <span class='ocrx_word' id='word_1_932' title='bbox 3246 5259 3524 5328; x_wconf 86' lang='lat' dir='ltr'><strong>portionem</strong></span> <span class='ocrx_word' id='word_1_933' title='bbox 3549 5257 3661 5328; x_wconf 85' lang='lat' dir='ltr'><strong>ejus</strong></span> <span class='ocrx_word' id='word_1_934' title='bbox 3688 5274 3810 5313; x_wconf 82' lang='lat' dir='ltr'><strong>cum</strong></span> 
     </span>
    </p>
   </div>
   <div class='ocr_carea' id='block_1_116' title="bbox 2212 5347 3810 5429">
    <p class='ocr_par' dir='ltr' id='par_1_116' title="bbox 2212 5347 3810 5429">
     <span class='ocr_line' id='line_1_116' title="bbox 2212 5347 3810 5429; baseline 0.003 -28"><span class='ocrx_word' id='word_1_935' title='bbox 2212 5348 2486 5418; x_wconf 71' lang='lat' dir='ltr'><strong>hypocritis</strong></span> <span class='ocrx_word' id='word_1_936' title='bbox 2528 5347 2753 5429; x_wconf 67' lang='lat' dir='ltr'><strong>(Matth.</strong></span> <span class='ocrx_word' id='word_1_937' title='bbox 2802 5347 2892 5402; x_wconf 69' lang='grc'><strong>24.</strong></span> <span class='ocrx_word' id='word_1_938' title='bbox 2940 5348 3075 5419; x_wconf 77' lang='grc'><strong>51);</strong></span> <span class='ocrx_word' id='word_1_939' title='bbox 3110 5358 3165 5405; x_wconf 88' lang='lat' dir='ltr'><strong>et</strong></span> <span class='ocrx_word' id='word_1_940' title='bbox 3197 5350 3345 5417; x_wconf 83' lang='lat' dir='ltr'><strong>illud,</strong></span> <span class='ocrx_word' id='word_1_941' title='bbox 3396 5349 3586 5405; x_wconf 87' lang='lat' dir='ltr'><strong>Dicet:</strong></span> <span class='ocrx_word' id='word_1_942' title='bbox 3613 5349 3810 5405; x_wconf 81' lang='lat' dir='ltr'><strong>Nescio</strong></span> 
     </span>
    </p>
   </div>
   <div class='ocr_carea' id='block_1_117' title="bbox 2211 5439 3804 5516">
    <p class='ocr_par' dir='ltr' id='par_1_117' title="bbox 2211 5439 3804 5516">
     <span class='ocr_line' id='line_1_117' title="bbox 2211 5439 3804 5516; baseline 0.003 -22"><span class='ocrx_word' id='word_1_943' title='bbox 2211 5456 2320 5506; x_wconf 67' lang='lat' dir='ltr'><strong>vos,</strong></span> <span class='ocrx_word' id='word_1_944' title='bbox 2348 5439 2585 5493; x_wconf 86' lang='lat' dir='ltr'><strong>discedite</strong></span> <span class='ocrx_word' id='word_1_945' title='bbox 2610 5457 2642 5493; x_wconf 93' lang='lat' dir='ltr'><strong>a</strong></span> <span class='ocrx_word' id='word_1_946' title='bbox 2670 5457 2767 5505; x_wconf 90' lang='lat' dir='ltr'><strong>me,</strong></span> <span class='ocrx_word' id='word_1_947' title='bbox 2790 5442 2877 5513; x_wconf 84' lang='lat' dir='ltr'><strong>qui</strong></span> <span class='ocrx_word' id='word_1_948' title='bbox 2919 5444 3197 5511; x_wconf 84' lang='lat' dir='ltr'><strong>operamini</strong></span> <span class='ocrx_word' id='word_1_949' title='bbox 3237 5445 3551 5516; x_wconf 86' lang='lat' dir='ltr'><strong>iniquitatem</strong></span> <span class='ocrx_word' id='word_1_950' title='bbox 3580 5442 3714 5516; x_wconf 72' lang='lat' dir='ltr'><strong>(Id.</strong></span> <span class='ocrx_word' id='word_1_951' title='bbox 3747 5446 3804 5499; x_wconf 89' lang='lat'><strong>7.</strong></span> 
     </span>
    </p>
   </div>
   <div class='ocr_carea' id='block_1_118' title="bbox 2211 5533 3808 5609">
    <p class='ocr_par' dir='ltr' id='par_1_118' title="bbox 2211 5533 3808 5609">
     <span class='ocr_line' id='line_1_118' title="bbox 2211 5533 3808 5609; baseline 0.003 -20"><span class='ocrx_word' id='word_1_952' title='bbox 2211 5534 2283 5589; x_wconf 73' lang='lat'><strong>25</strong></span> <span class='ocrx_word' id='word_1_953' title='bbox 2304 5534 2346 5602; x_wconf 93' lang='lat'><strong>).</strong></span> <span class='ocrx_word' id='word_1_954' title='bbox 2380 5533 2540 5604; x_wconf 83' lang='lat' dir='ltr'><strong>igitur</strong></span> <span class='ocrx_word' id='word_1_955' title='bbox 2565 5550 2633 5589; x_wconf 89' lang='lat' dir='ltr'><strong>ne</strong></span> <span class='ocrx_word' id='word_1_956' title='bbox 2658 5534 2986 5605; x_wconf 88' lang='lat' dir='ltr'><strong>decipiamus</strong></span> <span class='ocrx_word' id='word_1_957' title='bbox 3002 5540 3378 5609; x_wconf 84' lang='lat' dir='ltr'><strong>nosmetipsos,</strong></span> <span class='ocrx_word' id='word_1_958' title='bbox 3409 5547 3660 5609; x_wconf 87' lang='lat' dir='ltr'><strong>putantes</strong></span> <span class='ocrx_word' id='word_1_959' title='bbox 3687 5539 3808 5594; x_wconf 67' lang='lat' dir='ltr'><strong>hasc</strong></span> 
     </span>
    </p>
   </div>
   <div class='ocr_carea' id='block_1_119' title="bbox 2209 5624 3805 5686">
    <p class='ocr_par' dir='ltr' id='par_1_119' title="bbox 2209 5624 3805 5686">
     <span class='ocr_line' id='line_1_119' title="bbox 2209 5624 3805 5686; baseline 0.001 -3"><span class='ocrx_word' id='word_1_960' title='bbox 2209 5624 2402 5683; x_wconf 64' lang='lat' dir='ltr'><strong>Graeco</strong></span> <span class='ocrx_word' id='word_1_961' title='bbox 2426 5641 2575 5680; x_wconf 90' lang='lat' dir='ltr'><strong>mere</strong></span> <span class='ocrx_word' id='word_1_962' title='bbox 2596 5624 2721 5681; x_wconf 92' lang='lat' dir='ltr'><strong>dici.</strong></span> <span class='ocrx_word' id='word_1_963' title='bbox 2743 5627 2954 5684; x_wconf 85' lang='lat' dir='ltr'><strong>Nihilne</strong></span> <span class='ocrx_word' id='word_1_964' title='bbox 2980 5629 3092 5685; x_wconf 84' lang='lat' dir='ltr'><strong>haec</strong></span> <span class='ocrx_word' id='word_1_965' title='bbox 3110 5630 3175 5686; x_wconf 92' lang='lat' dir='ltr'><strong>ad</strong></span> <span class='ocrx_word' id='word_1_966' title='bbox 3206 5647 3303 5686; x_wconf 90' lang='lat' dir='ltr'><strong>nos</strong></span> <span class='ocrx_word' id='word_1_967' title='bbox 3322 5631 3345 5684; x_wconf 84' lang='lat'><strong>?</strong></span> <span class='ocrx_word' id='word_1_968' title='bbox 3364 5630 3474 5685; x_wconf 88' lang='lat' dir='ltr'><strong>Vos</strong></span> <span class='ocrx_word' id='word_1_969' title='bbox 3497 5646 3629 5685; x_wconf 91' lang='lat' dir='ltr'><strong>vero</strong></span> <span class='ocrx_word' id='word_1_970' title='bbox 3651 5631 3805 5686; x_wconf 87' lang='lat' dir='ltr'><strong>surdi</strong></span> 
     </span>
    </p>
   </div>
   <div class='ocr_carea' id='block_1_120' title="bbox 2214 5717 3805 5793">
    <p class='ocr_par' dir='ltr' id='par_1_120' title="bbox 2214 5717 3805 5793">
     <span class='ocr_line' id='line_1_120' title="bbox 2214 5717 3805 5793; baseline 0.004 -22"><span class='ocrx_word' id='word_1_971' title='bbox 2214 5717 2365 5781; x_wconf 87' lang='lat' dir='ltr'><strong>estis,</strong></span> <span class='ocrx_word' id='word_1_972' title='bbox 2388 5728 2442 5772; x_wconf 90' lang='lat' dir='ltr'><strong>et</strong></span> <span class='ocrx_word' id='word_1_973' title='bbox 2459 5717 2607 5787; x_wconf 87' lang='lat' dir='ltr'><strong>quasi</strong></span> <span class='ocrx_word' id='word_1_974' title='bbox 2631 5718 2838 5773; x_wconf 90' lang='lat' dir='ltr'><strong>attoniti</strong></span> <span class='ocrx_word' id='word_1_975' title='bbox 2860 5730 3019 5789; x_wconf 88' lang='lat' dir='ltr'><strong>caput</strong></span> <span class='ocrx_word' id='word_1_976' title='bbox 3041 5722 3327 5777; x_wconf 86' lang='lat' dir='ltr'><strong>inclinatis.</strong></span> <span class='ocrx_word' id='word_1_977' title='bbox 3351 5722 3640 5793; x_wconf 83' lang='lat' dir='ltr'><strong>Evangelia</strong></span> <span class='ocrx_word' id='word_1_978' title='bbox 3666 5722 3805 5777; x_wconf 87' lang='lat' dir='ltr'><strong>nihil</strong></span> 
     </span>
    </p>
   </div>
   <div class='ocr_carea' id='block_1_121' title="bbox 2216 5806 3808 5884">
    <p class='ocr_par' dir='ltr' id='par_1_121' title="bbox 2216 5806 3808 5884">
     <span class='ocr_line' id='line_1_121' title="bbox 2216 5806 3808 5884; baseline 0.004 -23"><span class='ocrx_word' id='word_1_979' title='bbox 2216 5806 2417 5864; x_wconf 81' lang='lat' dir='ltr'><strong>habere</strong></span> <span class='ocrx_word' id='word_1_980' title='bbox 2454 5807 2651 5864; x_wconf 86' lang='lat' dir='ltr'><strong>debent</strong></span> <span class='ocrx_word' id='word_1_981' title='bbox 2698 5824 2905 5879; x_wconf 88' lang='lat' dir='ltr'><strong>eorum,</strong></span> <span class='ocrx_word' id='word_1_982' title='bbox 2936 5827 3052 5884; x_wconf 73' lang='lat' dir='ltr'><strong>qua:</strong></span> <span class='ocrx_word' id='word_1_983' title='bbox 3079 5813 3279 5883; x_wconf 82' lang='lat' dir='ltr'><strong>agenda</strong></span> <span class='ocrx_word' id='word_1_984' title='bbox 3324 5822 3465 5884; x_wconf 86' lang='lat' dir='ltr'><strong>sunt,</strong></span> <span class='ocrx_word' id='word_1_985' title='bbox 3500 5813 3597 5871; x_wconf 86' lang='lat' dir='ltr'><strong>sed</strong></span> <span class='ocrx_word' id='word_1_986' title='bbox 3627 5817 3808 5871; x_wconf 82' lang='lat' dir='ltr'><strong>solum</strong></span> 
     </span>
    </p>
   </div>
  </div>
