4032 6212
461 346 562 402 157

457 461 750 528 εὐαγγέλια
808 459 957 511 οὐδὲν
986 458 1128 528 ἔχειν
1176 458 1375 527 ὀφείλει
1423 459 1744 528 σκυθρωπ-ὗν
1805 476 1816 488 ·
1867 460 2037 512 ταῦτα
2069 459 2124 512 δὲ

458 549 658 618 πολλῆς
672 548 832 615 γέμει
851 546 1320 616 σκυθρωπότητος.
1334 549 1402 599 Τὸ
1425 545 1542 612 πῦρ
1563 546 1760 599 αὐτῶν
1778 548 1850 600 οὐ
1871 546 2125 612 068061)-

459 651 649 695 σεται,
682 633 835 702 φησί,
886 633 983 686 καί
1032 636 1065 688 ὁ
1100 633 1347 701 σκώληξ
1398 632 1596 687 αὐτῶν
1632 635 1705 688 ού
1745 634 2152 699 τελευτήσει-κ

458 723 520 775 τό
539 739 619 783 τε,
655 721 1043 790 Διχοτομήσει
1068 721 1272 784 αὐτὸν,
1307 722 1405 774 καί
1440 723 1611 786 θήσει
1641 723 1706 774 τὸ
1729 720 1912 790 μέρος
1941 721 2125 775 αὑτοῦ

348 795 361 810 ’
451 807 605 876 μετά
634 806 751 860 τῶν
781 805 1120 874 ὑποκριτῶν
1141 824 1154 837 ·
1200 809 1261 860 τό
1287 825 1366 871 τε,
1416 807 1574 874 Ἔρεῐ
1587 824 1600 839 ·
1644 810 1763 862 Οὐκ
1789 808 1922 861 οῖδα
1950 807 2123 875 ὑμᾶς,

457 895 749 950 ἀπέλθετε
799 895 900 948 ἀπ’
950 894 1095 963 ἐμοῦ
1147 898 1201 948 οἱ
1253 895 1627 964 ἐργαζόμενοι
1694 894 1810 963 τὴν
1848 896 2122 963 ἀνομίαν.

464 983 610 1054 Ἀρα
644 981 717 1053 μή
753 981 1054 1051 άπατῶμεν
1085 983 1330 1045 ἑαυτοὺς,
1370 983 1682 1052 νομίζοντες
1726 982 1896 1035 ταῦτα
1936 982 2124 1050 Ἑλλη-

457 1069 601 1122 νιστὶ
648 1071 776 1139 ἡμῖν
801 1069 996 1136 λέγειν.
1029 1071 1098 1121 Ἢ
1135 1069 1286 1121 οὐδὲν
1316 1069 1450 1140 πρὸς
1490 1070 1636 1139 ἡμᾶς
1670 1067 1903 1132 τούτων;
1939 1069 2126 1138 Ὑμεῖς

459 1156 814 1226 κεκὼφωσθε,
852 1158 942 1209 καὶ
983 1150 1092 1209 οἷον
1163 1156 1503 1226 ἀπόπληκτοι
1569 1155 1924 1224 τυγχάνοντες
1975 1155 2126 1208 κάτω

459 1240 713 1295 κύπτετε.
764 1242 844 1294 Τὰ
879 1241 1185 1308 Εὐαγγέλια
1209 1242 1359 1294 οὐδὲν
1385 1241 1527 1310 ἔχειν
1555 1241 1637 1293 δεῖ
1672 1241 1777 1293 τῶν
1812 1241 2122 1311 πρακτέων,

457 1327 594 1382 ἀλλὰ
627 1327 784 1398 μόνον
817 1329 996 1396 ἀγαθὰ
1029 1327 1448 1399 συμϐουλεύειν⁹
1509 1327 1681 1381 ταῦτα
1728 1327 1784 1380 δὲ
1817 1327 1983 1397 μυρία
2013 1326 2125 1396 ἔχει

457 1419 738 1485 πρακτέα·
777 1411 974 1488 οἷάπερ
1011 1417 1126 1468 ἐστὶ
1167 1417 1259 1469 καὶ
1292 1415 1361 1468 τά
1415 1416 1668 1469 τοιαῦταο
1715 1416 1856 1468 Ἐὰν
1905 1413 1990 1484 μή
2037 1432 2127 1480 τις

452 1503 691 1573 μισήσῃ
720 1503 906 1558 αὐτοῦ
935 1504 1042 1556 τὸν
1069 1503 1292 1570 πατέρα
1320 1503 1414 1555 καί
1450 1502 1564 1569 τὴν
1588 1501 1832 1570 μητέρα,
1862 1503 1970 1554 οὐκ
1995 1501 2124 1555 ἔστι

453 1609 575 1660 μου
603 1591 800 1657 ἄξιος·
848 1593 959 1656 καὶ,
1009 1593 1129 1645 Οὐκ
1155 1588 1346 1662 ἦλθον
1359 1589 1578 1654 ,ϐαλεῖν
1599 1588 1849 1657 είρήνην
1883 1588 1982 1641 ἐπὶ
2012 1587 2126 1656 τὴν

458 1676 597 1745 γῆν,
645 1677 804 1730 ἀλλὰ
851 1676 1192 1747 μάχαιραν·
1250 1679 1371 1740 καὶ,
1433 1676 1651 1744 Θλῖψιν
1703 1676 1869 1740 ἕξετε
1924 1675 1994 1728 ἐν
2044 1674 2126 1740 τῷ

459 1765 684 1832 κόσμῳ.
719 1765 876 1819 Καλά
896 1781 980 1832 γε·
1008 1765 1071 1818 οὐ
1100 1764 1208 1834 γάρ
1231 1765 1402 1818 ταῦτα
1426 1763 1736 1831 εὐαγγέλια.
1760 1760 1908 1834 [161]
1931 1761 2002 1814 Τὸ
2017 1761 2124 1833 γάρ

459 1849 775 1919 εὐαγγέλιον
809 1851 962 1904 τοῦτό
986 1854 1129 1906 ἐστι·
1160 1853 1297 1906 Τάδε
1327 1869 1408 1904 σοι
1433 1852 1582 1903 ἔσται
1615 1851 1821 1919 ἀγαθά·
1877 1849 2126 1920 καθάπερ

459 1939 556 1991 καὶ
585 1941 642 1991 ἐν
674 1942 740 2010 τῇ
773 1940 1029 2010 συνηθείᾳ.
1061 1941 1192 2010 φασί
1227 1941 1360 2009 πρὸς
1408 1939 1668 2009 ἀλλήλους
1719 1941 1768 1992 οί
1815 1937 2089 2009 ἄνθρωποι
2110 1955 2122 1966 ·

459 2024 526 2076 Τί
576 2041 667 2094 μοι
705 2025 814 2077 τῶν
851 2025 1217 2094 εὐαγγελίωνς
1268 2027 1324 2079 ὐ
1351 2027 1530 2097 πατήρ
1571 2042 1664 2078 σου
1715 2024 1853 2093 ἥξει,
1883 2026 1914 2092 ή
1946 2026 2127 2093 μήτηρ

459 2127 576 2165 σου.
614 2113 690 2164 Οὐ
743 2111 913 2180 λέγει·
950 2113 1079 2165 Τόδε
1139 2113 1382 2182 ποίησον.
1422 2113 1590 2165 Πάλιν
1628 2112 1746 2164 εἰπέ
1787 2129 1896 2181 μοι,
1942 2110 1995 2162 τί
2053 2110 2129 2162 διο

459 2198 660 2270 έστηκε
705 2200 880 2254 ταῦτα
903 2201 1012 2254 τῶν
1048 2201 1436 2272 προφητικῶνς
1478 2199 1563 2252 διὰ
1609 2200 1663 2252 τί
1699 2199 1774 2270 μὴ
1820 2199 1913 2252 καὶ
1945 2200 2128 2251 ἐκεῖνα

457 2286 755 2354 εὐαγγέλια
792 2288 1045 2353 λέγεται;
1079 2289 1172 2342 καὶ
1202 2289 1308 2359 γάρ
1332 2288 1425 2340 καὶ
1457 2288 1639 2339 ἐκεῖνα
1659 2286 1731 2338 τὰ
1761 2285 1898 2338 αὐτὰ
1940 2284 2126 2352 λέγου-

460 2391 577 2428 σιν·
630 2372 763 2438 οἷον,
793 2376 1046 2430 Ἀλεῖται
1073 2378 1152 2442 ὡς
1173 2377 1402 2445 έλαίρος
1434 2378 1466 2428 ό
1496 2375 1692 2443 χωλός
1712 2391 1728 2407 ο
1762 2374 1977 2439 Κύριος
2013 2371 2125 2423 δώ-

456 2478 552 2514 σει
593 2463 760 2530 ρῆμιι
799 2463 924 2529 τοῖς
955 2463 1530 2534 εὐαγγελιζομένοις·
1560 2463 1736 2515 Δώσω
1774 2461 1916 2529 ὑμῖν
1958 2461 2127 2526 ούραι-

455 2548 569 2601 νὸν
598 2549 828 2614 καινὸν,
857 2551 951 2602 καί
984 2549 1102 2619 γῆν
1139 2550 1374 2618 καινήν.
1431 2549 1531 2602 Διὰ
1567 2549 1620 2601 τί
1671 2549 1745 2618 μὴ
1806 2547 1901 2600 καὶ
1940 2547 2124 2598 ἐκεῖνα

455 2634 752 2703 εὐαγγέλια
803 2637 1044 2705 λέγεται;
1095 2637 1182 2690 διὰ.
1219 2639 1271 2690 τί
1323 2637 1396 2708 μὴ
1439 2638 1532 2690 καὶ
1573 2635 1730 2688 τοῦτο
1782 2633 2120 2706 προφητείας

456 2721 520 2774 Εἰ
566 2722 623 2776 δὲ
655 2723 787 2794 μηδέ
821 2724 874 2776 τί
904 2727 1050 2777 ἐστιν
1087 2725 1384 2793 εὐαγγέλια
1415 2725 1634 2786 εἰδότες,
1669 2721 1810 2775 οὐτω
1850 2736 2124 2791 καταφρο-

454 2810 595 2861 νεῖτε
623 2810 722 2879 τῆς
741 2811 848 2864 τῶν
876 2813 914 2864 Γ
918 2811 1103 2883 ραφῶν
1123 2812 1476 2880 ἀναγνώσεως
1497 2827 1510 2840 °
1542 2812 1593 2864 τί
1621 2811 1748 2881 ὐμῖν
1774 2809 1883 2880 ἐρῶ
1907 2825 1921 2874 ;
1972 2808 2122 2861 Εἴπω

453 2912 508 2948 τι
532 2897 625 2950 καὶ
654 2898 871 2971 ἕτερον·
905 2900 1005 2953 Διὰ
1043 2901 1096 2954 τί
1133 2899 1370 2972 τέσσαρα
1411 2898 1750 2968 Εὐαγγέλια;
1803 2897 1890 2951 διὰ
1935 2896 1987 2949 τί
2043 2895 2118 2966 μὴ

1305 340 1364 396 S.
1395 338 1676 394 JOANN'S
1704 337 2188 394 CIIRYSOSTOME
2219 337 2536 394 ARCHIEP.
2578 336 3116 392 CONSTANTINOP.

3777 333 3803 387 1
3829 331 3909 387 58

2224 458 2388 524 δέκα;
2440 458 2527 511 διὰ
2557 459 2610 510 τί
2664 457 2738 528 μὴ
2765 457 2974 520 εἴκοσις
3031 458 3118 509 διὰ
3151 455 3201 508 τί
3235 457 3307 526 μὴ
3329 467 3354 494 α
3385 455 3566 507 πολλοὶ
3605 456 3909 527 ἐπεχείρη-

2227 564 2325 599 σαν
2382 546 2744 611 συντάξασθαι
2783 544 3127 614 Εὐαγγέλιας
3191 542 3281 596 διὰ
3323 543 3374 594 τί
3434 542 3508 614 μὴ
3539 537 3656 608 είςς
3716 543 3808 594 διὰ
3847 542 3908 596 τί

2223 635 2273 687 οἱ
2314 635 2588 706 μαθηταί;
2639 633 2724 686 διὰ
2749 633 2803 685 τί
2850 634 2899 686 οἱ
2936 631 3010 703 μὴ
3059 630 3331 702 μαθηταί;
3383 629 3472 682 διὰ
3523 628 3577 682 τί
3636 629 3693 682 δὲ
3757 630 3907 692 ὅλως

2240 724 2318 776 ιαί
2345 725 2403 777 αἱ
2444 723 2687 794 Γραφαί;
2727 721 2916 775 Καίτοι
2945 739 3008 790 γε
3031 719 3340 774 τούναντίον
3370 720 3534 790 φησὶν
3565 721 3598 788 ή
3639 719 3862 772 Παλαιὰ
3883 737 3902 752 ·

2223 808 2398 864 Δώσω
2429 809 2570 879 ὑμῖν
2601 809 2893 877 διαθήκην
2921 807 3158 873 καινήν.
3200 806 3309 859 Ποῦ
3343 808 3480 860 εἰσὶν
3520 808 3568 859 οἱ
3621 806 3895 874 λέγοντες.

2225 897 2339 950 Ἀεὶ
2371 897 2442 950 τὰ
2467 897 2635 962 αὐτάς
2691 898 2754 950 Et
2816 896 2988 949 ταῦτα
3043 897 3242 967 ᾔδειτε,
3287 895 3392 959 ὃτι,
3427 894 3531 947 κᾶν
3576 895 3748 964 μυρία
3798 894 3892 965 ἐτη

2226 985 2366 1056 ζήσῃ
2413 985 2716 1055 ἄνθρωπος,
2769 985 2869 1038 οὐκ
2916 984 3033 1037 ἐστι
3093 983 3165 1036 τὰ
3223 983 3380 1044 αὐτὰ,
3419 982 3519 1035 οὐκ
3574 981 3638 1034 ἂν
3699 981 3895 1034 εἴπατε

2223 1071 2413 1126 ταῦτα.
2467 1072 2818 1136 Πιστεύσατε,
2861 1073 2962 1124 οὐκ
3018 1071 3127 1141 ἐρῶ
3173 1071 3300 1140 ὑμῖν
3331 1069 3480 1122 οὐδὲν
3527 1069 3752 1131 τούτων,
3793 1070 3899 1122 οὐκ

2229 1160 2353 1230 ἰδίᾳ,
2383 1161 2443 1213 οὐ
2474 1163 2627 1230 κοινῇ
2653 1178 2666 1191 ·
2720 1159 2857 1213 ἀλλά
2893 1162 2940 1212 εί
2977 1158 3075 1227 μέν
3107 1175 3190 1220 τις
3224 1157 3378 1228 εὕρῃ,
3406 1156 3706 1209 ἐπινεύσωο
3738 1155 3808 1209 ἂν
3837 1156 3899 1208 δέ

2228 1249 2324 1318 μὴ,
2371 1249 2533 1301 ἐάσω.
2567 1247 2723 1302 Οῦτω
2759 1246 2866 1316 γὰρ
2895 1247 3038 1316 ὑμᾶς
3063 1247 3398 1315 ἐποιήσαμεν
3424 1245 3753 1314 ἀχρήστους,
3809 1243 3902 1295 ἀεὶ

2225 1335 2402 1387 πάντα
2427 1333 2486 1398 ἐξ
2515 1333 2731 1404 ἑτοίμου
2775 1332 3042 1400 λέγοντες,
3093 1331 3186 1383 καὶ
3218 1329 3308 1382 ὅτε
3341 1328 3445 1400 χρὴ
3471 1331 3569 1382 οὐκ
3599 1328 3901 1382 ἀνανεύον-

2223 1437 2335 1484 τες.
2385 1422 2515 1474 ’1δού
2567 1421 2718 1490 ἔχετε
2773 1417 3064 1489 ζητήματα
3112 1417 3305 1470 ἱκανά·
3350 1415 3644 1484 σκέψασθε,
3699 1417 3903 1468 εἴπατε

2222 1508 2320 1579 τῆν
2346 1509 2539 1562 αἰτίαν.
2578 1509 2678 1561 Διὰ
2705 1508 2758 1560 τί
2792 1506 3117 1575 εὐαγγέλια;
3173 1506 3261 1559 διὰ
3312 1505 3363 1556 τί
3403 1504 3477 1575 μὴ
3526 1506 3900 1574 προφητεῖαι;

2223 1595 2310 1650 διὰ
2342 1595 2394 1649 τί
2447 1595 2514 1649 τὰ
2571 1595 2818 1666 πρακτέα
2864 1596 2922 1648 ἐν
2951 1596 3064 1656 τοῖς
3117 1592 3500 1660 Εὐαγγελίοις;
3561 1591 3678 1644 Κᾶν
3735 1585 3904 1652 οὗτος

2225 1684 2492 1755 ἀπορήσῃ,
2523 1683 2705 1752 ἔτερος
2731 1682 2980 1751 ζητείτω,
3031 1681 3122 1733 καὶ
3147 1678 3216 1732 τὰ
3246 1681 3374 1748 παρ’
3405 1679 3609 1732 ἑαυτῶν
3643 1677 3903 1748 ἀλλήλοις

2225 1770 2643 1840 συνεισφέρετε·
2691 1768 2878 1822 λοιπὸν
2922 1767 2978 1820 δὲ
3005 1769 3166 1838 ἡμεῖς
3198 1768 3514 1836 σιγήσομεν.
3569 1766 3630 1817 Εἰ
3661 1765 3772 1831 γὰρ
3828 1765 3906 1816 τὰ

2224 1858 2486 1929 εἰρηῴια
2548 1857 2697 1910 οὐδὲν
2743 1857 2886 1925 ὑμᾶς
2932 1854 3133 1925 ὢνησε,
3185 1853 3361 1922 πολλῷ
3420 1852 3619 1922 μᾶλλον
3663 1851 3774 1904 οὐδ’
3830 1853 3905 1904 ἂν

2223 1947 2384 2016 ἔτερα
2437 1944 2822 2015 προσθείημεν.
2884 1944 3088 2004 Ὄντως
3139 1943 3218 2003 είς
3277 1939 3431 1992 πίθον
3483 1937 3905 2010 τετρυπημένον

2225 2033 2541 2103 ἀντλοῦμεν,
2588 2031 2735 2084 ἔνθεν
2773 2028 2968 2101 μείζων
2995 2029 3122 2099 ὑμῖν
3170 2027 3264 2081 καὶ
3309 2030 3341 2096 ὴ
3379 2027 3616 2090 κόλασις.
3681 2025 3904 2078 Οὐκοῦν

2224 2123 2310 2176 διὰ
2324 2121 2482 2174 τοῦτο
2512 2123 2823 2191 σιγήσομεν.
2854 2119 3032 2188 Ὅπερ
3081 2118 3167 2171 ἵνα
3226 2116 3299 2186 μὴ
3337 2115 3580 2184 γένηται,
3609 2114 3769 2183 ὑμεῖς
3792 2114 3899 2166 κύ-

2229 2226 2350 2280 ριοι.
2391 2209 2450 2260 Εἰ
2479 2211 2586 2277 γάρ
2615 2205 2919 2276 θεασόμεθα
2955 2204 3108 2274 ὐμῶν
3155 2203 3251 2273 τὴν
3281 2202 3538 2272 σπουδὴν,
3572 2203 3701 2263 ίσως
3730 2199 3899 2252 πάλιν

2223 2295 2478 2364 ἐροῦμεν,
2508 2295 2594 2347 ἴνα
2619 2295 2710 2346 καὶ
2731 2294 2886 2363 ὑμεῖς
2911 2293 3004 2344 ἐπὶ
3034 2291 3194 2344 πλέον
3221 2289 3565 2359 εὐδοκιμῆτε,
3594 2289 3688 2340 καὶ
3729 2288 3904 2356 ἡμεῖς

2225 2383 2308 2450 ἐφ’
2357 2383 2484 2451 ὑμῖν
2551 2379 3008 2450 εὐφραινώμεθα,
3069 2379 3160 2430 ἐπὶ
3221 2377 3356 2429 πᾶσι
3421 2374 3736 2440 δοξάζοντες
3803 2373 3904 2426 τὸν

2223 2470 2353 2522 Θεὸν
2402 2470 2496 2522 καὶ
2544 2468 2762 2538 Πατέρα
2797 2465 2892 2520 τοῦ
2956 2466 3158 2537 Κυρίου
3213 2464 3373 2535 ἡμῶν
3403 2462 3576 2532 Ἰησοῦ
3610 2461 3856 2532 Χριστοῦ
3886 2477 3903 2491 ·

2221 2554 2319 2629 ᾧή
2348 2558 2492 2624 δόξα,
2517 2557 2610 2610 καί
2631 2557 2691 2609 τὸ
2721 2555 2940 2620 κράτος,
2972 2555 3064 2606 καὶ
3092 2555 3125 2623 ή
3157 2551 3534 2624 μεγαλωσύνη,
3558 2551 3705 2618 καὶή
3737 2547 3904 2620 τιμὴ,

2224 2649 2320 2701 σὺν
2349 2646 2426 2717 τῷ
2457 2647 2680 2715 άνάρχῳ
2714 2645 2912 2714 Πατρί,
2951 2644 3044 2696 καὶ
3078 2641 3156 2712 τῷ
3187 2641 3328 2711 ἁγίῳ
3382 2639 3547 2694 αὐτοῦ
3589 2638 3903 2707 Πνεύματι,

2222 2735 2317 2788 νῦν
2369 2736 2464 2788 καὶ
2503 2735 2610 2799 ἀεὶ,
2645 2734 2739 2785 καὶ
2772 2735 2848 2795 εἰς
2882 2732 3004 2794 τοὺς
3034 2730 3235 2793 αἰῶνας
3273 2729 3380 2782 τῶν
3412 2729 3642 2781 αἰώνων.
3693 2727 3903 2796 Ἀμήν.

2286 2899 2302 2922 ⁹
2327 2900 2467 2952 Alius
2487 2901 2682 2957 εἴκοσιν,
2696 2897 2737 2945 εἷ
2754 2897 2921 2945 πολλοὶ
2941 2896 3015 2945 ἐπ.
3040 2897 3354 2952 ἀνατάξασθαι
3378 2896 3610 2956 διήγησιν.
3632 2893 3719 2940 Διὰ
3739 2891 3783 2938 τί
3806 2891 3904 2951 μή.

584 3017 3770 3048 ww

2057 3078 2298 3132 OMIAIA
2331 3079 2414 3130 K'.

454 3177 568 3240 τΗν
611 3181 678 3235 δέ
715 3199 803 3246 τις
831 3178 1103 3248 μαθητὴς
1133 3178 1204 3230 ἐν
1232 3175 1526 3248 Δαμασκῷ
1554 3175 1796 3248 ὀνόματι
1828 3173 2118 3248 Ἀνανίας,

527 3251 630 3307 καὶ
692 3242 846 3304 εἰ·έέ
886 3242 1378 3316 πρόςξαύτὸνο
1445 3242 1668 3316 Κύριος
1711 3245 1782 3297 ἐν
1838 3242 2118 3316 ὀράματιξ

541 3322 794 3376 Ἀνανία.
837 3312 1020 3372 ’ϐ’δέ
1057 3314 1244 3372 εἶπεν·
1287 3315 1433 3370 Ἰδοὺ
1489 3315 1622 3383 ἐγὼ,
1679 3316 1871 3382 Κύριε.
1943 3315 2005 3364 '0
2056 3312 2124 3363 δὲ

529 3393 741 3459 Κύριος
789 3389 936 3457 πρὸς
982 3387 1168 3459 αὑτὸν
1206 3383 1410 3440 εἶπενσ
1468 3385 1766 3459 ’ᾼναστίις-
1799 3383 2123 3459 ’πρρεύθητι

529 3452 630 3514 έπί
683 3452 797 3525 τὴν
827 3452 1052 3526 ⁷ῥύμην
1099 3456 1215 3522 τὴν
1265 3455 1647 3523 καλουμένην
1690 3453 1964 3526 Εὐθεῖαν,
1995 3452 2122 3526 κίκιιί

529 3524 790 3597 ζήτησον
827 3529 896 3580 ἐν
927 3524 1098 3592 οἰκίᾳ
1145 3526 1361 3588 Ἰούδα,
1411 3526 1649 3597 Σαῦλον
1695 3524 1954 3597 ὀνόματι,
1991 3525 2126 3597 Ῑξαρ-

529 3590 672 3654 σέαί
727 3599 854 3652 ἰδοὺ
904 3599 1014 3665 γὰρ
1054 3590 1467 3664 προσεύχεται.
1528 3596 1633 3648 Καὶ
1682 3590 1950 3665 εἶδενῄἐν
1992 3591 2127 3665 ορά-

525 3688 665 3738 ματι
713 3662 921 3735 ἄνδρα
946 3662 1244 3738 Ἄνθαν-ίαν,
1265 3662 1655 3738 ξεξσελθόντιι
1701 3663 1797 3716 καί
1850 3662 2126 3718 ἐπιθέντα

529 3735 689 3804 αὐτῷ
721 3739 907 3809 χεῖρα,
945 3737 1100 3802 ὅπως
1122 3735 1454 3803 ἀναϐλέψῃ.

531 3851 602 3900 α’.
625 3844 689 3896 Τί
736 3843 934 3913 δήποτε
966 3841 1156 3894 οὐδένα
1189 3839 1297 3893 τῶν
1325 3838 1638 3911 κορυφαίων
1663 3839 1972 3892 ἀποστόλων
2003 3835 2126 3890 οὐτε

461 3924 736 3986 ἐκάλεσεν,
767 3921 889 3975 οὐτε
923 3921 1210 3974 ἀπέστειλε
1261 3920 1399 3990 πρὸς
1437 3919 1536 3990 τὴν
1585 3919 1676 3974 τοῦ
1725 3918 1937 3973 Παύλου
1997 3933 2129 3970 κατ-

460 4009 656 4076 ήχησιν
678 4020 696 4066 ;
717 4001 864 4077 [16⁸2]
892 4003 1014 4055 Ὅτι
1046 4001 1145 4054 οὐκ
1184 4001 1350 4070 ἐχρῆν
1395 4000 1463 4053 δι’
1488 3997 1788 4077 ἁνθρρπων
1818 3995 2124 4077 ἐνάγεσθαι,

461 4070 596 4139 ἀλλὰ
623 4083 690 4135 δι’
718 4070 888 4136 αὐτοῦ
913 4081 1006 4134 τοῦ
1047 4080 1282 4153 Χριστοῦ
1304 4095 1317 4109 ο
1352 4079 1472 4131 ἐπεὶ
1498 4079 1590 4132 καὶ
1613 4070 1768 4139 οὗτος
1797 4075 2001 4140 ἐδίδαξε
2030 4074 2126 4143 μὲν

459 4163 624 4218 αὐτὸν
672 4162 843 4224 οὐδὲν,
874 4161 1134 4214 ἐϐάπτισε
1175 4159 1230 4212 δὲ
1269 4158 1448 4229 μόνον.
1486 4158 1637 4226 Ἀμα
1666 4155 1794 4222 γοῦν
1821 4153 1898 4222 τῷ
1938 4153 2128 4221 βαπτι-

463 4242 654 4313 σθῆναι
693 4241 1040 4294 ἐπεσπάσατο
1068 4237 1264 4306 πολλὴν
1304 4251 1329 4276 α
1365 4235 1457 4288 τοῦ
1507 4235 1822 4304 Πνεύματος
1846 4233 1943 4304 τὴν
1970 4231 2127 4300 χάριν

462 4310 569 4374 ἀπὸ
601 4319 692 4372 τοῦ
723 4319 884 4388 ζήλου
938 4319 1032 4370 καί¹
1061 4317 1164 4384 τῆς
1191 4315 1495 4385 προθυμίας
1527 4316 1625 4382 τῆς
1663 4313 1882 4380 πολλῆς.
1923 4313 2041 4364 Ὅτι
2060 4310 2128 4388 δὲ

461 4400 558 4452 καὶ
581 4399 610 4449 ὁ
638 4383 884 4459 Ἀνανίας
918 4396 1028 4447 τῶν
1068 4383 1272 4463 σφόδρα
1304 4383 1593 4460 ἐπισήμων
1619 4388 1705 4462 ἦν,
1735 4391 1892 4461 δῆλον
1945 4390 2006 4454 ἐξ
2051 4383 2128 4442 ὧν

464 4475 818 4545 ἐμφανίζεται
852 4473 946 4527 καί
976 4473 1124 4540 λέγει
1180 4470 1316 4540 πρὸς
1371 4470 1552 4545 αὐτὸν,
1591 4471 1684 4523 καὶ
1733 4470 1792 4536 ἐξ
1840 4463 1914 4522 ὧν
1966 4468 2127 4522 πάλιν

463 4543 624 4619 αὐτὸς
646 4554 1021 4626 ἀποκρίνεται,
1051 4551 1258 4620 λέγων’
1313 4543 1508 4618 Κύριέ,
1539 4550 1771 4616 ἀκήκοα
1825 4549 1944 4604 ἀπὸ
1979 4552 2128 4603 πολ-

459 4636 588 4692 λῶν
615 4635 746 4703 περὶ
791 4633 898 4688 τοῦ
925 4630 1234 4700 ἀνθρώπου
1265 4630 1500 4695 τούτου,
1547 4630 1664 4684 ὅσα
1689 4629 1840 4684 κακὰ
1881 4627 2128 4695 ἐποίησε

461 4715 584 4782 τοῖς
622 4715 811 4783 ἁγίοις
835 4727 950 4766 σου
1005 4712 1074 4764 ἐν
1117 4707 1528 4779 Ἰερουσαλήμ.
1562 4710 1623 4762 El
1653 4709 1831 4762 τοίνυν
1859 4707 1992 4777 πρὸς
2025 4709 2132 4761 Κύ-

465 4811 578 4864 ριον
637 4795 851 4846 ἀντεῖπε
877 4792 904 4832 h
943 4832 957 4856 ,
1005 4789 1183 4860 πολλῷ
1242 4789 1460 4858 μᾶλλον,
1512 4790 1559 4840 εἰ
1617 4788 1845 4857 ἄγγελον
1891 4787 2124 4856 έπεμψε.

461 4877 558 4932 Διὰ
587 4873 745 4927 τοῦτο
779 4872 900 4925 οὐδέ
947 4870 1054 4941 πρὸ
1090 4871 1276 4922 τούτου
1317 4869 1581 4930 Φίλιππος
1609 4867 1792 4920 ἀκούει
1835 4866 1894 4919 τὸ
1933 4868 2128 4936 ἐσόμε-

462 4972 571 5016 νον,
595 4953 728 5006 ἅλλᾶι
763 4951 920 5021 μόνον
958 4951 1059 5020 δρᾷ
1093 4948 1185 5002 τὸν
1215 4947 1445 5017 ἄγγελον
1469 4965 1483 4976 ·
1524 4947 1618 5000 καὶ
1651 4947 1792 5000 οῦτω
1821 4947 1881 5000 τὸ
1906 4946 2130 5018 Πνεῦμα

466 5033 791 5102 προστάττει
847 5027 1200 5098 προσελθεῖν,
1261 5027 1353 5079 καί
1403 5025 1729 5096 κολληθῆναι-
1769 5026 1848 5097 τῷ
1899 5025 2126 5096 ἅρματι.

464 5115 614 5176 Τέως
641 5113 696 5164 δὲ
720 5109 950 5164 ἐνταῦθα
974 5109 1064 5162 τὸν
1091 5108 1254 5177 φόϐον
1279 5105 1444 5160 αὐτοῦ
1479 5107 1861 5174 ὑποτέμνεται,
1889 5107 1982 5160 καὶ
2034 5123 2129 5177 μο-

463 5192 675 5260 νονουχὶ
707 5191 863 5243 τοῦτό
897 5206 1027 5259 φησι
1083 5188 1160 5258 τῷ
1199 5190 1389 5242 εἰπεῖν·
1437 5187 1566 5240 Ἰδοὺ
1605 5187 1987 5256 προσεύχεται,
2036 5204 2130 5239 τυ-

467 5270 595 5339 φλός
628 5271 765 5332 ἐστι,
794 5270 888 5320 καὶ
930 5269 994 5321 σύ
1025 5267 1265 5329 δέδοικας
1285 5285 1306 5330 ;,
1341 5265 1496 5320 Οῦτω
1525 5265 1617 5318 καὶ
1669 5265 1908 5336 Μωῦσῆς
1947 5265 2128 5334 φοϐεῖ-

463 5365 576 5404 ται·
615 5348 755 5402 ὥστε
803 5347 872 5402 τὰ
918 5349 1137 5418 ῥήματα
1182 5347 1514 5416 φοϐουμένου
1567 5344 1765 5416 μᾶλλόν
1815 5346 1984 5411 ἐστιν,
2029 5346 2129 5400 οὐκ

465 5425 818 5488 ἀπιστοῦντος
847 5437 895 5478 ε.
942 5428 1051 5478 Καὶ
1104 5428 1268 5479 ἄκουε
1322 5424 1432 5477 τῶν
1462 5423 1721 5495 ῥημάτων
1746 5423 1922 5479 αὐτῶν
1949 5442 1964 5457 ⁸
2017 5426 2130 5481 Κύσ

461 5525 572 5578 ριε,
596 5505 828 5572 ἀκήκοα
857 5504 974 5558 ἀπὸ
1019 5503 1267 5558 πολλῶν
1305 5504 1436 5570 περὶ
1483 5503 1588 5555 τοῦ
1645 5501 1863 5570 ἀνδρὸς
1895 5505 2125 5558 τούτου.

466 5588 533 5642 Τί
565 5586 776 5654 λέγεις;
833 5587 861 5638 ὁ
900 5584 1031 5648 Θεὸς
1070 5584 1238 5650 λέγει,
1270 5583 1362 5634 καὶ
1394 5581 1456 5632 σὺ
1502 5581 1894 5650 άμφιϐάλλεις;
1945 5583 2129 5649 Οῦτως

529 5715 557 5740 ⁸
583 5708 682 5759 Alii
725 5709 826 5770 ἅμα
859 5708 951 5770 γὰρ,
990 5706 1232 5770 φωτισθεὶς
1255 5703 1506 5770 ,μεμιιλλενΔ
1539 5703 1888 5770 ἐπισπάσασθαι
1929 5709 2124 5770 πολλὴν.

533 5773 560 5812 b
592 5771 680 5818 Alii
708 5763 856 5832 εἶ’-γὰρ
871 5763 1146 5832 πρὸςωύτὸν
1168 5766 1395 5832 ἀντεῖπεν.
1450 5830 1457 5832 Α
1485 5765 1507 5793 ⁸
1534 5763 1646 5832 Alii
1660 5767 2028 5832 goﬁwgﬁvoujv
2051 5763 2128 5817 ιιαὶ

471 5825 868 5893 ἀναϐαλλομένου.
913 5825 1002 5894 οὐκ
1046 5827 1368 5894 ἀπιστοῦντος.
1413 5830 1465 5894 e_t
1505 5827 1574 5870 sic
1617 5825 1763 5874 δεμ-Η.
1813 5825 1982 5876 Morel.
2015 5843 2129 5881 vero

477 5889 759 5955 φιὸουμένὸυ
785 5892 960 5955 μᾶλλον
983 5893 1107 5940 ἐστιν
1114 5928 1127 5952 ,
1148 5889 1232 5938 οὐκ
1255 5889 1578 5942 ἀπιστοῦντος.

2224 3167 2378 3222 οὐπω
2416 3168 2612 3238 ᾔδεσαν
2660 3167 2759 3237 τὴν
2796 3165 3021 3236 δύναμιν
3067 3163 3160 3217 τοῦ
3195 3165 3455 3233 Χριστοῦ.
3498 3165 3605 3217 Καὶ
3630 3157 3746 3219 ὦδε
3771 3168 3909 3234 ἔχει

2222 3245 2511 3308 ἐξουσίαν
2549 3244 2707 3314 παρὰ
2736 3243 2853 3297 τῶν
2884 3241 3202 3312 ἀρχιερέων
3235 3241 3421 3310 δῆσαι
3469 3242 3698 3310 πάντας
3752 3246 3908 3313 τοὺς

2223 3325 2734 3392 ἐπικαλουμένους
2778 3323 2844 3377 τὸ
2885 3323 3073 3391 ὄνομά
3123 3335 3258 3375 σου.
3315 3322 3484 3376 Πόθεν
3513 3323 3670 3376 τοῦτο
3695 3324 3906 3394 δῆλονς

2224 3402 2383 3466 Εἰκὸς
2408 3398 2476 3474 ἦν
2527 3404 2722 3466 αὐτοὺς
2771 3404 2830 3456 ἐν
2879 3403 3028 3474 φόϐῳ
3075 3403 3233 3466 ὄντας
3269 3405 3744 3474 περιεργάζεσθαι.
3781 3407 3909 3477 Οὐχ

2225 3481 2300 3545 ὡς
2329 3482 2428 3536 οὐκ
2461 3483 2657 3547 εἰδότος
2681 3479 2774 3536 οὐν
2805 3481 2901 3536 τοῦ
2939 3483 3176 3554 Χριστοῦ
3209 3481 3382 3535 ταῦτα
3424 3484 3590 3552 λέγει,
3615 3485 3730 3537 ἀλλ’
3757 3487 3909 3539 ἁπο-

2230 3562 2468 3632 ροῦντος,
2491 3564 2596 3634 ,ὅτι
2652 3563 2855 3617 τούτων
2881 3563 3070 3629 όντων,
3107 3563 3225 3626 πῶς
3269 3563 3493 3617 δυνατὸν
3537 3565 3709 3618 ταῦτα
3739 3567 3909 3634 γενέ-

2227 3639 2418 3694 σθαιά.
2456 3641 2612 3694 Οῦτω
2658 3643 2750 3696 καὶ
2786 3640 3017 3712 ἀλλαχοῦ
3079 3643 3129 3694 οἱ
3186 3642 3426 3712 μαθηταὶ
3485 3643 3721 3711 λέγουσι’
3802 3646 3914 3711 τίς

2225 3717 2471 3772 δύναται
2516 3719 2817 3788 σωθιῆνακ
2884 3719 3022 3773 Ἀλλ’
3063 3720 3164 3791 δρα
3203 3721 3341 3773 πόσα
3392 3721 3774 3791 οἰκονομεῖται,
3810 3723 3914 3776 ἵνα

2227 3797 2490 3870 πιστεύσῃ
2529 3797 2607 3868 τῷ
2659 3798 2955 3870 ἐρχομένῳ.
3002 3798 3089 3852 Ἐν
3119 3797 3313 3869 ὀνείρῳ
3344 3794 3472 3862 εἶδε,
3510 3800 3911 3870 προεμήνυσεν

2227 3877 2398 3947 αὐτῷ,
2421 3881 2851 3948 Προσεύχεται,
2880 3879 3076 3948 φησίν·
3117 3878 3312 3932 οὐκοῦν
3344 3879 3419 3949 μὴ
3451 3880 3639 3948 φοϐοῦ.
3669 3882 3780 3933 Καὶ
3807 3883 3911 3937 διὰ

2225 3960 2279 4013 τί
2321 3961 2380 4013 οὐ
2429 3959 2575 4026 λέγει
2625 3957 2772 4028 αὐτῷ
2807 3958 2868 4011 τὸ
2921 3956 3254 4029 κατόρθωμα
3283 3958 3345 4011 τὸ
3402 3959 3722 4030 γενόμενον;
3765 3961 3908 4016 ﬂag-

2225 4037 2394 4092 δεύων
2423 4039 2568 4108 ἡμᾶς
2606 4037 2678 4108 μὴ
2712 4037 2891 4105 λέγειν
2923 4036 3080 4108 ήμῶν
3111 4038 3180 4090 τὰ
3207 4037 3608 4109 κατορθώματα
3628 4055 3643 4071 ο
3696 4039 3913 4110 pium

2227 4117 2282 4170 δὲ
2321 4117 2414 4171 καὶ
2452 4116 2780 4186 φοϐούμενον
2817 4115 2960 4170 ἰδών.
3021 4116 3155 4169 Οὐδὲ
3187 4115 3359 4180 οὕτως
3391 4113 3563 4176 εἷπεν.
3605 4119 3720 4172 Οὐκ
3771 4121 3912 4172 ἀπι-

2230 4194 2492 4266 στηθήσῃ,
2528 4194 2663 4248 ἀλλὰ
2682 4195 2734 4246 τί
2761 4211 2775 4258 ;
2821 4195 3101 4261 Ἀναστὰς
3132 4196 3472 4263 πορεύθητι.
3529 4192 3662 4250 Οἵδε
3695 4197 3808 4265 γὰρ
3838 4199 3915 4250 ἐν

2228 4274 2471 4344 ὁράματι
2496 4273 2683 4341 ἄνδρα
2711 4273 2985 4327 ἐπιθέντα
3011 4272 3171 4339 αὐτῷ
3200 4274 3422 4343 χεῖρας.
3476 4275 3574 4328 Διὰ
3619 4275 3780 4328 τοῦτο
3851 4279 3918 4330 ἐν

2228 4355 2484 4427 ὁράματι,
2515 4352 2702 4428 ἐπειδὴ
2737 4354 2909 4424 πηρὸς
2937 4350 3026 4424 ῆν.
3083 4355 3190 4408 Καὶ
3241 4355 3362 4408 οὐδὲ
3407 4355 3498 4407 τοῦ
3535 4355 3815 4426 θαύματος
3876 4360 3912 4428 ἡ

2229 4433 2499 4507 ὑπερϐολὴ
2529 4427 2640 4486 εἷλε
2670 4434 2761 4487 τὸν
2812 4433 3096 4505 μαθητήν·
3148 4433 3319 4498 οὕτως
3381 4435 3646 4503 ἐφοϐεῖτο.
3709 4427 3917 4506 Ὅμως

2228 4516 2294 4570 δι’
2321 4513 2483 4568 αὐτοῦ
2517 4513 2726 4567 Παῦλον
2745 4514 2943 4582 τυφλὸν
2968 4514 3094 4568 ὄντα
3135 4513 3431 4583 ἀναϐλέψαι
3475 4517 3503 4568 ὁ
3537 4515 3668 4578 Θεὸς
3711 4515 3920 4582 ἐποίη-

2233 4614 2341 4651 σεν.
2398 4591 2543 4650 ΕῙπε
2575 4595 2642 4648 δὲ
2695 4598 2728 4649 ὁ
2783 4596 2996 4663 Κύριος
3055 4596 3204 4662 πρὸς
3235 4597 3449 4649 αὐτόν·
3491 4597 3778 4662 Πορεύου,
3820 4598 3922 4650 ὅτι

2229 4676 2450 4741 σκεῦος
2487 4674 2746 4745 ἐκλογῆς
2791 4677 2894 4744 μοι
2929 4675 3100 4728 ἐστιν
3127 4671 3326 4740 οὗτος,
3351 4675 3459 4729 τοῦ
3483 4677 3801 4740 βαστάσαι
3848 4678 3920 4731 τὸ

2229 4757 2416 4826 ὄνομά
2455 4773 2574 4825 μου
2598 4754 2851 4808 ἐνώπιον
2893 4754 3085 4809 ἐθνῶν
3113 4755 3211 4807 καί
3256 4754 3587 4819 βασιλέων,
3640 4753 3793 4807 υἱῶν
3851 4774 3922 4810 τε

2229 4833 2496 4903 Ἰσραήλ.
2531 4833 2678 4903 Ἐγὼ
2729 4833 2837 4902 γάρ
2871 4831 3165 4896 ὑποδείξω
3195 4833 3374 4898 αὐτῷ,
3405 4833 3522 4888 ὅσα
3572 4831 3665 4886 δεῖ
3714 4835 3926 4888 αὐτὸν

2227 4914 2380 4981 ὑπὲρ
2433 4911 2540 4966 τοῦ
2597 4913 2887 4980 ὀνόματός
2923 4929 3040 4979 μου
3093 4911 3320 4965 παθεῖν.
3377 4913 3452 4964 Οὐ
3514 4911 3670 4981 μόνον
3711 4913 3923 4976 πιστὸς

2229 4992 2402 5056 ἔσται,
2435 4991 2616 5062 φησὶν,
2650 4989 2788 5044 ἀλλὰ
2826 4991 2920 5042 καὶ
2945 4990 3278 5054 διδάσκαλος,
3309 4991 3403 5042 καὶ
3435 4991 3600 5060 πολλῇ
3637 4992 3923 5061 χρήσεται

2227 5073 2294 5142 τῇ
2329 5071 2630 5142 παρρησίᾳ.
2669 5068 2949 5122 Ἐνώπιον
2996 5067 3186 5122 ἐθνῶν
3213 5069 3311 5125 καὶ
3341 5069 3668 5132 βασιλέων.
3715 5069 3922 5130 Οὕτως

2230 5147 2902 5218 ἐπιδώσειήδιδασκαλία,
2947 5149 3099 5218 φησί,
3149 5149 3225 5212 ὡς
3271 5150 3366 5201 καὶ
3410 5149 3577 5201 ἐθνῶν
3622 5149 3717 5201 καὶ
3749 5148 3921 5217 βασι-

2229 5227 2365 5280 λέων
2395 5227 2646 5280 ἁπάντων
2669 5231 2957 5300 κρατῆσαι.
2993 5225 3247 5295 Ἀπῆλθε
3280 5227 3629 5293 δέἈνανιάς
3657 5229 3759 5281 καί
3783 5233 3924 5282 είσο

2230 5305 2420 5376 ἦλθεν
2447 5311 2534 5372 εἰς
2585 5307 2700 5376 τὴν
2745 5310 2962 5372 οἰκίαν,
3012 5309 3110 5360 καὶ
3169 5307 3391 5373 ἐπιθεὶς
3443 5308 3534 5359 ἐπ’
3567 5306 3762 5360 αὑτὸν
3802 5311 3922 5374 τὰς

2230 5385 2431 5455 χεῷας
2477 5383 2606 5440 εἷπε
2628 5401 2642 5416 °
2703 5386 2900 5439 Σαοὺλ
2945 5385 3190 5454 ἀδελφέ,
3223 5390 3256 5441 d
3308 5388 3521 5454 Κύριος
3552 5384 3924 5442 ἀπέσταλκά

2225 5484 2301 5536 με
2321 5468 2588 5535 (Ἰησοῦς
2619 5469 2652 5520 ό
2676 5467 2878 5536 ὀφθείς
2897 5483 2993 5520 σοι
3025 5468 3094 5520 έν
3115 5465 3191 5536 τῇ
3217 5465 3353 5532 ὀδῷ,
3389 5462 3428 5538 ᾗ
3463 5465 3702 5534 ἤρχου).
3743 5465 3924 5534 ὅπως

2229 5545 2580 5615 ἀναϐλέψῃς
2613 5547 2712 5600 καί
2763 5545 3047 5613 πλησθῇς
3073 5548 3417 5615 Πνεύματος
3446 5545 3638 5614 ἁγίου.
3682 5545 3926 5611 Εὐθέως

2234 5627 2393 5680 αὐτὸν
2417 5625 2707 5680 οἰκειοῦται
2727 5627 2807 5698 τῷ
2833 5627 3076 5697 ὀνόματι.
3117 5625 3377 5692 Ἰησοῦς,
3414 5626 3600 5697 φησὶν,
3633 5637 3665 5679 ο
3698 5627 3929 5695 ὀφθείς

2300 5834 2328 5873 σι
2369 5835 2493 5884 Tres
2527 5837 2666 5888 codd.
2710 5839 2828 5887 ἀλλὰ
2869 5839 3044 5887 τούτων
3084 5838 3230 5885 ὄντων
3267 5837 3365 5891 πῶς
3389 5835 3594 5892 δύναται,
3624 5836 3759 5896 φησί,
3794 5835 3929 5887 tu?»

2238 5912 2297 5945 τα
2339 5899 2546 5959 γενέσθαι
2561 5913 2576 5960 ;
