3972 6212
306 360 411 419 157

301 477 444 532 hom
468 487 757 531 ocnsutere
786 494 799 529 :
830 474 947 529 hmc
968 488 1094 528 vero
1112 473 1390 529 innumera
1413 473 1609 529 habent
1634 473 1906 539 facienda;

298 568 611 641 cnthSmodi
639 578 763 623 sunt
791 568 905 622 hrcc
938 584 949 619 :
982 566 1045 621 Si
1066 568 1177 635 quis
1208 583 1308 620 non
1337 567 1443 620 odit
1473 577 1665 635 patrem
1689 583 1833 620 sumn
1861 576 1908 619 et

297 670 554 727 matrem,
586 676 691 714 non
730 670 803 713 est
840 676 916 712 me
947 660 1129 729 dignus
1156 656 1322 730 (Luc.
1366 661 1452 712 :4.
1500 658 1641 725 £6);
1675 667 1759 721 et,
1788 657 1907 711 Non

298 756 417 809 mi
437 772 623 823 pacem
655 756 851 807 mittere
880 754 932 806 in
962 764 1168 816 terram,
1200 752 1289 805 sed
1313 751 1543 822 gladium
1567 753 1581 819 (
1603 750 1787 803 Matt/1.
1818 750 1903 805 10.

296 849 391 903 ⁸51.
442 846 573 901 Luc.
613 848 701 901 12.
732 848 792 900 51
819 850 835 914 )
863 863 875 906 ;
929 856 1009 909 et,
1042 845 1434 898 Tribulationem
1463 845 1513 897 in
1544 845 1730 895 mundo
1756 842 1907 895 Imbe-

297 942 415 995 bitis
443 940 642 1011 (Joan.
699 942 785 994 16.
837 939 959 1011 55).
997 938 1220 993 Pulchra
1251 937 1496 1005 quidem;
1525 938 1617 989 sed
1650 951 1754 989 non
1783 946 1906 989 sunt

297 1032 606 1101 evangelia.
664 1032 1011 1101 Evangelium
1073 1045 1302 1099 namque
1350 1028 1451 1083 hoc
1496 1036 1578 1082 est
1605 1044 1617 1079 :
1649 1027 1772 1079 llzcc
1811 1026 1905 1079 tibi

293 1125 437 1179 bona
466 1134 632 1179 erunt
663 1142 675 1177 :
704 1134 760 1179 ut
787 1125 960 1179 solent
992 1123 1237 1177 homines
1269 1122 1407 1175 inter
1433 1136 1490 1175 se
1512 1120 1691 1174 dicere
1722 1138 1734 1173 :
1767 1118 1901 1184 Quid

294 1217 428 1270 mihi
458 1226 542 1269 est
574 1215 1017 1286 evangeliorum?
1044 1224 1194 1282 pater
1238 1223 1359 1266 tuus
1385 1212 1585 1273 veniet,
1615 1210 1696 1265 vel
1734 1220 1904 1264 mater

294 1317 411 1360 tua.
456 1307 579 1361 Non
609 1310 815 1373 dicunt,
847 1308 971 1361 llwc
1010 1307 1188 1360 facito.
1242 1306 1469 1359 Rursum
1496 1304 1581 1357 dic
1605 1303 1749 1363 mihi,
1776 1304 1899 1372 quid

294 1400 560 1455 diderant
584 1402 699 1455 hmc
725 1418 757 1455 a
781 1398 1107 1470 propheticis
1133 1418 1146 1455 :
1170 1416 1266 1454 cur
1294 1415 1397 1453 non
1431 1407 1486 1453 et
1513 1398 1599 1452 illa
1632 1399 1901 1467 ev:mgelia

292 1493 601 1551 dicuntur?
643 1508 765 1547 nam
805 1503 860 1547 et
903 1493 989 1546 illa
1032 1492 1216 1546 eadem
1258 1492 1469 1555 dicunt;
1524 1490 1668 1543 verbi
1718 1506 1895 1549 causa,

294 1585 463 1638 Saliet
517 1585 650 1637 sicut
700 1600 873 1637 cervus
920 1585 1127 1637 claudus
1157 1585 1172 1650 (
1198 1582 1324 1635 Isai.
1381 1583 1469 1636 53.
1505 1582 1575 1652 6)
1608 1603 1621 1636 :
1656 1580 1900 1633 Dominus

295 1678 433 1729 dabit
461 1679 673 1729 verbum
703 1676 1157 1746 evangelizantibus
1204 1672 1387 1747 (Psal.
1437 1672 1524 1727 67.
1576 1672 1675 1742 12)
1709 1691 1719 1726 ;
1752 1671 1896 1724 Dabo

298 1773 430 1823 cocis
472 1772 663 1823 crrlum
707 1786 890 1823 novum
918 1779 963 1823 et
994 1780 1178 1822 terram
1207 1765 1572 1839 novam(Isai.
1631 1767 1719 1821 65.
1770 1767 1893 1834 17).

304 1864 402 1915 Cur
443 1878 559 1915 non
588 1871 647 1915 et
680 1861 769 1914 illa
799 1862 1072 1929 evangelia
1117 1860 1411 1914 vocantur?
1457 1875 1553 1913 cur
1581 1874 1687 1913 non
1716 1871 1763 1912 et
1800 1859 1898 1912 hoc

310 1953 579 2021 prophetia
600 1952 840 2007 dicitur?
866 1952 1017 2017 Quod
1046 1953 1087 2005 si
1121 1952 1423 2005 nescientes
1452 1948 1581 2019 quid
1603 1951 1711 2002 sint
1733 1964 1894 2003 evan-

304 2048 428 2112 geiia
452 2088 465 2108 ,
500 2046 583 2099 sic
634 2044 919 2099 lectionem
971 2042 1366 2111 Scripturarutn
1423 2041 1700 2111 despicitis
1723 2083 1736 2105 ,
1768 2041 1895 2110 quid

299 2140 473 2190 dit—am
498 2138 692 2191 vobis?
719 2137 896 2190 Dicam
921 2146 974 2190 et
994 2136 1135 2189 aliud
1161 2154 1174 2190 :
1200 2133 1307 2189 Cur
1330 2145 1559 2205 quatuor
1576 2135 1895 2201 Evangelia?

296 2246 391 2281 cur
414 2245 523 2281 non
546 2228 773 2282 decem?
794 2243 889 2282 cur
916 2242 1018 2280 non
1044 2226 1271 2295 viginti?
1296 2241 1393 2279 cur
1415 2240 1519 2280 non
1549 2226 1696 2279 multi
1724 2226 1896 2278 Evan-

294 2323 432 2392 gelia
464 2322 706 2376 scribere
750 2330 874 2375 sunt
899 2321 1132 2391 aggressi
1159 2322 1211 2373 ‘?
1238 2335 1332 2375 cur
1359 2335 1463 2374 non
1488 2321 1662 2375 unus?
1688 2336 1781 2374 cur
1808 2320 1890 2373 di-

295 2413 534 2483 scipuli?
583 2428 680 2467 cur
734 2428 842 2467 non
893 2412 953 2479 ii,
986 2412 1075 2483 qui
1118 2411 1360 2481 discipuli
1401 2428 1507 2465 non
1556 2412 1751 2466 erant?
1797 2426 1894 2464 cur

364 2618 381 2647 ²
404 2615 557 2686 ΔΑιιῃξ
594 2616 779 2673 habet,
814 2629 901 2686 cur
925 2629 1014 2665 non
1049 2614 1216 2677 viginti
1243 2613 1267 2663 ἔ)
1298 2612 1537 2675 siquidem
1572 2612 1710 2662 mulli
1733 2610 1893 2663 conati

300 2684 411 2729 sunt
435 2684 665 2727 ordinare
683 2684 1024 2726 narrationem.

1759 2780 1847 2791 ‘-

1307 358 1370 413 l.\‘
1410 356 1586 412 ACTA
1628 356 2143 413 APOSTULORUM.
2190 360 2416 416 llOMlL.
2460 362 2577 418 XX.

3487 378 3623 441 158·

2019 475 2238 530 Omnino
2266 478 2553 545 Scriptura:
2570 480 2594 533 ’ἶ
2614 481 2769 551 Atqui
2791 484 3113 539 contrarian»
3139 487 3270 545 dicit
3295 504 3445 551 vetus
3466 496 3550 553 les
3576 514 3595 552 :

2014 563 2158 620 Dabo
2205 568 2337 623 vobis
2384 570 2750 625 Testamentum
2806 574 3046 647 Novum(
3066 578 3176 634 Jer.
3205 583 3293 637 31.
3325 586 3386 641 51
3414 586 3456 654 ).
3490 588 3592 646 Ubi

2012 669 2134 711 sunt
2163 659 2217 721 ii,
2251 660 2339 729 qui
2368 661 2569 727 dicunt,
2594 662 2815 733 Semper
2863 668 3093 722 eadem?
3133 671 3189 726 Si
3218 673 3333 729 haec
3355 656 3656 738 sciretis.“

2011 750 2150 818 quod
2179 751 2221 803 si
2252 751 2409 807 homo
2430 753 2613 809 decem
2639 758 2781 811 mille
2805 760 2957 813 annis
2986 762 3210 832 viveret,
3233 782 3337 821 non
3367 770 3473 824 sint
3503 761 3621 832 ta-li
3646 742 3647 745 Ἴ

2012 860 2131 897 men
2156 846 2364 913 eadem,
2396 847 2510 901 hmo
2535 864 2637 903 non
2674 850 2943 907 diceretis.
2972 854 3206 922 Credite,
3233 860 3362 915 nihil
3392 818 3631 920 hortltltt:

2010 936 2160 989 vobis
2186 936 2392 1002 dicam,
2424 955 2529 993 non
2562 941 2829 1009 privatim,
2864 960 2967 999 non
2999 948 3238 1016 publice;
3270 953 3363 1007 sed
3392 956 3435 1008 si
3462 959 3585 1024 quis

2012 1031 2295 1096 invenerit,
2328 1047 2593 1098 annuam;
2624 1036 2704 1089 sin
2738 1038 2934 1104 minus,
2984 1041 3177 1096 sinam.
3211 1044 3297 1098 Sic
3328 1062 3424 1102 vos
3456 1050 3584 1104 [eois

2009 1136 2127 1174 mus
2165 1120 2414 1188 inutiles,
2443 1139 2656 1195 semper
2699 1130 2877 1183 omnia
2910 1141 3152 1202 prompte
3179 1134 3417 1192 dicentes
3442 1181 3456 1203 ,
3489 1155 3586 1195 nec

2009 1213 2217 1283 quando
2259 1225 2469 1283 Oportet
2500 1228 2811 1276 renuentes.
2866 1223 3005 1278 Ecce
3033 1224 3238 1281 habetis
3267 1231 3611 1299 quasstiones

2008 1306 2201 1360 multas
2229 1325 2241 1359 :
2272 1310 2627 1374 considerate,
2654 1311 2814 1368 dicite
2844 1330 3079 1370 causam.
3129 1315 3235 1372 Cur
3264 1320 3587 1391 Evangelia?

2008 1412 2103 1449 cur
2144 1413 2246 1450 non
2296 1400 2631 1468 prophetize?
2684 1417 2779 1456 cur
2814 1418 2896 1468 ea,
2928 1420 3046 1474 qua!
3079 1405 3319 1464 facienda
3364 1422 3508 1479 sunt,
3533 1415 3587 1469 in

2010 1488 2343 1559 Evangeliis?
2396 1491 2463 1545 Et
2509 1493 2551 1545 si
2604 1492 2690 1547 hic
2734 1494 2958 1559 dubitet,
2989 1497 3126 1552 alius
3156 1512 3378 1568 quaerat,
3412 1512 3467 1558 et
3491 1520 3583 1559 sua

2006 1581 2124 1634 aliis
2160 1594 2346 1636 mutuo
2388 1583 2710 1637 conferant:
2744 1586 2956 1641 demum
2988 1604 3083 1643 nos
3110 1590 3403 1647 silebimus.
3452 1594 3587 1649 Nam

2007 1673 2049 1727 si
2093 1673 2233 1728 dicta
2284 1674 2432 1728 vobis
2460 1676 2585 1728 nihil
2620 1676 2951 1745 profuerunt,
2980 1681 3150 1734 multo
3179 1684 3353 1738 minus
3393 1688 3585 1754 prode-

2006 1776 2161 1830 runt,
2192 1783 2309 1837 qua:
2339 1767 2678 1837 adjicientur.
2733 1769 2864 1825 Vere
2888 1771 3031 1825 dolio
3059 1789 3123 1827 cx
3156 1785 3370 1843 pertuso
3400 1777 3585 1833 hauri-

2005 1873 2123 1911 mus
2155 1877 2167 1912 :
2195 1859 2335 1913 unde
2368 1859 2537 1927 majus
2580 1860 2731 1915 vobis
2771 1861 3083 1931 supplicium
3114 1866 3238 1919 erit.
3288 1866 3412 1922 Ideo
3456 1886 3584 1940 ergo

2006 1950 2315 2004 tacebimus.
2347 1950 2497 2017 Quod
2531 1967 2597 2005 ne
2639 1952 2750 2017 fiat,
2777 1953 2827 2006 in
2861 1953 3011 2009 nobis
3042 1956 3199 2009 situm
3227 1967 3328 2012 est.
3357 1959 3410 2015 Si
3439 1962 3581 2014 enim

2004 2042 2057 2095 in
2084 2042 2236 2094 vobis
2260 2041 2491 2095 studium
2545 2042 2854 2106 viderimus,
2890 2045 3025 2100 forte
3057 2048 3247 2102 iterum
3281 2050 3580 2119 loquemur,

2004 2144 2057 2186 ut
2084 2143 2137 2187 et
2166 2148 2261 2186 vos
2289 2134 2455 2202 magis
2476 2149 2539 2187 ac
2564 2135 2732 2203 magis
2758 2138 2957 2205 accepti
2988 2138 3124 2204 sitis,
3149 2150 3204 2194 et
3230 2157 3326 2196 nos
3354 2144 3404 2196 in
3434 2146 3581 2198 vobis

2003 2224 2262 2285 lzetemur,
2294 2224 2343 2276 in
2375 2224 2621 2277 onmibus
2672 2225 3033 2293 glorificantes
3086 2230 3249 2285 Deum
3281 2241 3335 2286 et
3365 2233 3575 2289 Patrem

2005 2316 2212 2370 Domini
2249 2318 2413 2369 nostri
2457 2316 2582 2371 Jesu
2621 2316 2819 2371 Christi
2852 2336 2864 2370 :
2897 2320 2980 2373 cui
3025 2321 3190 2390 gloria
3216 2365 3231 2390 ,
3260 2325 3577 2394 imperium,

2001 2409 2391 2477 magnificentia
2418 2420 2473 2464 et
2501 2410 2673 2465 honor
2699 2427 2818 2465 eum
2849 2412 3004 2469 Patre
3034 2417 3295 2487 principio
3324 2431 3542 2475 careute
3561 2463 3576 2487 ,

1998 2513 2053 2555 et
2082 2502 2194 2570 ejus
2221 2502 2418 2570 Spiritu
2460 2512 2677 2569 sancto,
2710 2519 2850 2557 nunc
2876 2515 2931 2560 et
2959 2521 3192 2577 semper,
3223 2520 3275 2565 et
3302 2510 3354 2564 in
3385 2514 3579 2567 smeula

1999 2594 2335 2648 saeculorum.
2366 2596 2557 2648 Amen.

1691 2878 2033 2940 HOMILIA
2078 2877 2226 2937 XX.

308 3027 433 3083 ευ.
483 3026 537 3081 9.
579 3043 631 3079 v.
679 3026 767 3081 10.
816 3025 940 3078 Erat
978 3034 1144 3078 autem
1189 3022 1396 3094 quidam
1451 3022 1728 3093 discipulus
1776 3021 1885 3075 Da-

382 3121 565 3184 masci,
593 3120 797 3173 nomine
835 3118 1060 3172 Ananias
1089 3132 1106 3169 :
1137 3124 1182 3170 et
1218 3116 1345 3168 dixit
1384 3115 1452 3167 ad
1492 3115 1637 3168 illum
1682 3116 1734 3167 in
1782 3116 1891 3168 visu

382 3210 628 3263 Dominus
657 3226 677 3263 :
716 3209 935 3263 Antonia.
980 3208 1046 3261 Et
1079 3208 1166 3261 ille
1191 3207 1262 3259 ait
1292 3222 1312 3260 :
1351 3205 1482 3259 Ecce
1510 3222 1622 3276 ego,
1652 3204 1883 3259 Domine.

386 3304 467 3356 11.
498 3301 563 3354 Et
587 3300 837 3354 Dominus
862 3302 929 3354 ad
975 3318 1087 3355 eum
1109 3316 1131 3358 .'
1166 3300 1394 3370 Surgens
1428 3301 1553 3353 vade
1596 3300 1649 3351 in
1692 3300 1886 3361 vicum,

379 3397 466 3461 qui
486 3405 691 3447 vocatur
717 3394 899 3448 Rectus
930 3410 949 3448 :
974 3403 1020 3447 et
1043 3409 1210 3463 quaere
1234 3394 1285 3446 in
1314 3394 1462 3446 domo
1480 3392 1636 3446 Juda:
1674 3392 1889 3446 Saulum

383 3488 614 3551 nomine,
650 3486 979 3551 Tarsensem;
1014 3503 1125 3541 ecce
1158 3488 1290 3539 enim
1320 3495 1450 3539 orat.
1482 3485 1567 3540 12.
1606 3483 1673 3538 Et
1699 3485 1817 3537 vidit
1837 3486 1889 3536 in

384 3580 571 3632 visione
594 3581 757 3631 virum
782 3579 1032 3631 Arsaniam
1054 3578 1256 3631 nomine
1282 3578 1615 3631 introeuntem
1642 3587 1687 3630 et
1721 3578 1889 3646 impo-

388 3680 579 3724 nentem
598 3671 693 3725 sibi
713 3687 953 3737 mnum,
988 3679 1043 3723 ut
1068 3672 1226 3723 visum
1247 3671 1475 3740 recipiat.
1528 3698 1529 3701 η

388 3767 437 3819 1.
466 3764 573 3819 Cur
619 3766 887 3819 neminem
930 3779 998 3817 ex
1039 3764 1340 3834 coryphmis
1378 3762 1635 3831 apostolis
1683 3761 1891 3816 vocavit

314 3858 398 3910 vel
429 3858 576 3911 misit
604 3857 667 3909 ad
697 3856 845 3910 Pauli
891 3855 1315 3910 institutionem?
1342 3855 1472 3921 Quia
1525 3870 1630 3909 non
1678 3862 1891 3925 oporte-

314 3947 405 4001 bat
448 3948 595 4000 illum
628 3962 721 4015 per
752 3945 1028 4010 homines,
1061 3945 1155 3999 sed
1189 3960 1282 4013 per
1308 3946 1478 4014 ipsum
1508 3944 1777 3998 Christum
1818 3945 1890 3997 in-

311 4038 482 4093 stitui.
501 4037 630 4091 Nam
653 4037 739 4091 hic
770 4036 901 4091 nihil
928 4037 1099 4106 ipsum
1130 4034 1339 4100 docuit,
1364 4036 1455 4090 sed
1487 4045 1685 4089 tantum
1716 4034 1887 4104 bapti-

317 4133 481 4182 uvit.
515 4129 703 4183 Statim
732 4139 909 4182 autem
940 4128 1029 4183 ubi
1061 4128 1357 4196 baptizatus
1398 4136 1514 4194 est,
1564 4128 1783 4181 multum
1821 4142 1889 4181 ex

314 4223 429 4272 selo
452 4229 508 4272 et
538 4219 717 4273 studio
762 4220 928 4272 multo
975 4216 1075 4272 sibi
1113 4220 1329 4272 attraxit
1372 4218 1600 4287 Spiritus
1640 4219 1882 4288 gratiam.

312 4312 464 4377 Quod
491 4324 666 4366 autem
694 4312 926 4365 Ananias
954 4327 1021 4366 ex
1074 4311 1451 4381 insignioribus
1488 4320 1668 4378 esset,
1718 4312 1887 4381 palam

313 4418 394 4461 est
422 4421 489 4460 es
518 4406 582 4460 iis
604 4448 618 4468 ,
643 4422 761 4475 qua:
787 4405 886 4474 ipsi
911 4404 1109 4459 revelat
1134 4414 1185 4459 et
1212 4404 1375 4468 dicit;
1406 4405 1636 4474 itemque
1676 4420 1741 4457 ex
1788 4404 1886 4467 iis,

312 4515 431 4567 quze
462 4498 555 4552 ille
585 4496 910 4567 respondet,
964 4497 1151 4551 dicens
1183 4513 1198 4549 :
1229 4498 1315 4551 15.
1359 4496 1603 4560 Domine,
1646 4498 1814 4549 audivi
1859 4514 1890 4548 a

314 4589 489 4641 multis
512 4588 576 4640 de
596 4589 701 4640 viro
722 4587 846 4653 hoc,
874 4598 1063 4657 quanta
1086 4586 1221 4640 mala
1249 4588 1420 4656 fecerit
1454 4588 1641 4642 sanctis
1687 4588 1785 4640 tuis
1837 4588 1889 4639 in

310 4680 621 4734 Jerusalem.
652 4680 708 4735 Si
742 4682 922 4750 itaque
955 4681 1177 4735 Domino
1199 4680 1557 4746 contradixit,
1588 4682 1753 4736 multo
1780 4697 1891 4734 nta-

311 4777 391 4842 gis
416 4816 431 4835 ,
466 4775 508 4827 si
533 4775 781 4843 angelum
810 4774 1061 4829 misisset.
1092 4774 1320 4844 Ideoque
1346 4775 1569 4829 antehac
1615 4774 1890 4842 Philippus

313 4886 420 4922 non
453 4867 693 4932 audivit,
734 4868 861 4938 quid
901 4870 1132 4922 futurum
1173 4878 1351 4934 esset,
1399 4868 1493 4922 sed
1539 4868 1711 4921 solum
1759 4867 1891 4921 vidit

312 4960 561 5030 angelum
592 4977 605 5011 ε
632 4969 691 5013 et
732 4960 810 5014 sic
862 4959 1091 5029 Spiritus
1129 4958 1284 5027 jubet
1326 4959 1474 5012 illum
1501 4958 1796 5020 accedere,
1838 4958 1907 5012 et

308 5054 493 5108 currui
526 5052 753 5107 inurere.
785 5051 883 5107 llic
910 5068 1036 5106 vero
1064 5051 1273 5106 interim
1315 5061 1512 5105 metum
1556 5050 1673 5119 ejus
1712 5050 1889 5103 succi-

309 5144 411 5211 dit,
445 5158 508 5197 ac
532 5144 577 5197 si
604 5143 806 5197 diceret
834 5160 848 5195 :
879 5144 1016 5197 Ecce
1041 5152 1178 5207 orat,
1209 5157 1381 5196 caecus
1408 5151 1508 5207 est,
1538 5150 1591 5195 et
1618 5151 1671 5195 tu
1701 5141 1892 5196 times?

314 5237 387 5290 Ita
416 5246 473 5289 et
516 5234 725 5307 Iloyses
776 5236 945 5289 timet.
999 5235 1179 5304 Itaque
1231 5234 1388 5288 verba
1443 5234 1680 5288 timentis
1723 5234 1892 5298 magis

309 5339 441 5381 sunt
461 5364 481 5393 ,
508 5341 666 5395 quam
692 5341 796 5380 non
822 5326 1111 5381 credentis.
1143 5325 1211 5379 Et
1235 5326 1356 5379 audi
1398 5326 1555 5379 verba
1594 5326 1704 5394 ipsa
1733 5343 1744 5381 :
1776 5325 1891 5379 Do-

308 5422 471 5483 mine.
498 5417 670 5471 audivi
694 5435 725 5471 a
754 5418 925 5472 multis
945 5418 1009 5472 de
1029 5420 1134 5471 viro
1158 5421 1272 5471 hoc.
1300 5417 1434 5482 Quid
1458 5418 1626 5473 dicis?
1657 5419 1793 5471 Deus
1815 5418 1890 5472 lo-

304 5511 515 5582 quitur,
534 5520 589 5566 et
615 5520 670 5564 tu
697 5510 947 5565 dubitas?
970 5511 1056 5566 Sic
1078 5510 1310 5565 nondum
1338 5510 1575 5565 sciebant
1601 5510 1888 5578 potentiam

304 5602 535 5656 Christi.
561 5601 646 5656 N.
672 5599 739 5654 Et
767 5603 849 5656 hic
875 5602 1020 5655 habet
1045 5610 1335 5672 potestatem
1378 5617 1409 5653 a
1452 5601 1760 5670 principibus
1800 5617 1889 5653 sa-

305 5695 577 5749 αγόοιιιι
609 5695 857 5766 alligandi
895 5712 1067 5749 omnes
1107 5697 1193 5765 qui
1238 5697 1467 5748 invocant
1509 5710 1689 5747 nomen
1726 5704 1887 5747 tuum.

309 5784 595 5843 mulceant
628 5786 728 5842 hoc
759 5798 941 5844 notum
966 5788 1124 5843 erat?
1172 5786 1468 5843 Verisimile
1514 5795 1597 5841 cst
1622 5826 1635 5850 ,
1685 5800 1777 5842 eos
1830 5788 1883 5841 iu

2002 3030 2145 3074 metu
2177 3019 2432 3088 degentes
2477 3019 2689 3075 curiose
2730 3019 3084 3090 inquisivisse.
3130 3021 3245 3078 Non
3300 3024 3401 3081 hoc
3450 3042 3578 3097 ergo

1998 3116 2161 3183 dicit,
2196 3117 2348 3186 quasi
2374 3116 2618 3170 Christus
2643 3115 2692 3170 id
2725 3117 2969 3186 ignoret;
3014 3118 3107 3174 sed
3141 3117 3390 3187 dubitat,
3438 3139 3575 3191 quo-

2000 3214 2161 3266 modo
2189 3213 2241 3265 in
2271 3212 2358 3265 tali
2391 3228 2567 3267 rerum
2594 3221 2735 3266 statu
2762 3212 2932 3282 possit
2958 3212 3057 3267 hoc
3090 3213 3224 3268 fieri.
3257 3213 3346 3268 Sic
3370 3225 3422 3268 et
3450 3216 3576 3270 alihi

1998 3305 2244 3376 discipuli
2274 3304 2457 3360 dicunt
2490 3323 2503 3359 :
2541 3304 2664 3370 Quis
2690 3313 2850 3376 potest
2886 3305 3074 3358 salvari
3096 3306 3113 3375 (
3133 3304 3297 3359 Marc.
3327 3305 3413 3361 10.
3443 3305 3579 3377 26)ΐ

1999 3396 2105 3452 Sed
2134 3396 2254 3452 vide
2275 3439 2290 3463 ,
2321 3407 2451 3465 quot
2481 3412 2567 3452 res
2595 3397 2980 3466 disponantur,
3012 3406 3069 3451 ut
3103 3396 3285 3452 credat
3330 3409 3575 3453 ventum.

1999 3489 2055 3543 In
2084 3491 2292 3544 somnio
2324 3489 2492 3555 vidit,
2522 3488 2767 3557 praedixit
2797 3489 2874 3542 illi
2904 3506 2917 3538 :
2955 3487 3115 3556 Orat,
3158 3489 3371 3558 inquit;
3419 3490 3578 3560 igitur

1998 3597 2066 3637 ne
2089 3584 2296 3637 timeas.
2332 3581 2399 3635 Et
2423 3596 2519 3635 cur
2549 3597 2653 3636 non
2678 3581 2810 3637 dicit
2836 3581 2908 3634 illi
2938 3595 3049 3635 rem
3085 3581 3427 3649 praeclaram,
3456 3598 3577 3652 qua:

1997 3682 2148 3743 gesta
2176 3672 2293 3729 est?
2322 3671 2391 3729 Ut
2421 3688 2519 3726 nos
2542 3672 2753 3734 doceat,
2785 3688 2851 3727 ne
2879 3672 3229 3742 prazdicemus
3260 3672 3396 3727 bona
3418 3688 3581 3741 Opera

2000 3774 2216 3829 nostra;
2262 3765 2370 3818 imo
2419 3773 2473 3818 et
2518 3766 2659 3834 quod
2715 3766 2988 3821 timentem
3035 3765 3231 3820 videat.
3280 3764 3465 3834 Neque
3500 3767 3579 3819 sic

1999 3854 2167 3919 dixit,
2202 3854 2359 3908 Fides
2393 3854 2484 3907 tibi
2517 3870 2620 3907 non
2654 3855 2977 3923 negabitur;
3008 3855 3103 3909 sed
3141 3854 3308 3925 quid?
3350 3854 3579 3925 Surgens

1999 3947 2141 3998 vade.
2205 3944 2336 3997 Vidit
2376 3945 2508 3996 enim
2553 3946 2607 3997 in
2650 3944 2840 3998 visione
2883 3947 3045 3999 virum
3096 3947 3433 4014 imponentem
3485 3948 3579 4001 sibi

1999 4055 2196 4091 manus.
2229 4037 2349 4091 Ideo
2380 4038 2432 4090 in
2464 4037 2701 4100 visione,
2728 4038 2849 4105 quia
2878 4052 3051 4091 camus
3081 4048 3214 4091 erat.
3263 4038 3447 4107 Neque
3478 4040 3580 4093 mi-

2000 4130 2162 4183 raculi
2191 4128 2500 4199 magnitudo
2525 4128 2701 4198 rapuit
2727 4127 3045 4195 discipulum
3069 4144 3084 4193 ;
3114 4130 3180 4180 ita
3210 4129 3448 4181 timebat.
3482 4132 3577 4183 At-

2000 4231 2176 4275 tamen
2210 4237 2305 4291 per
2331 4222 2502 4291 ipsum
2536 4220 2675 4276 Deus
2704 4219 2871 4275 Paulo
2920 4236 3063 4274 cwco
3107 4221 3275 4275 visum
3325 4224 3573 4278 restituit.

2001 4314 2088 4369 15.
2130 4313 2272 4367 Dixit
2300 4324 2468 4368 autem
2496 4312 2741 4367 Dominus
2769 4314 2839 4365 ad
2884 4312 3029 4366 illum
3061 4328 3078 4366 :
3119 4311 3286 4379 Vade,
3328 4315 3448 4383 quia
3491 4332 3582 4368 vas

1999 4406 2251 4459 electionis
2276 4416 2347 4459 est
2375 4405 2498 4458 mihi
2528 4404 2636 4470 hic,
2667 4413 2723 4457 ut
2768 4414 2931 4475 portet
2976 4421 3153 4458 nomen
3199 4422 3363 4458 meum
3407 4423 3578 4460 coram

1998 4497 2225 4567 gentibus
2250 4504 2297 4549 et
2322 4498 2520 4567 regibus
2546 4506 2589 4549 et
2617 4496 2738 4564 ﬁliis
2764 4495 2950 4549 Israel.
2982 4496 3067 4552 16.
3108 4496 3215 4567 Ego
3242 4500 3375 4551 enim
3401 4509 3573 4552 osten-

2000 4590 2117 4641 dam
2144 4589 2248 4651 illi,
2280 4599 2471 4658 quanta
2500 4596 2729 4659 Oporteat
2776 4604 2889 4641 eum
2930 4604 3021 4659 pro
3053 4591 3253 4642 nomine
3296 4607 3403 4643 meo
3450 4593 3574 4661 pati.

2001 4680 2115 4735 Non
2142 4680 2313 4734 solum
2344 4680 2515 4735 fidelis
2545 4681 2685 4744 erit,
2718 4680 2917 4750 inquit,
2947 4681 3040 4735 sed
3068 4683 3226 4735 ctiam
3255 4682 3442 4737 doctor
3468 4725 3485 4749 ,
3526 4692 3581 4739 et

2001 4773 2164 4827 multa
2186 4782 2363 4828 utetur
2388 4772 2598 4828 dicendi
2626 4772 2893 4827 libertate.
2916 4774 3096 4826 Coram
3123 4775 3350 4843 gentibus
3371 4786 3416 4828 et
3444 4779 3578 4847 regi-

2000 4866 2112 4919 bus.
2147 4866 2219 4919 lta
2255 4875 2460 4921 crescet
2482 4866 2755 4931 doctrina,
2789 4867 2987 4935 inquit,
3019 4875 3151 4921 utet
3175 4878 3360 4935 gentes
3400 4878 3453 4921 et
3497 4884 3576 4924 te-

2000 4972 2093 5025 ges
2122 4972 2307 5011 omnes
2336 4966 2571 5026 superet.
2604 4957 2689 5010 17.
2720 4956 2852 5009 Abiit
2872 4968 3038 5009 autem
3059 4958 3286 5011 Ananias
3314 4968 3358 5011 et
3380 4959 3581 5013 intravit

2002 5049 2053 5101 in
2085 5049 2308 5113 domum,
2339 5061 2385 5102 et
2412 5050 2673 5117 imponens
2700 5049 2777 5101 illi
2804 5065 2983 5101 manus
3020 5050 3147 5101 diuit
3181 5065 3203 5102 :t
3233 5050 3421 5114 Suule,
3474 5056 3580 5122 [ra-

2001 5150 2107 5205 ter,
2137 5138 2385 5193 Dominus
2410 5140 2543 5192 misit
2568 5155 2679 5202 me,
2708 5138 2859 5192 Jesus
2888 5140 2973 5208 qui
3005 5142 3242 5209 apparuit
3280 5141 3369 5195 tibi
3410 5144 3460 5196 in
3502 5146 3581 5198 via

2000 5246 2099 5299 qua
2124 5230 2386 5296 veniebas,
2437 5239 2491 5283 ut
2532 5230 2702 5283 videas
2745 5239 2792 5283 et
2834 5230 3094 5299 implearis
3132 5231 3335 5301 Spiritu
3382 5246 3579 5289 sancto.

2000 5320 2189 5376 Statim
2220 5322 2370 5375 illum
2401 5322 2715 5375 familiarem
2745 5323 2958 5377 nomine
2990 5322 3132 5379 facit.
3167 5325 3317 5380 Jesus
3342 5369 3356 5393 ,
3388 5328 3578 5397 inquit,

1999 5416 2087 5484 qui
2125 5415 2366 5484 apparuit
2408 5414 2497 5467 tibi
2536 5414 2589 5467 in
2637 5415 2738 5470 via.
2792 5413 2949 5470 Certe
3002 5433 3107 5470 non
3155 5418 3257 5474 hoc
3284 5421 3331 5473 ei
3376 5421 3585 5473 dixerat

2000 5507 2276 5567 Christus;
2325 5506 2417 5560 sed
2447 5523 2475 5559 a
2508 5508 2704 5576 Spiritu
2736 5518 2921 5563 sancto
2948 5509 3225 5565 didicerat.
3266 5511 3351 5565 t8.
3382 5510 3446 5563 Et
3473 5521 3579 5563 sta-

2002 5602 2091 5653 tim
2120 5599 2409 5652 deciderunt
2434 5601 2495 5652 ab
2520 5603 2680 5655 oculis
2708 5603 2815 5672 ejus
2842 5612 3099 5672 tamquam
3126 5617 3349 5671 squama!
3368 5641 3381 5661 ,
3426 5611 3475 5655 et
3501 5602 3579 5653 ri-

2001 5708 2113 5745 sum
2141 5692 2324 5759 recepit
2350 5694 2555 5757 statim,
2584 5704 2631 5747 et
2656 5712 2864 5766 surgens
2910 5696 3193 5763 baptizatus
3239 5702 3331 5745 est.
3381 5692 3465 5745 19.
3515 5693 3581 5745 Ι’.ἰ

2012 5801 2126 5838 cum
2155 5786 2421 5855 accepisset
2448 5786 2640 5853 cibum,
2671 5792 2980 5858 confortatus
3011 5794 3102 5839 est.
3132 5781 3311 5839 Solum
3341 5781 3416 5836 illi
3466 5797 3578 5839 tua-
