3972 6212
610 332 715 389 ιω

610 464 711 504 nus
739 446 1023 518 imposuit,
1050 449 1107 499 et
1131 440 1307 496 statim
1334 453 1570 510 squamae
1594 436 1662 491 ab
1692 434 1863 489 oculis
1891 432 2004 503 ejus
2044 430 2188 486 deci-

610 543 826 597 derunt.
883 538 990 592 Has
1033 533 1250 605 quidam
1306 531 1491 586 dicunt
1535 526 1792 585 caecitatis
1835 525 1979 580 illius
2025 523 2189 578 luisse

610 645 823 687 causas.
855 629 922 684 Et
949 642 1047 683 cur
1074 640 1177 679 non
1206 620 1495 681 excmcavit
1523 619 1665 674 illius
1693 617 1919 674 oculos?
1948 615 2058 669 Hoc
2090 613 2193 669 mi-

611 722 831 778 rabilius
878 728 1035 775 erat:
1072 732 1192 773 nam
1237 716 1435 787 apertis
1480 712 1647 769 oculis
1696 726 1802 766 non
1852 709 2064 764 videbat
2093 725 2109 762 :
2136 706 2191 762 id

612 812 754 885 quod
786 809 1165 883 patiebatnrin
1202 809 1353 878 lege,
1404 806 1576 861 donec
1626 804 1701 858 illi
1752 802 2055 872 impositum
2107 809 2191 855 est

614 922 811 963 nomen
841 906 965 961 Jesu
996 904 1093 976 (a).
1122 901 1189 957 Et
1217 901 1388 955 statim
1415 899 1697 968 baptizatus
1716 907 1808 951 est.
1834 895 2025 949 Etcum
2045 910 2189 947 acce~

618 1004 769 1069 pisset
791 997 957 1052 cibum
979 1036 996 1063 ,
1025 995 1337 1065 confortatus
1359 1001 1454 1047 est.
1499 991 1639 1060 Ergo
1689 988 1926 1043 inﬁrmus
1972 994 2085 1041 erat
2123 1000 2189 1041 ex

613 1092 838 1155 itinere,
870 1104 936 1142 ex
963 1095 1105 1141 ntetu
1128 1127 1143 1152 ,
1175 1100 1240 1140 ex
1270 1083 1412 1139 I'ame
1436 1124 1452 1150 ,
1478 1097 1543 1137 ex
1580 1095 1832 1135 maerore.
1868 1078 2061 1133 V’olens
2090 1078 2189 1147 igi-

615 1194 698 1237 tur
724 1182 864 1236 illius
889 1194 1084 1249 augere
1109 1192 1390 1234 maerorem
1414 1217 1430 1242 ,
1460 1189 1663 1232 emerim
1690 1187 1904 1228 manere
1925 1171 2187 1242 permisit,

611 1278 783 1329 donec
814 1274 958 1329 venit
984 1272 1236 1327 Ananias.
1272 1272 1336 1325 Et
1366 1277 1421 1324 ut
1450 1283 1518 1325 ne
1538 1268 1657 1338 quis
1688 1276 1835 1338 putet
1859 1264 2189 1335 phantasiam

613 1365 778 1420 fuisse
807 1366 1099 1419 caecitatem
1124 1405 1139 1429 ,
1175 1362 1292 1417 ideo
1317 1374 1552 1430 squama:
1591 1357 1828 1412 fuerunt.
1874 1356 2037 1425 Igitur
2084 1370 2188 1408 non

617 1472 753 1526 Opus
802 1455 1030 1509 habebat
1076 1454 1175 1508 alia
1225 1452 1508 1515 doctrina;
1559 1448 1652 1503 sed
1702 1446 1753 1501 id
1794 1446 1933 1516 quod
1960 1444 2189 1510 accidit,

613 1551 854 1605 doctrina
884 1548 1001 1602 fuit.
1044 1546 1168 1606 Fuit
1211 1557 1379 1600 autent
1421 1560 1533 1597 cum
1579 1541 1879 1611 discipulis,
1928 1540 2014 1609 qui
2050 1547 2192 1591 erant

616 1642 891 1706 Damasci,
922 1658 1011 1709 per
1036 1641 1139 1694 dies
1165 1639 1377 1707 aliquot.
1404 1635 1494 1692 90.
1528 1634 1595 1687 Et
1624 1634 1858 1687 continuo
1888 1633 1938 1683 in
1970 1646 2189 1700 synago-

615 1737 690 1806 gis
719 1733 1026 1804 prtcdicabat
1053 1731 1342 1796 Christum,
1368 1729 1486 1799 quia
1514 1728 1593 1779 hic
1618 1735 1690 1780 est
1716 1723 1885 1778 Filius
1912 1722 2028 1777 Dei.
2067 1722 2210 1785 Vide,

617 1829 795 1881 statim
826 1828 1014 1881 doctor
1040 1833 1156 1878 erat
1184 1824 1235 1877 in
1263 1821 1563 1893 synagogis.
1598 1818 1710 1873 Non
1740 1814 2089 1871 erubescebat
2128 1814 2195 1868 de

617 1918 932 1983 mutatione,
964 1932 1135 1986 neque
1164 1914 1436 1970 metuebat
1461 1913 1743 1968 destruere
1770 1911 1855 1964 illa
1878 1950 1893 1975 ,
1924 1910 1975 1963 in
2002 1908 2195 1977 quibus

616 2020 771 2066 antea
801 2010 976 2063 clarus
1000 2015 1134 2062 erat.
1167 2006 1274 2060 Nec
1301 2004 1472 2059 solum
1494 2003 1685 2058 doctor
1713 2009 1830 2057 erat
1853 2041 1868 2068 ,
1901 1999 1993 2054 sed
2033 1999 2192 2053 etiam

616 2101 669 2155 in
696 2099 997 2172 synagugis.
1031 2099 1104 2153 Ita
1129 2097 1195 2151 ah
1223 2097 1376 2150 initio
1399 2094 1559 2149 homo
1589 2104 1704 2149 erat
1732 2103 1785 2147 et
1812 2090 2094 2156 occidens,
2137 2099 2192 2144 et

623 2192 690 2247 ad
716 2193 892 2247 caedes
916 2191 1264 2261 compositus.
1300 2188 1461 2243 Vides
1485 2201 1644 2258 quam
1671 2187 1871 2241 clarum
1902 2183 2109 2254 signum
2142 2182 2194 2236 in

618 2286 711 2339 illo
741 2284 1066 2339 l‘actumsit?
1115 2282 1229 2337 lloc
1280 2282 1395 2351 ipso
1438 2295 1628 2335 omnes
1679 2277 2022 2349 percellebat.
2072 2274 2196 2330 Ideo

621 2376 733 2431 hmc
763 2374 1070 2446 signiﬁcans
1097 2373 1279 2444 adjicit
1307 2390 1321 2426 :
1353 2373 1444 2426 21.
1491 2370 1772 2440 Stupebant
1816 2379 1983 2422 autem
2026 2383 2197 2422 omnes

620 2467 705 2534 qui
730 2465 1035 2530 audiebant,
1067 2474 1113 2518 et
1140 2463 1371 2518 dicebant
1399 2478 1417 2517 :
1444 2461 1633 2516 Nonne
1656 2462 1736 2515 hic
1764 2469 1838 2515 est
1857 2499 1876 2526 ,
1904 2461 1990 2531 qui
2032 2475 2195 2528 expu-

618 2557 803 2627 gnabat
832 2558 883 2610 in
911 2557 1196 2610 Jerusalem
1221 2556 1504 2608 invocantes
1528 2554 1581 2607 in
1619 2553 1817 2607 nomine
1859 2552 1982 2618 hoc,
2026 2561 2073 2605 et
2116 2551 2197 2605 hic

619 2652 731 2704 ideo
757 2652 917 2715 venit,
950 2660 1001 2703 ut
1031 2652 1215 2703 vinctos
1244 2648 1362 2701 illos
1389 2648 1590 2700 duceret
1631 2645 1698 2698 ad
1739 2645 1988 2714 principes
2025 2659 2198 2697 sacer-

618 2744 793 2797 dotum
812 2745 837 2797 ?
850 2742 943 2797 22.
967 2742 1157 2797 Saulus
1178 2751 1344 2794 autem
1363 2739 1524 2810 magis
1533 2737 1900 2792 convalescebat
1921 2746 1967 2791 et
1980 2739 2199 2807 confun-

620 2837 763 2889 debat
790 2834 1022 2899 Judaros,
1046 2834 1131 2902 qui
1160 2831 1450 2886 habitabant
1479 2830 1711 2885 Damasci
1734 2871 1749 2895 ,
1777 2830 2034 2901 aﬁirmans
2070 2845 2201 2899 quo-

623 2928 854 2981 niamttie
871 2936 945 2981 est
957 2926 1209 2981 Christus.
1245 2924 1443 2995 Utpote
1460 2924 1591 2993 legis
1619 2922 1821 2993 peritus
1843 2920 2200 2977 eouﬁmdebat

622 3019 786 3083 illos,
835 3032 931 3071 nec
977 3016 1121 3086 loqui
1163 3014 1391 3070 sinebat.
1441 3012 1709 3069 Putabant
1751 3027 1810 3068 se
1855 3028 1884 3065 a
1931 3011 2201 3081 Stephano

621 3111 911 3176 liberatos,
938 3127 965 3161 a
996 3109 1087 3163 tali
1114 3108 1477 3179 diSputatioue
1504 3115 1719 3175 ereptos
1753 3119 1904 3170 esse,
1947 3115 2001 3159 et
2037 3104 2202 3158 alium

623 3204 944 3259 invenerunt
970 3202 1240 3271 Stephano
1271 3200 1753 3255 vehementiorem.

696 3295 751 3348 2.
784 3295 889 3350 Sed
916 3309 999 3359 ea,
1027 3308 1147 3363 qua:
1175 3292 1437 3346 Ananiam
1459 3299 1720 3360 spectant,
1740 3298 2060 3359 repetamus.
2082 3286 2197 3344 Non

632 3386 765 3441 (hit
796 3385 910 3439 illi:
938 3386 1226 3453 Alloquere
1264 3392 1320 3437 et
1360 3382 1579 3437 institue
1618 3382 1787 3435 illum.
1818 3382 1871 3436 Si
1909 3381 2055 3436 enim
2081 3396 2205 3436 cum

624 3480 867 3543 dixisset,
907 3477 1065 3542 Orat,
1095 3486 1140 3530 et
1168 3476 1293 3530 vidit
1322 3476 1480 3529 virum
1507 3474 1843 3545 imponeutem
1871 3475 1964 3529 sibi
1989 3492 2166 3528 manus
2186 3517 2200 3540 ,

626 3587 730 3625 non
774 3571 1035 3639 persuasit
1059 3585 1073 3621 :
1097 3568 1262 3621 multo
1289 3568 1457 3636 magis
1482 3609 1496 3630 ,
1528 3566 1572 3621 si
1614 3567 1714 3621 hoc
1741 3566 1980 3621 dixisset.
2035 3566 2200 3632 Vidit,

627 3662 831 3733 inquit,
871 3663 922 3715 in
960 3661 1165 3715 visione.
1206 3660 1385 3729 Itaque
1414 3674 1520 3712 non
1550 3658 1705 3713 Iidem
1735 3659 1824 3712 tibi
1857 3659 2105 3729 negabit:
2137 3675 2205 3715 ne

630 3756 787 3825 ig‘lttr
818 3755 1003 3808 timeas
1023 3794 1037 3815 ,
1068 3752 1158 3806 sed
1192 3752 1342 3809 vade.
1386 3750 1475 3805 Sic
1504 3766 1676 3821 neque
1714 3750 1985 3820 Philippus
2026 3753 2203 3806 statim

632 3858 797 3904 totum
825 3846 990 3901 audit.
1023 3845 1156 3913 Quia
1178 3860 1264 3899 vos
1283 3842 1537 3897 electionis
1557 3852 1630 3897 est
1650 3843 1774 3896 mihi
1794 3843 1892 3897 hic.
1921 3842 2045 3899 Haec
2065 3843 2205 3898 dicta

630 3940 770 3994 illius
800 3947 957 4003 sunt,
980 3938 1069 4007 qui
1098 3936 1343 3991 timorem
1375 3935 1594 3990 omnino
1621 3935 1853 4002 excutit,
1880 3944 1933 3989 et
1961 3933 2205 3989 ﬁduciam

630 4034 764 4086 indit
792 4049 807 4086 :
833 4030 1091 4101 siquidem
1137 4029 1208 4083 ita
1256 4042 1353 4097 pro
1391 4029 1567 4098 seipso
1606 4026 1917 4082 afﬁciendus
1959 4035 2105 4092 erat,
2153 4035 2209 4081 ut

634 4125 793 4178 etiam
822 4124 985 4177 multa
1014 4129 1305 4191 pateretur.
1334 4119 1465 4174 Cum
1495 4119 1739 4184 dixisset,
1774 4118 1889 4183 Vas,
1921 4118 2209 4174 ostendens

633 4216 749 4285 ejus
770 4215 1022 4272 malitiam
1052 4230 1156 4267 non
1184 4228 1303 4268 esse
1332 4211 1624 4266 naturalem
1656 4227 1668 4262 :
1697 4209 1843 4263 addit
1866 4249 1878 4270 ,
1918 4208 2206 4276 Electionis,

635 4319 692 4361 ut
724 4306 966 4362 ostendat
1007 4307 1179 4375 ipsum
1214 4312 1487 4373 acceptum
1527 4315 1647 4357 esse
1674 4318 1687 4353 :
1717 4315 1839 4355 nam
1879 4299 2021 4368 quod
2059 4314 2211 4355 acce-

639 4409 787 4468 ptum
813 4406 915 4463 est,
943 4396 1208 4464 eligimus.
1234 4393 1313 4448 Ne
1340 4393 1460 4463 quis
1484 4406 1612 4446 vero
1639 4399 1787 4461 putet
1812 4390 1927 4444 ιιωο
1954 4389 2207 4457 audiens,

635 4491 892 4545 Ananiam
915 4486 1035 4542 ideo
1058 4487 1172 4541 hinc
1192 4484 1391 4551 dicere,
1415 4483 1557 4555 quod
1586 4483 1742 4538 dictis
1773 4497 1876 4537 non
1903 4483 2104 4548 credat,
2127 4483 2211 4539 vel

636 4580 777 4651 quod
816 4586 967 4650 putet
1012 4577 1296 4647 deceptum
1339 4575 1504 4630 fuisse
1545 4574 1843 4640 Christum;
1889 4573 2066 4629 absit:
2118 4574 2212 4629 sed

635 4670 777 4741 quod
810 4671 1019 4725 timeret
1048 4679 1102 4724 et
1132 4677 1419 4733 tremeret,
1462 4666 1621 4721 dictis
1647 4680 1752 4720 non
1783 4665 2123 4732 attendebat,
2156 4675 2213 4720 ut

635 4762 837 4817 audivit
874 4776 1069 4817 nomen
1116 4759 1262 4815 Pauli
1296 4776 1309 4813 :
1340 4759 1416 4814 sic
1442 4758 1533 4813 illo
1558 4759 1775 4812 nomine
1814 4766 2213 4827 praeoccupatus

638 4864 718 4912 est
745 4855 958 4910 timore.
987 4851 1145 4924 Atqui
1172 4852 1259 4906 ubi
1289 4851 1508 4913 audivit,
1532 4850 1671 4921 quod
1698 4860 2017 4905 exctecasset
2042 4849 2211 4916 illum,

634 4947 904 5003 conﬁdere
933 4946 1231 5015 oportebat.
1264 4943 1327 4999 Et
1356 4944 1455 5008 hic,
1490 4942 1676 5013 inquit,
1704 4943 1819 4995 ideo
1844 4944 1995 5008 venit,
2015 4952 2068 4995 ut
2094 4944 2212 5013 liget

637 5056 825 5103 eomes,
846 5040 931 5109 qui
950 5039 1179 5092 invocant
1206 5053 1383 5090 nomen
1409 5045 1565 5089 tuum.
1599 5036 1677 5090 Ac
1698 5035 1742 5090 si
1764 5035 1984 5102 diceret,
2006 5035 2212 5104 Timeo,

640 5148 700 5182 ue
732 5133 866 5185 forte
896 5147 982 5186 me
1016 5131 1067 5184 in
1103 5129 1399 5185 Jerusalem
1424 5129 1580 5184 duoat
1610 5147 1622 5181 :
1653 5144 1751 5183 cur
1776 5144 1860 5183 me
1886 5128 1936 5182 in
1965 5143 2028 5183 os
2047 5130 2216 5186 leonis

639 5224 843 5290 injicis?
872 5238 968 5277 cur
1004 5237 1091 5278 me
1130 5223 1255 5278 huic
1294 5222 1511 5293 prodis?
1548 5220 1722 5280 Timet
1751 5231 1805 5276 et
1834 5224 1946 5276 haec
1973 5222 2123 5289 dicit,
2161 5231 2218 5276 ut

638 5313 873 5383 undique
897 5312 1163 5368 discamus
1186 5314 1436 5368 virtutem
1462 5312 1581 5367 viri.
1624 5312 1754 5367 Nam
1799 5312 1914 5367 hinc
1949 5326 1978 5365 a
2018 5312 2216 5368 Judtcis

638 5404 766 5471 diei,
806 5403 939 5458 nihil
984 5404 1178 5459 mirum
1219 5414 1365 5460 esset
1396 5422 1409 5456 :
1439 5403 1579 5474 quod
1618 5414 1797 5459 autem
1822 5404 1890 5458 ab
1918 5403 2041 5470 hoc,
2067 5415 2121 5459 et
2144 5406 2216 5460 ita

740 5539 815 5599 (a)
863 5538 1169 5600 Quandonam
1200 5537 1344 5600 Paulo
1381 5537 1656 5600 impositum
1682 5544 1760 5586 est
1798 5550 1976 5600 nomen
1997 5535 2136 5600 Jesu,
2163 5543 2218 5587 ut

642 5597 804 5651 visum
818 5599 1098 5662 reciperet?
1122 5601 1204 5648 Hic
1225 5599 1305 5649 vel
1336 5597 1499 5649 vitium
1523 5602 1572 5647 in
1597 5600 1761 5662 verbis
1782 5597 1980 5662 est,_vel
2003 5599 2218 5649 dicamus

636 5670 848 5727 oportet,
860 5660 973 5712 tunc
989 5663 1211 5727 Arsaniam
1230 5663 1515 5727 imposuisse
1532 5661 1674 5727 Paulo
1688 5673 1867 5727 nomen
1877 5660 1900 5708 ,ι
1909 5674 2016 5719 esu,
2027 5662 2217 5722 quando

638 5721 811 5795 pocius
838 5721 996 5789 super
1021 5723 1154 5795 illum
1187 5721 1418 5795 manibus
1438 5725 1560 5774 dixit
1600 5721 1698 5782 illi,
1720 5721 1891 5771 Jesum
1935 5721 2096 5771 essen
2122 5737 2218 5785 quo

637 5788 744 5842 inse
771 5790 928 5839 visum
950 5788 1219 5850 reciperet.

1342 323 1402 380 s.
1430 320 1707 378 somnus
1741 311 2213 375 cnnvws'rout
2254 308 2566 365 AltClllEP.
2594 278 3127 366 coaan'rtnor.

2300 427 2581 498 perterrito
2601 468 2616 491 ,
2647 442 2893 497 magnum
2919 426 3114 483 divinat
3145 427 3352 483 virtutis
3380 428 3580 499 signum
3608 432 3700 487 hoc

2297 516 2574 588 probatur.
2613 517 2774 573 Saule
2800 522 2977 590 frater.
3021 518 3116 572 llic
3141 534 3353 590 quoque
3379 536 3590 592 magnus
3608 523 3708 577 ade:

2296 624 2434 676 mor,
2462 619 2518 664 et
2547 619 2663 679 post
2690 610 2932 666 timorem
2963 611 3134 680 major
3151 612 3470 669 obedientia.
3501 614 3703 679 Deinde,

2310 700 2405 755 Vas
2428 701 2679 755 electionis
2703 702 2855 767 dixit,
2892 718 2958 758 ne
2983 703 3192 760 diceres
3216 745 3232 770 ,
3271 713 3438 760 totum
3479 722 3542 762 ex
3582 707 3682 762 Deo

2296 802 2352 847 ut
2377 794 2444 847 ab
2474 793 2575 849 hoc
2601 804 2652 850 te
2680 795 2940 861 abducat,
2970 797 3153 865 adjicit
3185 815 3198 851 :
3230 797 3297 852 Ut
3323 808 3480 869 portet
3505 816 3705 855 nomen:

2294 899 2463 938 coram
2479 886 2702 955 gentibus
2720 898 2766 940 et
2790 886 2987 958 regibus
3002 898 3048 941 et
3063 889 3183 957 filiis
3195 888 3380 944 Israel.
3399 891 3606 947 Audivit
3625 895 3707 947 An.

2295 976 2347 1031 id
2386 977 2527 1047 quod
2556 978 2707 1033 valde
2732 979 3014 1049 cupiebat,
3060 982 3230 1052 ipsum
3258 984 3416 1038 etiam
3444 995 3619 1039 contra
3644 986 3704 1040 .Iu

2295 1078 2651 1138 pugnaturum
2679 1085 2799 1125 esse
2826 1087 2841 1125 :
2875 1072 2993 1127 ideo
3023 1088 3128 1128 non
3157 1075 3329 1129 solum
3352 1076 3561 1144 gaudio,
3581 1078 3671 1133 sed
3696 1095 3708 1132 ι

2297 1160 2481 1214 ﬁducia
2508 1161 2765 1230 repletur.
2792 1161 2905 1233 Ego
2932 1166 3085 1232 enim,
3120 1166 3306 1235 inquit,
3333 1170 3586 1223 ostendam
3610 1172 3650 1224 ei
3676 1189 3705 1240 q

2294 1260 2521 1320 oporteat
2557 1269 2669 1306 eum
2714 1269 2807 1323 pro
2844 1256 3045 1309 nomine
3069 1273 3174 1311 meo
3201 1260 3327 1329 pati.
3366 1260 3490 1315 Iitec
3530 1263 3708 1331 praedii

2295 1353 2419 1398 sunt
2440 1344 2599 1398 simul
2626 1354 2679 1400 et
2707 1346 3000 1415 hortantis,
3041 1349 3084 1402 si
3115 1350 3330 1419 quidem
3360 1351 3447 1407 ille
3471 1354 3641 1407 omnia
3671 1370 3707 1423 p:

2296 1450 2387 1489 rus
2412 1446 2513 1499 est,
2546 1437 2635 1507 qui
2665 1437 2736 1491 ita
2763 1438 3008 1505 insaniit;
3037 1441 3123 1495 hic
3149 1457 3275 1497 vero
3300 1443 3447 1498 illum
3472 1444 3708 1515 baptizari

2295 1528 2425 1593 vult,
2455 1536 2513 1582 ut
2537 1528 2706 1585 visum
2730 1532 2967 1602 recipiat.
3010 1532 3174 1598 Bene,
3206 1535 3407 1605 inquit;
3440 1538 3555 1593 sine
3581 1539 3708 1593 illun

2296 1636 2415 1675 cum
2448 1637 2568 1677 esse
2598 1640 2613 1677 :
2638 1622 2759 1679 ideo
2788 1640 2927 1681 nunc
2960 1626 3103 1681 mitis
3139 1638 3248 1695 est,
3283 1629 3405 1700 quia
3430 1645 3598 1686 caacus
3624 1651 3637 1687 :
3662 1648 3707 1687 Cl

2291 1711 2449 1782 jubes
2485 1716 2694 1783 aperire
2725 1717 2911 1773 oculos
2939 1718 3091 1788 ejus?
3127 1736 3194 1776 an
3232 1730 3289 1776 ut
3322 1738 3529 1778 rursum
3557 1723 3708 1796 allige

2297 1818 2365 1858 ne
2408 1803 2641 1859 futurum
2682 1805 2869 1863 timeas
2895 1826 2907 1863 :
2933 1824 3055 1864 nam
3103 1811 3300 1881 apertis
3335 1815 3500 1869 oculis
3539 1830 3640 1869 non
3681 1831 3708 1870 c

2298 1912 2417 1964 nos,
2446 1898 2539 1954 sed
2567 1914 2663 1970 pro
2692 1901 2847 1957 nobis
2872 1911 3050 1958 utetur
3079 1921 3093 1958 :
3124 1904 3191 1958 ad
3223 1904 3344 1970 hoc,
3372 1905 3439 1962 Ut
3462 1909 3690 1976 respiciat

2296 2004 2506 2061 quoque
2542 1990 2879 2061 adjiciantur.
2922 1993 3002 2049 Ne
3048 1995 3232 2052 timeas
3263 2016 3277 2053 :
3311 1997 3438 2053 nihil
3464 1998 3610 2054 vobis
3640 2015 3707 2053 me

2297 2081 2431 2147 ciet;
2474 2082 2582 2137 imo
2608 2084 2836 2154 patietur
2862 2085 3047 2141 multa.
3082 2086 3151 2142 Et
3183 2088 3323 2157 quod
3350 2089 3588 2145 mirabile
3613 2101 3692 2146 est

2298 2188 2387 2228 mo
2413 2174 2663 2244 patietur,
2682 2184 2736 2231 et
2765 2185 2889 2231 tunc
2917 2177 2969 2231 in
2998 2178 3229 2247 pericula
3253 2180 3465 2236 incidet.
3497 2181 3653 2237 Saule
3678 2183 3708 2251 ft

2298 2261 2451 2317 Jesus
2476 2265 2561 2333 qui
2582 2266 2822 2335 apparuit
2847 2268 2935 2321 tibi
2962 2269 3014 2322 iu
3034 2270 3133 2335 via,
3159 2270 3291 2324 misit
3317 2287 3414 2325 me.
3446 2271 3562 2326 Non
3589 2273 3708 2326 dixil

2300 2358 2605 2424 cxcmcavit,
2633 2358 2725 2413 sed
2750 2401 2766 2427 ,
2801 2359 2901 2425 Qui
2921 2369 3160 2432 apparuit
3189 2363 3279 2418 tibi
3305 2380 3326 2417 .'
3350 2364 3420 2419 ita
3451 2366 3688 2421 modeste

2300 2446 2519 2513 sciebat,
2564 2448 2801 2519 nihilque
2840 2462 3153 2522 arroganter
3192 2454 3341 2509 dicit.
3390 2455 3457 2512 Ut
3500 2457 3707 2526 igitur!

2301 2550 2486 2593 curato
2506 2541 2694 2597 claudo
2716 2542 2926 2599 dicebat
2950 2563 2963 2599 :
2992 2545 3129 2611 Quid
3154 2550 3295 2602 nobis
3322 2551 3596 2617 attenditis,
3619 2568 3708 2621 qua

2301 2642 2406 2687 stra
2433 2636 2610 2690 uirtute
2636 2639 2712 2691 vel
2731 2640 2912 2708 pietate
2931 2641 3195 2710 fecerimus
3220 2645 3353 2697 hunc
3377 2644 3637 2700 ambulare
3662 2646 3708 2716 (Δ

2304 2724 2432 2795 12)?
2455 2728 2534 2782 sic
2560 2738 2614 2783 et
2642 2729 2761 2797 iste,
2789 2730 2939 2786 Jesus
2965 2734 3052 2801 qui
3078 2736 3314 2804 apparuit
3340 2738 3445 2791 tibi.
3476 2736 3708 2807 Impositi

2305 2822 2549 2877 manibus
2578 2822 2691 2878 haec
2720 2824 3053 2895 loquebatur,
3085 2837 3139 2882 et
3166 2828 3357 2898 duplex
3390 2830 3602 2885 carcitas
3633 2831 3708 2885 sol

2305 2922 2407 2967 tur.
2440 2914 2571 2968 Cum
2593 2914 2720 2970 dicit
2744 2927 2942 2984 autem,
2972 2916 3098 2973 Cum
3121 2920 3329 2989 cepisset
3355 2920 3539 2987 cibum,
3563 2922 3708 2989 confo

2305 3014 2377 3059 est
2397 3047 2410 3071 ,
2454 3007 2713 3078 signiﬁcat
2740 3010 2889 3064 illum
2920 3011 3240 3067 inﬁrmatam
3268 3028 3387 3069 esse
3412 3029 3442 3068 a
3471 3029 3706 3070 mterore

2307 3098 2463 3163 tatis,
2492 3114 2520 3152 a
2559 3100 2747 3157 timore
2779 3112 2831 3157 et
2856 3117 2886 3156 a
2917 3102 3074 3159 fame.
3119 3104 3303 3174 Neque
3340 3105 3485 3160 enim
3526 3108 3674 3177 prius
3705 3136 3708 3151 ι

2306 3205 2517 3245 ειιιιιετθ
2559 3192 2762 3257 voluit,
2812 3209 2971 3263 quam
3023 3196 3319 3266 baptiZatus
3368 3213 3559 3267 magna
3603 3208 3708 3253 sort

2307 3279 2465 3333 dona.
2494 3280 2673 3352 Neque
2691 3282 2839 3347 dicit,
2862 3284 3018 3340 .Iesus
3037 3286 3341 3353 cruciﬁxus,
3371 3288 3411 3342 F
3415 3288 3537 3343 ilius
3563 3289 3677 3354 Dei,
3701 3312 3708 3341 ι

2305 3388 2407 3443 gna
2439 3373 2596 3440 facit;
2622 3377 2716 3431 sed
2736 3377 2897 3448 quid?
2924 3378 3026 3445 Qui
3044 3382 3283 3449 apparuit
3300 3381 3422 3447 tibi;
3451 3396 3515 3437 ea
3543 3381 3708 3437 dicent

2307 3464 2383 3518 illi
2414 3475 2536 3519 nota
2561 3477 2734 3521 erant.
2781 3468 3220 3540 Quandoquidem
3246 3486 3315 3526 ne
3342 3471 3456 3542 ipse
3484 3472 3702 3542 quidem

2308 3566 2422 3610 stus
2461 3556 2601 3612 aliud
2642 3558 2878 3628 adjecit,
2918 3576 3089 3631 neque
3118 3561 3252 3618 dixit
3281 3580 3295 3616 :
3323 3563 3436 3634 Ego
3460 3579 3578 3618 sum
3606 3564 3695 3619 ille

2310 3650 2480 3717 ﬁxus,
2512 3652 2602 3722 qui
2629 3655 2924 3719 resurrexi;
2962 3655 3054 3709 sed
3076 3697 3093 3722 ,
3122 3657 3281 3722 Quem
3306 3666 3359 3710 tu
3391 3658 3706 3727 persequeris

2308 3742 2460 3809 dixit,
2483 3743 2581 3812 Qui
2614 3748 3074 3816 persequutionem
3098 3748 3296 3818 patior;
3327 3765 3392 3804 ne
3413 3748 3689 3805 videretur

2310 3851 2465 3892 cessu
2487 3840 2679 3895 mentis
2709 3840 2949 3897 irridere.
2981 3841 3079 3909 Qui
3106 3844 3344 3914 apparuit
3366 3843 3477 3909 tibi,
3501 3843 3696 3913 inquit,

2313 3929 2475 4000 Atqui
2506 3947 2611 3985 non
2635 3933 2913 4001 apparuit,
2943 3933 3036 3987 sed
3073 3949 3169 4003 per
3198 3949 3366 4004 opera
3389 3934 3537 3990 visus
3569 3945 3673 3989 est.

2314 4021 2429 4076 lens
2453 4024 2714 4077 sermonis
2737 4024 3032 4078 molestiam
3060 4024 3304 4094 mitigare
3323 4067 3338 4090 ,
3367 4025 3547 4080 statim
3576 4026 3708 4094 adjic

2313 4113 2503 4178 videas,
2531 4125 2579 4167 et
2603 4115 2858 4185 implearis
2888 4116 3086 4186 Spiritu
3111 4127 3305 4171 sancto.
3337 4117 3451 4172 Non
3482 4120 3665 4185 venit,
3698 4135 3708 4171 ι

2314 4203 2506 4260 factam
2533 4216 2799 4276 argueret,
2826 4209 2918 4263 sed
2949 4208 3016 4264 ad
3041 4208 3241 4264 donum
3267 4211 3676 4275 conferendum,

2316 4298 2537 4353 Videtur
2576 4300 2704 4354 mihi
2747 4309 2801 4355 et
2839 4300 2979 4357 hunc
3006 4311 3059 4357 et
3083 4300 3387 4359 Cornelium
3415 4305 3594 4358 statim
3630 4320 3708 4373 po:

2316 4390 2454 4444 dicta
2484 4392 2640 4446 verba
2673 4392 2926 4462 Spiritum
2956 4395 3259 4463 recepisse;
3305 4396 3405 4450 etsi
3445 4397 3539 4467 qui
3584 4396 3707 4450 dab:

2317 4497 2383 4537 ex
2407 4481 2684 4537 duodecim
2711 4494 2873 4539 esset.
2913 4485 3001 4541 Sic
3030 4486 3160 4540 nihil
3194 4487 3482 4541 humanum
3522 4488 3609 4541 hic
3629 4530 3643 4551 ,
3680 4505 3708 4541 ιι

2318 4572 2589 4629 hominem
2628 4577 2822 4631 factum
2855 4587 2966 4642 est;
3008 4577 3104 4633 sed
3133 4579 3271 4633 Deus
3299 4578 3485 4634 aderat
3510 4580 3603 4647 qui
3637 4579 3707 4632 ha

2319 4673 2420 4721 ret.
2447 4665 2720 4736 Simulque
2746 4666 2895 4722 illum
2927 4669 3153 4722 instituit
3177 4679 3235 4723 ut
3264 4670 3504 4724 modeste
3533 4670 3708 4724 seutia

2321 4757 2467 4812 illum
2515 4773 2620 4811 non
2665 4758 2811 4813 ducit
2853 4758 2918 4812 ad
2963 4760 3263 4829 pracipuos
3302 4762 3610 4831 apostolos,
3644 4760 3708 4814 de

2320 4849 2451 4903 nihil
2479 4848 2564 4903 hic
2590 4840 2878 4906 Innni‘inum
2908 4866 3045 4906 esse.
3077 4851 3261 4921 Neque
3288 4862 3413 4907 tunc
3436 4851 3699 4923 Spiritum

2320 4955 2421 5010 gua
2459 4941 2668 5006 ederet,
2705 4944 2946 5011 accepit,
2982 4954 3033 4997 ut
3069 4944 3147 4998 sic
3176 4944 3290 5013 ejus
3318 4944 3451 4998 ﬁdes
3481 4944 3708 4997 ostende

2322 5049 2492 5103 neque
2517 5034 2661 5087 enim
2690 5050 2836 5104 Signa
2868 5035 3010 5089 fecit.
3042 5034 3110 5088 Et
3140 5036 3328 5100 statim,
3362 5036 3566 5105 inquit,
3602 5036 3657 5088 in
3690 5056 3708 5088 θ

2321 5135 2399 5200 gis
2428 5131 2734 5199 praedicabat
2760 5130 3046 5197 Christum,
3078 5134 3197 5201 quia
3225 5133 3306 5186 hic
3344 5142 3417 5185 est
3444 5129 3621 5184 Filius
3652 5131 3708 5183 υ.

2323 5224 2643 5292 praedicabat
2668 5226 2809 5294 quod
2839 5228 3217 5281 resurrexisset
3239 5267 3255 5290 ,
3287 5242 3463 5294 neque
3489 5226 3635 5295 quod
3667 5241 3698 5276 v

2323 5316 2415 5370 sed
2444 5317 2607 5384 quid?
2637 5318 3045 5371 Accuratissime
3079 5319 3269 5388 dogma
3300 5318 3607 5387 exponebat
3628 5357 3641 5375 .
3678 5314 3708 5381 ε

2324 5420 2396 5463 est
2446 5410 2609 5463 Filius
2652 5409 2767 5464 Dei.
2821 5411 2892 5465 Illi
2935 5426 3063 5465 vero
3104 5411 3186 5465 his
3226 5411 3420 5465 auditis
3450 5412 3501 5465 in
3539 5412 3708 5463 incret

2328 5510 2593 5570 perstant,
2627 5518 2746 5556 cum
2794 5504 3113 5572 oportuisset
3164 5519 3269 5558 non
3318 5503 3480 5558 modo
3519 5502 3708 5557 credet

2325 5596 2482 5648 ctiam
2510 5592 2905 5662 obstupescere.
2935 5595 3001 5648 Et
3022 5611 3117 5648 cur
3140 5611 3240 5648 non
3270 5595 3605 5661 simpliciter,
3631 5611 3703 5663 qu

2325 5692 2580 5751 sequntur
2619 5684 2807 5747 fuerit,
2843 5687 3062 5747 dicunt;
3096 5688 3188 5740 sed
3228 5688 3368 5755 quod
3411 5700 3708 5753 capttgnart

2330 5778 2412 5848 qui
2444 5778 2541 5831 hoc
2572 5792 2762 5832 numen
2797 5780 3140 5836 invocarent?
3174 5778 3414 5849 Magnum
3447 5780 3683 5831 t‘ttruretu
