4032 6212
470 341 564 399 161
1241 344 1299 398 S.
1340 343 1622 400 JOANNIS
1656 343 2143 401 CIIRYSOSTOMI
2185 344 2503 400 ARCHIEP.
2544 342 3087 401 (:ONSTANTINOP.

463 457 663 524 τοῦτος
695 457 768 510 Τὸ
800 456 1001 527 σφόδρα
1029 458 1253 527 μανικὸν
1285 460 1372 514 διὰ
1402 461 1591 514 τούτου
1619 462 1992 532 ἐμφαίνοντες.
2017 461 2127 514 Kal

464 545 566 599 οὐκ
592 542 741 599 εἶπον
762 545 850 598 τὸν
890 545 1114 616 Ἰησοῦν,
1151 547 1259 600 ἀπὸ
1283 548 1382 618 τῆς
1415 548 1711 619 βασκανίας
1740 548 1939 601 οὐδὲτὸ
1958 548 2129 619 ὄνομα

466 631 687 685 ἀκούειν
719 633 1035 703 ἀνεχόμενοι
1060 651 1074 665 ·
1109 634 1281 697 οὕτως
1317 631 1457 706 ἦσαν
1498 636 1972 708 ἐκτεθηριωμένοι.
2020 637 2129 690 Καὶ

464 712 582 772 ὦδε
611 722 697 784 εις
717 720 892 773 τοῦτο
914 721 1231 787 ἐλήλυθεν.
1256 724 1369 776 Οὐκ
1396 724 1589 795 ἔχομεν
1611 726 1804 789 εἰπεῖν,
1841 725 2023 797 φησὶν,
2050 725 2129 778 ὅτι

452 804 578 870 ίτοῖς
608 808 924 873 ἀποστόλοις
955 810 1217 881 πρότερον
1251 814 1583 880 συνεγένετο.

535 900 755 970 γ’.”ορα
773 900 859 952 διά
871 902 1049 954 πόσων
1070 903 1408 972 ὁμολογεῖται
1426 904 1534 957 τῶν
1563 905 1770 977 ἐχθρῶν
1796 906 2080 975 τυγχάνων
2101 907 2129 957 6

465 985 695 1049 Παῦλος.
737 988 793 1039 '0
822 988 876 1039 δὲ
903 989 964 1040 οὐ
993 990 1151 1058 μόνον
1183 991 1281 1045 οὐκ
1313 992 1575 1062 ᾐσχύνετο
1606 994 1835 1059 τούτοις,
1866 993 2002 1047 ἀλλά
2033 995 2126 1046 καὶ

468 1075 811 1145 ἐνηϐρύνετο.
862 1077 1095 1142 Σαῦλος
1132 1078 1199 1131 δὲ
1236 1079 1477 1148 μᾶλλον
1519 1080 1979 1149 ἐνεδυναμοῦτο,
2030 1082 2127 1134 καὶ

466 1163 827 1231 συνῄσχυνε
850 1165 993 1229 τοὺς
1036 1166 1364 1232 Ἰουδαίους
1382 1184 1397 1197 ·
1419 1168 1709 1232 τουτέστιν,
1750 1168 2124 1237 ἐπεστόμιζεν,

465 1249 565 1300 οὐκ
590 1249 675 1303 εία
694 1268 745 1301 τι
770 1254 972 1304 εἰπεῖν·
998 1252 1390 1320 συμϐιϐάζων,
1428 1254 1516 1307 ὅτι
1545 1250 1722 1321 οὗτός
1746 1255 1916 1308 ἐστιν
1938 1259 1971 1309 ό
1997 1257 2128 1323 Χρι-

466 1336 632 1401 στός.
666 1339 941 1391 Διδάσκων
963 1382 976 1404 ,
1020 1341 1154 1411 φησί
1180 1358 1193 1371 ·
1218 1342 1536 1405 διδάσκαλος
1568 1345 1659 1395 καὶ
1686 1344 1792 1414 γὰρ
1815 1344 2012 1407 εὐθέως
2036 1339 2122 1415 ἦν.

477 1422 576 1489 Ὠς
626 1423 739 1476 δέι
765 1426 1148 1495 ἐπληροῦντο
1206 1432 1417 1498 ἡμέραι
1466 1431 1685 1495 ἱκαναὶ,
1728 1434 2127 1486 συνεϐουλεύ-

465 1528 655 1567 σαντο
678 1517 730 1567 οἱ
770 1514 1052 1571 Ἰουδαῖοι
1096 1518 1337 1573 ἀνελεῖν
1377 1521 1583 1575 αὐτόν.
1620 1521 1745 1575 Ἐπὶ
1782 1522 1873 1575 τὸν
1910 1525 2125 1594 ἰσχυρὸν

467 1600 825 1673 συλλογισμὸν
853 1604 1102 1676 ἔρχονται
1143 1606 1306 1660 πάλιν
1356 1609 1405 1660 οί
1451 1608 1707 1662 Ἰουδαῖοι.
1750 1611 1863 1664 Οὐκ
1902 1611 1979 1664 ἐτι
2018 1612 2124 1683 γάρ

466 1690 828 1758 συκοφάντας,
858 1693 951 1745 καὶ
981 1696 1337 1764 κατηγόρους,
1358 1696 1451 1748 καὶ
1467 1695 1914 1769 ψευδομάρτυρας
1941 1698 2127 1769 ἐπιζη-

462 1777 647 1831 τοῦσιν
673 1796 687 1809 ο
724 1780 845 1831 οὐδέ
878 1782 985 1849 γάρ
1024 1781 1103 1835 ἐτι
1134 1784 1416 1851 ἀνέχονται
1441 1784 1646 1837 τούτων
1675 1802 1687 1815 ·
1722 1785 1857 1838 ἀλλά
1884 1786 1936 1838 τί
1955 1805 1968 1852 ;
2007 1789 2127 1840 Λοι-

466 1863 565 1916 πὸν
617 1864 770 1917 αὐτοὶ
814 1865 881 1917 δι’
922 1868 1130 1920 ἑαυτῶν
1170 1868 1324 1921 τοῦτο
1371 1871 1714 1940 ἐργάζονται.
1774 1872 1988 1943 Ἐπειδὴ
2019 1872 2126 1943 γὰρ

463 1945 602 2003 εἶδον
633 1952 1036 2021 ἐπιτεινόμενον
1060 1955 1119 2006 τὸ
1164 1958 1426 2027 πρᾶγμα,
1458 1958 1576 2010 οὐδὲ
1612 1958 1955 2028 δικαστήριον
1997 1960 2127 2012 καθ-

466 2034 691 2099 ίζουσιν.
722 2038 1025 2107 Ἐγνώσθη
1055 2040 1122 2093 δὲ
1143 2040 1221 2105 τῷ
1255 2045 1467 2107 Σαύλῳ
1504 2046 1542 2111 ἡ
1575 2045 1863 2114 ἐπιϐουλὴ
1888 2046 2085 2099 αὐτῶν
2109 2065 2121 2077 ο

463 2122 844 2190 παρετήρουν
889 2142 952 2177 τε
990 2127 1095 2192 τὰς
1136 2130 1334 2193 πύλας
1370 2129 1595 2198 ἡμέρας
1636 2148 1701 2184 τε
1742 2132 1839 2185 καί,
1885 2134 2124 2200 νυκτὸς,

462 2209 623 2276 ὅπως
653 2212 840 2265 αὐτὸν
858 2213 1140 2269 ἀνέλωσι.
1172 2216 1268 2270 Διά
1288 2217 1375 2283 τί;
1411 2220 1531 2272 Ὅτι
1555 2221 1769 2274 πάντων
1796 2224 2126 2294 ἀφορητότε-

466 2312 557 2367 ρον
591 2294 658 2369 ἦν
691 2300 875 2364 αὐτοῖς
895 2302 1002 2355 τῶν
1030 2304 1130 2374 ήδη
1158 2308 1539 2377 γεγενημένων
1571 2310 1830 2378 σημείων,
1862 2311 1970 2362 τῶν
1994 2330 2125 2364 πεν·

460 2386 842 2456 τακισχιλίων,
877 2390 983 2443 τῶν
1016 2394 1329 2462 τρισχιλίων
1350 2434 1364 2457 ,
1402 2396 1619 2448 πάντων
1651 2397 1853 2461 ἁπλῶς.
1891 2400 1999 2453 Kal
2026 2402 2128 2471 δρα

460 2474 623 2561 αὐτὸν
649 2475 786 2540 τέως
805 2477 865 2529 οὐ
889 2480 1071 2548 χάριτι
1104 2480 1431 2551 σωζόμενον,
1466 2483 1579 2536 ἀλλ’
1604 2484 1921 2561 ἀνθρωπίνῃ
1944 2490 2122 2560 σοφίᾳ·

462 2560 550 2614 ἵνα
599 2562 778 2635 μάθῃς
825 2564 918 2617 τοῦ
954 2566 1146 2638 ἀνδρὸς
1188 2568 1286 2638 τὴν
1325 2571 1527 2641 ἀρετὴν
1561 2573 1652 2625 καὶ
1682 2574 1849 2644 χωρὶς
1888 2560 2126 2646 σημείων

461 2646 788 2719 λάμποντος.
831 2655 1130 2720 Λαϐόιςτες
1175 2654 1243 2708 δὲ
1286 2657 1473 2710 αὐτὸν
1510 2662 1565 2712 οἱ
1603 2662 1856 2729 μαθηταί
1885 2666 2124 2732 νυκτὸς,

460 2739 737 2805 καθῆκαν
776 2740 873 2795 διὰ
907 2742 1012 2796 τοῦ
1042 2744 1312 2813 τείχους,
1343 2746 1726 2815 χαλάσαντες
1761 2751 1831 2803 ἐν
1857 2754 2124 2821 σπυρίδι.

458 2825 733 2889 Εἰκότως·
764 2829 851 2881 ἵνα
875 2829 1184 2884 ἀνύποπτον
1270 2833 1332 2886 τὸ
1354 2837 1606 2905 πρᾶγμα.
1644 2838 1708 2889 Τί
1736 2835 1856 2904 οῦν;
1888 2842 2127 2896 τοιοῦτον

459 2913 702 2967 κίνδυνον
726 2915 1003 2984 διαφυγὼν
1021 2960 1037 2984 ,
1061 2916 1169 2989 ἆρα
1187 2920 1402 2974 ἵσταται
1427 2923 1454 2962 δ
1476 2941 1489 2987 ;
1511 2924 1797 2994 Οὐδαμῶς,
1830 2928 1943 2981 ἀλλ’
1963 2932 2129 3002 ἀπέρ-

458 3018 613 3071 χεται
634 3002 763 3057 ἔνθα
796 3006 1061 3076 μειζόνως
1080 3008 1145 3060 ἂν
1159 3009 1356 3073 αὐτοὺς
1379 3010 1587 3080 ἐξάψοι.
1610 3014 1731 3066 ’Ότι
1749 3015 1857 3085 γάρ
1886 3019 2129 3089 ἀκριϐῶς

463 3090 806 3157 ἐπίστευσεν,
855 3096 1085 3148 ἄπιστον
1126 3091 1192 3167 ἦν
1248 3097 1327 3149 ἔτι
1364 3101 1477 3162 τοῖς
1522 3100 1753 3165 πολλοῖς.
1816 3105 1914 3159 Διά
1972 3107 2128 3162 τοῦτο

459 3174 610 3249 [166]
632 3179 749 3248 μεθ’
780 3182 995 3252 ἡμέρας
1026 3182 1215 3247 ίκανάς
1242 3185 1401 3237 τοῦτο
1431 3186 1662 3253 γίνεται.
1712 3189 1777 3241 Τί
1814 3208 1941 3244 ποτε
1970 3196 2127 3248 τοῦτό

458 3264 640 3332 ἐστιν;
671 3267 831 3331 Εἰκὸς
854 3268 1015 3322 αὐτὸν
1051 3270 1125 3341 μὴ
1162 3270 1442 3340 βούλεσθαι
1474 3274 1610 3337 τέως
1639 3276 1873 3342 ἐξελθεῖν
1897 3281 2124 3348 ἐκεῖθεν,

457 3352 669 3405 πολλῶν
691 3355 821 3419 ἴσως
862 3358 1275 3428 παραινούντων
1303 3376 1316 3389 ·
1360 3361 1545 3432 ἐπειδὴ
1574 3362 1629 3414 δὲ
1661 3364 1850 3433 ἔμαθε,
1886 3367 2005 3420 τότε
2032 3371 2129 3421 ἐπ·

459 3438 653 3526 έτρεψε
683 3445 796 3506 τοῖς
831 3444 1102 3515 μαθηταῖς
1126 3448 1289 3501 αὐτοῦ
1309 3465 1322 3478 ·
1348 3450 1442 3503 καὶ
1467 3451 1575 3522 γάρ
1594 3453 1841 3523 μαθητὰς
1864 3451 2009 3526 εἶχεν
2038 3460 2128 3511 εὐ·

459 3525 616 3590 θέως.
640 3528 810 3582 Τοῦτο
836 3533 1203 3601 αἰνιττόμενος
1227 3534 1410 3603 ἔλεγεν
1432 3554 1447 3567 ·
1501 3539 1555 3589 '0
1580 3539 1876 3609 ἐθνάρχης
1926 3544 2129 3611 Ἀρέτα

456 3615 565 3668 τοῦ
612 3616 921 3684 ,ϐασιλέως
972 3620 1246 3689 ἐφρούρει
1296 3624 1411 3691 τὴν
1460 3628 1872 3695 Δαμασκηνῶν
1924 3637 2126 3700 πόλιν,

459 3702 672 3758 πιάσαι
699 3724 775 3774 με
810 3706 1021 3765 θέλων.
1054 3711 1161 3762 Kal
1188 3711 1289 3782 δρα
1322 3712 1413 3766 τὸν
1444 3715 1833 3788 εὐαγγελιστὴν
1860 3721 2009 3775 οὐδὲν
2043 3742 2130 3792 φι-

458 3792 699 3863 λοτίμως
721 3793 969 3863 λέγοντα,
1000 3796 1119 3849 οὐδέ
1149 3798 1399 3870 λαμπρὸν
1437 3802 1721 3857 δεικνύντα
1760 3805 1849 3858 τὸν
1888 3807 2126 3875 Παῦλον,

460 3882 594 3934 ἀλλά
634 3883 793 3952 μόνον
819 3885 899 3937 δτι
930 3885 1228 3955 ἐπήγειραν
1251 3889 1340 3941 τὸν
1372 3888 1612 3959 βασιλέα.
1646 3893 1822 3946 Μόνον
1850 3891 1941 3950 οὖν
1968 3899 2129 3953 αὐτὸν

460 3969 797 4040 ἐξέπεμψαν,
824 3973 918 4024 καὶ
948 3973 1139 4026 οὐδένα
1176 3977 1294 4045 μετ’
1322 3977 1508 4032 αὐτοῦ.
1561 3980 1673 4032 Kal
1713 3981 1869 4036 τοῦτο
1911 3984 1965 4037 δὲ
1994 4003 2131 4058 συμ-

460 4058 754 4129 φερόντως,
791 4059 932 4113 ὥστε
956 4062 1116 4114 αὐτὸν
1147 4064 1381 4133 φανῆναι
1408 4067 1519 4128 τοῖς
1544 4067 1859 4133 ἀποστόλοις
1882 4073 1938 4123 ἐν
1968 4073 2131 4145 Ἱερο-

461 4144 585 4197 σολύ
595 4162 715 4214 μοις
740 4162 755 4178 ο
790 4148 989 4217 μᾶλλον
1014 4148 1071 4201 δὲ
1098 4151 1253 4203 αὐτοὶ
1275 4152 1370 4219 μὲν
1395 4151 1729 4222 ἐξέπεμψαν,
1754 4156 1830 4220 ὼς
1854 4158 1917 4211 ἐκ
1938 4144 2127 4214 τούτου

458 4231 643 4286 λοιπὸν
673 4233 850 4303 ἐαυτῷ
876 4235 973 4305 τὴν
1004 4237 1278 4305 σωτηρίαν
1308 4238 1636 4309 πορίσασθαι
1670 4257 1682 4269 ·
1705 4243 1866 4306 αὐτὸς
1897 4244 1953 4297 δὲ
1979 4249 2129 4301 τούν-

458 4320 639 4372 αντίον
674 4322 1066 4390 πραττόμενος,
1118 4324 1197 4385 εἰς
1248 4324 1375 4387 τοὺς
1423 4327 1783 4395 μαινομένους
1832 4331 1991 4396 εὐθὺς
2027 4336 2127 4388 ἐπ-

457 4406 717 4477 επήδησε.
754 4406 923 4459 Τοῦτό
966 4410 1081 4460 ἐστι
1107 4411 1467 4481 πεπυρῶσθαι
1492 4453 1506 4477 ,
1538 4413 1694 4467 τοῦτο
1728 4418 1961 4486 μάλιστα
1994 4422 2126 4486 ζεῖν.

458 4492 570 4581 Kal
603 4493 834 4581 σκόπει,
868 4494 983 4558 πῶς
1011 4496 1334 4561 ἀκολουθεῖ,
1368 4500 1433 4553 ἐκ
1457 4502 1679 4573 πρώτης
1707 4506 1921 4577 ἡμέρας
1946 4510 2129 4581 τηρῶν

456 4579 519 4633 τὸ
549 4579 915 4650 παράγγελμα
934 4622 949 4648 ,
976 4583 1113 4653 ὅπερ
1143 4584 1385 4653 ἤκουσαν
1413 4590 1461 4641 οἱ
1491 4589 1776 4645 ἀπόστολοι
1801 4635 1815 4658 ,
1853 4596 1913 4648 τὸ
1935 4636 1950 4660 ,
1995 4579 2129 4651 Ἐὰν

452 4666 538 4737 μή
573 4685 663 4731 τις
687 4667 801 4735 ἄρῃ
829 4668 936 4722 τὸν
967 4672 1236 4738 σταυρὸν
1256 4676 1445 4729 αὐτοῦ
1471 4677 1569 4730 καί
1597 4679 1987 4753 ἀκολουθήσῃ
2003 4704 2123 4754 μοι.

458 4754 531 4807 Τὸ
560 4754 737 4807 τοίνυν
773 4754 1001 4828 ὕστερον
1026 4758 1185 4811 αὐτὸν
1216 4760 1321 4812 τῶν
1355 4760 1531 4815 ἄλλων
1566 4764 1763 4827 ἐλθεῖν,
1797 4769 1995 4837 μᾶλλον
2029 4774 2127 4825 αὐ-

456 4842 547 4896 τὸν
570 4842 995 4926 ῌπροθυμότερον
1029 4845 1224 4899 ἐποίει.
1275 4849 1385 4901 Kal
1413 4850 1579 4922 ιέργῳ
1616 4854 1917 4926 ἐπληροῦτο
1950 4861 2127 4914 ἐκεῖνο

456 4927 535 4992 τὸ,
567 4924 641 4997 τῼ
675 4929 907 4996 ἀφίεται
951 4931 1130 4993 πολὺ,
1168 4929 1410 5000 μᾶλλον
1460 4924 1780 5005 ἀγαπήσειν.
1829 4943 1988 4995 Ὥστε
2017 4945 2126 5016 ὅσῳ

458 5013 684 5085 ἐσχατον
717 5012 869 5087 ἦλθε,
900 5018 1136 5089 τοσούτῳ
1166 5020 1365 5089 μᾶλλον
1399 5024 1703 5094 ἠγάπησεν.
1732 5027 1829 5081 Διά
1860 5030 2014 5084 τοῦτο
2035 5012 2127 5087 καὶ

456 5102 548 5153 τὸν
597 5104 861 5174 πρότερον
912 5106 1027 5174 βίον
1075 5108 1270 5160 ἐαυτοῦ
1329 5111 1698 5180 στηλιτεύων,
1738 5117 1832 5169 καὶ
1865 5119 2126 5186 πολλάκις

456 5191 647 5242 ἐαυτὸν
684 5192 897 5256 στίζων,
938 5193 1089 5245 οὐδὲν
1136 5196 1320 5265 ἡγεῖτο
1369 5198 1553 5251 ἱκανὸν
1598 5197 1735 5254 εἶναι
1792 5204 1929 5275 πρὸς
1961 5208 2020 5260 τὸ
2058 5209 2128 5262 τά

457 5278 699 5347 πρότερα
730 5280 1065 5350 ἀποκρύψαι.
1094 5285 1139 5335 Σ
1146 5284 1488 5351 ινμόιϐάζων,
1522 5289 1673 5356 φησὶ,
1710 5294 1973 5359 τουτέστι,
2008 5300 2125 5367 μετ’

458 5367 756 5429 ἐπιεικείας
794 5368 1080 5422 διδάσκων.
1118 5371 1226 5423 Kal
1251 5373 1373 5443 ὅρα,
1399 5375 1460 5426 οὐ
1487 5375 1729 5443 λέγουσιν
1757 5381 1924 5453 αὐτῷ,
1948 5385 2029 5438 ὄτι
2054 5387 2124 5440 Σὺ

454 5448 510 5506 εἷ
536 5456 565 5507 6
597 5454 812 5525 πορθῶν
844 5473 857 5485 ·
885 5456 936 5509 τί
990 5458 1429 5529 μεταϐέϐλησαι;
1477 5464 1771 5534 ᾐσχύνοντο
1804 5448 1909 5541 γάρ
1937 5489 1949 5501 '
1990 5473 2126 5529 ἀλλά

456 5542 593 5612 πρὸς
624 5542 850 5606 ἑαυτοὺς
886 5544 1092 5614 ἐλεγον.
1142 5543 1275 5599 Εἷπε
1310 5550 1417 5621 γὰρ
1450 5550 1515 5603 ἂν
1551 5554 1729 5625 πολλῷ
1765 5557 2122 5632 δικαιότερον,

453 5629 538 5720 δτι
571 5629 739 5720 Τοῦτο
769 5631 1000 5720 μάλιστα
1026 5635 1167 5704 ὑμᾶς
1188 5635 1395 5698 διδάξαι
1427 5638 1666 5707 ὀφείλει,
1702 5644 1825 5697 ἐπεὶ
1857 5648 1947 5699 καὶ
1988 5629 2123 5720 πρὸς

468 5716 778 5788 Ἀγρίππαν
811 5718 983 5783 οῦτως
1016 5722 1383 5789 ἀπολογεῖται.
1428 5725 1629 5779 Τοῦτον
1656 5730 1976 5802 μιμώμεθα,
2017 5716 2122 5792 πα-

1911 5800 1945 5833 ο

519 5890 544 5916 ³
588 5890 685 5940 Alii
716 5894 996 5951 διδάσκαλος
1028 5896 1114 5957 γὰρ
1147 5895 1279 5952 οὗτος
1321 5897 1393 5957 ἦν.
1444 5897 1523 5954 Ὦς
1557 5901 1620 5949 δέ.

519 5902 544 5916 ’⁵
588 5902 685 5940 Alu
716 5902 996 5951 διδασκαλος
1028 5902 1114 5957 γαρ
1147 5902 1279 5952 οὗτος
1321 5902 1393 5957 ἡν.
1444 5902 1523 5954 Ὡς
1557 5902 1620 5949 δέ.
1699 5902 1725 5941 ι)
1767 5904 1974 5972 Αιὶίᾶρα
2016 5908 2125 5974 φεύ.

457 5970 553 6016 Ὑειὶ

3798 343 3916 400 16'!

2240 460 2483 531 ρακαλῶ,
2528 461 2622 514 καὶ
2663 463 2846 532 ἡμεῖς,
2882 458 3139 531 καὶπρὸς
3174 458 3375 521 πάντας
3428 452 3577 529 ῶμεν
3625 459 3915 523 κινδύνους

2234 548 2727 619 παρατεταγμένοι.
2757 549 2867 601 Kal
2893 548 3028 610 πῶς,
3054 546 3237 615 φησὶν,
3261 547 3467 608 ἐκεινος
3488 546 3678 615 φεύγει
3700 556 3756 610 ε;
3790 548 3916 601 Οὐκ

2234 631 2300 705 ἦν
2333 636 2533 701 δειλίας
2558 637 2617 689 τὸ
2641 637 2893 707 πρᾶγμα,
2923 634 3038 688 ἀλλ’
3061 634 3353 702 ἐφύλαττεν
3381 632 3567 686 ἐαυτὸν
3588 634 3664 703 τῷ
3693 635 3912 704 κηρύγ-

2241 742 2392 794 ματι.
2428 725 2491 777 El
2523 725 2693 788 δειλὸς
2717 720 2819 795 ἦν,
2860 724 2959 776 οὐκ
2999 722 3065 776 ἂν
3111 725 3190 785 είς
3227 722 3295 775 τά
3334 722 3683 791 Ἰεροσόλυμα
3715 718 3909 792 ἦλθεν,

2138 821 2157 837 ⁴
2186 808 2195 815 ⁷
2234 812 2333 864 οὐκ
2358 812 2423 866 ἀν
2452 812 2657 876 εὐθέως
2692 812 2979 878 ἀνεδέξατο
3026 812 3124 881 τὴν
3165 809 3511 862 διδασκαλίαν
3533 826 3546 839 ο
3584 808 3907 878 καθυφῆκεν

2234 900 2300 953 ἂν
2326 901 2423 970 τῆς
2453 900 2829 971 σφοδρότητος.
2876 899 3013 951 Ἀλλ’
3044 900 3143 950 οὐκ
3168 898 3233 967 ἦν
3255 896 3443 959 δειλὸς,
3468 895 3603 948 ἀλλά
3632 898 3726 948 καὶ
3756 900 3904 950 οἰκο-

2233 989 2479 1056 νομικός,
2509 986 2831 1057 Ἐπαιδεύθη
2855 985 2931 1056 τῷ
2968 984 3130 1038 πάθει
3159 984 3252 1037 τοῦ
3286 982 3580 1051 Στεφάνου.
3624 982 3715 1033 Διὸ
3746 984 3906 1035 οὐδὲν

2239 1074 2381 1143 μέγα
2408 1077 2592 1143 ἠγεῖτο
2620 1074 2681 1126 τὸ
2713 1074 3001 1127 ἀποθανεῖν
3036 1073 3175 1142 ὑπὲρ
3205 1071 3300 1124 τοῦ
3333 1070 3707 1141 κηρύγματος,
3743 1073 3795 1122 εἰ
3830 1072 3910 1141 μὴ

2239 1160 2375 1230 μετὰ
2406 1160 2601 1215 πολλοῦ
2658 1161 2751 1213 τοῦ
2799 1160 3023 1231 κέρδους
3064 1158 3220 1211 τοῦτο
3253 1159 3575 1229 ἐργάσαιτο,
3618 1158 3907 1228 ἄνθρωπος

2231 1248 2354 1301 οὐδέ
2383 1249 2472 1302 τὸν
2497 1250 2730 1320 Χριστὸν
2757 1249 2885 1301 ἰδεῖν
2902 1248 3089 1311 θέλων,
3118 1248 3177 1299 ὃν
3203 1246 3435 1316 μάλιστα
3467 1246 3684 1297 πάντων
3707 1248 3909 1297 ἐσπευ-

2234 1336 2320 1389 δεν
2366 1338 2512 1403 ίδεῖν,
2555 1337 2744 1408 ἐπειδὴ
2787 1338 2998 1390 οὐδέπω
3044 1337 3348 1407 ἀπήρτιστο
3392 1335 3540 1405 αὐτῷ
3582 1336 3647 1387 τὰ
3699 1336 3799 1404 τῆς
3825 1338 3908 1398 εἰς

2234 1429 2358 1491 τούς
2387 1428 2705 1499 ἀνθρώπους
2735 1427 3341 1498 οἱκονομίας.Ί“οιαύτην
3370 1423 3511 1480 εἶναι
3542 1426 3643 1497 χρὴ
3669 1428 3767 1496 τὴν
3796 1427 3905 1495 ψυ-

2235 1514 2334 1585 χὴν
2363 1516 2457 1567 τοῦ
2482 1516 2831 1587 Χριστιανοῦ.

2305 1602 2367 1656 δ’.
2398 1602 2529 1655 Ἀπὸ
2560 1604 2861 1674 προοιμίων
2889 1604 2982 1657 καὶ
3011 1602 3119 1655 ἀπὸ
3133 1602 3377 1672 βαλϐῖδος
3394 1602 3561 1669 αὐτῆς
3590 1602 3907 1657 ἐδείκνυτοά

2233 1690 2261 1742 6
2289 1690 2571 1760 χαρακτὴρ
2592 1690 2806 1744 Παύλου
2829 1707 2842 1721 ’
2870 1691 3068 1761 μᾶλλον
3096 1691 3153 1743 δέ
3184 1692 3279 1743 καὶ
3306 1690 3412 1759 πρὸ
3439 1688 3650 1743 τούτου.
3704 1690 3796 1741 Ἐν
3825 1684 3909 1751 οἷς

2234 1776 2341 1844 γὰρ
2381 1777 2443 1828 οὐ
2482 1777 2623 1830 κατά
2648 1778 2850 1844 γνῶσιν
2876 1778 3083 1839 ἐποίει,
3116 1776 3441 1847 ἀνθρωπίνῳ
3471 1776 3790 1845 κινούμενος
3816 1776 3911 1829 λο-

2234 1862 2420 1933 γισμῷ
2460 1863 2831 1934 διεπράττετο.
2866 1866 2929 1917 El
2967 1866 3074 1934 γὰρ
3106 1867 3242 1935 μετά
3276 1864 3531 1917 τοσοῦτον
3579 1866 3771 1933 χρόνον
3805 1866 3912 1916 οὐκ

2232 1950 2427 2021 ἢθελεν
2460 1950 2721 2004 ἀναλῦσαι
2748 1965 2760 1979 ·
2785 1951 2962 2021 πολλῴ
2993 1952 3191 2022 μᾶλλον
3214 1952 3271 2003 ἐν
3292 1954 3430 2020 ἀρχῇ
3466 1952 3563 2020 τῆς
3594 1952 3866 2020 ἐμπορίας
3893 1991 3909 2011 ,

2234 2039 2358 2109 ἄρτι
2390 2038 2498 2091 τῶν
2523 2038 2756 2108 λιμένων
2786 2038 3035 2103 ἐξελθών.
3074 2040 3188 2092 Οὐκ
3227 2039 3525 2108 ἐξαρπάζει
3568 2038 3623 2090 δέ
3666 2039 3832 2090 αὐτον
3880 2042 3911 2091 6

2234 2125 2466 2195 Χριστὸς
2485 2125 2578 2179 τοῦ
2607 2124 2875 2191 κινδύνου,
2894 2126 3006 2179 ἀλλ’
3034 2127 3260 2196 ἀφίησιν
3284 2143 3295 2155 ·
3325 2125 3512 2196 ἐπειδὴ
3535 2125 3789 2195 βούλεται
3809 2127 3909 2179 καὶ

2234 2211 2549 2285 ἀνθρωπίνῃ
2574 2216 2785 2267 συνέσει
2813 2213 2984 2267 πολλά
3011 2214 3277 2282 γίνεσθαι.
3309 2213 3521 2276 ’Ἄλλως
3549 2213 3606 2265 δὲ
3640 2215 3867 2283 ἀφίησιν
3888 2253 3905 2277 ,

2235 2298 2322 2351 ἴνα
2351 2299 2633 2371 μάθωμεν,
2660 2301 2742 2353 ὅτι
2771 2302 2867 2354 καὶ
2897 2302 3050 2354 αὐτοὶ
3088 2301 3365 2372 ἄνθρωποι
3396 2296 3535 2371 ἦσαν
3556 2342 3572 2362 ,
3606 2302 3698 2354 καὶ
3721 2302 3805 2353 ὅτι
3841 2302 3910 2353 οὐ

2236 2387 2510 2458 πανταχοῦ
2543 2387 2606 2442 τὸ
2638 2391 2745 2442 πᾶν
2774 2392 2806 2460 ἡ
2833 2390 2990 2459 χάρις
3018 2391 3269 2461 ἐνήργει·
3304 2390 3429 2443 ἐπεὶ
3450 2391 3497 2441 εί
3531 2390 3605 2460 μὴ
3626 2388 3785 2442 τοῦτο
3811 2384 3910 2459 ἦν,

2236 2474 2365 2539 ξύλα
2400 2476 2585 2540 ἁπλῶς
2632 2478 2996 2547 ἐνομίσθησαν
3036 2478 3119 2533 ἄν.
3165 2478 3264 2532 Διά
3300 2494 3382 2530 τοι
3425 2476 3584 2530 τοῦτο
3614 2477 3783 2529 πολλὰ
3812 2478 3912 2529 καὶ

2235 2564 2389 2615 αὐτοὶ
2412 2564 2728 2635 ᾠκονόμουν
2764 2564 2915 2637 [167]
2945 2564 3033 2618 διά
3061 2565 3169 2619 τῶν
3197 2565 3561 2636 πραγμάτων.
3598 2564 3770 2616 Τοῦτο
3810 2566 3914 2616 καὶ

2234 2652 2395 2720 ἡμεῖς
2429 2651 2694 2721 ποιῶμεν,
2731 2652 2824 2705 καὶ
2858 2652 2999 2705 οὕτω
3028 2654 3128 2723 τῆς
3165 2653 3273 2706 τῶν
3300 2652 3545 2722 ἀδελφῶν
3584 2652 3913 2724 ὀρεγώμεθα

2238 2738 2529 2809 σωτηρίας.
2546 2738 2717 2792 Τοῦτο
2740 2741 3037 2812 μαρτυρίου
3057 2741 3155 2794 οὐκ
3171 2741 3413 2806 ἔλαττον,
3444 2740 3607 2812 μηδὲν
3635 2742 3913 2811 παραιτη-

2238 2826 2434 2879 σασθαι
2482 2826 2675 2880 παθεῖν
2715 2827 2808 2881 διὰ
2849 2827 2947 2900 τὴν
3002 2830 3108 2881 τῶν
3156 2829 3368 2882 πολλῶν
3416 2829 3709 2900 σωτηρίαν.
3738 2829 3914 2883 Οὐδὲν

2235 2911 2405 2977 οὕτως
2436 2914 2716 2984 εὐφραίνει
2743 2914 2835 2968 τὸν
2863 2916 3015 2969 Θεόν.
3048 2916 3218 2969 Πάλιν
3243 2916 3376 2987 ἐρῶ,
3396 2916 3425 2969 δ
3448 2916 3703 2980 πολλάκις
3725 2912 3909 2968 εἷπονο

2236 3001 2345 3071 ἐρῶ
2371 3002 2445 3067 δὲ,
2476 3002 2662 3073 ἐπειδὴ
2694 3003 2897 3074 σφόδρα
2918 3004 3048 3057 αὐτὸ
3085 3003 3346 3074 βούλομαι
3373 3021 3387 3034 ’
3415 3004 3539 3057 ἐπεὶ
3574 3005 3668 3057 καὶ
3707 3005 3736 3057 6
3774 3005 3917 3075 Χρι-

2238 3090 2360 3152 στὸς
2391 3090 2450 3143 τὸ
2474 3090 2605 3143 αὐτὸ
2632 3091 2825 3153 ἐποίει,
2854 3093 2983 3162 περὶ
3006 3092 3251 3161 ἀφέσεως
3278 3092 3557 3164 παραινῶν
3588 3093 3681 3146 καὶ
3706 3092 3910 3160 λέγων·

2239 3178 2417 3230 Ὅταν
2434 3179 2857 3246 προσεύχησθε
2886 3181 3120 3248 ε’ύμεῖς,
3147 3182 3352 3250 ἀφίετε
3377 3182 3431 3234 ετ
3470 3199 3521 3235 τι
3557 3181 3710 3234 κατά
3743 3198 3915 3247 τινος

2235 3264 2422 3332 ἔχετε.
2469 3266 2637 3319 Πάλιν
2676 3266 2753 3336 τῷ
2799 3266 2991 3338 Πέτρῳ
3040 3267 3451 3339 διαλεγόμενος,
3487 3270 3569 3321 Οὐ
3596 3267 3751 3337 λέγω
3783 3284 3909 3332 σοι,

2237 3355 2421 3423 φησὶν,
2451 3354 2538 3408 ὅτι
2561 3356 2743 3424 ’Ἄφες
2769 3354 2880 3419 ἕως
2900 3355 3166 3421 ἑπτάκις,
3185 3357 3324 3410 ἀλλ’
3345 3356 3455 3423 ἕως
3473 3357 3916 3425 ἐϐδομηκοντάο

2235 3458 2329 3507 κις
2361 3440 2513 3495 ἑπτά
2534 3457 2547 3471 ⁸
2571 3442 2666 3495 καὶ
2689 3442 2776 3495 διὰ
2806 3442 2917 3495 τῶν
2947 3441 3125 3512 ἔργων
3143 3444 3320 3514 ἀφῆκε
3337 3444 3406 3497 τὰ
3422 3446 3502 3507 είς
3534 3443 3698 3498 αὐτὸν
3727 3445 3837 3512 πλη
3848 3463 3917 3513 μ-

2240 3530 2547 3601 μελήματα.
2585 3531 2739 3583 υῦτω
2760 3531 2823 3602 δὴ
2849 3532 2943 3585 καὶ
2962 3534 3145 3602 ἡμεῖς,
3186 3534 3378 3605 ἐπειδὴ
3412 3533 3569 3604 ἴσμεν
3598 3534 3759 3587 τοῦτο
3783 3537 3918 3605 ὅρον

2236 3619 2662 3689 Χριστιανισμοῦ
2678 3619 2828 3682 ὄντα,
2848 3618 2936 3672 διὰ
2958 3620 3157 3683 παντὸς
3176 3622 3305 3692 περὶ
3329 3621 3494 3675 αὐτοῦ
3525 3622 3914 3691 διαλεγόμεθα.

2309 3706 2475 3759 οὐδὲν
2503 3706 2835 3778 ψυχρότερον
2859 3708 3189 3779 Χριστιανοῦ
3211 3749 3224 3773 ,
3262 3708 3480 3780 ἐτέρους
3516 3710 3589 3780 μὴ
3620 3711 3916 3775 σώζοντος.

2238 3796 2350 3849 Οὐκ
2380 3796 2521 3866 ἔχεις
2561 3798 2793 3850 ἐνταῦθα
2844 3799 3034 3852 πενίαν
3080 3798 3256 3852 εἰπεῖν
3284 3800 3354 3869 ’ἡ
3384 3799 3492 3869 γὰρ
3521 3800 3590 3851 τὰ
3621 3798 3715 3852 δύο
3742 3816 3919 3853 κατα-

2239 3882 2479 3937 ϐαλοῦσα
2530 3884 2726 3950 λεπτὰ,
2778 3888 3169 3958 κατηγορήσει.
3232 3886 3341 3939 Καὶ
3412 3887 3621 3958 Πέτρος
3675 3888 3913 3954 ἔλεγεν·

2250 3972 2548 4040 Ἀργύριον
2593 3973 2693 4025 καὶ
2731 3976 2987 4043 χρυσίον
3019 3976 3132 4044 οὐχ
3165 3974 3421 4043 ὑπάρχει
3449 3993 3570 4043 μοι.
3621 3975 3730 4026 Kal
3764 3974 3919 4029 I116-

2236 4057 2327 4120 λος
2361 4057 2531 4120 οὕτως
2555 4054 2623 4129 ἧν
2654 4059 2843 4130 πένης,
2871 4059 2946 4123 ὡς
2978 4062 3070 4114 xal
3093 4063 3344 4113 πεινᾶσαι
3379 4061 3658 4125 πολλάκις,
3690 4060 3785 4113 καὶ
3810 4058 3919 4131 τῆς

2238 4144 2543 4212 ἀναγκαίας
2574 4147 2850 4217 ἀπορῆσαι
2886 4147 3116 4217 τροφῆς.
3153 4150 3265 4201 Οὐκ
3296 4149 3441 4218 ἔχεις
3482 4148 3797 4215 δυσγένειαν
3838 4152 3921 4200 εί-

2239 4235 2363 4284 πεῖν
2394 4249 2406 4261 ο
2429 4232 2522 4296 καὶ
2553 4232 2657 4302 γάρ
2683 4234 2879 4287 ἐκεῖνοι
2909 4234 3113 4305 ἄσημοι
3140 4231 3303 4305 ἦσαν,
3336 4236 3428 4288 καὶ
3448 4235 3509 4299 ἐξ
3528 4236 3919 4306 ἀπήμων.ούκ

2238 4321 2381 4391 ἔχεις
2420 4320 2688 4374 ίδιωτείαν
2735 4321 3101 4392 προϐαλέσθαι
3136 4339 3147 4353 ο
3179 4322 3412 4393 καὶγὰρ
3453 4324 3651 4375 ἐκεῖνοι
3690 4324 3919 4395 ἀγράμ-

2240 4426 2402 4480 ματοι
2434 4405 2593 4480 ἦσαν.
2630 4409 2746 4463 Κάν
2777 4408 2964 4473 δοῦλος
2993 4405 3059 4482 ᾗς
3082 4452 3098 4475 ,
3128 4410 3227 4463 κᾶν
3252 4411 3529 4481 δραπέτης
3549 4451 3563 4473 ,
3602 4411 3805 4483 δυνήσῃ
3848 4412 3922 4466 τὰ

2238 4498 2390 4568 παρὰ
2417 4498 2615 4550 σαυτοῦ
2649 4497 2935 4569 πληρῶσαι
2957 4517 2969 4529 ·
3007 4498 3129 4550 ἐπεὶ¹
3158 4500 3250 4551 καὶ
3283 4499 3311 4550 6
3353 4498 3640 4569 Ὀνήσιμος
3667 4499 3922 4564 τοιοῦτος

2235 4583 2325 4658 ἦν.
2360 4586 2501 4639 Ἀλλ’
2522 4588 2623 4659 ὅρα
2648 4585 2751 4639 ποῦ
2775 4586 2933 4639 καλεῖ
2960 4586 3143 4648 αὐτὸν,
3190 4586 3282 4639 καὶ
3316 4588 3394 4649 είς
3418 4585 3583 4640 πόσον
3603 4587 3725 4654 ἄγει
3750 4586 3924 4650 ἀξίω-

2240 4694 2337 4748 μα.
2377 4678 2511 4730 Ἵνα
2542 4674 2801 4745 κοινωνῇ
2825 4694 2927 4745 μοι
2950 4716 2965 4740 ,
2994 4677 3159 4748 φησὶν
3179 4717 3193 4739 ,
3234 4676 3304 4729 ἐν
3332 4676 3457 4740 τοῖς
3493 4675 3738 4747 δεσμοῖς
3768 4695 3921 4745 μου.

2237 4766 2351 4819 Οὶκ
2384 4764 2528 4835 ἔχεις
2548 4764 2832 4817 ἀσθένειαν
2857 4766 3057 4817 είπεῖν·
3082 4764 3205 4816 ἐπεὶ
3247 4764 3341 4817 καὶ
3378 4763 3641 4832 Τιμόθεος
3667 4764 3924 4831 τοιοῦτος

2234 4848 2324 4924 ἦν,
2373 4852 2584 4915 πυκνὰς
2636 4852 2774 4922 ἔχων
2822 4853 2920 4915 τὰς
2958 4851 3265 4915 ἀσθενείας.
3296 4853 3415 4905 Ὀτι
3449 4852 3506 4905 δέ
3539 4852 3773 4923 ἀσθενὴς
3806 4850 3922 4924 ἦν,

2237 4943 2403 4996 ἄκουε
2427 4958 2441 4971 ο
2471 4942 2623 5005 Οῑνῳ
2651 4943 2831 5012 ὀλίγῳ
2861 4939 2983 5010 χρῶ
3027 4940 3123 4994 διὰ
3153 4941 3259 4995 τὸν
3298 4943 3604 5011 στόμαχον
3644 4958 3762 4995 σου
3816 4944 3925 4996 καὶ

2236 5031 2343 5097 τὰς
2398 5028 2636 5095 πυκνάς
2691 5048 2807 5082 σου
2860 5030 3198 5095 ἀσθενείας.
3254 5029 3486 5082 Δύναται
3540 5031 3768 5091 ἕκαστος
3824 5030 3925 5084 τὸν

2236 5119 2465 5191 πλησίον
2495 5119 2745 5188 ὠφελεῖν,
2782 5119 2875 5172 ἐὰν
2905 5119 3035 5191 θέλῃ
3056 5119 3127 5171 τά
3155 5121 3284 5191 παρ’
3313 5118 3476 5173 αὐτοῦ
3512 5119 3775 5190 πληροῦν.
3796 5122 3922 5192 Οὐχ

2235 5210 2397 5281 ὁρᾶτε
2426 5207 2492 5261 τὰ
2508 5208 2699 5279 δένδρα
2719 5207 2787 5260 τὰ
2810 5208 3034 5277 ἄκαρπα
3051 5207 3167 5271 πῶς
3195 5209 3340 5261 ἐστιν
3367 5208 3582 5278 ἰσχυρὰ,
3606 5207 3725 5271 πῶς
3744 5209 3920 5274 καλὰ,

2235 5296 2474 5366 εὐμήκη,
2509 5295 2627 5348 λεῖα
2657 5296 2750 5348 καὶ
2781 5294 2995 5367 ὐψηλά;
3040 5295 3181 5348 ’Λλλ’
3218 5297 3267 5348 εί
3302 5295 3631 5367 παράδεισον
3663 5295 3924 5365 ἔχοιμεν,

2236 5383 2561 5454 βουλοίμεθα
2605 5382 2670 5436 ἂν
2716 5383 2888 5453 ῥοιὰς,
2930 5384 3115 5447 ἐλαίας
3150 5384 3295 5454 ἐχειν
3330 5382 3688 5455 καρπίμουςί
3726 5384 3927 5455 πολλῷ

2238 5472 2440 5542 μᾶλλον
2464 5473 2496 5542 ἢ
2529 5473 2700 5525 ταῦτα
2728 5490 2740 5501 ·
2774 5474 2957 5526 ἐκεῖνα
2990 5471 3101 5542 γάρ
3134 5473 3266 5543 πρὸς
3286 5473 3478 5543 τέρψιν
3506 5471 3662 5533 εἰσὶν,
3686 5472 3751 5523 οὐ
3775 5474 3927 5544 πρὸς

2234 5561 2507 5628 ὠφέλειαν
2532 5578 2543 5589 ·
2577 5563 2671 5615 xal
2698 5563 2729 5631 ὴ
2755 5561 2993 5629 ὠφέλεια
3035 5561 3092 5612 δέ
3133 5562 3307 5631 μικρά
3352 5560 3436 5623 τίς
3478 5562 3614 5612 ἐστι.
3661 5558 3929 5612 Τοιοῦτοί

2233 5654 2370 5705 εἰσιν
2414 5652 2463 5703 οί
2505 5651 2571 5703 τὰ
2612 5650 2791 5702 αὐτῶν
2837 5651 2998 5720 μόνον
3046 5648 3373 5712 σκοποῦντες
3398 5665 3410 5677 '
3454 5646 3656 5717 μᾶλλον
3687 5646 3751 5699 δέ
3787 5648 3930 5702 οὐδὲ

2298 5790 2321 5819 ⁸
2353 5788 2456 5845 "is,
2481 5789 2561 5835 καὶ
2601 5790 2721 5843 πῶς,
2766 5790 2929 5850 φησὶν,
2974 5790 3149 5843 ἐκεῖνος
3187 5788 3371 5850 φεύγει;
3422 5791 3593 5835 carent
3656 5789 3924 5837 nonnulli.

2293 5852 2317 5885 ά
2346 5850 2550 5912 Quidam
2576 5851 2887 5897 ἐπεδείκνυτο,
2961 5855 2983 5879 °
3023 5851 3275 5912 Uullﬁcml
3322 5852 3427 5912 περί
3480 5850 3693 5912 ἀφέσεως
3750 5850 3925 5912 διαλε-

2236 5910 2618 5981 γομενος,”οταν
2647 5913 2987 5974 προσεύχησθε.
3082 5914 3097 5949 ί
3147 5910 3279 5960 Unus
3314 5910 3421 5961 cod.
3459 5911 3616 5959 ἐλαίαν
3661 5912 3788 5974 ἔχειν
3840 5910 3930 5966 εὖ·

2238 5987 2431 6021 καοπον,
