3972 6212
284 373 362 431 161
1192 366 1255 421 FN
1296 365 1468 420 ACTA
1506 362 2022 419 APOSTOLORUM.
2068 364 2292 420 llUMlL.
2340 367 2458 422 XX.

280 486 534 541 τίεται-..πμ
570 482 669 538 Nec
709 479 893 536 Jesum
937 480 1317 545 nominabant,
1345 478 1485 548 quod
1522 495 1585 531 ex
1623 477 1817 530 invidia

282 596 335 632 ne
371 594 545 634 nomen
588 575 800 646 quidem
842 572 1030 627 audire
1071 573 1402 627 sustinerent
1444 589 1457 624 :
1500 571 1579 625 sic
1617 570 1817 623 efferati

277 681 422 726 erant.
452 669 511 722 Et
542 669 639 721 huc
670 678 936 737 prapterea
966 667 1114 720 venit.
1143 664 1258 719 Non
1300 678 1581 734 possumus
1610 663 1816 727 dicere,

279 764 435 831 inquit,
462 761 597 829 quod
628 760 772 829 prius
805 774 926 814 cum
963 758 1219 829 apostolis
1248 755 1427 812 fuerit.

333 856 375 908 3.
412 853 535 907 Vide
559 896 574 918 ,
611 868 768 923 quam
814 852 996 907 multis
1039 851 1354 905 testimoniis
1389 866 1453 905 ex
1486 850 1818 903 inimicorum

276 964 462 1001 numero
490 947 649 1001 fuisse
680 946 877 1002 Paulus
902 946 1219 1000 declaretur.
1252 946 1343 999 Ille
1372 960 1499 997 vero
1527 958 1628 997 non
1658 944 1818 997 modo

275 1039 338 1091 his
360 1054 451 1091 non
477 1037 923 1101 confundebatur,
952 1036 1044 1090 sed
1072 1045 1124 1091 et
1148 1034 1491 1102 gloriabatur.
1514 1034 1602 1086 2‘2.
1630 1033 1821 1089 Saulus

272 1144 407 1181 autem
433 1130 583 1199 magis
612 1129 1023 1195 convalescebat,
1054 1138 1100 1181 et
1129 1127 1465 1198 confundebat
1494 1127 1701 1179 Judwos
1724 1167 1736 1188 ,
1769 1126 1820 1178 id

274 1233 354 1281 est.
380 1219 697 1284 confutabat,
733 1234 831 1273 nec
862 1219 1003 1289 loqui
1036 1218 1262 1284 sinebat,
1300 1219 1553 1287 afﬁrmans
1581 1218 1818 1286 quoniam

271 1316 335 1367 hic
366 1326 428 1367 est
461 1314 708 1368 Christus.
744 1314 987 1377 Docens,
1017 1314 1187 1384 inquit
1217 1331 1229 1365 :
1263 1329 1382 1367 nam
1425 1313 1605 1367 statim
1634 1311 1819 1366 doctor

272 1408 364 1460 fuit.
389 1406 467 1461 9.5.
496 1407 617 1461 Cum
648 1420 819 1460 autem
848 1408 1173 1478 implerentur
1206 1407 1311 1461 dies
1342 1407 1488 1460 multi
1506 1449 1519 1470 ,
1560 1407 1820 1476 conspira-

270 1510 410 1550 rerum
432 1496 619 1563 Juda‘i,
651 1508 706 1551 ut
737 1499 883 1551 illum
910 1499 1261 1566 interﬁcerent.
1294 1498 1373 1552 Ad
1400 1498 1631 1551 validum
1659 1498 1819 1568 syllo-

268 1591 456 1658 gi~tnum
505 1604 695 1645 rursus
743 1590 963 1645 veniunt
1005 1590 1195 1644 Judcei.
1242 1590 1355 1644 Non
1402 1590 1542 1643 enim
1588 1590 1818 1657 amplius

266 1684 615 1750 sycophantas.
652 1692 991 1736 accusatores
1033 1694 1086 1737 et
1134 1681 1296 1737 faISos
1341 1691 1502 1737 testes
1540 1690 1816 1752 qumrunt,

268 1790 405 1839 neque
438 1773 567 1826 ultra
616 1774 739 1827 illos
771 1773 983 1838 fetnnt;
1020 1774 1113 1827 sed
1142 1774 1306 1844 quid?
1336 1774 1555 1827 Demum
1597 1774 1693 1844 ipsi
1724 1790 1819 1842 per

266 1868 436 1931 seipsos
463 1866 561 1920 hoc
586 1878 905 1934 operantur.
939 1868 1069 1932 Quia
1100 1867 1241 1921 enim
1285 1867 1535 1920 videbant
1577 1882 1688 1921 rem
1719 1882 1816 1921 au-

265 1959 381 2024 geri,
420 1976 518 2012 non
564 1959 707 2012 ultra
751 1959 1005 2027 judicium
1036 1959 1306 2014 adhibent.
1350 1959 1439 2013 Ἡ.
1477 1957 1624 2013 Nota:
1649 1969 1817 2011 autem

265 2054 383 2118 facte
417 2063 527 2106 sunt
574 2053 746 2107 Saula
789 2053 988 2105 insidite
1023 2069 1216 2106 eorum.
1254 2051 1610 2106 Custodiebant
1650 2062 1817 2105 autem

262 2156 403 2211 rortas
430 2148 506 2198 die
530 2163 589 2198 ac
620 2158 770 2199 nocte
797 2187 809 2208 ,
842 2154 899 2198 ut
925 2162 1034 2198 eum
1073 2146 1426 2213 interﬁcerent.
1458 2145 1669 2211 Quare?
1695 2144 1816 2213 quia

263 2234 340 2289 hoc
374 2238 469 2292 illis
507 2237 905 2291 intolerabilius
930 2245 1044 2291 erat
1068 2236 1315 2289 omnibus
1338 2278 1351 2297 ,
1380 2252 1497 2305 quae
1539 2236 1668 2289 facta
1701 2234 1817 2288 fue-

262 2340 371 2394 mt,
399 2330 580 2399 signis,
618 2332 833 2401 illisque
861 2331 1091 2400 quinque
1120 2328 1370 2393 millibus,
1403 2329 1675 2397 tribusque
1702 2328 1820 2381 mil-

261 2424 339 2475 bus
363 2425 656 2477 conversis.
688 2423 755 2477 Et
783 2424 901 2478 vide
926 2424 1074 2478 illum
1102 2423 1210 2493 jam
1241 2438 1344 2477 non
1373 2422 1563 2493 gratia,
1591 2421 1682 2477 sed
1717 2421 1817 2474 ltu-

263 2531 389 2567 mana
416 2516 679 2583 sapientia
707 2516 930 2579 servari,
954 2523 1015 2569 ut
1038 2515 1213 2569 discas
1242 2514 1338 2568 viri
1366 2516 1637 2579 virtutem,
1658 2513 1816 2566 etiam

260 2608 428 2673 absque
446 2608 724 2663 miraculis
749 2609 1051 2677 fulgentem.
1075 2607 1162 2660 25.
1190 2606 1500 2674 Accipientes
1520 2616 1683 2657 autem
1706 2621 1818 2657 eum

259 2700 464 2768 discipuli
487 2712 669 2761 noctu,
696 2716 784 2767 per
811 2715 1005 2751 murum
1033 2698 1336 2751 demiserunt
1365 2714 1498 2761 eum,
1522 2698 1816 2749 submitten-

260 2799 316 2839 tes
336 2791 380 2840 in
404 2799 593 2859 sporta.
632 2789 784 2851 Jure.
816 2790 891 2843 sic
917 2800 972 2842 ut
1000 2806 1087 2843 res
1112 2788 1413 2857 suspicione
1433 2795 1656 2842 careret.
1682 2786 1818 2853 Quid

260 2884 397 2952 ergo?
428 2899 490 2936 an
541 2884 656 2938 hoc
697 2883 908 2953 elapsus
956 2882 1193 2951 periculo
1232 2880 1527 2935 desistit‘?
1566 2878 1816 2945 Minime;

261 2978 333 3028 sed
366 2978 446 3030 illo
474 2977 628 3039 abit,
664 2976 751 3029 ubi
782 2975 947 3044 magis
986 2975 1104 3029 illos
1131 2973 1485 3043 aggrediatur.
1517 2971 1649 3026 Nam
1679 2970 1820 3040 quod

262 3084 362 3123 vere
380 3070 649 3136 crederet,
674 3068 847 3123 adhuc
870 3068 1016 3121 multi
1044 3066 1262 3122 credere
1283 3081 1386 3120 non
1413 3072 1672 3135 poterant.
1699 3063 1820 3117 Ideo

262 3172 361 3231 pmt
384 3165 573 3216 multos
603 3162 727 3215 dies
768 3162 867 3215 hoc
911 3161 1107 3215 evenit.
1138 3158 1400 3225 Quidnam
1433 3158 1534 3212 hoc
1563 3158 1684 3211 eSt?
1715 3155 1820 3210 Ve-

263 3255 451 3309 risimile
475 3266 555 3310 est
587 3254 745 3309 illum
777 3252 1008 3306 nondum
1053 3251 1287 3306 voluisse
1320 3250 1477 3304 istinc
1516 3246 1777 3319 proficisci
1802 3288 1817 3314 ,

264 3347 414 3399 multis
454 3347 645 3400 forsan
693 3344 1032 3398 monentibus
1064 3361 1077 3396 :
1110 3342 1199 3397 ubi
1238 3350 1412 3396 autem
1460 3342 1576 3395 hcce
1602 3339 1818 3404 didicit,

262 3446 364 3491 tunc
393 3436 631 3505 permisit
664 3436 933 3505 discipulis
973 3436 1083 3489 suis
1114 3454 1127 3489 :
1161 3450 1280 3489 nam
1318 3434 1494 3487 statim
1533 3432 1821 3501 discipulos

263 3527 435 3582 habuit.
464 3530 573 3584 lloe
607 3528 957 3584 subindicans
985 3526 1196 3581 dicebat
1220 3544 1233 3579 :
1260 3523 1497 3577 Damasci
1525 3523 1822 3592 prapositus

259 3622 393 3688 gentis
420 3623 579 3675 Arene
608 3621 747 3691 regis
777 3619 1083 3674 custodiebat
1102 3618 1349 3671 civitatem
1369 3614 1819 3677 Damascenorum,

259 3714 402 3765 rotans
439 3732 514 3768 me
550 3712 985 3781 comprehendere
1025 3709 1119 3779 (2.
1152 3707 1271 3765 Cor.
1308 3709 1392 3761 11.
1437 3707 1503 3762 '59.
1528 3711 1567 3777 ).
1611 3708 1674 3760 lit
1704 3707 1823 3761 vide

261 3805 611 3875 evangelistam
654 3803 783 3857 niltil
814 3804 1094 3856 ambitiose
1125 3802 1452 3870 loquentem,
1483 3816 1652 3869 neque
1683 3800 1821 3854 Pau-

260 3895 348 3948 lum
375 3900 570 3952 clarum
606 3896 955 3952 exhibentem
981 3937 994 3957 ,
1022 3894 1116 3949 sed
1146 3895 1317 3948 solum
1348 3892 1487 3962 quod
1518 3908 1695 3962 regem
1725 3907 1823 3945 ex-

258 3991 527 4045 citaverint.
561 3991 725 4045 Illum
757 3988 915 4058 igitur
948 3986 1119 4041 solum
1151 3985 1473 4051 emiserunt,
1500 3993 1553 4039 et
1582 3999 1701 4037 cum
1734 3984 1824 4037 illo

257 4084 518 4136 neminem.
550 4080 609 4137 id
645 4094 854 4150 quoque
879 4086 1248 4149 congruenter,
1276 4086 1331 4129 ut
1357 4077 1470 4145 ipse
1493 4075 1747 4145 aposmlis
1772 4076 1823 4129 in

258 4172 527 4229 Jerusalem
568 4189 699 4230 sese
728 4171 1081 4228 ostenderet:
1112 4171 1218 4225 imo
1258 4170 1330 4224 illi
1370 4169 1585 4240 quidem
1625 4169 1825 4224 emise-

257 4278 380 4333 runt,
405 4280 457 4321 ut
483 4265 689 4321 deinde
720 4265 833 4334 ipse
856 4264 1078 4318 salutem
1104 4278 1252 4317 suam
1279 4272 1490 4317 curaret
1514 4277 1529 4327 ;
1559 4262 1671 4331 ipse
1698 4276 1825 4315 vero

255 4359 560 4411 contrarium
586 4356 813 4420 faciens,
840 4354 904 4410 ad
930 4357 1163 4409 furentes
1186 4354 1363 4409 statim
1389 4354 1691 4407 transilivit.
1715 4353 1826 4408 Hoc

256 4458 325 4501 cst
351 4450 556 4504 incendi
585 4492 600 4512 ,
639 4448 737 4500 hoc
767 4446 994 4501 maxime
1025 4447 1249 4500 fervere.
1293 4445 1358 4499 Et
1398 4443 1665 4515 perpende
1688 4459 1824 4513 quo-

258 4542 397 4593 modo
417 4550 702 4610 sequatur,
726 4554 752 4590 a
779 4538 947 4606 primo
966 4537 1053 4592 die
1078 4546 1397 4606 praeceptum
1421 4550 1661 4599 servans,
1684 4534 1825 4605 quod

256 4633 521 4685 audierunt
563 4630 795 4701 apostoli
830 4648 842 4683 :
878 4628 993 4683 Nisi
1020 4629 1133 4699 quis
1171 4629 1315 4682 tollat
1343 4645 1542 4681 crucem
1569 4644 1712 4681 suam
1733 4670 1746 4690 ,
1777 4636 1826 4681 et

253 4735 472 4790 squalur
502 4741 587 4776 me
616 4721 828 4788 (Matth.
858 4721 942 4775 10.
971 4721 1081 4790 ⁵58).
1106 4720 1256 4787 Quod
1286 4735 1411 4789 ergo
1440 4730 1555 4789 post
1580 4720 1713 4774 alios
1738 4735 1827 4773 ve-

258 4818 445 4883 uisset,
490 4815 598 4871 hoc
648 4816 793 4869 illum
837 4815 1207 4870 ferventior-em
1252 4815 1524 4870 reddebat.
1569 4816 1636 4869 Et
1665 4830 1827 4885 opere

257 4907 368 4960 illud
400 4909 726 4978 implebatur
749 4926 761 4959 :
788 4906 881 4962 Cui
909 4908 1119 4960 multum
1146 4908 1434 4973 dimittitur,
1458 4908 1501 4959 is
1521 4907 1637 4976 plus
1656 4907 1826 4977 diliget

259 4996 393 5061 (Luc.
423 5001 474 5053 7.
508 5001 626 5068 47).
659 4999 837 5068 Itaque
865 5009 1061 5069 quanto
1092 4998 1295 5053 tardius
1322 5000 1503 5063 venit,
1533 5008 1678 5053 tanto
1708 4999 1825 5069 plus

258 5092 455 5145 amavit.
482 5091 719 5162 Ideoque
742 5092 971 5161 priorem
996 5092 1157 5145 vitam
1180 5106 1327 5145 suam
1350 5101 1529 5161 aperte
1546 5091 1822 5157 damnans,

258 5194 463 5252 seseque
490 5194 706 5245 notans,
739 5183 867 5237 nihil
896 5184 1025 5237 satis
1052 5198 1170 5237 esse
1200 5183 1433 5251 putabat,
1464 5192 1520 5237 ut
1547 5182 1719 5251 priora
1751 5191 1824 5235 te—

258 5285 408 5338 geret.
441 5273 781 5342 Conﬁrmans.
814 5274 982 5344 inquit
1014 5292 1028 5327 :
1063 5274 1110 5327 id
1138 5284 1238 5329 est.
1267 5289 1386 5327 cum
1419 5272 1826 5327 mansuetudine

258 5362 463 5419 docens.
492 5364 565 5418 Et
596 5364 711 5420 vide
740 5384 752 5419 :
782 5382 885 5419 non
914 5364 1097 5421 dicunt
1121 5367 1167 5418 ei
1198 5384 1209 5418 :
1236 5365 1314 5419 Tu
1351 5380 1410 5424 es
1448 5366 1539 5435 qui
1578 5365 1825 5419 devasta-

257 5454 373 5519 has;
412 5474 512 5512 cur
552 5468 785 5513 mutatus
814 5459 906 5513 es?
944 5458 1329 5514 erubescebant
1357 5458 1535 5523 enim;
1565 5458 1658 5511 sed
1689 5458 1827 5511 inter

256 5560 311 5601 se
344 5548 620 5603 dicebant.
661 5550 887 5605 Dixisset
926 5552 1068 5605 enim
1116 5550 1283 5604 multo
1321 5548 1551 5618 justius,
1582 5548 1693 5604 Hoc
1732 5564 1825 5603 vos

257 5644 413 5711 magis
438 5643 639 5697 docere
662 5653 868 5714 oportet
898 5662 911 5698 :
938 5659 1059 5699 nam
1082 5642 1222 5713 apud
1252 5642 1537 5714 Agrippam
1565 5639 1636 5697 ita
1664 5640 1827 5695 ratio-

315 5798 332 5829 ⁶
364 5798 459 5848 Ais
484 5798 676 5861 legunt,
699 5801 836 5865 fugit,
858 5814 961 5866 pro,
986 5797 1188 5852 desistit.

3406 374 3509 434 5‘39

1932 492 2053 531 nem
2081 480 2274 534 reddit.
2305 480 2458 535 Hunc
2482 482 2749 536 imitemur
2774 495 2826 537 et
2849 500 2966 549 nos,
2996 501 3199 557 qnzesn,
3230 497 3283 545 et
3306 490 3373 543 ad
3394 505 3500 544 mn-

1929 572 2015 623 nia
2051 571 2215 625 simus
2260 574 2491 641 pericula
2533 577 2796 630 instructi.
2829 577 2895 631 Et
2925 580 3229 648 quomodo,
3263 584 3505 653 inquies,

1929 661 2019 716 ille
2049 663 2178 732 fugit
2199 665 2252 717 ¹Υ
2282 664 2394 718 Non
2426 682 2491 719 ex
2523 667 2832 733 timiditate,
2859 673 2953 724 sed
2987 686 3045 725 se
3075 674 3139 726 ad
3174 676 3505 744 praedicatio—

1929 768 2051 806 nem
2081 754 2344 808 servabat.
2374 754 2430 810 Si
2460 757 2672 811 timidus
2712 758 2927 826 fuisset,
2969 778 3077 815 non
3116 764 3504 835 Jerosolyntatn

1927 845 2178 909 venisset,
2212 862 2316 899 non
2346 848 2521 901 statim
2550 849 2844 904 doctrinam
2872 854 3220 922 suscepisset;
3250 871 3313 909 ex
3347 858 3509 911 velte-

1928 938 2126 990 mentia
2165 938 2363 1007 aliquid
2403 942 2717 996 remisisset.
2752 943 2945 998 Verum
2976 962 3079 1000 non
3112 957 3226 1002 erat
3256 950 3500 1020 timidus,

1926 1028 2019 1081 sed
2052 1029 2285 1097 prudens
2306 1071 2320 1093 ,
2353 1031 2607 1101 Stephani
2636 1035 2782 1089 crede
2807 1037 3048 1093 edoctus.
3082 1038 3201 1094 ideo
3232 1042 3359 1095 nihil
3390 1059 3490 1095 nia.

1926 1136 2085 1188 gnum
2116 1121 2333 1189 putabat
2360 1138 2479 1177 esse
2520 1140 2617 1193 pro
2646 1126 3026 1194 prtedieatione
3056 1131 3187 1183 ntori
3210 1172 3224 1195 ,
3258 1131 3355 1183 nisi
3383 1148 3503 1185 (‘lllll

1926 1225 2119 1280 magno
2145 1212 2294 1267 lucro
2322 1214 2373 1269 id
2404 1215 2552 1270 fieret
2580 1235 2593 1270 :
2620 1216 2777 1273 homo
2808 1235 2875 1273 ne
2899 1218 3171 1275 Christum
3193 1222 3407 1290 quidem
3431 1223 3504 1276 vi-

1925 1301 2054 1356 dere
2079 1304 2281 1369 volens,
2316 1321 2472 1374 quem
2503 1309 2734 1363 maxime
2756 1310 2993 1365 omnium
3019 1311 3201 1367 videre
3226 1314 3501 1382 cupiebat;

1924 1396 2171 1463 quoniam
2218 1399 2448 1452 nondum
2490 1415 2642 1454 suum
2688 1418 2810 1472 erga
2863 1403 3104 1465 homines
3149 1408 3501 1462 ministerium

1924 1486 2199 1555 impletum
2218 1502 2351 1545 erat.
2376 1491 2559 1546 Talem
2582 1504 2789 1563 oportet
2809 1511 2928 1551 esse
2944 1498 3225 1555 Christiani
3248 1505 3499 1558 animam.

1996 1582 2048 1634 4.
2082 1583 2162 1636 Ab
2201 1583 2351 1637 initio
2377 1596 2431 1639 et
2459 1586 2525 1641 ab
2553 1587 2666 1656 ipso
2695 1604 2884 1644 cursus
2928 1593 3186 1663 principio
3226 1596 3504 1655 character

1924 1670 2074 1726 Pauli
2103 1673 2471 1730 deelarabatur
2498 1696 2511 1731 :
2542 1679 2647 1731 imo
2675 1689 2729 1734 et
2766 1691 2920 1736 antea
2951 1701 2963 1735 :
2996 1700 3114 1739 nam
3146 1687 3196 1740 in
3225 1687 3289 1741 iis
3318 1691 3500 1755 etiam,

1924 1780 2043 1833 quae
2072 1781 2175 1819 non
2205 1769 2497 1823 secundum
2524 1772 2802 1826 scientiam
2834 1773 3095 1843 faciebat,
3126 1777 3358 1835 humano
3385 1799 3502 1838 mo-

1925 1863 2010 1910 tus
2037 1858 2315 1915 ratiocinio
2341 1875 2399 1914 se
2422 1863 2658 1931 gerebat.
2684 1864 2738 1919 Si
2767 1867 2907 1920 enim
2930 1880 3050 1937 post
3071 1879 3273 1931 tantum
3297 1882 3505 1944 tempus

1923 1967 2028 2005 non
2059 1955 2307 2022 cupiebat
2336 1958 2564 2025 resolvi,
2597 1963 2763 2015 multo
2791 1964 2959 2033 magis
2999 1965 3148 2020 initio
3188 1972 3504 2039 negotiatio-

1923 2043 2040 2107 nis,
2074 2060 2243 2114 nuper
2266 2062 2297 2101 e
2324 2059 2480 2117 portu
2512 2066 2780 2119 egressus.
2812 2052 2928 2108 Non
2960 2057 3118 2126 eripit
3146 2069 3323 2114 autem
3355 2062 3499 2117 illutn

1922 2138 2168 2194 Christus
2193 2157 2221 2195 a
2252 2144 2509 2210 periculo,
2541 2144 2637 2198 sed
2672 2146 2891 2202 dimittit
2920 2166 2933 2202 :
2962 2151 3081 2219 quia
3110 2152 3221 2206 vult
3248 2156 3407 2212 multa
3436 2172 3501 2214 ex

1923 2231 2152 2286 humana
2185 2234 2461 2301 prudentia
2500 2236 2636 2290 fieri.
2678 2238 2924 2308 Alioquin
2963 2242 3216 2308 dimittit,
3248 2256 3303 2300 ut
3328 2248 3502 2302 disea-

1922 2340 2041 2379 mus
2068 2326 2209 2395 ipsos
2230 2329 2389 2383 etiam
2420 2329 2665 2386 homines
2691 2330 2874 2399 fuisse,
2900 2350 3070 2404 neque
3094 2352 3306 2408 semper
3326 2344 3502 2396 omnia

1922 2419 2142 2487 gratiam
2172 2421 2401 2488 operari.
2434 2422 2545 2478 Nisi
2571 2424 2713 2478 enim
2746 2426 2847 2480 hoc
2874 2435 3034 2487 esset.
3062 2429 3200 2498 ligna
3228 2448 3347 2487 esse
3375 2437 3503 2490 sim-

1923 2509 2132 2578 pliciter
2167 2512 2452 2568 existimati
2491 2514 2732 2571 fuissent.
2775 2517 2899 2573 ldeo
2942 2521 3105 2576 multa
3148 2523 3244 2594 ipsi
3276 2526 3505 2584 admitti-

1924 2605 2181 2659 Strabant.
2210 2607 2319 2661 lloc
2346 2617 2400 2662 et
2426 2624 2524 2664 nos
2549 2610 2828 2677 faciamus,
2853 2623 2907 2667 et
2935 2614 3005 2667 ita
3031 2614 3250 2671 fratrum
3279 2623 3504 2678 salutem

1922 2700 2323 2755 curetnus.Non
2351 2712 2432 2756 est
2461 2706 2718 2775 martyrio
2741 2707 2937 2773 minus,
2970 2708 3097 2762 nihil
3124 2712 3227 2779 pati
3256 2729 3505 2772 recusare

1922 2790 1992 2845 ob
2021 2793 2305 2847 multorum
2338 2797 2599 2862 salutem;
2630 2798 2760 2851 nihil
2794 2798 2863 2852 ita
2893 2799 3058 2854 Deum
3087 2801 3337 2858 ltetilicat.
3369 2806 3506 2860 Rur-

1923 2890 2040 2929 sum
2071 2877 2238 2930 dicant
2269 2878 2351 2941 id,
2378 2880 2518 2950 quod
2549 2896 2692 2948 sarpe
2719 2882 2827 2935 dixi
2850 2900 2863 2947 ;
2889 2884 3061 2938 dicam
3081 2927 3094 2949 ,
3125 2889 3245 2956 quia
3274 2889 3323 2943 id
3354 2891 3506 2949 valde

1923 2969 2080 3037 cupio
2109 2988 2121 3024 :
2148 2971 2396 3040 quoniam
2426 2981 2481 3027 et
2503 2973 2749 3029 Christus
2777 2975 3002 3044 idipsum
3035 2977 3294 3045 faciebat,
3323 2983 3390 3037 de
3417 3000 3504 3042 re-

1924 3064 2180 3118 missione
2208 3064 2502 3119 admonens
2524 3076 2577 3129 et
2600 3067 2783 3121 dicens
2814 3088 2825 3122 :
2858 3069 3074 3135 Quando
3099 3076 3253 3127 oratis
3282 3090 3365 3129 vos
3384 3118 3398 3137 ,
3428 3095 3507 3130 re.

1925 3155 2105 3208 mittite
2131 3156 2175 3208 si
2198 3158 2321 3224 quid
2352 3168 2528 3212 contra
2564 3160 2780 3229 aliquem
2814 3162 3004 3217 habetis
3031 3165 3049 3233 (
3074 3164 3260 3220 Matth.
3292 3170 3343 3222 5.
3376 3169 3501 3240 25).

1928 3245 2155 3301 Rursum
2189 3248 2347 3304 Petro
2373 3250 2611 3320 loquens,
2636 3253 2807 3323 inquit
2831 3272 2844 3308 :
2873 3254 2990 3309 Non
3020 3256 3132 3311 dico
3157 3260 3263 3323 tibi,
3292 3260 3507 3315 Remitte

1925 3354 2084 3408 usque
2131 3342 2344 3410 septies,
2389 3345 2477 3396 sed
2518 3359 2676 3411 usque
2721 3348 3004 3416 septuagies
3051 3352 3232 3417 septies
3262 3351 3379 3423 (Id.
3416 3354 3501 3409 18.

1926 3429 2057 3503 2‘2);
2101 3448 2264 3502 reque
2306 3434 2417 3504 ipsa
2456 3436 2694 3503 dimisit,
2732 3455 2849 3508 qua:
2884 3450 3069 3495 contra
3101 3443 3271 3511 ipsum
3304 3455 3505 3515 patrata

1926 3533 2071 3580 sunt.
2098 3524 2167 3578 Ita
2192 3535 2242 3580 et
2268 3541 2365 3579 nos
2387 3527 2507 3597 quia
2536 3529 2778 3584 novimus
2802 3529 2940 3585 hunc
2967 3548 3085 3587 esse
3112 3549 3332 3605 scopum
3355 3538 3509 3592 Chri-

1927 3617 2211 3683 Stianismi,
2240 3618 2309 3672 de
2335 3618 2434 3674 hac
2462 3636 2520 3675 re
2547 3636 2759 3691 semper
2781 3623 3112 3680 disserimus.

1999 3709 2315 3765 Christianus
2357 3713 2574 3766 aliorum
2613 3716 2823 3768 salutem
2860 3733 3036 3770 curare
3072 3719 3230 3773 debet.
3259 3751 3331 3761 —
3368 3721 3505 3777 Nihil

1927 3803 2167 3874 frigidius
2193 3804 2494 3860 Christiano
2514 3847 2528 3870 ,
2558 3808 2646 3876 qui
2683 3809 2905 3863 aliorum
2938 3812 3161 3866 salutem
3193 3830 3295 3868 non
3334 3827 3504 3869 curat.

1926 3895 2043 3952 Non
2074 3908 2225 3966 poles
2252 3899 2335 3953 hic
2361 3908 2723 3968 paupertatem
2755 3903 3050 3957 obtendere
3076 3923 3089 3958 :
3114 3921 3233 3959 nam
3264 3924 3380 3975 qua:
3403 3909 3508 3961 duo

1929 3991 2129 4045 minuta
2159 3991 2371 4061 injecit,
2403 4000 2453 4046 te
2481 3994 2769 4047 accusabit.
2803 3994 2868 4047 Et
2911 3996 3098 4049 Petrus
3135 3996 3377 4063 dicebat,
3409 4001 3508 4052 Ar-

1928 4091 2128 4154 gentum
2155 4093 2199 4136 et
2227 4100 2405 4136 aurum
2429 4100 2528 4137 non
2558 4094 2628 4137 est
2657 4085 2781 4137 mihi
2806 4085 2940 4153 (Act.
2974 4088 3026 4138 5.
3058 4088 3136 4155 6).
3168 4087 3357 4141 Paulus
3384 4091 3506 4143 item

1928 4176 2063 4230 adeo
2086 4190 2285 4245 pauper
2304 4185 2437 4243 erat,
2464 4185 2520 4229 ut
2545 4191 2689 4245 Saepe
2709 4178 2955 4243 esuriret,
2983 4185 3036 4231 et
3062 4180 3363 4233 necessario
3390 4181 3510 4236 ClllO

1929 4278 2155 4322 careret.
2189 4266 2303 4321 Non
2346 4276 2498 4337 potes
2542 4266 2920 4338 ignobilitatem
2967 4268 3208 4336 proferre
3240 4287 3253 4321 :
3286 4286 3404 4323 nam
3434 4272 3507 4326 illi

1930 4358 2190 4429 ignobiles
2217 4367 2369 4413 erant
2392 4400 2405 4421 ,
2435 4375 2500 4413 ex
2529 4359 2847 4429 ignobilibus
2873 4360 2998 4414 orti.
3026 4359 3141 4415 Non
3179 4370 3330 4430 potes
3369 4378 3509 4432 pra:-

1931 4459 2112 4505 texere
2152 4461 2202 4505 te
2243 4450 2459 4505 idiotam
2496 4466 2659 4505 esse:
2696 4467 2814 4504 nam
2854 4460 2907 4505 et
2951 4452 3027 4505 illi
3069 4452 3302 4507 illiterati
3334 4463 3506 4509 erant.

1932 4542 2042 4595 Etsi
2073 4557 2258 4596 servus
2298 4543 2370 4595 sis
2394 4582 2409 4607 ,
2445 4544 2543 4597 etsi
2575 4544 2822 4611 fugitivus
2844 4584 2857 4607 ,
2892 4552 2977 4596 tua
3019 4544 3218 4612 poteris
3246 4547 3463 4615 exsequi
3493 4565 3507 4601 :

1931 4634 2191 4704 siquidem
2229 4643 2283 4688 et
2321 4634 2603 4688 Onesimus
2643 4634 2763 4688 talis
2798 4644 2932 4689 erat.
2960 4635 3064 4689 Sed
3094 4636 3213 4691 vide
3236 4680 3249 4700 ,
3277 4653 3507 4707 quonam

1933 4733 2085 4780 vocet
2114 4724 2282 4793 illum,
2312 4734 2365 4780 et
2388 4725 2453 4779 ad
2480 4742 2635 4796 quant
2668 4736 2789 4795 agat
2814 4726 3124 4795 dignitatem
3160 4746 3173 4781 :
3201 4727 3266 4782 Ut
3286 4746 3505 4782 comnm-

1931 4817 2059 4870 nicet
2087 4834 2300 4880 mecum,
2334 4818 2523 4887 inquit,
2554 4820 2607 4870 in
2636 4818 2847 4870 vinculis
2887 4819 3008 4871 meis
3038 4817 3281 4888 (Philem.
3315 4821 3366 4873 1.
3398 4821 3503 4889 10).

1931 4910 2045 4963 Νοη
2083 4918 2233 4978 potes
2276 4908 2635 4965 infirmitatem
2682 4910 2958 4977 objicere:
2995 4926 3114 4963 nam
3154 4911 3273 4963 talis
3299 4927 3510 4980 quoque

1931 5002 2243 5057 Timotheus
2268 5010 2413 5068 erat,
2439 5003 2527 5071 qui
2558 5002 2862 5071 frequenter
2894 5002 3123 5055 habebat
3149 5002 3504 5061 infirmitates.

1932 5093 2081 5159 Quod
2114 5094 2253 5147 enim
2298 5094 2541 5146 infirmus
2576 5101 2719 5145 esset
2756 5093 2876 5144 :nnli
2912 5111 2925 5146 :
2967 5091 3093 5145 Vino
3138 5094 3334 5148 modico
3374 5106 3513 5151 utere

1933 5196 2139 5252 promer
2162 5183 2478 5237 stomachum
2509 5194 2647 5235 tuum
2675 5192 2721 5235 et
2752 5186 3027 5254 frequentes
3054 5194 3166 5237 tuas
3192 5186 3513 5253 inﬁrmitates

1934 5278 2009 5349 (l.
2037 5276 2168 5331 Tim.
2194 5277 2247 5331 5.
2280 5275 2392 5342 25).
2425 5275 2607 5330 Potest
2634 5276 2995 5344 unusquisque
3020 5278 3266 5344 proximo
3292 5280 3512 5349 prodes-

1932 5384 2011 5430 se,
2045 5368 2087 5419 si
2122 5366 2248 5421 velit
2279 5382 2397 5435 qua:
2427 5381 2519 5419 sua
2549 5376 2672 5418 sunt
2700 5367 2941 5435 implere.
2982 5365 3097 5421 Non
3127 5368 3318 5425 videtis
3348 5368 3505 5425 infrno

1931 5471 2144 5513 ctuosas
2184 5460 2433 5523 arbores,
2475 5475 2630 5529 quam
2675 5459 2838 5514 firma:
2874 5460 2980 5513 sint
3004 5500 3017 5524 ,
3046 5476 3202 5529 quam
3240 5460 3506 5531 pulchraz,

1934 5570 2190 5624 praeerat,
2216 5554 2379 5609 leaves
2401 5563 2453 5608 et
2473 5554 2761 5609 sublimes?
2782 5554 2848 5607 At
2868 5554 2910 5608 si
2935 5552 3145 5607 hortum
3168 5552 3512 5619 haberemus,

1933 5797 1962 5845 ἀ
1995 5738 2017 5769 ὀ
2053 5731 2191 5792 llzcc,
2211 5738 2261 5781 Et
2284 5729 2535 5793 quomodo,
2559 5727 2763 5792 inquies,
2790 5726 2871 5777 ille
2891 5725 3030 5789 fugit,
3049 5724 3228 5774 desunt
3246 5732 3293 5773 ut
3308 5721 3519 5785 quibusv-

1966 5809 2041 5845 am

1966 5809 2041 5849 πιι
