4032 6212
447 324 550 381 163

440 442 700 496 vellemus
744 442 1147 509 maiogranata,
1191 443 1247 491 et
1288 434 1461 490 olivas
1504 431 1811 488 fructiferas
1854 430 2032 502 potius

438 550 600 606 quam
628 534 745 589 illas
764 528 963 587 habere
982 545 997 584 :
1022 520 1128 583 illa:
1148 528 1293 583 enim
1317 526 1383 580 ad
1406 524 1732 596 voluptatem
1754 532 1899 590 sunt,
1924 538 2029 578 non

439 628 504 680 ad
538 625 842 690 utilitatem,
870 630 925 675 et
950 620 995 676 si
1021 635 1124 690 qua
1160 620 1232 675 sit
1257 618 1477 686 utilitas,
1506 632 1569 673 ea
1597 631 1759 689 parva
1796 626 1900 672 est.
1930 614 2031 671 Ta-

440 717 521 773 les
543 724 667 769 sunt
693 715 748 779 ii,
776 713 868 785 qui
897 728 990 768 sua
1019 714 1191 767 solum
1218 719 1492 782 spectant;
1523 712 1630 765 imo
1654 725 1721 765 ne
1752 710 1884 765 tales
1908 709 2031 779 qui-

441 808 564 864 dem
590 848 605 872 ,
642 807 737 862 sed
765 806 831 861 ad
859 806 1120 861 ultionem
1152 805 1326 859 solum
1354 804 1484 874 apti.
1512 802 1644 858 Nam
1673 802 1777 857 illa:
1809 801 2031 857 arbores

438 900 506 954 ad
536 899 818 953 aedilicium
859 906 917 953 et
956 897 1023 951 ad
1066 911 1246 951 rerum
1277 896 1495 950 tutelam
1535 903 1674 965 aptas
1700 904 1846 948 sunt.
1874 892 2032 949 Tales

439 998 594 1046 erant
622 989 726 1044 illa:
763 991 998 1059 virgines
1016 1029 1030 1052 ,
1059 998 1221 1042 casta:
1239 1026 1254 1052 ,
1281 997 1483 1042 ornatae
1504 1027 1518 1054 ,
1541 987 1911 1052 continentes;
1936 984 2031 1041 sed

438 1083 637 1138 nemini
679 1082 877 1147 utiles,
921 1081 1041 1135 ideo
1089 1081 1497 1137 comburuntur.
1543 1079 1702 1134 Tales
1741 1087 1897 1145 sunt,
1939 1075 2029 1148 qui

440 1173 713 1229 Christum
741 1188 845 1227 non
874 1172 1133 1226 nutriunt.
1165 1170 1443 1241 Perpende
1468 1178 1645 1225 autem
1673 1170 1944 1224 nemiuem
1970 1168 2033 1223 il-

438 1267 612 1321 lorum
639 1264 706 1319 do
732 1264 970 1335 peccatis
995 1264 1107 1319 suis
1130 1264 1403 1330 accusari,
1432 1278 1540 1318 non
1564 1263 1709 1335 quod
1735 1261 2029 1319 fornicatus

437 1357 543 1421 sit,
574 1372 680 1410 non
718 1355 861 1425 quod
893 1355 1241 1425 pejeraverit,
1268 1354 1336 1410 de
1376 1355 1524 1410 nullo
1556 1364 1737 1420 certe;
1764 1354 1859 1410 sed
1887 1354 2030 1425 quod

437 1448 595 1503 alteri
622 1462 728 1502 non
754 1447 1033 1515 profuerit.
1065 1446 1209 1501 Talis
1233 1455 1351 1503 erat
1377 1446 1468 1502 ille
1485 1487 1501 1511 ,
1524 1446 1616 1517 qui
1646 1445 1904 1502 talentum
1930 1444 2030 1500 de-

438 1539 597 1607 fodit,
626 1540 952 1609 inculpatam
984 1538 1245 1594 exhibens
1271 1538 1458 1606 vitam,
1484 1539 1581 1595 sed
1614 1538 1768 1595 alteri
1798 1554 1903 1594 non
1931 1538 2031 1593 uti-

436 1632 526 1687 lis.
553 1630 836 1700 Quomodo
854 1673 871 1698 ,
898 1645 1082 1703 quaeso
1103 1672 1120 1699 ,
1146 1630 1487 1686 Christianus
1524 1631 1595 1685 sit
1629 1630 1720 1701 qui
1762 1630 1882 1686 talis
1914 1630 2030 1687 est?

437 1724 494 1780 Si
531 1722 853 1779 fermentum
894 1724 1116 1778 mixtum
1148 1721 1368 1787 farinae,
1396 1738 1503 1778 non
1540 1722 1825 1778 mutaverit
1862 1731 2030 1777 totum

440 1817 495 1872 in
521 1816 768 1872 eamdem
794 1816 1158 1871 conditionem
1179 1856 1194 1881 ,
1225 1830 1294 1871 an
1322 1814 1641 1871 fermentum
1676 1830 1802 1872 vere
1834 1814 2031 1871 fuerit?

439 1911 577 1979 Quid
603 1926 731 1966 vero
750 1952 766 1977 ,
797 1911 841 1964 si
873 1917 1200 1980 unguentum
1228 1909 1545 1965 accedentes
1573 1924 1679 1964 non
1708 1908 1877 1964 odore
1905 1924 2029 1978 per-

436 2004 672 2072 fuderit,
697 2020 767 2059 an
804 2004 857 2060 id
886 2014 1212 2075 unguentum
1245 2004 1537 2058 vocemus?
1562 2003 1641 2058 Ne
1665 2004 1886 2071 dixeris,
1913 2003 2029 2059 Non

437 2114 655 2170 possunt
679 2099 812 2153 alios
836 2098 1087 2153 inducere
1112 2116 1125 2152 :
1152 2112 1277 2152 nam
1296 2097 1341 2153 si
1363 2096 1698 2153 Christianus
1718 2095 1903 2161 fueris,
1930 2097 2031 2152 im-

438 2193 696 2264 possibile
726 2202 810 2247 est
847 2201 904 2247 ut
942 2208 1048 2246 non
1086 2191 1197 2246 ﬁat.
1235 2191 1368 2246 Nam
1398 2198 1457 2246 ut
1491 2206 1554 2246 ea
1583 2205 1702 2262 qua:
1744 2191 1798 2246 in
1842 2198 2029 2246 natura

438 2295 563 2340 sunt
600 2284 1074 2339 contradictionem
1121 2297 1225 2339 non
1269 2281 1469 2339 habent
1502 2301 1515 2337 :
1550 2283 1621 2338 ita
1657 2291 1712 2338 et
1756 2282 1870 2338 hcce
1909 2298 2029 2354 quas

443 2378 665 2432 dicimus
695 2394 708 2430 :
738 2376 791 2431 in
832 2385 1018 2430 natura
1060 2377 1203 2430 enim
1234 2375 1521 2430 Christiani
1563 2390 1653 2432 res
1692 2375 1792 2430 sita
1819 2385 1921 2431 est.
1948 2375 2029 2431 Ne

445 2469 607 2521 Deum
629 2468 951 2523 contumelia
977 2466 1197 2522 afficias.
1221 2466 1276 2523 Si
1299 2467 1518 2533 dixeris,
1546 2482 1651 2521 non
1681 2482 1835 2537 posse
1857 2468 2029 2523 solem

438 2560 637 2628 lucere,
661 2562 981 2617 contumelia
1014 2562 1163 2615 illum
1193 2559 1394 2626 afﬁcis;
1420 2561 1465 2615 si
1485 2561 1703 2627 dixeris,
1733 2578 1838 2617 non
1870 2577 2028 2631 posse

1152 318 1214 375 S.
1251 318 1527 376 JOANMS
1563 314 2039 375 CURVSQSTOMI
2080 312 2393 370 Μιεηιερ.
2420 313 2949 373 CONSTANTINOP.

3622 317 3725 371 164

2122 425 2486 483 Christianum
2523 428 2779 499 prodesse
2801 470 2818 497 ,
2852 430 3019 483 Deum
3051 427 3375 483 contumelia
3414 426 3640 482 alit-(isti
3672 440 3721 484 et

2133 518 2443 574 mendacem
2471 519 2670 576 dixisti.
2701 519 2930 575 Facilius
2953 519 3096 575 enim
3122 530 3224 586 cst,
3256 519 3421 575 solem
3451 535 3554 574 non
3584 520 3728 575 Calv-

2133 608 2313 666 facere
2353 626 2453 667 nec
2490 612 2709 679 lucere,
2758 626 2918 682 quam
2956 610 3319 667 Christianum
3360 626 3463 665 non
3508 610 3720 671 locum;

2133 703 2340 759 facilius
2369 713 2470 771 est,
2502 706 2675 760 lucem
2703 719 2823 760 esse
2853 703 3122 771 tenebras,
3150 719 3307 774 quam
3348 703 3449 758 hoc
3480 703 3614 757 fieri.
3647 701 3723 757 δε

2133 795 2278 852 dicas
2299 838 2314 863 ,
2348 812 2462 851 rem
2498 810 2617 851 esse
2663 794 3046 864 impossibilem
3083 813 3096 847 :
3130 809 3250 848 nam
3283 795 3609 848 contrarium
3639 804 3723 849 est

2135 886 2483 957 impossibile.
2525 887 2601 943 Ne
2643 887 2809 943 Deum
2840 886 3162 942 contumelia
3190 884 3412 940 afﬁcias.
3446 886 3500 940 Si
3541 896 3720 939 nostra

2134 991 2279 1037 recte
2322 995 2739 1051 componamus,
2777 980 2863 1035 illa
2900 981 3120 1034 omnino
3157 987 3348 1043 erunt,
3376 986 3428 1033 et
3453 978 3603 1048 quasi
3635 992 3725 1033 nes

2133 1076 2395 1144 quaepiam
2433 1072 2689 1128 naturalis
2731 1083 3039 1143 sequentur.
3073 1071 3189 1126 Non
3231 1081 3407 1142 potest
3437 1070 3602 1125 latere
3632 1072 3727 1126 lux

2130 1168 2421 1224 Christiani
2456 1186 2471 1223 :
2502 1183 2609 1222 non
2642 1176 2818 1237 potest
2846 1166 3102 1223 occultari
3133 1174 3239 1220 tam
3268 1165 3463 1236 fulgida
3496 1166 3722 1235 lampas.

2132 1258 2212 1315 Ne
2240 1260 2418 1330 itaque
2443 1259 2619 1330 ignavi
2648 1260 2835 1314 simus.
2859 1257 3008 1315 Sicut
3032 1258 3176 1314 enim
3202 1248 3412 1313 virtutis
3437 1257 3642 1313 lucrum
3670 1266 3727 1312 et

2131 1356 2189 1413 in
2219 1370 2319 1412 nos
2345 1364 2400 1411 et
2428 1356 2479 1410 in
2509 1370 2603 1411 eos
2622 1398 2639 1423 ,
2668 1355 2758 1425 qui
2797 1355 2884 1409 illa
2922 1356 3204 1427 iuvantur,
3239 1353 3429 1410 transit
3459 1371 3471 1407 :
3502 1351 3581 1408 sic
3607 1360 3665 1408 et
3692 1368 3727 1407 a

2133 1448 2335 1502 malitia
2365 1447 2561 1519 duplex
2597 1446 2974 1503 detrimentum
3003 1454 3058 1502 et
3094 1446 3145 1501 in
3177 1460 3275 1500 nos
3305 1453 3361 1500 et
3388 1446 3439 1499 in
3470 1459 3564 1499 eos
3584 1487 3597 1506 ,
3631 1447 3725 1515 qui

2132 1541 2421 1609 laeduntur,
2449 1541 2763 1613 pertransit.
2789 1541 2870 1598 Sit
2890 1540 3176 1612 quispiam,
3208 1540 3251 1593 si
3283 1539 3383 1602 vis,
3416 1538 3601 1601 idiota,
3632 1538 3725 1606 qui

2133 1647 2163 1688 a
2195 1635 2446 1705 quopiam
2490 1634 2765 1691 innumera
2803 1635 3038 1705 patiatur
3075 1633 3213 1688 mala
3234 1675 3247 1697 ,
3278 1646 3544 1702 nemoque
3573 1631 3725 1685 illum

2134 1726 2454 1794 ulciscatur,
2485 1726 2580 1784 sed
2623 1737 2679 1784 et
2720 1726 2976 1783 beneficia
3022 1734 3240 1797 praestet
3268 1742 3281 1779 ε
3312 1739 3415 1794 qua
3443 1723 3723 1790 doctrina,

2132 1819 2327 1889 quibus
2356 1820 2552 1889 verbis,
2579 1829 2710 1893 quot
2736 1819 3189 1876 admonitionibus
3218 1833 3322 1874 non
3349 1828 3431 1874 est
3469 1817 3571 1872 hoc
3606 1816 3726 1872 for-

2135 1912 2282 1965 tius?
2310 1927 2470 1983 quem
2510 1911 2745 1969 furorem
2775 1929 2881 1968 non
2916 1912 3258 1983 exstinguere
3282 1952 3297 1975 ,
3335 1925 3440 1965 non
3480 1910 3728 1980 mitigare

2133 2004 2349 2060 valeat?
2386 2004 2511 2061 Htec
2539 2020 2668 2076 ergo
2708 2019 2829 2060 cum
2873 2006 3136 2065 sciamus,
3165 2003 3348 2056 virtuti
3377 2000 3678 2056 haereamus
3705 2041 3724 2067 ,

2131 2112 2253 2153 cum
2285 2113 2392 2152 non
2421 2098 2692 2168 possimus
2717 2097 2823 2152 alio
2854 2096 3013 2151 modo
3042 2096 3269 2150 salutem
3300 2094 3588 2164 consequi,
3619 2093 3727 2148 nisi

2133 2189 2187 2244 in
2210 2190 2357 2246 hisce
2385 2192 2540 2245 bonis
2563 2191 2813 2260 operibus
2838 2191 2999 2245 vitam
3030 2197 3349 2258 praesentem
3374 2188 3575 2243 emensi
3604 2185 3731 2241 fue-

2132 2285 2334 2351 rimus,
2362 2293 2420 2339 ut
2460 2283 2633 2339 futura
2664 2298 3055 2355 consequamur
3083 2282 3219 2338 bona
3242 2323 3257 2346 ,
3285 2280 3453 2351 gratia
3480 2289 3537 2351 et
3568 2280 3728 2333 beni-

2133 2380 2336 2449 gnitate
2368 2379 2574 2432 Domini
2615 2378 2781 2433 nostri
2822 2378 2948 2432 Jesu
2977 2375 3174 2431 Christi
3195 2418 3208 2439 ,
3242 2375 3454 2445 quicum
3497 2373 3636 2427 Patri
3667 2382 3729 2426 et

2131 2469 2350 2540 Spiritui
2376 2480 2560 2524 sancto
2579 2471 2767 2540 gloria,
2796 2469 3101 2537 imperium,
3129 2467 3319 2534 bonor,
3344 2481 3486 2521 nunc
3505 2476 3559 2522 et
3580 2480 3731 2521 scm-

2134 2578 2248 2633 per,
2278 2572 2331 2617 ct
2358 2564 2408 2617 in
2438 2564 2633 2617 saecula
2658 2564 2997 2618 stcculorum.
3028 2563 3218 2616 Amen.

1793 2774 2140 2835 HOMILIA
2183 2775 2362 2837 ΧΧΙ.

433 2925 567 2984 Car.
613 2926 667 2982 9.
697 2940 749 2979 v.
780 2924 875 2980 26.
903 2924 1031 2980 Cum
1073 2933 1241 2979 autem
1269 2924 1478 2978 venisset
1509 2920 1705 2977 Paulus
1728 2921 1782 2975 in
1810 2920 2025 2975 Jerusa-

511 3019 607 3073 lem
632 3058 648 3083 ,
692 3016 913 3071 tentabat
936 3032 989 3070 se
1006 3018 1228 3086 jungere
1261 3014 1526 3084 discipulis
1556 3029 1575 3067 :
1605 3024 1653 3067 et
1683 3028 1852 3067 omnes
1883 3012 2027 3065 time-

510 3110 629 3162 bunt
656 3124 790 3173 eum,
832 3123 933 3161 non
963 3105 1221 3161 credentes
1255 3106 1390 3175 quod
1433 3115 1559 3159 esset
1599 3104 1899 3174 discipulus.
1930 3101 2021 3157 27.

507 3199 772 3253 Barnabas
787 3208 956 3252 autem
981 3200 1351 3269 apprehensum
1378 3197 1523 3251 illum
1549 3196 1694 3251 duxit
1720 3197 1788 3249 ad
1814 3204 2021 3266 aposto-

510 3295 606 3356 los,
631 3304 678 3346 et
699 3294 921 3347 narravit
941 3292 1044 3347 illis
1064 3293 1318 3362 quomodo
1336 3292 1388 3345 in
1405 3292 1484 3345 uia
1503 3291 1705 3345 vidisset
1730 3289 2019 3344 Dominum.

507 3388 559 3442 1.
592 3386 746 3440 Pauli
768 3386 904 3440 dicta
919 3383 1485 3440 conciliantur.—Jure
1511 3384 1599 3439 hic
1634 3383 1781 3439 dubii
1810 3397 2021 3454 quara-

437 3493 556 3534 mns
578 3521 593 3543 ,
640 3478 909 3550 quomodo
939 3478 993 3533 in
1024 3477 1263 3548 Epistola
1293 3476 1359 3531 ad
1383 3476 1596 3532 Galatas
1624 3475 1830 3531 dicatur
1861 3492 1875 3529 :
1901 3474 2021 3531 Non

437 3572 541 3624 abii
565 3570 957 3641 Jerosolymam,
983 3569 1073 3624 sed
1113 3570 1167 3623 in
1206 3569 1447 3623 Arabiam
1489 3578 1535 3622 et
1576 3566 1929 3632 Damascum;
1974 3576 2021 3622 et

438 3672 550 3733 post
572 3673 669 3715 tres
693 3678 855 3716 annos
883 3660 1087 3715 ascendi
1112 3659 1485 3730 Jerosolymam
1512 3659 1681 3713 uidere
1713 3657 1943 3723 Petrum;
1973 3666 2021 3712 et

439 3755 686 3809 neminem
725 3752 1069 3823 apostolorum
1115 3751 1218 3804 vidi
1246 3749 1390 3819 (Gal.
1422 3751 1474 3805 1.
1508 3748 1697 3818 17-19)
1725 3767 1739 3804 :
1766 3750 1851 3804 hic
1890 3763 2021 3804 vero

432 3856 616 3900 contra
640 3845 865 3907 dicatur,
890 3842 1185 3898 Ba'rnabam
1209 3842 1382 3911 ipsum
1398 3841 1614 3897 duxisse
1634 3841 1701 3895 ad
1725 3840 2015 3911 aposlo'm.

433 3938 529 3992 Vel
562 3937 661 3992 hoc
687 3937 846 4007 igitur
866 3935 977 3989 vult
997 3935 1177 3990 dicere
1212 3952 1225 3989 :
1251 3933 1365 3989 Non
1387 3933 1515 4000 abii,
1543 3944 1598 3988 ut
1628 3934 1697 3988 ibi
1722 3948 2015 3997 manerem;

429 4028 504 4085 ibi
534 4045 762 4100 namque
791 4027 941 4093 dicit,
972 4025 1094 4083 Non
1118 4027 1310 4081 adhaesi
1337 4028 1480 4080 carni
1504 4035 1550 4079 et
1569 4026 1806 4097 sanguini
1837 4023 2014 4097 (Ibid.

431 4136 481 4173 υ.
516 4121 630 4192 l6);
664 4137 836 4192 neque
856 4120 963 4175 abii
984 4120 1375 4191 Jerosolymam
1392 4119 1457 4173 ad
1476 4128 1844 4173 antecessores
1867 4132 2016 4172 meos

430 4214 707 4281 apostolos
736 4230 750 4266 :
781 4214 862 4267 vel
894 4212 999 4266 alio
1028 4210 1188 4265 modo
1216 4227 1230 4263 :
1264 4210 1385 4279 quia
1412 4208 1616 4263 insidiae
1642 4209 1745 4263 illa:
1777 4209 2016 4264 Damasci

429 4313 554 4374 post
579 4306 680 4358 iter
707 4305 758 4358 in
788 4303 1037 4357 Arabiam
1059 4302 1227 4365 fuere,
1256 4317 1319 4356 ac
1338 4300 1533 4355 deinde
1551 4301 1823 4366 ascendit,
1869 4310 2018 4371 post-

431 4408 589 4460 quam
625 4393 818 4446 isthinc
853 4392 1105 4445 redierat.
1151 4390 1269 4461 lpse
1295 4390 1451 4460 igitur
1479 4407 1583 4444 non
1622 4391 1752 4446 abiit
1779 4391 1846 4445 ad
1886 4407 2018 4462 apo-

427 4486 615 4550 stolos,
632 4484 723 4540 sed
741 4484 1016 4554 discipulis
1038 4483 1243 4540 bcererc
1264 4485 1557 4555 satagebat,
1577 4494 1760 4556 utpote
1783 4487 1869 4557 qui
1888 4502 2016 4542 non-

427 4577 553 4631 dum
580 4576 788 4642 doctor,
821 4578 914 4631 sed
944 4577 1234 4647 discipulus
1264 4589 1425 4634 esset.
1472 4578 1614 4649 Ergo
1640 4594 1746 4635 non
1778 4580 1898 4636 ideo
1923 4595 2012 4635 as-

425 4669 626 4734 cendit,
652 4679 711 4724 ut
731 4678 1097 4724 antecessores
1122 4684 1247 4725 suos
1274 4669 1481 4726 adiret:
1506 4687 1678 4742 neque
1695 4673 1836 4727 enim
1854 4673 2012 4743 quid-

426 4760 567 4831 piam
602 4763 670 4816 ab
710 4762 813 4815 illis
848 4762 1050 4816 didicit.
1108 4761 1205 4817 Vel
1235 4762 1303 4817 de
1332 4763 1432 4818 hoc
1459 4778 1685 4819 ascensu
1718 4780 1823 4820 non
1859 4766 2007 4832 dicit,

425 4854 518 4909 sed
542 4853 738 4909 omittit
764 4854 945 4919 illum;
984 4852 1119 4909 adeo
1150 4865 1207 4909 ut
1232 4869 1319 4909 res
1347 4856 1415 4909 ita
1443 4870 1500 4910 se
1527 4855 1756 4911 habeat:
1784 4857 1928 4911 Abiit
1956 4860 2006 4912 iu

421 4946 694 5008 Arabiam,
728 4946 921 5001 deinde
951 4946 1098 5001 venit
1127 4947 1438 5001 Damascum
1465 4990 1481 5014 ,
1524 4959 1705 5017 postea
1733 4949 2008 5021 Jerosoly-

426 5052 587 5102 mam,
614 5038 735 5092 hinc
757 5039 806 5093 in
836 5038 1065 5111 Syriam.
1089 5038 1185 5094 Vel
1209 5040 1253 5094 si
1276 5056 1382 5094 non
1406 5041 1473 5095 ita
1496 5050 1597 5105 est,
1621 5042 1699 5097 sic
1724 5057 1811 5097 res
1834 5057 1892 5097 se
1915 5043 2009 5098 ha-

425 5128 542 5181 buit
571 5147 583 5182 :
609 5131 863 5184 Ascendit
885 5130 1289 5203 Jerosolymam,
1327 5131 1450 5185 hinc
1470 5133 1521 5186 in
1546 5135 1858 5188 Damascum
1881 5135 2009 5189 mis-

424 5234 518 5273 sus
545 5229 647 5286 est,
673 5220 868 5277 deinde
897 5221 950 5276 in
976 5223 1203 5294 Syriam,
1235 5222 1428 5279 deinde
1452 5239 1638 5278 rursus
1665 5225 2003 5295 Damascum,

419 5322 603 5384 tiostea
635 5314 932 5369 Caesaream
957 5356 973 5381 ,
1017 5326 1070 5369 et
1102 5326 1225 5370 tunc
1257 5332 1350 5384 per
1374 5318 1775 5387 quatuordecitn
1812 5334 2002 5387 annos,

419 5406 558 5462 forte
577 5404 789 5477 quando
814 5404 1004 5460 fratres
1028 5406 1247 5461 adduxit
1270 5423 1391 5460 cum
1418 5408 1678 5463 Barnaba.
1707 5408 1804 5466 Vel
1824 5410 1867 5464 si
1896 5426 2002 5465 non

422 5500 544 5561 hoc,
572 5496 709 5551 aliud
733 5496 861 5551 dicit
889 5488 1114 5567 tempus.
1148 5496 1278 5551 Nam
1304 5498 1755 5573 historiographus
1780 5504 2001 5556 multum

416 5589 739 5661 compendio
765 5588 971 5653 studet,
1021 5600 1076 5645 et
1102 5593 1266 5645 multa
1298 5600 1531 5661 tempora
1565 5594 1825 5664 congerit.
1871 5593 2003 5649 Vide

417 5698 701 5756 quamnon
720 5685 790 5739 sit
811 5682 1144 5746 ambitiosus.
1166 5698 1338 5753 neque
1358 5695 1537 5740 narret
1552 5685 1811 5741 visionem
1835 5685 1998 5753 illam,

426 5780 521 5837 sed
546 5790 889 5840 transcurrat.
923 5780 1124 5840 Rursus
1155 5782 1231 5838 sic
1257 5782 1437 5853 incipit
1462 5791 1513 5839 ct
1543 5783 1615 5839 ait
1646 5802 1659 5838 :
1684 5782 1810 5839 Cum
1835 5795 2002 5839 autem

2132 2922 2343 2975 venisset
2374 2922 2425 2975 in
2449 2919 2755 2987 Jerusalem,
2801 2922 3021 2974 tentabat
3062 2936 3116 2975 se
3147 2921 3366 2990 jungere
3410 2919 3672 2989 discipulis
3704 2936 3725 2973 :

2128 3015 2203 3068 illi
2243 3031 2355 3068 vero
2400 3015 2637 3068 timebant
2667 3030 2797 3067 eum.
2845 3013 2912 3067 Et
2945 3012 3071 3067 hinc
3107 3026 3317 3067 rursum
3349 3011 3498 3066 Pauli
3540 3012 3726 3065 fervor

2128 3108 2449 3169 ostenditur;
2477 3124 2581 3162 non
2610 3108 2678 3162 ab
2707 3107 2933 3174 Anauia,
2960 3121 3065 3161 non
3094 3105 3161 3162 ab
3188 3105 3273 3172 iis,
3302 3105 3389 3176 qui
3423 3105 3541 3161 istic
3557 3104 3727 3159 mira-

2129 3200 2323 3256 bantur
2351 3215 2504 3260 eum.
2547 3200 2638 3253 sed
2669 3200 2829 3253 etiam
2859 3200 2927 3253 ab
2954 3199 3043 3265 iis,
3073 3213 3192 3269 qum
3222 3196 3570 3268 Jerosolymis
3598 3207 3725 3252 acta

2126 3303 2270 3349 sunt.
2304 3293 2484 3363 Neque
2525 3293 2664 3348 enim
2697 3291 2799 3347 hoc
2840 3294 3085 3348 humana:
3127 3301 3243 3348 erat
3270 3292 3710 3362 exspectationis.

2125 3388 2189 3440 Et
2215 3386 2335 3440 vide
2364 3385 2510 3439 illum
2544 3400 2648 3438 non
2679 3386 2950 3453 apostolos
2974 3384 3122 3439 adire
3150 3400 3259 3454 pne
3285 3384 3566 3447 modestia,
3615 3386 3719 3439 sed

2126 3476 2438 3548 discipulos,
2462 3485 2646 3545 utpote
2667 3476 2755 3546 qui
2776 3475 3069 3545 discipulus
3096 3482 3275 3531 esset:
3304 3474 3541 3530 nondum
3569 3472 3721 3531 enim

2125 3570 2263 3624 lidus
2313 3583 2433 3625 esse
2479 3568 2782 3639 putabatur.
2834 3567 3097 3623 Barnabas
3136 3579 3303 3623 autem
3344 3567 3724 3640 apprehensum

2123 3663 2268 3715 illum
2292 3662 2438 3715 duxit
2458 3663 2527 3715 ad
2556 3663 2813 3732 apostolus
2832 3704 2846 3729 ,
2874 3671 2922 3716 et
2959 3663 3181 3716 narravit
3207 3662 3310 3716 illis
3331 3703 3348 3729 ,
3387 3663 3639 3733 quomodo
3659 3664 3721 3716 in

2123 3756 2204 3810 via
2236 3756 2437 3812 uidisset
2468 3754 2760 3811 Dominum.
2793 3756 3063 3811 Barnabas
3094 3755 3181 3811 hic
3210 3756 3353 3811 mitis
3377 3764 3431 3810 et
3458 3772 3719 3811 mansue-

2125 3855 2211 3901 tus
2238 3846 2398 3902 homo
2426 3856 2563 3902 erat.
2595 3846 2801 3903 Nomen
2827 3856 3004 3901 autem
3035 3846 3152 3918 ejus
3180 3847 3349 3903 lilium
3384 3848 3721 3902 consolatio.

2124 3939 2206 3991 nis
2231 3938 2493 4008 signiﬁcat
2521 3938 2699 3994 :unde
2722 3947 2775 3993 et
2794 3938 2997 3993 amicus
3019 3938 3181 3993 Paulo
3203 3939 3318 3995 fuit.
3345 3938 3494 4006 Quod
3524 3948 3714 3995 autem

2123 4029 2276 4085 valde
2304 4028 2447 4083 mitis
2473 4038 2616 4084 esset
2644 4037 2699 4084 et
2732 4044 2949 4086 accessu
2982 4028 3174 4095 facilis,
3221 4040 3274 4085 et
3302 4046 3366 4085 ex
3396 4031 3517 4098 hoc,
3556 4040 3612 4086 et
3639 4047 3717 4087 ex

2122 4121 2186 4175 iis
2209 4136 2329 4191 quae
2350 4121 2488 4176 circa
2509 4120 2767 4176 Joannem
2793 4129 2909 4176 acta
2935 4131 3078 4189 sunt,
3104 4122 3287 4193 liquet.
3320 4121 3472 4177 Unde
3495 4123 3578 4175 hic
3600 4138 3717 4179 non

2122 4213 2332 4279 metuit,
2364 4211 2457 4268 sed
2483 4224 2686 4276 narrat,
2709 4212 2976 4283 quomodo
3000 4213 3055 4267 in
3080 4214 3164 4267 via
3186 4213 3378 4267 viderit
3398 4212 3715 4280 Dominum,

2120 4314 2173 4360 et
2201 4306 2340 4374 quod
2370 4305 2618 4377 loquutus
2646 4305 2714 4360 sit
2746 4305 2842 4369 illi,
2885 4320 2950 4360 ac
2975 4305 3242 4376 quomodo
3270 4306 3512 4360 Damasci
3540 4305 3717 4362 libere

2118 4396 2288 4466 egerit
2314 4398 2363 4451 in
2397 4396 2613 4451 nomine
2644 4395 2853 4451 Domini
2884 4396 3033 4451 Jesu.
3091 4396 3395 4451 Verisimile
3436 4396 3579 4450 enim
3624 4407 3717 4451 est

2118 4487 2268 4547 illum
2295 4487 2537 4542 Damasci
2558 4486 2825 4542 audivisse
2846 4486 2912 4542 de
2939 4487 3050 4540 illo.
3077 4487 3200 4542 Ideo
3227 4488 3343 4543 lure
3366 4486 3431 4541 ad
3455 4488 3539 4542 illa
3570 4502 3716 4557 prae-

2118 4589 2343 4651 parant,
2397 4579 2522 4633 dum
2556 4579 2645 4634 ille
2673 4578 2925 4648 operibus
2968 4578 3108 4633 dicta
3157 4580 3458 4633 confirmat.
3489 4577 3579 4632 9.8.
3641 4579 3715 4631 Et

2116 4688 2222 4731 erat
2244 4694 2355 4729 cum
2383 4675 2487 4729 illis
2516 4677 2710 4728 intrans
2738 4684 2782 4727 et
2804 4674 2974 4727 exiens
3002 4675 3053 4726 in
3073 4672 3381 4738 Jerusalem,
3414 4682 3459 4727 et
3486 4672 3714 4741 ﬁducia-

2115 4771 2233 4825 liter
2275 4786 2428 4839 agens
2467 4768 2518 4820 in
2553 4768 2752 4820 nomine
2776 4766 2922 4822 Jesu.
2950 4766 3041 4821 ‘29.
3074 4764 3393 4832 Loquebatar
3430 4781 3629 4835 quoque
3661 4776 3714 4819 et

2114 4864 2401 4934 disputabat
2457 4880 2569 4917 cum
2629 4861 2839 4917 ercis.
2900 4862 3033 4930 Quia
3095 4861 3340 4930 discipuli
3391 4860 3717 4915 metuebant

2114 4957 2295 5020 illum,
2341 4955 2569 5025 apostoli
2601 4970 2728 5010 vero
2757 4969 2861 5008 non
2890 4955 2963 5008 illi
3006 4953 3346 5008 confidebant
3378 4970 3392 5006 :
3428 4951 3547 5005 ideo
3578 4950 3711 5005 hinc

2112 5051 2325 5106 illorum
2349 5059 2546 5103 metum
2565 5049 2743 5103 solvit.
2766 5046 3103 5118 Loquebutur,
3130 5047 3318 5116 inquit,
3340 5055 3389 5100 et
3409 5044 3710 5114 disputabat

2111 5159 2224 5196 cum
2247 5140 2459 5197 Graecis.
2493 5141 2585 5195 llic
2610 5141 2827 5196 Graecos
2854 5149 3010 5195 vocat
3038 5153 3151 5205 eos,
3185 5139 3274 5208 qui
3300 5138 3485 5193 Grmce
3515 5137 3705 5204 loque-

2111 5233 2340 5288 bantur:
2369 5241 2423 5287 et
2441 5232 2542 5299 hoc
2561 5232 2846 5288 admodum
2875 5231 3163 5302 sapienter.
3190 5230 3266 5284 llli
3293 5229 3435 5284 enim
3462 5227 3549 5281 alii
3593 5226 3695 5282 Ile.

2109 5326 2236 5381 brtci
2262 5340 2327 5381 ne
2356 5325 2537 5379 videre
2563 5325 2776 5395 quidem
2803 5324 2950 5378 illutn
2975 5324 3243 5379 volebant.
3269 5322 3357 5377 Illi
3380 5332 3546 5375 autem
3566 5337 3715 5390 qum—

2108 5417 2281 5470 vebant
2306 5417 2531 5470 occidere
2575 5433 2707 5470 eum.
2740 5414 3103 5471 Vehementia:
3132 5430 3197 5469 ac
3246 5413 3495 5484 perfecta:
3522 5412 3693 5466 victo.

2107 5508 2201 5563 ria:
2233 5507 2332 5562 hoc
2360 5508 2569 5579 signum
2616 5515 2752 5575 erat,
2802 5516 2857 5563 et
2883 5506 3024 5578 quod
3055 5507 3128 5560 illi
3160 5506 3258 5560 hac
3287 5506 3353 5559 de
3381 5520 3438 5559 re
3468 5504 3699 5558 multum

2106 5601 2371 5656 dolerent.
2403 5600 2490 5656 50.
2528 5600 2678 5667 Quod
2708 5616 2823 5653 cum
2851 5600 3196 5670 cognovissent
3227 5602 3431 5671 fratres,
3463 5597 3701 5650 deduxe-

2106 5704 2349 5747 runteum
2369 5692 2669 5748 Cmaream.
2700 5693 2819 5748 Prae
2847 5694 3037 5748 timore
3065 5693 3163 5746 hoc
3185 5692 3383 5746 fat-Iunt
3406 5709 3419 5745 :
3445 5690 3698 5743 timentes

2107 5784 2249 5839 enim
2275 5800 2339 5840 nc
2361 5783 2591 5856 idipsum
2612 5783 2901 5854 accideret,
2928 5784 3069 5855 quod
3100 5782 3395 5854 Stephano,
3421 5780 3696 5836 deducunt
