3972 6212
566 276 668 331 965

559 388 678 450 πῶς
711 385 771 440 ού
801 385 974 440 πάντα
1005 387 1190 457 χάριτι
1219 385 1427 453 γίνεται
1452 429 1466 450 ,
1497 385 1631 439 ἀλλὰ
1666 384 1938 455 συγχωρεί
1967 381 2162 441 αὐτοὺς
2193 377 2222 428 0

557 475 693 537 Θεὸς
709 475 802 529 καί
819 475 995 544 οἰκεία
1019 474 1183 543 σοφία
1209 476 1511 544 οἰκονομεῖν
1533 473 1703 526 πολλὰ
1725 475 1818 525 καὶ
1843 469 2217 541 ἀνθρωπίνως.

559 562 623 615 Εἰ
651 563 760 633 γὰρ
787 564 874 614 ἐπ’
907 560 1070 613 αὐτοῦ
1103 559 1262 613 τοῦτο
1299 561 1519 629 γέγονε,
1560 560 1744 629 πολλῷ
1781 558 1980 629 μᾶλλον
2009 557 2094 609 ἐπ’
2125 556 2224 608 αὐ·

557 649 687 702 τῶνο
721 651 996 718 Συγχωρεῖ
1023 648 1204 700 τοίνυν
1230 688 1243 709 ,
1284 650 1369 701 ἵνα
1405 648 1513 701 τῶν
1538 647 1800 718 ῥᾳθύμων
1825 645 1920 715 τὴν
1952 645 2223 714 πρόφασιν

559 738 789 808 ἐκκόψῃο
803 741 870 791 Αἰ
881 735 1122 806 μὲνοῦν
1137 738 1486 802 Ἐκκλησίαι
1516 737 1642 791 καθ’
1658 736 1806 802 ὅλης
1817 734 1926 802 τῆς
1941 733 2214 797 Ἰουδαίας

557 826 656 880 καὶ
685 829 1009 894 Σαμαρείας
1031 823 1196 894 εἶχον
1216 827 1487 893 εἰρήνην,
1511 821 2104 892 οὶκοδομούμεναικαί
2119 834 2223 874 πο-

551 917 864 982 ρευόμεναι
888 914 967 980 τῷ
988 917 1149 984 φόϐῳ
1178 915 1418 982 Κυρίου,
1458 915 1554 966 καὶ
1588 911 1658 980 τῇ
1684 909 2062 980 παρακλήσει
2116 907 2222 961 τοῦ

557 1003 728 1071 ἁγίου
754 1003 1535 1071 Πνεύματοςέπληθύνοντο.
1560 1001 1757 1054 Μέλλει
1774 1000 2116 1072 περὶΠέτρου
2137 997 2223 1049 λέο

557 1091 802 1157 γειν,ικαὶ
820 1093 903 1143 ὅτι
925 1091 1056 1160 πρὸς
1078 1091 1202 1153 τοὺς
1233 1091 1422 1158 ἁγίους
1452 1083 1922 1142 κάτεισιν.”1νόῦν
1953 1087 2028 1158 μὴ
2055 1086 2220 1156 φόϐου

555 1177 712 1230 τοῦτο
740 1177 932 1247 νομίσῃ
961 1195 1067 1240 τις,
1101 1178 1362 1248 πρότερον
1385 1177 1459 1239 ὼς
1483 1173 1626 1246 εἶχον
1647 1177 1700 1229 αἱ
1717 1171 2244 1245 Ἐκκλησίαιδιηγεῖ-

553 1283 665 1330 ται,
690 1266 920 1329 δεικνὺς,
945 1267 1028 1319 ὅτι
1053 1266 1287 1334 διωγμὸς
1311 1267 1398 1318 ὅτε
1422 1261 1509 1336 ἦν,
1527 1267 1584 1317 ἐν
1615 1264 2008 1337 Ἰεροσολύμοις
2027 1258 2116 1334 ἦν’
2133 1263 2219 1315 ὅτε

555 1356 610 1410 δὲ
624 1355 896 1426 πανταχοῦ
925 1357 982 1407 ὲν
1011 1356 1281 1426 ἀσφαλείᾳ
1315 1356 1381 1408 τὰ
1406 1359 1501 1426 τῆς
1528 1354 1868 1424 Ἐκκλησίας,
1887 1353 2006 1405 τότε
2035 1352 2220 1404 λοιπον

555 1446 649 1498 καὶ
674 1447 741 1497 τά
777 1445 1123 1516 Ἱεροσόλυμα
1153 1445 1376 1514 ἀφίησιν
1408 1460 1423 1474 ·
1456 1442 1628 1506 οὕτως
1652 1438 1718 1513 ἦν
1745 1442 1942 1512 θερμὸς
1967 1440 2100 1510 ὁμοῦ
2127 1440 2219 1494 καὶ

555 1532 802 1603 σφοδρός.
843 1532 917 1584 Ού
953 1533 1059 1601 γάρ
1094 1531 1280 1601 ἐπειδὴ
1320 1533 1508 1601 εἰρήνη
1538 1527 1624 1601 ἦν.
1657 1527 1874 1597 ἐνόμιζε
1904 1528 2069 1598 μηδὲν
2110 1527 2218 1579 δεῖ·

554 1619 678 1671 σθαι
723 1619 822 1688 τῆς
871 1619 1036 1672 αὐτοῦ
1093 1619 1413 1690 παρουσίας.
1457 1619 1567 1671 Καὶ
1598 1616 1688 1670 διὰ
1719 1617 1809 1676 τί,
1846 1616 1978 1685 φησί
2005 1657 2018 1673 ,
2061 1613 2218 1666 τοῦτο

553 1709 715 1770 ποιεῖ,
746 1709 839 1758 καὶ
869 1705 1082 1776 ἔρχεται
1116 1708 1337 1776 εἰρήνης
1366 1705 1530 1776 οῦσης
1554 1747 1568 1768 ,
1611 1704 1704 1756 καὶ
1744 1705 1879 1772 μετά
1917 1703 1979 1754 τὸ
2004 1700 2216 1754 Παῦλον

552 1794 834 1858 ἀπελθεῖν;
862 1795 982 1847 Ὀτι
1013 1795 1208 1855 αὐτοὺς
1235 1793 1457 1864 ᾐδοῦντο
1487 1793 1721 1862 μάλιστα
1752 1804 1800 1852 ε,
1838 1789 1932 1842 ἆτε
1959 1789 2216 1850 πολλάκις

552 1883 958 1952 παραστάντας,
1007 1884 1098 1934 καὶ
1157 1883 1260 1934 ὑπὸ
1315 1881 1408 1934 τοῦ
1466 1880 1702 1952 πλήθους
1763 1879 2214 1949 θαυμασθέντας’

551 1971 756 2023 ἐκείνου
789 1971 845 2023 δὲ
876 1971 1256 2042 κατεφρόνουν,
1289 1971 1382 2023 καί
1414 1970 1613 2041 μᾶλλον
1647 1969 1781 2038 πρὸς
1806 1967 1965 2022 αὐτὸν
1998 1966 2215 2037 ἠγρίαι-

551 2075 661 2110 νον.

623 2143 688 2215 β’.
725 2140 898 2209 Εἶδες,
919 2145 1035 2209 πῶς
1061 2147 1250 2216 εἰρήνη
1285 2145 1373 2198 10v
1409 2145 1642 2214 πόλεμον
1670 2143 1980 2212 ὲκδέχεται;
2015 2139 2213 2211 μᾶλλον

553 2233 634 2294 δὲ,
668 2227 825 2296 εἶδες,
848 2233 900 2285 τί
923 2233 1178 2304 εποίησεν
1198 2234 1226 2286 0
1253 2233 1485 2302 πόλεμος
1515 2233 1719 2294 ἐκεῖνος
1743 2247 1757 2295 ;
1787 2231 2070 2300 Διέσπειρε
2088 2228 2214 2291 τοὺς

547 2321 646 2391 τὴν
672 2322 894 2391 εἰρήνην
921 2321 1224 2383 ποιοῦντας.
1265 2320 1387 2374 Ἐπὶ
1409 2321 1506 2390 τῆς
1527 2319 1838 2389 Σαμαρείας
1866 2315 2212 2388 κατῃσχύνθη

548 2410 576 2460 0
602 2407 782 2476 Σίμων
807 2423 821 2437 ·
841 2409 932 2459 ἐπὶ
959 2411 1058 2478 τῆς
1091 2407 1350 2470 Ἰουδαίας
1372 2407 1439 2458 τά
1463 2407 1600 2458 κατά
1627 2406 1944 2476 Σάπφειραν
1971 2405 2210 2472 γέγονεν.

549 2493 628 2547 ὒύ
657 2492 854 2556 τοίνυν,
882 2493 1005 2545 ἐπεὶ
1033 2495 1225 2563 εἰρήνη
1241 2489 1329 2562 ἦν,
1359 2492 1690 2562 ἐκλελυμένα
1709 2492 1777 2544 τά
1802 2492 2103 2562 πράγματα
2122 2485 2211 2560 ἦν,

549 2579 685 2633 ἀλλὰ
711 2579 933 2650 τοιαύτη
967 2575 1033 2649 ἦν
1063 2582 1096 2649 ἡ
1133 2581 1320 2649 εἰρήνη
1344 2620 1358 2642 ,
1399 2579 1473 2641 ὼς
1516 2579 1608 2631 κα)⁸
1661 2580 2056 2649 παρακλήσεως
2109 2578 2215 2630 δεῖ·

551 2667 693 2720 σθαι.
721 2666 988 2736 Ἐγένετο
1025 2667 1113 2730 δὲ,
1147 2665 1370 2734 Πέτρον
1403 2666 1784 2735 διερχόμενον
1813 2665 1912 2719 διὰ
1936 2665 2175 2718 πάντων
2196 2705 2211 2730 ,

547 2754 859 2808 κατελθεῖν
889 2754 984 2806 καί
1018 2754 1166 2821 πρὸς
1194 2753 1334 2820 τοὺς
1359 2755 1566 2822 ἁγίους
1605 2753 1745 2819 τοὺς
1786 2739 2213 2818 κατοικοῦντας

547 2839 808 2894 Λύδδαν.
845 2840 1110 2909 Καθάπερ
1156 2858 1238 2902 τις
1293 2841 1594 2912 στρατηγὸς
1643 2841 1856 2912 περιῄει
1898 2839 1997 2902 τὰς
2033 2839 2214 2904 τάξεις

547 2929 883 2988 ἐπισκοπῶν,
916 2933 1065 2982 ποῖον
1087 2929 1172 2998 εἴη
1202 2928 1713 3000 συγκεκροτημένον
1756 2928 1942 3000 μέρος,
1973 2930 2120 2981 ποῖον
2155 2929 2213 2980 ὲν

547 3018 755 3088 κόσμῳ,
789 3020 936 3070 ποῖον
965 3018 1061 3088 τῆς
1091 3017 1252 3070 αὑτοῦ
1287 3018 1457 3069 δέοιτο
1480 3018 1804 3086 παρουσίας.
1832 3018 1974 3087 Ὅρα
2007 3033 2211 3068 παντα-

547 3104 642 3175 χοῦ
670 3105 829 3158 αὑτὸν
861 3107 1265 3177 περιτρέχοντα,
1298 3107 1389 3157 καὶ
1417 3106 1630 3173 πρῶτον
1663 3104 2064 3175 εὑρισκόμενον.
2085 3105 2212 3158 Ὅτε

546 3192 763 3246 ἑλέσθαι
787 3193 890 3247 ἔδει
925 3194 1013 3245 τὸν
1065 3192 1411 3254 Ἀπόστολον,
1439 3186 1593 3254 οὗτος
1627 3192 1841 3258 πρῶτος
1873 3207 1886 3220 ’
1919 3193 2007 3244 ὅτε
2039 3192 2213 3244 διαλε-

546 3280 740 3350 χθῆναι
776 3283 887 3344 τοῖς
924 3281 1194 3343 Ἰουδαίοις
1241 3281 1367 3351 περὶ
1396 3280 1486 3332 τοῦ
1524 3281 1597 3351 μή
1641 3277 1895 3348 μεθύειν,
1930 3279 2018 3330 ὅτε
2053 3279 2212 3348 θερα-

545 3367 744 3420 πεῦσαι
797 3369 888 3420 τὸν
934 3368 1138 3438 χωλὸν,
1188 3369 1274 3420 ὅτε
1323 3366 1739 3438 δημηγορῆσαι,
1771 3358 1927 3428 οὗτος
1963 3366 2068 3436 πρὸ
2101 3366 2209 3418 τῶν

545 3454 719 3508 ἄλλων
752 3455 898 3508 ἐστίν
937 3472 948 3483 ⁸
982 3457 1070 3507 ὅτε
1102 3455 1234 3524 πρὸς
1263 3457 1387 3519 τοὺς
1430 3457 1695 3524 ἄρχοντας
1715 3497 1728 3519 ,
1757 3450 1928 3518 οὗτοςο
1959 3456 2047 3507 ὅτε
2075 3456 2209 3526 πρὸς

558 3543 925 3604 Ἀνανίαν,δτε
952 3543 1164 3613 ἀπὸτῆς
1179 3544 1334 3605 σκιάς
1350 3543 1518 3604 ἰάσεις
1540 3542 1798 3610 ἐγίνοντο,
1817 3536 1970 3604 οὗτος
1993 3539 2080 3613 ἦν.
2102 3544 2210 3596 Καὶ

544 3629 672 3682 ἔνθα
708 3630 807 3700 μὲν
830 3630 857 3669 ι)
887 3625 956 3700 ἦν
994 3631 1254 3692 κίνδυνος,
1281 3627 1452 3695 οὗτος,
1481 3630 1573 3683 καὶ
1593 3629 1720 3682 ἔνθα
1749 3631 2048 3701 οἰκονομία’
2081 3631 2210 3684 ἔνθα

543 3715 600 3767 δὲ
629 3715 870 3785 γαλήνης
896 3714 966 3766 τά
995 3714 1297 3785 πράγματα
1338 3717 1520 3786 γέμει,
1550 3721 1702 3788 κοινῇ
1737 3719 1954 3780 πάντεςο
1991 3717 2162 3778 οῦτως
2181 3725 2203 3754 ο

542 3805 643 3857 οὐκ
674 3805 870 3874 ἀπῄτει
891 3805 1056 3874 τιμὴν
1102 3804 1343 3874 μείζονα.
1391 3806 1558 3860 Πάλιν
1589 3809 1678 3861 ὅτε
1727 3807 2208 3878 θαυματουργῆσαι

541 3891 668 3955 ἔδει,
701 3891 862 3950 αὐτὸς
899 3893 1150 3963 προπηδᾷ
1173 3909 1186 3922 ·
1207 3893 1300 3945 καὶ
1331 3893 1562 3947 ἐνταῦθα
1589 3895 1748 3949 πάλιν
1781 3889 1937 3958 οὗτος
1967 3897 2120 3947 πονεῖ
2140 3893 2206 3946 δι’

542 3978 758 4042 ἑαυτοῦ,
784 3983 875 4033 καὶ
902 3981 1188 4052 ὁδοιπορεῖ.
1223 3979 1376 4050 Εὗρε
1391 3983 1458 4036 δὲ
1477 3983 1604 4038 ἐκεῖ
1625 3984 1939 4051 ἄνθρωπόν
1959 3999 2091 4036 τινα
2112 3984 2208 4036 Αἰ-

541 4065 691 4120 νέαν
714 4068 976 4136 ὀνόματι,
1000 4069 1068 4134 ἐξ
1091 4070 1242 4122 ἐτῶν
1271 4069 1422 4124 ὀκτὼ
1452 4072 1879 4139 κατακείμενον
1899 4070 1996 4122 ἐπὶ
2031 4071 2206 4136 κραϐ-

542 4155 744 4220 ὅάτου,
767 4155 835 4222 ὃς
865 4153 943 4228 ἦν
966 4160 1459 4228 παραλελυμένος
1487 4175 1500 4190 ο
1536 4159 1632 4212 καί
1655 4155 1824 4212 εἶπεν
1846 4156 2003 4221 αύτῷ
2031 4161 2063 4209 ό
2095 4156 2205 4209 Πέ-

539 4259 678 4311 τρος
710 4261 722 4272 ·
754 4247 952 4309 Αἰνέα,
975 4245 1131 4298 ἰᾶταί
1153 4262 1227 4299 σε
1254 4247 1490 4313 Ἰησοῦς
1515 4249 1547 4300 ὀ
1571 4248 1824 4314 Χριστός
1851 4263 1864 4276 ⁸
1887 4243 2201 4312 ἀνάστηθι,

539 4331 636 4382 καὶ
675 4330 953 4398 στρῶσον
986 4333 1238 4396 σεαυτῷ.
1298 4334 1404 4386 Καὶ
1441 4331 1656 4398 εὐθέως
1685 4333 1929 4398 ἀνέστη.
1972 4334 2080 4385 Καὶ
2117 4333 2204 4386 διὰ.

538 4417 591 4468 τί
626 4418 698 4486 μὴ
725 4419 970 4487 ἀνέμεινε
1003 4421 1101 4488 τήν
1135 4420 1316 4472 πίστιν
1343 4419 1436 4472 τοῦ
1475 4419 1699 4490 ἀνδρὸς,
1745 4420 1879 4491 μηδὲ
1918 4420 2203 4492 ἠρώτησεν

539 4507 586 4554 εἰ
631 4504 871 4572 βούλοιτο
903 4505 1344 4574 θεραπευθῆναι;
1390 4506 1638 4559 Μάλιστα
1678 4507 1774 4576 μὲν
1812 4502 1904 4560 οῦν
1948 4509 2202 4578 καὶπρὸς

537 4592 746 4644 πολλῶν
780 4593 1123 4664 παράκλησιν
1157 4594 1370 4662 ἐγένετο
1397 4594 1456 4646 10
1489 4593 1691 4664 θαῦμα.
1728 4596 1921 4648 Ἀκουε
1953 4595 2083 4665 γοῦν
2109 4596 2203 4650 καὶ

536 4679 596 4730 τὸ
630 4679 817 4750 κέρδος
848 4681 970 4733 ὅσον
998 4696 1012 4708 ⁸
1045 4682 1239 4748 ἐπάγει
1272 4683 1381 4752 γάρ
1417 4682 1589 4749 λέγων
1613 4698 1626 4710 ·
1662 4683 1769 4736 Καὶ
1789 4677 1953 4736 εἶδον
1979 4683 2201 4751 πάντες

536 4771 588 4820 οἱ
615 4768 1034 4833 κατοικοῦντες
1054 4769 1295 4822 Λύδδαν
1316 4770 1539 4825 καὶτὸν
1573 4770 1952 4839 Ἀσσὰρωνα,
1984 4772 2201 4838 οἵτινες

535 4855 918 4924 ἐπέστρεψαν
970 4858 1067 4909 ἐπὶ
1115 4859 1222 4911 τὸν
1270 4860 1508 4926 Κύριον.
1557 4859 1752 4923 Καλῶς
1793 4860 1966 4923 οὕτως
2004 4858 2196 4914 εἶπεν

535 4941 804 5012 ἐπίσημος
832 4946 941 5016 γάρ
964 4941 1030 5017 ἦν
1050 4948 1077 4999 0
1104 4947 1260 5017 ἀνήρ·
1282 4948 1400 5001 ὅθεν
1419 4948 1510 5001 καὶ
1532 4947 1751 5018 ἔλεγχον
1772 4948 1952 5002 δίδωσι
1976 4951 2069 5002 τοῦ
2103 4967 2198 5021 ση-

537 5030 712 5098 μείου,
732 5031 792 5083 10
816 5029 944 5104 ἆραι
971 5035 1059 5088 τὸν
1081 5035 1408 5108 κράὸὄατον.
1436 5035 1676 5108 [171]ού
1703 5035 1810 5108 γάρ
1830 5036 1893 5107 δὴ
1911 5036 2017 5090 τῶν
2037 5054 2200 5108 νοση-

537 5117 721 5186 μάτων
759 5121 1096 5192 ἀπήλλαττον
1128 5125 1308 5195 μόνον,
1332 5125 1466 5179 ἀλλά
1501 5125 1640 5197 μετά
1662 5124 1762 5195 τῆς
1791 5124 1975 5193 ὑγείας
2007 5128 2198 5197 παρεῖ-

535 5220 628 5273 χον
654 5203 734 5256 ἔτι
764 5209 855 5259 καί
886 5210 1058 5280 ἰσχύν.
1087 5213 1293 5276 Ἀλλως
1309 5214 1471 5268 δὲκαὶ
1497 5215 1616 5268 τότε
1643 5213 1795 5268 οῦπω
1820 5209 1959 5286 ἦσαν
1984 5214 2196 5285 τεκμή-

536 5308 626 5360 ρια
656 5291 754 5362 τῆς
782 5293 988 5359 οἰκείας
1032 5301 1401 5371 παρασχόντες
1441 5303 1741 5374 δυνάμεως,
1787 5301 1926 5356 ὥστε
1974 5302 2197 5365 εἰκότως

533 5380 633 5432 οὐκ
658 5381 919 5454 ἀπῃτεῖτο
950 5385 1048 5454 τὴν
1079 5388 1259 5440 πίστιν
1293 5391 1321 5441 0
1351 5390 1508 5461 ἀνὴρ,
1541 5391 1726 5461 ἐπειδὴ
1752 5391 1868 5444 οὐδὲ
1901 5390 1990 5443 τὸν
2026 5390 2194 5460 χωλὸν

533 5468 840 5541 ἀπῄτησαν.
889 5474 1154 5544 Καθάπερ
1187 5471 1278 5528 οὖν
1306 5479 1333 5529 0
1367 5478 1598 5548 Χριστὸς
1626 5480 1925 5550 ἀρχόμενος
1951 5478 2060 5530 τῶν
2101 5497 2195 5549 ση-

536 5563 703 5633 μείων
728 5563 829 5616 ούκ
855 5562 1050 5635 ἀπῄτει
1080 5564 1262 5618 πίστιν
1285 5605 1299 5629 ,
1325 5563 1496 5628 οὕτως
1533 5567 1652 5618 οὐδὲ
1695 5561 1862 5621 οὗτοι.
1904 5567 1990 5620 Ἑν
2025 5567 2192 5636 Ἰερο-

595 5698 615 5718 ⁸
645 5689 778 5754 υΑῐιιις
801 5688 1635 5754 ςοό.παρουο·ίας.’ΛπῆλθεΠαῦλος,
1655 5692 1736 5738 καὶ
1762 5692 1918 5753 εἰρήνη
1945 5689 2027 5754 ἦν·
2052 5689 2168 5754 πόλι

532 5764 619 5815 μρς
645 5751 820 5815 οὐκέτι.
856 5753 966 5801 οὐδὲ
989 5751 1188 5815 ταραχή.
1235 5754 1412 5805 Αὐτοὺς
1454 5753 1650 5815 ᾐδοῦντο
1695 5751 1914 5815 μάλιστα.
1984 5751 2009 5788 ιι
2058 5751 2191 5815 Idem

533 5811 668 5867 οὗτος
699 5814 774 5871 ἠν.
812 5816 908 5879 Καὶ,
924 5818 1023 5871 θέα,
1050 5811 1154 5879 ἔνθα
1179 5819 1290 5879 μένη
1347 5811 1504 5866 ‘Sic'e
1531 5815 1672 5865 codd.
1697 5811 1772 5864 ἐἰ
1813 5815 1962 5864 Savil.
1985 5814 2192 5864 restitu-

538 5879 642 5923 tum
689 5880 794 5924 loco
837 5878 1018 5935 vulgati
1060 5876 1209 5938 οὗτος.
1259 5878 1391 5930 Eon.
1993 5899 2000 5905 ε

1383 271 1442 328 S.
1477 270 1762 325 JOANNIS
1798 265 2273 324 ειιιιϊεοδτδλιι
2313 263 2632 321 ΑῐιῦίιιΕΡ.
2679 266 2948 323 CONSTA

1655 270 1762 324 ΝΙὸ
1798 265 2273 324 ειιιιϊεοετδλιι
2313 263 2632 321 ΑῐιῦίιιΕΡ.
2679 266 3222 326 CONSTANTINUP.

2329 377 2583 450 σολύμοις
2635 382 2734 451 μὲν
2779 383 2888 454 γὰρ
2934 384 3159 447 εἰκότως
3198 389 3233 455 ή
3279 387 3462 450 πίστις
3504 386 3668 441 αὐτῶν
3712 408 3747 442 π

2325 467 2620 540 ἀπῃτεῖτο’
2647 470 2771 523 ὅθεν
2820 472 2914 525 καὶ
2955 473 3045 525 διὰ
3089 473 3289 536 πίστιν,
3335 477 3447 528 ὅσοι
3483 477 3747 547 συνείχοντ

2326 557 2516 619 νείαις,
2546 561 2666 621 ταῖς
2691 559 2831 622 ὁδοῖς
2857 560 3172 624 ὲξετίθεντο,
3207 561 3313 624 ἵνα,
3346 563 3628 633 ἐρχομένου
3656 566 3715 634 δή
3741 569 3748 618 1

2326 643 2430 696 κᾶν
2462 647 2494 713 ἡ
2535 645 2662 698 σκιά
2695 647 2992 718 ἐπισκιάσῃ
3023 648 3130 700 τινὶ
3169 649 3368 704 αὐτῶν.
3416 651 3588 704 Πολλὰ
3631 653 3732 722 γὰρ

2325 733 2441 784 ἐκεῖ
2468 736 2692 802 σημεῖα,
2726 734 2957 788 ἐνταῦθα
2987 735 3042 787 δὲ
3074 735 3230 788 τοῦτο
3266 737 3482 807 πρῶτον
3505 741 3748 810 συμεαίνε

2329 819 2425 887 μὲν
2450 820 2556 891 γὰρ
2587 821 2695 873 τῶν
2729 821 2971 891 σημείων
3003 823 3142 892 ὑπὲρ
3173 822 3267 875 τοῦ
3297 826 3423 889 τοὺς
3461 826 3646 891 ἄλλους
3671 831 3748 881 ὲπι

2327 907 2449 959 σθαι
2473 909 2714 976 ἐγίνετο,
2751 912 2819 963 τά
2847 910 2901 962 δὲ
2943 911 3085 980 ὑπὲρ
3113 912 3210 982 τῆς
3242 911 3352 965 τῶν
3401 915 3748 969 πιστευόντων

2326 995 2588 1065 κλήσεως.
2616 997 2716 1050 Ἐν
2756 999 2955 1066 Ἰόππῃ
2985 997 3051 1050 δέ
3074 1015 3164 1064 τις
3191 995 3270 1069 ἦν
3293 999 3582 1069 μαθήτρια
3606 1003 3749 1072 όνόμ

2327 1083 2492 1148 ΰηθὰ,
2530 1081 2568 1150 ἢ
2619 1083 3119 1153 διερμηνευομένη
3167 1085 3402 1155 λέγεται
3429 1089 3669 1156 Δορκάς.
3711 1097 3750 1146 Α

2323 1167 2561 1236 πλήρης
2581 1169 2817 1238 ἀγαθῶν
2848 1171 3037 1240 ἔργων
3077 1172 3177 1224 καί
3202 1173 3626 1243 ἐλεημοσυνῶν
3653 1174 3734 1232 ὧν

2336 1255 2604 1324 Ἐγένετο
2633 1255 2701 1309 δὲ
2725 1257 2796 1310 ἐν
2820 1259 2948 1324 ταῖς
2985 1259 3230 1327 ἡμέραις
3253 1262 3516 1326 ἐκείναις
3543 1265 3749 1320 ἁσθενι

2321 1342 2518 1410 αὐτὴν
2535 1344 2882 1398 ἀποθανεῖν.
2923 1349 3270 1414 Λούσαντες
3307 1348 3374 1402 δὲ
3401 1351 3619 1417 αὐτὴν,
3653 1355 3750 1423 ἔθη

2320 1429 2584 1498 ὑπερῴῳ.
2617 1431 2827 1501 Ἐγγύς
2857 1431 2925 1485 δὲ
2949 1435 3142 1500 οὔσης
3165 1435 3401 1502 Λύδδης
3429 1437 3503 1506 τῇ
3538 1440 3750 1509 Ἰόππῃ,

2321 1519 2490 1586 θηταί
2533 1519 2927 1585 ἀκούσαντες,
2957 1521 3043 1574 ὅτι
3088 1525 3310 1592 Πέτρος
3349 1526 3520 1579 ἐστὶν
3546 1529 3615 1581 ἐν
3640 1533 3746 1584 αὐτ

2319 1603 2604 1659 ἐστειλαν
2645 1605 2752 1660 δύο
2785 1607 3014 1676 ἄνδρας
3058 1613 3549 1682 παρακαλοῦντες
3583 1617 3667 1685 μὴ
3716 1622 3745 1671 ὁ

2319 1692 2578 1747 διελθεῖν
2621 1694 2732 1760 ἔως
2771 1695 2989 1750 αὐτῶν.
3042 1699 3140 1750 Διά
3175 1699 3227 1752 τί
3266 1703 3615 1772 περιέμειναν
3652 1709 3750 1760 ἀπο

2317 1779 2406 1832 διὰ
2448 1781 2500 1832 τί
2545 1781 2620 1852 μὴ
2677 1782 2875 1852 ἐσκύλη
2933 1784 3138 1855 Πέτρος
3183 1788 3274 1840 καὶ
3321 1790 3426 1861 πρὸ
3473 1793 3693 1862 τούτου;
3735 1799 3749 1847 ἠ

2318 1867 2547 1936 ἡγοῦντο
2578 1869 2761 1922 λοιπὸν
2801 1871 3213 1940 φιλοσοφοῦντες
3251 1876 3391 1947 ὑπὲρ
3423 1878 3531 1932 τῶν
3569 1884 3750 1936 τοιούτα

2321 1955 2564 2026 μαθητὰς
2619 1958 2906 2024 σκύλλειν,
2963 1960 3190 2014 καὶτοῦ
3231 1965 3580 2036 κηρύγματος
3639 1989 3744 2044 παρ

2317 2043 2439 2097 ἐπεὶ
2471 2046 2563 2098 καὶ
2587 2045 2673 2098 διὰ
2704 2046 2861 2100 τοῦτο
2887 2047 3055 2114 λέγει,
3101 2050 3182 2102 ὅτι
3216 2061 3238 2089 ε
3265 2053 3431 2119 ἐγγὺς
3465 2051 3553 2126 ἦν,
3587 2043 3723 2111 ῶστέ

2316 2131 2397 2183 ὅτι
2427 2132 2484 2182 ἐν
2515 2131 2665 2195 τάξει
2697 2134 2971 2203 παρέργου
2995 2135 3153 2188 τοῦτο
3183 2137 3344 2207 ᾔτουν
3387 2141 3685 2215 (μαθήτρια
3723 2164 3752 2214 γ

2316 2220 2738 2290 προηγουμένως
2758 2221 2814 2273 δὲ
2843 2222 2943 2274 οὐκ
2970 2221 3070 2276 ἔτι.
3091 2225 3381 2292 Ἀναστὰς
3406 2227 3474 2280 δὲ
3505 2231 3722 2299 Πέτρος
3743 2256 3752 2286 ι

2316 2307 2421 2359 θεν
2465 2306 2687 2373 αὐτοῖς.
2746 2310 2854 2361 ’ον
2901 2313 3381 2380 παραγενόμενον
3424 2316 3728 2387 ἀνήγαγον

2315 2393 2605 2462 ὑπερῷον.
2639 2395 2712 2448 Οὐ
2763 2398 3191 2465 παρακαλοῦσιν,
3246 2401 3362 2454 ἀλλ’
3394 2403 3540 2474 αύτῷ
3590 2409 3747 2480 ἑπιτρ

2317 2483 2383 2534 ἵν’
2407 2482 2467 2547 ἐξ
2495 2483 2687 2536 ἑαυτοῦ
2714 2482 2812 2554 τὴν
2837 2483 2982 2554 ζωὴν
3011 2486 3145 2558 αὐτῇ
3174 2489 3488 2559 χαρίσηται.
3521 2493 3707 2557 Οὕτως
3742 2500 3752 2549 ἐ

2315 2569 2612 2640 πληροῦται
2631 2571 2712 2637 10,
2732 2572 3147 2640 Ἐλεημοσύνη
3174 2577 3378 2642 ῥύεται
3401 2579 3468 2632 ἐκ
3493 2582 3752 2637 θανάτου

2317 2657 2720 2726 περιέστησαν
2749 2659 2935 2713 αὑτὸν
2964 2659 3154 2715 πᾶσαι
3188 2664 3247 2715 αἰ
3286 2663 3464 2732 χ’ἦραι
3495 2670 3751 2723 κλαίουσ

2316 2743 2799 2814 ἐπιδεικνύμεναι
2832 2745 3083 2814 χιτῶνας
3112 2750 3209 2802 καὶ
3236 2751 3451 2819 ἱμάτια,
3483 2753 3599 2808 ὅσα
3638 2757 3748 2811 ἑπο

2316 2831 2513 2886 αὐτῶν
2537 2833 2696 2888 οὖσα
2754 2834 2790 2901 ἡ
2831 2835 3075 2903 Δορκάς.
3114 2838 3281 2892 Ἔνθα
3342 2840 3631 2911 προῦκειτο
3684 2859 3751 2898 τε¹

2313 2925 2405 2977 10v
2434 2925 2641 2996 Πέτρον
2666 2925 2964 2993 ἀνάγουσι,
2998 2930 3137 2996 τάχα
3178 2929 3411 2998 οἰόμενοι
3474 2933 3612 3004 πρὸς
3657 2937 3748 3003 φιλ

2315 3011 2462 3082 αὐτῷ
2487 3029 2538 3064 τι
2570 3012 2905 3083 χαρίζεσθαι.
2937 3009 3106 3075 Εἶδες,
3141 3016 3279 3085 πόση
3311 3017 3549 3083 ἐπίδοσις
3579 3022 3752 3090 γέγονε

2316 3099 2500 3162 ἁπλῶς
2521 3099 2575 3152 δὲ
2596 3100 2914 3171 πρόσκειται
2943 3101 3004 3154 10
3054 3101 3221 3172 ὄνομα
3267 3103 3368 3173 τῆς
3415 3108 3694 3174 γυναικὸς.
3740 3114 3754 3164 έ

2319 3187 2610 3257 μάθωμεν,
2646 3187 2728 3241 ὅτι
2762 3186 3081 3258 φερώνυμος
3107 3185 3195 3260 ἦν,
3258 3191 3428 3256 οὓτως
3487 3194 3754 3268 ἐγρηγορι

2313 3280 2575 3347 νήφουσα,
2610 3275 2797 3347 ὥσπερ
2827 3276 3045 3348 δορκάς.
3097 3279 3272 3333 Πολλά
3333 3281 3441 3353 γὰρ
3486 3286 3581 3337 καὶ
3620 3289 3754 3340 οἰκοκ

2313 3365 2552 3435 ὀνόματα
2604 3364 2834 3428 τίθεται,
2887 3365 2963 3429 ὡς
3011 3366 3272 3432 πολλάκις
3328 3369 3464 3440 πρὸς
3514 3372 3659 3442 ὑμᾶς
3727 3394 3751 3428 ε

2314 3453 2576 3520 Πλήρης,
2613 3453 2796 3524 φησὶν,
2830 3449 2909 3524 ἦν
2932 3454 3169 3523 ἀγαθῶν
3188 3457 3377 3525 ἔργων
3413 3459 3512 3512 καί
3549 3461 3754 3530 έλεημι

2311 3540 2398 3597 ὧν
2443 3544 2650 3597 ἐποίει.
2699 3543 2856 3611 Μέγα
2911 3543 3012 3612 τῆς
3048 3545 3302 3612 γυναικὸς
3351 3547 3413 3600 τὸ
3461 3548 3754 3620 ἐγκώμιον,

2312 3632 2600 3703 ἀμφότερα
2628 3629 2802 3695 οὕτως
2830 3633 3024 3695 ἐποίει,
3053 3631 3128 3694 ὡς
3179 3634 3506 3705 ἀμφοτέρων
3559 3633 3703 3691 εἰναι

2315 3719 2584 3790 ρωμένην.
2619 3719 2786 3787 Δῆλον
2813 3719 3002 3785 δὲ,·ὃτι
3048 3719 3262 3790 πρῶτον
3301 3722 3544 3786 ἐκείνων,
3577 3727 3671 3778 καὶ
3699 3728 3754 3779 τό

2311 3825 2403 3860 του
2457 3808 2752 3878 ἐποιήσατο
2803 3806 3138 3876 ἐπιμέλειαν.
3177 3807 3327 3861 Ὅσα
3378 3810 3589 3877 ἐποίει,
3639 3832 3753 3884 φησ

2310 3895 2508 3950 αὐτῶν
2535 3897 2573 3962 ἠ
2601 3895 2824 3963 Δορκὰς
2853 3891 3031 3950 οὖσα.
3069 3895 3242 3967 Πολλὴ
3276 3899 3308 3968 ή
3347 3904 3750 3970 ταπεινοφροσύ

2311 3985 2419 4056 γάρ
2453 3983 2642 4054 ῶσπερ
2671 3985 2853 4053 ἡμεῖς,
2885 3982 3021 4035 ἀλλὰ
3050 3987 3200 4055 κοινῇ
3226 3986 3425 4049 πάντες
3461 3983 3626 4058 ἦσαν,
3666 3993 3754 4044 πολ

2310 4071 2677 4142 ὲλεημοσύνης
2747 4070 3055 4139 ποιούμενοι
3123 4071 3297 4140 λόγον.
3356 4074 3466 4127 Καὶ
3525 4077 3754 4132 ἐκϐαλά

2311 4159 2538 4226 πάντας
2563 4163 2594 4213 ό
2627 4158 2864 4228 Πέτρος,
2897 4159 3020 4224 θεὶς
3048 4159 3120 4212 τὰ
3150 4164 3374 4229 γόνατα
3415 4168 3754 4233 προσηύξαι

2307 4247 2674 4317 ἐπιστρέψας
2701 4247 2848 4314 πρὸς
2881 4247 2946 4300 τὸ
2971 4245 3141 4316 σῶμα
3164 4244 3295 4302 εἷπε
3317 4267 3332 4282 ο
3363 4250 3619 4318 Ταϐηθὰ,
3657 4256 3753 4308 ἀνι

2321 4335 2389 4389 Ἢ
2408 4333 2475 4386 δὲ
2502 4333 2708 4402 ἤνοιξε
2729 4333 2870 4398 τοὺς
2892 4334 3234 4403 ὀφθαλμοὺς
3256 4335 3463 4406 αὐτῆς,
3492 4341 3591 4392 καί
3628 4341 3754 4393 ἰδοῦ

2307 4421 2531 4491 Πέτρον
2549 4421 2884 4475 ἀνεκάθισε.
2922 4421 3068 4493 [179]
3103 4423 3168 4475 Τί
3208 4424 3405 4495 δήποτε
3452 4426 3664 4490 πάντας
3694 4429 3754 4480 έκ

2307 4509 2470 4562 Ὥστε
2501 4509 2575 4579 μὴ
2603 4508 2936 4578 συγχυθῆναι
2975 4513 3086 4572 τοῖς
3142 4511 3390 4581 δάκρυσι,
3425 4515 3561 4584 μηδὲ
3614 4516 3754 4568 διατε

2304 4615 2414 4653 ναι.
2438 4597 2544 4651 Καὶ
2570 4596 2691 4662 θεὶς
2720 4595 2792 4648 τὰ
2819 4599 3041 4666 γόνατα
3092 4600 3494 4666 προσηύξατο.
3547 4603 3722 4654 Τοῦτο

2307 4683 2709 4753 ἐπιτεταμένης
2771 4684 2937 4754 εὐχῆς
2981 4683 3026 4739 ί.
3085 4686 3191 4738 Καὶ
3243 4687 3569 4754 κρατήσας,
3633 4691 3754 4760 φησ

2305 4772 2521 4842 χειρός.
2565 4770 2829 4823 Ἐνταῦθα
2857 4771 3096 4823 δείκνυσι
3128 4775 3266 4826 κατά
3292 4775 3458 4844 μέρος
3503 4777 3605 4837 τὴν
3656 4775 3754 4838 ζωὶ

2303 4861 2401 4931 τὴν
2434 4859 2662 4929 δύναμιν
2693 4859 3074 4928 εἰσαγομένην,
3106 4859 3206 4928 τὴν
3245 4861 3341 4929 μὲν
3403 4861 3491 4915 διά
3550 4863 3647 4914 τοῦ
3708 4866 3754 4932 ρι

2301 4949 2398 5020 τήν
2421 4949 2476 5002 δὲ
2501 4949 2588 5001 διά
2610 4949 2710 5017 τῆς
2731 4950 2931 5018 χειρός.
2965 4949 3116 5013 Δοὺς
3135 4949 3202 5001 δὲ
3225 4949 3377 5018 αὐτῇ
3401 4951 3591 5019 χεῖρα,
3627 4953 3754 5006 ἀνέι

2302 5037 2512 5104 αὑτήν.
2546 5037 2650 5091 Καὶ
2676 5036 2963 5105 φωνήσας
3011 5036 3154 5102 τοὺς
3190 5037 3398 5106 ἁγίους
3453 5039 3553 5092 καί
3601 5041 3712 5105 τὰς

2302 5126 2686 5195 παρέστησεν
2711 5123 2906 5191 αὐτὴν
2937 5122 3163 5184 ζῶσαν·
3195 5128 3303 5187 τοῖς
3333 5127 3431 5195 μὲν
3472 5129 3553 5190 εἰς
3598 5130 3751 5199 παρά

2299 5217 2380 5268 ὅτι
2422 5231 2481 5266 τε
2517 5212 2786 5266 ἀπέλαϐον
2825 5212 2928 5282 τὴν
2973 5211 3225 5282 ἀδελφὴν,
3277 5214 3371 5266 καί
3419 5215 3504 5266 ὅτι
3552 5214 3743 5286 θαῦμα

2299 5306 2418 5365 ταῖς
2443 5301 2498 5354 δὲ
2527 5301 2604 5363 εἰς
2636 5299 2986 5370 προστασίαν.
3010 5300 3297 5354 Γνωστὸν
3323 5301 3392 5353 δὲ
3409 5301 3650 5370 ἐγένετο
3668 5321 3754 5355 κα.

2298 5390 2408 5456 τῆς
2448 5389 2704 5453 Ἰόππης,
2733 5387 2828 5439 καί
2858 5387 3072 5440 πολλοί
3126 5388 3500 5443 ἐπίστευσαν
3553 5391 3657 5443 ἐπὶ
3703 5409 3753 5443 τι

2289 5496 2446 5546 ριον.
2503 5475 2763 5544 Ἐγένετο
2815 5475 2883 5527 δὲ
2927 5475 3152 5543 ἡμέρας
3209 5476 3417 5544 ἱκανὰς
3453 5478 3656 5548 μεῖναι
3685 5483 3753 5532 αἱ

2309 5567 2508 5633 Ἰόππῃ
2543 5562 2702 5631 παρά
2730 5580 2842 5615 τινι
2873 5563 3088 5631 Σίμωνι
3109 5565 3356 5633 βυρσεῖ.

2359 5694 2386 5732 d
2435 5693 2600 5740 Morel.
2653 5687 2916 5758 συμϐαίνει.
2967 5689 3093 5758 unus
3124 5686 3390 5758 ἐπιϐαίνει..
3442 5693 3465 5720 ε
3501 5691 3594 5740 Hic
3629 5706 3754 5740 unus

2297 5755 2503 5802 Mhilu-L
2548 5757 2594 5798 in
2639 5755 2843 5814 “ruga
2887 5754 3066 5814 in_$itu
3093 5763 3261 5814 meum
3297 5754 3580 5810 varietates,
3621 5769 3746 5814 quas

2296 5816 2650 5876 longiuscssel.
2681 5813 2739 5876 ιιι
2761 5810 2860 5876 ιιιω
2890 5811 3003 5858 nihil
3021 5811 3204 5876 seriem
3236 5814 3445 5876 turbant.
3522 5814 3540 5852 ί
3572 5810 3750 5874 Οιὶιίιιιι

2294 5872 2481 5938 ηύξᾶτο.
2507 5876 2637 5938 ’Ὅρα
2669 5874 2752 5929 τήν
2781 5872 3112 5936 ἐπιτεταμένην
3137 5874 3296 5936 εὐχήν.
