3972 6212
229 255 310 313 {.13
1103 247 1165 300 IN
1242 242 1422 298 ACTA
1464 239 1990 296 APOSTOLORUM.
2031 241 2264 298 IIOMIL.
2305 245 2448 300 XXt.

224 373 481 424 CPSJFCilm.
507 362 568 416 Et
590 363 820 415 miserunt
844 359 1076 415 Tarsum.
1096 360 1206 415 Etsi
1223 371 1438 432 propter
1455 359 1721 427 timorem,

224 467 392 518 mittunt
419 470 601 520 tamen,
640 465 693 509 ut
730 453 1000 523 praedicet,
1032 463 1087 508 et
1113 453 1162 506 in
1189 462 1302 507 tuto
1327 453 1416 518 sit,
1457 460 1644 521 utpote
1670 451 1723 506 in

225 555 350 623 patria
367 566 468 604 sua.
502 548 623 604 Vide
641 558 835 612 autem,
863 544 1132 617 quomodo
1153 561 1260 599 non
1281 546 1457 600 omnia
1486 561 1582 614 per
1605 561 1726 614 gra-

222 659 313 697 tum
338 642 462 706 ﬁant,
488 639 576 694 sed
607 639 870 709 permittat
906 639 1065 700 Deus,
1096 648 1154 692 ut
1183 637 1346 692 multa
1371 654 1438 692 ex
1467 639 1724 707 sapientia

219 753 286 789 sua
308 748 351 789 et
374 739 580 786 humano
619 748 764 787 more
792 733 1121 800 diSpensent.
1151 731 1206 787 Si
1228 741 1403 786 autem
1428 731 1480 784 in
1512 733 1626 800 ipso
1650 732 1723 785 fa-

217 841 322 882 ctum
343 838 409 880 est
431 827 541 890 hoc,
573 825 736 880 multo
764 827 934 895 magis
959 826 1012 880 in
1043 826 1167 879 illis.
1199 826 1463 880 Permittit
1489 840 1638 894 ergo,
1669 835 1724 880 ut

219 927 462 986 ignavorum
488 922 758 974 obtentum
773 921 1000 974 auferat.
1024 920 1111 974 5|.
1149 917 1391 974 Ecclesia:
1415 920 1614 989 quidem
1635 939 1724 987 per

219 1025 328 1064 tum
349 1009 558 1063 Indicant
587 1022 632 1062 et
663 1009 954 1065 Samariam
977 1027 1152 1081 pacem
1183 1011 1449 1073 habebant.
1479 1022 1524 1065 et
1552 1013 1718 1079 tediﬁ-

216 1105 417 1164 rebantur,
454 1102 681 1166 ibanlque
707 1104 759 1154 in
789 1103 967 1157 timore
1000 1102 1240 1167 Domini,
1291 1115 1337 1156 et
1385 1105 1722 1158 consolatione

215 1195 382 1260 Spiritus
406 1195 555 1245 sancti
582 1195 926 1262 replebantur.
961 1194 1206 1250 Dicturus
1236 1205 1319 1251 est
1347 1196 1415 1250 de
1446 1197 1584 1250 Petri
1613 1199 1720 1250 dis-

211 1305 321 1341 cessa
345 1289 397 1339 ad
423 1297 644 1342 sanctos.
682 1288 758 1342 Ne
796 1290 916 1358 quis
960 1305 1087 1358 ergo
1126 1299 1334 1360 putaret
1379 1291 1428 1345 id
1467 1307 1530 1345 ex
1577 1303 1719 1347 metu

213 1382 483 1447 provenisse.
531 1381 703 1448 primo
748 1390 931 1435 narrat
969 1392 1026 1435 ut
1068 1397 1125 1437 se
1156 1382 1414 1436 haberent
1447 1385 1715 1450 Ecclesiae;

210 1472 429 1527 ostendens
453 1473 618 1542 ipsum
648 1473 1078 1542 persequutionis
1107 1483 1344 1544 tempore
1371 1475 1719 1546 .lerosolynne

210 1567 405 1618 misisse
427 1583 438 1617 :
459 1581 574 1618 cum
605 1575 788 1620 autem
819 1567 871 1618 in
905 1574 1017 1620 tuto
1042 1576 1196 1621 erant
1217 1567 1412 1638 ubique
1441 1569 1714 1633 Ecclesiae.

211 1669 296 1711 tunc
315 1657 681 1729 Jernsolymam
710 1659 1024 1727 reliquisse;
1057 1660 1191 1716 adeo
1221 1660 1436 1717 fervens
1463 1674 1517 1718 et
1541 1664 1720 1718 alacer

209 1760 300 1800 erat.
320 1749 416 1801 Non
441 1751 575 1803 enim
603 1751 733 1819 quia
766 1766 866 1819 pax
894 1760 1028 1815 erat,
1063 1752 1277 1821 putabat
1306 1770 1412 1808 non
1439 1771 1574 1824 opus
1597 1771 1718 1811 esse

210 1855 274 1892 suo
291 1841 503 1895 adventu.
533 1841 599 1895 Et
632 1856 756 1908 cur,
786 1841 1016 1910 inquies,
1049 1843 1098 1898 id
1124 1843 1270 1909 facit,
1292 1847 1542 1916 venitque
1575 1851 1716 1915 pacis

211 1941 400 1998 teut-ore,
423 1943 471 1985 et
497 1922 782 2002 p0stqttani
811 1933 1007 1988 Paulus
1029 1935 1267 1990 abierat?
1295 1938 1427 2003 Quia
1456 1940 1574 1992 illos
1598 1956 1714 1993 ma-

210 2022 304 2075 xime
331 2023 706 2098 venerabantur
735 2025 776 2090 ¹,
821 2034 1004 2092 utpote
1042 2027 1129 2095 qui
1169 2043 1312 2096 saepe
1339 2030 1620 2098 adessent,
1663 2041 1718 2086 et

206 2115 452 2168 multitudini
480 2115 796 2182 mirabiles;
831 2118 977 2172 illum
1007 2135 1133 2175 vero
1158 2125 1573 2178 contemnebant
1599 2166 1614 2190 ,
1662 2136 1716 2181 et

207 2205 242 2258 ia
261 2223 346 2262 eum
373 2211 528 2280 magis
558 2212 1050 2281 exasperabuntur.

249 2299 287 2352 2.
309 2299 465 2355 Petrus
503 2305 654 2373 quasi
703 2310 811 2358 dua:
843 2306 1090 2360 circuibat
1129 2309 1350 2364 ordines.
1377 2341 1448 2351 —-
1475 2309 1714 2367 Vidistin’

204 2392 398 2450 quomodo
424 2409 518 2462 pax
550 2395 757 2450 bellum
787 2406 1008 2466 sequuta
1039 2399 1151 2452 sit?
1186 2400 1300 2454 imo
1328 2402 1558 2457 vidistin’
1588 2404 1714 2472 quid

204 2480 329 2536 βατὴ
355 2485 536 2540 bellum
565 2487 740 2541 illud?
786 2489 1042 2555 DiSpersit
1079 2491 1324 2558 pacificos
1361 2494 1496 2548 illos.
1532 2495 1586 2549 In
1617 2496 1714 2551 Sa-

204 2577 312 2626 uaria
338 2578 522 2644 pudore
537 2579 655 2633 suli‘
652 2594 783 2633 usus
804 2591 885 2634 est
907 2581 1089 2636 Simon
1108 2598 1126 2636 ε
1158 2584 1208 2637 in
1234 2583 1416 2639 Iudaea
1438 2586 1714 2657 Sapphira:

202 2681 303 2720 asas
324 2670 518 2723 accidit.
549 2670 674 2725 Non
710 2688 838 2742 ergo
879 2673 1001 2742 quia
1042 2689 1138 2742 pax
1183 2686 1330 2742 erat,
1359 2679 1597 2733 remissa:
1626 2694 1712 2735 res

200 2769 328 2821 emt;
349 2760 433 2815 sed
464 2763 584 2817 talis
613 2774 739 2817 erat
773 2779 901 2833 pax,
933 2780 1052 2834 qua:
1093 2768 1455 2822 consolatione
1492 2770 1713 2827 haberet

199 2864 304 2914 opus.
326 2850 401 2905 δί.
428 2851 640 2906 Factum
675 2865 745 2906 est
769 2866 956 2917 autem,
985 2866 1039 2908 ut
1075 2855 1278 2921 Petrus,
1307 2859 1428 2912 dum
1452 2871 1710 2929 pertrans-

197 2939 260 2989 ινα
298 2942 524 2996 universos
549 2984 565 3008 ,
611 2944 873 2997 deueniret
912 2946 979 2998 ad
1019 2956 1216 3001 sanctos
1236 2989 1251 3010 ,
1295 2950 1380 3018 qui
1423 2949 1711 3006 habitabant

196 3028 354 3099 um.
381 3035 530 3102 Quasi
577 3037 698 3090 dux
747 3037 1038 3103 circuibat,
1075 3040 1292 3096 ordines
1331 3044 1707 3112 considerans,

195 3138 278 3185 qua
317 3141 420 3194 pars
457 3140 602 3184 esset
642 3129 978 3194 coadunata,
1019 3148 1137 3202 qua:
1176 3144 1397 3202 ornata,
1446 3151 1566 3205 quae
1614 3152 1711 3193 sua

194 3221 406 3282 pmsentia
433 3231 638 3292 egeret.
682 3222 816 3278 Vide
855 3224 1000 3278 illum
1048 3227 1243 3296 ubique
1281 3228 1709 3285 circumcursan-

195 3319 296 3372 tetn,
320 3322 366 3366 et
390 3317 611 3382 primum
659 3317 954 3371 inventum.
992 3317 1086 3373 Ubi
1123 3319 1397 3388 eligendus
1439 3331 1554 3378 erat
1591 3338 1713 3393 apo-

192 3404 341 3471 stolus,
368 3407 442 3462 hic
469 3411 689 3478 primus
715 3408 846 3474 fuit;
875 3425 993 3464 cum
1034 3410 1314 3466 dicendum
1360 3424 1474 3468 erat
1512 3414 1711 3470 Judaeis

192 3509 264 3549 ιιιιιι
299 3515 399 3555 esse
436 3504 614 3558 ebrios
669 3504 974 3571 apostolos,
1026 3519 1144 3559 cum
1186 3505 1405 3560 claudus
1443 3507 1711 3562 sanandus

188 3585 278 3647 fuit.
296 3595 481 3662 quando
505 3595 946 3651 concionandum
965 3605 1079 3650 erat
1098 3639 1112 3662 ,
1137 3597 1222 3652 hic
1248 3607 1373 3653 ante
1400 3599 1533 3654 alios
1559 3608 1706 3666 erat;

186 3685 343 3746 modo
364 3687 619 3756 agendum
664 3702 784 3742 cum
817 3688 1080 3756 praefectis
1103 3730 1117 3753 ,
1156 3690 1369 3759 quando
1406 3707 1526 3745 cum
1563 3692 1706 3745 Ana-

188 3775 391 3839 uis,cum
414 3794 481 3834 es
513 3781 716 3834 umbra
757 3780 1062 3835 sanationes
1105 3780 1310 3835 fierent.
1357 3781 1458 3837 Ubi
1497 3784 1708 3853 pericu-

187 3862 260 3915 Ιιπι
293 3878 394 3933 cst,
443 3871 529 3926 hic
569 3872 772 3932 adest,
821 3880 876 3925 et
931 3871 1014 3926 ubi
1060 3872 1302 3941 quzrdam
1351 3874 1709 3942 dispensanda

183 3968 298 4012 sunt:
326 3962 402 4018 ubi
429 3979 556 4019 vero
585 3963 899 4033 tranquilla:
926 3978 1014 4018 res
1038 3974 1162 4018 sunt
1182 4005 1196 4025 .
1227 3965 1277 4017 in
1307 3967 1573 4018 communi
1596 3981 1713 4019 om-

182 4053 418 4114 nes;sdeo
448 4071 556 4110 non
599 4056 813 4124 appetit
854 4056 1107 4124 majorem
1155 4054 1434 4110 honorem.
1478 4055 1708 4110 Rursum

182 4157 266 4196 eam
303 4148 543 4202 miracula
600 4147 769 4203 edere
805 4148 1103 4217 oportebat,
1151 4147 1239 4202 ille
1280 4147 1586 4217 prosilichat
1612 4165 1626 4201 :
1657 4159 1712 4202 et

181 4232 239 4287 hic
258 4238 422 4292 iterum
454 4241 570 4309 ipse
601 4255 704 4309 per
729 4255 788 4294 se
817 4239 1024 4293 laborat
1043 4280 1056 4301 ,
1087 4249 1140 4294 et
1170 4239 1268 4294 iter
1291 4239 1416 4308 agit.
1446 4240 1534 4294 55.
1559 4239 1712 4293 Inve-

182 4327 389 4380 ntsutm
412 4332 477 4383 ibi
507 4330 770 4384 hominem
811 4331 1077 4399 quemdam
1113 4331 1314 4385 nomine
1347 4329 1600 4396 1Eneam,
1648 4331 1711 4384 ab

177 4419 284 4471 nuis
303 4432 404 4474 octo
420 4426 686 4492 jacentem
709 4423 762 4477 in
789 4423 999 4493 grabato
1022 4465 1037 4489 ,
1078 4427 1164 4494 qui
1205 4433 1309 4477 erat
1351 4425 1662 4495 paralyticus
1692 4439 1711 4478 :

178 4505 241 4558 ὃὸ.
261 4523 298 4561 et
319 4514 382 4564 ait
405 4515 481 4566 illi
515 4513 709 4568 Petrus
736 4529 755 4567 :
786 4514 979 4580 lEnea,
1012 4523 1159 4568 sanat
1190 4524 1236 4568 te
1260 4512 1298 4567 J
1301 4531 1413 4568 esus
1439 4513 1666 4568 Christus
1692 4531 1710 4567 :

173 4613 315 4667 urge.
347 4615 390 4655 et
424 4615 598 4658 sterne
646 4605 750 4658 tibi.
796 4603 863 4658 Et
901 4607 1071 4660 statim
1115 4606 1353 4660 surrexit.
1383 4605 1451 4660 Et
1479 4621 1576 4661 cur
1606 4623 1709 4660 non

175 4695 457 4756 exspectavit
498 4697 601 4750 viri
644 4695 799 4751 ﬁdem
825 4737 839 4761 ,
887 4713 987 4752 nec
1030 4699 1376 4767 interrogavit
1420 4714 1487 4752 an
1536 4699 1709 4752 curari

175 4783 335 4836 vellet?
357 4785 493 4842 Sane
522 4790 650 4858 quia
673 4790 740 4843 ad
763 4792 1045 4844 multorum
1069 4792 1488 4845 consolationem
1516 4791 1712 4847 factum

175 4882 236 4923 est
259 4877 580 4933 miraculum.
624 4879 805 4950 Itaque
846 4881 970 4934 audi
1015 4892 1268 4951 quantum
1307 4883 1513 4936 lucrum
1546 4900 1560 4936 :
1589 4884 1716 4936 sub-

171 4961 307 5034 ilngit
331 4971 467 5023 enim
499 4971 693 5026 dicens
717 4991 729 5026 :
760 4973 847 5027 55.
877 4973 942 5026 Et
968 4973 1195 5026 viderunt
1224 4990 1394 5027 omnes
1413 5014 1428 5037 ,
1455 4975 1541 5044 qui
1567 4974 1714 5028 babi-

177 5057 308 5112 tzbaat
332 5061 527 5133 lgdda:
545 5075 595 5118 ct
626 5066 864 5120 Assaroni
888 5107 903 5131 ,
933 5069 1017 5138 qui
1039 5067 1264 5121 conversi
1285 5077 1400 5121 sunt
1431 5068 1499 5120 ad
1536 5066 1715 5120 Domi-

176 5164 280 5205 ειη.
297 5153 432 5211 Bene
455 5159 538 5212 sic
559 5157 692 5211 dixit
719 5178 732 5213 :
757 5159 977 5229 insignis
996 5159 1137 5214 enim
1159 5167 1274 5214 erat
1292 5159 1371 5212 vir
1391 5173 1406 5223 ;
1429 5172 1716 5228 argumen-

176 5249 357 5312 ιιωιιιιο
384 5247 474 5301 dat
505 5249 686 5318 signi,
717 5250 858 5320 quod
887 5250 1036 5304 tollat
1061 5251 1360 5319 grabatum.
1395 5247 1510 5304 Non
1543 5249 1714 5304 solum

175 5347 282 5387 ηιιιι
304 5352 331 5389 s
356 5341 564 5394 morbis
598 5340 993 5408 liberaverunt,
1023 5341 1118 5396 sed
1147 5342 1308 5396 etiam
1339 5356 1460 5396 cum
1492 5343 1718 5398 sanitate

176 5435 284 5478 ures
307 5429 696 5496 paestiterunt.
741 5432 986 5502 Alioquin
1022 5442 1198 5487 autem
1241 5431 1476 5486 nondum
1512 5432 1721 5486 virtutis

177 5525 258 5566 ωε
279 5520 420 5588 signa
445 5520 746 5588 dederant;
781 5525 852 5578 ita
896 5532 952 5576 ut
989 5524 1178 5579 merito
1214 5539 1320 5577 non
1362 5522 1665 5592 exigeretur
1689 5536 1721 5574 a

224 5611 232 5632 '
264 5614 383 5658 Cum
398 5610 522 5662 Cod.
566 5612 770 5663 habet...
815 5626 904 5664 suo
925 5614 1153 5663 adventu.
1177 5610 1368 5665 Abierat
1396 5606 1569 5661 Paulus
1591 5615 1724 5661 crat-

178 5673 386 5780 ῗ.
409 5687 501 5784 uice
517 5674 633 5734 jam
651 5675 819 5727 bellum
842 5683 924 5727 aut
947 5674 1168 5727 turbatio.
1195 5675 1305 5727 Illos
1329 5672 1540 5725 maxim
1575 5684 1719 5725 senc-

179 5743 186 5766 λ
369 5769 384 5784 .
405 5747 436 5784 e
493 5770 506 5782 .

179 5743 384 5794 runtur,
405 5743 506 5784 etc.

3310 257 3412 316 166

1830 355 1946 407 viro
1976 354 2109 410 ﬁdes
2131 398 2144 421 ,
2175 360 2604 431 quandoquidem
2642 381 2745 422 non
2787 380 3077 439 exegerunt
3123 388 3152 428 a
3191 374 3408 436 claudo.

1829 444 2288 514 Quemadmodum
2340 453 2500 523 igitur
2538 467 2592 510 et
2635 456 2878 516 Christus
2934 465 3088 522 initio
3134 470 3405 539 signorum

1833 539 1989 594 fidem
2017 555 2123 597 non
2151 547 2396 616 exigebat
2422 566 2437 603 :
2466 550 2543 604 sic
2566 568 2736 623 neque
2759 556 2864 612 isti.
2889 557 3239 633 Jerosolymis
3263 571 3404 624 enim

1832 632 1963 689 fides
1982 638 2173 692 merito
2195 641 2342 708 prius
2362 644 2673 713 exigebatur
2695 667 2706 700 :
2736 651 2874 704 unde
2896 664 2948 706 et
2972 632 3189 724 propter
3212 661 3365 716 fidem
3382 693 3399 720 ι

1832 736 2091 798 quotquot
2115 734 2316 788 morbis
2339 736 2710 795 detinebanlui
2733 785 2746 808 ,
2773 745 2822 797 iu
2854 748 2955 800 viis
2980 756 3402 823 exponebantur,

1832 831 1881 873 ιιι
1915 824 2172 881 venientis
2213 828 2351 883 Petri
2393 832 2581 886 Saltem
2620 837 2804 892 umbra
2845 847 3144 911 quempiam
3193 851 3402 906 illorum

1829 913 2191 970 obutnbraret.
2236 919 2391 973 Multa
2425 926 2563 978 enim
2610 927 2715 982 illic
2754 934 2899 1002 signa
2940 937 3272 1008 edebantur;
3321 948 3405 1004 hic

1827 1013 2004 1058 autem
2037 1005 2140 1061 hoc
2169 1011 2390 1076 primum
2419 1019 2661 1086 Contigit.
2692 1022 2820 1076 Nam
2850 1026 2995 1095 signa
3037 1033 3136 1084 alia
3176 1037 3240 1088 ad
3262 1005 3402 1094 alios

1827 1093 2135 1150 alliciendos
2163 1101 2494 1168 edebantur,
2529 1110 2627 1161 alia
2675 1113 2739 1164 ad
2785 1120 3112 1174 credentium
3157 1133 3403 1184 cnn~0la~

1829 1187 2046 1240 tionem.
2075 1190 2163 1244 3G.
2208 1192 2273 1246 In
2320 1194 2488 1267 Joppe
2540 1214 2704 1254 autent
2744 1210 2838 1274 [ait
2881 1214 3112 1278 quantum
3156 1219 3405 1287 discipula

1827 1281 2028 1334 nomine
2057 1283 2271 1338 Tabitlta
2295 1329 2308 1350 ,
2337 1306 2448 1358 qua:
2473 1293 2514 1343 si
2546 1293 2892 1364 interpretetur
2911 1344 2922 1361 .
2974 1307 3158 1361 dicitur
3186 1311 3399 1369 Dorcas.

1831 1367 1953 1424 Hcec
1977 1385 2084 1426 erat
2114 1376 2262 1444 plena
2290 1382 2521 1447 operibus
2550 1388 2688 1440 bonis
2713 1431 2726 1453 ,
2774 1403 2818 1443 et
2866 1395 3191 1468 eleentosynis
3215 1445 3229 1467 ,
3279 1422 3404 1472 quas

1827 1463 2057 1530 faciebat.
2091 1469 2177 1521 57.
2218 1469 2429 1525 Factmn
2458 1488 2528 1528 est
2553 1489 2718 1532 autem
2758 1485 2808 1535 in
2837 1485 3008 1541 diebus
3044 1463 3145 1543 illis
3175 1463 3227 1546 ut
3253 1463 3402 1564 iii/ir-

1825 1568 1961 1610 mata
2002 1572 2293 1616 moreretur.
2335 1565 2500 1630 Quam
2528 1587 2638 1623 cum
2678 1577 2942 1640 luvissent.
2982 1599 3256 1650 posuerunt
3291 1607 3401 1645 eant

1825 1645 1877 1699 in
1915 1653 2192 1704 caenaculo.
2240 1655 2329 1710 58.
2371 1657 2494 1712 Cum
2539 1672 2704 1716 autem
2736 1684 2892 1737 prope
2935 1645 3058 1726 esset
3101 1675 3285 1746 Lydda
3334 1683 3403 1736 ad

1823 1738 2024 1810 Joppen
2049 1781 2064 1809 ,
2111 1745 2350 1817 discipuli
2374 1755 2630 1810 audientes
2653 1799 2666 1821 ,
2707 1763 2839 1827 quod
2869 1762 3048 1819 Petrus
3073 1738 3196 1824 esset
3224 1775 3276 1828 in
3306 1792 3365 1830 ea
3383 1819 3400 1844 ,

1825 1832 2065 1888 miserunt
2092 1839 2219 1893 duos
2246 1842 2377 1896 viros
2397 1886 2410 1906 ,
2442 1859 2675 1917 rogantes
2699 1893 2712 1915 ,
2739 1870 2800 1906 ne
2817 1855 3041 1923 lli/ferret
3061 1866 3225 1920 venire
3251 1884 3405 1940 usque

1824 1923 1892 1975 ad
1913 1924 2068 1991 ipsos.
2093 1927 2202 1982 Cur
2221 1946 2596 2002 exspectat-unt
2617 1941 2787 1999 donec
2813 1956 3152 2008 moreretur?
3175 1973 3272 2014 cur
3294 1923 3400 2016 rion

1823 2024 1946 2070 ante
1976 2030 2190 2087 rogatus
2223 2023 2320 2078 fuit
2359 2025 2591 2083 Petrus?
2629 2033 2903 2105 Indignum
2956 2053 3202 2110 putantes
3241 2060 3398 2118 tunc.

1822 2121 1942 2162 cum
1975 2110 2509 2183 philosopharentur,
2542 2122 2830 2194 discipulos
2865 2132 2932 2186 ad
2971 2150 3056 2190 res
3097 2110 3400 2208 hujusmodi

1820 2212 2075 2294 gravare,
2129 2213 2182 2258 et
2227 2221 2256 2260 a
2304 2209 2680 2276 praedicatione
2727 2219 3058 2281 abstrahere.
3099 2230 3232 2288 Nam
3279 2237 3402 2294 ideo

1822 2287 1950 2342 dicit
1977 2305 2139 2361 prope
2168 2293 2333 2352 fuisse
2355 2339 2373 2364 ,
2410 2309 2466 2355 ut
2498 2305 2744 2363 ostendat
2772 2311 2892 2368 illos
2920 2319 3069 2385 quasi
3098 2287 3402 2382 remrocca:

1822 2380 1971 2434 sione
1997 2381 2176 2438 oblata
2203 2388 2421 2455 petiisse
2450 2393 2468 2459 (
2495 2394 2750 2468 discipula
2780 2380 3063 2463 enim-erat
3085 2411 3126 2482 ),
3169 2380 3399 2475 non

1822 2476 1926 2522 tem
1961 2474 2226 2566 praecipuo
2256 2478 2392 2534 loco.
2424 2483 2516 2538 59.
2547 2485 2838 2558 Exsurgens
2864 2508 3030 2552 autem
3061 2474 3246 2561 Petrus
3270 2474 3403 2566 venit

1820 2575 1936 2612 cum
1961 2563 2080 2619 illis.
2118 2564 2182 2618 Et
2213 2584 2326 2622 cum
2355 2574 2631 2630 advenisset
2663 2581 2915 2640 duxerunt
2957 2589 3103 2645 illum
3141 2596 3192 2649 in
3235 2563 3402 2655 cinna;

1820 2651 2014 2710 culum.
2046 2656 2161 2711 Non
2188 2673 2414 2729 rogant,
2444 2668 2536 2721 sed
2584 2686 2694 2724 rem
2743 2676 2816 2729 illi
2864 2685 3216 2754 permittunt,
3250 2705 3304 2746 ut
3331 2711 3399 2750 ex

1821 2744 2000 2854 s'e'ipso
2042 2749 2204 2803 vitam
2251 2753 2324 2807 illi
2369 2755 2642 2826 largiatur.
2687 2764 2760 2818 Ita
2803 2768 2887 2823 hic
2932 2773 3180 2844 impletur
3229 2783 3398 2854 illud,

1820 2831 2158 2908 Eleemosyna
2189 2839 2362 2896 liberat
2390 2863 2422 2900 a
2450 2860 2606 2904 morte
2630 2856 2646 2916 (
2675 2854 2795 2910 Tob.
2831 2860 2914 2913 12.
2944 2831 3039 2935 9

1819 2937 2059 2983 steterunt
2097 2931 2241 2986 illum
2281 2954 2452 2994 omnes
2494 2942 2658 2997 vidua:
2680 2986 2694 3009 ,
2733 2949 2907 3017 flentes
2937 2931 3328 3019 etvostemlentcs
3357 2972 3407 3023 ei

1822 3020 2017 3076 tunicas
2039 3032 2088 3076 et
2110 3036 2266 3080 uestes
2287 3069 2303 3094 ,
2331 3047 2456 3101 quas
2483 3035 2699 3102 faciebat
2729 3039 2920 3097 Dorcas
2944 3085 2958 3111 ,
2991 3063 3106 3102 cum
3131 3065 3253 3107 esset
3281 3074 3397 3112 cum

1818 3109 1941 3164 illis.
1980 3113 2187 3170 Ducunt
2216 3117 2428 3174 Petrum
2459 3139 2523 3179 eo
2546 3165 2561 3189 ,
2596 3130 2683 3183 ubi
2712 3143 2827 3186 erat
2869 3109 3074 3194 mortua
3118 3109 3393 3216 exposita;

1819 3199 1959 3256 forte
1991 3215 2270 3276 putantes,
2303 3212 2377 3266 illi
2405 3217 2675 3286 quidpiam
2723 3223 2786 3275 ad
2834 3199 3219 3300 philosophiam

1821 3296 1967 3354 bere.
1992 3300 2179 3356 Videu‘
2200 3316 2394 3375 quanta
2421 3313 2659 3367 accessio
2683 3315 2814 3370 facta
2838 3319 2949 3374 sit?
2971 3296 3078 3380 Nec
3102 3328 3215 3383 sine
3235 3346 3396 3390 causa

1819 3405 2014 3447 nomen
2045 3396 2282 3451 mulieris
2311 3401 2576 3468 profertur
2598 3445 2612 3468 ,
2660 3407 2752 3460 sed
2782 3420 2837 3463 ut
2865 3415 3178 3472 ostendatur
3220 3425 3394 3478 nomi-

1819 3481 1901 3535 nis
1927 3497 2048 3538 cum
2084 3487 2190 3540 vita
2219 3495 2600 3558 consonantia;
2629 3497 2698 3550 ita
2745 3515 2937 3571 nempe
2978 3506 3098 3576 vigil
3140 3519 3197 3564 et
3235 3528 3397 3583 espe-

1816 3573 1923 3628 dita
1942 3584 2059 3630 erat
2082 3620 2095 3641 ,
2122 3589 2179 3632 ut
2201 3579 2392 3636 dorcas
2411 3586 2523 3640 sive
2541 3603 2752 3657 caprea.
2784 3591 2941 3649 Multa
2964 3573 3159 3670 quippe
3180 3573 3394 3662 nomina

1817 3681 1936 3720 com
1968 3671 2174 3724 ratione
2200 3671 2395 3727 dantur
2417 3716 2432 3740 ,
2464 3687 2519 3729 ut
2550 3693 2692 3749 saepe
2717 3683 2870 3737 vobis
2898 3686 3148 3746 diximus.
3191 3692 3351 3749 Plena
3377 3739 3392 3764 ,

1818 3761 1989 3829 inquit
2009 3801 2022 3824 ,
2048 3773 2154 3816 erat
2176 3766 2319 3817 bonis
2341 3769 2573 3833 operibus
2598 3812 2612 3834 ,
2637 3783 2682 3826 et
2703 3775 3028 3848 eleentosynis
3051 3823 3064 3844 ,
3089 3799 3212 3852 quas
3237 3761 3396 3856 facie:-

1816 3850 1919 3904 bat.
1952 3851 2199 3922 Magnum
2241 3855 2477 3909 mulieris
2507 3866 2808 3917 encotnitnn
2831 3905 2846 3928 .
2880 3850 3139 3939 siquidem
3173 3850 3397 3948 utraque

1817 3943 1894 3998 sic
1927 3942 2194 4010 faciebat,
2237 3955 2293 3999 ut
2330 3949 2568 4016 utrisque
2609 3952 2764 4018 plena
2809 3969 2972 4012 esset.
3006 3961 3184 4018 Palam
3213 3942 3392 4027 autem

1817 4047 1899 4092 est
1921 4081 1936 4103 ,
1971 4039 2112 4092 illaut
2142 4040 2290 4108 prius
2318 4041 2578 4096 bonorum
2601 4059 2820 4112 Operum
2845 4090 2861 4114 ,
2885 4050 3078 4109 deinde
3095 4057 3398 4133 cleeutosy-
3432 4045 3438 4052 ’

1820 4144 2006 4183 narum
2035 4146 2218 4184 curam
2248 4131 2516 4187 habuisse.
2539 4134 2667 4201 Qua:
2689 4139 2898 4205 (aciebut
2923 4184 2938 4206 ,
2969 4145 3136 4214 inquit
3154 4187 3175 4216 ,_
3204 4131 3398 4209 Dorcas

1819 4237 1934 4274 cum
1975 4220 2077 4274 illis
2116 4238 2338 4276 versans.
2383 4223 2544 4279 Multa
2595 4227 2883 4284 ltumihtas.
2914 4233 3032 4289 Non
3081 4239 3220 4294 enim
3261 4244 3398 4300 sicut

1819 4329 1950 4377 nos;
1983 4313 2074 4368 sed
2105 4316 2262 4370 simul
2307 4331 2496 4370 omnes
2535 4331 2720 4386 erant,
2761 4338 3006 4393 magnam
3041 4329 3398 4403 elecmosynm

1818 4423 2000 4461 curam
2046 4407 2326 4464 habentes.
2377 4410 2467 4465 40.
2517 4409 2706 4481 Ejectis
2744 4427 2908 4469 autem
2949 4422 3178 4478 omnibus
3217 4430 3357 4496 foras
3382 4469 3398 4491 ,

1824 4500 2006 4554 Petrus
2034 4517 2221 4569 ponens
2248 4518 2414 4572 genua
2440 4505 2599 4558 oravit
2630 4521 2648 4558 :
2677 4516 2722 4559 et
2767 4525 3033 4566 conversus
3066 4513 3134 4565 ad
3177 4532 3357 4585 corpus
3381 4561 3398 4586 ,

1819 4594 1948 4646 dixit
1973 4608 1992 4645 .'
2025 4592 2238 4646 Tabitlta
2263 4635 2277 4656 ,
2302 4611 2470 4664 surge.
2500 4595 2564 4648 At
2593 4596 2686 4650 illa
2725 4601 2922 4668 aperuit
2960 4604 3131 4657 oculos
3170 4623 3288 4662 suos
3313 4650 3326 4671 ,
3355 4620 3402 4664 ct

1817 4688 1922 4740 viso
1944 4687 2099 4740 Petro
2120 4689 2322 4742 resedit.
2346 4688 2454 4742 Cur
2475 4704 2662 4745 omnes
2680 4691 2825 4761 ejicit
2845 4694 2867 4746 ?
2888 4693 2964 4749 Ne
2992 4696 3241 4768 lacrymis
3264 4717 3396 4754 eon-

1822 4780 2063 4833 turbctur
2091 4791 2144 4835 et
2171 4790 2468 4834 moveatur.
2503 4780 2567 4833 Et
2613 4784 2786 4850 positis
2833 4787 3040 4853 genibus
3084 4792 3261 4842 oravit.
3291 4791 3400 4848 lloc

1819 4881 1936 4924 erat
1965 4872 2188 4926 iutensa:
2218 4871 2478 4925 orationis
2509 4871 2780 4925 indicium.
2831 4877 2920 4929 4|.
2971 4876 3107 4930 Dans
3151 4891 3318 4934 autem
3355 4884 3401 4936 ei

1821 4979 2026 5016 manum
2046 5004 2062 5028 ,
2093 4962 2280 5032 inquit.
2313 4962 2409 5016 llic
2431 4963 2733 5032 singillatim
2761 4965 2994 5020 ostendit
3020 4969 3180 5022 vitam
3205 5011 3219 5036 ,
3247 4970 3404 5025 deiti-

1821 5053 1995 5124 deque
2017 5055 2266 5108 virtutem
2293 5054 2562 5107 inductam
2589 5095 2605 5119 ,
2631 5056 2787 5108 aliam
2817 5057 2979 5112 verbo
3002 5101 3017 5125 ,
3037 5061 3192 5114 aliam
3220 5079 3398 5121 manu.

1820 5143 1966 5200 Dans
1987 5157 2154 5200 autem
2184 5147 2227 5200 ei
2257 5164 2498 5210 manum,
2547 5149 2701 5201 erexit
2752 5165 2881 5204 eam.
2932 5150 2998 5205 Et
3032 5169 3144 5206 cum
3182 5169 3406 5214 vocasset

1821 5249 2020 5293 sanctos
2040 5249 2085 5292 et
2110 5239 2287 5292 viduas
2311 5280 2325 5301 ,
2359 5240 2631 5308 assignavit
2660 5257 2769 5294 eam
2801 5243 2960 5296 vivam
2985 5285 2999 5308 ,
3029 5246 3147 5301 aliis
3177 5250 3241 5304 ad
3275 5268 3404 5307 con-

1823 5333 2136 5388 solationem
2163 5373 2176 5395 .
2223 5333 2363 5401 quod
2413 5348 2652 5388 sororem
2680 5339 2983 5406 acciperent
3009 5351 3062 5394 et
3093 5344 3404 5402 miraculum

1823 5425 2104 5490 viderent;
2135 5423 2306 5478 viduis
2327 5441 2452 5478 vero
2477 5425 2546 5479 ad
2573 5431 2948 5496 patrocinium.
2977 5434 3066 5488 4‘2.
3098 5435 3290 5491 Notum
3314 5457 3408 5493 au-

1825 5525 1923 5570 tem
1951 5519 2140 5586 factum
2168 5524 2241 5570 est
2270 5532 2358 5584 per
2387 5517 2670 5572 universam
2712 5520 2914 5593 Joppen
2937 5565 2953 5590 ,
2999 5537 3044 5579 et
3085 5530 3406 5583 crediderunt

1824 5609 1969 5664 multi
1988 5609 2039 5662 in
2060 5607 2293 5663 Domino.
2309 5607 2452 5664 425.!"
2455 5620 2622 5665 actum
2633 5622 2704 5668 est
2723 5626 2910 5683 autem,
2934 5630 2988 5671 ut
3001 5637 3088 5687 per
3102 5623 3285 5674 multos
3303 5622 3410 5674 dies

1825 5711 2046 5758 maneret
2072 5701 2124 5758 in
2153 5701 2321 5775 Joppc
2346 5702 2483 5775 apud
2521 5702 2782 5762 Simonem
2819 5710 3081 5778 quemdam
3112 5724 3403 5764 canarium.
