4032 6212
498 280 597 335 "i7

570 395 623 447 3.
667 388 811 444 Petri
834 384 1163 442 mansuetudo
1176 394 1226 439 et
1246 385 1510 439 modestia.
1527 415 1598 424 —
1617 383 1749 439 Vide
1766 384 2079 438 tuodestiam

498 498 553 538 et
584 479 1042 538 mansuetudinem
1077 477 1257 543 Petri,
1289 477 1560 547 quomodo
1590 490 1695 531 non
1725 478 1863 547 apud
1894 476 2039 530 illam
2063 518 2077 537 .

501 592 675 646 neque
717 574 857 644 apud
886 573 1047 627 alium
1078 573 1380 642 quempiam
1412 571 1676 642 insignem
1708 583 1956 635 maneat,
1989 570 2083 625 sed

499 668 637 738 apud
666 665 976 730 curiarium,
1008 680 1101 733 per
1129 663 1304 717 omnia
1328 663 1394 715 ad
1419 660 1775 716 humilitatem
1806 660 2081 725 inducens,

501 775 604 812 non
636 758 819 812 sincns
848 756 1067 810 viliores
1093 755 1414 818 erubescere
1433 794 1448 818 ,
1476 766 1575 808 nec
1605 751 1838 821 majores
1863 750 2041 806 extolli
2069 768 2083 804 :

497 852 585 919 qui
609 851 768 905 etiam
793 849 914 903 ideo
938 845 1322 902 transeundum
1346 859 1465 899 esse
1482 843 1717 913 putavit,
1734 842 1876 913 quod
1903 842 2086 897 ﬁdeles

496 942 740 998 doctrina
770 954 863 996 sua
908 946 1149 1009 egerent.
1204 937 1366 1007 lgitur
1393 934 1638 1004 superius
1680 934 1819 989 dicta
1868 942 2082 1002 repeta-

498 1052 636 1090 mus.
670 1033 951 1096 Tentabat,
1002 1031 1213 1100 inquit,
1268 1047 1322 1084 se
1364 1030 1581 1100 jungere
1630 1028 1916 1096 discipulis.
1970 1026 2083 1081 Non

500 1124 840 1195 impudenter
870 1123 1131 1186 accessit,
1161 1120 1256 1176 sed
1286 1119 1546 1175 modeste.
1581 1119 1879 1189 Discipulos
1907 1129 2086 1173 autem

500 1225 653 1269 Vocat
683 1216 844 1270 etiam
872 1229 1001 1279 eos,
1034 1212 1125 1283 qui
1169 1228 1277 1267 non
1307 1222 1463 1267 erant
1509 1212 1563 1265 in
1600 1210 1767 1265 choro
1804 1210 2086 1265 duodecim

499 1311 709 1363 illorum
754 1326 769 1365 :
802 1310 925 1379 quia
957 1319 1081 1363 tunc
1109 1321 1297 1361 omnes
1344 1307 1414 1361 ob
1459 1305 1672 1359 virtutis
1713 1304 2083 1360 excellentiam

498 1404 741 1472 discipuli
786 1402 1155 1457 vocabantur:
1201 1398 1481 1455 manifesta
1528 1397 1671 1453 enim
1712 1408 1827 1452 erat
1872 1397 2083 1452 illorum

496 1497 690 1564 imago.
727 1494 790 1547 Et
820 1510 991 1548 omnes
1029 1492 1268 1547 timebant
1306 1508 1455 1557 eum,
1488 1490 1681 1560 inquit.
1728 1488 1866 1544 Vide
1891 1530 1905 1555 ,
1948 1504 2085 1558 quo-

502 1591 662 1644 modo
688 1588 863 1644 adhuc
891 1586 1122 1656 pericula
1150 1592 1481 1651 metuerent,
1515 1582 1784 1653 quomodo
1810 1581 1986 1635 adhuc
2016 1581 2083 1634 ti-

498 1698 616 1737 mor
642 1682 864 1750 vigeret.
888 1677 1154 1731 Barnabas
1180 1684 1347 1729 autem
1372 1673 1746 1744 apprehensum
1769 1673 1915 1726 illum
1938 1671 2086 1725 duxit

496 1774 567 1827 ad
594 1773 849 1842 apostolos
867 1812 882 1836 ,
913 1780 960 1824 et
981 1769 1204 1823 narravit
1233 1766 1361 1821 illis.
1384 1766 1609 1820 Videtur
1633 1773 1810 1819 autem
1841 1763 1937 1835 ipsi
1960 1764 2087 1817 Bar-

498 1867 666 1921 nabas
702 1875 859 1920 antea
917 1863 1079 1918 fuisse
1120 1860 1356 1927 amicus,
1388 1858 1616 1927 ideoque
1647 1864 1830 1911 narrat
1871 1855 2083 1919 omnia,

493 1974 618 2029 qum
664 1956 732 2012 ad
780 1957 952 2025 ipsum
984 1952 1321 2022 Spectabunt.
1367 1948 1510 2006 Nihil
1552 1957 1729 2003 autem
1776 1948 1963 2001 horum
1996 1945 2088 1999 ille

497 2054 667 2109 dicit:
714 2061 845 2121 puto
873 2065 973 2106 nec
1004 2049 1071 2104 ad
1101 2048 1235 2104 alios
1262 2053 1446 2116 postea
1477 2044 1730 2098 extulisse
1750 2080 1764 2105 ,
1810 2042 1909 2095 nisi
1936 2056 2085 2110 qum-

498 2146 623 2200 dam
665 2144 825 2199 fuerit
862 2142 1177 2197 necessitas.
1236 2137 1303 2193 Et
1342 2145 1450 2192 erat
1494 2152 1609 2190 cum
1650 2134 1754 2188 illis
1794 2135 1991 2186 intrans
2033 2131 2087 2184 in

496 2238 806 2302 Jerusalem,
835 2245 883 2289 et
904 2233 1211 2305 ﬁducialiter
1228 2246 1383 2303 agens
1403 2229 1459 2282 in
1482 2227 1687 2282 nomine
1713 2223 1921 2280 Domini
1938 2223 2085 2279 Iesu.

500 2335 616 2389 Hoc
643 2342 697 2388 et
721 2333 839 2386 aliis
864 2330 1027 2386 dabat
1056 2327 1327 2382 ﬁduciam.
1356 2324 1519 2381 Vides
1545 2332 1599 2378 et
1625 2322 1713 2376 hic
1739 2331 1795 2376 et
1823 2321 1929 2376 illic
1953 2319 2087 2375 alios

502 2422 849 2493 providentes
877 2430 931 2476 ct
972 2428 1226 2475 curantes
1253 2427 1315 2472 ut
1347 2416 1437 2471 ille
1473 2416 1675 2480 abiret,
1699 2428 1820 2469 cum
1852 2410 2086 2467 nondum

507 2516 601 2570 Dei
630 2513 855 2584 gratiam
883 2510 1218 2580 accepisset?
1241 2509 1420 2578 Itaque
1442 2507 1519 2561 sic
1548 2506 1685 2560 illius
1713 2504 1891 2559 fervor
1909 2512 2091 2557 osten-

500 2609 665 2663 ditur.
712 2603 895 2674 Neque
936 2602 1046 2671 jam
1076 2601 1289 2656 videtur
1317 2598 1445 2653 mihi
1490 2597 1581 2651 ille
1621 2612 1717 2666 per
1748 2605 1943 2650 terram
1988 2594 2089 2648 iter

507 2702 742 2763 habere;
784 2696 876 2751 sed
920 2694 1113 2749 deinde
1144 2691 1442 2762 navigabat.
1488 2689 1600 2743 lloc
1637 2702 1849 2757 quoque
1891 2686 1948 2739 ﬁt
1994 2700 2091 2754 per

506 2790 998 2862 dispensationem,
1041 2796 1098 2841 ut
1128 2786 1198 2840 ibi
1230 2784 1389 2839 etiam
1422 2781 1755 2853 praedicaret.
1790 2776 1912 2873 Ideo
1935 2777 2091 2848 igitur

506 2884 715 2939 insidiae
755 2881 1061 2950 comigere,
1105 2886 1157 2931 et
1203 2877 1306 2932 iter
1332 2873 1719 2944 Jerosolymam
1752 2869 2090 2939 per'dispcn-

507 2978 792 3039 sationem,
816 2982 874 3026 ut
901 2987 967 3025 ne
996 2970 1132 3025 ultra
1160 2975 1437 3038 suspectus
1462 2975 1623 3019 esset.
1650 2962 1968 3031 Loquebatur
1992 2976 2089 3013 au-

504 3079 605 3121 tem
634 3077 679 3121 et
720 3065 1007 3135 disputabat
1049 3079 1161 3116 cum
1193 3059 1402 3115 Graecis.
1456 3056 1524 3110 Et
1565 3054 1845 3119 Ecclesiae,
1884 3053 2086 3123 inquit,

509 3158 752 3213 habebant
779 3172 970 3225 pacem,
1000 3151 1386 3220 wdiﬁcabantur
1401 3158 1447 3201 et
1480 3147 1805 3200 ambulabant
1838 3145 1889 3197 in
1917 3145 2093 3197 timore

510 3250 758 3313 Domini;
787 3248 837 3301 id
865 3255 978 3307 est,
1007 3242 1355 3304 crescebant,
1379 3248 1434 3293 et
1456 3253 1638 3309 pacem
1657 3278 1673 3302 ,
1702 3252 1882 3290 verum
1913 3235 2093 3304 utique

512 3357 722 3412 pacem,
742 3340 880 3392 inter
899 3353 957 3390 se
990 3335 1277 3389 habebant.
1296 3331 1504 3393 Merito,
1524 3345 1644 3383 nam
1664 3328 1816 3381 valde
1832 3326 2094 3380 alﬁixerat

508 3436 635 3490 illos
658 3443 937 3486 externum
968 3428 1186 3482 bellum.
1224 3424 1287 3479 Et
1314 3424 1656 3478 consolatione
1679 3421 1839 3473 sancti
1868 3419 2095 3489 Spiritus

510 3524 859 3595 replebantur.
905 3517 1295 3576 Consolabalur
1334 3515 1453 3569 illos
1482 3515 1711 3583 Spiritus
1739 3522 1992 3577 satietas,
2042 3519 2096 3567 et

514 3634 613 3687 per
643 3614 896 3671 miracula
940 3620 996 3668 et
1036 3627 1133 3681 per
1158 3624 1363 3679 opera:
1408 3608 1472 3661 ad
1518 3608 1630 3662 haec
1669 3623 1825 3673 vero,
1868 3607 2096 3676 idipsum

510 3710 741 3779 s‘ngulis
771 3710 963 3762 inerat.
996 3704 1213 3758 Factum
1239 3711 1311 3756 est
1338 3711 1504 3755 autem
1531 3711 1585 3754 ut
1617 3698 1802 3754 Petrus
1827 3699 1951 3752 dum
1978 3716 2095 3770 per-

513 3801 792 3864 transiret,
836 3797 1113 3867 perveniret
1156 3794 1223 3847 ad
1262 3792 1518 3865 Lgddam.
1572 3790 1771 3846 Invenit
1815 3801 1984 3845 autem
2028 3790 2099 3844 ibi

521 3894 775 3946 hominem
808 3889 1182 3959 decumbentem
1204 3928 1219 3953 ,
1260 3896 1310 3939 et
1356 3885 1484 3938 dixit
1523 3883 1601 3937 illi
1632 3900 1651 3938 :
1696 3881 1866 3939 κΕηεα
1884 3926 1901 3949 ,
1950 3891 2098 3937 sanat

513 3995 567 4039 te
605 3982 759 4037 Iesus
787 3982 1037 4036 Christus.
1096 3970 1211 4033 Non
1242 3976 1563 4032 ostentantis
1605 3975 1804 4031 dictum
1845 3984 1960 4040 est,
2003 3974 2098 4028 sed

515 4076 734 4131 ﬁdentis
760 4088 873 4129 rem
900 4087 1021 4127 esse
1047 4072 1295 4126 futuram.
1330 4069 1453 4124 Mihi
1480 4084 1608 4122 vero
1640 4082 1855 4137 prorsus
1892 4066 2103 4121 videtur

521 4182 721 4236 a'grnm
741 4163 865 4219 huic
884 4162 1177 4218 credidisse
1204 4161 1391 4226 verbo,
1409 4167 1463 4214 et
1485 4173 1672 4211 sanum
1700 4157 1894 4211 factum
1913 4156 2095 4213 fuisse.

514 4257 675 4326 Quod
700 4265 879 4312 autem
914 4256 1032 4311 sine
1073 4254 1209 4308 fastu
1240 4261 1410 4310 esset.
1452 4267 1517 4305 ex
1545 4250 1888 4319 sequentibus
1928 4249 2099 4317 palam

516 4358 627 4404 est.
658 4347 774 4402 Non
792 4346 940 4401 enim
962 4344 1124 4409 dixit,
1156 4344 1212 4397 lu
1243 4342 1457 4396 nomine
1480 4340 1606 4395 Jesu
1628 4382 1644 4408 ,
1669 4339 1764 4394 sed
1790 4349 1848 4394 ut
1868 4341 2096 4410 signum,

520 4440 693 4507 mgis
746 4437 849 4491 hoc
892 4442 1127 4490 enarrat.
1187 4432 1431 4486 Viderunt
1470 4442 1639 4485 autem
1679 4431 1767 4499 qui
1813 4430 2102 4483 habitabant

523 4530 795 4601 Lyddam,
834 4538 889 4583 ct
912 4526 1142 4581 conversi
1166 4533 1280 4579 sunt
1320 4525 1387 4578 ad
1424 4523 1721 4577 Dominum.
1770 4522 1950 4594 Itaque
1996 4537 2101 4577 non

521 4622 724 4677 frustra
751 4620 860 4675 dixi
892 4619 1149 4673 miracula
1178 4617 1314 4672 laeta
1343 4616 1509 4672 fuisse
1533 4617 1600 4671 ad
1632 4615 2027 4687 persuasionem
2046 4626 2105 4672 et

521 4712 969 4769 consolationem.
1014 4709 1081 4765 In
1114 4707 1285 4778 Joppe
1308 4718 1475 4762 autem
1502 4718 1609 4762 erat
1632 4708 1861 4778 quadam
1888 4708 2106 4778 discipu-

522 4807 580 4859 la
598 4848 614 4873 ,
645 4804 815 4875 inquit
833 4846 848 4869 ,
881 4803 1085 4857 nomine
1112 4800 1348 4858 Tabitha.
1377 4798 1595 4854 Factum
1623 4810 1697 4854 est
1723 4809 1890 4854 autem
1916 4800 1969 4854 in
1997 4800 2104 4853 die-

523 4900 619 4955 bus
660 4899 784 4963 illis,
816 4908 868 4951 ut
908 4898 1167 4966 inﬁrmata
1195 4905 1493 4949 moreretur.
1534 4893 1696 4949 Vides
1727 4893 1920 4964 ubique
1957 4895 2106 4964 signa

524 4990 673 5047 edita
694 4992 719 5043 't
761 4989 877 5045 Non
905 4988 1223 5058 simpliciter
1263 4994 1473 5041 mortua
1500 4993 1581 5039 est
1612 4984 1837 5039 'l‘abitha
1862 5026 1877 5049 ,
1927 4985 2021 5040 sed
2055 4985 2107 5040 in

527 5084 892 5139 inﬁrmitatem
921 5082 1087 5151 lapsa.
1121 5079 1246 5134 ldco
1276 5078 1490 5133 Petrum
1518 5092 1623 5132 non
1657 5086 1908 5131 vocarunt
1938 5077 2116 5131 donec.

527 5177 616 5230 illa
644 5184 851 5230 moﬂua
878 5183 1042 5229 esset.
1090 5172 1364 5225 Audientes
1389 5180 1556 5224 autem
1590 5168 1829 5240 discipuli
1870 5168 2109 5223 miseruit.

526 5275 785 5338 rogantes,
803 5282 866 5319 ne
886 5266 1208 5337 pigritaretur
1230 5262 1446 5316 transire
1469 5260 1537 5314 ad
1561 5276 1663 5314 eos.
1681 5258 1831 5324 Vide,
1859 5274 1953 5329 per
1975 5258 2109 5313 alios

530 5358 750 5413 mittunt
770 5367 833 5412 et
858 5364 1071 5411 vocant.
1102 5354 1194 5410 llle
1218 5368 1347 5409 vero
1371 5354 1709 5423 obtemperat
1731 5362 1784 5406 ει
1809 5352 1987 5415 venit;
2010 5365 2111 5405 nec

527 5449 866 5508 contumelia:
885 5449 1007 5504 loco
1028 5448 1188 5503 habet
1206 5446 1349 5516 quod
1374 5456 1594 5502 vocetur
1616 5463 1632 5499 :
1661 5446 1731 5501 ita
1758 5462 2004 5517 magnum
2024 5454 2115 5505 est

531 5543 808 5600 tribulatio
835 5543 1057 5609 bonum,
1089 5542 1228 5613 quod
1257 5542 1460 5598 animas
1489 5552 1704 5598 nostras
1727 5544 1963 5614 capulet.
1986 5542 2115 5597 Nul-

532 5639 617 5693 tas
644 5636 717 5692 ibi
746 5635 943 5699 luctus,
974 5636 1221 5707 planctus
1250 5635 1452 5691 nullus.
1485 5635 1652 5703 Quam
1676 5653 1790 5690 cum
1817 5638 2070 5691 lavassent
2092 5673 2109 5701 ,

536 5742 809 5803 posuerunt
853 5730 905 5785 in
950 5729 1248 5793 caenaculo;
1293 5728 1344 5783 id
1387 5737 1500 5795 est,
1548 5728 1725 5783 omnia
1771 5726 1946 5784 fecere
1991 5743 2109 5800 qua:

1273 271 1330 328 S.
1369 269 1643 327 JOANNlS
1678 268 2148 327 CHRYSOSTOMI
2188 270 2502 327 ARCHIEP.
2540 270 3064 331 CONSTANTINOP.

3679 280 3783 335 ’68

2192 396 2403 439 mortuo
2432 387 2829 457 competebant.
2876 388 3170 462 Exsurgens
3215 406 3330 447 vero
3379 390 3594 459 Petrus,
3638 398 3780 449 υσηὶι

2191 493 2308 530 cum
2338 476 2461 532 illis.
2498 476 2564 531 Et
2604 495 2718 532 cum
2744 482 3049 535 ascendisset
3094 483 3148 536 in
3191 486 3506 538 cenaculum
3530 526 3547 551 ,
3595 487 3782 557 positis

2189 569 2399 640 genibus
2427 572 2588 625 oravit
2610 612 2626 637 ,
2656 583 2703 626 et
2730 590 2997 628 conuersus
3023 574 3091 628 ad
3114 592 3299 640 corpus
3328 578 3456 632 dixit
3480 594 3497 632 :
3524 577 3744 632 Tabitha
3763 623 3780 646 ,

2189 676 2357 730 surge.
2405 659 2519 716 Non
2550 664 2725 716 omnia
2754 665 3016 734 permittit
3047 666 3189 721 Deus
3229 668 3378 737 signa
3418 683 3541 722 cum
3584 670 3780 724 eadem

2191 749 2440 807 facilitate
2483 754 2618 808 ﬁeri.
2666 756 2775 809 lloc
2813 767 2993 812 autem
3021 758 3126 812 illis
3155 761 3426 829 proderat.
3471 761 3584 815 Non
3630 764 3781 816 cutim

2190 852 2395 900 tantum
2427 847 2654 903 aliorum
2684 849 2908 904 salutem
2930 852 3173 919 curabat,
3204 855 3297 908 sed
3325 855 3484 909 etiam
3514 857 3784 925 ipsorum.

2190 936 2291 1003 Qui
2317 952 2447 1008 ergo
2473 940 2659 993 umbra
2688 957 2779 995 sua
2820 952 2895 996 tot
2934 943 3176 999 homines
3216 947 3472 1009 curabat,
3516 964 3657 1002 nunc
3701 960 3786 1003 tot

2191 1038 2444 1101 tantaque
2484 1032 2609 1087 facit
2646 1032 2712 1086 ad
2744 1033 2887 1087 illam
2915 1036 3274 1090 excitandam.
3306 1036 3575 1092 Interdum
3611 1042 3783 1095 etiam

2191 1121 2323 1176 ﬁdes
2360 1123 2732 1179 accedentium
2774 1127 3182 1195 cooperabatur.
3217 1128 3363 1182 llanc
3394 1144 3523 1199 ergo
3551 1132 3783 1200 primam

2190 1224 2456 1269 mortuam
2498 1218 2757 1282 suscitat,
2791 1218 3007 1273 nomine
3048 1234 3289 1273 vocans:
3338 1236 3459 1290 qum
3510 1223 3659 1292 quasi
3710 1240 3783 1278 ex

2190 1320 2379 1360 somno
2404 1307 2797 1378 expergefacta,
2830 1309 3054 1378 primum
3084 1311 3295 1380 aperuit
3329 1311 3550 1378 oculos,
3578 1312 3784 1369 deinde

2189 1397 2367 1452 statim
2402 1398 2588 1453 videns
2633 1400 2870 1467 Petrum,
2901 1400 3058 1467 sedit,
3091 1400 3413 1472 (lemnmque
3442 1418 3471 1455 a
3498 1414 3637 1459 tactu
3664 1421 3783 1457 ma-

2190 1505 2289 1543 nus
2324 1488 2583 1545 ﬁrmatur.
2627 1492 2704 1545 Tu
2731 1508 2857 1548 vero
2888 1493 3018 1547 mihi
3043 1494 3244 1549 lucrum
3272 1495 3551 1551 considera
3578 1538 3594 1562 ,
3636 1514 3784 1567 quo-

2192 1582 2352 1636 modo
2383 1584 2573 1638 iterum
2606 1584 2808 1641 fructus
2838 1587 2908 1641 sit
2948 1602 3053 1642 non
3082 1587 3146 1642 ad
3176 1590 3615 1646 ostentationem.
3650 1592 3783 1647 ldeo

2189 1689 2317 1729 sane
2346 1691 2535 1732 omnes
2567 1678 2708 1731 foras
2736 1678 2882 1749 ejicit
2905 1721 2922 1745 ,
2963 1680 3016 1734 in
3049 1680 3153 1736 hoc
3178 1680 3485 1752 Magistrum
3514 1685 3779 1742 imitatus.

2188 1765 2290 1823 Ubi
2319 1768 2461 1823 enim
2489 1770 2742 1840 lacrymaa
2768 1756 2896 1826 suht
2919 1813 2935 1837 ,
2962 1787 3069 1827 non
3096 1783 3309 1842 oportet
3340 1784 3542 1830 tantum
3570 1787 3782 1848 mystc-

2191 1859 2328 1913 rium
2358 1859 2541 1929 perﬁci
2569 1879 2583 1915 :
2617 1862 2724 1916 imo
2752 1862 2845 1918 ubi
2869 1872 2995 1919 sunt
3018 1864 3273 1920 miracula
3292 1905 3312 1934 ,
3340 1881 3446 1921 non
3476 1867 3626 1924 decet
3652 1884 3785 1926 esse

2190 1950 2473 2023 lacrymas.
2504 1952 2697 2009 Audite
2721 1994 2737 2020 ,
2766 1969 2948 2025 quaeso
2970 1997 2986 2024 ,
3019 1957 3121 2012 etsi
3166 1972 3271 2013 non
3302 1960 3428 2029 quid
3453 1961 3629 2017 simile
3664 1963 3780 2031 jam

2191 2042 2300 2105 ﬁat,
2329 2052 2504 2099 tamen
2528 2061 2667 2100 nunc
2688 2046 2849 2101 etiam
2873 2047 2924 2102 in
2944 2050 3170 2105 mortuis
3189 2065 3439 2121 magnum
3463 2054 3781 2124 mysterium

2188 2132 2486 2202 perﬁcitur.
2536 2135 2629 2191 Dic
2654 2147 2832 2192 autem
2856 2137 2986 2192 mihi
3019 2156 3032 2191 :
3069 2139 3115 2194 si
3143 2140 3297 2196 nobis
3326 2142 3641 2198 sedentibus
3671 2145 3780 2200 lm-

2195 2232 2411 2292 perator
2433 2226 2739 2296 quempiam
2770 2228 2821 2282 in
2848 2229 3065 2299 regiam.
3079 2239 3295 2286 vocaret
3319 2274 3334 2298 ,
3362 2247 3430 2287 an
3456 2233 3693 2289 ﬂendum
3724 2247 3784 2292 et

2192 2315 2479 2387 lugendum
2499 2319 2686 2373 esset?
2710 2320 2899 2390 Angeli
2926 2319 3123 2376 adsunt
3150 2321 3219 2377 de
3247 2322 3379 2378 cado
3405 2325 3555 2381 missi
3580 2367 3594 2391 ,
3623 2325 3782 2381 inde.-

2192 2425 2295 2480 que
2339 2412 2617 2467 venientes
2642 2452 2658 2475 ,
2704 2412 2773 2467 ab
2819 2414 2935 2483 ipso
2977 2415 3123 2485 Rege
3147 2416 3328 2478 missi.
3358 2427 3418 2471 ut
3458 2433 3782 2476 conservum.

2192 2518 2345 2558 suum
2372 2514 2586 2569 vocent,
2610 2516 2663 2560 et
2688 2515 2741 2560 tu
2769 2508 2981 2577 ploras?
3001 2508 3183 2565 Nescis
3199 2511 3354 2580 quale
3372 2512 3441 2565 sit
3468 2515 3783 2584 mysterium

2193 2594 2321 2649 illud
2343 2637 2358 2658 ,
2389 2612 2547 2666 quam
2580 2597 2904 2653 horrendum
2934 2641 2946 2662 ,
2977 2615 3134 2669 quam
3167 2603 3497 2657 tremendum
3521 2645 3535 2669 ,
3561 2620 3622 2660 ac
3647 2620 3785 2663 vere

2192 2686 2403 2760 hymnis
2424 2689 2727 2760 gaudioquc
2755 2690 2971 2758 dignum
3006 2693 3022 2722 ³
3045 2692 3067 2745 ?

2264 2781 2316 2834 ιι.
2344 2781 2433 2834 Vis
2454 2783 2661 2838 discere
2681 2783 2783 2838 hoc
2800 2799 2902 2837 non
2920 2799 3039 2839 esse
3062 2795 3265 2855 tempus
3279 2786 3666 2859 lacrymarum?
3685 2792 3781 2847 Dei

2193 2875 2467 2944 sapientia:
2493 2876 2783 2931 maximum
2801 2875 2903 2931 hoc
2922 2886 3006 2931 est
3023 2880 3356 2949 mysterium.
3379 2880 3567 2936 Anima
3583 2884 3782 2955 quippe

2194 2984 2290 3021 ceu
2313 2968 2530 3022 domum
2553 2968 2855 3039 quampiam
2883 2968 3139 3025 deserens
3162 3012 3177 3035 ,
3206 2972 3377 3042 pergit
3400 2973 3465 3028 ad
3494 2974 3783 3030 Dominam

2194 3075 2347 3114 suum
2373 3078 2387 3120 :
2419 3069 2474 3115 tu
2498 3077 2627 3117 vero
2654 3062 2804 3132 luges
2826 3062 2979 3118 ?lloc
3003 3079 3130 3135 ergo
3154 3079 3274 3120 cum
3292 3081 3424 3135 puer
3445 3070 3679 3124 nascitur
3707 3069 3788 3123 fa-

2194 3167 2320 3208 cere
2345 3162 2620 3222 oporteret
2647 3171 2659 3206 :
2692 3170 2812 3209 nam
2842 3154 2930 3210 hic
2955 3168 3136 3225 partus
3158 3157 3250 3212 illo
3276 3158 3465 3213 melior
3480 3170 3581 3215 εει.
3605 3160 3787 3231 Pergit

2195 3247 2337 3299 enim
2354 3245 2421 3300 ad
2438 3246 2593 3300 aliam
2610 3246 3194 3319 lucem,solviturquasi
3205 3265 3269 3305 ex
3289 3251 3512 3305 vinculis
3525 3254 3783 3316 carcrris,

2198 3338 2424 3407 quasiex
2444 3353 2613 3409 agone
2624 3339 2853 3409 quodam
2872 3340 3160 3412 egreditur.
3180 3342 3373 3408 Etiam,
3388 3343 3615 3415 inquies,
3640 3345 3690 3399 id
3715 3347 3788 3401 de

2197 3428 2379 3498 probis
2396 3439 2542 3484 recte
2565 3428 2718 3484 dicis.
2738 3429 2807 3484 Et
2821 3431 2948 3501 quid
2967 3432 3069 3486 hoc
3091 3431 3160 3487 ad
3186 3441 3258 3496 te,
3282 3446 3316 3487 ο
3346 3433 3506 3487 homo
3520 3433 3546 3486 ι
3568 3444 3620 3488 ιιι
3637 3437 3782 3489 enim

2197 3535 2319 3590 erga
2334 3521 2528 3590 probos
2545 3536 2649 3576 non
2668 3520 2770 3577 hoc
2785 3523 3023 3592 agis.Dic
3040 3538 3169 3579 vero
3184 3525 3334 3591 mihi,
3350 3525 3476 3595 quid
3496 3526 3545 3579 in
3565 3529 3791 3595 parvulo

2199 3610 2402 3668 infante
2432 3613 2933 3682 reprehendendum
2962 3613 3168 3669 habes?
3197 3630 3294 3671 cur
3321 3616 3469 3687 luges
3496 3618 3666 3671 illum?
3688 3634 3792 3674 cur

2199 3718 2389 3759 recens
2422 3702 2777 3760 illuminatum
2799 3706 2823 3760 ?
2849 3720 2973 3760 nam
3003 3716 3057 3762 et
3084 3706 3175 3762 ille
3198 3706 3437 3777 ejusdem
3462 3708 3791 3765 conditionis

2200 3806 2303 3849 est.
2327 3795 2435 3851 (Zur
2463 3811 2591 3867 ergo
2621 3795 2771 3868 luges
2801 3796 2996 3851 illum?
3028 3798 3204 3852 nescis
3230 3798 3373 3868 quod
3402 3800 3543 3854 sicut
3569 3801 3650 3854 sol
3681 3817 3787 3871 pu-

2201 3902 2293 3943 rus
2323 3887 2584 3951 ascendit,
2615 3890 2686 3943 ita
2714 3897 2768 3943 et
2795 3888 2973 3942 anima
3001 3904 3121 3943 cum
3150 3889 3285 3944 bona
3314 3891 3639 3945 conscientia
3668 3907 3797 3946 cor-

2202 3996 2300 4050 pus
2325 3981 2656 4050 relinquens,
2686 3980 2971 4050 splendide
2996 3982 3204 4051 fulget?
3234 3981 3351 4037 Non
3381 3998 3504 4038 cum
3537 3994 3686 4039 lauto
3708 3987 3791 4040 si-

2203 4072 2369 4127 lentio
2407 4072 2593 4126 videas
2638 4071 3017 4141 Imperatorem
3064 4074 3367 4131 venientem
3410 4076 3459 4131 in
3488 4077 3787 4143 civitatem,

2206 4173 2406 4233 quanto
2433 4163 2664 4217 animam
2688 4178 2888 4234 corpus
2911 4164 3326 4236 relinquentem,
3351 4177 3406 4222 et
3434 4184 3555 4222 cum
3582 4170 3795 4240 angelis

2204 4258 2507 4313 abeuntem.
2535 4258 2717 4329 Cogita
2739 4274 2857 4328 qua:
2882 4260 2952 4314 sit
2972 4268 3098 4314 tunc
3117 4261 3314 4328 anima,
3340 4261 3389 4315 in
3414 4278 3519 4331 quo
3540 4276 3791 4332 Stupore,

2206 4353 2259 4406 in
2286 4367 2388 4422 qua
2415 4351 2793 4417 admiratione,
2824 4352 2875 4406 in
2904 4368 3005 4423 qua
3033 4354 3323 4424 voluptate.
3369 4353 3478 4410 Cur
3499 4396 3517 4423 ,
3562 4372 3749 4425 qumsn
3773 4398 3790 4420 ,

2206 4445 2393 4515 luges?
2421 4460 2543 4499 unm
2566 4444 2618 4498 in
2642 4445 3011 4513 peccatoribus
3033 4456 3235 4502 tantum
3258 4447 3361 4503 hoc
3380 4447 3506 4503 facis
3526 4449 3551 4501 ’ἔ
3575 4444 3794 4504 Utinam

2207 4538 2283 4590 sic
2310 4545 2472 4596 esset,
2507 4551 2610 4590 non
2638 4537 2838 4590 luctum
2868 4538 3205 4607 prohibercm
3232 4556 3245 4591 :
3272 4540 3471 4594 utinam
3502 4540 3618 4595 talis
3645 4552 3797 4595 6:8"!

2207 4627 2431 4700 scopus!
2454 4628 2549 4683 Hic
2578 4630 2749 4683 luctus
2772 4631 3103 4700 apostolicus
3122 4671 3137 4695 ,
3166 4630 3251 4686 hic
3280 4633 3439 4686 etiam
3484 4633 3797 4689 Dominicus

2209 4730 2291 4776 est
2324 4739 2337 4773 :
2385 4721 2612 4791 ploravit
2652 4722 2795 4777 enim
2836 4722 2990 4778 lesus
3017 4722 3424 4795 Jerosolymam.
3456 4725 3658 4780 Vellem
3692 4728 3799 4785 hac

2208 4814 2326 4885 lege
2356 4814 2587 4869 discerni
2620 4814 2813 4869 luctus.
2852 4815 3076 4883 Quando
3109 4826 3286 4871 autem
3318 4827 3598 4873 revocatus
3627 4820 3795 4875 verba

2205 4908 2460 4963 obtendis
2482 4949 2496 4974 ,
2547 4908 3016 4974 consuetudinem,
3049 4924 3267 4975 curam;
3302 4925 3406 4965 non
3434 4926 3494 4966 ea
3527 4910 3594 4966 de
3628 4926 3795 4967 causa

2214 5000 2362 5070 luges
2385 5039 2401 5064 ,
2433 4997 2525 5053 sed
2553 4999 2827 5054 obtentum
2860 5000 3084 5068 profers.
3130 5000 3276 5073 Luge
3319 5012 3653 5073 peccatorem
3679 5043 3697 5070 ,
3742 5015 3800 5060 rt

2212 5109 2311 5163 ego
2353 5092 2618 5164 lacrymas
2647 5084 2897 5159 fundam;
2943 5094 3050 5149 imo
3094 5105 3240 5151 tanto
3283 5100 3452 5168 magis
3493 5114 3650 5169 quam
3692 5109 3749 5153 tn
3779 5143 3796 5168 ,

2211 5194 2413 5253 quanto
2441 5185 2644 5255 majore
2675 5186 2765 5241 ille
2794 5187 3056 5257 supplicio
3082 5187 3343 5244 obnoxius
3366 5200 3449 5245 est
3486 5209 3499 5245 :
3529 5206 3632 5263 ego
3655 5209 3799 5262 quo-

2213 5290 2319 5346 que
2358 5274 2502 5331 hunc
2545 5276 2747 5332 habens
2775 5292 2999 5348 scopum
3021 5317 3036 5340 ,
3070 5278 3278 5349 lugebo.
3313 5280 3496 5337 Talem
3524 5292 3798 5342 mortuum

2218 5382 2323 5423 non
2366 5376 2417 5423 te
2442 5368 2613 5422 solum
2639 5410 2655 5435 ,
2696 5368 2791 5424 sed
2837 5378 2999 5423 totam
3030 5370 3304 5427 civitatem
3335 5372 3515 5443 lugere
3542 5383 3756 5445 oportet
3780 5418 3800 5444 ,

2217 5476 2422 5516 necnon
2450 5476 2639 5516 omnes
2668 5471 3043 5525 occurrentes,
3072 5478 3264 5531 nempe
3291 5464 3439 5534 quasi
3466 5478 3582 5530 cos,
3609 5469 3699 5536 qui
3730 5467 3801 5524 ad

2219 5564 2444 5609 mortem
2469 5554 2758 5609 ducuntur.
2788 5553 2927 5609 Vere
2959 5570 3188 5640 namque
3218 5556 3331 5611 hac
3357 5557 3493 5613 mals
3523 5573 3669 5613 mors
3692 5568 3803 5626 est,

2219 5661 2364 5702 mors
2393 5657 2765 5718 peccatorum.
2785 5645 2892 5702 Sed
2921 5664 3007 5703 res
3027 5662 3118 5702 sus
3143 5648 3316 5720 deque
3343 5664 3509 5703 versa!
3534 5658 3677 5713 sunt.
3704 5649 3805 5709 llic

2306 5740 2323 5769 ι
2361 5745 2488 5788 Unus
2509 5738 2621 5789 Cod.
2651 5738 2818 5799 habet,
2844 5738 3036 5803 hymnis
3058 5740 3370 5802 btudibusquc
3395 5740 3618 5805 dignum.
