3972 6212
496 5870 547 5898 φί

604 252 715 307 169

607 368 744 427 νοςὸ
771 363 1011 427 τοιοῦτος
1038 382 1050 395 '
1084 366 1174 419 καὶ
1222 361 1332 433 ἐγὼ
1371 365 1624 432 θρηνήσω
1676 360 1814 432 μετὰ
1855 359 2096 412 τοιούτου
2148 374 2273 410 σκο-

607 450 732 505 ποῦ.
786 452 859 503 υύ
892 452 950 504 σέ
974 450 1028 504 δέ
1058 452 1218 521 μόνον
1242 450 1333 503 τὸν
1360 450 1600 502 τοιοῦτον
1632 450 1709 501 δίί
1735 446 1976 516 θρηνεῖν,
2013 444 2147 497 ἀλλά
2178 445 2273 496 καὶ

588 543 704 604 ’τὴν
735 539 889 591 ⁴πόλιν
914 538 1130 593 ἃπασαν
1161 538 1254 590 καὶ
1282 538 1408 600 τούς
1457 534 1835 595 ἀπαντῶντας,
1868 531 2121 601 καθάπερ
2149 531 2273 592 τοὺς

606 626 698 678 ἐπὶ
729 625 959 679 θάνατον
988 624 1389 695 ἀπαγομένους.
1437 624 1642 683 Ὄντως
1691 620 1802 690 γάρ
1845 619 2073 680 Θάνατος
2123 612 2277 679 οὗτός

605 717 720 767 ἐστι
749 713 1005 786 πονηρὸς,
1029 716 1057 766 ὁ
1083 713 1190 765 τῶν
1221 711 1583 783 ἁμαρτωλῶν.
1648 709 1809 761 Ἀλλὰ
1859 707 1928 760 τὰ
1976 705 2088 759 ἅνω
2124 706 2277 758 κάτω

604 802 919 870 γεγένηται.
973 795 1141 864 Οὗτος
1187 802 1215 852 ό
1268 799 1463 871 θρῆνος
1512 798 1606 851 καὶ
1659 796 1976 865 φιλοσοφίας
2006 794 2145 857 ἐστὶ,
2182 792 2278 845 καὶ

601 888 949 942 διδασκαλίαν
996 887 1107 958 ἔχει
1162 886 1395 955 πολλήν·
1444 886 1651 946 ἐκεῖνος
1679 884 1736 935 δὲ
1768 880 2152 951 μικροψυχίας.
2214 879 2277 931 El

604 976 939 1045 ἐθρηνοῦμεν
968 975 1159 1028 τοῦτον
1178 975 1270 1027 τὸν
1298 974 1497 1045 θρῆνον
1522 975 1779 1036 ἅπαντες,
1822 970 2029 1034 ζῶντας
2060 969 2126 1023 ἂν
2181 969 2279 1023 αὐ-

601 1064 726 1126 τοὺς
754 1062 1165 1133 διωρθώσαμεν.
1198 1062 1410 1131 Ὥσπερ
1440 1057 1532 1114 οῦν
1568 1061 1615 1112 εἰ
1648 1058 1833 1128 κύριος
1867 1071 1891 1098 ι
1918 1054 1984 1128 ἧς
2009 1057 2277 1126 φάρμακα

602 1151 920 1217 ἐπενεγκεῖν
975 1147 1254 1201 κωλύοντα
1301 1148 1392 1201 τὸν
1425 1149 1654 1201 θάνατον
1691 1149 1896 1199 ἐκεῖνον
1928 1146 2017 1198 τὸν
2046 1161 2279 1213 σωματι-

604 1236 716 1299 κὸν,
742 1236 1001 1304 ἐποίησας
1026 1236 1091 1289 ἄν
1117 1251 1131 1266 ο
1157 1234 1300 1287 οὕτω
1337 1236 1429 1288 καὶ
1470 1234 1584 1297 νῦν,
1620 1234 1672 1286 εἴ
1699 1250 1762 1301 γε
1794 1231 1980 1285 τοῦτον
2029 1232 2277 1301 ἐθρήνεις

601 1324 692 1377 τὸν
719 1322 971 1387 θάνατον,
1003 1319 1282 1383 ἐκώλυσας
1310 1320 1374 1374 ἂν
1405 1320 1495 1373 καὶ
1525 1321 1620 1373 ἐπὶ
1651 1320 1767 1382 σοῦ,
1802 1320 1898 1373 καὶ
1932 1320 2017 1371 ἐπ’
2064 1319 2275 1371 ἐκείνου

601 1410 759 1464 τοῦτο
781 1410 1052 1479 γενέσθαι.
1079 1409 1193 1463 Νῦν
1217 1408 1274 1461 δέ
1308 1409 1535 1479 αἴνιγμά
1563 1409 1679 1460 ἐστι
1711 1408 1773 1459 τὸ
1818 1407 2098 1478 γινόμενον
2118 1424 2130 1436 ·
2188 1424 2277 1458 κυ-

606 1496 753 1567 ρίους
790 1496 888 1567 μὲν
912 1495 1071 1559 ὄντας
1104 1497 1179 1567 μὴ
1209 1498 1557 1566 συγχωρῆσαι
1582 1495 1770 1548 τοῦτον
1800 1495 2063 1555 ἐπελθεῖν,
2118 1496 2274 1563 ἀφεῖ-

603 1604 689 1638 ναι
733 1584 1006 1652 γενέσθαι.
1051 1585 1343 1654 γενόμενον
1398 1585 1453 1636 δὲ
1512 1584 1748 1635 πενθεῖν.
1796 1584 2004 1643 Ὄντως
2063 1581 2275 1652 θρήνων

602 1673 764 1738 ἄξιοι,
800 1673 929 1725 ὅταν
990 1672 1313 1741 παραστῶσι
1366 1672 1443 1740 τῷ
1500 1670 1701 1740 βήματι
1753 1670 1847 1722 τοῦ
1896 1668 2153 1738 Χριστοῦ,
2186 1663 2275 1720 οἷα

600 1758 924 1813 ἀκούσονται
961 1759 1214 1830 ῥήματας
1270 1753 1355 1811 οἷα
1422 1760 1697 1810 πείσονται
1763 1757 2099 1827 πράγματα;
2138 1753 2273 1823 Είκῆ

601 1845 802 1916 ἔζησαν
833 1840 978 1900 οὗτοι
999 1861 1011 1874 ⁸
1057 1845 1259 1916 μᾶλλον
1291 1845 1345 1898 δὲ
1370 1846 1468 1897 οὐκ
1499 1844 1644 1914 είκῆ,
1680 1843 1816 1896 ἀλλὰ
1844 1844 1938 1897 καὶ
1965 1843 2057 1895 ἐπὶ
2096 1840 2271 1910 κακῷ.

604 1933 711 1985 Καὶ
739 1932 832 1985 ἐπὶ
860 1932 1064 1985 τούτων
1094 1932 1352 2003 εὐκαιρον
1386 1935 1558 1986 εἰπεῖν
1586 1949 1598 1961 ·
1640 1931 1926 2003 Συμφέρον
1968 1926 2036 2002 ἦν
2067 1930 2272 1993 αὐτοῖς,

602 2019 649 2070 εί
673 2019 774 2071 οὐκ
799 2018 1189 2089 ἐγεννήθησαν.
1229 2019 1294 2071 Τί
1316 2020 1425 2090 γὰρ
1453 2018 1666 2087 δφελος,
1717 2018 1836 2070 είπέ
1878 2035 1989 2089 μοι,
2026 2017 2277 2070 τοσοῦτον

601 2105 875 2159 ἀναλῶσαι
907 2106 1097 2175 χρόνον
1129 2106 1220 2158 ἐπὶ
1248 2105 1405 2175 κακῷ
1432 2107 1531 2176 τῆς
1552 2106 1759 2157 ἑαυτῶν
1783 2105 2057 2175 κεφαλῆςς
2086 2106 2148 2157 Εἰ
2169 2103 2277 2175 γάρ

601 2195 723 2262 εικῆ
756 2191 914 2263 μόνον
935 2192 1199 2255 ἀνάλωτο,
1226 2193 1325 2245 οὐκ
1359 2192 1425 2244 ἂν
1453 2192 1685 2264 ἤρκεσεν
1707 2195 1739 2261 ἡ
1765 2191 1959 2262 ζημία.
2003 2189 2138 2243 Εἰπέ
2163 2206 2273 2259 μοι,

600 2280 654 2333 εῖ
680 2295 765 2342 τις
813 2278 1085 2349 μισθωτὸς
1132 2279 1423 2349 γενόμενος
1472 2280 1677 2331 εἴκοσιν
1726 2278 1821 2348 ἐτη
1878 2278 2276 2331 κατακόπτοιτο

601 2364 746 2435 εικῆ,
782 2366 846 2417 οὐ
900 2366 1198 2417 κλαύσεται
1243 2367 1337 2418 καὶ
1380 2364 1661 2434 θρηνήσει,
1717 2366 1810 2417 καὶ
1856 2361 1999 2428 δόξει
2058 2362 2275 2416 πάντων

600 2451 958 2524 ἐλεεινότερος
1000 2448 1172 2516 εἷναις
1218 2452 1328 2504 Καὶ
1376 2445 1533 2514 οὗτος
1574 2453 1755 2504 πᾶσαν
1801 2453 1899 2522 τὴν
1959 2450 2103 2520 ζωὴν
2149 2450 2273 2520 είκῆ

600 2538 901 2607 κατεκόπη,
942 2539 1065 2592 οὐδὲ
1097 2540 1229 2608 μίαν
1257 2539 1473 2609 ἡμέραν
1541 2539 1736 2608 ἔζησεν
1784 2537 1983 2608 ἐαυτῷ,
2025 2537 2162 2592 ἀλλά
2204 2540 2273 2608 τῇ

600 2627 801 2696 τρυφῇ,
833 2628 898 2695 τῇ
948 2624 1227 2695 ἀσελγείᾳ,
1276 2628 1342 2695 τῇ
1404 2625 1710 2697 πλεονεξίᾳ,
1759 2628 1826 2696 τῇ
1875 2625 2142 2695 ἁμαρτίᾳ,
2194 2623 2275 2694 τῷ

600 2712 849 2783 διασόλῳ.
893 2712 1096 2766 Τοῦτον
1129 2708 1222 2766 οὖν
1249 2713 1310 2765 οὐ
1338 2712 1685 2783 θρηνήσομεν
1706 2729 1720 2778 ;
1741 2714 1860 2765 εἰπέ
1891 2730 1978 2782 μοι
2003 2729 2016 2742 ο
2064 2713 2124 2765 οὐ
2159 2728 2277 2765 πει-

603 2799 882 2873 ρασόμεθα
917 2801 1026 2853 τῶν
1060 2799 1323 2854 κινδύνων
1354 2800 1698 2872 ἐξαρπάσαις
1736 2800 1893 2854 Ἔστι
1920 2801 2051 2872 γὰρ,
2102 2800 2271 2865 ἐστιν,

601 2885 699 2939 ἐὰν
729 2886 991 2958 θέλωμεν,
1013 2888 1224 2957 κούφην
1256 2888 1405 2958 αὐτῷ
1433 2888 1684 2957 γενέσθαι
1718 2887 1817 2958 τὴν
1849 2888 2067 2941 κόλασιν
2091 2887 2138 2939 δ.
2179 2890 2276 2940 Ἂν

599 2966 694 3027 οὖν
726 2974 892 3045 εὐχὰς
922 2974 1063 3045 ὑπὲρ
1091 2975 1257 3029 αὐτοῦ
1292 2977 1534 3047 ποιῶμεν
1562 2974 1717 3048 [175]
1749 2978 2010 3045 συνεχεῖς,
2032 2975 2098 3028 ἂν
2118 2974 2275 3046 ἐλεη-

604 3061 842 3133 μοσύνην
874 3062 1106 3133 διδῶμεν
1127 3078 1141 3092 ⁸
1175 3062 1276 3116 κᾶν
1307 3064 1518 3124 ἐκεῖνος
1539 3062 1756 3128 ἀνάξιος
1789 3058 1846 3135 ᾖ,
1900 3064 2050 3132 ἡμᾶς
2074 3064 2107 3114 ύ
2143 3062 2277 3124 θεὸς

597 3149 1004 3219 δυσωπήσεται.
1030 3150 1093 3203 Et
1126 3150 1213 3203 διὰ
1244 3150 1454 3203 Παῦλον
1486 3150 1705 3220 ἐτέρους
1756 3150 2007 3215 διέσωσε,
2065 3150 2159 3202 καί
2208 3149 2275 3202 δι’

594 3235 841 3298 ᾶλλουςθ
895 3235 1068 3289 ἄλλων
1137 3236 1409 3304 φείδεταιο
1447 3236 1563 3298 πῶς
1618 3236 1736 3306 οὐχὶ
1790 3236 1885 3288 καὶ
1940 3235 2006 3288 δι’
2041 3237 2187 3305 ἡμᾶς
2216 3235 2278 3288 τὸ

589 3320 737 3373 ἀὐτὸ
767 3319 924 3374 τοῦτο
951 3321 1280 3391 ἐργάσεταις
1329 3322 1423 3374 Ἐκ
1446 3321 1553 3373 τῶν
1581 3323 1791 3374 ἐκείνου
1837 3339 1942 3393 χρη
1954 3322 2163 3392 μάτων,
2213 3323 2276 3374 ἐκ

595 3407 711 3459 τῶν
746 3407 876 3472 σῶν,
910 3406 1033 3460 ὅθεν
1068 3406 1136 3461 ἂν
1168 3406 1353 3481 θέλῃς,
1396 3408 1665 3480 βοήθησον
1688 3426 1703 3441 ο
1734 3409 2022 3474 ἐπίσταξον
2073 3409 2273 3472 ἔλαιον,

603 3494 807 3564 μᾶλλον
838 3494 897 3547 δὲ
930 3493 1099 3565 ὕδωρ.
1144 3494 1259 3548 Οὐκ
1310 3494 1422 3565 ἔχει
1470 3495 1844 3567 ἐλεημοσύνας
1897 3496 2106 3560 οἰκείας
2155 3499 2277 3550 ἐπι-

600 3579 918 3645 δείξασθαι;
949 3580 1067 3635 Κάν
1107 3581 1456 3650 συγγενικὰς.
1525 3583 1640 3636 Οὐκ
1678 3583 1791 3654 ἔχει
1838 3584 1937 3648 τὰς
1986 3584 2077 3637 ὐπ’
2110 3584 2275 3638 αὐτοῦ

605 3668 977 3738 γεγενημένας
1001 3683 1016 3732 ;
1043 3666 1162 3722 Κᾶν
1186 3667 1287 3731 τὰς
1318 3669 1457 3740 ὑπὲρ
1489 3669 1677 3724 αὐτοῦ.
1733 3668 1890 3724 Οὕτω
1945 3671 2086 3739 μετὰ
2133 3674 2277 3744 παῤ-

608 3756 804 3829 ρησίας
831 3754 994 3809 αὐτὸν
1020 3756 1421 3827 παραιτήσεται
1450 3757 1569 3811 τότε
1610 3759 1644 3829 ὴ
1696 3756 1857 3828 γυνὴ,
1891 3758 2085 3830 λῦτρον
2139 3760 2278 3831 ὑπὲρ

604 3839 772 3893 αὐτοῦ
821 3839 1189 3912 καταθεμένη.
1245 3842 1398 3913 Ὀσῳ
1443 3843 1708 3897 πλειόνων
1766 3844 1988 3912 γέγονεν
2026 3847 2278 3915 ἁμαρτη-

600 3928 792 3998 μάτων
813 3927 1131 3992 ὑπεύθυνος,
1159 3928 1401 4000 τοσούτῳ
1432 3932 1696 4001 μειζόνως
1720 3932 1869 4003 αὐτῷ
1892 3933 1973 3986 δεῖ
1995 3933 2094 4002 τῆς
2121 3934 2278 4003 ἐλεη-

604 4017 868 4087 μοσύνης.
894 4016 971 4071 θύ
1014 4016 1111 4070 Δδιὰ
1158 4016 1321 4071 τοῦτο
1364 4018 1421 4071 δὲ
1477 4019 1658 4089 μόνον,
1709 4019 1824 4072 ἀλλ’
1861 4021 1943 4072 ὅτι
2005 4020 2123 4072 οὐδὲ
2158 4021 2279 4091 ῐσην

606 4102 719 4175 ἔχει
751 4103 850 4175 τὴν
885 4104 1039 4175 ἰσχὺν
1065 4103 1182 4168 νῦν,
1211 4104 1327 4158 ἀλλ’
1353 4104 1562 4158 ἐλάττω
1595 4105 1793 4175 πολλῷ.
1839 4106 1915 4157 Οὐ
1975 4107 2082 4175 γάρ
2133 4109 2282 4159 ἐστιν

610 4192 745 4253 ἴσον,
773 4192 935 4245 αὐτόν
969 4209 1091 4245 τινα
1111 4192 1363 4261 ποιῆσαι,
1394 4193 1489 4244 καὶ
1514 4192 1698 4263 ἕτερον
1717 4192 1856 4261 ὑπὲρ
1874 4192 2060 4246 αὐτοῦ.
2078 4194 2167 4257 Ὠς
2184 4189 2279 4247 οῦν

605 4279 887 4340 ἐλάττονος
899 4278 1063 4348 οὔσης
1072 4316 1088 4342 ,
1104 4278 1244 4331 οὕτω
1256 4278 1332 4348 τῷ
1347 4277 1820 4348 πλήθειζμεγίστην
1832 4279 2074 4349 ποιῶμεν
2086 4280 2278 4351 αὐτήν.

670 4365 772 4434 Μὴ
793 4367 922 4432 περὶ
948 4365 1190 4434 σήματα,
1221 4364 1297 4435 μὴ
1317 4364 1447 4435 περὶ
1471 4366 1700 4434 ἐντάφια
1712 4364 2087 4435 ἀσχολώμεθα.
2115 4369 2277 4438 Περί-

608 4462 808 4515 στησον
837 4446 1039 4517 χήρας·
1073 4446 1232 4499 τοῦτο
1260 4446 1510 4515 ἐντάφιον
1544 4448 1812 4517 μέγιστον.
1838 4449 1973 4501 Εἰπὲ
2006 4448 2242 4520 τοῦνομα
2260 4467 2277 4483 ο

606 4528 792 4592 πάσας
848 4528 1104 4582 κέλευσον
1162 4529 1301 4601 ὑπὲρ
1350 4529 1516 4583 αὐτοῦ
1569 4529 1841 4584 ποιεῖσθαι
1909 4530 2008 4595 τὰς
2046 4531 2275 4602 δεήσεις,

558 4678 563 4685 .
599 4611 705 4665 ςκαὶ
731 4611 832 4675 τὰς
867 4611 1147 4682 ἱκετηρίας
1169 4627 1184 4642 ο
1214 4611 1529 4682 δυσωπήσει
1554 4612 1713 4666 τοῦτο
1754 4613 1845 4667 τὸν
1892 4614 2049 4679 Θεὸν,
2084 4617 2131 4666 εἰ
2184 4617 2278 4670 καὶ

549 4688 556 4695 ’
613 4691 691 4765 μὴ
731 4692 821 4747 ὐπ’
849 4692 1038 4759 αὐτοῦ,
1081 4691 1217 4746 ἀλλά
1257 4693 1324 4746 δι’
1390 4694 1554 4748 αὐτὸν
1613 4695 1799 4765 ἕτερος
1847 4697 2019 4759 αἴτιος
2070 4698 2279 4764 γίνεται

601 4776 711 4847 τῆς
741 4775 1131 4847 ἐλεημοσύνης.
1188 4775 1302 4829 Καὶ
1347 4777 1506 4829 τοῦτο
1530 4777 1706 4847 δόγμα
1740 4780 1842 4848 τῆς
1866 4777 1961 4830 τοῦ
1993 4779 2127 4831 Θεοῦ
2160 4781 2271 4849 φιλ-

609 4861 926 4935 ανθρωπίας
972 4861 1121 4917 ἐστί.
1165 4861 1346 4930 Χῆραι
1387 4859 1752 4931 περιεστῶσαι
1788 4860 1881 4913 καὶ
1912 4860 2276 4933 δακρύουσαι,

598 4942 733 5013 οὐχὶ
754 4943 851 4996 τοῦ
886 4944 1175 5014 παρόντος,
1218 4942 1356 4996 ἀλλά
1399 4943 1494 4995 καὶ
1538 4942 1631 4996 τοῦ
1692 4942 1975 5014 μέλλοντος
2029 4944 2279 5000 δύνανται

604 5023 920 5095 ἐξαρπάσαι
951 5024 1201 5080 θανάτου.
1244 5026 1435 5078 Πολλοὶ
1459 5026 1554 5077 καὶ
1585 5027 1648 5078 ἐκ
1672 5024 1780 5077 τῶν
1829 5026 1918 5095 ὐφ’
1954 5026 2159 5097 ἐτέρων
2210 5028 2280 5081 δι’

613 5107 809 5169 αὐτοὺς
844 5108 1227 5179 γεγενημένων
1260 5106 1642 5180 ἐλεημοσυνῶν
1701 5107 2007 5160 ἀπώναντο.
2051 5109 2115 5161 Εἰ
2170 5108 2280 5180 γάρ

606 5189 709 5240 ικαὶ
738 5189 812 5257 μὴ
845 5188 1049 5250 τέλεον.
1080 5189 1355 5258 ἀλλ’ὃμως
1390 5188 1742 5260 παραμυθίαν
1763 5184 1920 5260 εὗρόν
1946 5208 2094 5244 τινα·
2135 5193 2279 5255 ἐπεὶ,

606 5272 662 5325 »εἰ
683 5273 759 5341 μὴ
788 5270 944 5324 τοῦτό
966 5272 1109 5335 ἐστι,
1139 5273 1256 5335 πῶς
1278 5272 1345 5324 τὰ
1369 5271 1555 5324 παιδία
1583 5271 1814 5337 σώζεται
1838 5290 1851 5337 ;
1882 5274 2059 5326 καίτοι
2083 5291 2145 5342 γε
2166 5276 2283 5328 ἐκεῖ

602 5353 765 5406 οὐδὲν
797 5351 935 5404 αὐτά
964 5352 1229 5423 εἰσφέρει,
1252 5352 1366 5405 ἀλλ’
1396 5356 1443 5406 οἱ
1476 5357 1653 5420 γονεῖς
1674 5356 1734 5407 τὸ
1761 5357 1895 5408 πᾶν·
1924 5357 2018 5408 καὶ
2039 5356 2281 5425 γυναιξὶν

608 5434 878 5507 ἐχαρίσθη
911 5435 1098 5487 παιδία
1151 5434 1432 5498 πολλάκις,
1483 5437 1637 5489 οὐδὲν
1690 5439 1830 5491 αὐτὰ
1883 5440 2279 5509 εἰσενεγκόντα.

610 5518 824 5582 Πολλὰς
860 5519 989 5587 ἡμῖν
1023 5519 1051 5570 ὁ
1081 5516 1212 5580 Θεὸς
1231 5516 1327 5570 τοῦ
1358 5519 1623 5584 σώζεσθαι
1649 5520 1881 5574 δέδωκεν
1909 5521 2085 5585 ὁδοὺς,
2121 5523 2282 5593 μόνον

614 5602 695 5673 μὴ
729 5602 1017 5673 ἀμελῶμεν
1780 5604 1794 5619 “

673 5708 717 5773 ⁸,
742 5706 840 5773 Alii
869 5708 1151 5773 ὥσπερῌγὰρ
1169 5707 1209 5756 εἰ
1229 5705 1401 5773 κύριος.
1498 5705 1530 5744 Ιι
1554 5706 1690 5773 [lpus
1712 5708 1917 5770 θέλωμεν
1954 5711 2131 5773 ἡμέραν
2154 5710 2284 5771 αὐτῷ

614 5771 827 5825 γενέσθαι
861 5771 947 5826 τὴν
986 5769 1198 5818 κόλασιν.
1287 5773 1309 5797 ε
1338 5769 1517 5816 Vocem
1561 5769 1748 5826 ἄλλους,
1779 5769 1874 5830 (ινα
1901 5769 2130 5821 carebant
2163 5769 2284 5822 editi

618 5842 807 5892 omnes,
841 5843 958 5881 mss.
1001 5833 1290 5881 auctoritate
1343 5831 1651 5879 inseruimus.
1682 5831 1814 5879 lion.

1386 250 1443 303 S.
1483 246 1769 303 JOANMS
1801 243 2289 302 CHRYSOSTOMI
2331 242 2651 298 ARCIIIEP.
2685 241 3228 301 CONSTANTINOP.

2451 358 2511 410 ε’.
2563 358 2626 410 Τί
2655 355 2769 423 οῦν,
2791 362 2856 415 ἀν
2884 377 2966 425 τις
2998 358 3238 434 πένηςῇ.
3274 363 3441 433 φησί;
3470 362 3609 419 Πάλιν
3650 364 3736 435 ἐρῶ

2379 445 2441 497 λὺ
2478 446 2576 515 τῆς
2637 447 3004 519 ὲλεημοσύνης
3041 450 3141 501 οὐκ
3200 450 3263 501 ὲκ
3315 451 3423 502 τῶν
3460 450 3701 520 διδομένων

2383 533 2565 600 μόνον,
2593 531 2729 586 ἀλλά
2769 535 2945 586 καὶέκ
2991 535 3088 602 τῆς
3155 535 3530 604 προαιρέσεως.
3574 538 3722 589 Μόνον

2378 617 2597 670 ἔλαττον
2641 618 2741 687 τῆς
2794 619 3097 686 δυνάμεως,
3144 622 3240 674 καὶ
3285 621 3346 673 τὸ
3384 623 3484 674 πᾶν
3512 623 3735 688 ἐξέτισας.

2380 707 2533 775 φησὶ,
2563 706 2628 759 ἂν
2659 707 2866 777 ἕρημος
2964 709 3057 760 καὶ
3086 708 3253 773 ξένος,
3295 712 3390 763 καὶ
3426 710 3601 779 μηδένα
3632 713 3736 783 ἔχῃς

2377 796 2486 863 γὰρ
2519 793 2720 863 μηδένα
2754 794 2902 863 ἔχεις
2942 794 3061 847 εἰπέ
3126 814 3236 865 μοι.
3287 798 3471 867 Τούτῳ
3524 800 3653 867 αὐτῴ
3697 802 3736 852 δί

2378 898 2501 951 κην,
2547 883 2629 935 ὅτι
2691 882 2897 953 μηδένα
2951 883 3094 935 οὕτω
3157 884 3329 954 φίλον,
3373 884 3531 948 οὕτως
3589 888 3736 956 ἐνόιρε⁴

2378 970 2549 1023 Τοῦτο
2610 966 2704 1023 οῦν
2754 970 2983 1039 γίνεται,
3040 971 3146 1035 ἵνα,
3180 973 3286 1025 κᾶν
3315 974 3463 1026 αὐτοὶ
3492 974 3558 1043 μὴ
3582 968 3712 1044 ὦμεν

2380 1058 2768 1128 σπουδάζωμεν
2803 1059 3053 1131 ἐταίρους
3088 1061 3183 1112 καὶ
3215 1061 3402 1129 φίλους
3434 1063 3694 1131 ἐναρέτους
3722 1065 3736 1114 ἑ

2379 1149 2613 1213 γυναῖκα
2639 1148 2733 1200 καὶ
2752 1146 2885 1205 υἱὸν,
2919 1147 2995 1209 ὼς
3024 1148 3396 1220 καρπούμενοί
3450 1166 3498 1202 τι
3545 1150 3631 1202 καὶ
3673 1149 3730 1201 δι’

2382 1233 2579 1304 μικρὸν
2636 1233 2734 1303 μὲν
2787 1234 3181 1304 καρπούμενοι,
3211 1235 3570 1306 καρπούμενοι
3597 1238 3647 1290 δὲ
3675 1240 3736 1307 ὅμ

2380 1321 2714 1393 σπουδάσῃς,
2746 1322 2820 1392 μὴ
2852 1322 3208 1386 πλουτοῦσαν,
3233 1322 3349 1376 ἀλλ’
3380 1323 3570 1394 εὐλαδῆ
3594 1329 3736 1392 γυναῖ

2376 1408 2590 1476 γέσθαι,
2627 1407 2827 1480 ταύτης
2861 1408 2887 1447 ἀ
2920 1409 3203 1482 ἀπολαύσῃ
3250 1410 3348 1480 τῆς
3399 1412 3736 1482 παραμυθίας.

2378 1496 2443 1547 ἂν
2476 1496 2807 1567 σπουδάσῃς,
2872 1496 2947 1566 μὴ
2994 1497 3329 1549 πλουτοῦντα
3385 1499 3495 1551 υἱὸν
3550 1500 3736 1551 καταλι

2377 1582 2601 1652 εὐλαϐῆ,
2661 1584 2757 1637 καὶ¹
2817 1583 3109 1655 θυγάτριον
3179 1585 3414 1654 σεμνὸν,
3479 1587 3566 1638 καὶ
3623 1586 3736 1639 οὓτο

2376 1670 2659 1742 ἀπολαύσῃ
2719 1672 2820 1741 τῆς
2877 1672 3250 1741 παραμυθίας.
3319 1674 3415 1723 Ἂν
3474 1672 3633 1725 ταῦτα
3697 1690 3736 1724 σ⁴

2376 1757 2470 1810 καὶ
2493 1758 2653 1821 αὐτὸς
2705 1759 2802 1829 ἔσῃ
2848 1759 3105 1821 τοιοῦτος.
3157 1759 3266 1812 Καὶ
3313 1758 3469 1812 τοῦτο
3523 1760 3674 1830 μέρος
3711 1761 3736 1811 ό

2376 1845 2651 1908 τοιούτους
2677 1846 2949 1915 αἱρεῖσθαι
2981 1846 3074 1899 καὶ
3100 1846 3308 1915 φίλους,
3329 1847 3422 1900 καὶ
3438 1850 3676 1914 γυναῖκα,
3701 1866 3731 1899 κ

2448 1934 2561 1986 Οὐκ
2598 1932 2721 2003 είκῆ
2756 1934 3063 2003 προσφοραὶ
3089 1934 3230 2001 ὑπὲρ
3256 1933 3364 1985 τῶν
3399 1933 3719 1987 ἀπελθόντων

2376 2020 2475 2072 οὐκ
2500 2019 2622 2089 εἰκῆ
2646 2020 2936 2091 ίκετηρίαι,
2965 2022 3066 2072 οὐκ
3095 2022 3214 2091 εἰκῆ
3246 2020 3629 2092 ἐλεημοσύναι·
3659 2021 3736 2073 ταὶ

2376 2110 2437 2160 τὸ
2470 2108 2692 2177 Πνεῦμα
2716 2107 2946 2172 διέταξε,
2972 2108 3038 2160 δι’
3070 2108 3313 2179 ἀλλήλων
3340 2110 3371 2177 ή
3382 2110 3483 2177 μᾶς
3507 2108 3736 2177 ὠφελεῖσί

2380 2190 2711 2260 μενον.Ὅρα
2745 2194 2852 2261 γάρ
2871 2207 2883 2221 ·
2916 2190 3214 2259 Ὠφελεῖται
3234 2189 3689 2262 [1761ὲκείνοςδιά
3717 2208 3736 2242 ο

2380 2280 2443 2330 σύ
2501 2279 2568 2331 δι’
2623 2281 2862 2331 ἐκεῖνον·
2923 2278 3333 2348 κατεφρόνησας
3393 2279 3702 2349 χρημάτων,

2378 2364 2714 2436 ἐργάσασθαί
2735 2382 2787 2417 τι
2821 2367 3063 2432 γενναῖον
3082 2381 3096 2394 ο
3130 2365 3225 2417 καὶ
3248 2366 3311 2418 σὺ
3335 2365 3483 2434 αὐτῴ
3508 2370 3602 2434 τῆς
3630 2382 3733 2417 σωτ

2377 2452 2536 2515 αὐτὸς
2565 2453 2647 2505 σοὶ
2672 2452 2772 2523 τῆς
2801 2452 3171 2522 ἐλεημοσύνης
3226 2452 3447 2521 γέγονεν
3489 2453 3673 2515 αἴτιος.
3716 2454 3736 2504 Β

2377 2538 2561 2601 θαλλε,
2595 2541 2678 2593 ὅτι
2706 2538 3061 2609 καρπώσεταί
3105 2556 3157 2591 τι
3191 2540 3444 2610 χρηστόν.
3496 2541 3605 2609 Οὐχ
3655 2540 3736 2592 άπῖ

2376 2642 2533 2691 κονος
2557 2627 2675 2698 βοᾷο
2717 2627 2889 2698 ’Υπὲρ
2906 2626 3014 2679 τῶν
3034 2627 3093 2678 ἐν
3121 2626 3339 2696 Χριστῷ
3367 2644 3596 2697 κεκοιμη
3607 2629 3736 2696 μένα

2377 2717 2475 2779 τὰς
2512 2715 2700 2785 μνείας
2732 2714 2873 2785 ὑπὲρ
2907 2714 3084 2766 αὐτῶν
3116 2714 3583 2783 ἐπιτελουμένων·
3616 2716 3711 2783 οὐχ

2378 2805 2524 2855 ἐστιν
2586 2804 2614 2855 ό
2658 2801 2859 2872 ταύτην
2911 2801 3093 2863 ἀφιεὶς
3125 2798 3221 2870 τὴν
3251 2801 3453 2870 φωνὴν,
3480 2801 3614 2853 ἀλλά
3640 2802 3698 2853 τὸ
3728 2802 3736 2854 1

2378 2891 2532 2958 ἀγιον
2562 2901 2584 2928 ε
2609 2907 2623 2920 ·
2658 2889 2719 2941 τὸ
2746 2888 2800 2940 δὲ
2832 2888 3075 2957 χάρισμα
3108 2887 3271 2955 λέγω.
3300 2888 3363 2939 Τί
3391 2887 3606 2954 λέγεις;
3646 2886 3731 2939 Ἐν

2378 2976 2538 3029 θυσία
2557 3016 2572 3038 ,
2603 2977 2698 3028 καὶ
2728 2976 2904 3029 πάντα
2953 2974 3238 3042 πρόκειται
3291 2975 3703 3047 ηὐτρεπισμένα
3725 2992 3736 3006 ·

2379 3064 2618 3133 ἄγγελοι,
2659 3062 2989 3133 ἀρχάγγελοι
3012 3079 3024 3091 ·
3069 3061 3333 3131 πάρεστιν
3360 3065 3387 3114 ό
3415 3062 3541 3124 Υἱὸς
3568 3061 3661 3114 τοῦ
3704 3066 3736 3113 ﬂ

2376 3152 2645 3220 τοσαύτης
2694 3151 2897 3219 φρίκης
2952 3150 3247 3219 ἑστήκασιν
3302 3148 3575 3210 ἀπαντεςο
3644 3168 3736 3218 παι

2377 3238 2572 3290 ἐκεῖνοι
2608 3236 2860 3305 βοῶντες,
2923 3236 3140 3287 πάντων
3198 3234 3510 3301 σιγώντων
3571 3235 3666 3288 καὶ
3720 3237 3736 3286 i

2377 3322 2621 3390 γίνεσθαι
2649 3321 2717 3373 τὰ
2748 3320 3038 3391 γινόμενα;
3068 3320 3275 3373 Οὐκοῦν
3309 3320 3402 3373 καὶ
3431 3320 3500 3373 τά
3529 3320 3666 3375 ἄλλα
3704 3324 3736 3373 ἀ

2376 3411 2444 3464 τὰ
2466 3412 2605 3481 ὑπὲρ
2633 3409 2731 3478 τῆς
2774 3409 3119 3478 Ἑκκλησίας,
3143 3410 3237 3461 καὶ
3261 3410 3328 3462 τά
3361 3409 3500 3479 ὑπὲρ
3534 3409 3644 3461 τῶν
3670 3411 3736 3479 te;

2380 3500 2675 3569 φερόμενα,
2709 3497 2802 3550 καὶ
2828 3496 2895 3548 τὰ
2929 3497 3068 3566 ὑπὲρ
3107 3496 3200 3548 τοῦ
3229 3495 3634 3567 πληρώματοςς
3671 3500 3736 3551 Μ’

2377 3584 2515 3638 ἀλλὰ
2563 3584 2742 3637 πάντα
2799 3584 2939 3654 μετά
2987 3584 3221 3645 πίστεως
3273 3584 3504 3651 γίνεται.
3564 3584 3631 3636 Τί
3694 3587 3736 3638 οἱ

2383 3671 2676 3743 μαρτύρων
2696 3670 3122 3742 προσφέρεσθαι,
3150 3669 3209 3721 τὸ
3238 3670 3505 3740 κληθῆναι
3530 3672 3592 3723 ἐν
3613 3671 3732 3723 ἐκεί

2380 3758 2501 3810 Κᾶν
2536 3758 2812 3829 μάρτυρες
2839 3751 2962 3821 ὦσι,
2991 3756 3093 3809 κᾶν
3123 3757 3264 3827 ὑπὲρ
3292 3758 3611 3827 μαρτύρων,
3672 3775 3736 3826 με

2380 3847 2442 3898 τὸ
2479 3844 2869 3915 ὀνομασθῆναι,
2902 3844 2994 3896 τοῦ
3025 3843 3294 3896 Δεσπότου
3351 3846 3649 3914 παρόντος,
3681 3862 3736 3897 τς

2380 3931 2800 4001 ἐπιτελουμένου
2826 3929 3053 3995 ἐκείνου,
3082 3930 3180 3999 τῆς
3212 3932 3448 4001 φρικτῆς
3470 3928 3494 3969 τ
3542 3931 3736 3991 θυσίας

2378 4035 2489 4072 των
2508 4018 2841 4090 μυστηρίων.
2871 4016 3136 4087 Καθάπερ
3167 4018 3274 4088 γάρ
3297 4017 3618 4088 καθημένου
3651 4016 3736 4069 τοῖ

2380 4108 2480 4160 ὅσα
2513 4106 2580 4160 ἄν
2603 4123 2686 4169 τις
2713 4104 2991 4176 βούληται,
3010 4103 3162 4157 ἀνύει
3182 4119 3196 4132 °
3228 4104 3548 4174 ὲγερθέντος
3580 4104 3663 4167 δὲ,
3702 4106 3732 4157 ὃ

2380 4195 2503 4265 εἰκῆ
2550 4195 2697 4265 ἐρεῖ·
2742 4191 2887 4246 οὓτω
2940 4193 3033 4245 καὶ
3073 4193 3217 4254 τότε,
3249 4192 3354 4255 ἕως
3405 4191 3476 4245 ἂν
3533 4193 3736 4263 πρόκει

2385 4280 2720 4351 μυστηρίων,
2762 4282 2897 4332 πᾶσι
2952 4279 3087 4349 τιμὴ
3139 4278 3367 4349 μεγίστη
3399 4279 3461 4331 τὸ
3503 4280 3736 4349 μνήμης

2385 4370 2528 4438 Ὅρα
2556 4367 2685 4438 γάρ·
2716 4365 3161 4434 Καταγγέλλεται
3184 4367 3304 4418 τότε
3324 4366 3383 4419 τὸ
3408 4366 3730 4436 μυστήριον

2379 4455 2461 4507 ὅτι
2502 4454 2643 4524 ὑπὲρ
2670 4454 2771 4524 τῆς
2793 4451 3119 4522 οίκουμένης
3154 4452 3351 4505 ἔδωκεν
3397 4453 3609 4507 ἑαυτὸν
3641 4454 3673 4505 ὁ
3706 4452 3736 4504 Ε

2379 4540 2474 4594 τοῦ
2536 4538 2812 4609 θαύματος
2863 4539 3076 4592 ἐκείνου
3121 4540 3389 4609 εὐκαίρως
3430 4542 3736 4611 ὑπομιμνή

2380 4627 2488 4681 τῶν
2517 4625 2935 4697 ἡμαρτηκότων.
2968 4626 3235 4697 Καθάπερ
3259 4627 3366 4697 γὰρ
3396 4628 3533 4681 ὅταν
3562 4628 3736 4681 ἐπινί;

2382 4712 2572 4767 σιλέων
2592 4714 2814 4783 ἄγηται,
2840 4713 2959 4766 τότε
2988 4713 3357 4784 εὐφημοῦνται
3387 4713 3493 4783 μὲν
3526 4716 3631 4768 καὶ
3660 4717 3735 4768 ὅση

2381 4800 2767 4870 ἐκοινώνησαν,
2817 4800 3070 4869 ἀφίενται
3116 4800 3173 4853 δὲ
3219 4802 3313 4854 καὶ
3343 4802 3462 4855 ὅσοι
3499 4803 3565 4854 ἐν
3600 4803 3736 4871 δεσε.

2381 4895 2472 4947 τὸν
2501 4894 2724 4964 καιρόνσ
2754 4891 3115 4964 παρελθόντος
3138 4892 3193 4945 δέ
3214 4892 3308 4945 τοῦ
3344 4891 3575 4963 καιροῦ,
3609 4894 3644 4945 ὁ
3692 4911 3735 4962 μ

2382 4981 2464 5034 ἔτι
2485 4981 2629 5044 τινὸς
2643 4979 2905 5035 ἀπολαύει
2926 4998 2938 5009 ’
2970 4979 3113 5033 οὕτω
3140 4979 3205 5051 δὴ
3230 4982 3327 5034 καὶ
3354 4979 3633 5044 ἐνταῦθα,
3670 4981 3736 5032 τι]

2382 5064 2587 5132 οὗτοςό
2618 5070 2826 5141 καιρός.
2870 5069 3115 5132 Ὁσάκις
3142 5068 3253 5138 γὰρ
3298 5068 3394 5127 ἂν,
3458 5068 3673 5139 φησὶν,
3713 5068 3736 5120 ὲ

2383 5156 2564 5223 ἄρτον
2600 5155 2841 5222 τοῦτον,
2875 5154 2984 5208 τὸν
3015 5154 3279 5209 θάνατον
3309 5154 3416 5207 τοῦ
3450 5155 3705 5221 Κυρίου

2382 5245 2538 5298 dare.
2568 5242 2661 5312 Μὴ
2692 5241 2756 5311 δὴ
2790 5240 2979 5304 ἁπλῶς
3005 5240 3340 5312 προσίωμεν,
3373 5239 3521 5311 μηδὲ
3571 5241 3659 5303 ὼς
3720 5241 3736 5291 ἑ

2384 5329 2627 5399 γίνεσθαι
2649 5329 2977 5401 νομίζωμεν.
3012 5327 3220 5391 Ἄλλως
3247 5327 3307 5380 δέ
3366 5327 3694 5398 μαρτύρων

2384 5417 2480 5470 καὶ
2509 5415 2668 5471 τοῦτο
2727 5418 2807 5480 είς
2849 5415 3053 5478 πίστιν,
3106 5415 3190 5469 ὅτι
3235 5416 3297 5481 οὐ
3345 5415 3635 5484 τέθνηκεν
3660 5416 3736 5468 ό]

2380 5504 2541 5560 τοῦτο
2592 5505 2688 5558 τοῦ
2734 5503 3142 5558 τεθανατῶσθαι
3194 5504 3285 5557 τὸν
3334 5503 3586 5558 θάνατον
3665 5520 3736 5575 ση

2445 5647 2470 5686 θ
2520 5647 2658 5695 Ahus
2696 5646 2897 5706 γυναῖκα
2929 5644 3010 5707 καί
3055 5644 3297 5707 θυγάτριον
3333 5643 3620 5704 ἀγαγέσθαι
3673 5658 3736 5690 σε

2390 5710 2416 5738 ο
2452 5707 2616 5772 Monlf.
2657 5708 2789 5772 οὐτὸ
2816 5708 2964 5772 ἅγιον.
2996 5706 3286 5772 [tuniculam
3309 5711 3618 5772 negantggn,
3663 5716 3736 5764 qu

2389 5769 2571 5825 turbat.
2593 5782 2702 5817 cum
2724 5767 2979 5822 (Zommel..
3009 5769 3119 5815 δον.
3141 5774 3194 5813 et
3218 5779 3333 5813 mss.
3358 5767 3707 5813 sustulimus.

2396 5832 2628 5893 παρόντος
2678 5835 2763 5886 τῆς
2802 5828 2959 5888 μνείας
3002 5829 3359 5888 ἐπιτελουμένης
3410 5826 3619 5881 ἐκείνης
3685 5831 3736 5871 τί
