3972 6212
271 298 354 352 169
1158 294 1225 350 IN
1264 291 1439 351 ACTA
1483 289 2000 350 APOSTOLORUM.
2044 290 2270 350 llOMlL.
2312 294 2452 352 XXI.

266 414 411 465 lurlus
435 416 484 463 et
519 404 906 478 philosophicas
934 414 1018 460 est
1046 414 1100 461 et
1128 405 1425 460 doctrinam
1457 407 1615 460 habet
1645 406 1781 458 mul-

264 517 384 564 tam;
411 502 490 555 ille
514 513 637 554 vero
660 514 720 553 es
753 498 1185 567 pusillanimitate
1215 498 1589 567 proﬁciscitur.
1631 498 1686 552 Si
1715 498 1784 551 ita

261 596 521 661 lugerentus
530 604 730 653 omnes,
748 590 863 643 illos
879 590 1114 643 viventes
1127 588 1786 656 emendassemus.Quem-

255 683 498 738 adtttodum
515 683 556 735 si
588 696 767 749 posses
785 680 1067 750 pharmaca
1086 680 1339 735 adhibere
1366 722 1380 745 ,
1418 696 1537 750 quae
1557 688 1781 733 mortem

258 780 372 828 illam
401 773 721 841 corporalem
749 782 995 827 arcerent
1016 813 1032 837 ,
1064 772 1346 825 adhiberes
1375 773 1588 841 utique:
1624 772 1690 823 ita
1733 780 1786 823 et

255 882 384 931 nunc.
409 868 447 919 si
477 865 611 919 hanc
638 866 842 931 lugercs
868 872 1095 917 mortem
1118 903 1131 924 .
1160 874 1211 916 et
1238 879 1266 914 a
1298 873 1348 915 te
1374 872 1422 916 et
1455 864 1521 915 ab
1552 863 1639 916 illo
1666 878 1780 915 eam

253 958 386 1024 ipsam
412 972 632 1010 arceres.
663 954 812 1009 Nunc
838 963 1015 1008 autem
1045 954 1270 1021 mnigtna
1293 965 1373 1007 est
1401 953 1540 1019 quod
1567 952 1779 1017 accidit.

250 1048 362 1114 quod
386 1062 498 1100 cum
526 1046 790 1115 possimus
816 1044 1074 1113 impedire
1101 1045 1386 1111 quominus
1410 1058 1554 1096 mors
1582 1044 1664 1096 illa
1695 1058 1783 1097 ac-

248 1139 388 1202 cidat.
419 1153 515 1190 non
542 1137 923 1207 impediamus;
954 1136 1049 1191 sed
1078 1151 1199 1189 cum
1227 1135 1451 1200 accidit,
1485 1136 1777 1204 lugeamus.

250 1230 361 1283 Vere
384 1228 617 1297 lacrymis
645 1228 790 1297 digni
819 1236 942 1280 sunt
968 1246 979 1279 :
1012 1242 1132 1280 cum
1158 1227 1443 1280 adstabuut
1466 1238 1589 1279 ante
1617 1225 1781 1279 tribu-

247 1324 313 1374 nal
334 1321 510 1375 Christi
532 1361 546 1383 .
573 1321 748 1387 qualia
779 1319 938 1372 verba
975 1318 1224 1380 audient,
1265 1317 1435 1385 qualia
1478 1317 1780 1385 patientur?

247 1411 425 1464 Frustra
452 1412 692 1463 vixerunt
722 1410 776 1463 hi
799 1450 815 1474 ,
847 1411 955 1463 imo
984 1425 1085 1461 non
1114 1407 1326 1467 frustra.
1357 1407 1449 1460 sed
1478 1407 1530 1460 in
1561 1406 1775 1459 maltuu.

245 1503 303 1553 lle
325 1503 414 1555 illis
436 1500 610 1554 dicere
640 1515 737 1568 par
766 1510 844 1552 cst
877 1518 889 1552 :
925 1499 1123 1551 Bonum
1155 1508 1272 1551 erat
1302 1498 1403 1551 illis
1422 1539 1437 1563 ,
1464 1498 1507 1551 si
1538 1499 1643 1551 nati
1673 1512 1776 1553 non

243 1592 425 1643 fuissent
449 1589 635 1658 (Marc.
668 1591 758 1643 N.
788 1589 906 1656 2|).
937 1588 1065 1655 Quae
1095 1587 1311 1647 utilitas.
1340 1602 1542 1656 quaeso.
1575 1596 1776 1641 tantum

242 1684 463 1733 insumere
505 1689 719 1747 tempus
767 1680 818 1730 in
864 1678 1053 1745 capitis
1090 1678 1174 1731 sui
1216 1676 1454 1730 malum?
1495 1675 1549 1731 Si
1583 1676 1775 1730 frustra

241 1774 376 1825 solum
392 1774 709 1839 inStlmpltlttt
728 1770 936 1836 fuisset,
957 1785 1059 1824 non
1080 1779 1281 1824 tantum
1300 1770 1482 1823 fuisset
1500 1769 1772 1823 damnum.

241 1864 312 1917 llic
347 1865 457 1917 mibi
482 1905 496 1926 .
527 1866 572 1916 si
602 1864 731 1931 quis
759 1860 1119 1914 mercenarius
1148 1859 1333 1928 viginti
1372 1874 1540 1913 annos
1582 1858 1773 1912 frustra

240 1954 401 2021 prrdat,
423 1968 593 2007 annon
618 1952 855 2021 plorabit
880 1959 936 2004 et
960 1951 1105 2005 flebit
1122 1989 1139 2015 ,
1167 1950 1511 2017 omniumque
1540 1949 1775 2002 miserri-

237 2063 325 2101 mos
346 2062 452 2102 esse
478 2044 792 2099 videbitur?
820 2046 889 2098 At
913 2043 999 2098 hic
1024 2052 1187 2099 totam
1214 2043 1372 2096 vitam
1402 2057 1551 2096 suam
1582 2041 1771 2096 frustra

236 2139 449 2206 perdidit,
488 2152 674 2207 neque
702 2137 788 2191 vel
818 2152 927 2190 uno
955 2136 1043 2191 die
1069 2135 1171 2190 sibi
1199 2136 1333 2189 vixit
1353 2176 1367 2198 ,
1400 2135 1492 2189 sed
1527 2134 1731 2188 deliciis
1754 2178 1768 2200 .

235 2230 429 2295 luxuriat,
456 2231 736 2292 avaritiae,
769 2236 1025 2297 peccato,
1053 2226 1289 2282 diabolo.
1323 2226 1533 2288 Annon.
1566 2241 1768 2294 quas”,

232 2324 337 2374 hunc
360 2320 698 2389 lugebimus?
726 2336 904 2373 annon
935 2318 1252 2373 conabimur
1277 2333 1307 2372 a
1340 2317 1587 2387 periculis
1613 2334 1770 2371 erue-

228 2412 297 2462 re?
320 2412 591 2466 Possumus
608 2453 625 2476 .
663 2422 811 2465 certe
837 2424 1139 2480 possumus,
1163 2409 1209 2464 si
1236 2410 1478 2476 velimus,
1504 2410 1621 2479 ejus
1646 2425 1769 2475 sup-

214 2501 563 2567 pliciumlevius
576 2502 826 2557 efﬁcere.
850 2502 905 2555 Si
939 2502 1242 2571 frequenter
1264 2501 1533 2556 oratiOues
1561 2515 1659 2569 pro
1680 2500 1771 2554 il'o

225 2594 481 2657 luudatnus.
513 2597 557 2648 si
585 2596 994 2665 elcemosynam
1021 2593 1252 2658 demus;
1279 2592 1487 2647 etiamsi
1520 2593 1609 2646 ille.
1636 2593 1771 2645 iudi-

220 2703 323 2753 guns
343 2690 421 2749 sit.
453 2702 551 2741 nos
584 2687 735 2741 Deus
763 2686 1031 2741 exaudiet.
1061 2683 1115 2740 Si
1145 2694 1363 2754 pr0pler
1386 2684 1606 2738 Paulum
1635 2684 1769 2736 alios

220 2780 439 2841 servavit.
484 2788 539 2834 et
580 2788 813 2847 propter
842 2778 975 2829 alios
1016 2778 1220 2846 parcit,
1252 2792 1348 2830 cur
1388 2791 1492 2829 non
1537 2776 1765 2843 idipsum

220 2880 395 2936 propter
416 2884 513 2923 nos
540 2871 714 2923 etiam
744 2867 939 2922 faciet?
972 2868 1044 2922 Ex
1076 2867 1222 2920 iilins
1254 2867 1520 2935 pecuniis,
1544 2882 1610 2920 ex
1640 2867 1763 2929 tuis.

218 2956 326 3011 unde
348 2957 593 3026 volueris,
624 2959 760 3026 juva
790 2976 803 3013 :
829 2958 1021 3011 instilla
1049 2964 1247 3020 olemu,
1282 2958 1387 3009 imo
1414 2972 1624 3025 aquam.
1650 2954 1762 3010 Non

214 3057 353 3114 potest
388 3050 771 3120 eleemosynas
801 3049 1043 3118 pr0prias
1085 3048 1381 3102 exhibere?
1424 3047 1621 3103 Saltem
1669 3062 1763 3100 οι)-

212 3150 447 3205 natorum
476 3142 761 3197 exhibeat.
794 3140 909 3195 Non
943 3149 1118 3210 potest
1154 3155 1183 3192 a
1216 3156 1275 3194 se
1320 3140 1524 3192 laetas?
1563 3139 1761 3194 Salteut

213 3242 287 3297 pro
304 3245 355 3286 se
381 3232 561 3287 factas.
588 3233 690 3287 Sic
715 3246 838 3286 cum
861 3231 1051 3286 fiducia
1080 3231 1251 3301 ipsum
1284 3240 1410 3283 tunc
1436 3229 1763 3299 deprecabi—

213 3330 277 3373 tur
307 3338 462 3388 uxor,
507 3324 750 3392 pretium
794 3323 1180 3393 redemptionis
1226 3337 1321 3391 pro
1349 3323 1438 3376 illo
1464 3323 1757 3391 deponens.

209 3412 298 3480 Otto
322 3418 549 3486 pluribus
574 3418 685 3473 fuit
722 3419 955 3487 peccatis
992 3418 1255 3471 obnoxius
1278 3458 1293 3479 ,
1324 3434 1389 3470 eo
1419 3419 1586 3486 magis
1624 3432 1760 3486 opus

211 3504 334 3560 habet
355 3508 724 3579 eleemosyna.
765 3507 948 3577 Neque
979 3523 1107 3562 vero
1136 3519 1353 3576 pr0pler
1385 3507 1486 3561 hoc
1516 3516 1715 3561 tantum
1741 3548 1755 3570 .

208 3597 405 3666 salquia
436 3612 538 3653 non
567 3612 764 3669 parem
798 3611 938 3651 nunc
963 3598 1068 3649 vim
1099 3597 1254 3649 habet
1275 3636 1291 3661 .
1334 3597 1441 3649 imo
1466 3596 1632 3650 multo
1660 3597 1757 3650 mi-

207 3700 372 3741 norem.
398 3689 509 3743 Non
540 3704 650 3759 par
674 3688 816 3743 enim
844 3702 933 3742 res
955 3695 1066 3752 est,
1099 3689 1268 3756 ipsum
1291 3685 1533 3755 quaedam
1556 3684 1753 3751 facere.

204 3787 245 3830 et
263 3780 401 3833 alium
432 3798 528 3850 pro
558 3784 708 3853 ipso.
733 3781 864 3835 Cum
898 3782 1074 3848 itaque
1102 3780 1276 3832 minor
1300 3788 1399 3843 su.
1433 3793 1527 3847 per
1545 3779 1753 3847 cupiant

204 3869 415 3927 iaciamus
440 3874 588 3928 illam
627 3872 907 3941 majorem.

256 3960 578 4035 ﬁlumque
607 3974 821 4035 prosum
850 3964 1119 4031 defunctis.
1148 3992 1221 4004 —
1247 3960 1326 4017 Ne
1372 3962 1513 4016 circa
1558 3977 1750 4016 monu-

200 4063 363 4120 uerita.
392 4072 459 4110 ne
485 4058 641 4111 circa
671 4056 988 4122 sepulcralia
1033 4069 1253 4122 operam
1301 4053 1511 4109 demus.
1562 4053 1749 4107 Patro-

199 4144 343 4197 cinarc
367 4145 562 4209 viduis.
617 4146 719 4199 boc
743 4144 1044 4215 sepulcrale
1068 4142 1302 4199 oflicium
1329 4153 1413 4198 est
1436 4145 1747 4197 maximum.

197 4230 468 4291 Dicnomcu
500 4256 514 4291 :
549 4250 750 4292 omnes
772 4238 887 4290 illas
908 4235 1039 4305 jube
1066 4249 1163 4304 pro
1184 4236 1300 4303 ipso
1323 4250 1511 4303 preces
1540 4245 1594 4289 ct
1619 4251 1747 4304 sup-

195 4324 470 4390 plicationes
518 4328 823 4383 emittere:
856 4327 961 4381 huc
1002 4327 1169 4382 Deum
1219 4326 1490 4395 placabit;
1539 4326 1747 4381 etiamsi

193 4431 276 4470 non
304 4435 393 4487 per
416 4420 602 4485 illum,
631 4428 687 4473 at
718 4429 940 4489 pr0pter
968 4419 1113 4473 illum
1142 4418 1280 4473 alius
1309 4427 1497 4472 auctor
1521 4419 1591 4472 sit
1612 4417 1749 4472 elee-

193 4522 416 4579 nequa.
451 4513 522 4567 Et
546 4511 657 4565 hoc
679 4519 1054 4581 argumentum
1084 4516 1171 4564 est
1196 4510 1391 4564 divina:
1425 4509 1742 4564 dementire.

194 4595 347 4655 Vidua:
388 4602 806 4657 circumstantes
849 4608 905 4654 et
956 4600 1334 4670 lacrymantes.
1386 4614 1490 4653 non
1529 4613 1560 4652 a
1607 4614 1747 4667 prato

190 4699 343 4750 lente.
368 4692 463 4746 sed
494 4707 527 4745 a
553 4691 735 4746 futura
766 4703 938 4745 morte
970 4698 1196 4760 possunt
1223 4704 1433 4746 eruere.
1493 4688 1642 4743 Multi
1678 4690 1748 4743 ab

188 4778 513 4854 elemosynis
543 4783 775 4836 aliorum
806 4796 901 4851 pro
927 4795 986 4835 se
1006 4780 1159 4835 factis
1178 4780 1340 4850 adjuti
1365 4786 1502 4835 sunt.
1529 4779 1583 4834 Si
1603 4779 1745 4832 enim

189 4873 510 4927 momnino
540 4873 652 4927 sint
677 4872 907 4934 liberati.
931 4871 1120 4923 saltem
1160 4870 1391 4941 aliquam
1425 4870 1745 4923 invenerunt

188 4964 607 5019 mnsobtioncm.
634 4964 765 5018 Nam
796 4964 841 5016 si
870 4961 971 5016 hoc
1003 4978 1107 5016 non
1137 4970 1302 5021 esset.
1328 4960 1595 5030 quomodo
1618 4974 1747 5029 puc-

188 5053 273 5105 ῑιΙὶ
313 5055 704 5111 servarentur?
752 5054 1011 5124 siquidem
1059 5052 1190 5107 nihil
1236 5052 1308 5105 illi
1354 5051 1603 5116 aﬁ‘erunt.
1650 5049 1744 5104 sed

190 5150 332 5200 ιιωιι
378 5157 635 5217 parantes
682 5163 697 5199 :
748 5157 804 5201 et
852 5147 1164 5201 mulieribus
1218 5144 1399 5199 donati
1440 5154 1564 5197 sunt
1602 5157 1746 5213 saepe

188 5238 335 5301 lucri.
389 5238 483 5309 qui
530 5238 663 5292 nihil
713 5237 781 5292 ad
827 5236 958 5291 illud
999 5237 1314 5291 intulerunt.
1366 5234 1556 5289 Multas
1607 5234 1745 5288 Deus

188 5330 320 5383 labis
359 5332 555 5386 salutis
592 5330 743 5386 dedit
786 5332 934 5395 vias.
982 5328 1143 5384 modo
1188 5343 1293 5381 non
1343 5327 1691 5397 negligatuus.

237 5424 465 5489 5'.Quid
496 5438 649 5494 ergo.
686 5423 918 5494 inquies,
949 5423 992 5476 si
1033 5422 1155 5490 quis
1184 5434 1386 5490 pauper
1410 5419 1517 5475 sit?
1540 5417 1746 5473 Rursus

186 5510 336 5566 ﬂeam
364 5533 377 5566 :
411 5515 785 5587 Blcemosyna:
800 5516 950 5587 copia
978 5530 1085 5569 non
1111 5529 1177 5569 ex
1201 5512 1343 5567 datis
1364 5519 1615 5581 pensatur
1631 5523 1744 5562 mo-

186 5604 261 5664 do.
296 5606 385 5659 sed
414 5607 580 5661 etiam
608 5623 671 5661 es
709 5607 1000 5676 preposito.
1034 5604 1260 5659 Tantum
1308 5617 1377 5658 ne
1417 5601 1512 5656 des
1544 5602 1743 5666 minus,

189 5711 324 5764 rum
352 5698 633 5755 facultates
658 5699 849 5765 ferant.
876 5707 931 5755 ct
962 5706 1127 5753 totum
1154 5694 1381 5751 solvisti.
1405 5693 1541 5761 Quid
1569 5708 1697 5763 ergo
1720 5733 1736 5758 ,

3380 304 3479 357 170

1898 403 2128 474 inquies,
2163 407 2207 461 si
2236 408 2384 461 solus
2412 408 2483 463 sit
2508 418 2563 463 et
2584 411 2916 480 peregrinus,
2963 413 3338 485 neminemque
3378 416 3476 469 ha-

1894 494 2056 548 beat?
2094 495 2222 563 Cur,
2265 512 2470 567 quaeso,
2528 501 2796 555 neminem
2842 502 3039 557 habet?
3082 503 3194 558 lluc
3240 505 3356 574 ipso
3390 506 3476 560 ille

1895 600 2081 653 poenas
2127 587 2238 655 dat,
2288 589 2429 659 quod
2458 592 2726 646 neminem
2758 593 2835 647 sic
2858 595 3111 656 amicum.
3159 596 3237 652 sic
3279 599 3475 653 virtute

1894 676 2173 744 praeditum
2199 678 2413 733 habeat.
2446 681 2627 750 Itaque
2658 681 2761 736 hoc
2790 683 2859 735 ita
2886 701 2943 738 se
2971 684 3152 748 habet.
3187 695 3242 739 ut
3284 694 3327 741 si
3374 706 3473 743 nos

1892 768 2089 822 virtute
2126 770 2332 838 prtediti
2367 786 2474 825 non
2515 774 2705 839 simus,
2748 788 3001 829 curemus
3045 778 3231 831 saltem
3276 781 3471 835 virtute

1893 859 2147 925 praeditos
2185 862 2386 915 amicos
2416 863 2633 927 habere.
2669 880 2998 934 uxoremque
3030 867 3153 921 item
3177 879 3229 921 et
3262 871 3423 925 liliutu
3450 914 3467 937 .

1889 960 1947 1002 ut
1972 950 2204 1005 fructum
2232 955 2516 1021 quemdam
2557 971 2651 1024 per
2677 956 2799 1010 illos
2828 960 3216 1028 percipiamus;
3250 979 3466 1032 parvum

1887 1043 2125 1110 quidem.
2159 1046 2250 1099 sed
2283 1055 2460 1101 tamen
2488 1050 2864 1119 percipiamus.
2889 1050 2943 1106 Si
2967 1068 3123 1107 cures
3154 1056 3313 1122 piam.
3362 1074 3467 1113 non

1886 1133 2127 1198 divitem.
2159 1135 2359 1191 ducere
2390 1156 2610 1194 uxorem
2638 1143 2654 1174 ι
2676 1183 2689 1204 ,
2720 1142 2820 1196 hac
2846 1142 3037 1199 frueris
3057 1148 3420 1204 consolatione
3450 1168 3463 1203 :

1880 1222 2237 1293 similiterque
2274 1228 2315 1280 si
2344 1242 2499 1283 cures
2525 1232 2688 1284 lilium
2714 1247 2817 1285 non
2840 1235 3170 1304 opulentum,
3200 1237 3292 1292 sed
3323 1239 3465 1307 pium

1886 1314 2209 1384 relinquere,
2241 1318 2284 1371 si
2309 1320 2469 1374 filiam
2500 1332 2727 1388 castam,
2762 1323 2860 1378 hac
2896 1326 3020 1379 item
3052 1327 3249 1383 frueris
3282 1345 3467 1384 conso-

1888 1404 2104 1460 latione.
2138 1406 2193 1461 Si
2239 1409 2353 1463 lircc
2392 1426 2569 1475 cures,
2620 1423 2673 1465 tu
2697 1430 2909 1485 quoque
2948 1416 3067 1471 talis
3095 1420 3221 1474 eris.
3256 1422 3321 1475 Et
3352 1422 3465 1477 hare

1884 1511 2007 1564 pars
2036 1500 2243 1554 virtutis
2266 1511 2367 1568 est,
2395 1503 2528 1558 tales
2551 1505 2747 1573 eligere
2776 1508 2999 1573 amicos.
3026 1526 3267 1579 uxorem.
3302 1515 3460 1570 ﬁlius.

1956 1586 2246 1644 Oblatioues
2271 1608 2362 1661 pro
2390 1592 2663 1661 defunctis.
2690 1626 2759 1635 —
2790 1596 2903 1651 Non
2937 1598 3128 1654 frustra
3159 1602 3461 1660 oblationes

1883 1694 1978 1746 pro
2004 1680 2267 1737 defunctis
2298 1683 2460 1750 ﬁunt,
2494 1702 2599 1740 non
2637 1688 2831 1742 frustm
2871 1704 3092 1760 preces.
3136 1709 3239 1748 non
3268 1696 3457 1752 frustra

1881 1770 2238 1842 elcemosynte
2268 1790 2280 1825 :
2314 1774 2427 1829 haec
2455 1778 2632 1830 omnia
2678 1779 2911 1847 Spiritus
2953 1782 3235 1852 disposuit,
3276 1788 3459 1841 volens

1881 1870 1934 1911 ut
1981 1875 2078 1913 nos
2128 1871 2316 1918 mutuo
2349 1865 2621 1934 juvemus.
2683 1869 2816 1923 Vide
2856 1886 3084 1941 namque
3119 1893 3131 1927 :
3163 1874 3252 1929 ille
3283 1889 3458 1946 perte

1880 1949 2160 2005 utilitatem
2201 1956 2412 2022 accipit,
2445 1966 2499 2009 tu
2531 1970 2747 2028 propter
2773 1960 2920 2014 illttm
2944 1961 3146 2032 juvaris
3174 1984 3187 2017 :
3218 1977 3458 2022 contem-

1881 2040 2032 2107 psisti
2072 2057 2224 2110 opes,
2260 2044 2507 2101 inductus
2534 2048 2600 2101 ad
2623 2049 2747 2116 quid
2774 2066 3035 2119 generose
3062 2058 3451 2123 praestandum;

1877 2138 1933 2182 «ιι
1972 2140 2024 2183 ιιι
2064 2132 2160 2198 ipsi
2188 2132 2392 2198 salutis.
2421 2144 2475 2188 et
2505 2135 2592 2191 ille
2623 2138 2713 2191 tibi
2737 2139 3091 2212 eleemosyntn
3118 2154 3305 2200 auctor
3332 2146 3448 2202 fuit.

1877 2218 1954 2273 Ne
1980 2220 2213 2286 dubites,
2245 2224 2414 2290 ipsum
2444 2226 2570 2294 qttid
2604 2228 2725 2281 boni
2754 2228 3127 2301 decerpturum
3159 2254 3296 2290 esse.
3338 2239 3451 2293 Non

1878 2311 2069 2363 lruSIra
2102 2312 2299 2367 clamat
2327 2312 2584 2371 diaconus
2616 2334 2629 2370 :
2659 2318 2763 2373 Pro
2792 2318 2858 2372 iis
2884 2322 2972 2389 qui
3008 2322 3058 2376 in
3097 2324 3308 2379 Christo
3357 2328 3455 2385 de-

1876 2402 2039 2455 functi
2068 2414 2212 2465 sunt.
2244 2413 2299 2457 et
2320 2421 2415 2474 pro
2443 2407 2508 2459 iis
2534 2407 2622 2476 qui
2653 2409 2862 2464 illorum
2891 2416 3198 2469 memoriam
3224 2418 3448 2474 faciunt:

1878 2508 1981 2545 nun
2021 2493 2278 2547 diaconus
2308 2496 2443 2551 hanc
2470 2496 2664 2553 emittit
2694 2516 2901 2565 vocent.
2948 2507 3040 2557 sed
3072 2505 3300 2573 Spirilus
3324 2527 3450 2565 san-

1873 2594 2025 2648 ctus;
2058 2584 2178 2637 dico
2206 2598 2385 2640 autem
2416 2587 2612 2642 donum
2642 2592 2779 2658 ejus.
2808 2592 2945 2660 Quid
2973 2594 3147 2649 dicis?
3192 2598 3246 2652 ln
3283 2604 3452 2655 maui-

1875 2676 1973 2729 hus
2014 2686 2095 2730 est
2144 2677 2337 2741 hostia,
2388 2690 2437 2732 et
2475 2682 2652 2734 omnia
2704 2694 2885 2751 parata
2935 2698 3176 2755 prostant
3213 2706 3225 2741 :
3257 2691 3452 2745 adsunt

1871 2770 2065 2838 anguli,
2100 2770 2401 2840 archangeli
2430 2787 2444 2834 ;
2476 2772 2628 2827 adest
2656 2773 2820 2828 Filius
2846 2776 2939 2830 Dei
2966 2794 2979 2839 ;
3007 2794 3128 2832 cum
3155 2788 3301 2834 tanto
3328 2782 3452 2836 hur-

1871 2874 1994 2912 rore
2024 2859 2236 2913 adstant
2265 2876 2485 2925 omnes;
2543 2863 2756 2917 adstant
2784 2864 2859 2918 illi
2889 2865 3184 2922 clamantes
3204 2873 3451 2926 omnibus

1868 2951 2153 3005 silentibus
2183 2972 2195 3004 :
2227 2961 2281 3006 et
2308 2964 2461 3021 putas
2492 2953 2606 3007 lucc
2643 2954 2837 3009 frustra
2885 2957 3043 3010 fieri?
3086 2958 3228 3028 Ergo
3264 2969 3319 3015 et
3344 2964 3446 3016 alia

1871 3043 2085 3106 frustra.
2115 3053 2170 3098 et
2212 3058 2332 3113 qua:
2383 3061 2477 3113 pro
2510 3044 2766 3109 Ecclesia,
2800 3056 2854 3100 et
2877 3063 2997 3116 qua:
3024 3062 3121 3116 pro
3150 3051 3445 3105 sacerdoti-

1868 3135 1966 3188 lius
2008 3135 2319 3197 offeruntur.
2366 3144 2420 3189 et
2458 3151 2576 3203 qure
2606 3151 2701 3203 pro
2729 3134 3057 3204 plenitudine
3088 3136 3211 3209 (a)?
3258 3140 3442 3201 Absit;

1866 3226 1959 3281 sed
1987 3228 2161 3279 omnia
2192 3242 2313 3280 cum
2342 3226 2443 3280 ﬁde
2474 3230 2623 3279 liunt.
2652 3227 2788 3293 Quid
2820 3238 2972 3296 putas
2999 3243 3097 3295 pro
3122 3232 3446 3300 martyribus

1865 3320 2067 3385 offarri.
2110 3319 2252 3387 quod
2282 3328 2539 3373 vocentur
2566 3319 2618 3372 in
2647 3318 2733 3371 illa
2759 3318 2934 3372 hora?
2989 3319 3139 3375 Licet
3180 3332 3443 3393 martyres

1863 3416 1989 3473 sint.
2020 3414 2179 3466 etiam
2214 3428 2308 3480 pro
2336 3411 2677 3482 martyribus,
2731 3425 2953 3480 magnus
2983 3410 3155 3467 honor
3182 3416 3442 3469 nominari

1868 3504 2091 3557 Domino
2120 3513 2406 3573 premente,
2446 3506 2570 3557 dum
2604 3518 2748 3557 mors
2777 3503 2863 3557 illa
2893 3503 3184 3573 perficitur.
3219 3505 3443 3561 horren-

1862 3596 1987 3649 dum
2019 3596 2359 3661 sacriﬁcium.
2388 3595 2670 3649 ineffabilia
2690 3597 2963 3667 mysteria.
2982 3597 3438 3663 Quemadmodum

1860 3687 2002 3739 enim
2030 3685 2251 3739 sedente
2279 3685 2623 3753 ltuperature.
2658 3702 3007 3756 qua-cumque
3037 3690 3262 3744 voluerit
3288 3696 3439 3761 quis-

1864 3778 2021 3843 piam.
2069 3776 2318 3846 perﬁcit;
2370 3777 2455 3830 ubi
2497 3784 2675 3831 autem
2722 3779 3041 3841 surrexerit,
3092 3795 3442 3851 quaecumque

1858 3869 2073 3931 dixerit.
2102 3868 2297 3922 frustra
2320 3866 2448 3921 dicit
2484 3885 2497 3915 τ
2525 3868 2593 3919 ita
2620 3877 2674 3921 et
2705 3876 2853 3933 tunc,
2896 3870 3149 3938 quamdiu
3200 3884 3442 3939 prostant

1859 3962 2136 4030 mysteria.
2177 3958 2428 4012 omnibus
2472 3958 2644 4011 honor
2683 3958 2949 4013 maximus
2978 3968 3061 4012 est
3100 3960 3150 4013 in
3182 3964 3437 4015 memoria

1858 4051 2065 4105 haberi.
2100 4048 2231 4103 Vide
2255 4049 2398 4103 enim
2424 4064 2438 4101 :
2465 4049 2809 4101 annnntiatur
2829 4059 2954 4102 tunc
2979 4052 3285 4120 mysterium
3313 4052 3439 4107 hor-

1855 4143 2103 4207 rendum,
2126 4142 2265 4213 quod
2288 4156 2385 4211 pro
2410 4139 2610 4195 mundo
2628 4140 2860 4209 seipsum
2888 4139 3027 4193 Deus
3046 4140 3251 4195 dederit
3278 4160 3289 4194 :
3315 4158 3434 4196 cum

1856 4238 2112 4293 miraculo
2139 4236 2231 4290 illo
2260 4244 2562 4304 opportune
2590 4240 2851 4286 memorat
2875 4232 2963 4284 ille
2987 4246 3103 4298 eos,
3132 4232 3221 4302 qui
3251 4248 3436 4303 pc-cca-

1855 4339 2064 4386 verunt.
2110 4328 2261 4384 Sicut
2297 4328 2439 4382 enim
2484 4324 2698 4396 quando
2743 4322 3081 4392 triumphalia
3125 4340 3307 4395 regum
3339 4326 3437 4381 du-

1855 4432 2068 4486 cuntur.
2122 4429 2251 4475 tunc
2292 4418 2635 4475 celebrantur
2675 4416 2837 4471 etiam
2890 4424 3153 4486 quotquot
3196 4418 3432 4473 victoria:

1854 4514 1987 4569 socii
2017 4512 2267 4575 fuerunt;
2295 4509 2634 4564 dimittuntur
2662 4507 2824 4561 etiam
2856 4506 2913 4571 ii,
2965 4508 3054 4576 qui
3103 4509 3156 4562 in
3208 4509 3435 4564 vinculis

1852 4612 1998 4669 sunt,
2021 4602 2092 4657 ob
2120 4599 2377 4670 temporis
2405 4598 2809 4662 celebritatem;
2858 4598 3044 4665 elapso
3082 4608 3260 4654 autem
3297 4609 3434 4655 tem-

1854 4712 2003 4765 pore,
2026 4695 2115 4764 qui
2142 4692 2273 4747 nihil
2302 4698 2621 4761 assequutus
2649 4698 2751 4753 est,
2774 4689 2923 4743 nullo
2949 4688 3142 4745 fruitur
3172 4708 3185 4745 :
3214 4692 3283 4745 ita
3306 4707 3436 4749 sane

1856 4786 1960 4849 hic.
1989 4781 2385 4853 triumphalium
2412 4789 2624 4849 tempus
2649 4790 2752 4833 eat.
2802 4778 2932 4831 Nam
2961 4778 3053 4841 ait.
3081 4778 3433 4843 Quotiescum-

1851 4895 1949 4947 que
1972 4874 2288 4929 manducatis
2315 4888 2497 4942 partem
2524 4872 2678 4937 hunc,
2728 4878 2941 4923 mortem
2986 4869 3193 4923 Domini
3232 4886 3435 4923 annun-

1854 4970 1990 5023 tiatis
2016 4970 2091 5037 (l.
2129 4967 2247 5021 Cor.
2286 4966 2371 5021 ιι.
2397 4964 2509 5031 26).
2568 4962 2749 5031 Itaque
2785 4976 2852 5016 ne
2894 4971 3184 5030 utcumque
3210 4962 3436 5015 acceda-

1856 5078 1995 5125 mus.
2029 5077 2129 5115 nec
2154 5069 2357 5114 temere
2393 5056 2507 5110 haec
2534 5053 2648 5109 ﬁeri
2673 5062 2941 5124 putemus.
2971 5053 3219 5122 Alioquin
3251 5064 3431 5109 autem

1854 5164 2118 5225 martyres
2143 5161 2522 5208 memoramus.
2545 5155 2599 5199 et
2622 5144 2797 5199 hocin
2826 5143 3007 5207 ﬁdem.
3034 5143 3175 5215 quod
3193 5143 3303 5213 jam
3333 5146 3439 5199 lio.

1858 5263 2035 5299 minus
2065 5251 2310 5297 mortuus
2348 5254 2453 5293 nun
2482 5237 2588 5302 sit;
2622 5236 2799 5290 ethoc
2832 5236 3039 5305 signum
3067 5246 3150 5291 est
3172 5249 3438 5294 mortuam

1919 5381 1934 5411 ι
1970 5377 2110 5427 Alius
2130 5376 2299 5430 habet,
2322 5372 2365 5423 si
2394 5384 2534 5421 cures
2554 5381 2650 5420 non
2671 5366 2871 5420 dititent
2903 5367 2989 5421 sed
3013 5372 3145 5435 piam
3165 5378 3210 5423 et
3240 5386 3436 5437 gravem

1852 5442 2268 5492 duceremrem.
2350 5502 2355 5504 _
2538 5496 2550 5504 _
2904 5494 2939 5504 υ
3066 5494 3077 5504 .

1913 5516 1984 5567 tut
2013 5510 2259 5553 Uoutueus
2279 5502 2513 5562 opinatur
2538 5496 2643 5548 haec
2666 5499 2726 5547 ad
2748 5498 2886 5567 illam
2904 5495 3126 5567 liturgige
3145 5495 3440 5567 particulam

1845 5556 2096 5630 spectare.
2117 5578 2189 5630 at;
2223 5556 2411 5630 ιιοῷιις
2434 5574 2600 5630 stipam
2630 5573 2823 5630 πρέμνα..
2853 5556 3053 5630 υυιιιβῐ
3071 5556 3311 5630 dicamus,
3332 5556 3442 5630 hic

1848 5615 1908 5679 ad
1938 5615 2567 5688 Ecclesiae‘pleuitudinem
2590 5615 2788 5688 referri,
2804 5615 3086 5688 quinetiam
3108 5615 3443 5688 vocatunplj—

1850 5674 2023 5740 uitudo
2042 5674 2357 5747 sancttirum,
2372 5688 2487 5749 quia
2513 5685 2669 5734 sancti
2698 5684 2749 5733 in
2770 5674 2861 5731 ιιιιό
2885 5683 2986 5727 vita
3006 5675 3238 5736 precibus
3261 5674 3435 5731 egent.
