4032 6212
450 325 552 382 1⁸1⁵1

463 434 584 476 esse
632 420 901 472 mortem,
948 400 1090 473 quod
1138 398 1227 454 ille
1266 405 1509 449 mortuus
1547 389 1724 443 luerit.
1758 386 1882 439 llaec
1927 397 2049 435 cum

465 513 723 568 sciamus,
777 496 1180 556 consideremus
1223 495 1451 557 quantas
1496 492 1779 551 possumus
1805 471 2052 528 consola—

467 608 646 660 tiones
694 592 961 652 defunctis
1007 585 1278 645 conferre,
1325 577 1443 631 vice
1494 574 1874 641 lacrymarum,
1941 561 2056 613 vice

467 699 709 751 ﬂetuum,
746 687 865 739 vice
910 681 1401 735 monumentorum,
1434 664 1809 730 eleemosynas
1839 667 2052 720 nempe,

1230 301 1287 356 S.
1328 292 1605 355 JUANNIS
1629 283 2099 346 CIIIlYSOSTOMI
2141 279 2455 337 AltClllEP.
2494 271 3027 332 CONSTANTINOP.

3645 260 3750 314 1ἲί

2159 376 2451 441 orationes,
2476 372 2806 427 oblationes:
2837 378 2893 421 ιιι
2913 376 2967 420 et
2988 365 3059 420 illi
3086 374 3141 418 et
3162 375 3259 417 nos
3282 358 3543 429 promissa
3562 370 3747 410 censeo

2160 481 2385 536 quatuor
2407 464 2545 518 bona
2570 503 2586 528 ,
2624 463 2794 531 gratia
2820 467 2876 513 et
2904 455 3230 523 benignitate
3270 447 3531 516 unigeniti
3577 444 3698 498 Filii
3727 484 3748 511 ,

2162 559 2379 628 quicum
2406 556 2545 611 Patri
2574 565 2626 609 et
2663 551 2881 621 Spiritui
2912 557 3097 604 sancto
3123 544 3288 615 gloria
3314 584 3328 606 ,
3354 541 3547 604 honor,
3581 538 3754 607 impe-

2166 651 2327 712 rium,
2345 663 2485 702 nunc
2502 655 2558 700 et
2575 658 2809 713 semper,
2828 651 2883 696 et
2902 641 2955 695 in
2973 636 3167 694 saecula
3189 632 3530 689 sicculorum.
3549 628 3755 682 Amen.

1866 813 2215 878 HOMILIA
2259 814 2471 875 XXII.
3636 822 3641 825 -

466 991 597 1046 CAP.
642 984 726 1039 10.
768 995 819 1032 v.
862 977 914 1030 1.
954 970 1044 1026 Vir
1071 976 1237 1021 autem
1255 960 1461 1032 quidam
1483 960 1594 1009 erat
1618 966 1673 1004 tn
1700 946 1931 1002 Caesarea
1963 956 2069 995 no-

534 1083 666 1134 mine
683 1072 965 1130 Cornelius,
998 1059 1222 1118 centurio
1252 1071 1315 1110 ex
1336 1052 1567 1110 cohorte,
1591 1058 1705 1112 qua
1728 1048 1933 1094 vocatur
1959 1032 2073 1087 Ita-

546 1176 663 1235 lica,
692 1170 749 1222 ‘2.
776 1162 1047 1235 religiosus
1092 1170 1151 1208 ac
1192 1152 1369 1204 timens
1415 1144 1575 1196 Deum
1612 1152 1728 1191 cum
1753 1131 1888 1187 omni
1913 1128 2063 1181 domo

544 1224 663 1329 sua,
706 1224 902 1329 facien;
936 1252 1275 1315 eleemosynas
1304 1236 1489 1292 multas
1515 1230 1668 1302 plebi,
1712 1235 1758 1280 et
1791 1224 2064 1292 deprecans

551 1308 718 1411 Datin:
754 1360 949 1416 semper
978 1358 995 1397 :
1023 1342 1076 1396 ὅ.
1118 1308 1169 1391 ἕξ
1207 1332 1332 1388 vidit
1369 1330 1423 1381 in
1461 1325 1571 1378 visu
1618 1317 1883 1386 manifeste
1918 1308 2065 1381 quasi

546 1454 673 1505 hora
702 1444 804 1499 diei
832 1454 987 1501 nona,
1037 1431 1271 1502 angelum
1314 1422 1409 1477 Dei
1452 1421 1784 1472 introeuntem
1810 1409 1876 1461 ad
1901 1421 1953 1460 se
1972 1445 1986 1469 ,
2015 1412 2066 1456 et

546 1542 793 1595 dicentem
822 1530 936 1589 sibi,
968 1497 1189 1581 Corneli.
1218 1518 1273 1571 4.
1300 1516 1362 1567 At
1387 1512 1475 1564 ille
1499 1509 1697 1561 intuens
1726 1517 1861 1561 eum,
1890 1497 2068 1550 timore

545 1638 806 1699 correptus
827 1622 995 1677 dixit:
1026 1612 1161 1682 Quid
1190 1619 1279 1673 est,
1318 1598 1572 1658 Domine?
1602 1595 1744 1649 Dixit
1767 1599 1931 1643 autem
1955 1584 2067 1638 illi:

550 1724 822 1780 Orationes
854 1725 953 1769 tua:
978 1720 1025 1765 et
1052 1709 1377 1772 eleemosynw
1406 1706 1503 1750 tua:
1527 1688 1861 1746 ascenderunt
1893 1683 1946 1735 in
1973 1695 2069 1732 nte-

550 1815 766 1869 moriam
797 1810 850 1861 in
876 1807 1146 1870 conspectu
1181 1794 1292 1848 Dei.

553 1911 607 1961 1.
648 1904 745 1957 llic
794 1912 903 1952 nou
947 1898 1064 1947 erat
1107 1885 1342 1945 Judacus,
1393 1891 1491 1931 nec
1529 1870 1741 1926 vivebat
1773 1861 2065 1920 secundum

478 2002 695 2069 legem;
737 1989 830 2045 sed
865 1987 974 2057 jam
1007 1977 1473 2051 praeoccupaverat
1498 1963 1797 2031 institutum
1826 1957 1949 2011 vita:
1976 1966 2071 2007 no-

1211 2066 1219 2069 _
1605 2054 1617 2069 ,
1831 2047 1965 2069 n___
2020 2052 2067 2069 Α.

480 2047 771 2146 st:om.'Et
800 2047 921 2133 vide
945 2047 1076 2129 du-os
1098 2066 1402 2124 credentes,
1430 2054 1732 2113 eunuchum
1756 2051 1808 2105 in
1830 2047 1992 2108 Gaza,
2017 2052 2072 2098 et

482 2184 645 2240 hunc,
676 2173 863 2229 ambos
889 2168 941 2222 in
968 2156 1312 2233 dignitatibus
1342 2147 1683 2206 constitutos,
1717 2147 2070 2208 magnamque

482 2276 549 2328 de
574 2229 679 2325 illis
717 2262 950 2319 habitam
1000 2229 1204 2310 curam.
1250 2243 1357 2301 Sed
1391 2256 1457 2295 ne
1485 2246 1640 2310 putes
1665 2234 1734 2287 ob
1763 2229 2069 2300 dignitates.

482 2365 598 2421 Non
622 2376 685 2416 ea
719 2358 787 2411 de
830 2365 1013 2411 causa,
1058 2342 1231 2406 absit;
1263 2335 1357 2392 sed
1390 2339 1605 2402 propter
1632 2325 1904 2395 pietatem.
1950 2316 2073 2370 Ideo

485 2456 772 2526 dignitates
802 2409 1157 2516 posiae-sunt,
1181 2440 1240 2485 ut
1269 2426 1440 2495 major
1461 2422 1628 2492 pietas
1649 2417 1900 2472 eluceret.
1927 2409 2074 2462 Mira.

485 2502 643 2603 bilius
664 2502 860 2613 quippe
883 2542 985 2594 est,
1018 2543 1138 2584 cum
1161 2522 1280 2594 quis
1305 2520 1357 2573 in
1384 2513 1583 2569 divitiis
1611 2516 1668 2563 et
1690 2502 1929 2577 potentia
1945 2516 2073 2555 con-

1668 2598 1681 2613 .
1763 2610 1779 2613 Α
1939 2588 2071 2613 mm,

488 2588 725 2698 stitutus,
749 2588 868 2684 diu
890 2621 1065 2678 fuerit.
1095 2588 1254 2671 Certe
1284 2619 1470 2677 magna
1501 2602 1642 2657 illius
1668 2598 1785 2652 laus
1804 2603 1909 2657 est,
1933 2588 2074 2661 quod

489 2735 688 2785 tantam
718 2712 1199 2791 peregrinationem
1223 2700 1517 2768 susciperet
1542 2735 1557 2759 ,
1591 2705 1689 2745 nec
1717 2687 1808 2742 tali
1837 2694 2077 2752 tempore

492 2826 542 2876 in
577 2820 659 2873 via
690 2813 971 2870 lectionem
998 2798 1397 2859 intermitteret,
1444 2797 1500 2843 et
1529 2782 1667 2855 quod
1698 2794 1859 2837 curru
1895 2784 2079 2830 vectus

493 2911 790 2978 Philippum
824 2901 1130 2959 advocaret,
1157 2887 1430 2953 multaque
1457 2879 1558 2932 alia
1591 2895 1605 2932 :
1635 2885 1885 2942 magnum
1917 2866 2078 2922 etiam

494 3006 553 3060 in
576 2962 684 3057 bdo.
707 3006 811 3059 est,
846 2988 989 3063 quod
1015 2970 1387 3049 eleemosynas
1416 2980 1471 3027 et
1499 2981 1684 3040 preces
1710 2963 1998 3021 emitteret,
2026 2962 2083 3011 et

578 3048 1049 3157 obicientium
1077 3074 1192 3145 pius
1219 3048 1381 3125 esset.
1428 3060 1580 3118 Unde
1618 3066 1672 3112 ct
1699 3055 1767 3109 ab
1797 3055 1897 3106 hoc
1932 3048 2081 3104 illum

498 3195 682 3242 notum
713 3138 841 3234 larcit
872 3194 884 3228 :
918 3138 973 3227 et
1012 3138 1204 3223 merito
1226 3203 1241 3227 ,
1274 3168 1335 3213 ut
1371 3171 1440 3211 ne
1470 3153 1589 3223 quis
1618 3149 1823 3203 diceret
1866 3138 2082 3197 mentiri

496 3277 898 3345 Scripturarum
943 3258 1241 3317 historiam.
1270 3250 1354 3304 Ex
1377 3246 1600 3306 cohorte,
1628 3237 1819 3307 inquit,
1850 3246 1963 3301 qua:
1995 3245 2084 3283 vo-

496 3327 709 3424 ;tibaiur
746 3358 950 3414 Italica.
980 3341 1186 3406 Cohors
1225 3340 1300 3412 (α)
1335 3346 1470 3401 erat,
1506 3332 1556 3387 id
1585 3327 1725 3399 quod
1754 3337 1894 3379 nunc
1923 3336 2083 3374 voca-

502 3474 623 3514 mus
644 3462 946 3508 numerum.
981 3442 1103 3496 Pius
1129 3453 1188 3490 ac
1220 3434 1397 3487 timens
1428 3426 1589 3479 Deum
1619 3435 1733 3474 cum
1761 3414 1898 3470 omni
1934 3413 2084 3466 domo

812 3537 959 3601 dicit,
1005 3547 1073 3588 ne
1101 3538 1255 3600 putes
1293 3523 1362 3578 ob
1396 3520 1707 3589 dignitatem
1735 3510 1851 3579 ejus
1876 3507 1952 3563 sic
1981 3504 2089 3558 dis-

501 3647 784 3715 pensatum
824 3597 1010 3687 fuisse.
1059 3597 1283 3692 Quando
1312 3612 1531 3669 Paulum
1561 3603 1753 3660 adduci
1783 3597 2084 3670 oportebat,

507 3687 613 3792 bon
644 3726 884 3799 angelus,
915 3717 1009 3775 sed
1033 3717 1148 3787 ipse
1188 3708 1443 3765 Dominus
1472 3705 1729 3771 apparet;
1760 3706 1935 3761 neque
1967 3687 2090 3742 mit-

768 3816 834 3871 ad
871 3781 1109 3880 aliquam
1150 3818 1215 3858 ex
1245 3794 1528 3855 duodecim
1566 3790 1692 3853 illis,
1725 3782 1821 3841 sed
1846 3781 1912 3835 ad
1942 3782 2089 3833 Ana-

506 3919 673 3974 niam.
704 3912 799 3966 llic
825 3921 951 3963 vero
968 3874 1183 3961 contra,
1208 3890 1550 3963 coryplimum
1583 3882 1764 3946 mittit,
1794 3887 1853 3932 ut
1880 3874 2089 3942 Philip-

507 4024 634 4081 pum
655 4005 720 4060 ad
741 3998 1067 4060 eunuchum,
1091 3991 1298 4045 illorum
1322 3976 1613 4038 inﬁrmitati
1631 3990 1688 4029 se
1709 3980 2089 4038 attemperans,

1480 4072 1490 4081 ,
1859 4059 1988 4081 mm
2036 4065 2084 4081 Α.

507 4059 810 4166 docensque
861 4084 1131 4162 quomodo
1175 4077 1368 4134 talibus
1418 4072 1494 4127 uti
1540 4073 1803 4137 Oporteat.
1859 4059 1991 4114 Nam
2034 4065 2090 4110 et

508 4155 754 4250 Christus
797 4155 939 4253 Saepe
966 4181 1189 4249 apparet
1234 4172 1318 4233 iis,
1371 4164 1460 4235 qui
1488 4160 1630 4216 mala
1669 4155 1961 4224 patiuntur,
1995 4161 2094 4201 nec

514 4292 739 4359 possunt
767 4293 860 4348 per
888 4289 947 4330 se
976 4268 1256 4325 accedere.
1287 4258 1422 4314 Vide
1449 4262 1628 4308 autem
1655 4259 1710 4303 et
1738 4248 1824 4301 hic
1843 4285 1858 4308 ,
1889 4255 2092 4311 quasso,

1264 4353 1275 4359 ·
1499 4354 1509 4359 -
1566 4352 1601 4359 κ-
1634 4339 1737 4359 ειη-
1765 4337 1814 4359 2..
1846 4331 2068 4359 φλιάη...

516 4331 659 4433 aliud
687 4331 1045 4435 eleetnosyna:
1070 4353 1407 4413 encomium;
1458 4354 1517 4399 ut
1553 4352 1607 4397 et
1634 4339 1741 4394 illic
1765 4337 1817 4391 in
1846 4331 2095 4388 Tabitha.

760 4503 775 4527 ,
806 4456 995 4525 inquit,
1021 4460 1067 4504 et
1092 4448 1270 4502 timens
1309 4441 1469 4493 Deum
1508 4450 1621 4488 cum
1650 4429 1787 4485 omni
1812 4428 1961 4480 domo
1980 4438 2093 4477 sua.

520 4701 777 4813 erogabat
798 4733 945 4792 omni
980 4725 1195 4800 populo.
1241 4719 1331 4777 Sic
1371 4726 1426 4771 et
1467 4715 1713 4783 dogmata
1745 4716 1801 4762 et
1823 4705 1931 4758 vita
1962 4701 2105 4755 illius

523 4790 671 4894 recta
702 4832 934 4887 fuerunt.
972 4790 1110 4874 i'idit
1139 4817 1192 4869 in
1215 4813 1327 4867 visu
1357 4806 1641 4876 manifeste,
1671 4797 1814 4871 quasi
1846 4796 1971 4848 hora
2005 4790 2105 4844 diei

524 4946 684 4993 nona,
724 4918 957 4992 angelum
986 4913 1080 4967 Dei
1111 4911 1441 4962 introeuntem
1459 4896 1524 4949 ad
1545 4909 1617 4956 se,
1647 4901 1692 4944 et
1718 4890 1961 4942 dicentem
1990 4882 2104 4946 sibi,

1440 4988 1458 4993 -
1501 4986 1545 4993 _-
1690 4982 1719 4993 ί,
1820 4978 1847 4993 ,,
2005 4974 2063 4993 ἢ.

526 4974 963 5078 ἇᾶἐιὶῒόιιατθ
990 5002 1136 5057 videt
1170 4988 1461 5066 angelum?
1501 4986 1569 5042 Ut
1590 4982 1793 5078 certior
1818 4978 1967 5031 ﬁeret
2005 4974 2107 5027 Pe-

524 5122 681 5173 trus;
711 5107 819 5161 imo
850 5114 955 5155 non
971 5095 1091 5157 ille,
1129 5088 1223 5143 sed
1250 5085 1338 5139 alii
1360 5077 1708 5136 inﬁrmiores.
1741 5068 1897 5123 Nona
1931 5072 2111 5119 autem

533 5158 691 5258 liora:
728 5190 941 5265 quando
967 5184 1111 5242 curis
1137 5180 1276 5234 liber
1303 5177 1355 5229 in
1382 5174 1561 5243 quiete
1587 5172 1724 5229 erat,
1756 5176 1875 5216 cum
1909 5158 1960 5211 iu
1987 5168 2110 5209 ora-

524 5290 767 5346 tionibus
786 5295 842 5340 et
870 5284 924 5337 in
952 5274 1365 5346 comptmctione
1387 5262 1721 5319 versabatur.
1772 5253 1985 5308 Intuens
2023 5264 2115 5301 au-

533 5394 633 5438 tem
664 5381 832 5438 illum,
862 5375 1040 5427 timore
1065 5344 1345 5433 correptus,
1378 5357 1527 5410 dixit.
1578 5349 1711 5405 Vide
1736 5344 1980 5415 angelum
2011 5354 2116 5393 non

598 5431 694 5535 te)“
716 5468 771 5535 In
795 5431 1845 5535 (ἑνωοοιθεξψτιζεῖιξςτλ.ξιυ9.ίέ.ἒ.ι¹η,1ξ,ίῖέξῗξέι¹.
1867 5431 2111 5535 Ἀξὲἒτῖιῖῖ

518 5494 1582 5607 .ιιιιδξδξρξῖπέιῗίδδῖῖί)’ξῖιῖἶὲιξξίῖὀξότξξπριὲά
1606 5501 1845 5607 t;olybium
1867 5494 2112 5604 dill'tlergtnltii

543 5602 573 5607 ..
778 5592 801 5607 ι.
817 5594 968 5607 --.ΑΜ
1012 5595 1027 5607 .
1044 5595 1053 5607 .
1140 5593 1153 5607 ι
1175 5591 1283 5607 mm.
1363 5582 1501 5607 (-11th
1556 5580 1615 5607 Im
1636 5579 1691 5607 nr
1722 5574 1877 5607 ληναγόι
1893 5584 1906 5607 ι
1930 5570 1959 5605 8
2032 5568 2060 5601 u

1012 5557 1501 5647 ἧξςιῖέυῖἶιῖὲῂδιιᾷ
1521 5557 1702 5647 (luctor
1722 5574 1906 5624 λοιατάςι
1930 5563 1987 5647 et
2003 5557 2123 5603 sunt

542 5677 742 5711 IOI'IBSSC
778 5677 1035 5715 ιιυιυδσυιι
1060 5677 1250 5690 κιο-ην...
1290 5677 1448 5695 ,νην
1481 5677 1506 5679 γ,
1768 5677 1777 5684 _
1853 5677 1861 5683 _
1901 5677 1909 5682 '
1944 5681 1954 5690 .

542 5730 756 5773 ικσλιτιιίι
777 5730 912 5775 τέτμεν
936 5722 996 5775 νει
1020 5722 1181 5775 στειῖανο
1211 5691 1866 5775 ιιιίιῖηιξξξεῖτέἓφιῖἓὲξῖμί¹⁶
1910 5677 2123 5744 δίηθυίαδ

537 5754 1237 5852 ἵεῗῶξῖρῖέῖῖάυἶῖόὶάὺιεὶη,
1264 5754 1593 5820 manipulum,
1618 5760 1821 5814 signum.

2170 938 2349 993 Statim
2376 938 2645 993 dicentem
2664 954 2782 1007 quae
2814 937 3053 991 dicturus
3085 941 3220 997 erat,
3249 929 3342 987 sed
3372 928 3515 998 prius
3540 925 3761 982 solven~

2170 1037 2277 1084 tem
2305 1041 2527 1094 metum,
2550 1039 2605 1086 et
2625 1039 2858 1086 mentem
2889 1028 3005 1098 ejus
3035 1026 3352 1096 erigentem.
3377 1020 3510 1076 Nam
3533 1035 3602 1074 ex
3632 1021 3760 1071 visu

2168 1128 2344 1175 metus
2372 1121 2503 1187 luit;
2535 1121 2628 1176 sed
2655 1130 2828 1175 metus
2856 1119 3182 1182 moderatus,
3202 1114 3291 1185 qui
3320 1114 3465 1167 illum
3488 1113 3759 1164 intentum

2168 1211 2417 1267 redderet
2466 1222 2691 1267 tantum.
2752 1211 2954 1266 Deinde
2993 1209 3158 1264 verba
3206 1218 3404 1261 metum
3454 1202 3761 1265 solverunt,

2171 1300 2279 1356 imo
2306 1303 2481 1372 potius
2512 1302 2697 1357 laudes
2732 1303 2837 1357 illis
2864 1301 3129 1370 adjuncue
3167 1296 3373 1352 timoris
3406 1293 3760 1364 asperitatem

2171 1396 2497 1467 mitigarunt.
2532 1395 2669 1450 Audi
2712 1409 2841 1449 vero
2869 1409 2988 1463 qua:
3014 1391 3177 1446 verba
3207 1407 3221 1441 :
3264 1386 3535 1441 Orationes
3569 1394 3668 1437 tua:
3710 1390 3764 1436 et

2170 1488 2495 1557 eleemosynw
2520 1494 2621 1539 tua:
2648 1484 2983 1539 ascenderunt
3005 1484 3057 1535 in
3084 1479 3377 1534 memoriam
3401 1476 3453 1529 in
3483 1482 3766 1543 conspectu

2172 1577 2289 1632 Dei.
2318 1578 2372 1633 5.
2411 1576 2561 1631 Nunc
2608 1592 2725 1647 ergo
2771 1576 2912 1628 mitte
2956 1574 3089 1627 viros
3132 1573 3186 1625 in
3225 1568 3449 1639 lappen,
3492 1576 3538 1620 et
3568 1563 3769 1618 accersi

2174 1671 2434 1725 Simonem
2460 1671 2747 1739 quemdam,
2781 1666 2866 1736 qui
2906 1663 3290 1735 cognominatur
3314 1659 3519 1713 Petrus.
3564 1654 3644 1711 Ne
3690 1653 3769 1707 ad

2173 1761 2335 1815 alium
2368 1760 2603 1825 veniant,
2638 1773 2745 1813 non
2773 1773 2803 1810 a
2835 1755 3152 1825 cognomine
3182 1759 3389 1806 tantum
3412 1791 3427 1814 ,
3470 1747 3564 1804 sed
3595 1746 3767 1800 etiam

2172 1868 2203 1906 a
2241 1852 2360 1906 loco
2387 1852 2559 1905 virum
2595 1850 2837 1905 denotat.
2868 1847 2922 1902 6.
2962 1845 3058 1899 llic
3088 1844 3379 1914 hospitatur
3414 1839 3552 1910 apud
3583 1837 3769 1893 Simo-

2175 1960 2287 1997 nem
2314 1942 2581 2013 quemdam
2608 1940 2914 2005 coriarium,
2948 1938 3099 2007 cujus
3124 1946 3196 1990 est
3218 1934 3399 1987 domus
3418 1934 3571 2001 juxta
3597 1944 3766 1982 mare.

2176 2035 2423 2089 Vidistin‘
2468 2032 2741 2105 quomodo
2791 2030 3058 2101 apostoli,
3110 2026 3416 2082 solitudinis
3461 2032 3517 2078 et
3563 2022 3772 2093 quietis

2175 2136 2438 2193 amantes,
2465 2127 2782 2182 remotiores
2807 2123 3017 2178 urbium
3041 2130 3219 2191 partes
3244 2115 3600 2173 sectarentur?
3621 2113 3772 2181 Quid

2179 2220 2358 2290 igitur,
2413 2219 2457 2272 si
2482 2217 2800 2287 contigisset
2843 2215 3007 2269 alium
3039 2225 3159 2267 esse
3192 2208 3467 2265 Simonem
3493 2215 3545 2261 et
3589 2207 3773 2274 ipsum

2177 2309 2504 2366 coriarium?
2555 2308 2660 2364 Sed
2716 2316 2771 2362 et
2834 2305 2995 2359 aliam
3062 2311 3244 2356 notam
3289 2297 3565 2361 habebat,
3618 2295 3774 2365 quod

2178 2404 2439 2460 habitaret
2459 2402 2608 2473 juxta
2631 2414 2776 2454 mare
2810 2417 2823 2451 :
2857 2399 2958 2451 tria
2985 2404 3161 2450 autem
3194 2394 3280 2447 illa
3310 2406 3417 2444 non
3444 2402 3776 2444 concurrere

2180 2504 2447 2567 poterant.
2498 2493 2606 2548 Nec
2640 2491 2793 2555 dixit,
2824 2502 3010 2559 quare,
3043 2502 3111 2542 ne
3138 2485 3438 2546 resolutum
3479 2481 3775 2543 redderet;

2181 2588 2275 2643 sed
2305 2586 2540 2653 dimisit,
2581 2592 2642 2639 ut
2681 2581 2930 2636 audiendi
2961 2577 3227 2634 desiderio
3269 2571 3577 2642 teneretur?
3609 2572 3662 2628 7.
3701 2569 3778 2624 Et

2182 2697 2298 2734 cum
2321 2678 2623 2733 discessisset
2650 2674 2879 2746 angelus,
2912 2675 3000 2742 qui
3020 2668 3312 2737 loquebatur
3336 2662 3588 2725 Cornelio,
3615 2677 3779 2714 voca-

2183 2775 2251 2829 vit
2278 2773 2405 2826 duos
2440 2770 2739 2825 domesticos
2785 2783 2924 2831 suos,
2956 2773 3003 2819 et
3031 2762 3238 2816 militent
3264 2767 3559 2813 metuentem
3583 2752 3779 2807 Domi-

2185 2883 2329 2932 num,
2362 2865 2503 2919 exiis
2530 2864 2615 2933 qui
2644 2862 2721 2914 illi
2750 2858 3019 2930 parebant.
3049 2854 3103 2909 8.
3154 2851 3346 2916 Quibus
3374 2863 3491 2902 cum
3517 2853 3781 2899 narrasset

2187 2961 2378 3025 omnia,
2425 2958 2559 3011 misit
2597 2955 2714 3009 illos
2758 2955 2813 3005 in
2849 2950 3072 3019 Joppen.
3120 2944 3310 2999 Viden’
3347 2941 3492 2995 illutn
3523 2939 3636 2992 haec
3662 2953 3781 2990 non

2187 3055 2305 3108 sine
2332 3065 2491 3106 causa
2522 3048 2725 3109 dicere,
2771 3042 2863 3099 sed
2893 3050 2951 3096 ut
2977 3037 3288 3095 ostenderet
3316 3048 3431 3099 eos,
3475 3030 3563 3101 qui
3613 3044 3783 3099 pare—

2190 3146 2318 3198 bant
2345 3142 2438 3205 illi,
2472 3140 2603 3193 tales
2633 3134 2837 3191 fuisse?
2886 3131 2953 3185 Et
2999 3146 3116 3183 cum
3139 3133 3391 3181 narrasset
3428 3124 3531 3177 illis
3560 3121 3738 3175 omnia
3764 3162 3781 3183 ,

2191 3234 2380 3304 inquit.
2414 3231 2544 3287 Vide
2569 3242 2728 3298 quam
2759 3226 2967 3281 alienus
2987 3223 3107 3277 sita
3141 3219 3301 3274 fastu.
3333 3216 3447 3270 Non
3476 3214 3635 3277 dixit,
3670 3211 3785 3264 Vo-

2190 3313 2309 3383 cate
2333 3324 2462 3379 mihi
2484 3322 2742 3384 Petrum;
2774 3316 2868 3372 sed
2891 3311 3238 3373 utsuaderet,
3274 3306 3518 3375 narravit
3545 3302 3727 3356 omnia
3765 3319 3779 3354 :

2192 3420 2272 3475 sic
2300 3433 2416 3472 rem
2440 3416 2528 3469 illc
2558 3410 2781 3484 provide
2807 3410 3019 3479 agebat.
3068 3404 3187 3459 Non
3215 3400 3359 3456 enim
3386 3397 3556 3452 voluit
3580 3410 3645 3449 ex
3674 3409 3785 3447 au-

2193 3509 2443 3567 ctoritate
2491 3506 2637 3560 illum
2686 3514 2965 3557 accersere
2995 3515 3010 3551 :
3045 3496 3165 3550 ideo
3197 3500 3395 3547 narrat.
3437 3488 3615 3558 Usque
3641 3485 3789 3539 adeo

2196 3601 2471 3656 modestus
2496 3604 2613 3651 erat
2641 3595 2823 3654 homo,
2864 3586 3075 3645 etiamsi
3104 3582 3235 3639 nihil
3273 3594 3521 3652 maguum
3557 3576 3789 3646 cogitari

2196 3702 2380 3764 posset
2401 3691 2469 3746 de
2495 3690 2609 3743 viro
2633 3685 2770 3756 apud
2794 3682 3081 3739 coriarium
3111 3678 3444 3732 diversante.
3476 3672 3528 3726 9.
3562 3670 3789 3723 Postera

2196 3760 2366 3839 autem
2406 3783 2507 3848 die,
2556 3780 2653 3833 iter
2688 3778 2793 3831 illis
2831 3772 3154 3846 facientibus,
3186 3776 3233 3821 et
3259 3760 3792 3836 appropinquantibus

2197 3876 2407 3941 civitati,
2452 3871 2677 3926 ascendit
2724 3868 2907 3922 Petrus
2938 3865 2992 3918 in
3021 3860 3286 3931 superiora
3310 3858 3447 3911 circa
3469 3849 3645 3907 horam
3670 3868 3798 3906 sex-

2203 3980 2327 4024 tam.
2359 3965 2493 4022 Vide
2531 3959 2800 4033 quomodo
2829 3956 3060 4026 Spiritus
3091 3963 3332 4019 tempora
3358 3954 3670 4005 connectat,
3726 3957 3797 3997 ac

2202 4074 2374 4131 neque
2412 4059 2567 4113 citius
2610 4067 2783 4123 neque
2817 4049 3024 4104 tardius
3058 4060 3171 4100 rem
3203 4042 3377 4097 iaciat.
3413 4035 3672 4096 Ascendit,
3708 4034 3798 4087 in-

2203 4157 2335 4227 quit,
2369 4152 2554 4207 Petrus
2583 4151 2634 4203 in
2662 4144 2943 4214 superiora,
2989 4148 3044 4193 ut
3078 4144 3244 4191 oraret
3281 4133 3416 4187 circa
3454 4130 3631 4182 horam
3674 4141 3801 4184 sa:-

2205 4259 2309 4303 tam
2337 4262 2356 4300 :
2396 4245 2499 4303 hoc
2540 4250 2642 4307 est,
2688 4248 2932 4294 seorsum
2961 4240 3015 4287 et
3046 4231 3097 4285 in
3125 4228 3326 4299 quiete,
3356 4222 3506 4292 quasi
3529 4221 3580 4273 in
3602 4231 3799 4271 omna-

2204 4341 2345 4395 culo.
2374 4337 2458 4392 10.
2504 4335 2568 4389 Et
2599 4347 2710 4387 cum
2755 4329 2988 4390 esuriret,
3036 4321 3194 4377 voluit
3231 4328 3453 4389 gustare.
3481 4309 3807 4365 Parentibus

2205 4442 2371 4487 autent
2393 4429 2516 4494 illis,
2561 4424 2737 4480 cecidit
2775 4435 2926 4489 super
2953 4432 3067 4471 eum
3092 4412 3272 4467 utentis
3297 4421 3547 4470 excessus,
3593 4412 3640 4456 et
3670 4402 3807 4455 vidit

2208 4524 2386 4579 cwlum
2410 4529 2660 4589 apertum.
2706 4513 2843 4581 Quid
2872 4521 2956 4566 est
2984 4508 3181 4563 mentis
3202 4517 3454 4559 excessus
3477 4500 3500 4553 ?
3528 4496 3808 4567 Spiritua-

2210 4615 2296 4677 lis,
2328 4611 2518 4679 inquit,
2565 4603 2945 4673 contemplatio
2984 4597 3183 4653 accidit
3210 4594 3281 4648 illi
3315 4606 3420 4647 :ex
3447 4602 3697 4656 corpore,
3743 4595 3816 4638 ut

2211 4705 2283 4759 ita
2313 4702 2506 4764 dicam,
2539 4694 2772 4752 excessit
2798 4692 2995 4747 anima.
3027 4689 3115 4742 11.
3169 4685 3230 4738 Et
3270 4682 3393 4737 vidit
3436 4679 3618 4732 ctelum
3644 4691 3815 4743 aper-

2215 4806 2339 4860 tum,
2363 4804 2410 4847 et
2432 4788 2736 4845 descendens
2756 4802 2842 4839 vos
2868 4779 3125 4852 quoddam
3146 4776 3277 4830 velut
3306 4773 3513 4826 linteum
3536 4782 3815 4835 magnum,

2214 4899 2429 4959 quatuor
2450 4884 2605 4939 initiis
2645 4877 2865 4934 submitti
2892 4875 2955 4927 de
2981 4870 3105 4926 caelo
3142 4869 3193 4921 in
3222 4876 3408 4919 terram
3441 4878 3459 4915 :
3504 4858 3590 4914 12.
3624 4857 3678 4909 in
3705 4871 3821 4921 quo

2215 4990 2358 5036 erant
2380 4977 2549 5032 omnia
2577 4966 2924 5043 quadrupedia
2964 4974 3141 5024 terra,
3174 4968 3219 5012 et
3252 4955 3419 5009 bestiae
3463 4960 3508 5004 et
3552 4946 3824 5017 serpentia

2217 5084 2264 5128 et
2293 5067 2522 5125 volatilia
2552 5037 2683 5119 caeli.
2713 5037 2800 5115 l3.
2832 5056 2896 5110 Et
2929 5058 3066 5126 facta
3094 5059 3165 5104 est
3198 5062 3292 5101 vox
3318 5044 3387 5097 ad
3413 5056 3528 5096 eum
3556 5054 3575 5093 :
3614 5037 3819 5105 Surge,

2222 5163 2393 5223 Petre,
2418 5157 2609 5219 occide,
2641 5164 2686 5208 et
2715 5148 2986 5203 manduca.
3018 5142 3107 5196 11.
3136 5139 3217 5193 Ait
3244 5146 3417 5189 autem
3448 5130 3634 5185 Petrus
3661 5143 3681 5180 :
3711 5127 3828 5179 Ab-

2221 5259 2305 5320 sit,
2338 5253 2577 5313 Domine,
2611 5247 2727 5317 quia
2754 5253 3029 5307 numquam
3050 5229 3349 5287 manducavi
3377 5239 3525 5279 omne
3550 5234 3833 5273 commune

2221 5360 2269 5404 et
2299 5311 2639 5402 immundum.
2691 5336 2774 5391 15.
2823 5331 2889 5385 Et
2928 5343 3025 5383 vox
3067 5326 3250 5378 iterum
3296 5315 3517 5373 secundo
3559 5311 3626 5365 ad
3651 5324 3769 5363 eum
3807 5324 3834 5363 .-

2226 5440 2376 5509 Quod
2401 5438 2535 5491 Deus
2563 5427 2867 5503 puriﬁcavit,
2898 5433 2951 5476 tu
2978 5430 3240 5473 commune
3259 5428 3323 5466 ne
3351 5406 3559 5463 dixeris.
3586 5402 3674 5456 16.
3705 5398 3838 5454 Hoc

2223 5541 2389 5587 autem
2413 5500 2599 5599 factum
2632 5531 2703 5577 est
2741 5533 2897 5587 usque
2935 5511 3119 5575 tertio;
3148 5516 3195 5561 et
3231 5503 3401 5559 statim
3449 5502 3706 5564 receptum
3746 5500 3838 5545 ea

2228 5643 2313 5682 vas
2341 5626 2392 5677 in
2421 5623 2621 5674 caelum.

2305 5717 2360 5771 ἢ.
2394 5712 2530 5781 Quid
2576 5709 2678 5764 hoc
2705 5703 2823 5762 cst?
2858 5694 3170 5773 Symbolum
3210 5688 3371 5746 totius
3400 5680 3548 5741 orbis
3586 5691 3676 5734 res
3715 5682 3843 5729 est.
