4014 6218
362 378 466 433 175

361 501 462 548 ret.
520 489 628 544 Cur
669 497 847 540 autem
897 485 1079 539 dicunt
1124 484 1194 538 illi
1234 501 1249 537 :
1290 485 1510 538 Accersit
1558 495 1605 538 te
1645 486 1698 537 in
1746 484 1949 537 domum

359 581 547 637 suam!
575 580 708 647 Quia
735 578 812 630 sic
843 576 943 629 illis
975 584 1318 645 praeceperat.
1351 575 1598 629 Fortasse
1629 589 1777 638 vero,
1801 573 1948 640 quasi

360 675 619 727 rationem
647 685 743 741 pro
780 669 869 723 illo
910 668 1119 735 dantes,
1151 668 1337 722 dicunt
1367 684 1378 719 :
1409 666 1485 721 Nc
1512 667 1733 720 damnes
1763 667 1947 729 illum;

359 778 463 818 non
489 763 637 832 quasi
669 769 720 816 te
748 769 1096 815 contemnens
1122 760 1283 824 misit,
1324 758 1417 812 sed
1443 758 1645 827 jussus.
1687 756 1951 811 Cornelius

356 869 473 909 vero
502 853 823 923 exspectabat
851 852 987 916 illos,
1021 851 1305 905 convocatis
1334 850 1562 919 cognatis
1596 848 1699 902 suis
1720 888 1734 910 ,
1772 857 1818 900 et
1858 863 1949 900 ne-

357 945 591 999 cessariis
611 944 806 996 amicis.
837 942 967 998 lure
1001 960 1014 994 :
1044 957 1218 1012 neque
1243 942 1383 996 enim
1408 941 1608 1009 justum
1640 940 1829 994 fuisset
1855 953 1950 993 co-

356 1047 549 1107 gnatos
591 1046 645 1091 et
683 1037 884 1091 amicos
911 1052 1018 1090 non
1058 1036 1212 1089 simul
1252 1035 1442 1089 adduci
1475 1052 1488 1087 :
1521 1033 1757 1104 alioquin
1796 1047 1947 1100 vero,

358 1129 467 1181 illic
500 1137 791 1195 praesentes
818 1128 986 1196 magis
1011 1127 1242 1181 audituri
1270 1136 1443 1181 erant.

431 1216 785 1288 Eleemosynw
826 1218 980 1271 virtus
1019 1218 1342 1287 pradicmur.
1365 1247 1438 1258 —-
1462 1216 1710 1281 Vidistis,
1753 1224 1949 1286 quanta

357 1310 428 1363 sit
466 1309 822 1381 eleemosynaa
863 1311 1052 1375 virtus,
1102 1320 1156 1365 et
1199 1311 1252 1365 in
1298 1311 1458 1380 pri0ri
1502 1319 1555 1364 et
1601 1311 1659 1364 in
1699 1309 1947 1380 praesenti

360 1399 652 1462 sermone?
681 1400 773 1454 llla
804 1416 832 1454 a
866 1410 1207 1470 temporanea
1238 1412 1411 1456 morte
1442 1401 1705 1466 liberavit,
1739 1399 1855 1454 haec
1881 1399 1950 1453 ab

360 1500 560 1547 aeterna
590 1509 603 1545 :
639 1490 753 1546 haec
780 1502 835 1547 et
855 1491 1047 1560 januas
1072 1492 1186 1545 caeli
1213 1491 1440 1561 aperuit.
1471 1491 1623 1556 Vide,
1653 1489 1835 1560 quanti
1869 1489 1948 1543 fe-

360 1585 494 1640 cerit
521 1584 662 1652 quod
691 1584 876 1638 credat
902 1582 1203 1647 Cornelius,
1244 1593 1302 1637 ut
1343 1593 1397 1636 et
1435 1583 1655 1651 angelus
1688 1581 1946 1644 mittatur,

360 1684 415 1728 et
452 1675 680 1745 Spiritus
713 1686 980 1753 operetur,
1026 1684 1079 1729 et
1116 1676 1476 1743 apostolorum
1508 1673 1825 1745 coryphazus
1852 1670 1950 1724 ad-

359 1779 602 1833 vocetur,
637 1768 861 1837 talisque
890 1780 1145 1838 appareat
1173 1769 1329 1834 visio,
1354 1783 1417 1822 ac
1445 1768 1571 1821 nihil
1606 1775 1748 1821 retro
1779 1764 1947 1820 relin-

360 1868 571 1925 quatur.
617 1859 757 1924 Quot
795 1869 949 1914 erant
997 1860 1356 1922 centuriones,
1415 1859 1637 1925 tribuni,
1682 1873 1854 1926 reges,
1897 1866 1950 1911 et

360 1951 537 2004 nullus
565 1966 747 2005 eorum
777 1952 962 2007 eadem
1005 1962 1368 2022 consequutus
1404 1960 1506 2007 est.
1543 1952 1949 2014 Audite,omues

359 2053 619 2112 quotquot
651 2046 702 2098 in
744 2047 979 2099 exercitu
1017 2048 1147 2100 estis
1171 2088 1186 2112 ,
1230 2054 1490 2114 quotquot
1530 2059 1681 2113 rcges
1719 2044 1946 2113 stipatis.

360 2131 492 2185 Pius
532 2144 659 2200 erat,
694 2138 882 2205 inquit,
927 2146 973 2189 et
1003 2141 1181 2191 timens
1219 2134 1383 2189 Deum
1412 2152 1431 2190 :
1458 2136 1707 2206 quodque
1750 2135 1943 2201 majus,

362 2225 486 2279 talis
522 2236 637 2280 erat
664 2226 789 2281 Cum
831 2230 970 2280 omni
998 2229 1149 2282 domo
1179 2245 1293 2282 sua.
1331 2227 1404 2282 Ita
1444 2238 1559 2282 erat
1601 2227 1722 2281 huic
1763 2228 1834 2280 rei
1869 2228 1948 2280 in-

360 2327 558 2385 tentus,
586 2330 642 2372 ιιι
675 2335 778 2373 non
808 2321 967 2375 modo
990 2336 1083 2375 sua
1116 2321 1251 2375 bene
1277 2321 1633 2389 dispensaret,
1662 2319 1755 2375 sed
1787 2321 1945 2374 etiam

360 2408 414 2462 in
447 2409 640 2465 familia
672 2427 769 2467 sua
798 2414 1026 2483 idipsum
1058 2413 1277 2468 faceret.
1302 2413 1417 2467 Non
1443 2415 1597 2467 enim
1622 2421 1678 2466 ut
1708 2426 1826 2477 nos,
1855 2413 1947 2481 qui

360 2498 491 2553 nihil
525 2516 628 2554 non
668 2504 895 2570 agimus,
927 2512 983 2556 ut
1011 2519 1106 2557 nos
1146 2504 1372 2558 ministri
1403 2504 1655 2567 timeant;
1685 2511 1743 2555 ut
1771 2513 1946 2556 autem

360 2589 432 2658 pii
466 2591 591 2655 sint,
621 2608 726 2646 non
760 2594 908 2647 item.
940 2594 1037 2647 llic
1063 2609 1191 2649 vero
1223 2609 1327 2648 non
1372 2594 1469 2659 sie,
1515 2593 1608 2648 scd
1650 2610 1769 2647 eum
1801 2594 1947 2647 omni

360 2680 524 2736 domo
544 2697 638 2736 sua
670 2685 833 2738 Deum
860 2686 1079 2740 timebat
1110 2702 1123 2739 :
1158 2700 1257 2741 nec
1286 2686 1447 2740 modo
1470 2686 1620 2755 quasi
1648 2685 1948 2739 communis

364 2780 514 2838 pater
542 2782 658 2827 erat
683 2775 921 2829 omnium
944 2776 1172 2845 quicum
1208 2777 1320 2845 ipso
1341 2787 1513 2842 erant,
1544 2776 1636 2830 sed
1667 2776 1828 2830 etiam
1852 2776 1949 2828 mi-

361 2860 511 2916 litum
542 2879 783 2919 suorum.
831 2866 987 2931 Au‘di,
1037 2867 1162 2936 quid
1209 2866 1353 2921 aliud
1392 2867 1567 2921 dicant
1599 2885 1611 2919 :
1647 2867 1949 2921 necessario

360 2955 503 3008 enim
564 2955 691 3011 illud
737 2957 949 3012 additur
994 2977 1008 3013 :
1058 2958 1420 3013 Testimonium
1467 2958 1653 3013 habens
1698 2960 1761 3012 ab
1811 2960 1949 3013 omni

360 3054 547 3112 gente;
577 3062 643 3101 ne
681 3048 800 3117 quis
829 3047 1033 3103 diceret
1060 3065 1072 3100 :
1101 3048 1259 3116 Quid,
1310 3049 1354 3103 si
1386 3049 1786 3103 incircumcisus
1825 3050 1949 3104 est?

362 3135 427 3189 Et
452 3135 643 3201 Judaei,
677 3138 864 3209 inquit,
897 3138 1247 3193 testiﬁcantur
1267 3139 1337 3194 ei.
1368 3138 1511 3208 Ergo
1533 3139 1663 3192 nihil
1692 3156 1787 3208 par
1808 3141 1950 3194 elee-

362 3243 601 3300 mosynre
640 3232 783 3285 :imo
814 3239 956 3284 tanta
984 3231 1059 3284 rei
1093 3232 1169 3283 vis
1200 3240 1301 3296 est,
1335 3231 1548 3299 quando
1576 3245 1640 3285 ex
1681 3231 1949 3299 penuariis

363 3325 509 3392 puris
534 3325 889 3393 proluuditur.
923 3336 980 3379 ut
1018 3340 1102 3384 ea.
1140 3341 1259 3395 qua:
1289 3341 1354 3378 ex
1396 3324 1591 3392 injuste
1632 3325 1795 3390 partis
1836 3340 1950 3379 ma-

364 3426 511 3479 nant,
546 3419 736 3472 similia
768 3419 875 3472 sint
901 3417 1028 3472 fonti
1058 3419 1224 3471 lutum
1256 3417 1520 3472 cmittenti
1545 3434 1559 3481 ;
1588 3433 1705 3487 quae
1732 3431 1857 3471 vero
1883 3433 1950 3472 ex

360 3514 504 3584 juste
534 3513 717 3581 partis,
747 3512 902 3566 alveo
932 3512 1155 3580 limpido
1185 3519 1239 3566 et
1273 3526 1425 3579 puro,
1461 3512 1511 3564 in
1552 3510 1800 3580 paradiso
1831 3525 1949 3564 ma-

363 3602 533 3666 nanti,
566 3602 655 3670 qui
693 3602 869 3656 suavis
912 3603 1049 3666 visu,
1089 3607 1267 3656 suavis
1299 3610 1353 3655 et
1383 3610 1545 3666 tactu,
1577 3599 1704 3671 quid
1748 3600 1866 3656 lene
1896 3609 1950 3656 et

362 3692 616 3761 frigidum
640 3691 773 3745 dans
808 3692 859 3745 in
887 3691 1130 3745 meridie.
1161 3692 1247 3746 Sic
1272 3700 1355 3747 est
1388 3700 1440 3745 et
1468 3692 1828 3762 eleemosyna.
1868 3691 1950 3745 Ad

366 3785 508 3841 hunc
536 3783 734 3839 fontem
768 3800 871 3839 non
912 3785 1091 3854 populi
1135 3785 1372 3846 arbores.
1404 3799 1508 3839 non
1542 3784 1670 3853 pini,
1710 3799 1817 3840 non
1859 3800 1952 3838 cu-

363 3876 559 3945 pressi,
585 3874 677 3929 sed
710 3875 903 3945 plantae
931 3875 1035 3928 illis
1063 3875 1218 3943 longe
1248 3875 1497 3930 meliores
1536 3884 1590 3930 et
1618 3876 1952 3944 proceriores

365 3975 490 4017 sunt
520 3982 534 4018 :
562 3980 719 4021 amor
744 3966 858 4029 Dei,
893 3967 1008 4022 laus
1034 3966 1330 4033 hominum,
1358 3967 1524 4037 gloria
1556 3969 1607 4021 in
1639 3969 1826 4033 Deum,
1854 3968 1949 4023 be-

366 4054 665 4109 nevolentia
714 4058 994 4125 omnium,
1047 4068 1387 4126 peccatorum
1441 4057 1696 4124 abolitio,
1758 4058 1949 4113 ﬁducia

365 4150 556 4215 multa,
584 4165 743 4218 opum
768 4158 1132 4220 contemptus,
1161 4152 1521 4221 eleeniosyna,
1554 4165 1648 4219 per
1674 4165 1833 4219 quam
1862 4164 1954 4204 ca-

365 4241 540 4296 ritatis
568 4242 744 4311 planta
775 4244 1027 4297 nutritur.
1057 4243 1196 4297 Nihil
1224 4244 1365 4298 enim
1390 4243 1467 4297 sic
1502 4243 1776 4297 Caritatem
1803 4242 1950 4298 alere

365 4331 524 4396 solet,
558 4332 679 4385 utsi
706 4333 825 4401 quis
855 4334 1160 4387 misericors
1206 4332 1385 4387 fuerit.
1427 4332 1552 4388 llaec
1582 4348 1760 4387 ramos
1791 4335 1843 4387 in
1870 4334 1951 4387 al-

366 4431 478 4474 tum
511 4421 667 4490 erigit
695 4439 707 4474 :
740 4421 827 4476 hic
858 4422 1046 4476 melior
1076 4421 1194 4476 fons
1231 4432 1316 4477 est
1345 4422 1455 4484 illo,
1488 4424 1575 4489 qui
1622 4424 1673 4477 in
1705 4423 1953 4493 paradiso

367 4522 505 4579 erat,
539 4528 642 4568 non
689 4515 740 4568 in
782 4525 1014 4584 quatuor
1049 4515 1223 4583 capita
1254 4514 1476 4575 divisus.
1517 4514 1610 4569 sed
1652 4515 1716 4569 ad
1762 4516 1951 4569 caelum

367 4604 539 4674 ipsum
572 4604 921 4673 pertingens:
957 4605 1040 4658 hic
1068 4604 1205 4673 parit
1233 4605 1449 4658 ﬂuvium
1490 4605 1633 4658 illum
1673 4606 1950 4659 salientem

374 4694 428 4749 in
454 4695 612 4749 vitam
640 4705 893 4750 aeternam
918 4696 1099 4764 (Joan.
1127 4696 1180 4750 4.
1214 4695 1303 4765 id)
1334 4713 1345 4748 :
1382 4696 1432 4748 in
1475 4695 1616 4749 hunc
1646 4712 1790 4749 mors
1820 4697 1953 4751 inci-

366 4785 522 4847 dens,
546 4786 695 4856 quasi
723 4787 952 4840 scmtilla
977 4786 1274 4841 absumitur
1298 4804 1327 4840 a
1355 4787 1497 4840 fonte
1526 4804 1538 4838 :
1572 4788 1706 4840 adeo
1730 4787 1813 4842 hic
1838 4788 1955 4841 ubi-

367 4893 597 4945 cumque
634 4878 818 4943 stillet,
863 4892 1051 4947 magna
1103 4888 1355 4947 operatur
1398 4878 1555 4932 bona.
1593 4879 1687 4932 llic
1734 4878 1948 4933 ﬂuvium

369 4967 509 5036 ignis
529 4970 676 5036 quasi
693 4969 978 5022 scintillam
1001 4969 1328 5037 exstinguit:
1354 4969 1439 5023 hic
1457 4985 1689 5023 vermem
1709 4970 1852 5022 illum
1882 4971 1951 5023 ita

371 5057 598 5112 suﬁ‘ocat
623 5060 774 5129 quasi
808 5060 1054 5114 nihilmn.
1077 5059 1177 5129 Qui
1206 5059 1544 5123 hunchahet,
1580 5077 1683 5114 non
1703 5061 1953 5114 dentibus

367 5149 576 5203 stridet.
608 5150 683 5204 Ex
709 5167 841 5220 aqua
870 5153 969 5206 ista
1000 5152 1042 5206 si
1074 5167 1175 5221 qua
1205 5152 1347 5206 stilla
1373 5151 1617 5205 inciderit
1647 5152 1697 5205 in
1720 5153 1946 5217 vincula,

368 5240 668 5295 scinditilla
692 5261 702 5294 :
724 5244 770 5297 si
804 5246 856 5295 in
884 5245 1126 5299 fornaces
1146 5245 1408 5308 inciderit,
1435 5261 1623 5299 mnues
1641 5246 1947 5313 exstinguit.

439 5338 493 5388 δ.
536 5333 684 5386 Sicut
715 5334 803 5388 ille
835 5337 951 5388 fons
977 5337 1227 5404 paradisi,
1261 5353 1365 5391 non
1390 5338 1548 5392 modo
1573 5336 1767 5391 ﬂuenta
1792 5339 1950 5391 cmit-

374 5425 454 5488 tit,
481 5421 642 5475 modo
672 5422 903 5477 siccatur
932 5424 1201 5493 (alioquin
1220 5426 1328 5491 jam
1358 5427 1476 5481 fons
1504 5443 1607 5481 non
1628 5426 1822 5498 esset),
1854 5429 1946 5481 sed

369 5528 587 5582 semper
630 5514 853 5567 scaturit
884 5531 897 5566 :
933 5514 1001 5567 ita
1030 5525 1083 5569 et
1115 5514 1234 5568 fons
1276 5524 1456 5570 noster
1493 5533 1708 5587 semper
1753 5520 1949 5587 largius

372 5604 569 5659 ﬂuenta
614 5602 850 5658 effundat
893 5602 957 5656 ad
995 5618 1087 5658 eos
1119 5604 1383 5665 maxime,
1442 5606 1531 5675 qui
1578 5607 1945 5661 misericordia

367 5706 578 5761 egeant,
614 5704 665 5747 ut
696 5693 815 5748 fons
843 5704 1073 5748 maneat.
1106 5694 1214 5748 Iloc
1238 5694 1458 5749 hilarem
1489 5697 1660 5751 reddit
1681 5714 1823 5759 cum,
1857 5699 1945 5768 qui

369 5787 558 5860 accipit
592 5804 601 5837 :
633 5787 730 5842 hoc
768 5788 1106 5859 elcemosyna
1133 5796 1245 5851 est,
1298 5788 1343 5841 si
1382 5802 1485 5843 non
1516 5788 1672 5842 modo
1702 5791 1942 5858 rapidum

1107 368 1163 423 S.
1202 367 1481 424 JOANNIS
1507 366 1977 423 CllllYSOSTUMl
2033 367 2349 424 AlilllllEP.
2384 370 2917 429 CONSTANTINOP.

3544 383 3648 436 176

2060 485 2318 538 tlncntum
2352 488 2578 553 emittat,
2611 490 2704 543 sed
2727 490 2886 544 etiam
2912 501 3246 560 perpetuum.
3273 494 3329 547 Si
3362 495 3464 559 vis,
3490 496 3647 565 quasi

2057 591 2120 629 ex
2165 576 2397 631 fontibus
2439 581 2529 633 tibi
2562 582 2652 634 Dei
2693 583 3117 637 misericordiam
3165 585 3427 654 impluere
3450 630 3464 652 ,
3499 598 3552 642 et
3586 599 3648 642 tu

2058 667 2257 722 fontem
2306 669 2521 725 habeto.
2552 672 2692 725 Nihil
2741 674 2812 727 illi
2844 688 2939 742 par
2976 683 3080 730 est.
3110 676 3165 729 Si
3198 684 3251 728 ιιι
3288 676 3450 731 fontis
3488 678 3651 747 hujus

2056 772 2148 813 ora
2181 763 2480 830 aperueris,
2518 763 2676 817 fontis
2705 765 2798 819 Dei
2829 767 2953 819 talia
2983 776 3143 821 erunt
3170 784 3285 834 ora,
3310 779 3366 823 ut
3388 771 3649 840 abyssum

2056 865 2270 906 omnem
2304 864 2579 923 superent.
2622 855 2966 912 Occasionem
2995 861 3166 914 solum
3209 863 3397 931 qruerit
3427 879 3455 917 a
3489 867 3651 920 nobis

2056 944 2299 1012 accipere
2343 945 2503 1013 Deus,
2533 958 2587 1002 et
2619 949 2892 1017 profundit
2921 952 3059 1005 bona
3108 968 3172 1007 ex
3205 958 3476 1022 penuariis
3507 959 3646 1012 suis.

2054 1032 2185 1086 Cum
2222 1035 2457 1099 insumit,
2513 1052 2634 1092 cum
2675 1040 2953 1106 impendit,
2989 1051 3112 1097 tunc
3161 1044 3313 1098 dives
3355 1057 3474 1108 est,
3520 1057 3651 1101 tunc

2055 1124 2364 1191 opulentus.
2384 1126 2626 1197 Magnum
2651 1140 2731 1183 est
2748 1146 2809 1185 os
2834 1130 2992 1185 fontis
3022 1133 3163 1187 illius
3188 1153 3198 1185 :
3223 1150 3411 1203 purum
3442 1147 3494 1191 et
3513 1138 3637 1191 lim-

2056 1213 2382 1283 pidum‘ejus
2412 1216 2690 1271 ﬂuentum.
2721 1218 2774 1273 Si
2817 1219 2959 1275 hunc
2997 1237 3101 1275 non
3148 1222 3414 1291 obstruas,
3464 1242 3649 1295 neque

2056 1303 2203 1358 illum
2230 1305 2496 1361 obstrues.
2534 1307 2687 1362 Nulla
2721 1310 3040 1363 infructuosa
3067 1311 3217 1380 juxta
3251 1314 3395 1367 illum
3423 1326 3526 1369 stet
3549 1332 3649 1370 ar-

2056 1396 2174 1464 bor,
2205 1414 2271 1452 ne
2300 1398 2581 1455 humorem
2607 1401 2753 1455 illum
2776 1401 3047 1456 absumat.
3080 1403 3256 1459 Habes
3290 1405 3538 1461 divitias?
3567 1408 3652 1463 Ne

2055 1488 2261 1557 plautes
2310 1490 2418 1545 illic
2465 1491 2657 1545 salices
2691 1493 2848 1553 ;Ialis
2893 1504 2972 1547 est
3020 1494 3161 1548 enim
3202 1496 3319 1565 ejus
3350 1499 3645 1567 voluptas:

2053 1580 2221 1634 multa
2246 1581 2493 1649 insumit,
2527 1593 2581 1637 et
2606 1583 2736 1637 nihil
2782 1586 2835 1638 in
2869 1600 2926 1640 se
2953 1586 3221 1651 ostendit,
3271 1587 3365 1641 sed
3408 1589 3646 1645 fructum

2057 1671 2249 1741 perdit.
2272 1671 2349 1727 Ne
2370 1673 2577 1742 plantes
2598 1674 2834 1737 salicem,
2860 1692 2927 1730 ne
2952 1677 3152 1745 pinum,
3183 1693 3279 1732 nec
3301 1679 3424 1748 quid
3442 1680 3644 1747 simile,

2054 1765 2194 1833 quod
2225 1776 2504 1819 consumat
2538 1777 2591 1821 et
2619 1766 2805 1822 inutile
2841 1769 2915 1822 sit
2940 1786 2953 1821 :
2986 1770 3104 1822 talis
3129 1771 3270 1824 enim
3299 1781 3382 1825 est
3411 1774 3645 1827 vestium

2053 1857 2329 1925 voluptas;
2362 1858 2477 1912 visu
2508 1857 2744 1926 pulchrae
2772 1869 2913 1924 sunt,
2945 1860 3038 1914 sed
3066 1860 3130 1913 ad
3162 1862 3292 1914 nihil
3325 1863 3507 1917 utiles.
3539 1864 3647 1917 lm-

2053 1948 2140 2017 ple
2164 1948 2395 2002 surculis
2424 1967 2435 2001 :
2470 1950 2645 2002 omnia
2687 1949 2956 2003 fructifera
2982 1952 3188 2015 plantcs
3217 1954 3269 2005 in
3294 1969 3483 2009 manus
3516 1973 3647 2024 pau-

2053 2053 2239 2108 perum
2264 2054 2614 2109 quaecumque
2630 2041 2882 2095 volueris.
2908 2040 3045 2096 Nihil
3072 2042 3167 2097 hac
3192 2054 3331 2098 terra
3358 2048 3641 2117 pinguius;

2054 2133 2297 2200 quamvis
2329 2146 2488 2200 parva
2522 2133 2589 2186 sit
2638 2149 2827 2187 manus
2872 2136 3159 2204 capacitas,
3209 2148 3445 2194 attamen
3478 2144 3648 2197 arbor

2056 2221 2143 2275 illa
2169 2222 2399 2291 plantata
2428 2222 2492 2276 ad
2527 2238 2693 2293 usque
2723 2224 2908 2278 czelum
2945 2227 3225 2296 pertingit,
3257 2241 3309 2282 et
3340 2230 3489 2283 ﬁrma
3514 2243 3641 2285 stat.

2054 2311 2167 2366 lloc
2197 2322 2280 2367 est
2312 2329 2435 2368 vere
2462 2315 2723 2384 plantare.
2753 2316 2884 2370 Nam
2913 2318 3053 2386 quod
3083 2320 3134 2372 in
3178 2328 3316 2375 terra
3344 2322 3639 2391 plantatur,

2052 2404 2096 2457 si
2127 2421 2231 2459 non
2257 2421 2415 2471 nunc,
2445 2416 2565 2475 post
2594 2417 2808 2461 centum
2837 2421 3008 2461 annos
3040 2409 3251 2477 peribit.
3271 2412 3377 2465 Cur
3416 2414 3645 2469 arbores

2054 2496 2281 2565 plantas,
2314 2498 2506 2566 quibus
2538 2513 2642 2551 non
2683 2498 2912 2560 frueris;
2961 2499 3054 2552 sed
3102 2511 3385 2570 antequam
3417 2502 3640 2570 fruaris,

2054 2604 2197 2643 mors
2227 2590 2481 2644 invadens
2513 2600 2563 2644 to
2593 2591 2856 2659 abripiet?
2889 2592 3013 2646 Ha'c
3038 2595 3219 2660 arbor,
3249 2610 3371 2648 cum
3397 2607 3643 2651 mortuus

2052 2678 2237 2748 fueris,
2268 2690 2392 2735 tunc
2419 2680 2510 2734 tibi
2540 2681 2767 2735 fruetum
2806 2682 2973 2737 dabit.
3009 2682 3064 2737 Si
3095 2683 3300 2752 plantes
3321 2726 3336 2749 ,
3367 2702 3433 2740 ne
3459 2687 3510 2741 in
3542 2703 3642 2756 ga-

2053 2772 2367 2841 strimargiie
2414 2783 2600 2827 ventre
2650 2773 2892 2841 plautes,
2940 2789 3005 2827 ne
3031 2774 3084 2827 in
3116 2789 3384 2829 secessum
3433 2776 3642 2832 fructus

2051 2872 2238 2927 exeat;
2278 2862 2372 2916 sed
2402 2862 2580 2931 planta
2630 2864 2680 2916 in
2724 2861 2925 2917 afﬂicto
2970 2876 3177 2929 ventre,
3228 2874 3284 2918 ut
3327 2864 3530 2920 fructus
3571 2869 3638 2921 ad

2052 2954 2242 3008 caelum
2265 2954 2475 3008 exsiliat
2507 2974 2522 3009 :
2569 2947 2752 3009 recrea
2780 2956 3011 3009 animam
3042 2959 3288 3026 pauperis
3313 2958 3364 3011 in
3394 2963 3640 3029 angustia

2051 3044 2338 3109 versantis,
2369 3054 2426 3097 ut
2466 3060 2534 3097 ne
2567 3045 2726 3099 latam
2756 3054 2896 3100 tuam
2928 3047 3068 3099 viam
3098 3059 3293 3102 arctes.
3327 3048 3441 3103 Non
3467 3053 3637 3118 vides,

2052 3137 2322 3205 quomodo
2347 3138 2590 3203 arbores,
2620 3154 2737 3209 quae
2768 3142 2884 3195 sine
2916 3156 3165 3195 mensura
3194 3144 3467 3212 rigantur,
3496 3161 3527 3200 a
3556 3164 3642 3201 ra-

2053 3228 2174 3282 dice
2210 3238 2660 3297 corrumpantur;
2693 3246 2810 3300 quzn
2841 3241 3017 3286 autem
3045 3248 3163 3287 cum
3197 3249 3444 3289 mensura
3473 3277 3488 3301 ,
3518 3253 3642 3291 cre-

2053 3321 2243 3376 seant?
2272 3321 2345 3374 lta
2372 3332 2427 3375 et
2455 3333 2507 3375 tu
2540 3338 2607 3376 ne
2632 3332 2874 3377 ventrem
2900 3335 3045 3377 tuum
3080 3334 3204 3393 potu
3234 3326 3549 3396 ingurgites,
3575 3344 3644 3383 ne

2055 3412 2547 3479 putrescatarboris
2569 3411 2717 3465 radix
2746 3427 2759 3461 :
2782 3423 2962 3481 potum
2993 3413 3059 3467 da
3083 3415 3303 3479 sitienti,
3331 3428 3386 3470 ut
3406 3416 3641 3472 fructum

2053 3500 2208 3555 ferat.
2240 3501 2369 3570 Qua:
2395 3502 2671 3558 moderate
2700 3513 2880 3572 potum
2912 3504 3199 3574 accipiunt,
3226 3522 3331 3560 non
3358 3508 3644 3576 putrefacit

2053 3593 2157 3659 sol,
2179 3592 2271 3647 sed
2303 3608 2422 3662 qua:
2447 3593 2800 3648 immoderate
2832 3594 2848 3625 ί
2880 3610 2893 3646 :
2921 3595 3038 3648 talis
3063 3596 3261 3665 quippe
3286 3605 3369 3650 est
3388 3599 3517 3651 solis
3550 3616 3645 3653 na-

2053 3694 2192 3740 tura.
2230 3685 2437 3756 Ubiqnc
2467 3686 2605 3740 mala
2649 3695 2734 3742 est
2775 3686 3147 3741 immoderatio
3173 3706 3187 3744 :
3215 3689 3444 3757 ideoque
3494 3692 3644 3748 illam

2054 3776 2449 3841 exsciudamus,
2485 3786 2541 3831 ut
2565 3792 2683 3846 qua:
2705 3778 2936 3846 petimus
2965 3792 3334 3847 assequamur.
3361 3779 3415 3833 ln
3444 3780 3646 3835 altissi-

2053 3871 2157 3924 mis
2200 3870 2331 3925 Iocis
2360 3871 2611 3924 dicuntur
2649 3870 2823 3924 fontes
2862 3871 3013 3924 oriri.
3058 3872 3197 3942 Ergo
3225 3873 3391 3925 simus
3437 3884 3492 3929 et
3543 3891 3646 3928 nos

2055 3963 2235 4016 animo
2260 3963 2538 4026 sublimes,
2572 3972 2625 4016 et
2652 3962 2993 4033 elecmosyna
3020 3964 3127 4017 cito
3155 3964 3413 4018 manabit.
3457 3965 3646 4035 Neque

2055 4056 2197 4109 enim
2224 4064 2399 4124 potest
2419 4054 2662 4108 sublimis
2702 4056 2877 4109 anima
2904 4052 3016 4109 non
3048 4056 3371 4118 misericors,
3404 4067 3458 4110 et
3489 4058 3647 4112 mise-

2056 4144 2227 4198 ricors
2256 4158 2362 4197 non
2390 4145 2635 4199 sublimis
2658 4160 2799 4200 esse.
2830 4146 2930 4212 Qui
2957 4161 3085 4216 ergo
3114 4148 3368 4215 pecunias
3389 4148 3643 4217 despicit,

2056 4233 2238 4289 radice
2263 4234 2527 4289 malorum
2555 4236 2799 4304 superior
2825 4246 2927 4291 est.
2949 4236 3148 4292 Fontes
3177 4237 3229 4291 in
3258 4237 3489 4292 desertis
3519 4250 3645 4294 sunt

2056 4338 2116 4381 ut
2143 4327 2427 4396 plurimum
2460 4346 2472 4381 :
2503 4334 2558 4381 et
2586 4343 2682 4381 nos
2708 4329 2938 4383 animam
2970 4344 3036 4384 ex
3064 4330 3291 4384 tumultu
3326 4330 3641 4397 eduCamus,

2056 4426 2110 4471 et
2138 4416 2278 4486 apud
2329 4432 2426 4470 nos
2478 4418 2733 4471 scaturiet
2783 4419 3147 4489 eleemosyna.
3197 4420 3396 4475 Fontes
3444 4432 3647 4489 quanto

2057 4510 2226 4575 magis
2251 4516 2564 4575 purgantur,
2604 4514 2749 4560 tanto
2782 4507 3055 4561 uberiores
3075 4517 3236 4563 sunt:
3269 4509 3336 4562 ita
3368 4524 3466 4563 nos
3508 4527 3646 4578 quo-

2056 4614 2179 4667 que,
2205 4613 2309 4667 quo
2337 4599 2504 4667 magis
2522 4598 2872 4664 insumemus,
2897 4607 2951 4652 rt
2968 4600 3135 4669 magis
3162 4601 3297 4654 bona
3324 4603 3642 4655 scaturient.

2057 4686 2155 4753 Qui
2186 4687 2384 4739 fontem
2425 4687 2601 4751 habet,
2636 4703 2741 4740 non
2777 4688 2927 4742 timet
2955 4706 2967 4741 :
3000 4689 3044 4745 si
3071 4704 3201 4753 ergo
3231 4700 3280 4743 et
3315 4705 3412 4744 nos
3442 4690 3643 4745 fontem

2060 4776 2349 4831 habeamus
2378 4776 2800 4847 eleemosynam,
2828 4793 2931 4832 non
2960 4780 3285 4833 timebimus.
3321 4779 3417 4833 llic
3445 4783 3645 4851 quippe

2058 4866 2178 4921 fons
2200 4867 2264 4920 ad
2290 4876 2495 4936 potum,
2528 4866 2594 4920 ad
2625 4868 3007 4935 irrigationem,
3042 4868 3107 4921 ad
3148 4869 3394 4932 aediﬁcia,
3426 4871 3491 4923 ad
3526 4887 3639 4923 oui-

2060 4961 2145 5014 nia
2192 4960 2346 5013 nobis
2392 4960 2539 5013 utilis
2588 4968 2689 5013 est.
2722 4959 2868 5013 Nihil
2914 4959 3016 5013 hoc
3049 4970 3173 5027 potu
3205 4962 3395 5015 melius
3428 4978 3442 5015 :
3476 4966 3645 5016 nescit

2056 5051 2145 5107 hic
2177 5051 2296 5106 fons
2323 5052 2638 5107 ebrietatem
2668 5051 2922 5105 inducere
2949 5069 2962 5106 :
2999 5052 3188 5105 melius
3226 5062 3306 5106 est
3339 5053 3499 5106 talem
3552 5053 3645 5106 Ita-

2058 5142 2184 5195 bere
2213 5141 2435 5208 fontem,
2465 5158 2623 5211 quam
2654 5142 2769 5195 auri
2797 5140 2972 5195 fontes
2997 5142 3267 5196 emittere.
3297 5140 3454 5197 Omni
3491 5143 3641 5196 auri-

2057 5233 2167 5288 fera
2223 5243 2362 5288 terra
2410 5234 2600 5287 melior
2638 5241 2713 5286 est
2768 5234 2965 5297 anima,
3015 5249 3134 5300 qu;e
3186 5232 3488 5301 hujusmodi
3547 5236 3643 5287 fert

2056 5340 2264 5378 aurum.
2291 5323 2404 5377 Non
2437 5325 2579 5376 enim
2612 5324 2663 5375 in
2698 5322 2833 5375 hanc
2862 5323 3061 5390 regiam
3088 5363 3103 5387 ,
3132 5323 3225 5375 sed
3260 5323 3310 5376 in
3352 5338 3639 5389 supernam

2058 5416 2333 5468 nobiscum
2366 5413 2630 5467 concedit.
2663 5411 2773 5465 lloc
2796 5427 2981 5463 aurum
3012 5421 3385 5465 ornamentum
3416 5423 3499 5466 est
3538 5415 3634 5467 Ec-

2055 5504 2233 5559 clesia:
2265 5504 2353 5558 Dei
2386 5519 2488 5557 :ex
2534 5503 2635 5557 hoc
2682 5518 2814 5555 auro
2863 5501 3088 5554 eflicitur
3139 5502 3345 5569 gladius
3389 5504 3640 5571 Spiritus,

2054 5596 2260 5668 gladius
2283 5611 2376 5665 per
2401 5610 2559 5664 quem
2587 5593 2747 5646 draco
2772 5591 3088 5645 dissecatur.
3118 5591 3192 5644 Ev
3228 5594 3327 5646 hoc
3357 5592 3502 5646 fonto
3527 5608 3638 5662 pro-

2118 5733 2131 5763 '
2172 5730 2334 5792 Codex
2362 5742 2492 5792 unus
2517 5727 2664 5775 habet
2686 5724 2774 5792 {si
2818 5732 2979 5792 potum
3008 5724 3255 5792 nmderuge
3281 5724 3517 5792 naturis.
3553 5737 3639 5776 nco

2053 5791 2305 5856 pittref-trit
2329 5791 2427 5849 sol;
2451 5790 2493 5839 si
2515 5795 2672 5836 autent
2698 5786 3025 5845 immoderate,
3053 5786 3327 5846 putre/urit.
