4014 6218
199 380 283 436 ΠΒ
1192 362 1261 418 ΙΝ
1301 355 1484 415 ACTA
1529 349 2064 410 APOSTOLORUM.
2097 350 2340 411 HOMIL.
2404 353 2574 409 XXII.

189 489 597 560 Μεταπέμπεται
630 502 712 541 σε
751 487 844 551 είς
889 481 994 536 τὸν
1035 476 1204 535 οἶκον·
1240 476 1466 538 αὐτοῦ;
1505 475 1628 526 Ὅτι
1655 471 1814 560 τοῦτο

189 583 340 642 αὑτοῖς
364 556 630 630 ἐκέλευσε.
670 573 834 641 Τάχα
855 569 911 623 δὲ
947 567 1040 622 καὶ
1083 566 1160 629 ώς
1205 562 1629 632 ἀπολογούμενοι
1674 556 1815 628 ὑπὲρ

187 667 324 724 αὐτοῦ
365 662 635 735 μονονουχὶ
688 660 910 727 λέγουσι
933 673 947 687 ο
978 655 1158 726 Μηδὲν
1210 649 1496 719 καταγνῴς
1537 663 1550 677 ·
1585 646 1682 735 οὐχ

190 730 501 824 καταφρονῶν
561 730 854 818 ἐπεμψεν,
909 743 1022 796 ἀλλ’
1071 739 1366 808 ἐκελεύσθη
1427 735 1617 797 οὑτως.
1658 733 1718 785 '0
1750 730 1818 783 δὲ

191 821 475 912 Κορνῆλιος
503 833 583 906 ἦν
612 831 973 903 προσδοκῶν
994 828 1215 892 αὐτοὺς
1236 868 1250 893 ,
1281 825 1413 896 φησί
1435 865 1449 887 ,
1476 821 1820 912 ,προσκαλε-

191 908 412 997 σάμενος
435 924 575 989 τοὺς
592 920 912 992 συγγενεῖς
931 916 1135 982 αὑτοῦ,
1162 915 1262 968 καὶ
1293 916 1394 966 τοὺ
1455 908 1821 978 ἀναγκαίους

193 996 390 1084 φίλους.
411 1012 649 1073 Εἰκότως
673 1021 701 1050 ι
728 1025 742 1038 ·
765 1008 828 1060 οὐ
851 1007 957 1076 γὰρ
972 1004 1178 1058 δίκαιον
1193 999 1261 1073 ἦν
1275 1000 1511 1060 καὶτοὺς
1539 996 1821 1084 συγγενεῖς

194 1082 267 1154 καὶ
299 1103 413 1162 τοὺς
443 1099 631 1168 φίλους
671 1095 748 1165 μὴ
780 1089 1210 1159 συνεπάγεσθαι·
1248 1088 1424 1149 ἄλλως
1469 1084 1527 1136 δὲ
1566 1083 1658 1136 καὶ
1707 1082 1822 1134 ἐκεῖ

194 1190 422 1261 παρόντες
454 1186 657 1258 μᾶλλον
691 1181 858 1236 αὑτοῦ
893 1183 1134 1252 ἡκουσαν
1162 1177 1246 1231 ἄν.
1689 1245 1699 1255 ⁶

249 1279 430 1336 Εῖδετε,
482 1273 620 1342 πόση
673 1272 774 1340 τῆς
830 1266 1198 1338 ἐλεημοσύνης
1246 1267 1280 1336 ἡ
1328 1264 1598 1332 δύναμις,
1634 1262 1725 1315 καί
1763 1264 1822 1315 ἐν

193 1369 248 1436 τῇ
294 1365 518 1436 προτέρα
560 1359 796 1423 διαλέξει
860 1357 953 1410 καί
1011 1354 1276 1418 ἐνταῦθα;
1328 1351 1537 1421 Ἐκείνη
1591 1351 1820 1403 θανάτου

194 1451 432 1523 ἀπήλλαξε
482 1448 575 1503 τοῦ
629 1446 987 1518 προσκαίρου,
1033 1442 1172 1513 αῦτη
1227 1441 1322 1493 τοῦ
1364 1439 1582 1493 αἰωνίου
1615 1457 1630 1471 ·
1681 1438 1821 1508 αῦτη

195 1542 272 1594 καί
310 1539 467 1610 Θύρας
514 1536 748 1606 ἀνέῳξεν
789 1530 1043 1603 ούρανοῦ.
1077 1531 1218 1600 Ὅρα
1255 1529 1334 1592 δέ,
1367 1527 1483 1590 πῶς
1523 1527 1651 1596 περί
1690 1525 1822 1578 πολ-

195 1626 271 1680 λοῦ
309 1624 586 1694 γεγένηται
629 1621 690 1674 τὸ
729 1617 1015 1674 πιστεῦσαι
1057 1615 1389 1688 Κορνήλιον,
1421 1615 1498 1677 ώς
1530 1613 1624 1665 καί⁹
1657 1613 1826 1680 ἄγγει-

197 1715 270 1768 λον
323 1711 671 1781 πεμφθῆναι,
732 1708 825 1760 καὶ
882 1703 1102 1774 Πνεῦμα
1176 1702 1512 1773 ἐνεργῆσαι,
1576 1699 1668 1753 καὶ
1733 1699 1825 1752 τὸν

201 1801 460 1868 κορυφαῖον
502 1794 956 1867 μεταπεμφθῆναι
1008 1791 1119 1844 τῶν
1165 1788 1498 1852 ἀποστόλων,
1556 1787 1652 1841 καὶ
1704 1785 1826 1854 ὄψιν

200 1890 399 1957 φανῆναι
432 1883 710 1953 τοιαύτην,
749 1881 842 1934 καὶ
878 1879 1044 1950 μηδὲν
1075 1877 1209 1940 ὅλως
1241 1873 1608 1943 ἐλλειφθῆναι.
1663 1872 1826 1924 Πόσοι

197 1970 313 2044 ἦσαν
357 1973 736 2041 ἑκατόνταρχοι
758 2009 772 2033 ,
824 1967 919 2019 καί
966 1964 1280 2034 χιλίαρχοι,
1320 1963 1412 2014 καὶ
1445 1959 1702 2030 βασιλεῖς,
1731 1959 1827 2011 καὶ

198 2063 342 2125 οὐδεὶς
386 2063 584 2113 τούτων
627 2057 892 2124 ἐπέτυχεν
937 2048 1010 2106 ὧν
1045 2047 1226 2113 οῦτοςς
1271 2047 1563 2101 Ἀκούσατε
1603 2047 1824 2111 πάντες,

198 2149 372 2201 ὃσοιέν
400 2143 706 2217 στρατείαις
754 2141 898 2205 ἐστὲ,
939 2140 1052 2193 ὅσοι
1099 2135 1378 2207 βασιλεῦσι
1422 2134 1826 2205 παρεστήκατε.

196 2232 436 2300 Εὐσεϐὴς
471 2229 569 2302 ἦν,
599 2227 754 2302 φησὶ,
782 2228 878 2282 καὶ
900 2226 1271 2296 φοϐούμενος
1293 2223 1400 2275 τὸν
1430 2222 1578 2274 Θεόν
1602 2237 1617 2251 ·
1647 2220 1741 2272 καὶ
1769 2219 1830 2272 τὸ

203 2319 382 2389 μεῖξον,
405 2321 483 2372 ὅτι
509 2317 750 2378 τοιοῦτος
770 2312 837 2387 ἧν
863 2313 1024 2368 Μετὰ
1045 2311 1272 2377 παντὸς
1289 2310 1394 2364 τοῦ
1421 2309 1592 2364 οἴκου
1619 2307 1826 2362 αὐτοῦ.

202 2409 359 2471 Οὖτως
399 2403 464 2478 ἦν
491 2401 1000 2476 συγκεκροτημένος
1047 2401 1181 2471 πρὸς
1222 2399 1380 2452 τοῦτο
1417 2398 1512 2452 καί
1551 2396 1831 2466 διακείμε-

200 2513 301 2560 νος,
335 2495 412 2558 ὡς
446 2493 520 2565 μὴ
567 2493 727 2564 μόνον
776 2487 834 2544 εὖ
889 2489 1135 2543 τίθεσθαι
1188 2487 1257 2540 τά
1305 2489 1501 2551 οἰκεῖα,
1549 2485 1686 2538 ἀλλά
1736 2483 1832 2536 καὶ

201 2585 272 2636 ἐπὶ
320 2585 417 2654 τῆς
469 2583 736 2644 οἰκετείας
790 2580 852 2633 τὸ
904 2579 1036 2632 αὐτὸ
1085 2577 1243 2631 τοῦτο
1278 2577 1469 2629 ποιεῖν.
1504 2576 1578 2627 Οὑ
1613 2573 1721 2644 γὰρ
1756 2573 1833 2636 ὡς

201 2673 350 2742 ἡμεῖς,
377 2673 452 2735 οῖ,
483 2673 630 2734 ὅπως
653 2671 750 2741 μὲν
777 2671 906 2740 ἡμῖν
937 2666 1158 2737 φοϐεροί
1181 2666 1231 2719 οἰ
1259 2661 1654 2734 ὑπηρετοῦντες
1679 2661 1832 2712 ἔσον-

203 2775 287 2823 ται,
319 2763 492 2814 πάντα
517 2757 776 2828 ποιοῦμεν
806 2797 822 2820 ,
854 2757 1001 2818 ὅπως
1031 2754 1086 2806 δὲ
1120 2752 1366 2815 εὐλαϐεῖς
1386 2790 1401 2813 ,
1432 2750 1636 2804 οὐκέτι.
1692 2746 1831 2800 Ἀλλ’

204 2840 327 2909 οὗτος
362 2847 463 2915 οὐχ
511 2845 704 2906 οὕτως,
758 2842 894 2896 ἀλλά
935 2843 1071 2912 μετὰ
1124 2842 1222 2910 τῆς
1258 2840 1435 2902 οἰκίας
1492 2840 1709 2909 ἁπάσης
1742 2840 1834 2892 τὸν

205 2931 312 2985 Θεὸν
334 2933 598 3000 ἐφοϐεῖτο,
621 2931 682 2983 οὑ
717 2931 876 3001 μόνον
904 2931 932 2969 δ
970 2929 1158 2999 ὥσπερ
1190 2927 1365 2990 κοινὸς
1408 2925 1590 2997 πατὴρ
1617 2927 1834 2979 πάντων

205 3019 291 3071 τῶν
315 3037 372 3088 με
385 3020 427 3072 τ’
454 3019 616 3072 αὑτοῦ
647 3017 744 3080 ῶν,
781 3017 915 3070 ἀλλά
956 3017 1050 3070 καὶ
1081 3015 1190 3067 τῶν
1222 3015 1312 3067 ὑπ’
1348 3014 1511 3066 αὑτὸν
1571 3029 1837 3083 στρατιω-

206 3107 310 3160 τῶν.
339 3110 533 3160 Ἄκουε
585 3107 640 3159 δέ
674 3105 844 3158 καίτί
900 3121 1065 3173 φασιν
1115 3104 1319 3173 ἓτερον·
1364 3101 1677 3170 ἀναγκαίως
1726 3099 1834 3170 γάρ

208 3195 551 3261 προστέθειται
567 3193 647 3256 τὸ,
669 3192 1160 3260 Μαρτυρούμενος
1174 3189 1289 3242 ὑπὸ
1316 3189 1462 3240 ὅλου
1481 3187 1584 3241 τοῦ
1597 3187 1830 3251 ἔθνους·

209 3281 276 3333 ἴνα
305 3281 449 3354 [182]
487 3282 840 3352 μηδεὶςείπῃ·
891 3279 955 3332 Τί
985 3279 1113 3348 γάρ,
1145 3279 1192 3329 εἰ
1225 3277 1557 3346 ἀκρόϐυστος
1576 3272 1680 3347 ἦν;
1726 3276 1837 3327 Καὶ

208 3369 390 3435 ἐκεῖνοι,
426 3371 578 3440 φησὶ,
613 3367 981 3439 μαρτυροῦσιν
1028 3363 1195 3434 αὑτῷ.
1227 3365 1369 3434 Ἀρα
1408 3363 1560 3416 οὑδέν
1606 3366 1836 3432 ἐλεημο-

212 3455 346 3526 σύνης
372 3459 506 3512 ἴσον·
539 3456 739 3526 μᾶλλον
773 3455 829 3507 δέ
855 3453 995 3507 οῦτω
1041 3453 1248 3522 μεγάλη
1295 3450 1385 3504 τοῦ
1435 3452 1757 3520 πράγματος
1804 3451 1838 3520 ή

215 3541 356 3612 ίςχὺς.
381 3546 507 3596 ὅταν
534 3546 597 3595 ἐκ
626 3540 882 3612 καθαρῶν
915 3540 1212 3611 προχέηται
1251 3538 1515 3607 ταμείων,
1569 3537 1643 3598 ὡς
1679 3537 1747 3590 τά
1776 3553 1838 3603 γε

212 3631 524 3700 προχεόμενα
568 3629 628 3693 ἐξ
655 3629 855 3682 ἀδίκων
907 3626 1166 3697 βόρϐορον
1214 3623 1389 3676 ἔοικεν
1414 3625 1633 3694 ἀφιείσῃ
1665 3627 1836 3695 πηγῇ·

211 3717 264 3768 τὰ
291 3717 336 3770 δὲ
361 3721 420 3770 ἐκ
446 3717 673 3770 δικαίων
699 3714 924 3786 κερδῶν,
957 3714 1207 3783 καθάπερ
1258 3714 1408 3782 νᾶμα
1439 3711 1631 3772 διειδές
1659 3729 1716 3764 τε
1748 3712 1842 3763 καὶ

214 3803 418 3874 καθαρὸν
456 3807 516 3856 ἐν
544 3803 884 3874 παραδείσῳ,
911 3801 1007 3872 ἡδὺ
1042 3801 1140 3872 μὲν
1183 3800 1330 3861 ἰδεῖν,
1365 3798 1460 3868 ἡδὺ
1496 3798 1554 3850 δὲ
1577 3797 1839 3867 ἅψασθαι,

214 3889 380 3960 κοῦφόν
406 3911 464 3945 τε
491 3892 585 3944 καὶ
613 3890 821 3960 ψυχρὸν
858 3893 915 3942 ἐν
942 3889 1258 3959 μεσημϐρίᾳ
1312 3889 1606 3957 διδόμενον.
1657 3884 1864 3948 Οῦτως⁹

212 3978 329 4032 ἐστὶν
362 3984 392 4052 ἡ
419 3979 784 4049 ἐλεημοσύνη.
842 3978 1000 4047 Παρὰ
1031 3977 1234 4048 ταύτην
1262 3976 1360 4047 τὴν
1395 3975 1577 4044 πηγὴν
1606 3975 1706 4028 οὑκ
1757 3973 1843 4026 αῖ-

213 4071 459 4138 γειροικαί
484 4067 710 4127 πεῦκαι,
759 4065 879 4118 ούδέ
916 4065 1269 4133 κυπάρισσοι,
1303 4063 1418 4116 ἀλλ’
1448 4064 1612 4132 ἐτερα
1638 4060 1845 4114 τούτων

213 4156 363 4224 πολλῷ
391 4156 584 4225 βελτίω
607 4153 751 4223 φυτά
786 4153 1002 4222 εὐμήκη
1050 4151 1176 4203 είσί·
1207 4150 1358 4218 φιλία
1413 4149 1571 4210 Θεοῦ,
1625 4149 1846 4211 ἔπαινος

213 4239 500 4311 ἀνθρώπων,
527 4242 658 4306 δόξα
678 4244 710 4311 ἡ
734 4241 812 4304 εἰς
840 4239 994 4301 Θεὸν,
1024 4238 1205 4291 εὔνοια
1227 4239 1377 4308 παρά
1398 4238 1640 4301 πάντων,
1670 4239 1848 4310 ἀμαρ-

212 4331 434 4397 τημάτων
467 4329 796 4400 ἀφανισμός,
829 4326 1109 4398 παρρησία
1135 4325 1321 4395 πολλὴ,
1353 4326 1653 4398 χρημάτων
1685 4326 1848 4395 ὑπερ·

213 4413 338 4481 οψία,
367 4416 727 4487 ἐλεημοσύνη,
791 4415 856 4468 δι’
890 4409 957 4485 ἧς
992 4413 1090 4483 τῆς
1121 4413 1341 4484 ἀγάπης
1368 4414 1429 4466 τὸ
1463 4413 1628 4482 φυτὸν
1657 4413 1850 4483 τρέφε-

212 4514 302 4552 ται.
329 4504 483 4556 Ούδὲν
522 4504 632 4574 γάρ
683 4502 856 4565 οὕτως
907 4501 1130 4570 ἀγάπην
1178 4499 1396 4569 τρέφειν
1425 4500 1632 4564 εἴωθεν,
1663 4500 1739 4560 ὡς
1788 4499 1848 4552 τὸ

214 4586 454 4657 ἐλεήμονα
481 4588 619 4644 εἷναί
651 4607 793 4642 τινα.
825 4588 973 4657 Δῦτη
1002 4589 1128 4650 τοὺς
1161 4587 1388 4649 κλάδους
1429 4589 1508 4648 εἰς
1539 4585 1671 4654 ὕψος
1699 4586 1849 4656 αἴρε-

217 4671 322 4726 σθαι
346 4680 499 4730 ποιεῖ·
531 4676 675 4745 αῦτη
707 4675 934 4746 βελτίων
959 4677 991 4746 η
1026 4673 1175 4745 πηγὴ
1205 4676 1303 4744 τῆς
1327 4675 1384 4725 ἐν
1407 4673 1482 4742 τῷ
1510 4671 1847 4744 παραδείσῳ,

213 4759 298 4811 οὐκ
327 4763 402 4824 εἰς
429 4764 703 4834 τέσσαρας
731 4761 908 4832 ἀρχὰς
934 4759 1354 4832 διαιρο[υ]μέν·η,
1386 4758 1500 4812 ἀλλ’
1527 4761 1606 4822 εἰς
1635 4759 1726 4811 τὸν
1755 4759 1850 4811 ού-

217 4847 354 4915 ρανὸν
373 4850 532 4902 αὑτὸν
552 4849 947 4919 ἀφικνουμένη·
976 4848 1114 4918 αῦτη
1129 4849 1302 4900 τίκτει
1331 4846 1421 4899 τὸν
1443 4846 1685 4916 ποταμὸν
1709 4848 1850 4899 ἐκεῖ·

216 4949 288 4983 νον
304 4935 386 4987 τὸν
416 4936 710 5006 ἀλλόμενον
733 4938 812 4998 εἰς
840 4934 984 5005 ζωὴν
1013 4934 1249 4988 αἰώνιον·
1277 4936 1356 4996 εἰς
1394 4933 1598 5003 ταύτην
1623 4933 1852 4994 Θάνατος

217 5016 462 5086 ἐμπεσὼν,
502 5023 757 5092 καθάπερ
793 5022 1026 5092 σπινθὴρ
1070 5022 1414 5075 ἀναλίσκεται
1449 5021 1556 5073 ἀπὸ
1593 5021 1692 5090 τῆς
1743 5039 1850 5091 cm-

216 5103 320 5172 7711'
348 5108 534 5171 οὕτως,
558 5111 802 5178 ὅπουπερ
862 5107 928 5160 ἀν
958 5107 1243 5179 ἐπιστάξῃ,
1305 5106 1514 5176 μεγάλα
1559 5106 1849 5178 ἐργάζεται

217 5189 391 5257 ἀγαθά.
446 5196 595 5266 Δῦτη
629 5195 726 5249 τοῦ
771 5195 944 5266 πυρὸς
992 5195 1085 5247 τὸν
1138 5194 1383 5264 ποταμὸν
1445 5193 1727 5248 σϐέννυσιν
1776 5193 1851 5256 ὡς

220 5281 481 5352 σπινθῆρα·
542 5283 679 5354 α’ύτη
721 5282 814 5335 τὸν
866 5281 1124 5353 σκώληκα
1183 5281 1356 5345 οὕτως
1412 5281 1724 5350 ἀποπνίγει,
1779 5281 1854 5344 ῶς

218 5366 368 5422 οὐδέν.
409 5371 465 5424 'O
503 5370 706 5441 ταύτην
737 5370 898 5440 ἔχων,
926 5371 986 5422 οὑ
1016 5370 1204 5440 βρύχει
1260 5371 1388 5432 τοὺς
1421 5370 1659 5432 ὀδόντας.
1715 5369 1853 5421 Ἀπὸ

218 5453 297 5504 τοῦ
324 5455 507 5520 ὕδατος
535 5459 738 5529 ταύτης
790 5457 855 5510 ἀν
909 5459 1174 5528 ἐπιστάξῃ
1205 5461 1285 5522 εἰς
1313 5458 1382 5512 τά
1415 5458 1611 5528 δεσμά,
1657 5456 1853 5524 διαιρει

219 5541 358 5595 αὑτά·
398 5547 499 5600 κάν
525 5551 604 5610 είς
633 5549 733 5612 τὰς
761 5550 1021 5621 καμίνους
1047 5549 1262 5620 ἐμπέσῃ
1283 5589 1298 5613 ,
1331 5548 1510 5608 πάσας
1545 5545 1850 5597 σϐέννυσιν.

276 5629 558 5706 δ’.Ὦσπερ
588 5633 678 5690 οῦν
703 5639 736 5708 ἡ
766 5640 823 5690 ἐν
854 5638 1170 5706 παραδείσῳ
1205 5636 1357 5705 πηγὴ
1389 5635 1448 5688 οὑ
1471 5632 1564 5686 νῦν
1597 5633 1694 5703 μὲν
1720 5648 1855 5704 προνο

220 5716 319 5782 χέει
349 5721 582 5788 νάματα,
611 5725 702 5777 νῦν
729 5726 786 5778 δέ
820 5725 1135 5796 ξηραίνεται
1175 5723 1318 5792 (ἐπεὶ
1372 5724 1473 5776 οὑκ
1495 5721 1560 5774 ἂν
1615 5718 1700 5791 εἴη
1740 5719 1856 5772 λοι-

223 5803 309 5856 πὸν
359 5813 551 5883 πηγὴ),
579 5813 691 5866 ἀλλ’
735 5817 824 5870 ἀεὶ
853 5815 1162 5880 ἀναϐλύζει·
1195 5813 1338 5868 οὕτω
1387 5813 1482 5868 καὶ
1527 5814 1562 5882 ἡ
1611 5811 1857 5882 ἡμετέρα

256 5892 299 5962 η.⁶
328 5896 528 5965 εῖιότως
550 5901 693 5965 deest
723 5906 771 5954 in
794 5903 1099 5965 quibusdam.
1168 5902 1193 5965 ty
1219 5901 1337 5951 Haec
1357 5901 1437 5965 τὸν
1459 5899 1581 5947 Θεὸν
1623 5896 1854 5965 ἐφοϐεῖτο,

224 5961 271 5994 ον
309 5961 458 6017 μόνον,
499 5961 677 6013 omittit
718 5961 825 6016 illt'
848 5967 1000 6014 codex
1026 5965 1109 6026 qui
1142 5963 1322 6026 ubique
1370 5963 1523 6010 ferme
1557 5961 1728 6007 variat.

3479 355 3580 410 1⁸7ἴί

1915 468 2005 521 ἀεὶ
2053 466 2436 539 δαψιλέστερον
2477 478 2499 506 ο
2545 470 2817 538 προχείτω
2847 467 2910 522 10
2933 471 3085 539 νᾶμα
3136 467 3273 539 πρὸς
3315 469 3442 530 τοὺς
3483 471 3586 539 μά-

1917 555 2073 607 λιστα
2096 554 2481 625 ἐπιδεομένους
2507 554 2712 617 ἐλέους,
2759 555 2846 607 ἶνα
2883 555 3020 628 μένῃ
3044 562 3215 625 πηγή.
3264 554 3435 608 Τοῦτο
3467 556 3585 610 ἰλα-

1926 642 2015 710 ρὸν
2043 642 2186 692 ποιεῖ
2204 639 2294 693 τὸν
2319 640 2684 710 λαμϐάνοντα·
2723 639 2878 692 τοῦτο
2917 641 3280 711 ἐλεημοσύνη,
3316 642 3390 712 μὴ
3451 659 3585 712 σφο-

1917 727 2041 796 δρὸν
2076 728 2237 798 μόνον
2263 727 2584 798 προχεῖσθαι
2606 728 2668 779 τὸ
2697 728 2867 796 νᾶμα,
2913 727 3049 781 ἀλλὰ
3075 730 3169 781 καὶ
3218 729 3482 799 διηνεκές.
3521 731 3585 782 Εἰ

1920 812 2120 882 βούλει,
2149 813 2426 882 ῶσπερέκ
2456 812 2651 881 πηγῶν
2706 828 2788 863 σοι
2840 813 3132 883 ἐπομϐρεῖν
3179 811 3272 865 τοῦ
3317 813 3450 866 Θεοῦ
3494 813 3585 866 τὸν

1918 899 2091 964 ἔλεον,
2122 900 2220 954 καὶ
2263 902 2327 952 σὺ
2387 901 2570 970 πηγὴν
2610 899 2724 969 ἔχε.
2765 899 2928 952 Ούδέν
2980 900 3181 968 ταύτης
3227 899 3359 954 ἴσον.
3391 903 3489 953 ‘Av
3520 903 3584 954 σὺ

1917 987 2124 1058 ταύτης
2151 988 2249 1058 τῆς
2274 989 2461 1058 πηγῆς
2491 987 2708 1058 ἀνοίξῃς
2735 986 2802 1039 τά
2835 986 3100 1055 στόματα,
3128 987 3227 1056 τῆς
3275 989 3456 1057 πηγῆς
3489 988 3585 1040 τοῦ

1919 1077 2056 1129 Θεοῦ
2082 1077 2303 1130 τοιαῦτα
2331 1076 2482 1129 ἔσται
2514 1076 2582 1129 τὰ
2619 1076 2883 1146 στόματα,
2940 1073 3079 1127 ὥστε
3130 1076 3310 1127 πᾶσαν
3354 1076 3588 1130 ἄϐυσσον

1919 1167 2160 1236 νικῆσαι.
2230 1167 2512 1235 Ἀφορμὴν
2541 1165 2695 1233 ζητεῖ
2753 1165 2913 1234 μόνον
2964 1163 3094 1234 παρ’
3147 1163 3304 1233 ἡμῶν
3344 1164 3529 1216 λαϐεῖν
3561 1168 3589 1218 0

1920 1253 2074 1315 Θεὸς,
2099 1256 2192 1305 καὶ
2225 1255 2510 1322 προχεῖται
2554 1254 2618 1305 ἐκ
2653 1250 2762 1304 τῶν
2790 1251 3036 1321 ταμείων
3084 1251 3247 1304 αὑτοῦ
3279 1251 3347 1304 τά
3388 1251 3586 1318 ἀγαθά.

1925 1341 2094 1394 ’Ὀταν
2118 1341 2402 1412 ἀναλίσκῃ,
2423 1341 2552 1393 ὅταν
2581 1340 2818 1410 δαπανᾷ,
2852 1339 2973 1391 τότε
3001 1339 3240 1401 πλουτεῖ,
3275 1337 3395 1390 τότε
3424 1340 3590 1390 εὑπο-

1925 1431 2027 1498 ρεῖ.
2059 1429 2219 1496 Μέγα
2244 1429 2460 1496 ἐκείνης
2490 1427 2552 1478 τὸ
2575 1427 2750 1495 στόμα
2776 1427 2873 1495 τῆς
2906 1427 3108 1495 πηγῆς·
3137 1424 3377 1496 καθαρὸν
3407 1425 3466 1477 τὸ
3491 1426 3591 1478 αὑ-

1923 1519 2021 1585 τῆς
2048 1517 2197 1584 νᾶμα
2228 1515 2316 1567 καλ
2349 1513 2562 1575 διειδές.
2596 1515 2691 1566 Ἂν
2717 1513 2791 1583 μὴ
2830 1511 3036 1582 ταύτην
3089 1512 3430 1582 ἀποφράξῃς,
3472 1513 3593 1564 οὑδὲ

1925 1601 2159 1672 ἐκείνην.
2189 1601 2368 1670 Μηδὲν
2394 1601 2642 1670 ἄκαρπον
2675 1600 2922 1668 στηκέτω
2968 1600 3099 1668 παρ’
3137 1599 3306 1666 αὐτὴν
3354 1599 3591 1669 δένδρον,

1927 1688 2014 1742 ἵνα
2048 1688 2123 1758 μὴ
2153 1690 2250 1758 τὴν
2279 1688 2457 1743 νοτίδα
2478 1688 2650 1758 αὐτῆς
2674 1686 3056 1756 καταναλώσῃ.
3091 1686 3274 1754 Ἔχεις
3301 1686 3592 1755 χρήματα;

1923 1775 2017 1846 Μὴ
2053 1775 2249 1843 φύτευε
2279 1774 2556 1844 αἰγείρους
2581 1775 2717 1827 ἐκεῖ·
2743 1773 2984 1826 τοιοῦτον
3013 1773 3122 1843 γὰρ
3145 1775 3177 1842 ἡ
3199 1772 3400 1842 τρυφή·
3427 1771 3598 1825 πολλά

1927 1859 2226 1923 ἀναλίσκει,
2259 1858 2354 1911 καὶ
2380 1857 2532 1912 οὐδὲν
2555 1857 2830 1910 δείκνυσιν
2867 1857 2924 1908 ἐν
2946 1857 3135 1924 ἑαυτῇ,
3166 1854 3303 1907 ἀλλὰ
3329 1854 3595 1907 ἀπόλλυσι

1925 1942 2018 1994 τὸν
2046 1943 2274 2012 καρπόν.
2303 1941 2397 2010 Μὴ
2423 1940 2698 2010 φυτεύσῃς
2726 1938 2956 2008 πεύκην,
2993 1939 3066 2008 μὴ
3089 1938 3270 2002 πίτυν,
3303 1936 3436 2006 μηδὲ
3470 1936 3598 1990 ἄλλο

1927 2040 1980 2076 τι
2023 2023 2134 2076 τῶν
2188 2022 2446 2077 τοιούτων
2495 2022 2602 2076 τῶν
2635 2020 3034 2073 ἀναλισκόντων
3087 2020 3204 2089 μὲν,
3254 2019 3488 2087 οὑδαμοῦ
3541 2018 3598 2071 δὲ

1929 2106 2236 2177 χρησίμων·
2268 2104 2480 2156 τοιοῦτο
2509 2104 2618 2172 γὰρ
2645 2104 2678 2170 ἡ
2706 2103 2814 2154 τῶν
2839 2100 3067 2170 ἱματίων
3094 2100 3296 2170 τρυφὴ,
3327 2099 3456 2151 ἰδεῖν
3506 2099 3595 2167 μός

1929 2205 2018 2242 νον
2045 2187 2229 2250 καλὸν,
2255 2184 2488 2254 οὑδαμοῦ
2519 2185 2576 2237 δὲ
2623 2185 2915 2255 χρήσιμον.
2979 2180 3406 2251 Ἀναδενδράδων
3460 2178 3600 2247 πλή-

1937 2283 2131 2339 ρωσον·
2172 2268 2350 2321 πάντα
2370 2267 2441 2319 τά
2471 2265 2727 2334 κάρπιμα
2760 2263 3026 2332 φύτευσον
3052 2265 3108 2314 ἐν
3138 2265 3258 2324 ταῖς
3292 2261 3400 2313 τῶν
3434 2261 3602 2330 πενή-

1930 2368 2039 2404 των
2066 2349 2270 2420 χερσὶν,
2313 2348 2456 2418 άπερ
2484 2347 2549 2400 ἀν
2603 2345 2784 2418 Θέλῃς.
2839 2346 3006 2399 Οὑδέν
3059 2344 3264 2412 ταύτης
3294 2341 3599 2412 λιπαρώτε-

1933 2450 2026 2505 ρον
2051 2433 2147 2501 τῆς
2179 2430 2302 2500 γῆς·
2334 2429 2510 2482 καίτοι
2542 2432 2737 2500 μικρόν
2761 2431 2876 2481 ἐστι
2907 2428 2968 2479 τὸ
2995 2427 3267 2496 διάστημα
3293 2425 3441 2496 [Ιδὸὶ
3501 2427 3602 2494 τῆς

1932 2516 2133 2587 χειρὸς,
2168 2515 2283 2569 ἀλλ’
2316 2515 2464 2583 ὅμως
2515 2513 2652 2583 πρὸς
2697 2512 2858 2564 αὑτὸν
2890 2511 3080 2579 φθάνει
3131 2509 3221 2561 τὸν
3269 2507 3495 2577 οὐρανὸν
3542 2507 3604 2558 τὸ

1934 2598 2296 2667 φυτευόμενον
2329 2597 2566 2665 δένδρον,
2610 2594 2705 2647 καὶ
2746 2592 2964 2662 βέϐαιον
3015 2593 3236 2661 ἕστηκε.
3270 2591 3440 2642 Τοῦτό
3488 2591 3605 2642 ἐστι

1935 2679 2216 2748 φυτεῦσαι.
2272 2679 2345 2732 Τὸ
2406 2679 2506 2748 μὲν
2561 2677 2672 2747 γάρ
2721 2676 3085 2745 φυτευόμενον
3146 2677 3204 2726 ἐν
3263 2676 3330 2743 τῇ
3359 2676 3451 2742 γῇ,
3503 2672 3605 2724 κᾶν

1938 2762 2012 2833 μὴ
2052 2761 2164 2825 νῦν,
2211 2761 2348 2830 μετά
2403 2761 2596 2813 ἑκατὸν
2630 2759 2723 2829 ἔτη
2762 2757 3062 2811 ἀπολεῖται.
3113 2755 3177 2806 Τί
3205 2753 3455 2823 φυτεύεις
3487 2753 3605 2805 δεν-

1935 2846 2056 2915 δρα,
2093 2839 2164 2895 ὧν
2192 2845 2290 2896 οὑκ
2319 2843 2625 2914 ἀπολαύσῃ,
2658 2843 2796 2894 ἀλλά
2837 2847 2966 2910 πρὶν
2994 2841 3026 2910 ἢ
3064 2839 3414 2899 ἀπολαύσεις,
3443 2839 3471 2888 0
3505 2834 3603 2886 θά-

1935 2944 2094 2989 νατος
2132 2925 2372 2979 ἐπελθὼν
2396 2926 2738 2996 προαρπάζει
2782 2939 2875 2988 σε;
2915 2923 3086 2975 Τοῦτο
3111 2921 3172 2973 τὸ
3215 2920 3448 2989 δένδρον,
3479 2919 3606 2970 ὃταν

1937 3011 2234 3080 ἀποθάνῃς,
2256 3009 2377 3060 τότε
2411 3024 2492 3059 σοι
2519 3007 2702 3058 δίδωσι
2726 3005 2818 3058 τὸν
2848 3005 3079 3073 καρπόν.
3115 3003 3177 3054 Εἰ
3218 3001 3490 3071 φυτεύεις,
3530 2999 3606 3080 μὴ

1939 3092 1996 3140 ἐν
2026 3091 2092 3158 τῇ
2116 3089 2214 3156 τῆς
2249 3085 2687 3157 γαστριμαργίας
2715 3083 2988 3153 φυτεύσῃς
3037 3081 3236 3150 κοιλία,
3275 3080 3362 3133 ἵνα
3403 3080 3476 3148 μὴ
3527 3079 3606 3140 εἰς

1939 3171 2277 3240 ἀφεδρῶναό
2312 3169 2526 3238 καρπὸς
2585 3169 2742 3236 ἐκϐῇ·
2776 3165 2912 3219 ἀλλὰ
2965 3164 3232 3233 φύτευσον
3283 3165 3341 3215 ἐν
3380 3162 3606 3231 τεθλιμ-

1944 3256 2079 3326 μένῃ
2106 3253 2281 3323 νηδύϊ,
2337 3253 2424 3306 ἵνα
2471 3251 2691 3323 πηδήσῃ
2737 3249 2873 3319 πρὸς
2902 3248 2993 3300 τὸν
3023 3248 3248 3318 οὐρανὸν
3294 3249 3322 3300 0
3374 3246 3602 3315 καρπός.

1954 3339 2291 3390 Ἀνάπαυσον
2311 3336 2410 3404 τὴν
2431 3331 2936 3402 στενοχωρουμένην
2977 3329 3154 3398 ψυχὴν
3186 3329 3284 3399 τὴν
3307 3328 3401 3379 τοῦ
3443 3327 3607 3397 πένη-

1941 3437 2052 3483 τος,
2081 3419 2168 3470 ἴνα
2199 3417 2274 3488 μὴ
2307 3418 2407 3486 την
2441 3413 2749 3484 εὐρύχωρον
2776 3412 2969 3482 θλίψῃς
3012 3413 3110 3481 τὴν
3139 3413 3256 3480 σήν.
3293 3411 3404 3479 Οὑχ
3453 3411 3606 3480 ὁρᾷς,

1944 3503 2028 3556 ὃτι
2053 3502 2118 3554 τὰ
2146 3500 2476 3569 ποτιζόμενα
2504 3498 2612 3550 τῶν
2643 3496 2872 3565 δένδρων
2885 3495 3161 3565 ἀμέτρως,
3196 3494 3301 3546 ἀπὸ
3330 3494 3426 3562 τῆς
3453 3492 3609 3562 ῥίζης

1947 3587 2202 3655 σήπεται·
2231 3583 2299 3635 τὰ
2335 3581 2392 3634 δὲ
2447 3579 2584 3651 μετά
2615 3578 2979 3649 συμμετρίας,
3038 3576 3298 3640 αὑξεται;
3359 3575 3513 3627 υῦτω
3544 3576 3610 3645 δη

1946 3669 2039 3720 καὶ
2071 3667 2135 3718 σὺ
2197 3666 2272 3735 μὴ
2304 3665 2402 3733 τὴν
2437 3661 2632 3715 σαυτοῦ
2670 3660 2896 3731 ποτίσῃς
2929 3659 3182 3730 ἀμέτρως
3220 3658 3483 3727 γαστέρα,
3522 3656 3610 3709 ἵνα

1949 3750 2025 3818 μὴ
2058 3750 2202 3817 σαπῇ
2239 3749 2270 3815 ὴ
2305 3747 2429 3816 ῥίζα
2455 3745 2549 3798 τοῦ
2576 3745 2813 3812 δένδρου·
2850 3743 3068 3794 πότισον
3095 3744 3192 3811 τὴν
3221 3741 3485 3810 διψῶσαν,
3525 3741 3611 3792 ἵνα

1948 3829 2158 3900 καρπὸν
2201 3828 2418 3897 ἐνέγκῃ.
2463 3827 2541 3880 Τά
2573 3825 2900 3894 συμμέτρως
2931 3824 3257 3892 ποτιζόμενα
3298 3825 3358 3876 ού
3401 3824 3612 3892 σηπειὸ

1947 3912 2122 3981 ἥλιος,
2161 3910 2228 3962 τὰ
2279 3910 2336 3961 δὲ
2391 3909 2666 3978 ἀμέτρως,
2709 3909 2871 3977 σήπει
2921 3905 2982 3944 ἀ·
3017 3905 3240 3975 τοιαύτη
3304 3907 3474 3974 γάρὴ
3515 3904 3611 3956 τοῦ

1948 3995 2102 4065 ἡλίου
2131 3992 2312 4062 φύσις.
2341 3989 2624 4058 Πανταχοῦ
2649 3990 2681 4058 ἡ
2709 3986 2942 4056 ἀμετρία
2972 3988 3160 4065 κακόν·
3185 3987 3266 4039 διὸ
3299 3986 3612 4055 περικόψω-

1953 4063 2054 4146 μεν
2083 4074 2271 4143 αὑτὴν,
2307 4073 2394 4126 ἴνα
2437 4073 2530 4124 καὶ
2584 4073 2745 4141 ἡμεῖς
2786 4069 3041 4138 τύχωμεν
3093 4063 3166 4121 ὧν
3197 4067 3475 4137 αἰτοῦμεν.
3525 4069 3612 4119 Ἐν

1949 4163 2062 4223 τοῖς
2097 4158 2452 4228 ὑψηλοτάτοις
2477 4154 2694 4225 χωρίοις
2725 4155 2781 4206 αἰ
2825 4151 3000 4222 πηγαὶ
3037 4150 3282 4218 λέγονται
3312 4148 3612 4201 τίκτεσθαι.

1952 4241 2161 4296 Οὐκοῦν
2183 4239 2471 4310 γενώμεθα
2501 4237 2697 4307 ὑψηλοί
2724 4235 2817 4288 καί
2847 4235 3007 4304 ἡμεῖς
3036 4232 3133 4303 τὴν
3165 4231 3364 4300 ψυχὴν,
3398 4232 3492 4282 καί
3523 4247 3617 4282 τα-

1953 4326 2150 4396 χέωςή
2184 4321 2520 4394 ἐλεημοσύνη
2547 4321 2750 4390 ρεύσει·
2788 4319 2849 4370 οὑ
2887 4318 2996 4388 γάρ
3015 4315 3250 4384 ἐστιτήν
3272 4313 3482 4396 ὑψηλὴν
3515 4311 3618 4381 ψυ-

1955 4395 2056 4481 χὴν
2097 4411 2171 4479 μὴ
2201 4408 2294 4460 καὶ
2331 4406 2597 4476 ἐλεήμονα
2649 4399 2807 4464 εἶναι,
2842 4400 2938 4454 καὶ
2968 4399 3067 4469 τὴν
3105 4399 3375 4481 ἐλεήμοα
3406 4395 3496 4481 μὴΔ
3525 4399 3618 4481 καὶ

2253 4495 2294 4542 0
2321 4475 2452 4556 γοῦν
2481 4487 2778 4559 χρημάτων
2821 4481 3126 4552 ὑπερορῶν,
3171 4481 3268 4549 τῆς
3300 4475 3617 4564 ῥίζηςάνώο

1953 4559 2250 4648 τερόςέστι
2285 4571 2392 4624 τῶν
2421 4571 2623 4624 κακῶν.
2659 4571 2725 4621 Αἰ
2757 4568 2933 4637 πηγαὶ
2981 4568 3038 4617 ἐν
3067 4564 3320 4634 ἐρημίαις
3376 4563 3511 4613 εἰσὶν
3545 4559 3619 4622 ώς

1953 4644 2029 4710 τᾶ
2051 4656 2238 4709 πολλά-
2274 4656 2366 4708 καὶ
2401 4655 2561 4722 ἡμεῖς
2583 4652 2680 4722 τὴν
2712 4651 2892 4721 ψυχὴν
2922 4651 3020 4718 τῆς
3055 4644 3376 4714 πολυοχλίας
3427 4644 3623 4709 ἐξαγά-

1957 4757 2164 4810 γωμεν,
2199 4740 2292 4792 καὶ
2318 4738 2558 4807 πηγάσει
2582 4737 2710 4805 παρ’
2729 4738 2862 4804 ἡμῖν
2886 4735 2918 4803 ἡ
2949 4730 3307 4802 ἐλεημοσύνη.
3333 4730 3396 4780 Αἱ
3420 4726 3618 4810 πηγαὶ,

1957 4827 2066 4894 ὅσῳ
2089 4825 2154 4877 ἂν
2181 4823 2574 4892 καθαίρωνται,
2621 4817 2996 4887 ἀφθονώτεραι
3033 4826 3055 4852 θ
3087 4816 3347 4880 γίνονται·
3383 4808 3526 4861 οὑτω
3557 4809 3620 4877 δη

1959 4891 2053 4961 καῖ
2079 4910 2258 4977 ἡμεῖς,
2287 4891 2396 4974 ὅσῳ
2421 4903 2487 4958 ἂν
2527 4900 2912 4970 ἀναλώσωμεν,
2961 4897 3201 4964 τοσούτῳ
3243 4894 3524 4963 βλαστάνει
3553 4891 3622 4942 τά

1960 4973 2132 5044 καλάξ*
2165 4990 2224 5043 ὐ
2254 4973 2434 5058 πηγὴν
2455 4986 2614 5056 έχων,
2641 4985 2703 5037 ού
2732 4983 2989 5035 δέδοικεν·
3022 4980 3086 5033 ἂν
3111 4977 3288 5031 τοίνυν
3323 4976 3431 5026 ’καὶ
3461 4973 3621 5043 ἡμεῖς

1961 5077 2172 5144 ἔχωμεν
2210 5071 2308 5141 τὴν
2334 5057 2700 5139 ἐλεημοσύνην
2731 5067 2932 5136 πηγὴν,
2956 5064 3015 5116 οὑ
3043 5058 3478 5144 φοϐηθησόμεθα.
3514 5057 3622 5144 Καὶ

1962 5141 2068 5227 γάρ
2099 5155 2234 5225 πρὸς
2266 5153 2450 5214 ποτὸν,
2493 5151 2628 5221 πρὸς
2661 5148 2902 5220 ἀρδείαν,
2958 5144 3095 5216 πρὸς
3138 5141 3445 5227 οἰκοδομὴν,
3486 5141 3621 5209 προς

1963 5225 2140 5296 πάντα
2173 5242 2304 5310 ἡμῖν
2330 5239 2598 5308 χρήσιμος
2630 5234 2768 5301 αῦτη
2797 5234 2830 5302 ἡ
2861 5233 3031 5302 πηγή.
3067 5228 3232 5282 Οὐδὲν
3264 5225 3356 5280 τοῦ
3384 5227 3624 5310 πόματος

1963 5325 2152 5378 τούτου
2184 5309 2412 5393 βέλτιον·
2450 5319 2548 5371 οὐκ
2572 5313 2710 5369 οἶδεν
2737 5315 2874 5384 αῦτη
2911 5314 3082 5384 μέθην
3118 5311 3474 5383 ἐργάσασθαι·
3501 5309 3623 5379 βέλ-

1964 5425 2078 5461 τιον
2107 5405 2362 5471 τοιαύτην
2402 5401 2544 5471 ἔχειν
2593 5399 2793 5470 πηγὴν,
2833 5399 2866 5468 ἢ
2898 5396 3100 5468 χρυσοῦ
3131 5395 3312 5466 πηγὰς
3357 5393 3622 5462 ἐπιρρεῖν.

1967 5494 2153 5562 Πάσης
2186 5487 2492 5559 χρυσίτιδος
2545 5485 2645 5554 γῆς
2680 5483 2961 5553 βελτίωνὴ
3013 5481 3200 5534 τοῦτον
3252 5481 3489 5549 φέρουσα
3535 5474 3627 5525 τὸν

1967 5554 2164 5646 χρυσόν
2187 5554 2366 5641 τῷυχή.
2416 5570 2489 5621 υὺ
2521 5568 2630 5638 γάρ
2672 5569 2751 5630 εἰς
2779 5567 2949 5619 ταῦτα
2977 5565 3046 5618 τά
3072 5563 3362 5646 βασίλεια,⁸
3392 5555 3528 5610 ἀλλὰ
3559 5554 3628 5646 τά

1967 5639 2081 5712 ἀνω
2131 5639 2652 5726 ἡμῖννσυνεκχωρεῖ.
2700 5651 2758 5702 '0
2789 5650 3011 5720 χρυσὸς,
3052 5650 3252 5714 κόσμος
3275 5641 3514 5726 -γ-ίνεται
3560 5639 3626 5706 τῇ

1980 5718 2279 5810 Ἐκκλησία
2309 5736 2401 5790 τοῦ
2430 5718 2585 5788 Θεοῦ·
2612 5733 2719 5786 ἀπὸ
2745 5718 2932 5784 τούτου
2963 5728 3056 5781 τοῦ
3101 5723 3301 5795 χρυσοῦ
3328 5722 3360 5788 ἡ
3388 5718 3628 5788 μάχαιρα

2034 5833 2055 5860 ε
2083 5805 2196 5876 Ηωξ·
2215 5805 2289 5872 ἀεὶ
2311 5824 2666 5884 δαψιλέστερον,
2701 5819 2891 5884 desunl_
2908 5816 3072 5884 in‘illo
3095 5811 3200 5884 0011..
3268 5823 3291 5845 ι-
3320 5805 3478 5884 ιρυάεξι
3504 5814 3632 5884 IlI-n13:

1969 5862 2160 5952 έυέγὲᾖῗ
2196 5887 2282 5935 "Av
2307 5862 2589 5952 συιῖμέτρωξ
2603 5862 2822 5952 πότίσῃςέ
2844 5876 3064 5948 οὑσήπει
3095 5875 3121 5919 0
3147 5873 3299 5927 ἥλιος·
3329 5869 3383 5913 ἀν
3425 5865 3474 5913 δὲ
3515 5862 3632 5919 ἀμί-

1980 5941 2134 6014 τρώςξ
2151 5948 2257 5996 τότε
2280 5941 2439 5999 σήπει.
2497 5941 2533 5984 ἐ
2562 5943 2696 5990 Idem
2736 5941 3070 5997 καθαρώτεραι.
