4032 6212
443 366 546 418 177

1300 365 1356 419 S.
1400 362 1683 420 JOANNIS
1720 362 2211 418 CHRYSOSTOMI
2252 364 2578 420 ABCHIEP.
2619 363 3169 423 CONSTANTINUP.

3785 377 3892 429 I78

440 484 905 546 κατασκευάζεται
966 480 1057 533 τοῦ
1108 478 1445 550 Πνεύματος,
1498 482 1532 548 ὴ
1586 479 1832 549 μάχαιρα
1872 480 1939 532 δι’
1984 476 2051 550 ἧς
2081 482 2111 532 δ
2210 480 2310 549 τὴν
2328 481 2698 551 ἐλεημοσύνην
2729 483 2867 551 μετά
2885 482 3187 552 δαψιλείας,
3210 484 3296 538 ἶνα
3322 486 3421 551 τῆς
3450 488 3601 559 παρὰ
3625 490 3722 544 τοῦ
3745 492 3894 545 Θεοῦ

436 569 652 640 δράκων
690 569 1075 637 ἀποτέμνεται.
1122 567 1255 619 Ἀπὸ
1295 565 1498 633 ταύτης
1528 568 1627 634 τῆς
1658 566 1838 635 πηγῆς
1868 567 1917 617 οἰ
1972 564 2110 618 λίθοι
2220 566 2634 636 φιλανθρωπίας
2652 566 2993 637 ἀξιωθῶμεν,
3023 570 3207 640 χάριτι
3230 572 3323 625 καί⁵
3344 575 3648 645 οἰκτιρμοῖς
3665 578 3761 631 τοῦ
3788 598 3893 648 μο-

438 660 791 727 προέρχονται
813 657 861 708 οἰ
886 655 1078 725 τίμιοι,
1104 657 1150 707 οἱ
1171 655 1299 724 περὶ
1318 653 1415 723 τὴν
1440 652 1686 723 κεφαλὴν
1706 652 1799 704 τοῦ
1821 652 2105 721 βασιλέως.

436 743 527 813 lii;
553 744 615 813 δὴ
656 742 946 812 ἀμελῶμεν
979 742 1236 795 τοσούτου
1290 739 1542 803 πλούτου,
1597 738 1712 792 ἀλλ’
1764 739 2108 810 εἰσφέρωμεν

2210 653 2459 720 νογενοῦς
2481 654 2647 707 αὐτοῦ
2672 655 2825 718 Υἰοῦ,
2848 650 2893 724 ᾧ
2916 659 3065 711 πᾶσα
3088 658 3235 723 δόξα,
3254 660 3386 731 τιμὴ
3414 664 3509 715 καὶ
3534 666 3893 735 κράτηςβμα

2206 739 2285 809 τῷ
2313 741 2452 811 ἀγίῳ
2476 740 2774 812 Πνεύματι,
2812 744 2892 806 εἰς
2917 746 3040 807 τούς
3080 745 3280 809 αἰῶνας
3308 748 3417 801 τῶν
3440 750 3670 804 αἰώνων.
3688 752 3891 823 ’Λμή-ι.
3930 756 3940 766 ’

545 865 3765 899 *ιι-Μ’,-

1936 952 2186 1004 ΟΜΙΛΙΔ
2224 952 2353 1007 Kl".

438 1050 517 1119 Τῇ
547 1050 613 1103 δὲ
632 1049 917 1119 ἐπαύριον
940 1044 1229 1119 ἀναστάς,
1256 1044 1479 1119 ειειησίνι
1489 1046 1523 1097 ό
1545 1043 1786 1119 Πέτρος,
1800 1040 1959 1119 ’ἦλθε
1981 1046 2104 1097 σὺν

501 1113 724 1183 αὐτοῖς’
757 1113 855 1169 καί
890 1134 1045 1179 τινες
1099 1114 1218 1167 τῶν
1249 1113 1530 1183 ἀδελφῶν
1553 1113 1817 1183 τῶνάπὸ
1837 1113 1842 1114 “
1865 1114 2104 1180 Ἰόππης

500 1182 815 1254 συνῆλθον
866 1188 953 1249 εἰς
983 1184 1099 1251 τὴν
1118 1182 1496 1252 Καισάρειαν.
1545 1183 1607 1235 '0
1664 1182 1731 1254 δέ
1770 1184 2104 1254 Κορνήλιος

497 1256 578 1327 ἦν
640 1252 1307 1327 προσδοκῶνῌαὺτοὺς.
1357 1252 1895 1327 συγκαλεσάμενος
1962 1252 2105 1318 τοὺς

498 1322 812 1396 συγγενεῖς
854 1323 1041 1380 αὐτοῦ
1075 1324 1175 1376 καί
1216 1323 1359 1388 τοὺς
1395 1322 1757 1390 ἀναγκαίους
1791 1322 2028 1390 φίλους.

497 1414 567 1466 α’.
594 1411 748 1466 Μετά
777 1410 838 1462 τὸ
855 1408 1061 1473 ξενίσαι
1094 1408 1219 1469 τούς
1238 1406 1459 1477 ἄνδρας,
1480 1406 1762 1475 ἐξέρχεται
1784 1406 1882 1458 σὺν
1897 1405 2100 1468 αὐτοῖς·

428 1500 633 1562 καλῶς.
694 1497 967 1568 Πρότερον
1024 1494 1431 1565 φιλοφρονεῖται
1474 1505 1498 1534 ο
1558 1493 1653 1546 ἆτε
1707 1492 1817 1546 ἀπὸ
1849 1493 2099 1562 καμάτου

424 1589 585 1649 ὄντας
614 1584 837 1651 αὐτοὺς,
863 1584 957 1635 καὶ
986 1584 1180 1634 οἰκειοῖ
1212 1581 1412 1651 ἑαυτῷ,
1442 1575 1561 1633 εἶτα
1596 1579 1785 1632 λοιπὸν
1841 1580 1937 1633 καὶ
1972 1596 2101 1632 συν-

426 1675 614 1738 έξεισι.
654 1672 732 1739 Τῇ
783 1672 851 1724 δέ
874 1671 1182 1738 ἐπαύριον,
1229 1669 1416 1738 φησὶν,
1474 1666 1746 1732 ἀναστὰς
1778 1669 1811 1720 ό
1854 1668 2101 1734 Πέτρος,

422 1759 570 1831 ἦλθε
585 1761 706 1815 σὺν
718 1760 941 1821 αὐτοῖς,
958 1760 1058 1812 καί
1077 1774 1234 1824 τινες
1253 1755 1757 1825 τῶνάδελφῶν.ού
1774 1756 1951 1826 μόνος,
1965 1756 2101 1811 ἀλλὰ

422 1850 517 1902 καὶ
540 1849 687 1903 ἄλλοι
716 1848 966 1919 ἔρχονται
1016 1847 1133 1916 μετ’
1157 1844 1342 1899 αὐτοῦ·
1381 1845 1475 1897 καὶ
1530 1842 1689 1897 τοῦτο
1716 1842 2095 1914 οἰκονομικῶς,

421 1936 563 1989 ὥστε
609 1932 747 1988 εἶναι
786 1934 1070 2004 μάρτυρας
1107 1932 1247 2001 μετά
1278 1930 1473 1996 ταῦτα,
1532 1932 1659 1984 ὅταν
1714 1929 2096 1998 ἀπολογεῖσθαι

418 2023 527 2077 δέοι
556 2024 780 2094 Πέτρον.
822 2022 883 2074 '0
914 2020 982 2073 δὲ
1004 2019 1334 2087 Κορνήλιος
1360 2016 1439 2088 ἦν
1465 2018 1825 2087 προσδοκῶν
1851 2018 2093 2084 αὐτοὺς,

417 2108 959 2180 συγκαλεσάμενος
998 2107 1141 2172 τοὺς
1194 2106 1515 2175 συγγενεῖς
1564 2105 1753 2160 αὐτοῦ
1806 2105 1904 2159 καί
1954 2105 2096 2170 τοὺς

418 2196 787 2266 ἀναγκαίους
815 2182 1057 2262 φίλουςξ
1120 2191 1292 2245 Τοῦτο
1342 2192 1520 2261 φίλου,
1569 2190 1728 2244 τοῦτο
1784 2189 2090 2254 θεοσεϐοῦς,

416 2284 476 2336 ἐν
508 2285 620 2345 τοῖς
669 2279 931 2343 τοιούτοις
958 2279 1186 2347 ἀγαθοῖς
1214 2278 1317 2348 πρὸ
1351 2277 1571 2331 πάντων
1598 2276 1870 2330 ποιεῖσθαι
1899 2294 2079 2330 κοινω·

415 2370 539 2432 νοῦς
559 2368 686 2430 τοὺς
706 2369 1038 2435 ἀναγκαίους
1068 2366 1275 2434 φίλους.
1302 2366 1541 2429 Εἰκότως
1562 2364 1785 2429 τούτους
1812 2364 2089 2434 συγκαλεῖ,

413 2451 497 2520 οἷς
519 2456 742 2525 ἐθάρρει
796 2456 882 2506 ἀεὶ
915 2456 1044 2524 περὶ
1103 2453 1361 2506 τοιούτων
1410 2452 1871 2522 διασκεπτόμενος
1931 2454 2090 2524 μάλι-

417 2560 540 2608 στα,
601 2542 638 2597 ἃ
698 2542 951 2612 περιττὸν
1003 2539 1140 2602 τέως
1194 2535 1263 2610 ἦν
1318 2540 1455 2610 πρὸς
1524 2539 1717 2603 ἄλλους
1764 2540 2089 2607 ἐξενεγκεῖν.

427 2631 581 2700 Ἐμοὶ
633 2628 691 2683 δὲ
756 2629 851 2681 καὶ
910 2627 1052 2697 φίλοι
1102 2628 1197 2680 καὶ
1252 2630 1534 2696 συγγενεῖς
1597 2626 1726 2698 παρ’
1778 2626 1941 2691 αὐτοῦ
1997 2628 2089 2680 δο-

414 2719 600 2773 κοῦσιν
636 2716 1015 2790 ὲρῤυθμίσθαι.
1054 2716 1149 2781 Ὠς
1171 2715 1240 2768 δέ
1260 2716 1497 2785 ἐγένετο
1552 2715 1658 2769 τοῦ
1694 2716 1720 2756 δ
1770 2715 2090 2770 συνελθεῖν

412 2808 520 2861 τὸν
552 2806 795 2874 Πέτρον,
819 2804 1215 2870 συναντήσας
1238 2803 1399 2869 αὐτῷ
1436 2808 1469 2858 ό
1503 2804 1853 2872 Κορνήλιος,
1882 2804 2079 2858 πεσὼν

410 2895 509 2949 ἐπὶ
542 2894 684 2960 τοὺς
714 2894 905 2959 πόδας
924 2894 1409 2961 προσεκύνησεν.
1462 2892 1527 2945 '0
1556 2891 1623 2944 δὲ
1680 2892 1901 2961 Πέτρος
1929 2892 2091 2961 ἤγει-

408 3000 523 3052 ρεν
541 2984 750 3046 αὑτὸν,
781 2980 995 3051 λέγων’
1031 2979 1366 3048 Ἀνάστηθι*
1388 2980 1484 3033 καί
1508 2980 1618 3047 γὰρ
1638 2980 1753 3047 ἐγὼ
1776 2980 2088 3048 ἅνθρωπός

409 3073 545 3139 ειμι.
571 3070 743 3122 Τοῦτο
772 3072 934 3132 ποιεῖ,
966 3068 1027 3121 τὸ
1072 3070 1329 3121 ταπεινόν
1364 3067 1530 3119 αὐτοῦ
1564 3068 1798 3129 δεικνὺς,
1835 3069 1927 3121 καὶ
1960 3085 2086 3120 παι-

408 3158 581 3211 δεύων
612 3157 739 3219 τοὺς
766 3157 979 3218 ἄλλους,
1016 3154 1111 3209 καὶ
1142 3155 1221 3224 τῷ
1255 3154 1375 3224 Θεῷ
1401 3154 1759 3226 εὐχαριστῶν,
1790 3155 1885 3207 καί
1907 3155 2083 3224 δηλῶν

409 3245 506 3309 ὡς,
535 3247 581 3297 εἰ
615 3248 709 3297 καὶ
751 3243 1072 3313 ἐκελεύσθη,
1128 3244 1278 3312 ὅμως
1328 3242 1539 3294 οἴκοθεν
1578 3242 1777 3311 πολλὴν
1821 3239 1935 3312 εἶχε
1984 3243 2083 3313 τὴν

408 3332 713 3385 εὐλάϐειαν.
739 3330 802 3382 Τί
834 3327 928 3383 οὖν
959 3332 987 3382 ό
1022 3330 1259 3400 Πέτρος;
1315 3328 1654 3396 Ἀνάστηθι·
1686 3330 1783 3381 καί
1828 3334 1939 3398 γὰρ
1968 3331 2083 3400 ἐγὼ

408 3420 717 3487 ἄνθρωπός
739 3420 872 3487 εἰμι.
904 3419 1088 3488 Ὁρᾷς,
1117 3417 1233 3480 πῶς
1252 3418 1357 3488 πρὸ
1374 3417 1481 3470 τῶν
1505 3417 1678 3471 ἄλλων
1699 3416 1857 3470 τοῦτο
1884 3418 2082 3485 αὐτοὺς

408 3506 751 3567 παιδεύουσι,
814 3504 979 3574 μηδὲν
1052 3503 1192 3573 μέγα
1229 3505 1357 3574 περί
1405 3503 1614 3556 ἑαυτῶν
1670 3502 2077 3571 φαντάζεσθαι;

406 3593 516 3647 Kal
580 3588 929 3659 συνομιλῶν
966 3588 1147 3654 αὐτῷ,
1194 3589 1461 3657 εἰσῆλθε·
1494 3590 1590 3643 καί
1619 3590 1887 3657 εὑρίσκει
1927 3608 2077 3645 συν-

404 3680 780 3747 εληλυθότας
811 3676 1103 3741 πολλοὺς,
1145 3676 1261 3745 ἔφη
1294 3694 1355 3729 τε
1404 3676 1553 3746 πρὸς
1580 3679 1822 3744 αὐτούς·
1884 3679 2079 3748 Ὑμεῖς

404 3767 758 3826 ἐπίστασθε,
797 3765 876 3829 ὡς
906 3763 1185 3832 ἀθέμιτόν
1214 3764 1387 3817 ἐστιν
1424 3763 1597 3832 ἀνδρὶ
1645 3764 1909 3832 Ἰουδαίῳ
1937 3769 2080 3820 κολ-

403 3853 626 3910 λᾶσθαι
655 3855 693 3921 ἣ
716 3852 1154 3922 προσέρχεσθαι
1176 3853 1695 3923 ἀλλοφύλῳ.”()ρα.
1722 3853 1923 3916 εὐθέως
1949 3854 2079 3925 περὶ
2126 3880 2127 3883 η

403 3942 503 4010 τῆς
535 3940 629 3992 τοῦ
671 3938 805 3992 Θεοῦ
838 3937 1247 4009 φιλανθρωπίας
1297 3939 1628 4007 διαλέγεται,
1660 3941 1755 3992 καὶ
1782 3940 2075 3999 δείκνυσιν,

403 4028 485 4081 ὅτι
523 4027 734 4097 μεγάλα
763 4027 947 4089 αὐτοῖς
976 4026 1272 4096 ἐχαρίσατο
1298 4026 1499 4094 ἀγαθά.
1531 4027 1604 4079 Οὐ
1638 4026 1796 4096 μόνον
1829 4028 1885 4080 δὲ
1920 4027 2078 4079 τοῦτο

403 4117 705 4186 θαυμάζειν
759 4114 995 4169 ἐνταῦθα
1053 4114 1154 4177 ἔνι,
1189 4115 1271 4166 ὅτι
1328 4112 1553 4167 τοιαῦτα
1594 4114 1921 4184 διαλέγεταιο
1962 4114 2075 4167 ἀλλ’

401 4204 483 4256 ὄτι
517 4204 634 4267 πῶς
682 4203 818 4274 ὁμοῦ
867 4204 964 4257 καὶ
1001 4202 1215 4273 μεγάλα
1268 4201 1587 4270 φθέγγεται,
1628 4202 1723 4254 καὶ
1773 4201 2071 4271 μετριάζει.

404 4293 479 4344 Οὐ
513 4293 621 4361 γὰρ
656 4288 830 4343 εἶπενο
864 4290 1174 4359 Ἄνθρωποι
1207 4288 1395 4357 μηδενὶ
1448 4289 1828 4354 καταξιοῦντες
1882 4289 2075 4341 κολλᾶ-

408 4378 553 4436 σθαι.
590 4378 826 4447 ἤλθομεν
861 4376 997 4445 πρὸς
1026 4376 1191 4444 ὑμᾶς’
1227 4374 1364 4427 ἀλλά
1390 4373 1443 4426 τί
1463 4390 1478 4439 ;
1532 4375 1716 4440 Ὑμεῖς
1746 4375 2075 4428 ἐπίστασθε

407 4467 455 4533 (ό
483 4464 615 4526 Θεὸς
643 4463 798 4516 τοῦτο
826 4461 1105 4524 ἐκέλευσε,
1148 4460 1323 4530 φησί),
1378 4458 1731 4528 παράνομον
1750 4457 1903 4514 εἶναι
1932 4465 2076 4514 κολ-

403 4548 625 4602 λᾶσθαι
654 4548 689 4616 ἣ
720 4545 1159 4615 προσέρχεσθαι
1187 4546 1539 4615 ἀλλοφύλῳ.
1577 4541 1709 4599 Εἶτα
1742 4547 1831 4601 ἴνα
1866 4547 1940 4618 μὴ
1986 4549 2075 4599 ἐπ’

404 4634 553 4703 αὐτῴ
589 4638 685 4706 τὴν
717 4634 876 4703 χάριν
935 4633 1022 4704 θῇ,
1058 4634 1272 4700 ἐπάγει·
1323 4632 1432 4686 Kal
1464 4632 1591 4701 ἐμοὶ
1619 4636 1652 4687 ό
1684 4636 1827 4700 Θεὸς
1883 4634 2076 4698 ἔδειξε

396 4723 631 4795 μηδένα
660 4722 868 4775 κοινὸν
902 4720 940 4789 ἢ
970 4718 1308 4787 ἀκάθαρτον
1337 4717 1539 4787 λέγειν
1570 4721 1902 4788 ἄνθρωπον.
1938 4721 2075 4775 Τοῦ-

400 4829 465 4866 το
494 4808 869 4881 προστίθησιν,
903 4810 989 4861 ῖνα
1020 4807 1093 4878 μὴ
1123 4806 1250 4877 δόξῃ
1284 4806 1603 4861 κολακεύειν
1633 4808 1817 4862 αὐτόν.
1849 4808 1945 4862 Διὸ
1973 4809 2073 4863 καί

399 4898 843 4967 ἁναντιρῤήτως
867 4893 1058 4967 ἦλθον
1091 4894 1553 4965 μεταπεμφθείς.
1586 4894 1705 4947 Ἵνα
1743 4894 1817 4965 μὴ
1845 4895 2078 4965 νομίσω-

403 5006 510 5045 σιν.
546 4990 648 5053 ὅτι,
677 4988 725 5040 εἰ
750 4987 844 5041 καὶ
876 4983 1193 5055 παρανομία
1224 4978 1372 5054 ἦντὸ
1402 4983 1637 5053 πρᾶγμα
1663 4982 1816 5053 [185]
1836 5022 1851 5045 ,
1886 4983 2074 5054 ἐπειδὴ

401 5074 584 5145 ἄρχων
620 5071 710 5145 ἦν,
746 5074 834 5126 διὰ
870 5073 1028 5125 τοῦτο
1052 5071 1379 5141 ἐπήκουσεν,
1417 5069 1553 5124 ἀλλά
1584 5069 1645 5121 τὸ
1672 5071 1781 5123 πᾶν
1826 5068 1905 5139 τῷ
1955 5070 2075 5140 Θεῷ

398 5162 743 5229 λογίσωνται,
777 5162 836 5213 οὐ
872 5162 1034 5231 μόνον
1060 5160 1121 5212 οὐ
1166 5157 1481 5221 κολλᾶσθαι,
1523 5157 1638 5210 ἀλλ’
1660 5157 1780 5210 οὐδὲ
1832 5156 2071 5228 προσέρ-

401 5248 590 5322 χεσθαι
623 5248 763 5314 ἐξὸν,
792 5248 979 5316 φησίν.
1010 5246 1392 5315 Πυνθάνομαι
1423 5242 1538 5301 οὖν
1568 5246 1685 5300 τίνι
1716 5247 1877 5314 λόγῳ
1927 5263 2069 5316 μετ-

396 5334 754 5404 επέμψασθέ
791 5350 883 5399 με.
935 5334 1049 5386 Οὐκ
1080 5334 1292 5401 ἀγνοῶν
1326 5332 1677 5386 πυνθάνεται’
1724 5334 1840 5404 ᾔδει
1869 5336 1979 5404 γάρ
2006 5333 2066 5387 τὸ

398 5425 506 5477 πᾶν
543 5424 572 5475 ὁ
595 5421 797 5491 Πέτρος
828 5420 940 5472 ἀπὸ
968 5418 1062 5471 τοῦ
1113 5420 1410 5489 ὁράματος·
1446 5420 1647 5490 ἢκουσε
1677 5419 1732 5472 δὲ
1788 5420 1880 5473 καὶ
1914 5422 2067 5491 παρά

396 5512 507 5565 τῶν
565 5508 933 5581 στρατιωτῶν*
981 5505 1115 5560 ἀλλά
1150 5505 1397 5575 βούλεται
1437 5506 1653 5577 πρῶτον
1687 5507 1885 5571 αὐτοὺς
1934 5508 2067 5577 ὁμο-

393 5600 645 5670 λογῆσαι,
674 5597 768 5650 καί¹
798 5592 1133 5655 ὑπευθύνους
1161 5595 1385 5663 ποιῆσαι
1428 5596 1496 5663 τῇ
1527 5594 1729 5647 πίστει.
1788 5594 1852 5645 Τί
1901 5591 1995 5648 οῦν
2041 5599 2071 5651 ὁ

300 5728 313 5742 .
394 5690 725 5759 Κορνήλικς
785 5683 898 5738 Οὐκ
945 5677 1122 5735 εἶπεν⁸
1158 5680 1233 5733 Οὐ
1265 5680 1374 5751 γάρ
1404 5674 1556 5733 εἰπόν
1596 5697 1679 5734 σοι
1721 5682 1771 5734 οἰ
1807 5683 2069 5755 στρατιῶ-

455 5811 481 5838 ¹
528 5810 579 5859 In
622 5822 718 5876 ιιηο
755 5802 1135 5876 ειβιηριερνί-εἰ)
1181 5802 1257 5852 his
1307 5802 1777 5876 inpipilunlgald»;
1836 5806 2064 5876 πρότερον

426 5871 755 5934 ιλοςρονεὶται.
820 5869 847 5909 b
872 5862 1125 5922 A'rticulus
1168 5878 1229 5915 ex
1252 5862 1464 5928 qualubr
1505 5862 1645 5911 codd.
1692 5862 1925 5924 receptos
1967 5862 2064 5919 εει.

438 5946 528 5981 011⁸.

2206 1060 2331 1109 ται;
2375 1045 2489 1098 ἀλλ’
2517 1046 2644 1118 ὅρα,
2669 1046 2787 1111 πῶς
2825 1047 3017 1119 πράως
3051 1049 3144 1101 καὶ
3166 1051 3459 1114 ταπεινῶς’
3510 1054 3651 1110 Ἀπὸ
3682 1050 3885 1126 τετάρ-

2206 1147 2315 1197 της
2342 1131 2562 1200 ἡμέρας
2589 1136 2767 1202 μέχρι
2790 1138 3013 1201 ταύτης
3034 1134 3145 1202 τῆς
3166 1136 3324 1203 ὥρας
3346 1138 3513 1207 ἤμην
3543 1146 3883 1209 νηστεύων.

2205 1218 2304 1272 καί
2346 1218 2462 1285 τὴν
2487 1219 2716 1288 ἐνάτην
2770 1220 2931 1290 ὤραν
2968 1224 3554 1293 προσευχόμενοςέν
3606 1229 3683 1293 τῷ
3734 1231 3887 1294 οἴκῳ

2203 1321 2341 1371 μου·
2377 1306 2474 1358 καί
2524 1306 2653 1361 ἰδοὺ
2708 1307 2865 1376 ἀνὴρ
2900 1308 3049 1375 ἐστη
3100 1310 3357 1365 ἐνώπιόν
3394 1330 3515 1382 μου
3561 1315 3631 1368 ἐν
3669 1316 3882 1385 ἐσθῆτι

2201 1392 2467 1461 λαμπρᾷ,
2501 1395 2602 1448 καί
2653 1411 2824 1463 φησι·
2874 1395 3186 1463 Κορνήλιε,
3239 1401 3612 1471 εἰσηκούσθη
3663 1422 3782 1459 σου
3837 1407 3881 1473 ὴ

2202 1480 2539 1548 προσευχὴ,
2581 1482 2680 1536 καί
2730 1486 2791 1537 al
2825 1484 3233 1553 ἐλεημοσύναι
3285 1505 3402 1541 σου
3439 1490 3749 1557 ἀνέϐησαν
3790 1497 3885 1560 είς

2194 1566 2597 1633 μνημόσυνον
2626 1568 2883 1623 ἐνώπιον
2933 1570 3041 1624 τοῦ
3093 1572 3261 1628 Θεοῦ.
3311 1576 3418 1627 Καὶ
3483 1578 3597 1644 τὴν
3650 1579 3885 1648 ἐνάτην

2198 1650 2380 1739 ῶραν,
2434 1655 2589 1726 φησί,
2651 1660 3159 1728 προσευχόμενος.
3213 1662 3279 1714 Τί
3312 1664 3428 1716 ἐστι
3472 1665 3658 1733 τοῦτο;
3718 1670 3881 1739 Ἐμοὶ

2199 1738 2347 1826 δοκεῖ
2376 1740 2471 1793 καὶ
2499 1744 2726 1813 καιροὺς
2762 1744 3023 1815 ὡρικέναι
3047 1748 3227 1818 ἑαυτῷ
3275 1750 3391 1818 βίου
3452 1738 3876 1826 ἀκριϐεστέρου,

2200 1825 2294 1879 καὶ
2323 1826 2382 1879 ἓν
2413 1845 2558 1881 τισιν
2588 1831 2841 1901 ἡμέραις.
2883 1834 2983 1886 Διά
3034 1834 3144 1906 γὰρ
3172 1836 3331 1889 τοῦτο
3369 1834 3540 1891 εἶτ-,ενι
3585 1841 3717 1895 Ἀπὸ
3755 1825 3877 1898 τε-

2199 1911 2419 1979 τάρτης
2446 1914 2693 1982 ἡμέρας.
2729 1917 2872 1987 Ὅρα
2906 1919 3071 1972 πόσον
3104 1922 3254 1975 ἐστὶν
3310 1925 3462 1995 εὐχή.
3498 1926 3626 1980 Ὅτε
3664 1930 3882 1983 ὲπέδω·

2198 2015 2293 2051 κεν
2314 2001 2395 2062 εἰς
2428 2001 2737 2066 εὐλάϐειαν,
2761 2005 2884 2057 τότε
2915 2008 3164 2073 φαίνεται
3195 2009 3341 2081 αὑτῷ
3370 2013 3398 2063 ὁ
3438 2011 3685 2080 ἄγγελος.
3716 2016 3877 2089 Αὕτη

2200 2086 2297 2176 μία
2329 2088 2532 2176 ἡμέραο
2567 2090 2661 2143 καὶ
2699 2090 2764 2162 ῆν
2786 2092 3027 2162 ἀπῆλθον
3066 2097 3121 2149 οἰ,
3145 2098 3510 2167 πεμφθέντες,
3540 2101 3658 2172 μίαν
3685 2105 3780 2157 καὶ
3803 2086 3879 2176 ἠν

2194 2167 2378 2241 ἦλθον,
2404 2175 2566 2229 πάλιν
2605 2178 2725 2247 μία·
2762 2179 2854 2231 καὶ
2876 2183 2941 2250 τῇ
2967 2183 3202 2255 τετάρτῃ
3235 2186 3428 2256 ἐφάνη,
3459 2167 3553 2251 ὡς’
3577 2185 3717 2241 εἶναι
3754 2167 3878 2243 δεῦ-

2196 2261 2360 2332 τέραν
2398 2263 2515 2332 μεθ’
2546 2265 2611 2335 ἢν
2640 2266 3000 2335 προσηύξατο.
3036 2270 3147 2323 Kal
3198 2272 3326 2325 ἰδοὺ
3380 2274 3536 2341 ἀνὴρ
3587 2276 3735 2344 ἔστη
3778 2278 3878 2331 ἐν·

2193 2345 2382 2403 ώπιόν
2407 2368 2529 2419 μου
2555 2352 2625 2404 ἐν
2651 2352 2861 2419 ἐσθῆτι
2892 2355 3155 2425 λαμπρᾷ.
3198 2358 3273 2410 Οὐ
3325 2359 3472 2428 λέγει
3496 2362 3744 2430 ἄγγελον,
3775 2364 3877 2417 οὖ-

2189 2451 2299 2498 τως
2322 2436 2469 2488 ἐστὶν
2503 2436 2727 2507 ἄτυφος.
2774 2440 2887 2492 Καί
2916 2456 3089 2509 φησι·
3126 2442 3439 2511 Κορνήλιε,
3484 2449 3875 2519 εἰσηκούσθη

2190 2537 2309 2575 σου
2344 2525 2378 2590 η
2407 2524 2741 2594 προσευχὴ,
2773 2526 2869 2579 καί
2891 2531 2949 2581 al
2980 2528 3389 2595 ἐλεημοσύναι
3421 2549 3537 2587 σου
3562 2534 3877 2604 ἐμνήσθη-

2189 2623 2313 2661 σαν
2339 2609 2597 2664 ἐνώπιον
2616 2612 2724 2665 τοῦ
2764 2614 2933 2667 Θεοῦ.
2993 2615 3241 2684 Πέμψον
3281 2613 3397 2672 οὖν
3426 2621 3514 2685 εἰς
3586 2622 3875 2691 Ἰόππην.

2190 2698 2288 2749 καί
2336 2698 2745 2766 μετακάλεσαι
2798 2702 3053 2769 Σίμωνα,
3107 2702 3175 2768 ὃς
3200 2703 3567 2759 ἐπικαλεῖται
3617 2708 3871 2776 Πέτροςο

2189 2783 2368 2853 οὗτος
2414 2786 2697 2850 ξενίζεται
2754 2788 2824 2841 ἐν
2881 2790 3037 2857 οἰκίᾳ
3070 2793 3335 2860 Σίμωνος
3380 2794 3661 2863 βυρσέως
3703 2801 3874 2865 παρὰ

2189 2874 2531 2928 θάλασσαν·
2564 2875 2632 2939 ὃς
2663 2877 3144 2945 παραγενόμενος
3171 2879 3432 2945 λαλήσει
3468 2899 3588 2935 σοι.
3630 2884 3726 2947 Ἐξ
3754 2874 3872 2939 αύ-

2188 2962 2299 3029 τῆς
2341 2960 2456 3019 οὖν
2493 2965 2735 3034 ἔπεμψα
2786 2965 2935 3033 πρὸς
2988 2967 3083 3021 σέ·
3118 2969 3200 3022 σύ
3230 2986 3293 3022 τε
3339 2970 3533 3037 καλῶς
3565 2973 3873 3042 ἐποίησας

2185 3054 2688 3119 παραγενόμενος.
2729 3052 2861 3107 Νῦν
2891 3049 3006 3107 οὖν
3031 3054 3253 3121 πάντες
3283 3057 3454 3126 ἡμεῖς
3473 3059 3728 3115 ἐνώπιον
3751 3063 3869 3117 τοῦ

2188 3137 2337 3191 Θεοῦ
2371 3138 2696 3208 πάρεσμεν,
2733 3140 2990 3195 ἀκοῦσαι
3020 3142 3216 3196 πάντα
3249 3148 3322 3197 τὰ
3371 3150 3871 3217 προστεταγμένα

2184 3241 2284 3280 σοι
2312 3227 2426 3279 ὑπὸ
2459 3226 2566 3280 τοῦ
2592 3229 2762 3282 Θεοῦ.
2797 3228 2898 3283 Διά
2921 3228 3081 3283 τοῦτο
3147 3226 3293 3284 εἰπε·
3343 3234 3465 3286 Τίνι
3519 3236 3679 3303 λόγῳ
3719 3253 3869 3305 μετ-

2186 3312 2541 3381 επέμψασθέ
2582 3330 2698 3383 με;
2754 3316 2840 3368 ἵνα
2891 3317 3065 3371 ταῦτα
3107 3317 3280 3381 οὕτως
3324 3320 3453 3394 εἴπῃ
3488 3321 3555 3374 τά
3612 3325 3862 3393 ῥήματα.

2197 3396 2470 3463 Ἀνοίξας
2498 3396 2566 3450 δέ
2597 3399 2819 3466 Πέτρος
2854 3401 2920 3454 τὸ
2944 3404 3136 3471 στόμα
3168 3399 3357 3456 εἶπεν
3401 3405 3526 3458 Ἐπ’
3564 3406 3865 3474 ἀληθείας

2183 3484 2733 3553 καταλαμϐάνομαι,
2784 3486 2873 3539 ὅτι
2918 3489 3030 3541 οὐκ
3068 3488 3201 3543 ἐστι
3251 3490 3778 3560 προσωπολήπτης
3828 3501 3866 3549 ό

2185 3569 2351 3635 Θεὸς,
2380 3571 2516 3623 ἀλλ’
2550 3573 2621 3624 ἐν
2647 3573 2827 3625 παντί
2854 3574 3011 3629 ἔθνει
3039 3576 3070 3628 ό
3108 3578 3479 3645 φοϐούμενος
3526 3578 3712 3632 αὐτὸν
3755 3583 3863 3636 καί

2179 3656 2567 3726 ἐργαζόμενος
2592 3659 3010 3726 δικαιοσύνην,
3045 3662 3255 3731 δεκτὸς
3290 3662 3451 3727 αὐτῷ
3500 3664 3650 3718 ἐστι.
3677 3666 3861 3719 Τουτ-

2182 3746 2351 3808 έστιν,
2377 3747 2441 3799 ἀν
2462 3762 2519 3798 τε
2551 3746 2889 3817 ἀκρόδυστός
2924 3750 3070 3801 ἐστιν
3099 3748 3164 3802 άν
3185 3766 3242 3801 τε
3264 3750 3652 3821 ὲμπερίτομος.
3682 3753 3864 3807 Τοῦτο

2181 3834 2275 3886 καὶ
2328 3832 2539 3897 Παῦλος
2608 3833 2814 3905 δηλῶν,
2862 3837 2945 3889 Οὐ
3004 3834 3117 3906 γάρ
3175 3838 3308 3890 ἐστι
3365 3844 3862 3910 προσωποληψία

2180 3921 2340 3988 παρὰ
2382 3919 2462 3985 τῷ
2502 3920 2644 3987 Θεῷ.
2707 3921 2877 3989 λέγει.
2909 3922 3041 3977 Νῦν
3098 3919 3214 3977 οὖν
3266 3924 3575 3995 πάρεσμεν
3625 3928 3863 3996 πάντες

2180 4008 2372 4077 ἡμεῖς,
2410 4012 2595 4079 φησὶν,
2621 4010 2879 4063 ἐνώπιον
2910 4011 3015 4064 τοῦ
3051 4012 3218 4066 Θεοῦ.
3258 4013 3419 4084 Ὅρα,
3454 4015 3551 4085 ὅση
3581 4016 3615 4086 ἡ
3644 4017 3859 4082 πίστις,

2178 4097 2278 4166 ὅση
2325 4100 2358 4168 ἡ
2412 4098 2689 4151 εὐλάϐεια.
2725 4099 2916 4170 ’ῌδει,
2966 4100 3048 4152 ὅτι
3097 4101 3249 4154 οὐδὲν
3298 4101 3637 4172 ἀνθρώπινον
3696 4100 3863 4159 εἶπεν

2178 4184 2206 4235 ὸ
2235 4183 2455 4255 Πέτρος,
2499 4184 2560 4237 '0
2594 4186 2737 4251 Θεὸς
2759 4185 2950 4249 ἕδειξέ
2984 4186 3323 4254 μοι,‹εἱπὼν.
3344 4189 3435 4243 Διὸ
3460 4190 3655 4253 καὶτὸ,
3690 4191 3859 4262 Πάρ-

2176 4280 2384 4334 εσμεν,
2416 4267 2676 4322 ἀκοῦσαι
2737 4268 2935 4323 πάντα
2968 4270 3039 4323 τὰ
3062 4274 3554 4342 προστεταγμένα
3606 4288 3709 4329 σοι
3730 4277 3860 4331 ὑπὸ

2178 4354 2284 4407 τοῦ
2318 4353 2487 4419 Θεοῦ,
2535 4354 2701 4423 λέγει.
2752 4356 2817 4409 Τί
2850 4353 2979 4421 οὗν;
3015 4352 3124 4428 ἆρα
3175 4357 3365 4422 δεκτὸς
3392 4360 3538 4431 αὐτῷ
3566 4361 3685 4413 ἐστι
3731 4363 3762 4415 ό
3796 4363 3863 4415 ὲν

2178 4440 2432 4510 Περσίδι;
2461 4437 2609 4512 Ἀνῇ
2642 4442 2813 4508 ἄξιος,
2844 4442 3018 4517 ταύτῃ
3039 4443 3228 4507 δεκτὸς
3265 4445 3418 4497 ἔσται
3448 4444 3526 4516 τῷ
3578 4448 3862 4513 καταξιω-

2178 4525 2335 4595 θῆναι
2371 4528 2469 4597 τῆς
2494 4528 2749 4589 πίστεως.
2793 4529 3071 4583 Ἐντεῦθεν
3097 4532 3189 4583 καὶ
3212 4531 3302 4584 τὸν
3330 4532 3388 4598 ἐξ
3418 4532 3705 4597 Αἰθιοπίας
3724 4536 3860 4587 εὐν-

2176 4612 2335 4681 οῦχον
2391 4614 2454 4665 οὐ
2488 4614 2749 4684 περιεῖδε.
2782 4616 2891 4668 Καὶ
2931 4616 3007 4678 τί,
3033 4618 3217 4687 φησὶν,
3255 4618 3322 4671 ἂν
3356 4618 3532 4681 εἴποις
3583 4622 3861 4690 περὶτῶν

2178 4699 2444 4754 θεοσεϐῶν
2479 4701 2574 4753 καὶ
2603 4700 3042 4772 περιοφθέντων;
3068 4704 3301 4770 Ἀπαγεο
3326 4705 3501 4769 οὐδεὶς
3524 4710 3863 4778 περιορᾶται

2178 4785 2455 4856 θεοσεϐὴς.
2486 4789 2560 4841 Οὐ
2582 4788 2693 4859 γάρ
2722 4789 2891 4851 ἔστιν,
2915 4791 3014 4842 οὐκ
3048 4789 3163 4843 ἐστι
3194 4792 3555 4867 περιοφθῆναί
3588 4810 3712 4847 τινα
3740 4796 3863 4849 τῶν

2172 4871 2430 4926 τοιούτων
2470 4875 2621 4929 ποτέ.
2660 4876 2756 4927 Ἐν
2785 4876 2964 4928 παντί
2994 4876 3174 4938 ἔθνει,
3218 4878 3374 4948 φησὶ,
3409 4882 3442 4932 ό
3475 4880 3858 4949 φοϐούμενος

2170 4960 2281 5011 τὸν
2310 4959 2460 5012 Θεὸν
2478 4960 2575 5013 καί
2599 4960 2987 5029 ἐργαζόμενος
3010 4960 3431 5033 δικαιοσύνην.
3462 4965 3859 5039 Δικαιοσύνην,

2171 5048 2271 5117 τὴν
2304 5048 2483 5101 πᾶσαν
2512 5048 2713 5120 ἀρετὴν
2742 5048 2916 5103 καλεῖ.

2254 5131 2325 5205 β’.
2364 5134 2547 5205 Ὁρᾷς,
2581 5134 2700 5197 πῶς
2730 5134 3083 5189 καταστέλλει
3115 5137 3281 5190 αὐτοῦ
3299 5138 3361 5191 τὸ
3389 5138 3644 5212 φρόνημα
3667 5138 3748 5209 τῷ
3776 5142 3865 5193 εξ-

2175 5222 2317 5273 πεῖν*
2361 5221 2465 5274 Ἐν
2482 5219 2661 5272 παντί
2689 5220 2846 5273 ἑθνει
2869 5223 2902 5273 ό
2926 5222 3296 5289 φοϐούμενος
3319 5223 3425 5276 τὸν
3442 5222 3613 5288 Θεὸν,
3632 5223 3861 5294 δεκτὸς

2174 5305 2335 5371 αὐτῷ
2357 5306 2865 5378 [1186]ἐστιν;ὼσεὶ
2889 5307 3090 5375 ἔλεγεν·
3118 5309 3323 5363 Οὐδένα
3348 5310 3671 5374 ἀπωθεῖται,
3706 5313 3862 5365 πάν-

2171 5412 2272 5458 τας
2304 5400 2587 5466 προσίεται
2611 5395 2735 5458 τοὺς
2772 5396 3146 5458 πιστεύοντας.
3202 5391 3354 5461 Εἶτα,
3392 5398 3478 5450 ἵνα
3513 5398 3588 5468 μὴ
3615 5398 3858 5463 δόξωσιν

2174 5484 2232 5535 ὲν
2261 5482 2411 5545 τάξει
2449 5480 2878 5553 ἀπερριμμένων
2935 5475 3098 5546 εἶναι,
3143 5483 3357 5550 ἐπάγει·
3401 5484 3503 5535 Τὸν
3544 5483 3742 5551 Λόγον,
3794 5487 3861 5539 δν

2176 5569 2461 5623 ἀπέστειλε
2484 5571 2597 5630 τοῖς
2648 5568 2784 5630 υἰοῖς
2844 5566 3060 5642 Ἰσραὴλ
3088 5568 3576 5639 εὐαγγελιζόμενος
3620 5572 3861 5643 εἰρήνην

2172 5655 2261 5709 διὰ
2304 5654 2477 5725 Ἰησοῦ
2509 5653 2767 5725 Χριστοῦο
2801 5648 2956 5717 οὗτός
2999 5656 3116 5707 ἐστι
3143 5656 3359 5708 πάντων
3400 5654 3623 5726 Κύριος.
3659 5658 3864 5714 Ταῦτα

2172 5742 2323 5811 λέγει
2355 5742 2443 5795 διὰ
2480 5744 2607 5804 τοὺς
2630 5742 2923 5811 παρόντας,
2962 5742 3048 5794 ἵνα
3078 5745 3173 5796 καῖ⁴
3226 5743 3470 5805 ἐκείνους
3502 5744 3689 5814 πείσῃ.
3754 5751 3864 5802 Διά

2172 5831 2334 5884 τοῦτο
2374 5828 2783 5900 παρασκευάζει
2847 5830 2940 5881 καὶ
2994 5830 3084 5883 τὸν
3135 5830 3435 5900 Κορνήλιον
3488 5832 3682 5886 εἰπεῖν.
3742 5837 3867 5887 Τὸν

2173 5919 2386 5987 Λόγον,
2442 5916 2625 5986 φησιν,
2691 5915 2762 5969 ὃν
2806 5914 3126 5971 ἀπέστειλε
3188 5915 3311 5983 τοῖς
3358 5914 3505 5980 υἱοῖς
3570 5916 3857 5985 Ἰσραήλ.
