3972 6212
276 396 359 452 απ
1145 383 1207 436 IN
1248 380 1430 435 ACTA
1470 373 1995 432 Al’OSTOLORUM.
2037 376 2264 431 HO)lll..
2310 378 2497 434 XXIII.

268 511 403 564 dcunt
429 503 613 574 lapides
640 499 876 572 pretiosi,
915 496 1006 567 qui
1049 505 1209 565 caput
1264 494 1404 563 regis
1457 499 1667 546 ornant.
1721 487 1797 543 Ne

271 604 415 669 itaque
439 596 747 665 negtigamus
775 601 955 646 tantas
992 589 1245 650 divitias;
1274 586 1366 642 sed
1400 585 1619 655 largiter
1656 584 1800 638 elee-

270 705 500 762 mosynatu
543 686 858 747 inferamus,
902 693 959 737 ut
1007 682 1098 737 Dei
1130 681 1458 751 benignitate
1489 679 1791 747 dignemur,

268 809 1508 834 ____________——————-—-

3394 379 3490 435 178

1905 492 2073 561 gratia
2100 499 2154 545 et
2182 490 2615 547 miserationibus
2643 492 2900 563 unigeniti
2930 492 3046 563 ejus
3075 492 3229 555 Filii,
3257 493 3341 547 cui
3371 508 3486 546 ont-

1904 584 1988 639 nis
2010 584 2200 654 glorta,
2230 590 2403 639 honor
2417 596 2471 640 et
2492 587 2771 656 imperium
2794 602 2897 641 una
2913 601 3034 640 cum
3056 595 3243 640 sancto
3259 584 3483 656 Spiritu,

1904 675 1956 728 in
1984 676 2176 730 saecula
2204 676 2542 729 saeculorum.
2566 679 2759 731 Amen.

1594 883 1943 945 HOMILIA
1999 884 2242 945 XXIII.

262 1036 364 1093 Car.
389 1037 466 1091 l0.
511 1052 561 1088 ν.
590 1034 679 1089 23.
712 1030 953 1101 Sequenti
994 1039 1163 1083 autem
1201 1030 1316 1090 a‘ie,
1346 1027 1550 1097 inquit,
1583 1043 1794 1097 surgens

318 1128 471 1182 Petrus
488 1168 503 1191 ,
529 1129 782 1196 profectus
805 1133 878 1177 est
909 1138 1022 1175 cum
1047 1121 1150 1174 illis
1176 1136 1196 1173 :
1222 1128 1269 1172 et
1294 1119 1500 1189 quidam
1525 1134 1589 1170 ea:
1617 1117 1793 1188 {ratri-

315 1218 389 1271 btts
405 1219 460 1270 ab
477 1215 640 1287 Joppe
663 1232 780 1267 cum
802 1214 891 1267 illo
928 1221 1163 1266 venerunt
1207 1208 1503 1263 Ca’saream.
1547 1207 1636 1262 24.
1667 1206 1792 1263 Cor-

312 1311 445 1364 nelius
466 1325 573 1361 vero
610 1306 935 1376 exspectabat
962 1304 1099 1368 illos,
1125 1300 1410 1355 convocatis
1436 1299 1661 1370 cognatis
1683 1299 1788 1353 suis

309 1414 348 1455 et
382 1400 653 1454 necessariis
694 1399 895 1451 amicis.

308 1496 350 1549 l.
391 1494 660 1562 Postquam
694 1492 841 1545 viros
883 1487 1219 1556 hospitaliter
1259 1484 1538 1546 tractavit,
1579 1481 1788 1552 egredi-

254 1598 320 1640 tur
348 1602 450 1639 cum
478 1585 611 1638 illis:
647 1590 818 1638 recte.
866 1581 1019 1635 Prius
1048 1579 1274 1647 benigne
1312 1591 1433 1629 cum
1462 1574 1565 1628 illis
1606 1572 1712 1641 agit
1743 1573 1783 1637 ³,

253 1688 397 1747 utpote
421 1694 479 1731 ex
510 1678 699 1731 itinere
731 1673 997 1743 fatigatis,
1021 1671 1228 1739 sibique
1257 1667 1546 1722 familiares
1575 1664 1782 1729 reddit,

250 1770 520 1839 detuumque
541 1783 641 1822 una
674 1765 1054 1836 proficiscitur.
1090 1760 1333 1832 Sequenti
1354 1769 1519 1811 autem
1560 1758 1675 1821 die,
1705 1756 1786 1809 in-

249 1862 361 1929 quit,
397 1876 594 1930 surgens
629 1859 817 1911 Petrus
841 1896 857 1922 ,
892 1854 1147 1924 profectus
1170 1863 1239 1905 est
1278 1868 1392 1904 cum
1428 1848 1529 1902 illis
1551 1865 1570 1901 :
1601 1858 1646 1900 et
1670 1848 1784 1914 qui-

248 1952 337 2003 dam
357 1956 543 2020 fratres.
568 1948 691 2004 Non
722 1948 875 2003 Solus
900 1986 916 2010 ,
946 1945 1038 1999 sed
1060 1952 1116 1998 et
1141 1943 1229 1996 alii
1251 1958 1371 1995 cum
1405 1940 1495 1993 illo
1525 1939 1780 2001 veniunt;

248 2042 370 2112 idque
391 2058 499 2099 cum
536 2040 771 2111 quadam
798 2036 1126 2109 providentia
1147 2076 1161 2100 ,
1192 2044 1249 2087 ut
1275 2043 1459 2103 postea
1491 2038 1654 2083 testes
1692 2044 1781 2081 es-

244 2144 360 2198 sent,
394 2134 597 2203 quando
636 2133 796 2187 Petro
823 2144 957 2201 Opus
1003 2128 1102 2181 fttit
1144 2126 1472 2180 defensione.
1518 2121 1783 2177 Cornelius

244 2242 327 2279 sero
357 2227 671 2297 exspectabat
708 2226 825 2277 illos
850 2265 863 2289 ,
897 2220 1179 2275 convocatis
1207 2217 1433 2287 cognatis
1463 2215 1569 2269 suis
1606 2224 1654 2267 et
1695 2229 1779 2264 ne-

240 2322 422 2373 cessariis
455 2321 658 2372 amicis.
688 2317 801 2371 Hoc
831 2314 988 2368 amici
1015 2354 1029 2375 ,
1060 2312 1160 2365 hoc
1190 2311 1258 2380 pii
1288 2309 1387 2363 viri
1427 2318 1506 2361 est
1532 2349 1547 2372 ,
1582 2306 1632 2359 in
1665 2305 1783 2358 tali-

239 2409 312 2463 bus
338 2411 476 2463 bonis
521 2410 736 2465 amicos
778 2422 889 2475 pra:
918 2403 1165 2457 omnibus
1205 2403 1379 2454 facere
1408 2399 1605 2452 socios.
1652 2394 1781 2449 Jure

238 2500 311 2553 hos
328 2512 465 2555 vocat
494 2502 696 2571 quibus
727 2498 958 2561 fidebat,
985 2495 1053 2549 de
1086 2493 1277 2547 talibus
1305 2489 1536 2543 maxime
1568 2500 1781 2554 semper

237 2590 499 2656 disserens,
550 2608 678 2659 qua:
728 2588 925 2644 frustra
975 2585 1209 2639 fortasse
1256 2582 1376 2635 aliis
1420 2579 1777 2649 exposuisset.

235 2678 449 2734 Videntur
494 2691 680 2733 autem
730 2679 859 2730 mihi
906 2688 959 2729 et
1004 2675 1160 2728 amici
1208 2682 1261 2726 et
1298 2672 1507 2741 cognati
1550 2670 1617 2721 ab
1667 2669 1779 2737 ipso

232 2768 362 2824 fuisse
392 2771 644 2825 instituti.
672 2770 764 2824 25.
794 2768 922 2824 Cum
962 2767 1214 2820 introisset
1239 2774 1403 2817 autem
1438 2762 1618 2815 Petrus
1642 2803 1656 2824 ,
1690 2763 1779 2813 ob-

230 2862 331 2913 sim
364 2864 482 2915 venit
514 2863 624 2933 ipsi
666 2862 965 2922 Cornelius,
994 2869 1039 2913 et
1081 2857 1344 2928 procidens
1369 2854 1438 2907 ad
1477 2854 1626 2922 pedes
1666 2853 1778 2922 ejus

230 2953 432 3006 adorat-it.
458 2954 545 3009 26.
586 2953 775 3010 Petrus
808 2969 921 3005 vero
973 2951 1129 3004 erexit
1159 2964 1272 3001 eum
1292 2987 1308 3013 ,
1336 2947 1504 3000 dicens
1528 2960 1545 2999 :
1576 2943 1777 3012 Surge;

229 3062 320 3097 nam
357 3056 398 3100 et
424 3064 512 3117 ego
540 3048 702 3100 homo
731 3062 857 3100 sum.
894 3044 1004 3098 lloc
1033 3043 1197 3105 facit,
1233 3040 1584 3095 humilitatem
1626 3052 1775 3092 suam

230 3138 477 3192 (stendens
498 3180 513 3204 ,
541 3138 796 3206 aliosque
822 3136 1024 3189 docens
1050 3135 1263 3203 Deoqtte
1288 3130 1487 3203 gratias
1508 3132 1645 3199 agit,
1677 3130 1775 3181 de-

228 3226 456 3296 clamque
490 3244 586 3290 se,
628 3228 834 3281 etiamsi
878 3227 1059 3295 jussus
1088 3227 1196 3288 sit,
1227 3240 1291 3277 ex
1336 3238 1395 3278 se
1424 3231 1597 3276 tanten
1640 3221 1779 3274 mul-

233 3325 316 3368 tam
358 3316 546 3374 habere
609 3319 885 3387 pietatem.
930 3316 1066 3382 Quid
1115 3330 1245 3384 ergo
1294 3312 1527 3369 Petrus?
1567 3311 1779 3382 Surge;

227 3422 319 3459 nat
344 3418 386 3460 et
408 3426 494 3479 ego
523 3410 687 3464 homo
726 3424 859 3461 sum.
894 3406 1101 3470 Viden’,
1134 3403 1405 3478 quomodo
1431 3412 1554 3456 ante
1597 3401 1775 3454 omnia

227 3496 323 3551 illus
339 3500 519 3555 docent
538 3541 555 3566 ,
584 3516 661 3553 ne
690 3499 816 3569 quid
845 3513 1092 3568 magnum
1124 3496 1190 3550 de
1211 3511 1269 3549 se
1291 3493 1563 3548 sentiant?
1591 3491 1681 3545 27.
1710 3490 1778 3543 Et

227 3586 395 3654 loquens
417 3608 528 3643 cum
550 3590 652 3644 illo
671 3629 687 3651 ,
719 3590 923 3641 intrauit
948 3603 967 3640 :
993 3598 1039 3640 et
1067 3586 1253 3639 invenit
1280 3584 1468 3637 utultos
1492 3583 1577 3653 qui
1599 3597 1778 3635 conve-

223 3690 401 3744 Itraut,
446 3680 534 3735 28.
584 3679 821 3749 dixitque
858 3678 927 3730 ad
955 3677 1111 3730 illos:
1155 3673 1254 3729 Vos
1303 3674 1474 3735 scitis,
1528 3670 1778 3742 quomodo

223 3771 523 3826 abominatum
551 3774 628 3827 sit
656 3774 761 3825 viro
782 3770 965 3824 Iudaeo
990 3768 1231 3838 conjungi
1302 3775 1390 3818 aut
1416 3765 1650 3819 accedere
1713 3762 1781 3815 ad

221 3863 537 3933 alienigenam.
575 3863 750 3927 Vide,
785 3872 843 3916 ut
869 3861 1049 3915 statim
1080 3860 1146 3913 de
1180 3857 1270 3912 Dei
1304 3856 1632 3925 benignitate
1671 3854 1781 3907 disc

222 3966 366 4018 terat,
395 3956 759 4025 ostendatque
799 3954 971 4022 ipsum
1013 3965 1204 4019 magna
1252 3949 1356 4002 illis
1387 3947 1629 4016 largitum
1661 3958 1780 3998 esse

221 4042 351 4098 bona.
375 4045 489 4101 Non
519 4048 634 4100 ltoc
656 4045 827 4098 solum
856 4041 1225 4095 admirandum
1254 4038 1339 4093 hic
1363 4049 1465 4102 est,
1487 4036 1627 4105 quod
1656 4035 1777 4090 talia

221 4136 463 4203 loquatur;
501 4136 610 4192 sed
650 4146 703 4189 et
730 4134 999 4204 quomodo
1032 4132 1191 4186 simul
1230 4141 1283 4184 et
1315 4145 1503 4199 magna
1536 4128 1780 4197 loquatur

217 4238 258 4280 et
282 4229 508 4284 modeste
536 4239 687 4299 agat.
718 4227 835 4281 Non
864 4226 998 4279 dixit
1021 4226 1164 4279 enim
1190 4242 1204 4278 :
1234 4222 1339 4277 Nos
1368 4223 1457 4292 qui
1487 4220 1556 4274 ad
1606 4219 1778 4274 nemi-

220 4335 317 4372 nent
339 4322 605 4377 secedere
634 4320 916 4389 dignamur
934 4359 949 4379 ,
978 4316 1044 4370 ad
1069 4332 1163 4369 vos
1191 4315 1467 4377 venimus;
1499 4312 1590 4366 sed
1616 4311 1780 4381 quid?

228 4406 306 4464 Vos
323 4414 455 4466 scitis
481 4413 658 4482 (Deus
681 4411 781 4464 hoc
804 4410 991 4478 jussit,
1017 4408 1211 4476 inquit)
1234 4450 1247 4468 ,
1275 4407 1502 4476 iniquum
1534 4420 1640 4459 esse
1662 4419 1784 4456 con-

214 4502 338 4567 iungi
376 4514 463 4555 aut
490 4502 736 4555 accedere
762 4501 830 4552 ad
869 4499 1223 4566 alienigenam.
1274 4496 1473 4551 Deinde
1504 4510 1571 4548 ne
1612 4495 1663 4546 itt
1691 4494 1783 4547 illo

216 4593 415 4659 gratiam
465 4601 709 4657 statuat,
753 4590 968 4645 subdit:
1010 4588 1073 4641 Et
1103 4588 1226 4647 mihi
1251 4586 1391 4640 Deus
1417 4586 1665 4647 ostendit,
1699 4599 1785 4637 ne-

216 4684 376 4734 uneu
423 4699 745 4737 communem
796 4691 883 4734 aut
937 4679 1251 4737 immundum
1293 4678 1459 4733 dicere
1510 4676 1781 4729 hominem.

217 4768 313 4825 lloc
344 4773 656 4843 subjungit,
692 4786 761 4828 ne
787 4772 1026 4827 videatur
1055 4768 1259 4824 adulari
1296 4768 1415 4838 ipsi.
1442 4767 1534 4821 29.
1571 4766 1786 4834 Propter

215 4864 330 4927 quod
353 4866 459 4917 sine
482 4864 891 4919 contradictione
932 4862 1043 4915 ueni
1069 4861 1362 4915 accersitus.
1396 4858 1471 4913 Ne
1499 4865 1745 4927 putarent
1764 4894 1783 4923 ,

218 4956 304 5007 etsi
329 4971 411 5009 res
442 4956 627 5011 illicita
655 4962 837 5019 esset,
864 4968 924 5009 se
952 4962 1138 5022 utpote
1170 4950 1397 5021 principi
1424 4965 1488 5007 ea
1524 4949 1591 5003 de
1622 4963 1783 5003 causa

217 5045 621 5115 obtemperasse,
650 5047 745 5102 sed
777 5056 945 5102 totum
971 5047 1083 5101 Deo
1114 5045 1467 5114 imputarent.
1496 5059 1599 5097 non
1625 5042 1786 5097 modo

216 5138 446 5209 tot-jungi
468 5182 486 5206 ,
517 5141 613 5194 sed
641 5142 803 5195 etiam
834 5138 1091 5193 accedere
1120 5153 1225 5192 non
1259 5137 1421 5191 licere
1443 5134 1591 5190 dicit.
1622 5132 1767 5193 Inter

216 5243 324 5295 rogo
351 5248 471 5300 ergo
490 5271 507 5295 ,
546 5247 694 5301 quam
723 5230 785 5285 ob
811 5246 1016 5285 causam
1042 5228 1323 5285 accersistis
1348 5242 1445 5280 me.
1480 5226 1592 5279 Non
1638 5225 1761 5291 igno

219 5332 328 5371 rarts
370 5321 667 5391 interrogat
697 5338 710 5373 :
744 5321 945 5376 sciebat
972 5320 1115 5375 enim
1147 5328 1314 5374 totum
1345 5318 1531 5374 Petrus
1566 5332 1596 5370 a
1627 5316 1789 5370 visio-

217 5424 275 5463 Ie
316 5410 586 5467 edoctus:
628 5412 874 5468 audierat
923 5412 1085 5467 etiam
1132 5427 1161 5465 a
1212 5409 1508 5473 militibus;
1539 5406 1633 5464 sed
1676 5406 1789 5460 vult

271 5561 285 5589 ¹
322 5559 376 5633 lu
531 5563 815 5633 exemplari,
832 5564 911 5613 bis
927 5563 1132 5633 omissis
1154 5562 1323 5633 verbis
1339 5596 1355 5619 ,
1380 5566 1636 5633 postmtmn-
1661 5557 1792 5631 μείξας

533 5618 767 5693 tractat-it,
785 5618 1037 5693 egreditur
1060 5637 1170 5693 cum
1194 5622 1295 5674 illis
1318 5636 1337 5673 :
1350 5692 1353 5693 ν
1365 5618 1513 5693 recte,
1538 5622 1612 5690 ab.
1625 5622 1702 5693 bis
1718 5622 1793 5668 iu-

212 5691 269 5786 ta
274 5691 398 5741 ω.
428 5684 570 5735 Prius
594 5686 793 5759 benigne
812 5682 927 5760 latnt
950 5686 1047 5736 illis
1062 5686 1178 5786 aqit.
1199 5692 1464 5756 l‘ossetque
1488 5683 1579 5732 hoc
1602 5682 1789 5749 initium

410 5784 422 5786 _
447 5746 544 5786 ml
562 5747 736 5786 mima
752 5755 983 5786 mrmtlnr
1008 5748 1069 5786 ah
1094 5764 1103 5786 ι
1130 5749 1186 5786 Ite
1208 5748 1377 5786 "trhis:
1396 5784 1404 5786 ,
1443 5751 1688 5786 "ustrinum
1724 5755 1789 5786 Γι-

214 5699 398 5786 raw.
428 5699 570 5794 Ἄρη
594 5699 793 5798 oratque
814 5701 927 5760 cum
950 5699 1047 5736 nus
1062 5699 1178 5798 aqu.
1200 5699 1464 5771 Passerque
1488 5699 1579 5765 nec
1602 5699 1789 5765 tantum

214 5813 301 5861 τ..
328 5784 426 5856 εκ.
562 5762 638 5798 tne
677 5755 983 5804 ustnupttur
1007 5748 1069 5798 ab
1094 5764 1105 5797 l
1130 5749 1186 5799 Its
1208 5748 1406 5805 terms,
1442 5751 1688 5809 postquam
1724 5755 1789 5791 tt-

1900 1028 2020 1082 illos
2052 1028 2279 1096 primum
2325 1028 2601 1095 confiteri,
2632 1037 2687 1083 et
2715 1027 2835 1082 fidei
2875 1027 3135 1081 obnoxios
3177 1027 3308 1080 fieri.
3342 1026 3476 1092 Quid

1895 1135 2022 1188 ergo
2044 1121 2363 1175 Cornelius?
2384 1121 2497 1175 Non
2525 1121 2681 1184 dixit,
2710 1121 2826 1175 Non
2859 1121 2950 1173 tibi
2977 1120 3169 1173 milites
3190 1119 3435 1172 dixerunt
3457 1118 3477 1169 τ

1895 1210 1989 1263 sed
2019 1211 2173 1278 vide,
2208 1227 2365 1281 quam
2399 1221 2675 1267 mansuete
2706 1222 2758 1265 cl
2787 1211 3058 1265 humiliter
3089 1210 3357 1271 loquatur.
3384 1209 3473 1262 50.

1897 1300 1939 1353 Α
1968 1314 2147 1368 quarta
2191 1302 2272 1357 die
2301 1320 2455 1370 usque
2486 1306 2537 1357 in
2568 1304 2697 1357 Itane
2725 1304 2901 1357 horam
2931 1319 3069 1356 erant
3106 1304 3378 1372 jejunans,
3429 1310 3476 1351 et

1893 1406 2027 1443 nona
2067 1392 2193 1445 ftara
2220 1411 2357 1445 erant
2383 1411 2533 1447 orans
2573 1396 2623 1446 in
2654 1395 2802 1446 domo
2835 1410 2945 1446 mea
2968 1410 2986 1445 :
3014 1402 3060 1445 et
3088 1410 3199 1445 ecce
3238 1394 3311 1445 t'it‘
3338 1392 3472 1445 stetit

1892 1497 2062 1533 coram
2088 1499 2166 1534 me
2195 1484 2245 1536 in
2274 1486 2451 1537 vestitu
2497 1484 2765 1553 splendido
2791 1525 2804 1546 ,
2850 1494 2893 1537 et
2934 1485 3047 1537 ait:
3093 1484 3179 1538 31.
3229 1482 3471 1547 Corneli,
3552 1499 3559 1507 '

1892 1572 2130 1624 exaudita
2155 1583 2229 1625 est
2254 1575 2414 1627 oratio
2440 1586 2525 1627 tua
2550 1617 2563 1638 ,
2597 1586 2642 1627 et
2669 1575 2995 1644 eleemosynar
3018 1583 3118 1627 tute
3136 1576 3470 1627 ascenderunt

1890 1662 1943 1715 in
1974 1666 2266 1718 memoriam
2294 1667 2345 1719 in
2376 1677 2643 1733 conspectu
2674 1665 2792 1720 Dei.
2826 1665 2890 1718 Et
2918 1683 3053 1719 nona
3080 1667 3223 1726 hora,
3260 1665 3424 1733 inquit
3450 1702 3467 1729 ,

1890 1772 2061 1811 orans.
2090 1758 2225 1823 Quid
2256 1758 2356 1811 hoc
2383 1760 2502 1812 est?
2532 1759 2746 1813 Videtur
2779 1759 2907 1813 mihi
2951 1759 3048 1812 sibi
3078 1769 3313 1826 tempora
3343 1772 3471 1811 cou-

1889 1847 2125 1901 SIituisse
2147 1850 2491 1903 accnratioris
2514 1851 2634 1903 vita:
2662 1852 2711 1903 itt
2741 1850 3056 1919 quibusdam
3079 1850 3302 1902 diebus:
3333 1848 3472 1900 ideo-

1887 1952 1989 2004 que
2019 1939 2124 2003 ait,
2169 1939 2213 1992 Α
2245 1950 2425 2009 quarta
2470 1942 2570 1993 die.
2614 1940 2748 1996 Vide
2769 1980 2785 2005 ,
2818 1951 3013 2011 quanta
3045 1956 3129 1995 res
3158 1942 3227 1994 sit
3272 1942 3467 1995 oratio.

1887 2030 2110 2097 Quando
2142 2033 2193 2085 in
2220 2033 2417 2101 pietate
2444 2033 2689 2103 profecit,
2723 2042 2846 2087 tunc
2875 2042 3097 2103 apparet
3125 2036 3198 2088 illi
3224 2034 3465 2101 angelus.

1889 2122 2012 2176 lltec
2032 2138 2131 2176 una
2156 2122 2271 2178 dies
2289 2135 2432 2188 erat;
2456 2140 2519 2180 ea
2542 2140 2643 2194 qua
2666 2125 2913 2179 abierunt
2933 2126 2987 2189 ii,
3010 2127 3098 2194 qui
3123 2126 3269 2178 missi
3289 2134 3465 2190 erant,

1888 2230 2027 2277 una;
2065 2231 2167 2285 qua
2198 2227 2481 2281 venerunt,
2513 2232 2698 2271 rursus
2724 2233 2866 2280 una;
2898 2226 2953 2271 et
2976 2226 3164 2287 quarta
3194 2216 3464 2285 apparuit,

1888 2307 1957 2359 ita
1986 2318 2043 2361 ut
2070 2308 2140 2361 sit
2166 2306 2397 2361 secunda
2425 2317 2545 2375 post
2573 2324 2712 2371 eam,
2736 2324 2840 2377 qua
2864 2319 3111 2377 precatus
3131 2318 3233 2363 est.
3262 2307 3325 2361 Et
3346 2324 3460 2361 ecce

1885 2399 1960 2451 vir
1975 2400 2110 2451 stetit
2126 2416 2294 2451 coram
2313 2417 2391 2452 me
2409 2401 2459 2452 in
2478 2410 2607 2453 veste
2620 2399 3029 2469 splendida.l\'on
3048 2400 3294 2469 angelum
3307 2400 3460 2463 dicit;

1888 2490 1957 2544 ita
1979 2491 2183 2545 alienus
2201 2502 2315 2546 erat
2336 2508 2363 2544 a
2384 2490 2541 2546 fastu.
2564 2492 2628 2545 Et
2648 2492 2749 2545 ait:
2768 2492 2987 2555 Corneli,
3007 2492 3243 2545 exaudita
3263 2500 3335 2545 est
3348 2508 3465 2543 ora-

1885 2583 1954 2635 tio
1989 2594 2075 2635 tua
2094 2623 2110 2647 ,
2139 2592 2188 2637 et
2227 2583 2556 2653 eleemosynat
2586 2593 2684 2636 tua:
2727 2585 3061 2637 ascenderunt
3092 2584 3144 2636 in
3174 2584 3464 2636 memoriam

1882 2673 1935 2726 in
1965 2684 2235 2742 conspectu
2274 2675 2387 2728 Dei.
2412 2676 2499 2731 52.
2530 2674 2676 2729 Mitte
2712 2691 2831 2745 ergo
2861 2676 2913 2728 in
2942 2674 3146 2745 Joppen
3164 2715 3181 2739 ,
3210 2684 3255 2727 et
3278 2673 3467 2728 accersi

1884 2767 2145 2822 Simonem
2167 2809 2182 2831 ,
2214 2770 2301 2835 qui
2325 2770 2714 2839 cognominatur
2734 2767 2920 2822 Petrus
2948 2784 2967 2822 :
2990 2769 3071 2821 hic
3098 2768 3384 2835 hospitatur
3409 2766 3460 2819 in

1882 2860 2032 2912 domo
2061 2859 2285 2912 Simonis
2305 2859 2511 2912 coriarii
2541 2860 2696 2927 juxta
2727 2874 2865 2911 mare
2888 2873 2907 2911 .'
2930 2859 3017 2927 qui
3056 2859 3138 2910 ubi
3167 2857 3423 2909 advenerit
3447 2896 3462 2919 ,

1882 2953 2111 3020 loquetur
2139 2950 2246 3003 tibi.
2276 2951 2365 3005 53.
2411 2950 2685 3020 Confestim
2714 2965 2833 3019 ergo
2860 2948 2973 3001 misi
2996 2947 3065 3001 ad
3092 2958 3139 3009 te
3164 2961 3185 3001 :
3213 2957 3258 3000 et
3287 2958 3340 2998 tu
3368 2948 3453 2998 be-

1882 3062 1945 3099 ne
1969 3046 2130 3111 fecisti
2156 3044 2416 3098 veniendo.
2451 3041 2604 3097 Nunc
2633 3058 2750 3112 ergo
2785 3056 2955 3094 omnes
2994 3055 3084 3093 nos
3113 3040 3163 3091 in
3189 3049 3457 3105 conspectu

1883 3135 1978 3190 Dei
2017 3135 2284 3199 adsumus,
2314 3145 2370 3187 ut
2399 3136 2667 3187 audiamus
2691 3133 2890 3195 omnia,
2927 3146 3040 3200 quia
3078 3130 3167 3183 tibi
3210 3141 3459 3197 pra’cepta

1880 3237 1995 3283 sunt
2034 3245 2064 3280 a
2095 3226 2224 3281 Deo.
2258 3226 2379 3280 ltleo
2408 3226 2579 3287 dixit,
2614 3222 2726 3289 Qua
2754 3222 2815 3275 de
2837 3238 2991 3275 causa
3015 3221 3297 3274 accersistis
3328 3235 3405 3273 me
3429 3220 3456 3271 Ρ

1882 3331 1941 3375 ιιι
1967 3321 2080 3373 lnec
2118 3320 2193 3372 sic
2222 3318 2378 3371 verba
2405 3318 2565 3371 dicat.
2597 3317 2686 3370 5i.
2728 3314 2974 3384 Aperiens
2997 3322 3163 3364 autem
3195 3309 3378 3362 Petrus
3402 3326 3459 3360 os

1883 3430 2063 3477 suum,
2094 3411 2223 3467 dixit
2247 3428 2265 3465 :
2296 3410 2320 3463 Ι
2330 3428 2361 3463 n
2388 3409 2590 3463 veritate
2612 3406 2831 3476 comperi
2852 3446 2867 3470 ,
2899 3403 3034 3473 quod
3058 3418 3160 3455 non
3199 3402 3265 3455 sit
3288 3416 3459 3470 perso-

1883 3520 2063 3557 narum
2103 3512 2335 3571 acceptor
2358 3500 2528 3563 Deus;
2572 3498 2660 3553 35.
2692 3498 2779 3550 sed
2825 3497 2878 3549 in
2918 3494 3054 3548 onmi
3082 3502 3255 3563 gente,
3285 3490 3371 3560 qui
3399 3491 3458 3541 ti-

1884 3604 1981 3650 met
2022 3595 2169 3648 illum
2197 3602 2244 3646 et
2270 3602 2507 3661 operatur
2526 3590 2781 3659 justitiam
2802 3630 2818 3653 ,
2846 3595 3079 3655 acceptus
3107 3585 3187 3639 illi
3227 3592 3319 3638 est.
3350 3581 3463 3637 lloc

1884 3694 2001 3749 est,
2048 3687 2159 3738 sive
2190 3684 2533 3753 praeputiatus
2561 3682 2647 3744 sit,
2679 3680 2792 3734 sive
2833 3677 3203 3733 circumcisus.
3253 3674 3367 3728 lloc
3410 3683 3465 3725 ιιι

1884 3778 2082 3833 Paulus
2130 3776 2208 3830 sic
2250 3776 2525 3837 declarat,
2572 3772 2695 3827 Non
2740 3782 2813 3826 est
2864 3785 3193 3840 personarum
3238 3766 3464 3835 acceptio

1884 3870 2024 3937 apud
2063 3869 2223 3921 Deum
2251 3868 2427 3937 (Rom.
2456 3866 2513 3918 2.
2547 3865 2655 3935 ll).
2687 3862 2843 3917 Nunc
2871 3878 2992 3933 ergo
3021 3862 3264 3916 adsumus
3292 3875 3464 3913 omnis

1884 3979 2011 4024 nos,
2043 3960 2253 4029 inquit,
2301 3958 2355 4011 in
2400 3965 2669 4025 conspectu
2718 3953 2835 4006 Dei.
2882 3953 3015 4007 Vide
3057 3960 3252 4021 quanta
3284 3948 3418 4003 fides
3451 3988 3463 4009 .

1885 4061 2081 4124 quanta
2106 4052 2293 4121 pietas.
2314 4048 2526 4103 Sciebat
2549 4046 2675 4100 nihil
2699 4044 2990 4098 humanum
3017 4042 3198 4095 dicere
3224 4040 3461 4099 Petrum;

1885 4145 2023 4199 Deus
2048 4142 2263 4197 ostendit
2292 4140 2447 4207 nti/ti,
2477 4138 2630 4192 dixit.
2661 4136 2784 4189 Ideo
2810 4144 2863 4189 et
2888 4133 3014 4187 illud
3037 4172 3053 4196 ,
3080 4132 3336 4185 Adsumus
3359 4168 3376 4195 ,
3406 4139 3462 4182 ut

1887 4240 2155 4293 audiamus
2179 4234 2350 4289 omnia
2372 4274 2388 4297 ,
2418 4246 2531 4300 quia
2549 4230 2636 4283 tibi
2666 4235 2915 4299 praecepta
2941 4235 3055 4280 sunt
3082 4240 3116 4277 a
3146 4223 3273 4276 Dea.
3315 4220 3454 4287 Quid

1888 4332 2060 4401 ergo?
2090 4345 2213 4383 nttm
2259 4334 2511 4394 acceptus
2537 4330 2617 4377 est
2643 4320 2719 4375 illi
2750 4319 2824 4385 is,
2852 4317 2941 4388 qui
2986 4324 3069 4371 est
3108 4315 3160 4370 in
3203 4310 3463 4368 Perside?

1890 4424 1945 4478 Si
1975 4423 2165 4492 dignus
2194 4419 2292 4481 sit,
2326 4418 2396 4471 ita
2420 4425 2669 4483 aet'eptus
2696 4412 2796 4466 erit
2817 4451 2833 4477 ,
2863 4419 2916 4463 ut
2948 4407 3103 4461 fidem
3126 4413 3463 4473 assequatur.

1890 4515 2025 4569 llinc
2051 4514 2211 4567 etiam
2256 4507 2560 4565 eunuchum
2584 4520 2649 4559 ex
2675 4502 2942 4571 [Elitittpia
2972 4514 3078 4553 non
3103 4496 3363 4567 despexit.
3400 4494 3467 4549 Et

1889 4605 2052 4675 qttid,
2104 4602 2343 4671 inquies,
2390 4598 2590 4653 dixeris
2632 4596 2701 4650 de
2744 4592 3007 4663 religiosis
3042 4589 3170 4643 viris
3196 4628 3210 4652 ,
3238 4586 3326 4658 qtti
3370 4584 3467 4639 de-

1891 4695 2059 4766 specti
2108 4690 2569 4754 fuerunt?Absit,
2614 4701 2772 4742 nemo
2824 4684 3106 4753 religiosus
3153 4679 3445 4750 despicitur

1892 4788 2007 4843 Non
2035 4795 2209 4857 potest
2234 4786 2374 4839 enim
2397 4824 2412 4847 ,
2441 4798 2549 4839 non
2580 4788 2759 4850 potest
2783 4777 2969 4845 utique
2994 4772 3195 4842 despici
3223 4771 3313 4840 qui
3343 4769 3463 4821 talis

1891 4888 1994 4936 est.
2026 4877 2089 4932 In
2120 4878 2256 4931 omni
2283 4884 2461 4947 gente,
2494 4872 2664 4942 inquit
2686 4912 2701 4933 ,
2734 4870 2821 4939 qui
2849 4870 2990 4920 timet
3020 4864 3181 4917 Deum
3208 4871 3255 4916 et
3288 4875 3467 4928 opera-

1894 4981 1975 5025 tur
1994 4970 2267 5038 justitiam.
2299 4965 2566 5021 Justitiam
2597 4968 2752 5015 vocat
2788 4972 3001 5012 omnem
3029 4956 3302 5007 virtutem.

1962 5062 2017 5115 2.
2051 5059 2227 5120 Vides,
2252 5067 2309 5110 ut
2329 5056 2596 5123 deprimat
2620 5052 2760 5104 illius
2780 5046 3059 5101 sublimem
3087 5056 3324 5101 sensum,
3346 5055 3468 5093 eum

1894 5155 2023 5209 dicit
2048 5172 2061 5208 :
2093 5151 2155 5205 In
2183 5150 2319 5205 omni
2343 5158 2486 5219 gente
2512 5145 2596 5215 qui
2623 5145 2758 5196 timet
2782 5139 2969 5201 Deum,
2990 5144 3227 5205 acceptus
3256 5144 3326 5187 est
3352 5131 3470 5185 illi?

1897 5262 1958 5300 ac
2004 5245 2047 5298 si
2095 5244 2331 5302 diceret,
2378 5237 2654 5293 Neminem
2705 5232 2944 5303 repellit,
2974 5241 3162 5283 omnes
3187 5226 3473 5282 credentes

1896 5336 2149 5392 admittit.
2176 5330 2391 5393 Deinde,
2426 5339 2485 5384 ut
2512 5343 2579 5383 ne
2600 5326 2880 5382 videantur
2910 5324 3048 5378 inter
3067 5320 3304 5389 alijectos
3330 5335 3471 5379 esse.

1898 5428 2078 5483 subdit
2103 5444 2117 5480 :
2141 5426 2229 5480 ω.
2264 5421 2480 5476 Verbum
2499 5418 2635 5490 quod
2659 5417 2792 5471 misit
2815 5415 2935 5483 ﬁliis
2964 5412 3152 5479 Israel,
3171 5412 3478 5466 annuntians

1900 5535 2071 5590 pacem
2104 5533 2189 5586 per
2210 5514 2241 5567 J
2249 5530 2385 5567 esum
2417 5510 2673 5566 Christum
2697 5524 2715 5563 :
2746 5509 2826 5561 ftic
2855 5517 2927 5561 est
2954 5507 3175 5559 omnium
3204 5502 3471 5556 Dominus.

1901 5588 2025 5664 lla-c
2051 5608 2178 5661 dit-it
2207 5606 2257 5658 itt
2288 5603 2627 5671 pra‘sentium
2648 5601 2897 5670 gratiam,
2919 5607 2975 5649 ut
3004 5596 3110 5648 illis
3145 5588 3475 5659 persuadeat.

1902 5699 2025 5753 Ideo
2049 5706 2237 5761 curat,
2270 5704 2329 5748 ut
2368 5691 2645 5745 t'oruelms
2686 5692 2949 5760 loquatur.
2990 5680 3238 5737 Verbum,
3270 5674 3476 5739 inquit,

1898 5795 2029 5861 qm!
2062 5791 2196 5852 misit
2242 5788 2364 5858 [iliis
2389 5784 2574 5840 Israel.
2610 5781 2767 5849 \‘ide,
2794 5778 2895 5834 illis
2919 5769 3129 5828 interim
3164 5764 3252 5817 dat
3286 5775 3479 5833 1³τι¹τον
