4032 6212
202 242 288 300 179

202 364 335 428 Ὅρα,
357 353 554 416 τούτοις
577 350 750 405 δίδωσι
780 349 920 412 τέως
944 348 1003 402 τὸ
1027 348 1326 418 ἐξαίρετον.
1351 346 1484 402 Εἶτα
1506 351 1598 402 καὶ
1625 349 1820 410 αὐτοὺς

203 446 450 517 μάρτυρας
483 439 762 505 ἐπάγεται,
789 436 984 502 λέγων·
1040 436 1239 502 Ὑμεῖς
1269 435 1470 489 οἴδατε
1491 436 1558 490 τὸ
1580 436 1825 504 γενόμε-

198 550 287 586 νον
304 529 457 597 ῥῆμα
482 527 611 581 καθ’
645 525 796 591 ὅλης
823 523 937 592 τῆς
973 523 1290 589 Ἰουδαίας,
1339 523 1679 592 ἀρξάμενον
1703 521 1823 577 ἀπὸ

200 621 288 688 τῆς
330 616 666 679 Γαλιλαίας,
717 616 872 680 μετὰ
922 614 987 665 τὸ
1034 611 1358 679 βάπτισμα
1424 611 1456 664 ὃ
1529 611 1830 678 ἐκήρυξεν

209 705 468 768 Ἰωάννης.
499 701 622 753 Ὅτι
646 698 821 761 οὕτως
852 699 984 767 ἔχει,
1013 697 1174 750 τοῦτο
1211 698 1305 751 καὶ
1331 697 1440 750 ἀπὸ
1458 697 1550 750 τοῦ
1593 697 1719 765 ἑξῆς
1741 695 1830 765 βε-

201 795 330 847 ϐαιοῖ·
375 788 600 856 Ἰησοῦν
622 787 730 840 τὸν
756 785 878 840 ἀπὸ
916 783 1197 852 Ναζαρὲθ,
1252 784 1333 848 ὡς
1355 783 1604 853 ἔχρισεν
1643 784 1832 837 αὑτὸν

201 883 227 932 ὸ
253 878 376 941 Θεὸς
419 876 486 928 ἐν
519 873 814 941 Πνεύματι
854 871 1000 938 ἁγίῳ
1026 875 1123 923 καὶ
1169 869 1443 939 δυνάμει.
1496 872 1608 924 Οὐκ
1650 866 1826 923 εἶπεν·

204 969 321 1018 Ἰστε
380 961 597 1031 Ἰησοῦν·
652 960 776 1013 οὐδὲ
804 959 914 1029 γὰρ
946 958 1162 1029 ᾔδεσαν·
1219 958 1357 1012 ἀλλά
1406 959 1476 1012 τὰ
1521 960 1613 1011 ὑπ’
1663 956 1828 1010 αὑτοῦ

203 1052 492 1123 εἰργασμένα
556 1045 830 1111 διέξεισιν·
874 1047 978 1110 Ὃς
1044 1043 1296 1112 διῆλθεν
1349 1045 1675 1115 εὐεργετῶν
1733 1045 1832 1098 καὶ

205 1141 410 1208 ἰώμενος
456 1136 688 1200 πάντας
746 1133 891 1198 τοὺς
935 1132 1651 1202 καταδυναστευομένους
1708 1134 1830 1189 ὑπὸ

203 1226 286 1280 τοῦ
327 1224 614 1277 διαϐόλου.
680 1219 960 1273 Ἐντεῦθεν
1003 1218 1243 1271 δείκνυσι
1297 1218 1499 1280 πολλὰς
1554 1217 1832 1288 πηρώσεις

202 1310 466 1370 magna;
509 1307 603 1359 καλ⁸
629 1305 966 1374 διαστροφὴν
1016 1302 1267 1372 σώματος
1298 1303 1389 1356 ὑπ’
1439 1302 1650 1356 ἐκείνου
1679 1319 1833 1370 γενο-

206 1399 363 1467 μένας.
409 1397 532 1448 Ὀτι
581 1398 614 1448 ό
672 1394 819 1458 Θεὸς
857 1388 938 1458 ἦν
971 1392 1100 1459 μετ’
1127 1390 1336 1468 αὐτοῦ.
1387 1389 1555 1444 Πάλιν
1598 1389 1834 1443 ταπεινά

205 1486 473 1552 φθέγγεται,
495 1487 595 1550 οὺχ
627 1479 841 1541 ἁπλῶς,
876 1473 1049 1548 οἶμαι,
1083 1475 1218 1530 ἀλλά
1248 1476 1337 1530 διά
1376 1476 1438 1529 τὸ
1467 1475 1828 1546 ἀνθρώπινον.

205 1574 287 1627 Καὶ
319 1571 473 1638 ἡμεῖς
503 1569 812 1636 μάρτυρες
847 1565 1090 1618 πάντων
1113 1559 1200 1616 ὧν
1248 1563 1542 1630 ἐποίησεν
1565 1564 1639 1616 ἕν
1667 1580 1732 1616 τε
1759 1563 1833 1632 τῇ

205 1658 330 1727 χώρᾳ
349 1657 459 1710 τῶν
494 1655 812 1710 Ἰουδαίων
831 1653 928 1706 καὶ
959 1653 1030 1704 ἐν
1071 1649 1491 1720 Ἰερουσαλήμ.
1515 1650 1628 1703 Καὶ
1651 1651 1832 1720 ὑμεῖς,

205 1751 326 1819 φησὶ.
355 1748 441 1801 καὶ
479 1749 660 1816 ἡμεῖς.
701 1747 803 1796 Ὃν
851 1741 949 1795 καὶ
993 1739 1243 1795 ἀνεῖλον
1293 1739 1704 1808 κρεμάσαντες
1734 1739 1834 1792 ἐπὶ

208 1839 378 1899 ξύλου.
424 1832 689 1887 Ἐνταῦθα
714 1831 776 1884 τὸ
824 1830 995 1892 πάθος
1031 1828 1316 1899 κηρύττει.
1358 1829 1579 1882 Τοῦτον
1631 1829 1664 1881 ό
1692 1827 1836 1892 Θεὸς

207 1923 364 1991 ἤγειρε
393 1921 460 1988 τῇ
495 1921 669 1988 τρίτῃ
721 1917 936 1986 ἡμέρα,
978 1916 1076 1968 καὶ
1108 1914 1333 1967 ἔδωκεν
1359 1913 1549 1968 αὐτὸν
1595 1913 1833 1982 ἐμφανῆ

207 2011 454 2079 γενέσθαι,
481 2010 552 2061 οὐ
575 2006 762 2059 παντὶ
787 2005 869 2068 τῷ
897 2002 1042 2068 λαῷ,
1066 2003 1227 2056 ἀλλὰ
1248 1999 1512 2070 μάρτυσι
1535 2000 1657 2066 τοῖς
1687 2017 1834 2068 προ-

208 2095 754 2168 κεχειροτονημένοις
784 2093 902 2148 ὑπὸ
937 2091 1045 2146 τοῦ
1073 2090 1222 2145 Θεοῦ
1247 2089 1412 2158 ἡμῖν,
1443 2091 1663 2154 οἵτινες
1685 2105 1838 2144 συν-

209 2187 462 2255 εφάγομεν
489 2184 586 2237 καί
607 2181 992 2249 συνεπίομεν
1016 2178 1199 2243 αὐτῷ,
1218 2179 1371 2246 μετὰ
1392 2177 1456 2230 τὸ
1487 2176 1832 2244 ἀναστῆναι

207 2279 353 2329 αὐτὸν
393 2277 457 2328 ἐκ
485 2272 747 2341 νεκρῶν.
802 2262 973 2323 Τοῦτο
1011 2269 1311 2340 τεκμήριον
1335 2266 1435 2335 τῆς
1487 2267 1837 2328 ἀναστάσεως

210 2363 434 2431 μέγιστον.
472 2361 579 2416 Καὶ
642 2358 1046 2427 παρήγγειλεν
1106 2356 1251 2424 ἡμῖν
1287 2353 1543 2422 κηρῦξαι
1581 2351 1662 2416 τῷ
1709 2351 1838 2416 λαῷ

209 2451 279 2502 καί
301 2449 820 2516 διαμαρτύρασθαι,
864 2444 955 2498 ὄτι
1008 2444 1191 2508 αὐτός
1218 2443 1392 2496 ἐστιν
1434 2444 1467 2494 ὁ
1507 2439 1834 2508 ὡρισμένος

209 2537 295 2590 ὑπὸ
313 2537 406 2591 τοῦ
433 2536 582 2590 Θεοῦ
609 2533 827 2602 κριτὴς
871 2531 1102 2592 ζὶὓντων
1135 2530 1235 2584 καὶ
1265 2529 1516 2598 νεκρῶν.
1541 2529 1702 2595 Μέγα
1745 2528 1841 2580 καὶ

209 2625 326 2678 τοῦτο
349 2626 477 2695 πρὸς
509 2625 570 2678 τὸ
627 2622 798 2687 δεῖξαι
833 2620 1197 2685 ἀξιοπίστους.
1244 2620 1300 2670 '0
1321 2618 1377 2671 δὲ
1402 2617 1496 2670 καὶ
1528 2616 1836 2687 μαρτυρίαν

210 2714 380 2778 ἐπάγει,
408 2712 600 2780 λέγων·
637 2709 837 2776 Τούτῳ
857 2707 1081 2770 πάντες
1106 2710 1160 2760 οί
1181 2705 1482 2775 προφῆται
1503 2701 1836 2772 μαρτυροῦ-

209 2814 301 2858 σιν,
343 2797 552 2866 ἆρεσιν
607 2793 916 2865 ἁμαρτιῶν
972 2793 1185 2848 λαϐεῖν
1243 2791 1341 2845 διὰ
1387 2791 1497 2844 τοῦ
1546 2791 1840 2858 ὀνόματος

208 2883 352 2936 αὐτοῦ
376 2883 563 2938 πάντα
603 2884 718 2936 τὸν
745 2882 1110 2934 πιστεύοντα
1142 2881 1229 2945 είς
1256 2880 1465 2932 αὐτόν.
1529 2876 1699 2930 Τοῦτο
1744 2875 1838 2929 τοῦ

211 2972 444 3040 μέλλοντος
471 2971 700 3025 ἔσεσθαι
750 2969 886 3039 μετά
917 2968 1091 3022 ταῦτα
1117 2965 1596 3037 προαναφώνησις·
1655 2965 1722 3034 ἢν
1775 2965 1840 3035 δὴ

208 3062 278 3112 καὶ
304 3059 538 3128 βεϐαιῶν,
573 3059 714 3121 τοὺς
752 3058 1034 3127 προφήτας
1072 3054 1344 3123 εὐκαίρως
1387 3054 1670 3124 μάρτυρας
1702 3069 1844 3122 παρ-

209 3147 322 3214 άγει.
355 3146 482 3199 Ἀλλ’
511 3147 724 3214 ἴδωμεν
750 3142 954 3196 ἄνωθεν
973 3140 1044 3194 τὰ
1062 3141 1204 3194 κατά
1228 3140 1321 3194 τὸν
1343 3140 1660 3210 Κορνήλιον.
1707 3143 1843 3194 Ἀπ-

209 3236 417 3296 έσγειλε,
480 3238 674 3306 φησιν,
709 3236 797 3298 εις
869 3233 1122 3298 Ἰόππην
1153 3228 1679 3300 μετακαλέσασθαι
1736 3229 1843 3281 τὸν

212 3322 408 3388 Πέτρον.
450 3323 799 3383 Ἐπίστευσα,
831 3320 913 3371 δτι
937 3318 1155 3380 πάντως
1188 3317 1328 3386 ἥξει·
1364 3315 1442 3367 διὸ
1467 3317 1557 3368 καὶ
1577 3315 1842 3368 ἀποστέλ-

211 3410 286 3462 λει.
316 3414 409 3463 Καὶ
435 3407 796 3478 συνομιλῶν
827 3403 1006 3470 αὐτῷ,
1069 3405 1254 3472 φησὶν,
1308 3402 1578 3470 εἰσῆλθε.
1617 3402 1680 3454 Τί
1735 3401 1842 3472 ἄρα

212 3499 398 3566 ὀμιλῶν;
432 3499 649 3559 Ταῦτα,
676 3491 854 3566 οἶμαι,
908 3492 1303 3563 φθεγγόμενος,
1337 3492 1480 3562 ἅπερ
1532 3491 1843 3562 ἔμπροσθεν

211 3587 397 3654 simtu.
432 3587 537 3638 Καὶ
566 3583 786 3637 πεσὼν
816 3580 916 3633 ἐπὶ
941 3579 1083 3645 τοὺς
1112 3578 1302 3644 πόδας
1355 3579 1841 3647 προσεκύνησεν.

212 3673 320 3743 ’θρα
345 3674 633 3736 κολακείας
661 3669 1078 3740 ἀπηλλαγμένον
1105 3667 1198 3720 τὸν
1224 3667 1382 3735 λόγον
1416 3665 1717 3735 πανταχοῦ,
1749 3666 1844 3719 καὶ

209 3763 544 3833 ταπινότητος
594 3760 863 3829 γέμοντα.
925 3755 1205 3810 Ἐντεῦθεν
1237 3755 1386 3818 ἄξιος
1425 3754 1699 3807 δείκνυται
1751 3757 1845 3808 καὶ

211 3850 376 3912 ἐκεῖνος
400 3854 428 3903 ό
448 3848 734 3918 εὐνοῦχος.
780 3845 1102 3899 Ἐκέλευσε
1131 3843 1240 3913 γὰρ
1272 3841 1354 3907 τῷ
1401 3843 1680 3907 Φιλίππῳ
1707 3843 1848 3896 ἀνα.

210 3935 347 4002 ϐῆναι
369 3937 459 3991 καὶ
515 3936 771 3989 καθίσαι
800 3933 898 3986 ἐπὶ
938 3932 1004 3985 τὸ
1034 3932 1247 3999 ὄχημα·
1299 3931 1477 3984 καίτοι
1507 3931 1608 3984 οὐκ
1669 3931 1843 3995 εἰδὼς,

210 4023 324 4086 ὅστις
353 4027 511 4089 ἐστὶν,
545 4025 581 4094 ἦ
631 4022 740 4076 ἀπὸ
766 4024 866 4092 τῆς
895 4021 1235 4089 ἀπαγγελίας
1275 4019 1434 4090 μόνον
1459 4019 1558 4088 τῆς
1591 4019 1686 4072 τοῦ
1713 4037 1848 4090 προ-

211 4112 364 4183 φήτου.
389 4106 553 4174 Οὗτος
587 4111 650 4164 δὲ
687 4110 783 4162 καὶ
804 4108 998 4162 ἔπεσεν
1020 4108 1114 4160 ἐπὶ
1137 4109 1264 4169 τοὺς
1321 4107 1508 4169 πόδας.
1537 4102 1690 4169 Εἶδες
1717 4103 1848 4178 ἦθος

210 4199 579 4267 ἄτυςονςΣὺδέ
620 4215 710 4268 μοι
743 4196 956 4257 σκόπει,
997 4194 1114 4257 πῶς
1164 4194 1405 4248 δείκνυσι
1441 4194 1647 4263 Πέτρος
1699 4194 1848 4249 θείαν

210 4287 339 4341 αὐτοῦ
364 4289 456 4360 τὴν
490 4286 824 4355 παρουσίαν,
850 4282 929 4352 τῷ
953 4282 1153 4350 λέγειν·
1205 4281 1393 4350 Ὑμεῖς
1417 4282 1749 4336 ἐπίστασθε
1769 4283 1850 4349 ὠς

209 4376 445 4445 ἀθέμιτόν
467 4379 640 4431 ἐστι.·
672 4374 781 4426 Καὶ
799 4371 889 4425 διά
916 4370 968 4423 τί
999 4369 1072 4441 μὴ
1095 4364 1214 4422 εἶπε
1247 4369 1344 4438 τὴν
1376 4368 1586 4422 σινδόνα
1609 4370 1846 4438 εὐθέως;

211 4462 636 4527 Ὀτιὼιενόδοξος
666 4455 734 4530 ἦν
770 4459 993 4528 σφόδρα.
1047 4458 1168 4510 Ὅτι
1208 4456 1307 4527 μὲν
1353 4456 1462 4527 γὰρ
1518 4455 1850 4510 ἀπέσταλται

211 4551 293 4604 ὑπὸ
310 4552 456 4616 Θεοῦ,
479 4551 656 4618 λέγει·
687 4547 746 4601 τὸ
766 4547 822 4600 δὲ
875 4545 1012 4608 πῶς,
1053 4544 1154 4597 οὐκ
1187 4543 1288 4596 ἐτι·
1343 4542 1459 4596 ἀλλ’
1505 4543 1594 4596 ὅτε
1636 4544 1851 4615 ἀνάγκη

211 4638 416 4705 γέγονεν,
461 4640 550 4693 ὅτε
604 4638 697 4690 καὶ
750 4631 898 4705 [187]
950 4627 1124 4685 εἶπεν·
1189 4630 1377 4700 Ὑμεῖς
1405 4630 1738 4684 ἐπίστασθε
1772 4632 1854 4697 ὡς

212 4727 450 4795 ἀθέμιτόν
500 4726 680 4779 ἐστιν
729 4719 996 4785 Ἰουδαίῳ
1056 4716 1391 4772 κολλᾶσθαι
1444 4718 1483 4784 ἢ
1533 4717 1855 4787 προσέρχε.

215 4816 322 4866 σθαι
352 4812 697 4882 ἀλλοφύλῳ·
728 4809 902 4871 οὕτως
926 4803 995 4877 ἦν
1036 4807 1226 4877 πόρρω
1259 4805 1582 4871 κενοδοξίας.
1654 4806 1852 4874 ’Υμεῖς

215 4901 528 4956 ἐπίστασθε.
558 4900 733 4952 Τοῦτο
761 4897 934 4964 λέγων
956 4895 1051 4948 καὶ
1082 4894 1182 4962 τὴν
1229 4893 1452 4946 ἐκείνων
1481 4897 1854 4962 κατεγγυᾶται

217 4989 422 5060 γνώμην.
447 4991 513 5043 Τί
540 4990 630 5044 δαὶ
661 4986 990 5056 Κορνήλιος
1024 4982 1357 5050 Πάρεσμεν,
1381 4983 1565 5052 φησὶν,
1594 4982 1855 5038 ἐνώπιον

216 5077 300 5131 τοῦ
355 5077 498 5132 Θεοῦ
534 5117 549 5142 ,
617 5073 877 5130 ἀκοῦσαι
945 5072 1144 5125 πάντα
1222 5070 1295 5122 τὰ
1363 5070 1856 5141 προστεταγμένα

217 5182 295 5220 σοι
312 5170 421 5223 ὑπὸ
448 5167 560 5223 τοῦ
600 5165 770 5221 Θεοῦ.
821 5164 936 5218 Οὐκ
987 5158 1162 5224 εἶπεν,
1225 5160 1485 5214 Ἐνωπιον
1539 5161 1852 5232 ανθρώπου,

219 5255 344 5318 ἀλλὰ,
376 5256 485 5311 Τοῦ
541 5254 708 5318 Θεοῦ,
732 5251 968 5312 δεικνὺς,
1015 5249 1098 5302 ὅτι
1131 5247 1274 5301 οὕτω
1309 5247 1388 5300 δεῖ
1428 5247 1716 5318 προσέχειν
1746 5255 1856 5312 τοῖς

218 5345 292 5395 τοῦ
316 5345 442 5397 Θεοῦ
473 5343 700 5405 δούλοις.
730 5339 914 5394 Είδετε
943 5336 1183 5391 διάνοιαν
1200 5335 1633 5406 διεγηγερμένην
1651 5353 1667 5401 ;
1687 5336 1856 5389 εἴδετε

220 5431 313 5494 πῶς
337 5432 481 5497 ἄξιος
502 5427 573 5499 ἦν
601 5431 816 5483 πάντων
838 5426 1046 5480 τούτων
1067 5442 1082 5490 ;
1118 5423 1395 5488 Ἀνοίξας
1419 5422 1508 5485 δὲ,
1549 5423 1702 5493 φησὶ,
1751 5423 1858 5476 Πέ-

220 5533 331 5582 τρος
351 5519 411 5570 τὸ
441 5518 635 5586 στόμα
655 5512 845 5571 εἶπεν·
908 5514 1035 5568 Ἐπ’
1089 5511 1378 5578 ἀληθείας
1412 5509 1858 5578 καταλαμϐάνο-

218 5620 318 5668 μαι,
367 5605 453 5657 ὄτι
492 5605 604 5657 οὐκ
657 5605 792 5657 ἔστι
853 5598 1383 5670 προσωπολήπτης
1420 5599 1454 5650 ό
1488 5599 1652 5662 Θεός.
1689 5597 1860 5652 Τοῦτο

221 5694 295 5744 καὶ
321 5695 450 5762 πρὸς
473 5694 600 5756 τοὺς
632 5693 906 5760 παρόντας
947 5689 1235 5751 Ἰουδαίους
1283 5684 1720 5756 ἀπολογούμενος
1747 5687 1862 5739 ἕλευ

222 5793 290 5843 γε.
324 5781 543 5832 Μέλλων
593 5782 698 5852 γὰρ
720 5779 854 5852 πρὸς
882 5779 1082 5840 αὐτοὺς
1116 5771 1513 5846 μεταχειρίζειν
1565 5773 1658 5826 τὸν
1683 5774 1857 5840 λόγον,

226 5863 387 5931 ὥσπερ
411 5867 700 5933 ἀπολογίαν
724 5868 986 5937 πρότερον
1008 5863 1207 5933 τίθησι.
1249 5861 1313 5914 Τί
1343 5858 1470 5927 οὗν;
1535 5861 1642 5930 πρὸ
1668 5862 1856 5914 τούτου

1164 237 1232 292 IN
1271 237 1455 292 ACTA
1496 237 2033 295 APOSTOLORUM.
2071 239 2305 296 HOMIL.
2349 242 2538 302 XXIII.

3501 265 3598 319 180

1934 353 2410 443 προσωπολήπτης
2431 353 2536 429 ἦνς
2573 359 2662 430 Μὴ
2700 360 2927 432 γένοιτο·
2957 365 3078 419 ἐπεὶ
3129 369 3223 422 καὶ
3259 371 3364 443 πρὸ
3411 377 3602 433 τούτου

1930 439 2103 535 οὕτως
2257 443 2378 510 Πᾶς
2394 449 2442 535 Δό
2471 451 2843 518 φοϐούμενος
2871 453 2969 506 καί
3003 437 3407 526 ἐργαζόμενος,
3446 467 3605 535 φησὶ,

1931 525 2348 615 δικαιοσύνην,
2382 531 2596 600 δεκτὸς
2645 537 2805 604 αὐτῷ
2857 540 3009 593 ἐστι.
3052 543 3222 597 Τοῦτο
3254 525 3604 615 καὶῖΠαῦιλος

1931 613 2158 684 γράφων
2185 617 2354 686 λέγει·
2383 619 2562 672 Ὅταν
2588 621 2698 689 γὰρ
2726 623 2871 692 ἔθνη
2906 627 2979 681 τὰ
3013 626 3100 696 μὴ
3141 632 3330 700 νόμον
3362 613 3600 703 ἔχοντα,

1930 703 2111 788 φύσει
2141 705 2209 758 τὰ
2238 705 2344 759 τοῦ
2375 709 2564 775 νόμου
2593 708 2755 777 ποιῇ.
2791 713 2901 764 Καὶ
2944 713 3118 786 δόγμα
3145 720 3352 788 εἰσάγει
3387 725 3480 776 καὶ
3506 741 3606 777 πο-

1930 787 2151 843 λιτείαν.
2199 792 2263 844 El
2307 793 2416 862 γὰρ
2463 795 2672 862 μάγους
2723 798 2803 850 οὐ
2841 803 3128 870 περιεῖδεν,
3181 787 3299 858 οὺδέ
3349 809 3602 876 Αἰθίοπα,

1931 877 2051 968 οὐδέ
2085 879 2308 950 λῃστὴν,
2333 882 2454 934 οὐδὲ
2479 884 2705 954 πόρνην·
2753 886 2933 958 πολλῷ
2971 890 3169 959 μᾶλλον
3223 897 3349 959 τοὺς
3377 900 3605 968 ἐργαζο-

1936 965 2134 1033 μένους
2168 968 2512 1039 δικαιοσύνην
2551 973 2644 1023 καὶ
2676 971 3034 1045 βουλομένους
3083 981 3299 1044 πάντως
3348 965 3419 1036 οὐ.
3451 965 3607 1057 περι-

1933 1051 2146 1120 όψεται.
2178 1055 2241 1105 Τί
2258 1050 2370 1116 οὖν,
2401 1056 2484 1108 ὄτι
2506 1059 2644 1110 εἰσὶν
2667 1061 2932 1125 ἐπιεικεῖς
2957 1065 3053 1116 καὶ
3079 1066 3277 1137 ἥμεροι
3306 1050 3603 1138 ἄνθρωποι,

1933 1140 2029 1192 καὶ
2056 1140 2343 1194 πιστεῦσαι
2369 1144 2431 1196 οὑ
2460 1144 2773 1214 βούλονταις
2827 1149 2959 1203 Ἰδοὺ
2993 1152 3056 1204 σὺ
3108 1154 3206 1222 τὴν
3231 1156 3410 1208 αἰτίαν
3433 1155 3605 1224 εῐπες,

1933 1225 2014 1278 ὅτι
2047 1227 2106 1278 οὐ
2137 1227 2436 1297 βούλονται.
2484 1232 2695 1296 ’Ἄλλως
2753 1234 2807 1287 δὲ
2847 1238 3064 1308 ἐπιεικῆ
3129 1241 3381 1300 ἐνταῦθα,
3419 1246 3481 1296 οὐ
3514 1246 3609 1300 τὸν

1935 1314 2111 1383 πρᾶον
2144 1315 2312 1384 λέγει,
2346 1319 2480 1371 ἀλλά
2522 1320 2611 1372 τὸν
2649 1322 2999 1396 δικαιοσύνην
3031 1327 3416 1398 ἐργαζόμενον·
3454 1349 3608 1385 τουτ-

1935 1403 2072 1463 έστι,
2103 1402 2194 1454 τὸν
2228 1407 2285 1456 ἐν
2318 1407 2487 1459 πᾶσιν
2522 1408 2816 1479 εὐάρεστον
2852 1423 2898 1475 α,
2929 1411 2987 1476 ὃς
3013 1415 3132 1466 τότε
3166 1416 3404 1479 τοιοῦτός
3437 1420 3604 1484 ἐστιν,

1935 1489 2064 1541 ὅταν
2098 1491 2198 1565 ἔχῃ
2235 1493 2327 1546 τοῦ
2364 1495 2498 1548 Θεοῦ
2532 1498 2624 1550 τὸν
2665 1499 2826 1566 φόϐον
2858 1501 2933 1563 ὡς
2989 1503 3116 1572 χρή.
3155 1505 3258 1556 Τὸν
3282 1505 3337 1557 δὲ
3367 1508 3609 1560 τοιοῦτον

1934 1577 1962 1628 ὁ
1991 1577 2123 1642 Θεὸς
2181 1576 2289 1632 οἶδε
2345 1582 2524 1652 μόνος.
2563 1583 2707 1655 Ὅρα
2767 1587 2886 1649 πῶς
2914 1584 2982 1658 ἦν
3035 1584 3187 1652 οὗτος
3221 1590 3430 1656 δεκτός·
3491 1595 3608 1664 ἅμα

1935 1664 2157 1752 ἤκουσε,
2190 1669 2284 1720 καὶ
2339 1669 2585 1740 ἐπείσθη.
2625 1675 2733 1726 Καὶ
2783 1675 2897 1732 νῦν.
2958 1679 3005 1728 εί
3040 1677 3268 1745 ἄγγελος
3296 1675 3449 1749 ἦλθε,
3502 1699 3610 1752 φη-

1938 1751 2042 1813 σὶν,
2072 1753 2301 1824 ἐπείσθη
2335 1754 2400 1807 ἂν
2445 1757 2694 1821 ἕκαστος.
2730 1760 2878 1823 ὅστις
2905 1761 2970 1813 ἂν
3006 1758 3094 1833 ἦν.
3139 1764 3299 1817 ’Λλλά
3328 1766 3511 1836 πολλῷ
3542 1751 3612 1823 τά

1935 1837 2030 1890 νῦν
2063 1843 2265 1910 σημεῖα
2323 1843 2548 1897 ἐκείνων
2578 1847 2692 1898 ἐστὶ
2725 1848 2967 1916 μείζονα,
3000 1853 3092 1904 καὶ
3123 1853 3273 1921 ὅμως
3319 1854 3611 1908 ἀπιστοῦσι

1937 1926 2141 1983 πολλοί.
2184 1923 2318 1982 Εἶτα
2361 1930 2587 2001 ἄρχεται
2641 1937 2739 2004 τῆς
2772 1935 3142 2001 διδασκαλίας,
3175 1941 3270 1992 καὶ
3298 1943 3457 2012 τηρεῖ
3513 1948 3611 2013 τὴν

1936 2014 2216 2082 εὐγένειαν
2241 2020 2354 2081 τοῖς
2401 2020 2690 2084 Ἰουδαίοις.
2758 2024 2869 2077 Τὸν
2899 2027 3114 2094 Λόγον,
3159 2029 3344 2097 φησὶν,
3399 2028 3473 2081 ὃν
3501 2031 3612 2083 ἀπ-

1935 2099 2171 2155 έστειλε
2193 2104 2319 2169 τοῖς
2344 2106 2498 2168 υίοῖς
2537 2109 2786 2176 Ἰσραὴλ
2801 2113 3608 2182 εὐαγγελιζόμενονεὶρήνην·

1938 2186 2115 2254 οὗτός
2138 2191 2269 2243 ἐστι
2295 2194 2515 2259 Κύριος
2545 2194 2810 2252 πάντων.
2870 2197 3093 2268 Πρῶτον
3129 2201 3256 2272 περὶ
3291 2206 3388 2272 τῆς
3424 2204 3614 2274 κυριό·

1938 2294 2097 2345 τητος
2125 2277 2288 2330 αὐτοῦ
2327 2280 2660 2348 διαλέγεται,
2705 2284 2799 2336 καὶ
2829 2285 3036 2354 σφόδρα
3067 2287 3306 2356 ὑψηλῶς,
3340 2289 3414 2353 ὡς
3460 2291 3609 2355 ἐνῆν,

1939 2362 2126 2446 ἐπειδὴ
2164 2367 2256 2417 καὶ
2306 2366 2440 2434 πρὸς
2495 2368 2672 2439 ψυχὴν
2723 2367 2869 2440 εἶχεν
2909 2372 3120 2442 ὑψηλὴν
3153 2374 3251 2445 ἤδη
3313 2377 3612 2447 γενομένην

1939 2450 2032 2502 καὶ
2085 2451 2262 2505 πάντα
2327 2452 2548 2524 θερμῶς
2599 2455 2894 2527 δεχομένην
2946 2459 3012 2510 τά
3052 2460 3144 2511 ὑπ’
3186 2462 3349 2514 αὐτοῦ
3409 2480 3613 2534 παρεγ-

1938 2535 2215 2607 γυώμενα·
2260 2536 2379 2593 εἶτα
2439 2544 2863 2608 κατασκευάζων
2915 2546 3032 2610 πῶς
3081 2547 3282 2619 Κύριος
3338 2551 3614 2618 ἁπάντων,

1941 2624 2138 2692 ἐπάγει
2199 2625 2295 2677 καὶ
2367 2626 2535 2695 λέγει·
2598 2631 2706 2682 ’ον
2764 2632 3125 2686 ἀπέστειλεν
3173 2635 3616 2705 είιαγγελιζόμεο

1939 2729 2070 2764 νον·
2108 2715 2390 2766 τουτέστιν
2425 2715 2511 2768 ἐπ’
2547 2717 2772 2785 ἀγαθοῖς
2826 2720 3116 2784 καλοῦντα,
3175 2723 3236 2774 οὑ
3272 2723 3452 2794 κρίσιν
3513 2726 3612 2776 ἐπ-

1941 2797 2160 2865 ἀγοντα.

2011 2891 2079 2953 γ’.
2113 2885 2392 2940 Ἐντεῦθεν
2415 2887 2703 2955 δείκνυσιν,
2740 2893 2821 2944 ὅτι
2847 2886 3000 2956 οὗτος
3032 2894 3140 2948 ἀπὸ
3164 2895 3298 2948 Θεοῦ
3341 2897 3618 2962 Ἰουδαίοις

1942 2971 2160 3040 πρῶτον
2196 2972 2550 3028 ἀπέσταλται.
2586 2974 2716 3030 Εἶτα
2739 2980 2834 3045 ἀφ’
2866 2973 2941 3031 ὄιν
2982 2980 3311 3052 κατώρθωσε
3345 2983 3462 3035 καθ’
3489 2983 3617 3055 ὅλης

1940 3059 2042 3128 τῆς
2083 3060 2346 3125 Ἰουδαίας
2368 3063 2526 3116 τοῦτο
2569 3065 3040 3131 συναποδείκνυσι,
3085 3070 3185 3122 καὶ
3216 3068 3385 3136 λέγει·
3421 3071 3619 3138 ’Υμεις

1942 3149 2144 3202 οἴδατε
2172 3151 2238 3202 τὸ
2259 3151 2588 3219 γενόμενον
2611 3151 2780 3221 ῥῆμα
2811 3153 2944 3206 καθ’
2976 3154 3126 3222 ὅλης
3159 3154 3270 3222 τῆς
3308 3157 3614 3224 Ἰουδαίας·

1944 3237 2119 3290 καὶτὸ
2161 3235 2497 3308 θαυμαστὸν,
2544 3239 2886 3309 ἀρξάμενον
2933 3243 3053 3296 ἀπὸ
3105 3243 3217 3312 τῆς
3268 3247 3617 3313 Γαλιλαίας,

1937 3326 2089 3393 μετὰ
2121 3328 2187 3380 τὸ
2219 3327 2540 3397 ,βάπτισμα
2581 3328 2611 3381 ὃ
2651 3329 2949 3397 ἐκήρυξεν
3016 3331 3309 3399 Ἰωάννης.
3350 3335 3621 3404 Πρότερον

1945 3407 2098 3465 εἶπεν
2126 3413 2289 3467 αὑτοῦ
2330 3415 2392 3467 τὸ
2417 3414 2772 3486 κατόρθωμα,
2823 3420 2917 3471 καὶ
2948 3419 3067 3472 τότε
3121 3419 3316 3491 θαρρεῖ
3361 3423 3488 3491 περὶ
3522 3423 3621 3492 τῆς

1945 3499 2111 3552 αὐτοῦ
2165 3501 2422 3571 πατρίδος
2471 3504 2666 3555 εἰπεῖν·
2715 3505 2960 3570 Ἰησοῦν
3004 3505 3113 3558 τὸν
3163 3507 3278 3560 ἀπὸ
3336 3497 3617 3576 Ναζαρέθξ

1947 3586 2134 3650 Οὕτως
2159 3588 2297 3658 ᾔδει,
2344 3589 2426 3642 ὅτι
2457 3590 2752 3643 σκάνδαλον
2781 3593 2812 3661 ή
2845 3593 3063 3663 πατρίς.
3109 3595 3208 3662 Ὠς
3240 3597 3488 3662 ἔχρισεν
3511 3599 3620 3650 αὺ-

1946 3675 2053 3727 τὸν
2090 3679 2122 3728 ό
2151 3677 2296 3742 Θεὸς
2325 3679 2620 3746 Πνεύματι
2651 3679 2796 3747 ἁγίῳ
2821 3679 2918 3732 καὶ
2950 3681 3221 3752 δυνάμει.
3257 3683 3424 3736 Πάλιν
3448 3700 3619 3736 κατα·-

1948 3765 2136 3834 σκευή.
2180 3765 2294 3816 Ἵνα
2319 3765 2427 3835 γὰρ
2453 3766 2634 3835 μήτις
2678 3767 2829 3837 εἴπῃ,
2868 3768 2978 3820 Καὶ
3009 3768 3172 3823 πόθεν
3223 3770 3379 3823 τοῦτο
3428 3769 3618 3839 δῆλονς

1947 3851 2146 3919 ἐπάγει
2177 3850 2330 3922 [188]
2382 3851 2579 3919 λέγων·
2617 3855 2715 3918 Ὃς
2747 3853 2999 3922 διῆλθεν
3029 3856 3355 3926 εὐεργετῶν
3383 3857 3483 3910 καὶ
3536 3857 3624 3910 ίώ-

1942 3956 2128 4008 μενος
2168 3937 2400 4004 πάντας
2432 3939 2576 4005 τοὺς
2609 3941 3324 4011 καταδυναστευομένους
3362 3945 3482 3999 ὑπὸ
3515 3945 3621 3999 τοῦ

1949 4027 2253 4081 διαϐόλου.
2287 4023 2419 4081 Εἶτα
2449 4027 2586 4097 μετά
2623 4028 2732 4079 τῶν
2765 4028 2983 4096 ἀγαθῶν
3007 4023 3082 4081 ὧν
3108 4031 3351 4100 ἐποίησε,
3380 4031 3622 4084 δείκνυσι

1950 4117 2044 4169 καὶ
2079 4115 2176 4186 τὴν
2210 4113 2459 4184 δύναμιν,
2493 4116 2574 4168 ὅτι
2604 4115 2793 4184 πολλή·
2826 4116 2953 4168 ὅταν
2997 4117 3106 4186 γὰρ
3137 4116 3231 4170 τοῦ
3253 4118 3497 4170 διαϐόλου
3527 4136 3625 4172 πε-

1953 4203 2247 4275 ριγίνηται,
2309 4201 2477 4272 πολλή
2536 4203 2620 4265 τίς
2668 4201 2908 4255 ἐστικαὶ
2958 4204 3191 4272 μεγάλη.
3227 4206 3404 4276 Καὶή
3449 4207 3621 4270 αἰτία,

1954 4292 2084 4344 Ὅτι
2143 4295 2176 4345 ό
2235 4291 2380 4357 Θεὸς
2431 4286 2511 4361 ἦν
2539 4292 2667 4360 μετ’
2715 4290 2922 4350 αὑτοῦ,
2965 4290 3152 4361 φησίν.
3188 4291 3287 4345 Διά
3339 4293 3495 4346 τοῦτο
3530 4295 3623 4347 καὶ

1964 4380 2208 4433 Ἰουδαῖοι
2247 4379 2418 4442 οὕτως
2449 4379 2653 4446 ἔλεγον·
2705 4378 2980 4446 Οἴδαμεν,
3035 4378 3123 4433 ὅτι
3151 4381 3272 4435 ἀπὸ
3316 4381 3422 4435 τοῦ
3475 4382 3621 4436 Θεοῦ

1951 4469 2258 4534 ἐιὶήλυθας
2284 4467 2671 4531 διδάσκαλος·
2710 4466 2909 4532 οὐδεὶς
2935 4466 3042 4536 γὰρ
3071 4468 3259 4523 ταῦτα
3295 4469 3364 4522 τὰ
3408 4469 3624 4538 σημεῖα

1953 4556 2202 4610 δύναται
2229 4555 2440 4616 ποιεῖν,
2492 4553 2570 4608 ἂν
2593 4553 2678 4623 μὴ
2784 4557 2817 4608 ό
2844 4555 2989 4621 Θεὸς
3039 4558 3170 4625 μετ’
3222 4557 3428 4611 αὐτοῦ.
3469 4554 3621 4618 Εἶτα,

1953 4645 2042 4697 ὅτε
2074 4643 2292 4710 ἔδειξεν,
2319 4644 2400 4696 δτι
2429 4643 2537 4695 ἀπὸ
2587 4643 2722 4696 Θεοῦ
2755 4643 3112 4710 ἀπέσταλται,
3152 4645 3273 4697 τότε
3317 4646 3489 4713 λέγει,
3543 4647 3624 4699 ὅτι

1955 4731 2216 4803 ἀνῃρέθη,
2249 4732 2336 4784 ἵνα
2385 4731 2460 4800 μή
2508 4748 2560 4783 τι
2589 4731 2788 4784 ἄτοπον
2841 4731 3170 4803 φαντασθῇς.
3219 4731 3380 4802 Ὁρᾷς
3429 4733 3626 4797 αὐτοὺς

1956 4820 2193 4891 οὐδαμοῦ
2231 4819 2573 4889 κρύπτοντας
2596 4819 2687 4871 τὸν
2719 4820 2970 4889 σταυρὸν,
3002 4820 3136 4873 ἀλλά
3163 4821 3302 4890 μετά
3323 4821 3431 4873 τῶν
3452 4821 3626 4876 ἄλλων

1954 4909 2204 4971 τιθέντας
2239 4908 2333 4960 καὶ
2364 4907 2454 4959 τὸν
2482 4907 2717 4976 τρόπον;
2760 4908 2869 4958 Ὃν
2894 4907 2990 4959 καὶ
3020 4908 3284 4967 ἀνεῖλον,
3317 4908 3469 4977 φησὶ,
3495 4923 3627 4975 κρε-

1956 4997 2260 5068 μάσαντες
2313 4995 2411 5048 ἐπὶ
2450 4994 2664 5058 ξύλου.
2708 4993 2816 5045 Καὶ
2868 4993 3094 5046 ἔδωκεν
3144 4994 3334 5046 αὐτὸν
3384 4993 3624 5064 ἐμφανῆ

1963 5085 2255 5155 γενέσθαι,
2281 5085 2353 5137 οὺ
2383 5082 2561 5135 παντί
2587 5078 2666 5145 τῷ
2688 5079 2836 5145 λαῷ,
2864 5081 3026 5135 ἀλλὰ
3048 5079 3308 5149 μάρτυσι
3333 5081 3457 5147 τοῖς
3485 5096 3628 5149 προ-

1957 5172 2548 5243 κεχειροτονημένοις
2587 5171 2705 5225 ὑπὸ
2741 5171 2848 5224 τοῦ
2903 5171 3050 5225 Θεοῦ
3104 5171 3267 5239 ἡμῖν.
3326 5173 3520 5227 Καίτοι
3562 5191 3628 5243 γε

1959 5261 2118 5324 αὐτὸς
2151 5261 2348 5323 αὐτοὺς
2396 5257 2697 5324 ἐξελέξατο,
2735 5259 2870 5311 ἀλλά
2922 5260 3012 5312 καὶ
3043 5258 3201 5313 τοῦτο
3230 5261 3515 5332 ἀνατίθησι
3547 5263 3628 5332 τῷ

1958 5349 2100 5420 Θεῷ.
2137 5347 2264 5414 Τοῖς
2298 5348 3021 5415 προκεχειροτονημένοις,
3069 5349 3254 5418 φησίν.
3292 5348 3434 5418 Ὅρα
3465 5349 3626 5402 πόθεν

1958 5440 2058 5509 τὴν
2091 5437 2384 5490 ἀνάστασιν
2425 5434 2756 5505 βεϐαιοῦται·
2788 5435 2896 5489 ἀπὸ
2947 5436 3040 5489 τοῦ
3077 5439 3290 5506 φαγεῖν.
3337 5437 3434 5489 Διά
3465 5436 3517 5488 τί
3565 5435 3624 5488 δὲ

1964 5527 2130 5599 μηδὲν
2157 5525 2413 5586 ἀναστὰς,
2448 5522 2669 5592 ἐποίησε
2702 5526 2948 5594 σημεῖον,
2990 5525 3104 5578 ἀλλ’
3133 5525 3299 5596 ἔφαγε
3325 5525 3417 5578 καλ⁸
3438 5523 3625 5588 ἐπιενς

1963 5616 2085 5668 Ὅτι
2121 5615 2214 5667 καὶ
2243 5611 2381 5682 αὑτὴ
2419 5612 2452 5680 ἡ
2487 5612 2784 5675 ἀνάστασις
2839 5613 2958 5666 καθ’
2995 5614 3193 5684 ἑαυτὴν
3228 5614 3368 5683 μέγα
3403 5613 3626 5679 σημεῖον

1961 5698 2049 5772 ἦν·
2085 5700 2289 5769 ταύτης
2327 5699 2384 5752 δὲ
2415 5698 2567 5751 οὐδὲν
2593 5697 2768 5762 οὕτως
2801 5700 2879 5763 εἰς
2920 5698 3192 5762 ἀπόδειξιν
3225 5698 3428 5767 μεῖζον,
3455 5696 3530 5758 ὼς
3567 5697 3629 5751 τὺ

1965 5867 1984 5914 ἐ
2084 5805 2190 5854 Duo
2233 5802 2398 5863 codd,
2427 5802 2643 5864 ἐνάρετον
2667 5803 2747 5850 καὶ
2771 5802 3081 5859 ἄληπτον.-
3103 5801 3240 5849 Unus
3275 5812 3373 5848 cun
3415 5799 3625 5860 Erasm,

1989 5882 2195 5914 ναοετον.

1989 5882 2195 5914 vanam-1.
