3972 6212
601 227 697 283 181

602 340 798 406 φαγεῖν
854 339 949 392 καὶ
1005 341 1166 391 πιεῖν.
1204 340 1733 407 Διαμαρτύρασθαι,
1781 342 1964 411 φησίν.
2004 340 2271 394 Ἐνταῦθα

603 424 696 476 καὶ
718 424 966 495 φοϐερῶς
995 420 1166 486 εἶπεν,
1199 425 1286 477 ἵνα
1318 426 1392 493 μὴ
1419 426 1612 495 ἔχωσιν
1663 428 1743 489 είς
1768 427 1989 495 ἄγνοιαν
2022 444 2267 492 καταφυ-

601 513 742 578 γεῖν.
771 513 879 565 Καὶ⁵
906 513 1005 564 οὑκ
1033 509 1204 572 εἷπεν,
1229 513 1309 565 ὅτι
1342 514 1514 576 Αὐτός
1545 514 1692 565 ἐστιν
1717 514 1746 565 6
1778 513 1905 577 Υἱὸς
1957 514 2052 567 τοῦ
2103 513 2261 577 Θεοῦ,

601 596 765 650 ἀλλ’ὃ
798 598 1032 668 μάλιστα
1054 598 1251 660 αὐτοὺς
1278 598 1483 666 ἐφόϐει,
1516 600 1598 652 ὅτι
1645 601 1837 665 Αὐτός
1859 601 2031 653 ἐστιν
2082 604 2116 654 ό
2146 602 2275 670 ὡρι-

602 683 826 749 σμένος
860 686 976 737 ὑπὸ
1010 683 1158 737 Θεοῦ
1182 684 1391 752 κριτὴς
1437 684 1670 744 ζώντων
1707 686 1809 740 καὶ
1861 686 2111 754 νεκρῶν.
2145 685 2278 742 Εἶτα

603 769 638 836 ἡ
695 768 860 837 κυρία
922 771 1235 840 κατασκευὴ
1281 772 1314 840 ἡ
1369 770 1477 823 ἀπὸ
1504 771 1611 824 τῶν
1665 773 1981 843 προφητῶνο
2036 775 2278 844 μεγάλην

601 854 711 922 γὰρ
738 849 880 924 εἶχον
913 853 1072 918 δόξαν
1120 855 1337 909 ἐκεῖνοι.
1380 858 1572 922 Τούτῳ
1604 857 1828 924 πάντες
1878 862 1933 913 οι
1980 859 2277 928 προφῆται

597 941 1024 1011 μαρτυροῦσιν.
1061 942 1190 995 Ὅτε
1218 944 1295 1011 τῷ
1344 944 1492 1014 φόϐῳ
1537 947 1845 1009 κατέσεισε,
1906 949 2026 1001 τότε
2081 950 2275 1019 ἐπάγει

602 1027 702 1097 τὴν
728 1026 1096 1099 συγχώρησιν,
1127 1030 1188 1082 οὐ
1220 1033 1348 1101 παρ’
1379 1032 1541 1085 αὑτοῦ
1563 1033 1885 1105 λεγομένην,
1938 1035 2074 1089 ἀλλά
2123 1036 2275 1104 παρά

600 1113 711 1165 τῶν
756 1115 1070 1185 προφητῶν.
1110 1117 1221 1170 Καὶ
1274 1118 1336 1171 τὸ
1365 1119 1461 1189 μὲν
1488 1120 1740 1191 φοϐερὸν,
1798 1124 1929 1193 παρ’
1974 1123 2159 1177 αὐτοῦ’
2213 1124 2275 1177 τὸ

601 1200 805 1270 ἥμερον
856 1201 932 1265 δέ,
992 1204 1101 1256 ἀπὸ
1161 1202 1270 1257 τῶν
1308 1208 1624 1277 προφητῶν.
1686 1210 1839 1262 Ὀσοι
1894 1210 1993 1280 τῆς
2026 1211 2272 1279 ἀφέσεως

601 1286 821 1356 ἐτύχετε
863 1288 1088 1359 ταύτης,
1141 1291 1253 1344 ὅσοι
1300 1293 1400 1362 τῆς
1438 1295 1675 1359 πίστεως
1726 1297 2124 1368 κατηξιώθητε,
2168 1315 2273 1367 μα-

601 1371 783 1437 θόντες
812 1373 913 1442 τῆς
955 1374 1162 1445 δωρεᾶς
1184 1376 1246 1429 τὸ
1286 1379 1534 1448 μέγεθος,
1568 1381 1893 1451 παρακαλῶ,
1931 1385 2270 1437 σπουδάσατε

603 1459 679 1529 μὴ
710 1459 929 1530 ὑϐρίσαι
958 1463 1038 1526 είς
1069 1462 1158 1516 τὸν
1180 1465 1496 1536 εὐεργέτην.
1542 1468 1835 1537 Ἐτύχομεν
1861 1470 1971 1540 γὰρ
1999 1471 2266 1540 ἀφέσεως,

599 1545 698 1614 οὑχ
755 1546 840 1599 ἴνα
895 1548 1110 1617 χείρους
1160 1551 1472 1621 γενώμεθα,
1509 1553 1624 1607 ἀλλ’
1663 1557 1751 1608 ἵνα
1794 1557 2048 1626 ἀμείνους
2089 1556 2270 1627 πολλῷ

599 1634 695 1684 καὶ
734 1631 995 1701 βελτίους.
1553 1663 1562 1670 ·

668 1719 872 1789 Μηδεὶς
896 1722 1073 1775 τοίνυν
1100 1724 1229 1795 εἴπῃ
1253 1725 1335 1778 ὅτι
1362 1726 1391 1778 6
1443 1726 1575 1790 Θεὸς
1632 1729 1764 1799 ἡμῖν
1820 1729 1994 1794 αἴτιος
2056 1730 2265 1794 κακῶν,

602 1804 678 1875 μὴ
711 1806 946 1870 κολάσας
987 1808 1121 1879 μηδὲ
1174 1812 1647 1883 τιμωρησάμενος.
1708 1815 1843 1867 Είπὲ
1894 1818 2002 1887 γάρ
2059 1833 2169 1886 μοι,
2202 1817 2289 1895 ἂν.

599 1891 781 1961 ἄρχων
812 1893 990 1947 λαϐὼν
1022 1896 1186 1964 φονέα
1207 1898 1341 1969 ἀφῇ,
1371 1899 1481 1952 τῶν
1517 1901 1654 1970 μετά
1684 1901 1856 1955 ταῦτα
1891 1904 2068 1970 φόνων
2107 1902 2269 1966 αὐτὸς

600 1979 773 2043 αἴτιος
818 1976 955 2034 εἶναι
1008 1984 1287 2053 κρίνεται;
1336 1987 1622 2057 Οὐδαμῶς.
1658 1990 1769 2042 Καὶ
1821 1990 1937 2053 πῶς
1968 1991 2119 2043 αὐτοὶ
2147 1995 2269 2054 ταῖς

597 2064 779 2127 ἀθέοις
820 2066 1091 2134 γλώσσαις
1146 2070 1374 2135 διδόντες
1427 2073 1742 2142 ὑϐρίζεσθαι
1798 2075 1890 2128 τὸν
1932 2076 2063 2129 Θεὸν
2098 2077 2166 2130 δι’
2194 2072 2268 2131 ὧν

595 2151 900 2223 τολμῶμεν,
931 2156 991 2207 οὐ
1033 2156 1349 2227 δεδοίκαμεν
1391 2158 1512 2212 οἱ)δέ
1562 2160 1995 2231 φρίττομεν;-Τί
2025 2163 2132 2235 γάρ
2170 2164 2269 2217 οὐκ

596 2238 821 2309 ἐροῦσι;
862 2240 913 2294 τί
940 2242 1027 2295 δαὶ
1055 2244 1116 2295 οὐ
1148 2243 1470 2312 φθέγξονται
1499 2262 1513 2309 ;
1569 2248 1742 2310 Αὐτὸς
1766 2250 1951 2313 αὐτοῖς
1980 2251 2266 2322 ἐπέτρεψε,

596 2326 793 2395 φησιν’
850 2329 1017 2399 ἐχρῆν
1070 2330 1177 2400 γὰρ
1208 2330 1394 2395 ἀξίους
1450 2332 1611 2397 ὄντας
1670 2335 1917 2398 κολάσαι,
1967 2338 2027 2391 οὐ
2078 2340 2266 2409 τιμᾷν,

594 2412 714 2465 οὐδὲ
742 2416 1058 2483 στεφανοῦν,
1101 2418 1161 2470 οὐ
1210 2419 1317 2470 τῶν
1378 2421 1662 2490 πρωτείων
1716 2425 2074 2493 μεταδιδόναι,
2132 2426 2268 2482 ἀ).λὰ

594 2497 841 2563 κολάζειν
893 2502 987 2553 καὶ
1035 2504 1416 2573 τιμωρεῖσθαι.
1482 2505 1540 2557 Ὀ
1576 2507 1633 2559 δὲ
1702 2509 1867 2579 μηδέν
1921 2529 1973 2563 τι
2029 2512 2267 2566 τοιοῦτον

593 2587 776 2649 αὐτοῖς
818 2586 988 2639 ποιῶν
1018 2600 1065 2651 ει,
1096 2587 1209 2641 ἀλλ’
1235 2590 1357 2642 ἀντὶ
1394 2591 1598 2645 τούτων
1644 2595 1735 2646 καὶ
1763 2595 1960 2666 τιμῶν,
1992 2599 2268 2664 τοιούτους

594 2674 789 2737 αὐτοὺς
823 2676 1212 2749 ἀπεργάζεται.
1242 2679 1356 2751 Μὴ,
1385 2679 1576 2751 δέομαι
1622 2684 1717 2736 καὶ
1748 2686 2031 2751 ἀντιϐολῶ,
2075 2689 2266 2759 μηδεὶς

591 2759 795 2831 ταύτην
837 2764 965 2835 περὶ
1008 2764 1160 2834 ἡμῶν
1197 2766 1307 2836 ἀφῇ
1369 2767 1467 2837 τὴν
1511 2772 1713 2841 φωνήν.
1774 2772 1988 2827 Βέλτιον
2042 2793 2270 2847 κατορυ-

590 2848 755 2918 γῆναι
813 2849 1093 2919 μυριάκις,
1127 2851 1160 2922 ἢ
1215 2853 1388 2907 ταῦτα
1430 2855 1522 2907 τὸν
1558 2857 1691 2910 Θεὸν
1737 2858 1969 2914 ἀκοῦσαι
1997 2861 2062 2914 δι’
2094 2865 2263 2932 ἡμᾶς.

592 2933 757 2986 Εἶπον
808 2934 957 3005 αὐτῷ
1000 2936 1094 2989 καὶ
1144 2937 1420 2992 Ἰουδαῖοι·
1468 2940 1520 2993 Ὀ
1560 2946 1879 2998 καταλύων
1938 2947 2048 3000 τὸν
2094 2948 2265 3016 ναὸν,

591 3019 691 3073 καὶ
719 3022 789 3074 ἐν
814 3023 1014 3089 τρισὶν
1050 3022 1296 3093 ἡμέραις
1327 3026 1570 3095 ἐγείρων
1602 3030 1805 3093 αὐτὸν,
1841 3029 2050 3085 σῶσον
2080 3049 2265 3088 σεαυ-

591 3108 733 3160 τόν·
792 3108 887 3161 καὶ
925 3108 1105 3172 πάλιν,
1158 3113 1227 3164 El
1274 3114 1405 3179 Υἱὸς
1436 3112 1496 3167 εἴ
1519 3115 1625 3168 τοῦ
1680 3118 1847 3179 Θεοῦ,
1887 3118 2115 3173 κατάϐα
2145 3122 2264 3175 ἀπὸ

592 3193 699 3278 τοῦ
713 3195 998 3261 σταυροῦ.
1016 3196 1173 3248 Ἀλλά
1186 3199 1357 3251 ταῦτα
1375 3200 1597 3273 ἐκείνων
1612 3203 1982 3276 χαλεπώτερα.
2005 3205 2153 3278 [189]
2165 3208 2263 3261 Ἵν’

592 3277 686 3335 οῦν
721 3285 796 3352 μὴ
846 3282 939 3353 ἐξῇ
965 3284 1032 3336 δι’
1064 3286 1210 3353 ἡμᾶς
1241 3288 1500 3357 πονηρίας
1554 3290 1715 3344 αὑτὸν
1749 3292 2069 3348 διδάσκαλον
2105 3277 2261 3364 λέγε-

596 3369 741 3431 σθαι,
781 3370 913 3439 μηδὲ
942 3371 1091 3441 αὐτῷ
1118 3372 1291 3443 τούτῳ
1342 3375 1419 3445 τῷ
1456 3376 1887 3447 βλασφημεῖσθαι
1918 3383 2161 3438 ὑπόδικοι
2195 3388 2260 3458 τῇ

590 3456 810 3510 κολάσει
839 3457 1121 3525 γενώμεθα
1159 3460 1258 3527 (Δι’
1284 3462 1438 3529 ὑμᾶς
1474 3464 1605 3534 γὰρ,
1639 3468 1791 3535 φησὶ,
1822 3468 1886 3521 τὸ
1913 3470 2101 3540 ὄνομά
2140 3456 2261 3542 μοι)

584 3544 1033 3631 ,ϐλασφημεῖται
1061 3545 1131 3598 ἐν
1172 3546 1293 3612 τοῖς
1336 3548 1604 3620 ἕθνεσι)·
1661 3555 1917 3609 τάναντία
1946 3560 2261 3631 ποιήσωμεν

591 3630 864 3699 λέγεσθαι,
911 3630 1075 3695 ἀξίως
1108 3632 1199 3684 τοῦ
1232 3634 1519 3699 καλοῦντος
1556 3639 1977 3711 πολιτευόμενοι,
2034 3647 2125 3699 καὶ
2164 3630 2260 3718 τῷ

590 3712 689 3782 τῆς
746 3711 1018 3777 υἱοθεσίας
1081 3716 1396 3785 προσιόντες
1458 3718 1815 3792 βαπτίσματι.
1887 3728 2093 3792 Ὄντως
2148 3711 2259 3803 γὰρ

593 3799 801 3871 μεγάλη
827 3799 919 3853 τοῦ
945 3800 1315 3870 βαπτίσματος
1352 3806 1383 3873 ἡ
1426 3804 1683 3876 δύναμις·
1737 3810 1925 3877 ἄλλους
1953 3815 2066 3868 ἀντ’
2082 3799 2258 3873 ἄλλων

591 3888 734 3938 ποιεῖ
758 3887 883 3950 τοὺς
935 3889 1300 3958 μετασχόντας
1324 3891 1421 3962 τῆς
1449 3893 1676 3965 δωρεᾶς·
1711 3898 1810 3951 οὐκ
1847 3900 2070 3973 ἀφίησιν
2118 3903 2257 3960 εἶναι

587 3972 906 4043 ἀνθρώπους
965 3975 1090 4038 τοὺς
1162 3977 1502 4065 ἀνθρώπους.
1563 3984 1795 4055 Ποίησον
1858 3972 1977 4042 τὸν
2017 3991 2257 4065 Ἕλληνα

587 4060 895 4125 πιστεῦσαι,
932 4062 1012 4115 ὅτι
1063 4064 1269 4135 μεγάλη
1320 4067 1413 4121 τοῦ
1445 4070 1759 4140 Πνεύματος
1812 4076 2125 4148 ήδύναμις,
2172 4060 2255 4137 ἑτι

587 4148 945 4220 μετέπλασεν,
980 4150 1061 4203 ὃτι
1121 4154 1541 4225 μετερρύθμισε.
1603 4159 1668 4211 Τί
1704 4160 1802 4225 τάς
1831 4164 2065 4233 ἐσχάτας
2119 4169 2252 4222 ἀνα·

586 4239 753 4322 πνοάς
804 4235 1115 4322 ἀναμένεις,
1149 4239 1225 4301 ὠς
1252 4239 1547 4313 δραπέτης,
1581 4245 1656 4309 ὡς
1684 4249 2012 4322 κακοῦργος,
2039 4254 2115 4318 ὡς
2152 4258 2254 4313 οὐκ

583 4320 811 4409 ηφείὶων
859 4319 937 4388 τῷ
974 4320 1094 4388 Θεῷ
1141 4324 1336 4392 (ﬁam;
1391 4327 1444 4380 τί
1474 4329 1550 4393 ὡς
1581 4332 1717 4403 πρὸς
1744 4319 1926 4409 ἀπηνῆ
1978 4358 2099 4395 τινα
2157 4345 2253 4398 καὶ

580 4404 728 4501 ὠμὸν
756 4406 894 4501 ἔχων
929 4409 1205 4479 Δεσπότην
1237 4411 1379 4465 οὑτω
1404 4414 1711 4487 διάκεισαι;
1742 4422 1795 4475 τί
1815 4404 2168 4501 ψυχρότερον,
2198 4432 2252 4485 τί

578 4490 1188 4586 ταλαιπωρότερ-ονᾳτῶν
1216 4500 1337 4553 τότε
1374 4502 1641 4560 λαϐόντων
1662 4509 1723 4563 τὸ
1755 4490 2010 4586 φώτισμα
2033 4490 2066 4584 ς’
2094 4490 2251 4575 Φίλον

586 4588 643 4673 σε
669 4575 935 4673 ἐποίησεν.
974 4581 1003 4632 ό
1042 4580 1194 4645 Θεὸς,
1232 4586 1327 4638 καὶ
1364 4588 1580 4644 πάντων
1611 4575 1810 4662 ἠξίωσε
1836 4575 1947 4653 τῶν
2003 4575 2248 4673 ἀγαθῶν,

584 4660 672 4762 ἵνα
697 4663 1253 4762 καὶαύτὸςέπιδείξῃ
1291 4673 1359 4729 τὰ
1396 4676 1490 4729 τοῦ
1533 4660 1708 4747 φίλου.
1751 4685 1885 4739 Είπὲ
1934 4688 1999 4761 δή
2042 4660 2154 4762 μοι,

579 4749 650 4851 τά
681 4751 903 4851 μεγάλαῇ
919 4753 1179 4851 ἠδίκησας
1309 4778 1427 4815 τινα
1454 4765 1548 4817 καὶ
1603 4765 1850 4839 ὕϐρισας,
1891 4749 1999 4828 καὶ.
2035 4749 2251 4851 μυρίοις

579 4837 988 4929 αὐτδνῇόνείδεσι
1014 4842 1339 4929 περιϐαλὼν,
1380 4851 1461 4914 είς
1491 4853 1589 4916 τάς
1620 4837 1809 4929 χεῖρας
1845 4837 2125 4929 ἐνέπεσεί
2152 4837 2247 4923 τοῦ

578 4923 946 5011 ὑϐρισθέντος,
979 4929 1008 4980 6
1043 4928 1098 4982 δὲ
1125 4930 1246 4983 ἀντὶ
1277 4934 1483 4989 τούτων
1510 4923 1759 5011 ἐτίμησε,
1788 4947 1883 5001 καὶ
1932 4950 2041 5004 τῶν
2078 4923 2246 5009 αὑτοῦ

580 5009 877 5113 μετέδωκεν
906 5013 1179 5113 ἀπάντων,
1204 5021 1302 5113 ,καὶ
1333 5023 1391 5074 ἐν
1423 5026 1534 5089 τοῖς
1559 5009 1733 5096 φίλοις
1767 5034 1853 5103 ἐφ’
1882 5030 1957 5091 ὧν
1988 5039 2245 5113 ὑϐρίσθη,

574 5093 668 5200 ἐπὶἐ
691 5097 919 5200 τούτωνν
934 5118 993 5154 σε
1021 5102 1384 5200 ἐστεφάνωσε,
1426 5114 1520 5167 καὶ
1548 5093 1747 5188 ἔφησεν
1800 5093 1876 5186 ῶς
1923 5126 2038 5179 υίὸν
2059 5093 2072 5113 ⁸

571 5181 814 5283 γνὴῄσιον,
856 5181 985 5283 ,εἶτα
1037 5191 1239 5283 εὐθέως
1295 5181 1599 5255 ἀπέθανενί
1638 5181 1745 5259 ὀὐκ
1807 5181 1873 5262 ἂν
1923 5181 2245 5283 ζημίανῆτὸ

570 5269 829 5370 πρᾶγμα,
852 5273 1144 5370 ἐνόμισαςς
1184 5282 1405 5370 οὑκηᾶν
1465 5284 1639 5353 εἶπεςο
1713 5269 2043 5370 Ἐϐουλόμην
2080 5269 2243 5357 αὐτὸν

569 5353 750 5455 ςῶντα
777 5353 935 5423 εἶναι,
963 5361 1056 5455 Eva
1111 5364 1330 5455 δυνηθῶ
1385 5373 1675 5431 ἀποδοῦναι
1730 5381 1828 5446 τάς

572 5442 942 5549 Ξμείψωμαι,Α
962 5448 1048 5549 ἵνα
1086 5452 1160 5524 μὴ
1189 5457 1360 5549 κακὸς
1397 5462 1549 5525 φανῶ
1584 5467 1710 5536 περὶ
1764 5442 1855 5523 τδν
1907 5442 2237 5549 εὐεργέτηννξ

567 5525 702 5619 FPM
730 5534 817 5585 ἐπ’
847 5534 1133 5607 ἀνθρώπου
1175 5543 1273 5611 μὲν
1302 5544 1475 5610 οὕτως
1498 5563 1512 5581 ·
1566 5525 1737 5608 ἐπὶιδὲ
1768 5556 1862 5611 τοῦ
1897 5525 2237 5619 9εοῦξῷᾅῖ

564 5617 747 5721 ϐάζεις
778 5622 1050 5722 ἀπελθεῖν,
1101 5628 1208 5722 ἵνα-
1359 5633 1575 5722 ἀμείψῃ
1628 5641 1717 5695 τὸν
1774 5646 2069 5722 εὐεργέτην

538 5706 834 5801 γτοσσύτων
860 5711 1111 5784 δωρεῶν;
1168 5718 1275 5771 Καὶ
1310 5720 1419 5793 μὴν
1450 5725 1570 5778 τότε
1606 5730 1889 5801 πρόσελθε,
1941 5706 2036 5791 ὅτε.
2074 5742 2236 5795 αὑτὸν

627 5792 654 5821 ⁸
715 5793 851 5845 Unus
889 5800 1071 5851 οηιίιιίι
1095 5806 1297 5864 μηδέν...
1330 5811 1495 5859 ποιῶν.

1387 226 1444 280 S.
1481 226 1768 283 JOA'NNIS
1805 228 2295 284 CHRYSOSTOMI
2336 228 2653 285 ARCHIEP.
2695 232 3230 295 CONSTANTINOP.

2374 342 2600 396 δύνασαι
2652 349 2765 409 τοῖς
2796 347 2932 408 ἴσοις
2964 350 3315 417 ἀμείψασθαι.
3365 352 3428 403 Τί
3469 354 3703 421 φεύγειςς

2378 429 2482 490 σὶν,
2511 430 2627 482 ἀλλ’
2664 432 2723 484 οὐ
2766 433 2996 501 δύναμαι
3051 436 3302 500 φυλάξαι.
3335 437 3539 490 Οὐκοῦν
3566 442 3629 492 τὰ
3671 446 3744 495 ἁδι

2378 514 2566 580 έταξεν
2602 519 2630 570 6
2657 520 2827 586 Θεός;
2876 523 3006 576 Ἀπὸ
3031 524 3220 578 τούτου
3254 525 3431 578 πάντα
3469 527 3744 597 ἀνατέτρατ

2372 603 2562 657 τούτου
2610 607 2677 660 τά
2706 610 2802 679 τῆς
2827 611 3150 682 οἰκουμένης
3178 613 3515 683 διέφθαρται,
3551 615 3627 668 ὃτι
3661 618 3743 669 οὐδ

2377 690 2578 754 σκοπὸς
2605 695 2745 747 κατὰ
2789 696 2918 749 Θεὸν
2946 698 3062 768 ζῇν.
3113 701 3175 753 Οί
3209 702 3305 769 μὲν
3338 696 3432 753 οῦν
3466 703 3744 771 κατηχοὺμι

2378 777 2787 842 σπουδάζοντες,
2843 782 3098 853 οὐδεμίαν
3159 786 3434 838 ποιοῦνται
3498 788 3744 856 ἐπιμέλεις

2375 863 2490 934 βίου
2512 882 2525 897 ⁸
2559 868 2608 919 οἱ
2646 868 2701 920 δὲ
2731 870 2830 941 ήδη
2862 872 3243 939 φωτισθέντες,
3285 875 3334 926 οἱ
3378 875 3477 943 μὲν
3507 876 3624 927 ἐπεὶ
3661 882 3744 929 παῖ

2370 950 2529 1004 τοῦτο
2575 953 2765 1009 ἔλαϐον
2782 956 2906 1020 δ,οί
2945 958 3002 1010 δὲ
3055 961 3112 1011 ἐν
3138 961 3441 1031 ἀρρωστίᾳ,
3488 964 3580 1015 καὶ
3629 966 3744 1016 ἀνεν

2371 1039 2555 1110 ἐπειδὴ
2589 1041 2663 1112 μὴ
2710 1038 2855 1112 εἶχον
2901 1044 3210 1116 προθυμίαν
3239 1047 3357 1101 τινὰ
3386 1048 3547 1117 ζῆσαι
3590 1050 3674 1102 διὰ
3704 1051 3740 1102 Θ

2368 1121 2513 1179 οῦτοι
2542 1129 2776 1199 σπουδὴν
2814 1130 3050 1185 τίθενται
3078 1150 3092 1163 ο
3147 1134 3195 1185 οἱ
3224 1134 3281 1186 δὲ
3319 1136 3376 1186 ἐν
3414 1136 3571 1206 ὑγείᾳ
3621 1136 3743 1188 λαϐό

2368 1230 2474 1285 γην
2499 1217 2703 1289 ταύτην
2741 1220 2835 1271 καὶ
2863 1221 3018 1272 αὐτοὶ
3043 1222 3460 1282 ἐπιδείκνυνται.
3488 1225 3581 1275 καὶ
3615 1225 3741 1293 πρὸς

2368 1300 2703 1368 διατεθέντες
2732 1304 2946 1375 θερμοὶ,
2980 1307 3119 1375 μετά
3154 1308 3325 1362 ταῦτα
3358 1311 3452 1361 καὶ
3480 1306 3619 1362 οὗτοι
3640 1310 3698 1362 τὸ
3729 1329 3744 1362 1

2371 1405 2489 1443 σαν.
2526 1391 2617 1462 Μὴ
2664 1392 2771 1463 γὰρ
2814 1395 2912 1446 οὑκ
2956 1395 3036 1446 ένι
3072 1396 3358 1465 πράγμασι
3391 1396 3659 1465 χρῆσθαις
3698 1397 3744 1464 μέ

2368 1478 2624 1544 γυναικός
2646 1496 2706 1532 σε
2730 1480 2979 1549 διείργω;
3015 1482 3274 1552 Πορνείας
3303 1500 3359 1536 σε
3386 1485 3650 1553 ἀπείργω.
3678 1487 3744 1537 Mi

2366 1564 2475 1616 τῶν
2505 1567 2800 1637 χρημάτων
2835 1569 3219 1635 ἀπολαύσεως;
3256 1570 3568 1635 Πλεονεξέας
3621 1574 3709 1624 καὶ

2366 1651 2458 1720 Μὴ
2512 1653 2620 1722 γάρ
2669 1655 2966 1722 ἀναγκάζω
3011 1657 3191 1710 πάντα
3232 1658 3498 1721 κενῶσαι;
3544 1660 3719 1727 Ὀλίγα

2366 1738 2593 1792 ἐνόντων
2620 1739 2800 1794 δοῦναι
2824 1744 2934 1804 τοῖς
2962 1742 3234 1811 δεομένοις
3275 1746 3369 1813 (T6
3423 1745 3592 1814 ὑμῶν
3637 1764 3741 1814 περ

2367 1826 2552 1897 φησὶν,
2582 1829 2669 1891 εἰς
2703 1827 2772 1881 τὸ
2799 1829 3047 1882 ἐκείνων
3082 1831 3407 1901 ὑστέρημα)
3429 1849 3442 1863 ·
3485 1834 3581 1884 καὶ
3605 1834 3718 1884 οὑδὲ

2367 1912 2551 1985 θομεν.
2598 1916 2689 1986 Μὴ
2718 1916 2827 1988 γάρ
2861 1916 3140 1987 νηστεύειν
3170 1918 3452 1987 βιάζομεν;
3495 1919 3725 1972 Μεθύειν

2365 2001 2461 2055 καὶ
2487 2002 2893 2073 γαστρίζεσθαι.
2925 2003 3109 2056 Ταῦτα
3130 2005 3556 2076 ηπεριαιροῦμεν,
3586 2006 3620 2059 ἀ
3649 2008 3744 2075 ἁσχ

2366 2105 2448 2140 σοι
2509 2088 2709 2159 φέρει,
2764 2090 2801 2143 ἃ
2865 2090 2958 2142 καὶ
3012 2091 3117 2161 πρὸ
3164 2092 3263 2160 τῆς
3325 2092 3555 2162 γεέννης
3617 2093 3744 2146 ὲντεῐ

2366 2176 2576 2244 φευκτά
2631 2177 2727 2231 καὶ
2783 2176 2986 2247 μισητά
3038 2179 3133 2231 καὶ
3190 2178 3351 2241 αὐτὸς
3422 2175 3568 2233 εἶναι
3638 2198 3744 2232 συνι

2364 2263 2457 2333 Μὴ
2489 2263 2596 2334 γὰρ
2642 2262 2863 2334 ἥδεσθαι
2893 2265 2987 2317 καὶ
3013 2264 3259 2338 χαίρειν;
3300 2265 3456 2319 Ἀλλὰ
3488 2269 3566 2337 μὴ
3612 2269 3744 2337 αἰσχγ

2363 2349 2617 2414 ἀναξίως.

2438 2435 2590 2508 [190]
2607 2436 2663 2492 δ’.
2674 2430 2739 2489 Τί
2757 2437 2998 2501 δέδοικας
3020 2456 3034 2504 ;
3053 2438 3111 2493 τί
3124 2439 3262 2510 φοϐῇ
3282 2457 3296 2504 ;
3314 2439 3367 2492 τί
3382 2440 3633 2511 τρέμεις;
3656 2441 3744 2492 Ἕν

2365 2520 2493 2577 ἔνθα
2528 2524 2823 2596 χρημάτων
2852 2526 3171 2589 ἀπόλαυσις,
3196 2526 3324 2579 ἔνθα
3342 2529 3519 2598 τροφὴ
3551 2528 3744 2597 σύμμετ

2366 2610 2639 2681 ἁμαρτίας
2694 2611 2980 2679 ὑπόθεσις;
3043 2614 3152 2665 Καὶ
3209 2613 3313 2684 μὴν
3359 2616 3407 2666 οἱ
3462 2615 3667 2681 ἔξωθεν
3700 2614 3744 2666 τέ

2364 2696 2729 2759 ἐπιτάττουσι,
2771 2698 2866 2751 καὶ
2910 2698 3219 2754 ἀκούονται.
3278 2701 3351 2753 Οὐ
3385 2701 3497 2773 γάρ
3538 2703 3644 2756 ἀπὸ
3674 2702 3744 2754 τῶ

2363 2782 2707 2847 ἀπαιτοῦσιν,
2737 2783 2872 2837 ἀλλά
2900 2784 3166 2853 λέγουσιν,
3192 2788 3273 2840 ὃτι
3301 2789 3524 2843 τοσόνδε
3576 2789 3744 2842 δοῦναι

2364 2870 2640 2942 προϐάλλῃ
2674 2873 2882 2937 πενίαν,
2916 2874 3037 2927 οὐδέ
3060 2874 3233 2939 οὕτως
3256 2876 3603 2944 ἀφίστανται.
3644 2879 3699 2929 '0
3722 2877 3744 2929 6

2360 2958 2459 3028 οὐχ
2489 2959 2662 3022 οὕτως
2684 2976 2697 2989 ⁸
2720 2960 2855 3023 ἀλλ’,
2893 2959 3008 3029 Ἀφ’
3037 2954 3113 3014 ὧν
3146 2963 3286 3032 ἔχεις
3317 2963 3424 3026 δὸς,
3460 2966 3562 3017 καὶ
3592 2967 3671 3027 είς
3693 2966 3744 3017 τί

2362 3059 2424 3095 σε
2454 3044 2732 3108 καταλέξω
2777 3046 2951 3110 τάξιν.
3016 3048 3184 3102 Πάλιν
3233 3050 3451 3114 ἐκεῖνοι,
3499 3052 3563 3104 Εἰ
3613 3050 3744 3121 βούλι

2360 3129 2684 3200 εὐδοκιμεῖν,
2718 3132 2984 3187 κατάλιπε
3032 3134 3260 3207 πατέρα,
3291 3137 3529 3208 μητέρα,
3558 3155 3744 3205 συγγει

2358 3233 2475 3281 ους,
2510 3218 2607 3271 καὶ⁸
2628 3219 2957 3291 προσέδρευε
2979 3224 3093 3284 τοῖς
3123 3222 3432 3292 βασιλείοις,
3470 3225 3744 3294 κοπτόμεν

2360 3305 2731 3376 πωρούμενος,
2754 3306 3040 3373 δουλεύων,
3069 3308 3373 3379 σπώμενος,
3405 3312 3581 3381 μυρία
3604 3313 3744 3381 πάσχ

2358 3394 2388 3446 6
2419 3394 2475 3447 δὲ
2495 3394 2727 3465 Χριστὸς
2748 3396 2848 3464 οὐχ
2873 3394 3066 3459 οὑτως,
3086 3398 3220 3460 ἀλλ’,
3242 3399 3374 3451 Ἔσο
3397 3402 3454 3452 ἐν
3479 3404 3551 3471 τῇ
3586 3402 3731 3471 οἰκία

2357 3482 2635 3549 γυναικὸς,
2672 3484 2811 3551 μετά
2847 3484 2954 3536 τῶν
2985 3485 3208 3549 παίδων,
3231 3488 3324 3539 καὶ
3356 3487 3499 3542 αὐτά
3531 3489 3704 3542 ταῦτα

2358 3571 2451 3623 καὶ
2484 3568 2731 3640 ρύθμιζε,
2779 3570 2868 3623 τὸν
2900 3572 3229 3643 ἀπράγμονα
3267 3574 3381 3642 βίον
3408 3575 3512 3645 ζῇν
3546 3586 3569 3615 ο
3609 3577 3705 3629 καὶ
3734 3594 3744 3627 ι

2357 3658 2486 3722 Ναὶ,
2514 3659 2698 3729 φησὶν,
2736 3659 2850 3712 ἀλλ’
2879 3662 3083 3723 ἐκεῖνος
3116 3662 3374 3732 χρήματα
3432 3663 3743 3732 ἐπαγγέλλε

2355 3740 2510 3808 οὗτος
2542 3745 2836 3815 βασιλείαν,
2869 3747 3067 3815 μᾶλλον
3109 3747 3165 3799 δὲ
3193 3749 3286 3800 καὶ
3318 3752 3587 3820 χρήματα
3628 3769 3744 3821 μετέ

2356 3833 2596 3899 Ζητεῑτε
2648 3834 2775 3902 γὰρ,
2820 3833 2972 3903 φησὶ,
3034 3835 3149 3901 τὴν
3208 3836 3545 3899 ,βασιλείαν
3578 3838 3698 3891 τῶν

2356 3922 2669 3975 καὶταῦτα
2719 3921 2915 3975 πάντα
2957 3923 3429 3990 προστεθήσεται
3463 3926 3634 3996 ὑμῖν.
3678 3929 3744 3979 Kc

2358 4007 2458 4077 μὲν
2510 4008 2634 4061 οὑδέ
2684 4011 2743 4060 ὲν
2780 4009 3098 4081 προσθήκης
3133 4011 3312 4082 μέρει,
3349 4006 3509 4075 οὗτος
3541 4013 3601 4066 δὲ
3637 4014 3733 4066 καὶ

2357 4093 2556 4163 μένως.
2589 4092 2887 4163 Νεώτερος
2913 4096 3226 4166 ἐγενόμην,
3260 4097 3392 4168 φησί
3416 4115 3430 4128 ·
3471 4100 3577 4153 καὶ
3609 4100 3721 4169 γὰρ

2352 4182 2453 4236 καί
2517 4184 2631 4237 οὐκ
2679 4179 2844 4237 εἶδον
2889 4183 3125 4239 δίκαιον
3185 4185 3741 4258 ἐγκαταλελειμμέν

2352 4270 2422 4324 τὸ
2448 4269 2687 4338 σπέρμα
2713 4272 2900 4326 αὐτοῦ
2948 4270 3159 4341 ζητοῦν
3200 4272 3439 4342 ἄρτους.
3482 4276 3741 4348 Ἀρξώμε

2352 4356 2453 4427 τῆς
2508 4358 2711 4430 ἀρετῆς
2743 4357 2925 4429 θῶμεν
2982 4360 3353 4433 προοίμιονά·
3416 4363 3744 4434 ἐπιλαϐώμε

2355 4446 2534 4515 μόνον,
2587 4446 2681 4498 καὶ
2736 4446 2857 4515 ὕψει
2916 4440 3008 4501 οἷα
3065 4446 3135 4499 τά
3198 4448 3396 4517 ἀγαθά.
3465 4450 3564 4521 Μὴ
3630 4451 3743 4520 γὰρ

2352 4533 2536 4585 ἐκεῖνα
2585 4531 2891 4604 κατορθοῖς,
2942 4533 3025 4585 ὅτι
3071 4533 3208 4604 πρὸς
3253 4535 3428 4589 ταῦτα
3489 4537 3743 4605 μαλακίζ

2352 4620 2537 4691 φησὶν,
2569 4621 2754 4672 ἐκεῖνα
2790 4621 3045 4691 ἀπονητὶ,
3082 4621 3257 4676 ταῦτα
3286 4622 3343 4675 δέ
3379 4625 3523 4693 μετά
3554 4626 3744 4679 πόνου.

2351 4704 2452 4757 οὐκ
2511 4703 2628 4758 ἐστι
2677 4704 2848 4767 τοῦτο,
2885 4707 2986 4760 οὐκ
3032 4706 3218 4761 ἔστιν’
3273 4708 3388 4762 ἀλλ’
3439 4711 3497 4763 ετ
3554 4729 3616 4765 τι
3670 4714 3744 4765 δεῖ

2350 4793 2546 4857 εἰπεῖν,
2607 4792 2796 4846 ἐκεῖνα
2848 4793 3047 4863 μᾶλλον
3098 4795 3279 4860 πόνοις
3326 4796 3701 4865 συνέζευκται

2350 4880 2513 4933 πόνου
2566 4880 2803 4945 πλείονος
2853 4881 3232 4953 κατορθοῦται,
3282 4884 3457 4938 ταῦτα
3495 4885 3581 4950 δέ,
3622 4886 3693 4940 ἂν

2350 4968 2568 5039 ῥαδίως.

2417 5056 2509 5126 Μὴ
2538 5056 2602 5128 δὴ
2645 5057 3014 5129 ἀποπηδῶμεν
3036 5057 3147 5111 τῶν
3182 5058 3340 5112 θείων
3378 5064 3734 5133 μυστηρίων,

2347 5138 2422 5191 λῶ
2443 5157 2457 5171 °
2481 5141 2555 5212 μὴ
2584 5142 2743 5195 τοῦτο
2764 5141 2900 5213 ἴδῃς,
2931 5143 3013 5196 ὃτι
3045 5145 3073 5197 6
3104 5144 3209 5215 πρὸ
3230 5144 3324 5197 σοῦ
3350 5147 3679 5213 φωτισθεὶς,
3722 5166 3744 5215 q

2344 5245 2488 5296 γονε,
2531 5230 2624 5282 καὶ
2670 5230 2769 5301 τῆς
2801 5229 3015 5293 ἐλπίδος
3040 5229 3263 5295 ἐξέπεσε
3304 5231 3403 5302 τῆς
3442 5232 3646 5297 αὑτοῦ,
3687 5252 3744 5288 κε

2343 5334 2499 5389 τερος
2520 5319 2719 5373 σαυτοῦ
2740 5318 2894 5393 γένῃο
2922 5320 3044 5373 ἐπεὶ
3073 5321 3167 5373 καὶ
3199 5325 3257 5389 ἐν
3279 5324 3393 5386 τοῖς
3415 5324 3742 5393 στρατιώτα

2340 5407 2467 5469 τοὺς
2497 5407 2596 5476 μὲν
2630 5407 2730 5460 οὐκ
2761 5410 2842 5471 είς
2876 5408 2997 5461 δέον
3036 5409 3350 5479 χρωμένους
3373 5412 3437 5479 τῇ
3487 5414 3744 5483 στρατείς

2341 5492 2759 5564 εὐδοκιμοῦντας
2782 5508 2797 5524 ⁸
2833 5496 2928 5548 καὶ¹
2959 5496 3019 5548 οὐ
3058 5499 3172 5560 τοῖς
3197 5496 3459 5567 ῥᾳθύμοις
3491 5500 3744 5569 προσέχο

2339 5581 2559 5645 τούτους
2616 5582 2886 5654 ζηλοῦμεν
2941 5586 3067 5645 τοὺς
3116 5583 3537 5655 κατορθοῦντας.
3616 5587 3743 5658 Πρὸ,

2338 5668 2611 5739 ἐννόησον,
2638 5672 2752 5723 ὅσοι
2775 5671 2912 5740 μετά
2938 5671 2999 5725 τὸ
3023 5669 3275 5742 φώτισμα
3303 5670 3530 5740 ἄγγελοι
3567 5674 3698 5726 ἀντὶ
3732 5693 3744 5727 ι

2402 5771 2432 5810 ι)
2462 5772 2559 5821 Alii
2614 5777 2658 5821 οί
2696 5774 2781 5835 μὲν
2807 5775 2972 5829 παῖδες
2991 5774 3309 5835 λαμϐάνοντες
3397 5778 3417 5804 ⁸⁵
3444 5774 3614 5827 Savil.
3647 5778 3744 5829 alii.

2339 5830 2366 5871 ὅ
2389 5835 2558 5897 Θῶμεν
2582 5830 2833 5897 προοίμιον
2856 5837 3000 5885 deest
3025 5830 3075 5884 ili
3102 5834 3391 5897 quibusdam
3416 5848 3522 5885 mss
