3972 6212
236 257 308 313 181
1128 242 1196 300 ΙΝ
1234 241 1413 297 ACTA
1452 239 1974 297 APOSTULORUM.
2016 240 2246 297 llOMlL.
2291 244 2481 302 XXIII.

228 368 424 422 maxime
444 360 560 419 illos
589 360 813 417 terrebat
843 376 857 413 :
890 357 1015 426 Ipse
1047 365 1123 411 est
1142 398 1158 424 ,
1186 356 1273 426 qui
1298 353 1595 409 constitutus
1634 362 1708 406 est
1729 368 1763 405 a

228 462 314 516 Deo
333 460 479 527 [sdes
502 457 717 510 rivorum
738 464 787 507 et
811 461 1148 505 mortuorum.
1182 448 1318 504 Hinc
1356 448 1601 517 sequitur
1626 445 1761 499 vali-

222 556 326 610 dum
364 560 719 622 argumentum
754 563 786 601 a
826 545 1103 617 prophetis
1142 562 1157 599 :
1191 541 1267 597 illi
1306 543 1447 596 enim
1482 541 1535 593 in
1575 552 1765 608 magna

221 643 571 699 existimatione
594 649 763 693 erant.
788 634 929 691 Huic
947 650 1121 689 omnes
1148 631 1408 701 praplteta:
1430 628 1767 682 testimonium

222 736 463 803 perhibent.
499 731 785 800 Postquam
820 728 1011 781 timore
1039 722 1333 793 perculsit,
1380 729 1507 773 tunc
1553 717 1766 770 veniam

221 828 407 889 inducit,
435 842 537 878 non
565 823 633 875 ab
660 823 774 883 illo,
802 820 896 874 sed
924 833 954 872 a
984 815 1258 886 prophetis
1279 812 1497 864 dictam.
1531 809 1595 862 Et
1622 805 1766 875 quod

222 916 419 971 terribile
442 924 577 979 erat,
606 914 673 966 ab
701 912 834 974 illo;
863 908 1003 980 quod
1034 916 1212 961 autern
1244 902 1449 965 tnitius,
1477 915 1507 953 a
1540 897 1769 969 prophe-

222 1014 271 1063 us
293 1009 726 1080 proficiscebatur.
756 1004 1029 1073 Quotquot
1055 1001 1195 1053 hanc
1221 994 1592 1051 remissionem
1632 1003 1765 1043 eou-

217 1102 391 1173 sequuti
417 1104 543 1153 estis
565 1139 582 1164 ,
629 1106 889 1167 quotquot
921 1094 1075 1147 [idem
1122 1088 1262 1143 nacti
1297 1088 1426 1139 estis
1450 1101 1465 1150 ;
1489 1099 1611 1137 cum
1641 1081 1767 1136 doni

217 1193 595 1263 magnitudinem
626 1188 959 1251 didiceritis,
988 1188 1233 1247 obsecro,
1272 1181 1395 1235 date
1432 1192 1671 1247 operam,
1700 1189 1768 1228 ne

217 1284 580 1340 Bent-factorem
646 1280 971 1335 contumelia
1035 1276 1304 1329 alliciatis.
1374 1267 1765 1325 Retnissionem

217 1391 413 1443 namque
435 1373 757 1440 consequuti
786 1385 992 1433 smnus,
1022 1384 1127 1421 non
1157 1376 1213 1420 ut
1238 1364 1535 1420 deteriores
1564 1358 1766 1415 efficia-

214 1480 329 1527 mur,
356 1464 443 1517 sed
469 1471 525 1517 ut
551 1464 726 1517 multo
750 1460 1002 1515 meliores
1029 1469 1081 1513 et
1111 1457 1526 1526 praestantiores.

271 1556 389 1609 Deus
407 1572 503 1608 non
527 1564 605 1609 est
635 1570 791 1607 causa
820 1551 1087 1604 mularum.
1116 1578 1186 1589 —-—
1215 1548 1382 1603 Nemo
1408 1546 1567 1616 igitur
1591 1543 1767 1605 dicat,

215 1647 352 1703 Deum
372 1660 486 1700 esse
511 1645 676 1699 nobis
696 1658 915 1697 causam
942 1643 1224 1705 malorum,
1255 1639 1395 1709 quod
1428 1652 1532 1691 non
1562 1635 1765 1705 puniat,

215 1753 291 1791 nec
328 1737 641 1805 supplicium
689 1734 907 1789 inferat.
951 1735 1042 1787 llic
1080 1734 1221 1787 enim
1263 1730 1414 1793 mihi,
1444 1730 1488 1783 si
1521 1728 1770 1798 princeps

214 1829 434 1898 quispiam
475 1837 698 1896 captum
746 1824 1069 1879 homicidam
1109 1822 1398 1884 dimiserit,
1429 1836 1495 1873 an
1536 1832 1767 1888 sequen-

216 1924 318 1974 tiuut
360 1920 582 1975 cardium
638 1928 828 1973 auctor
868 1934 988 1972 esse
1025 1915 1388 1987 judicahitur?
1426 1914 1663 1967 Minime.
1708 1911 1773 1964 Et

214 2014 472 2080 quomodo,
501 2013 639 2066 dum
682 2012 861 2080 impiis
905 2012 1099 2080 linguis
1139 2009 1399 2062 audemus
1433 2006 1544 2061 Deo
1582 2012 1771 2059 contu-

217 2106 389 2157 nieliam
428 2104 672 2167 inferre,
706 2120 810 2155 nou
844 2101 1122 2163 timemus,
1156 2115 1255 2153 nec
1296 2094 1772 2153 exborrescimus?

215 2194 319 2261 Quid
344 2197 477 2249 enim
506 2211 621 2249 non
649 2194 867 2249 dicent?
887 2193 1010 2262 quid
1034 2208 1137 2246 non
1165 2189 1486 2260 loquentur?
1513 2189 1631 2257 Ipse
1653 2202 1771 2256 per-

215 2289 345 2351 misit,
369 2289 619 2360 inquiunt
650 2306 663 2342 :
688 2288 968 2357 oportebat
992 2287 1134 2341 enim
1167 2286 1357 2356 dignos
1377 2284 1642 2354 supplicio
1666 2300 1770 2337 non

214 2378 458 2445 botitirare,
509 2397 629 2434 non
672 2393 955 2446 coronare,
980 2394 1086 2432 non
1136 2377 1366 2446 primatu
1396 2374 1632 2444 dignari,
1675 2372 1773 2428 sed

215 2472 368 2536 ιιιιιιίιε
386 2482 438 2525 et
462 2472 691 2536 ulcisci;
726 2470 815 2525 ille
841 2485 970 2527 vero
996 2479 1203 2533 contra,
1228 2469 1353 2523 dum
1380 2467 1502 2522 illos
1525 2466 1772 2529 honorat,

212 2561 321 2615 tales
348 2563 486 2631 ipsos
512 2562 709 2618 efficit.
739 2562 837 2627 Ne,
865 2575 1047 2633 quaeso
1075 2569 1129 2615 et
1154 2575 1272 2623 oro,
1303 2574 1371 2615 ne
1391 2558 1652 2628 quiSpiam
1680 2571 1777 2609 no-

212 2666 349 2709 stram
379 2655 537 2710 talem
578 2657 797 2711 emittat
835 2671 1042 2709 vocem.
1077 2654 1258 2709 Satius
1284 2652 1443 2707 fuerit
1476 2651 1775 2706 sexcenties

213 2745 379 2811 defodi,
400 2763 558 2816 quam
588 2747 765 2801 Deum
796 2762 892 2817 per
920 2762 1016 2800 nos
1044 2746 1168 2800 talia
1192 2745 1397 2803 audire.
1429 2742 1679 2797 Dicebant
1701 2739 1777 2794 illi

214 2850 256 2893 et
284 2838 436 2895 Judaei
472 2857 488 2894 :
534 2840 649 2907 Qui
688 2840 903 2894 destruis
939 2840 1215 2908 templum,
1247 2848 1293 2891 et
1329 2838 1383 2891 in
1413 2836 1570 2890 tribus
1604 2834 1778 2887 diebus

216 2932 458 2997 radiﬁcas
497 2931 661 2995 illud,
694 2931 835 2984 salva
863 2932 1210 2992 temetipsum;
1236 2937 1289 2982 et
1319 2942 1528 2982 rursum
1555 2944 1568 2980 :
1596 2926 1656 2981 Si
1684 2923 1777 2977 Fi-

215 3020 292 3074 lius
322 3018 411 3075 Dei
451 3039 534 3087 es,
570 3020 828 3076 descende
852 3021 917 3074 de
939 3036 1088 3074 cruce
1128 3018 1339 3091 (Matth.
1375 3017 1469 3072 27.
1510 3016 1626 3087 40).
1671 3014 1779 3069 Sed

218 3112 308 3167 lia-c
340 3115 437 3169 illis
481 3123 621 3169 sunt.
649 3114 918 3183 graviora.
969 3111 1047 3167 Ne
1096 3112 1276 3181 itaque
1325 3124 1422 3179 per
1476 3123 1575 3163 nos
1622 3108 1781 3162 liceat

218 3203 359 3272 ipsum
397 3206 498 3260 dici
532 3204 835 3274 iniquitatis
864 3203 1138 3258 doctorem
1161 3242 1176 3266 ,
1209 3216 1384 3271 neque
1412 3215 1479 3254 ex
1512 3200 1643 3269 ipsis
1664 3198 1781 3252 hla-

219 3296 440 3363 spherniis
468 3296 745 3367 supplicio
772 3294 994 3349 obnoxii
1016 3292 1317 3348 efficiamur
1346 3292 1492 3362 (nam
1522 3292 1616 3349 ait,
1650 3288 1784 3343 Pro-

220 3396 306 3453 pter
336 3404 413 3442 eos
438 3406 633 3442 nomen
659 3403 827 3441 meum
852 3388 1232 3457 blasphematur
1266 3386 1320 3437 in
1345 3384 1573 3453 gentibus
1604 3381 1779 3454 “iam.

219 3478 398 3553 λειω
429 3499 441 3533 :
469 3481 676 3535 demus
704 3494 953 3549 operam,
986 3488 1043 3532 ut
1086 3475 1353 3533 contraria
1395 3474 1666 3534 dicantur,
1697 3471 1782 3525 di-

220 3587 346 3638 gnam
383 3575 676 3628 vocatione
717 3582 897 3625 nostra
930 3571 1087 3624 vitam
1118 3568 1397 3632 ducentes,
1434 3576 1487 3620 et
1511 3566 1576 3620 ad
1609 3563 1785 3632 bapti-

220 3679 310 3717 sma
334 3666 651 3736 adoptionis
688 3662 1024 3717 accedentes.
1063 3660 1198 3713 Vere
1230 3674 1461 3728 namque
1487 3672 1674 3725 tnagua
1702 3663 1788 3710 est

222 3758 283 3809 vis
304 3757 562 3825 baptismi,
592 3771 719 3825 quae
739 3755 863 3809 doni
887 3762 1165 3807 consortes
1185 3752 1321 3804 alios
1344 3766 1409 3803 ex
1439 3748 1557 3802 aliis
1580 3745 1745 3823 efficit
1768 3760 1783 3798 :

221 3848 464 3903 uiuit-sinit
510 3848 769 3901 homines
797 3859 921 3899 esse
965 3842 1231 3895 homines.
1278 3840 1419 3901 Fac,
1472 3846 1530 3891 ιιι
1572 3835 1788 3907 gentilis

220 3941 375 3996 credat
401 3956 661 4011 magnam
687 3953 808 3993 esse
832 3938 1061 4005 Spiritus
1089 3936 1358 3995 virtutem,
1385 3947 1504 4001 qua:
1532 3928 1785 3983 transfor-

220 4043 324 4092 tuet,
344 4050 460 4103 qua:
492 4043 571 4087 ιη
585 4040 848 4086 nsmutet.
875 4027 982 4083 Cur
1002 4037 1273 4082 extremos
1294 4024 1490 4077 halitus
1510 4030 1791 4089 exspectas

220 4132 266 4175 It
302 4124 565 4194 fugitivus,
625 4132 684 4176 ut
721 4121 1034 4183 sceleratus,
1081 4127 1137 4172 ut
1174 4118 1266 4187 qui
1308 4129 1413 4169 non
1452 4112 1651 4167 debeas
1680 4108 1792 4165 Deo

220 4215 412 4270 virere?
437 4231 537 4269 cur
567 4216 646 4267 ita
675 4211 897 4265 affectus
927 4225 1006 4272 es,
1037 4224 1101 4262 ac
1130 4208 1174 4260 si
1204 4205 1553 4259 inhumanum
1584 4208 1639 4255 et
1665 4214 1790 4254 cru-

220 4308 367 4362 delent
389 4309 630 4363 haberes
658 4304 986 4359 Dominum?
1016 4299 1143 4370 quid
1169 4297 1410 4369 frigidius
1430 4336 1446 4360 ,
1474 4294 1597 4364 quid
1631 4293 1794 4346 mise-

222 4400 417 4453 rabilius
463 4400 567 4465 iis,
616 4396 707 4466 qui
751 4404 877 4448 tunc
909 4393 1169 4462 baptisma
1208 4387 1521 4458 accipiunt?
1550 4386 1794 4440 Amicum

221 4498 266 4541 te
300 4488 418 4543 fecit
454 4488 631 4551 Deus,
671 4498 725 4539 et
767 4483 1018 4537 omnibus
1044 4481 1291 4551 dignatus
1319 4488 1401 4532 est
1432 4478 1605 4540 bonis,
1648 4484 1706 4528 ut
1742 4483 1798 4528 et

222 4579 415 4650 ipse“,
442 4596 569 4651 qua
599 4578 757 4632 amici
784 4586 930 4640 sunt,
953 4574 1228 4629 exhibeas.
1258 4572 1350 4627 Dic
1371 4570 1523 4635 mihi,
1546 4570 1590 4624 si
1613 4583 1800 4639 quem-

224 4672 342 4737 piant
383 4672 603 4741 injuriis
640 4680 695 4723 et
735 4667 944 4736 probris
972 4665 1244 4719 affecisses
1271 4662 1643 4730 sexcentisque
1669 4673 1798 4713 cou-

224 4761 356 4816 rietis
380 4776 699 4827 ouerasses,
728 4768 785 4814 et
814 4760 865 4812 in
895 4774 1084 4811 manus
1122 4756 1239 4822 ejus
1265 4753 1586 4808 incidentem
1632 4763 1681 4805 te
1711 4750 1801 4804 ille

226 4852 440 4907 vicissim
490 4854 811 4911 lionoraret,
859 4860 914 4903 et
958 4858 1187 4901 suorum“
1224 4846 1461 4899 cuiuium
1492 4852 1799 4897 consortem

226 4941 429 5008 faceret,
458 4952 517 4997 et
545 4944 688 4996 inter
715 4943 916 4994 amicos
948 4955 1044 5008 pro
1070 4938 1232 4992 illatis
1259 4934 1465 5003 iniuriis
1493 4943 1543 4988 te
1569 4948 1802 4989 corona-

230 5044 317 5096 rct,
346 5044 505 5103 teque
538 5042 597 5086 ut
624 5048 941 5103 germanum
970 5029 1137 5084 lilium
1176 5028 1371 5081 habere
1395 5027 1617 5090 diceret,
1648 5024 1805 5078 dein-

231 5120 385 5190 deque
413 5123 597 5176 subito
636 5134 937 5176 moreretur
970 5138 984 5173 :
1013 5135 1190 5173 annon
1221 5118 1473 5172 damnum
1520 5116 1646 5170 illud
1685 5129 1807 5170 esse

231 5215 553 5268 existimares
573 5214 598 5266 ?
626 5228 805 5267 annon
837 5214 1065 5274 diceres,
1104 5210 1304 5265 Vellem
1337 5210 1485 5263 illum
1514 5209 1721 5272 vivere,
1752 5215 1810 5259 ut

235 5322 426 5372 litassent
476 5309 651 5362 vicem
702 5307 930 5362 reddere
976 5322 1040 5360 ac
1083 5305 1399 5374 rependere,
1453 5318 1519 5357 ue
1572 5303 1810 5371 ingratus

233 5413 344 5468 erga
386 5400 791 5456 benefactorum
834 5399 1093 5454 viderer?
1120 5397 1235 5452 Jam
1267 5398 1345 5451 sic
1379 5411 1504 5466 erga
1538 5394 1808 5448 hominem

232 5490 442 5546 eiectus
479 5507 583 5557 es;
614 5501 669 5547 et
704 5507 826 5547 cum
858 5492 926 5545 de
958 5492 1065 5546 Deo
1091 5491 1286 5560 agitur,
1331 5489 1400 5541 ita
1431 5485 1695 5542 decedere
1721 5499 1815 5538 cu-

234 5596 332 5643 ras,
379 5594 437 5638 ut
468 5595 548 5638 tot
586 5600 869 5641 munerum
914 5583 1087 5639 datori
1133 5585 1303 5638 vicem
1354 5598 1459 5637 non
1507 5579 1812 5651 rependas?

235 5674 361 5739 Quin
404 5676 583 5745 petitis
614 5687 735 5731 tunc
762 5675 981 5742 accede,
1024 5692 1142 5731 cum
1188 5686 1342 5747 potes
1382 5674 1523 5745 paria
1567 5670 1811 5728 reddere.

1870 350 1978 405 Cur
2004 350 2181 422 fugis?
2219 356 2410 426 Etiam,
2439 362 2683 431 inquies;
2716 368 2809 423 sed
2833 386 2939 426 non
2969 388 3183 444 possum
3209 397 3295 436 me
3318 397 3453 438 cou-

1871 444 2061 499 tinere.
2090 447 2231 518 Ergo
2262 451 2608 521 irnpuSsibilia
2638 466 2885 533 prtecepit
2916 466 3089 523 Dens?
3117 470 3254 528 Hinc
3274 479 3452 531 omnia

1869 538 2124 594 subversa
2151 552 2295 611 sunt,
2320 544 2444 602 hinc
2468 551 2696 607 mundus
2721 569 3003 627 corruptus
3024 572 3125 627 est,
3148 566 3269 633 quia
3296 583 3456 623 nemo

1882 640 2021 683 :nrat
2057 636 2348 689 secundum
2382 638 2545 693 Deum
2586 644 2785 700 vivere.
2814 649 3189 709 Catecbnmeui
3226 657 3327 713 hoc
3361 674 3457 714 cu-

1872 732 2052 776 rantes
2078 764 2093 787 ,
2128 725 2330 780 nullam
2372 729 2439 783 de
2470 718 2612 786 recta
2647 736 2748 790 vita
2788 737 2985 794 habent
3010 744 3453 815 sollicitudinem;

1872 816 1960 880 qui
1990 830 2116 869 vero
2142 816 2249 885 jam
2280 833 2403 874 sunt
2430 823 2732 891 illuminati,
2762 828 2950 885 horum
2981 834 3092 898 alii,
3124 839 3243 906 quia
3282 840 3456 897 adhuc

1872 916 1991 999 eunt
2039 908 2187 999 pueri
2238 921 2419 964 essent
2466 913 2727 982 baptisma
2774 934 3125 990 acceperunt;
3166 928 3290 992 alii,
3333 932 3454 999 quia

1872 991 2188 1051 differebant
2218 1008 2271 1052 et
2300 1000 2353 1053 in
2379 1003 2568 1057 morbo
2599 1006 2812 1062 demum
2860 1009 2912 1064 id
2952 991 3303 1083 acceperunt,
3334 991 3454 1085 quia

1874 1086 2077 1140 nullum
2109 1087 2377 1146 habebant
2415 1096 2648 1151 studium
2679 1099 2891 1155 vivendi
2923 1105 3219 1160 secundum
3249 1108 3415 1163 Deum
3438 1153 3452 1172 ,

1874 1191 2047 1245 neque
2098 1178 2153 1233 hi
2196 1181 2421 1237 studiosi
2470 1197 2630 1253 sunt;
2676 1191 2765 1258 qui
2814 1202 2990 1246 autem
3034 1196 3175 1251 bene
3223 1199 3458 1255 valentes

1871 1280 2215 1337 acceperunt,
2250 1287 2433 1341 parum
2462 1287 2515 1330 et
2542 1278 2643 1346 ipsi
2688 1280 2849 1334 studii
2888 1282 3162 1349 exhibent,
3195 1297 3248 1341 et
3278 1290 3457 1343 statim

1872 1360 2122 1416 ardentes
2156 1363 2364 1432 effecti,
2399 1378 2579 1435 postea
2624 1378 2678 1424 et
2724 1372 2820 1440 ipsi
2864 1374 3037 1443 ignem
3065 1378 3455 1433 exstinxeruut.

1872 1453 2066 1507 Annon
2098 1464 2248 1522 potes
2278 1460 2579 1526 negotiari?
2602 1476 2669 1515 an
2697 1462 2766 1516 ab
2788 1479 2955 1518 uxore
2983 1476 3033 1519 te
3057 1468 3274 1535 separo?
3296 1472 3335 1521 A
3361 1469 3461 1521 for-

1874 1545 2139 1600 nicatione
2161 1547 2399 1605 seclude.
2428 1550 2561 1605 Num
2589 1568 2618 1605 a
2646 1556 2991 1622 pecuniarum
3022 1572 3117 1611 usu
3143 1560 3345 1612 arceo?
3377 1561 3460 1614 Ab

1874 1638 2094 1692 avaritia
2142 1648 2343 1694 tantum
2393 1653 2448 1697 et
2488 1646 2694 1712 rapina.
2738 1647 2873 1701 Num
2902 1664 3037 1719 cogo
3066 1660 3134 1713 te,
3183 1662 3239 1705 ut
3279 1652 3455 1706 omnia

1875 1727 2157 1784 eﬂ‘undas?
2186 1731 2360 1787 Pauca
2392 1743 2595 1789 tantum
2636 1753 2700 1791 ex
2742 1737 3083 1795 facultatibus
3117 1741 3300 1811 egenis
3340 1759 3460 1798 ero—

1875 1835 1999 1889 gare
2021 1821 2187 1890 jubeo
2217 1823 2565 1891 (Abundantia
2593 1839 2777 1895 vestra,
2806 1831 2995 1901 inquit,
3017 1832 3087 1884 ad
3129 1832 3335 1887 illorum
3378 1837 3459 1889 in-

1874 1912 2042 1979 epiam
2064 1912 2138 1984 [2.
2164 1914 2279 1968 Cor.
2300 1916 2354 1971 8.
2384 1917 2589 1991 14]):ac
2609 1937 2782 1989 neque
2809 1924 2876 1975 ita
2900 1926 3300 1992 persuademus.
3325 1926 3459 1982 Num

1875 2004 1939 2058 ad
1963 2004 2308 2075 jejunaudum
2338 2013 2624 2080 cogimus?
2650 2014 2972 2070 Ebrietatem
3002 2028 3055 2071 et
3091 2020 3267 2087 gulam
3314 2019 3463 2074 cohi-

1876 2096 2083 2152 bentus.
2131 2100 2220 2153 llla
2265 2114 2602 2171 amputamus
2643 2123 2762 2175 quae
2794 2109 2883 2160 tibi
2918 2110 3295 2177 turpitudinem
3334 2112 3464 2166 all'e-

1875 2200 2001 2243 runt
2025 2207 2038 2244 :
2061 2207 2180 2259 qua:
2198 2193 2282 2246 vel
2297 2204 2420 2247 ante
2443 2195 2741 2265 gehennam
2766 2197 3009 2266 fugienda
3022 2201 3208 2255 etodio
3221 2202 3460 2256 habenda

1875 2293 1996 2333 esse
2036 2288 2087 2333 tu
2136 2281 2250 2349 ipse
2286 2283 2487 2339 fateris.
2525 2285 2661 2341 Num
2699 2288 2767 2342 ab
2802 2290 3156 2346 oblectatione
3182 2301 3236 2346 et
3267 2292 3464 2362 gaudio

1876 2372 2068 2423 arceo?
2090 2374 2129 2422 Α
2156 2374 2292 2441 turpi
2315 2385 2462 2428 certe
2492 2385 2544 2429 et
2566 2376 2799 2447 indigno.

1948 2463 2003 2515 4.
2044 2462 2180 2528 Quid
2222 2464 2423 2519 times?
2448 2467 2574 2536 quid
2602 2466 2901 2523 formidas?
2930 2469 3069 2537 Quid
3111 2472 3330 2527 tremis?
3357 2472 3460 2531 Ubi

1878 2556 2228 2622 conuuhium,
2257 2557 2343 2612 ubi
2380 2572 2540 2628 opum
2570 2559 2814 2626 facultas,
2846 2561 2933 2615 tibi
2963 2562 3270 2619 moderatus
3290 2564 3463 2629 cibus,

1880 2662 1998 2715 qure
2024 2648 2227 2716 peccati
2253 2651 2463 2703 occasio
2493 2651 2609 2704 est?
2642 2652 2802 2722 Atqui
2841 2655 3009 2708 exteri
3052 2657 3317 2709 contraria
3363 2657 3466 2710 im-

1883 2748 2093 2807 perant,
2125 2750 2179 2793 et
2205 2739 2334 2808 ipsis
2364 2742 2783 2810 obtemperatur.
2812 2743 2925 2797 Non
2954 2746 3096 2798 enim
3136 2762 3200 2800 ex
3229 2748 3314 2811 iis,
3347 2763 3467 2817 qua:

1881 2840 2172 2902 suppetunt
2193 2873 2209 2899 ,
2249 2835 2502 2902 exigunt;
2545 2835 2639 2889 sed
2668 2835 2872 2901 dicunt,
2899 2836 3125 2892 Tantum
3155 2841 3283 2893 dare
3307 2854 3469 2908 opor-

1884 2935 1959 2978 tet
2001 2942 2015 2977 :
2057 2925 2104 2978 si
2147 2936 2509 2995 paupertatem
2538 2927 2817 2993 obtendas,
2860 2944 3035 2997 neque
3076 2931 3155 2985 sic
3182 2932 3467 2988 desistunt.

1882 3016 2130 3073 Christus
2154 3028 2331 3073 autem
2362 3034 2466 3072 non
2510 3020 2626 3082 sic;
2655 3020 2750 3075 sed
2793 3022 2887 3087 ait,
2930 3020 3012 3074 Ex
3052 3022 3118 3077 iis
3156 3038 3276 3093 qua:
3304 3023 3471 3081 habes

1884 3109 2032 3174 dato,
2060 3118 2219 3178 teque
2250 3110 2300 3163 in
2328 3111 2502 3179 primo
2526 3110 2716 3166 ordine
2736 3113 3077 3167 constituam.
3112 3114 3339 3169 Rursum
3367 3116 3468 3183 illi,

1886 3198 1940 3253 Si
1971 3200 2073 3265 vis,
2104 3202 2274 3263 aiunt,
2307 3201 2486 3255 clarus
2512 3214 2653 3264 esse,
2684 3201 2929 3271 relinque
2958 3210 3184 3272 patrem,
3222 3214 3468 3271 matrem,

1884 3302 2161 3360 cognatos,
2193 3290 2541 3359 domesticos,
2580 3301 2635 3346 et
2668 3292 2720 3347 in
2750 3295 2891 3361 regia
2923 3294 3131 3360 adesto,
3165 3296 3217 3350 in
3249 3296 3430 3352 labore
3450 3339 3466 3361 ,

1887 3386 2127 3447 miseria,
2150 3387 2427 3450 servitute,
2447 3388 2703 3441 aerumnis
2717 3389 3092 3460 sexcentisque
3112 3390 3268 3444 malis
3292 3408 3305 3444 :
3326 3389 3473 3446 Chri-

1887 3487 2002 3530 stus
2028 3492 2155 3531 vero
2179 3492 2283 3532 non
2311 3477 2405 3543 sic,
2436 3479 2529 3533 sed
2547 3520 2563 3544 ,
2587 3478 2716 3533 Esto
2744 3479 2887 3534 domi
2914 3495 3036 3536 cum
3066 3496 3231 3536 uxore
3256 3490 3310 3536 et
3335 3481 3473 3542 libe-

1888 3568 1986 3631 ris,
2010 3578 2060 3622 et
2086 3568 2164 3622 sic
2219 3578 2306 3623 tua
2354 3570 2600 3639 diSpone,
2642 3579 2701 3624 ut
2737 3572 2917 3641 quiete
2962 3582 3011 3626 et
3063 3573 3180 3626 sine
3224 3572 3477 3641 periculis

1891 3660 2055 3714 vivas.
2086 3661 2280 3728 Etiam,
2304 3662 2533 3732 inquies,
2560 3663 2655 3718 sed
2686 3664 2777 3718 ille
2808 3679 2939 3733 opes
2964 3663 3291 3734 pollicetur?
3316 3664 3475 3734 Atqui

1893 3751 1980 3806 hic
2020 3767 2239 3821 regnum
2288 3754 2567 3821 promittit,
2618 3754 2727 3809 imo
2771 3764 2826 3809 et
2868 3771 2996 3825 opes
3037 3770 3157 3810 cum
3187 3756 3277 3809 illo
3304 3772 3319 3812 :
3351 3771 3477 3810 nam

1891 3843 1965 3897 ait
1995 3860 2008 3897 :
2044 3843 2265 3907 Quterite
2307 3844 2525 3913 primum
2554 3860 2765 3914 regnum
2791 3846 3029 3899 caelorum
3052 3886 3068 3910 ,
3096 3854 3145 3898 et
3173 3846 3281 3899 Ittzc
3308 3846 3479 3898 omnia

1893 3935 2199 4003 adﬁcientur
2231 3935 2367 3988 vobis
2395 3935 2414 4005 (
2440 3934 2625 3987 Matth.
2658 3935 2711 3989 ϐ.
2749 3936 2879 4005 55).
2911 3937 3000 3990 Ille
3030 3954 3097 3991 ne
3128 3938 3179 3990 in
3207 3937 3479 4005 augmenti

1893 4024 2107 4094 quidem
2139 4034 2379 4094 partem,
2423 4025 2508 4079 hic
2547 4040 2673 4079 vero
2712 4024 3111 4079 antecedenter.
3151 4024 3341 4077 Junior
3380 4026 3477 4093 fui,

1896 4117 2097 4187 inquit;
2130 4117 2311 4171 etenim
2348 4118 2489 4171 senui
2515 4133 2535 4171 :
2562 4126 2607 4171 et
2637 4133 2737 4170 non
2774 4116 2879 4169 ridi
2912 4117 3108 4184 justum
3146 4115 3438 4170 derelictum
3461 4155 3478 4177 .

1898 4227 1989 4265 nec
2016 4226 2182 4265 semen
2205 4211 2316 4280 ejus
2343 4226 2572 4280 quaerens
2599 4224 2778 4279 panem
2800 4206 2969 4279 (Psal.
2999 4208 3086 4262 56.
3113 4207 3227 4279 25).
3260 4207 3484 4277 Incipia-

1900 4317 2020 4357 mus
2047 4318 2179 4373 ergo
2209 4301 2433 4357 virtutes
2464 4300 2633 4365 adire,
2666 4300 2871 4353 initium
2902 4312 3190 4367 ponamus,
3227 4299 3367 4353 illam
3392 4314 3484 4353 so-

1899 4393 2003 4447 lam
2034 4392 2408 4462 suscipiamus,
2437 4399 2492 4446 et
2519 4389 2724 4444 videbis
2748 4389 2923 4459 qualia
2947 4389 3106 4443 bona.
3127 4387 3262 4443 Num
3284 4388 3486 4458 absque

1902 4483 2086 4538 labore
2114 4482 2201 4537 illa
2228 4482 2467 4551 operaris
2487 4523 2502 4547 ,
2543 4482 2632 4552 qui
2662 4481 2714 4535 in
2742 4481 2824 4535 his
2863 4481 2932 4533 ita
2964 4479 3139 4534 mollis
3166 4479 3264 4535 es?
3290 4478 3485 4543 Etiam,

1904 4560 2132 4643 inquies,
2162 4572 2248 4626 illa
2272 4572 2389 4627 sine
2413 4571 2612 4637 labore,
2638 4572 2752 4625 hinc
2769 4585 2890 4625 cum
2913 4571 3115 4625 labore.
3140 4571 3357 4638 Apage:
3382 4583 3487 4623 non

1904 4666 1975 4719 ita
2008 4680 2095 4720 res
2124 4674 2227 4731 est,
2258 4680 2363 4718 non
2393 4665 2465 4719 ita
2495 4665 2715 4735 utique;
2744 4663 2840 4718 sed
2864 4663 2907 4717 si
2937 4678 3065 4717 vere
3088 4662 3331 4716 dicamus
3353 4701 3369 4726 ,
3404 4660 3491 4714 illa

1904 4772 2024 4810 cuiu
2054 4755 2237 4809 labore
2266 4763 2322 4809 et
2346 4753 2546 4809 sudore
2574 4753 2797 4822 majori;
2826 4752 2942 4807 haec
2967 4767 3127 4816 vero,
3158 4751 3202 4804 si
3229 4749 3454 4805 velimus
3474 4788 3491 4813 ,

1906 4846 2059 4901 facile
2088 4846 2454 4915 perficiuntur.

1978 4936 2243 5005 Baptisma
2269 4954 2369 4990 non
2396 4934 2751 5001 ili/ferendum.
2784 4964 2854 4974 —
2882 4933 2959 4988 Ne
2988 4934 3307 4998 resiliamus,
3337 4946 3492 5001 rogo,

1908 5045 1937 5083 a
1963 5030 2156 5084 divinis
2189 5028 2479 5099 mysteriis.
2516 5027 2593 5082 Ne
2623 5027 2673 5081 id
2713 5034 2942 5094 spectes,
2973 5024 3115 5094 quod
3156 5026 3221 5091 is,
3250 5024 3339 5095 qui
3368 5033 3494 5077 ante

1913 5131 1963 5174 te
1995 5120 2326 5174 illuminatus
2352 5128 2457 5187 est,
2494 5117 2769 5188 improbus
2794 5117 2863 5170 sit
2888 5115 3107 5171 eﬂ‘ectus
3136 5128 3190 5170 et
3217 5132 3246 5170 ιι
3274 5131 3372 5186 spe
3400 5130 3495 5171 sua

1912 5211 2192 5278 exciderit,
2229 5228 2330 5266 neu
2363 5221 2413 5266 te
2441 5212 2556 5279 ipso
2584 5210 2798 5280 segnior
2827 5208 2944 5263 fias.
2976 5208 3108 5263 Nam
3136 5210 3277 5265 inter
3303 5211 3501 5267 milites

1916 5304 2160 5358 videmus
2206 5301 2357 5368 alios,
2402 5304 2493 5372 qui
2537 5315 2641 5355 non
2683 5310 2901 5356 strenue
2942 5299 3124 5355 militia
3169 5301 3496 5373 funguntur,

1917 5395 2051 5447 alios
2081 5404 2258 5448 autem
2290 5395 2648 5462 conspicuos;
2696 5408 2868 5463 neque
2900 5392 3104 5463 ignavis
3128 5394 3233 5448 illis
3266 5393 3497 5449 attendi-

1919 5501 2058 5553 mus,
2094 5486 2187 5542 sed
2220 5486 2506 5556 pra-claros
2531 5487 2866 5541 :emulamnr.
2916 5486 2999 5541 Ad
3044 5484 3159 5540 lure
3198 5485 3497 5545 considera,

1919 5590 2047 5648 quot
2079 5590 2196 5651 post
2228 5580 2486 5649 baptisma
2528 5580 2705 5650 angeli
2751 5596 2847 5652 pro
2882 5579 3187 5633 hominibus
3224 5576 3342 5629 facti
3369 5574 3495 5626 sint.

1919 5669 2075 5727 Time
2102 5672 2359 5727 incertam
2389 5671 2552 5728 futuri
2581 5672 2961 5729 conditionem.
2996 5668 3063 5725 Ut
3105 5667 3189 5722 fur
3213 5672 3391 5727 noctu,
3421 5661 3501 5717 sic
