4032 6212
478 254 581 308 185

474 381 620 417 mors
646 364 821 416 veniet
842 360 915 431 (2.
946 358 1087 413 Petr.
1115 358 1169 412 5.
1204 357 1326 423 10);
1352 372 1523 425 neque
1553 356 1725 410 solum
1752 363 1810 407 ttt
1839 355 1943 413 fur,
1966 351 2061 405 sed

474 458 627 510 nobis
657 453 1045 508 dormientibus
1078 450 1311 513 invadet,
1341 458 1397 504 et
1445 448 1777 517 negligentes
1807 445 2060 513 abripiet.

480 549 605 603 Ideo
634 549 774 601 Deus
811 545 1045 599 futurum
1079 543 1295 611 reliquit
1334 542 1617 602 incertum,
1661 547 1716 593 ut
1742 553 1956 606 semper
1994 537 2065 589 ob

479 641 738 695 incertam
762 636 1213 704 exspectationem
1244 634 1293 687 in
1315 634 1509 686 virtute
1525 631 1797 699 degamus.
1814 628 1918 683 Sed
1949 629 2061 683 cle-

479 744 630 782 mens
655 736 759 792 est,
794 727 1020 794 inquies.
1055 725 1343 793 Quousque
1364 722 1609 793 frigidum
1638 720 1762 776 illud
1790 730 1839 775 et
1871 719 2067 774 ridicu-

479 820 587 871 lum
628 817 827 869 dictttm
876 814 1240 882 proferemus?
1288 813 1397 880 Ego
1436 827 1540 864 non
1580 811 1739 864 modo
1779 810 2063 879 benignum

481 924 601 963 esse
629 909 793 961 Detnn
829 907 970 967 dico,
1000 906 1091 959 sed
1129 913 1181 957 et
1214 903 1339 957 nihil
1368 918 1489 957 esse
1519 902 1608 956 illo
1641 893 1941 971 benignius,
1974 900 2063 969 qui

482 998 682 1050 utiliter
704 996 880 1048 omnia
915 1004 1093 1049 nostra
1126 995 1420 1062 dispenset.
1466 992 1607 1059 Quot
1642 993 1790 1046 vides
1821 991 2067 1046 homines

483 1105 577 1157 per
606 1103 819 1140 omnem
861 1098 1070 1139 :etatem
1116 1085 1465 1154 elephantiasi
1518 1085 1859 1139 laborantes?
1883 1096 2007 1154 quot
2038 1101 2067 1139 a

482 1188 650 1247 prima
687 1188 843 1230 :etate
872 1177 937 1229 ad
969 1185 1236 1231 senectam
1268 1192 1435 1245 usque
1472 1191 1644 1230 cmcos
1667 1218 1679 1239 ,
1712 1178 1848 1231 alios
1885 1185 2067 1262 postea

481 1286 653 1324 cureos
697 1269 886 1333 factos,
917 1270 1050 1323 alios
1093 1270 1142 1321 in
1178 1278 1525 1336 paupertate,
1561 1270 1695 1321 alios
1732 1270 1783 1322 in
1821 1268 2066 1331 vinculis,

484 1361 618 1413 alios
645 1360 696 1413 in
727 1361 976 1423 metallis,
1000 1360 1137 1413 alios
1178 1360 1302 1412 inibi
1326 1360 1737 1419 contumulatos,
1768 1360 1900 1413 alios
1932 1360 2070 1414 bello

484 1452 873 1519 interemptos“!
902 1455 1320 1520 Annon,qna~so,
1356 1451 1470 1504 [nec
1498 1466 1563 1505 ex
1596 1451 1922 1520 benignitate
1950 1466 2071 1520 pro-

488 1543 833 1595 liciscuntur?
859 1558 1034 1596 annon
1060 1543 1173 1596 [nec
1202 1551 1411 1610 poterat
1432 1543 1691 1612 impedire
1716 1544 1758 1597 si
1784 1543 2071 1597 voluisset?

486 1634 578 1688 sed
609 1635 868 1702 permisit.
901 1635 1094 1689 Etiam.
1122 1634 1347 1703 inquies.
1374 1633 1452 1688 Tn
1475 1650 1602 1687 vero
1623 1634 1709 1688 die
1733 1632 1882 1697 mihi,
1906 1649 2070 1703 quare

484 1724 699 1790 quidam
733 1738 835 1777 non
865 1739 894 1777 a
925 1725 1092 1792 prima
1136 1734 1293 1778 artate
1320 1725 1489 1778 caeci?
1531 1724 1643 1779 Non
1672 1724 1871 1785 dicam,
1897 1724 2071 1778 donec

486 1814 791 1881 pollicearis
833 1815 960 1867 mihi
996 1827 1046 1870 te
1078 1816 1481 1869 illuminandum
1510 1832 1631 1870 esse
1656 1857 1681 1879 ,.
1703 1828 1757 1869 ct
1798 1816 2071 1869 illumina-

494 1912 605 1958 tum
635 1915 780 1960 recte
811 1907 969 1960 vitam
1004 1908 1366 1961 instituturttm
1399 1924 1537 1963 esse.
1578 1908 1690 1961 Non
1724 1909 1841 1962 licet
1870 1908 1960 1961 tibi
1989 1920 2071 1961 ta-

485 1993 553 2046 lia
586 1995 796 2049 solvere
823 2011 837 2050 :
869 2009 1041 2064 neque
1070 1998 1210 2050 enim
1256 1998 1541 2065 voluptatis
1567 1999 1731 2068 gratia
1762 2013 1941 2053 sermo
1965 2007 2066 2051 est.

482 2083 613 2136 Nam
642 2085 767 2139 licet
793 2085 928 2138 hanc
958 2086 1179 2150 Salvam,
1209 2088 1310 2139 alia
1336 2088 1586 2141 succedet
1611 2090 1838 2158 quaestio
1869 2107 1883 2144 :
1915 2090 2075 2160 abys-

482 2188 575 2229 sus
601 2176 742 2229 enim
771 2176 1123 2243 quastiounm
1149 2188 1227 2230 est
1247 2177 1542 2246 Scriptura.
1562 2178 1738 2244 Quare
1766 2195 1868 2233 non
1898 2179 2071 2233 solum

424 2262 435 2272 ’
484 2281 553 2318 ne.
578 2266 941 2320 assuefaciatis
963 2282 1077 2332 vos,
1113 2277 1167 2321 ut
1194 2269 1512 2324 solutioaem
1537 2271 1808 2338 qmeratis,
1835 2270 1929 2325 sed
1951 2287 2069 2324 om-

486 2358 636 2421 nino,
671 2367 726 2410 ut
758 2374 824 2412 ne
854 2362 1104 2425 quarratis
1135 2379 1145 2412 :
1179 2362 1410 2430 alioquin
1462 2378 1749 2429 numquam
1780 2362 1899 2416 linis
1929 2379 2073 2432 qua:-

482 2447 716 2499 stionunt
743 2450 863 2501 erit.
892 2449 1021 2503 Nam
1045 2452 1087 2503 si
1124 2452 1257 2505 hanc
1281 2453 1504 2513 solvam,
1522 2453 1667 2506 mille
1686 2454 2071 2522 quaestionibus

488 2536 624 2590 viam
671 2539 928 2605 aperiam.
965 2539 1116 2595 Unde
1154 2540 1422 2597 discamus
1453 2545 1621 2613 magis
1662 2546 1762 2598 hoc
1804 2561 2065 2615 qumrere,

485 2642 643 2694 quam
672 2629 893 2695 qu:csita
922 2633 1150 2684 solvere.
1182 2632 1363 2702 Neque
1389 2636 1530 2688 cnint
1562 2637 1603 2689 si
1633 2636 1919 2700 solvamus,
1955 2654 2073 2692 ont-

484 2717 613 2770 nino
639 2719 930 2784 solvimus;
958 2724 1052 2774 sed
1089 2725 1380 2778 secundum
1411 2727 1700 2780 hnmamnn
1734 2729 2067 2784 ratiocinium

484 2810 696 2877 propria
722 2812 908 2865 talium
931 2813 1125 2867 solutio
1157 2815 1287 2869 ﬁdes
1325 2828 1436 2883 est;
1478 2820 1618 2874 scire
1655 2836 1865 2890 nempe,
1905 2822 2067 2876 Deum

485 2903 662 2953 omnia
688 2902 861 2968 juste,
907 2904 1131 2973 benigne
1161 2916 1215 2960 et
1248 2909 1449 2961 utiliter
1480 2909 1675 2973 facere,
1707 2928 1879 2982 neque
1911 2928 2068 2982 posse

485 2989 604 3057 ejus
656 2993 915 3047 rationem
968 2998 1371 3067 comprehendi.
1425 3000 1550 3054 Haec
1587 3019 1688 3055 una
1729 3004 1922 3058 solutio
1959 3015 2063 3070 est,

483 3098 652 3152 neque
680 3084 781 3137 alia
815 3088 1006 3142 melior
1051 3090 1296 3150 habetur.
1328 3094 1458 3158 Qua:
1489 3095 1653 3158 enim,
1684 3110 1885 3164 quaeso,
1917 3097 2067 3150 solu-

482 3176 557 3228 tio
585 3186 665 3230 est
688 3179 711 3229 ?
735 3176 969 3233 Omnino
994 3196 1097 3234 neu
1133 3182 1265 3235 ultra
1290 3199 1532 3251 quairere
1560 3185 1630 3247 id,
1663 3186 1800 3251 quod
1830 3186 2065 3241 solutum

483 3277 587 3319 est.
617 3266 670 3320 Si
704 3268 804 3321 hoc
834 3269 926 3321 tibi
974 3272 1300 3339 persuadeas
1321 3316 1335 3338 ,
1380 3290 1571 3342 nempe
1602 3276 1929 3344 providentia
1971 3277 2064 3332 Dei

479 3355 658 3407 omnia
701 3356 1085 3418 administrari.
1131 3362 1220 3429 qui
1270 3363 1374 3415 alia
1420 3366 1675 3432 permittit
1714 3382 1815 3435 qua
1860 3367 2065 3421 ratione

478 3448 595 3516 ipse
622 3436 787 3516 novit,
817 3452 917 3506 alia
956 3462 1132 3508 autem
1178 3464 1448 3524 Operatur,
1477 3457 1545 3512 ab
1582 3459 1726 3512 omni
1767 3460 2061 3528 qumstione

1222 242 1281 298 S.
1311 238 1588 297 JOANNIS
1625 234 2097 294 CIIRYSOSTOMI
2124 233 2440 290 ARClllEP.
2481 233 3013 291 CONSTANTINOP.

3662 243 3755 299 184

2174 351 2426 406 liberatus
2455 366 2535 418 es,
2564 362 2617 405 et
2659 352 2940 408 solutionis
2976 354 3180 409 lucrum
3213 358 3519 428 percepisti.
3562 358 3666 413 Sed
3696 365 3766 414 ad

2176 442 2511 512 propositum
2542 453 2895 499 revertamur.
2927 446 3059 512 Quia
3090 448 3250 518 igitur
3273 451 3421 505 vides
3446 461 3524 505 tot
3550 454 3601 505 in
3634 468 3770 522 snp-

2175 533 2343 602 pliciis
2369 532 2508 601 esse,
2542 536 2819 607 Deumque
2862 536 2978 592 haec
3017 542 3194 595 omnia
3240 552 3591 610 permittere:
3624 550 3774 600 vale-

2174 623 2357 679 tudine
2385 627 2628 693 corporis
2656 638 2805 681 tttere
2826 629 2890 680 ad
2914 629 3108 683 anima:
3137 632 3517 686 valetudinem.
3548 633 3651 689 Sed
3678 637 3735 690 di
3753 668 3772 678 -

2172 731 2263 771 ces
2290 734 2304 768 :
2336 717 2471 783 Quid
2502 718 2629 772 mihi
2659 734 2794 787 Opus
2835 730 2917 774 est
2956 722 3227 776 laboribus
3272 732 3329 778 et
3370 726 3604 790 miseria,
3642 742 3771 782 cum

2175 808 2303 862 mihi
2332 809 2490 863 liceat
2509 810 2687 864 omnia
2716 812 2831 865 sine
2861 812 3044 867 labare
3076 815 3327 869 solvere?
3357 816 3467 870 [loc
3491 829 3635 871 certe
3655 834 3771 873 non

2176 899 2513 954 manifestum
2561 910 2665 955 est.
2714 901 2983 972 Contingit
3024 907 3166 958 enim
3208 917 3263 958 ιιι
3307 923 3411 960 non
3460 908 3620 963 modo
3658 925 3771 963 non

2174 991 2291 1043 sine
2318 989 2499 1043 labore
2521 990 2717 1056 solvas,
2752 992 2843 1045 sed
2871 995 3031 1046 etiam
3062 1003 3116 1047 ut
3140 996 3390 1051 omnibus
3416 1005 3641 1052 onustus
3663 998 3771 1052 de-

2175 1079 2354 1135 cedas.
2381 1080 2644 1135 Cteterum
2677 1083 2886 1136 etiamsi
2922 1084 3022 1137 hoc
3052 1085 3393 1139 manifestum
3426 1097 3609 1151 esset,
3655 1104 3769 1142 non

2178 1169 2427 1225 ferendus
2460 1181 2634 1226 tamen
2665 1172 2749 1227 hic
2777 1190 2957 1228 sermo
2978 1184 3141 1229 eSSt-t.
3174 1176 3227 1229 In
3249 1177 3537 1231 certamina
3564 1180 3769 1234 traxit:

2176 1277 2321 1315 arma
2365 1263 2534 1331 posita
2572 1274 2695 1317 sunt
2735 1280 2916 1320 aurea.
2963 1266 3096 1321 Cum
3132 1278 3407 1337 oporteret
3434 1272 3516 1324 illa
3550 1287 3773 1326 sumere

2176 1363 2232 1408 et
2278 1364 2527 1421 tractare,
2573 1367 2627 1410 tu
2677 1358 2755 1412 vis
2808 1358 3060 1427 inglorius
3104 1363 3329 1428 servari,
3364 1363 3598 1432 nihilque
3640 1366 3774 1420 boni

2176 1449 2409 1515 operari.
2442 1448 2536 1503 Dic
2565 1448 2715 1515 mibi,
2737 1451 2780 1505 si
2810 1451 3005 1505 bellum
3031 1454 3273 1519 instaret,
3304 1471 3503 1526 rexque
3528 1458 3768 1523 adesset,

2177 1550 2232 1594 et
2264 1542 2398 1595 alios
2437 1543 2646 1598 videres
2678 1546 2728 1597 in
2776 1546 2979 1600 medias
3023 1550 3311 1617 phalangas
3354 1565 3414 1602 se
3453 1552 3772 1619 immittere.

2177 1631 2445 1686 caedentes
2481 1642 2537 1688 et
2575 1635 2884 1689 innumeros
2911 1638 3219 1692 vulneribus
3258 1639 3572 1705 allicientes,
3602 1643 3779 1698 alios-

2178 1739 2282 1793 qne
2310 1726 2358 1777 in
2392 1726 2658 1794 singulare
2678 1738 2946 1784 certamen
2968 1731 3373 1801 descendentes,
3406 1736 3539 1790 alios
3560 1740 3775 1791 saltan-

2179 1825 2282 1881 tes,
2310 1819 2442 1870 alins
2473 1834 2641 1888 equos
2670 1822 2954 1890 agitantes,
2980 1838 3008 1875 a
3041 1839 3165 1894 rege
3194 1826 3415 1887 laudari,
3447 1829 3496 1881 in
3529 1831 3775 1884 admira-

2182 1907 2323 1962 tione
2367 1910 2569 1972 baberi,
2606 1911 2876 1978 plausibus
2907 1916 3101 1982 excipi,
3148 1918 3425 1984 coronari;
3470 1920 3603 1973 alios
3632 1936 3774 1974 con-

2182 2007 2287 2060 tra,
2318 2000 2406 2067 qui
2437 2010 2683 2069 Optarent
2712 2003 2841 2056 nihil
2877 2005 2996 2057 mali
3030 2007 3154 2073 pati,
3194 2018 3247 2060 et
3283 2009 3496 2063 ultimos
3525 2020 3774 2067 tenerent

2178 2090 2394 2145 ordines
2418 2109 2433 2147 :
2465 2092 2764 2163 deindeqne
2785 2096 2959 2149 soluto
2987 2097 3145 2163 bello,
3174 2099 3308 2153 alios
3334 2103 3531 2165 voeari,
3560 2106 3775 2173 magnis

2180 2183 2494 2235 nmneribns
2524 2183 2717 2252 excipi,
2751 2194 2803 2239 et
2832 2187 3122 2251 Celebrari;
3172 2189 3382 2244 illorum
3408 2206 3535 2246 vero
3563 2209 3628 2247 ne
3665 2210 3773 2249 no-

2178 2288 2299 2325 men
2332 2273 2547 2342 quidem
2573 2277 2817 2343 prol‘crri,
2848 2277 2940 2332 sed
2968 2296 3122 2333 unam
3149 2281 3374 2335 salutem
3404 2284 3645 2352 accipere
3672 2285 3775 2337 bn—

2179 2379 2369 2418 norum
2413 2367 2713 2421 mercedem
2747 2387 2759 2423 :
2793 2385 2862 2423 ex
2894 2379 3134 2424 utrormn
3170 2389 3394 2428 numero
3419 2390 3540 2429 esse
3566 2376 3775 2431 velles?

2179 2454 2396 2509 Etiamsi
2435 2456 2675 2525 lapideus
2698 2473 2867 2525 esses,
2901 2461 3108 2515 etiamsi
3140 2461 3537 2518 insensibililms
3578 2476 3633 2519 et
3682 2466 3774 2520 in-

2179 2546 2427 2598 animatis
2459 2547 2731 2615 ignavior;
2772 2565 2951 2605 annon
2980 2553 3177 2605 millies
3216 2566 3428 2622 optares
3459 2572 3523 2609 ex
3554 2557 3772 2611 illorum

2178 2651 2404 2690 numero
2429 2640 2591 2693 esse?
2636 2640 2804 2694 Etiam
2842 2657 2937 2695 oro
2975 2652 3028 2697 et
3057 2644 3302 2699 obsecro.
3354 2647 3571 2701 Etiamsi
3621 2652 3772 2703 enim

2178 2740 2500 2799 pugnantem
2530 2732 2722 2787 cadere
2748 2744 3041 2803 oporteret,
3066 2753 3242 2791 annon
3267 2740 3393 2794 illud
3416 2750 3630 2796 strenue
3651 2754 3775 2799 erat

2175 2823 2521 2892 eligendum?
2550 2825 2663 2879 Non
2700 2826 2851 2881 vides
2881 2843 2992 2892 eos,
3023 2830 3112 2900 qni
3157 2832 3208 2884 in
3249 2832 3329 2885 his
3361 2833 3513 2887 bellis
3543 2834 3770 2899 cadunt,

2173 2931 2332 2984 quam
2364 2916 2471 2970 sint
2498 2918 2629 2971 clari
2662 2928 2715 2973 et
2754 2920 3018 2989 gloriosi?
3053 2924 3212 2991 Atqui
3252 2934 3371 2992 post
3398 2936 3625 2981 mortem
3658 2944 3771 2984 non

2176 3016 2402 3076 possunt
2429 3024 2457 3060 a
2488 3025 2616 3079 rege
2647 3011 2919 3066 honorari.
2951 3014 3005 3068 In
3037 3016 3125 3070 illo
3150 3025 3330 3071 autem
3364 3019 3503 3072 bello
3533 3021 3662 3075 nihil
3692 3032 3774 3075 ta~

2177 3096 2248 3161 le,
2276 3098 2371 3152 sed
2401 3100 2619 3154 omnino
2646 3104 2966 3173 conspicuus
2988 3106 3116 3171 eris,
3146 3108 3188 3161 si
3217 3110 3495 3163 cicatrices
3522 3111 3725 3166 habeas
3755 3131 3773 3167 :

2171 3204 2302 3258 quas
2319 3191 2519 3245 utinam
2540 3208 2636 3247 nos
2653 3210 2840 3249 omnes
2855 3196 3111 3253 exhibere
3135 3201 3420 3267 possimus,
3440 3205 3598 3256 etiam
3614 3216 3772 3261 extra

2171 3286 2635 3351 persequutiones,
2662 3288 2711 3340 in
2734 3287 2950 3343 Christo
2975 3290 3103 3345 Jesu
3142 3292 3368 3347 Domino
3409 3304 3621 3357 nostro,
3647 3298 3772 3366 qui-

2170 3388 2289 3427 cum
2311 3374 2448 3428 Patri
2471 3386 2525 3430 et
2549 3377 2769 3446 Spiritui
2791 3391 2979 3435 sancto
3008 3382 3194 3451 gloria,
3229 3384 3535 3452 imperium,
3566 3385 3770 3455 honor,

2173 3480 2316 3519 nunc
2344 3474 2398 3519 et
2426 3481 2662 3537 semper,
2707 3478 2761 3524 et
2804 3471 2856 3523 in
2897 3473 3093 3527 stecula
3123 3474 3463 3530 szeculorum.
3497 3479 3692 3532 Amen.

1866 3668 2214 3730 HOMILIA
2249 3626 2487 3732 xxxv.

477 3816 605 3873 CAP.
638 3820 723 3873 lO.
753 3836 804 3874 v.
836 3822 926 3877 44.
952 3824 1129 3879 Adhuc
1158 3827 1387 3897 loquente
1417 3827 1571 3883 Petro
1605 3829 1752 3884 verba
1781 3831 1909 3896 lucc,
1937 3832 2066 3885 ceci-

550 3912 625 3963 dit
651 3913 878 3983 Spiritus
913 3931 1117 3972 sanctus
1152 3937 1304 3988 super
1340 3937 1515 3976 omnes
1539 3924 1625 3992 qui
1657 3924 1928 3978 audiebant
1955 3940 2065 3978 ver-

548 4005 684 4061 bum.
714 4010 803 4063 45.
837 4008 907 4063 Et
934 4011 1297 4082 obstupuerunt
1338 4032 1401 4069 ex
1444 4017 1821 4071 circumcisione
1865 4019 2059 4086 ﬁdeles,

547 4099 635 4165 qui
672 4113 906 4155 venerant
947 4119 1061 4156 cum
1099 4104 1271 4169 Petro,
1303 4109 1420 4176 quia
1449 4118 1495 4160 et
1523 4109 1575 4160 in
1616 4110 1842 4162 nationes
1872 4110 2062 4162 donum

554 4189 780 4256 Spiritus
807 4196 966 4246 sancti
991 4194 1207 4261 eﬂ'usum
1235 4208 1305 4251 est
1330 4214 1348 4250 :
1377 4200 1463 4252 46.
1493 4200 1766 4253 audiebant
1790 4201 1923 4254 enim
1946 4202 2063 4257 illos

549 4282 805 4350 loquentes
831 4287 1038 4355 linguis,
1068 4298 1113 4341 et
1142 4292 1523 4358 magniﬁcantes
1551 4291 1735 4345 Deum.

548 4373 599 4425 Ι.
651 4373 781 4426 Vide
831 4375 922 4429 Dei
968 4379 1346 4431 mcottomiam.
1397 4380 1511 4434 Non
1560 4384 1801 4451 permisit
1854 4385 2058 4439 absolvi

472 4474 796 4525 sermonem,
830 4480 1003 4533 neque
1025 4482 1089 4521 ex
1123 4478 1393 4538 prrecepto
1416 4471 1558 4526 Petri
1580 4471 1903 4542 baptismum
1918 4474 2055 4541 dari;

472 4549 564 4603 sed
597 4552 716 4620 quia
748 4566 980 4609 mentem
1010 4557 1333 4615 exhibebant
1372 4562 1690 4624 mirabilem,
1718 4574 1772 4619 et
1799 4565 2057 4621 doctrinas

473 4642 788 4711 principium
819 4660 1152 4718 acceperant,
1177 4653 1571 4723 Credebanlqne
1595 4655 1912 4724 baptismum
1937 4674 2058 4715 esse

470 4734 842 4793 remissionem
867 4754 1231 4811 peccatorum,
1265 4756 1390 4801 tunc
1415 4748 1630 4803 advenit
1659 4750 1908 4819 Spiritus.
1943 4753 2057 4808 Hoc

470 4835 647 4879 autem
678 4826 857 4893 ﬁebat,
890 4834 1011 4901 quia
1047 4835 1184 4889 Deus
1215 4838 1594 4907 pr05piciehat,
1629 4850 1685 4895 ut
1714 4842 1905 4897 Petrus
1936 4858 2053 4897 ma-

468 4930 627 4983 gnam
652 4918 1016 4977 defensionem
1051 4926 1286 4983 haberet.
1335 4929 1450 4983 Non
1490 4933 1649 4986 modo
1690 4941 1864 4989 autem
1897 4936 2056 5005 Spiri-

470 5016 580 5059 tmn
611 5012 898 5080 accipiunt,
933 5015 1027 5069 sed
1054 5017 1245 5086 linguis
1281 5020 1652 5089 loquebantur,
1683 5023 1734 5077 id
1761 5024 1905 5094 quod
1933 5041 2049 5093 eos,

468 5098 557 5165 qui
588 5115 970 5171 convenerant,
1011 5109 1387 5179 obstupefecit.
1419 5112 1528 5168 Cur
1560 5116 1628 5168 ita
1663 5131 1748 5171 res
1778 5117 2056 5188 dispensa-

469 5193 591 5242 tnr‘t
617 5192 839 5261 Propter
866 5198 1080 5254 Judaeos
1106 5223 1120 5257 :
1144 5206 1343 5259 etenim
1376 5206 1477 5261 hoc
1508 5207 1612 5262 illis
1638 5224 1885 5277 perosum
1914 5220 2049 5266 erat.

470 5278 591 5373 ideo
632 5284 825 5355 ubique
862 5304 891 5341 a
928 5291 1035 5346 Deo
1073 5302 1239 5350 totum
1269 5297 1514 5353 efficitur.
1568 5301 1630 5354 Et
1669 5302 1858 5356 Petrus
1898 5304 2048 5373 quasi

465 5368 687 5427 fortuito
714 5376 883 5443 adest,
910 5379 1111 5437 docens
1130 5394 1380 5453 oportere
1396 5389 1612 5447 demum
1638 5392 1755 5447 illos
1778 5394 1840 5447 ad
1862 5368 2050 5463 gentes

460 5464 742 5533 accedere,
770 5479 823 5523 et
852 5473 992 5540 quod
1025 5488 1243 5545 propter
1271 5495 1366 5534 eos
1394 5481 1443 5535 id
1469 5483 1579 5536 lieri
1613 5500 1706 5553 par
1725 5487 1793 5539 sit
1825 5502 1839 5539 :
1876 5503 2049 5557 neque

462 5557 697 5613 mireris.
727 5561 855 5615 Cum
886 5566 1029 5619 enim
1079 5579 1195 5636 post
1230 5579 1394 5637 tanta,
1428 5583 1482 5628 et
1510 5576 1767 5631 (IteSarea:
1797 5590 1850 5633 et
1890 5578 2044 5634 Jero-

461 5649 685 5720 solymis
711 5658 1077 5713 controversia
1107 5659 1282 5728 luerit,
1318 5663 1444 5734 quid
1477 5682 1580 5720 non
1612 5668 1806 5724 factum
1837 5671 2041 5734 luisset,

2171 3832 2217 3887 si
2259 3834 2372 3888 haec
2412 3851 2518 3889 non
2560 3837 2881 3908 subseqnuta
2909 3846 3130 3899 essent?
3160 3846 3283 3901 ldeo
3312 3847 3424 3903 hrec
3462 3848 3622 3904 modo
3651 3854 3771 3909 sin.

2170 3926 2341 3994 gulari
2372 3926 2525 3981 liunt.
2559 3927 2692 3983 Vide
2727 3940 2907 3986 autem
2948 3937 3216 4004 quomodo
3247 3938 3439 3994 Petrus
3475 3944 3771 4000 occasione

2168 4029 2385 4088 accepta
2409 4035 2469 4075 se
2496 4021 2768 4078 defendat.
2807 4027 2960 4092 Quod
2986 4040 3162 4084 autem
3206 4042 3324 4099 post
3356 4034 3495 4087 illam
3529 4039 3771 4091 occasio-

2168 4124 2293 4164 nem
2321 4113 2658 4181 respondeat,
2702 4115 2823 4171 audi
2852 4122 3229 4190 evangelistam
3260 4134 3562 4180 narrantem
3591 4139 3644 4183 et
3676 4131 3769 4185 di-

2165 4212 2376 4257 centem
2408 4221 2420 4256 :
2452 4206 2539 4259 47.
2574 4205 2715 4261 Tunc
2741 4213 3001 4279 respondit
3026 4213 3208 4269 Petrus
3241 4234 3260 4271 :
3289 4217 3551 4289 Numquid
3573 4239 3768 4288 aquam

2164 4294 2276 4361 quis
2305 4296 2568 4364 pro/libere
2589 4310 2770 4365 potest,
2814 4312 2868 4355 ut
2894 4320 2993 4356 nou
3024 4306 3339 4373 baptizeutur
3367 4312 3437 4375 lii,
3468 4313 3554 4382 qui
3578 4314 3764 4382 Spiri-

2165 4394 2271 4437 tum
2297 4397 2523 4441 sauctum
2552 4403 2872 4462 acceperunt,
2900 4396 3031 4449 sicut
3059 4407 3104 4450 et
3131 4402 3260 4454 nos?
3290 4400 3477 4457 Viden‘
3504 4420 3611 4473 quo
3639 4422 3760 4463 rem

2164 4474 2400 4543 deduxit,
2425 4487 2479 4532 et
2498 4496 2654 4550 quam
2677 4494 2898 4551 cuperet
2925 4486 3023 4541 hoc
3046 4488 3281 4545 ell‘erre?
3323 4493 3411 4547 Sic
3435 4494 3760 4563 jamdudum

2163 4565 2214 4619 in
2244 4568 2421 4620 animo
2452 4568 2700 4625 habebat.
2736 4572 2999 4646 Numquid
3027 4595 3231 4649 aquam,
3272 4582 3464 4652 inquit,
3498 4588 3610 4654 quis
3634 4605 3767 4656 pro-

2162 4658 2332 4712 bibere
2368 4664 2573 4729 potest?
2605 4665 2715 4719 [loc
2762 4667 2873 4722 fere
2904 4679 2986 4723 est
3032 4671 3357 4742 insnrgentis
3400 4676 3450 4729 in
3495 4692 3621 4739 eos.
3660 4684 3760 4749 qui

2163 4752 2529 4820 prohiberent,
2558 4772 2619 4810 ac
2646 4758 2888 4814 dicerent
2925 4761 3025 4817 hoc
3065 4780 3168 4817 non
3210 4779 3457 4834 oportere
3483 4767 3618 4823 fieri.
3646 4771 3755 4825 To.

2162 4851 2271 4896 tum
2301 4842 2492 4898 factum
2516 4858 2621 4913 est,
2654 4850 2841 4920 inquit.
2867 4854 3007 4921 quod
3032 4855 3201 4924 magis
3226 4860 3586 4915 necessarium
3611 4874 3754 4929 erat,

2158 4934 2417 5003 baptisma
2449 4954 2659 5009 nempe,
2686 4958 2793 5011 quo
2821 4959 2916 4999 nos
2949 4947 3196 5015 baptizati
3223 4964 3428 5003 smnus.
3461 4952 3550 5006 48.
3584 4952 3759 5007 Jussit

2157 5026 2272 5080 illos
2310 5027 2556 5096 baptizari
2598 5032 2652 5085 in
2681 5034 2883 5089 nomine
2908 5035 3031 5090 Jesu
3063 5038 3266 5093 Christi.
3316 5041 3601 5113 Postquam
3629 5059 3760 5101 sese

2160 5123 2420 5187 purgavit,
2471 5123 2630 5192 jussit
2674 5126 2792 5181 illos
2839 5127 3118 5198 baptizari,
3168 5132 3288 5188 illos
3332 5150 3427 5202 per
3474 5150 3559 5190 res
3606 5136 3757 5205 ipsas

2157 5210 2440 5266 instituens
2474 5232 2487 5267 :
2533 5217 2665 5271 adeo
2699 5234 2883 5285 perosa
2930 5237 3015 5274 res
3054 5231 3171 5275 erat
3199 5223 3421 5280 Jlldtl‘ls.
3454 5226 3577 5282 Ideo
3599 5228 3755 5297 prius

2154 5316 2274 5356 sese
2307 5314 2514 5372 purgat,
2547 5310 2789 5375 quamvis
2839 5327 2928 5367 res
2968 5314 3097 5381 ipsa:
3149 5316 3473 5381 clamarent,
3518 5328 3573 5374 et
3618 5329 3753 5377 tunc

2153 5399 2424 5465 praecepit.
2448 5398 2592 5453 Tunc
2606 5414 2909 5472 rogaverunt
2934 5423 3066 5473 eum,
3097 5418 3151 5460 ut
3176 5421 3397 5463 maneret
3425 5413 3615 5475 aliquot
3636 5416 3751 5469 die-

2152 5485 2259 5540 bus.
2290 5487 2421 5541 lliuc
2443 5492 2565 5558 jure
2591 5492 2679 5546 ille
2702 5507 2822 5547 cum
2843 5495 3031 5551 liducia
3056 5511 3254 5554 manet.
3284 5500 3614 5575 (Cap.H.)l.
3635 5508 3749 5557 .tu.

2150 5581 2349 5634 dierunt
2377 5594 2543 5638 autem
2584 5586 2801 5655 apostoli
2839 5598 2884 5641 et
2912 5593 3115 5661 fratres,
3148 5594 3235 5661 qui
3274 5604 3414 5648 erant
3444 5596 3495 5649 in
3529 5595 3746 5667 Judtea,

2147 5673 2385 5740 quoniam
2420 5684 2468 5730 et
2496 5686 2664 5747 gentes
2699 5690 2991 5749 receperant
3022 5684 3223 5738 verbum
3255 5684 3364 5740 Dei.
3400 5686 3454 5741 9.
3486 5686 3611 5741 Cum
3636 5706 3746 5742 au-
